3958 6338
165 422 244 486 535
1526 391 1922 466 EPISTOLiiE.

3218 395 3334 460 586-

165 543 267 595 part
291 523 376 593 τῆς
412 520 569 589 ἁγίας
592 516 884 587 καθολικῆς
918 514 1010 569 καὶ
1039 511 1401 580 ἀποστολικῆς
1441 508 1664 577 Ἐκκληο

1794 511 2011 563 :iaverat
2061 511 2324 578 :jamque
2393 509 2577 563 tabido
2627 507 2834 562 erroris
2882 521 2944 560 ac
3005 505 3321 574 ignorantia:

165 618 260 679 aia;
317 613 583 668 ἑνώσασαν
611 628 624 643 °
692 611 785 663 καὶ
838 609 941 678 ἤδη
1005 603 1406 674 καταῤῥυείσας
1458 597 1666 668 φθινάδι

166 711 272 777 νόσῳ
290 706 478 773 πλάνης
507 720 568 755 τε
601 703 696 754 καὶ
725 687 949 767 ἀγνοίας
973 697 1246 770 ῥώσασαν,
1272 693 1364 748 καὶ
1395 691 1551 761 μέλος
1581 688 1670 741 εὖ·

165 813 355 867 χρηστόν
388 793 477 846 τοῦ
517 791 699 846 κοινοῦ
731 791 830 860 τῆς
879 786 1206 856 Ἐκκλησῐας
1233 783 1482 854 σώματος
1512 795 1670 848 ποιη-

166 886 362 954 σαμένην
391 898 406 913 ο
448 881 570 936 καθ’
605 883 671 952 ἢν
709 883 738 932 ό
770 878 1014 947 εὐσεϐὴς,
1045 877 1137 954 καὶ
1161 873 1316 944 ὀρθὸς
1348 871 1441 925 καὶ
1469 867 1671 954 ἀληθὴς

166 949 238 1026 xui
287 949 530 1040 σωτήριος
580 949 679 1039 τῆς
729 949 1370 1034 ἀποστολικῆςκπὶστεως
1407 952 1672 1024 ἀκμάζων

167 1062 443 1131 κηρύττεται
494 1057 675 1125 λόγος,
727 1057 906 1108 πᾶσαν
945 1052 1094 1114 ὲντδς
1130 1045 1322 1104 ἑαυτοῦ
1354 1043 1674 1112 ποιούμενος

166 1155 240 1224 τὴν
258 1155 336 1206 ὑπ’
359 1151 602 1222 οὐρανόν·
638 1149 730 1201 καὶ
746 1146 807 1198 τδ
830 1145 1015 1197 λεῖπον
1046 1141 1132 1194 ἀεὶ
1151 1138 1228 1207 τῷ
1259 1137 1359 1207 ἥδη
1395 1133 1674 1202 συνειλημ-

171 1246 282 1314 μένῳ
304 1245 583 1314 προσάγων
613 1239 707 1293 καὶ
738 1233 1163 1307 προστιθέμενος
1183 1246 1197 1260 ο
1229 1228 1320 1282 καὶ
1349 1225 1476 1296 μίαν
1500 1224 1674 1277 ἁπάν-

169 1352 249 1388 των
281 1335 376 1395 τῷν
418 1332 525 1386 ἀπὸ
557 1328 811 1400 περάτων
852 1325 949 1394 τῆς
995 1323 1099 1392 γῆς
1129 1321 1234 1382 ἓως
1285 1318 1392 1371 τῶν
1425 1315 1699 1386 περάτωνο

175 1427 316 1495 αὐτῆς,
369 1425 463 1480 καὶ
512 1420 694 1490 ψυχὴν
745 1418 841 1471 καὶ
884 1415 1136 1483 γλῶσσαν
1178 1404 1317 1480 εἶναι
1359 1407 1570 1467 δεικνὺς
1602 1402 1678 1472 τῷ

181 1493 390 1585 meinati
422 1513 561 1566 κατὰ
593 1512 691 1580 τὴν
722 1509 975 1579 ὁμόνοιαν
1003 1504 1096 1557 καὶ
1119 1500 1432 1572 ὁμοφωνίαν
1457 1497 1557 1585 τῆς
1588 1493 1678 1547 πί-

186 1584 322 1668 στεως·
362 1603 426 1676 ἢν
466 1603 722 1673 ἀρρήτως
753 1597 819 1662 ἐξ,
841 1593 1160 1666 ἀνθρώπων,
1188 1590 1328 1660 ὑπὲρ
1351 1584 1678 1676 ἀνθρῶπων,

181 1693 264 1743 κατ’
297 1670 610 1761 ἀνθρώπους
655 1684 871 1757 ἀληθῶς
920 1678 1221 1754 προσλήψει
1261 1677 1464 1746 σαρκὸς
1505 1670 1680 1742 ψυχὴν

176 1782 352 1850 ἐχούσης
372 1781 594 1850 λογικήν
623 1794 684 1830 τε
715 1776 809 1830 καὶ
836 1772 1048 1844 νοεράν,
1077 1772 1170 1826 καὶ
1199 1768 1259 1821 οὑ
1282 1766 1458 1837 τροπῇ
1493 1762 1680 1830 θεότη-

171 1891 236 1937 τος
257 1875 521 1945 ἄνθρωπος
559 1870 872 1939 γενόμενος,
909 1863 1152 1936 δηλονότι
1188 1859 1354 1930 χωρὶς
1385 1853 1678 1945 ἁμαρτίας,

166 1967 292 2020 ὁτῶν
316 1944 606 2035 ἀνθρώπων
639 1957 966 2030 δημιουργὸς
997 1953 1091 2008 τοῦ
1133 1950 1267 2005 Θεῖιῦ
1304 1948 1494 2016 Λόγος,
1533 1944 1681 2014 ἡμᾶς

163 2059 264 2121 τοὺς
285 2057 595 2128 ἀνθρώπους
621 2049 858 2114 ἐδίδαξεν
889 2046 1171 2118 ὁμολογεῖν
1197 2041 1292 2096 καὶ
1321 2036 1676 2128 ἀσπάζεσθαι,

166 2126 412 2219 μηδεμὶας
440 2144 604 2198 αὐτοῦ
635 2135 1294 2224 καθάπαξέὰρνουμιένους
1337 2129 1497 2200 φύσιν
1549 2126 1685 2224 μετὰ

163 2218 242 2308 της,
289 2238 497 2300 ἕνωσιν,
533 2228 876 2303 ῆγουνμετὰ
903 2218 1010 2298 ’τὴν
1057 2220 1472 2292 ὲνανθρώπησιν
1495 2233 1508 2248 ·
1547 2218 1683 2308 μήτε

160 2304 240 2397 τήν
267 2327 430 2391 θείαν,
465 2323 582 2376 καθ’
615 2308 679 2394 ἢν
721 2319 851 2382 Θεὸς
891 2317 978 2370 ἀεί
1024 2325 1084 2367 τε
1125 2312 1189 2364 δι’
1229 2310 1418 2374 ἑαυτὸν
1476 2306 1570 2360 καὶ
1609 2304 1710 2397 τῷ-

164 2393 313 2488 Πατρὶ
358 2393 644 2486 όμοούσιος
684 2412 800 2471 ἐστι
849 2424 909 2462 τε
955 2405 1052 2460 καὶ
1087 2402 1373 2473 διαμένει·
1424 2400 1559 2488 μήτε

163 2484 495 2577 ἀνθρωπίνην,
539 2503 662 2557 καθ’
706 2502 771 2572 ἣν
805 2501 833 2553 ό
874 2497 1034 2559 αὐτὸς
1061 2486 1593 2562 ἄνθρωποςάληθῶς
1621 2484 1688 2536 δι’

168 2602 289 2668 ἡμᾶς
315 2601 546 2666 γέγονεν,
575 2595 652 2656 ὡς
681 2591 1081 2662 φιλάνθρωπος,
1111 2586 1204 2639 καὶ
1235 2584 1368 2653 ἡμῖν
1394 2581 1542 2631 ἐστιν
1562 2579 1691 2648 όμο-

169 2689 341 2752 οὑσιος.
369 2689 500 2743 Οὔτε
527 2687 637 2756 γὰρ
667 2684 875 2754 ἐτράπη
907 2679 1000 2734 τοῦ
1039 2681 1174 2746 ὅπερ
1207 2672 1274 2746 ἦν
1305 2689 1364 2726 τε
1394 2673 1491 2725 καὶ
1523 2671 1691 2734 ἔστιν,

174 2779 256 2828 καὶ
279 2780 346 2840 εἰς
374 2781 449 2831 ἀεὶ
477 2777 632 2829 ἔσται
675 2773 816 2837 κατὰ
857 2770 1017 2840 φύσιν
1058 2767 1189 2828 Θεός
1221 2781 1234 2794 ·
1275 2763 1397 2816 οὔτε
1445 2761 1553 2832 μὴν
1599 2759 1692 2812 τοῦ

178 2866 294 2940 ὅπερ
336 2869 540 2938 γέγονεν
587 2864 867 2935 ἄνθρωπος,
919 2859 1039 2915 καθ’
1087 2857 1280 2910 ἕνωσιν
1327 2855 1694 2940 ἀδιάσπαστον

178 2959 349 3027 σαρκὸς
384 2957 741 3030 ἐψυχωμένης
783 2955 881 3026 τὴν
928 2951 1092 3023 φύσιν
1135 2947 1454 3021 μετέϐαλεν,
1501 2939 1580 3008 εἷς
1620 2942 1695 2995 ῶν

169 3048 251 3101 καὶ
279 3053 304 3103 ὁ
325 3052 479 3115 αὐτὸς
509 3050 644 3112 Θεός
668 3065 724 3101 τε
753 3049 845 3100 καὶ
884 3032 1169 3113 ἄνθρωπος
1192 3057 1206 3072 ο
1236 3041 1297 3092 οὐ
1325 3040 1513 3109 κλήσει
1541 3035 1696 3106 μόνον

166 3140 247 3192 καὶ
282 3142 611 3212 προσηγορίᾳ
641 3138 772 3202 Θεὸς
813 3137 1077 3206 ὑπάρχων
1107 3134 1200 3184 καὶ
1230 3131 1535 3199 ἄνθρωπος,
1563 3125 1697 3180 ἀλλὰ

153 3230 423 3300 ’πράγματι
450 3232 544 3284 καὶ
575 3227 803 3298 ἀληθείᾳ
823 3225 954 3288 Θεὸς
981 3225 1074 3277 καὶ
1097 3223 1379 3300 ἄνθρωπος
1408 3220 1502 3272 καὶ
1526 3217 1700 3285 ὑπάρ-

167 3337 256 3387 χων
293 3323 514 3392 κυρίως,
559 3320 655 3372 καὶ
691 3315 907 3386 ἀληθῶς
948 3311 1361 3395 ὀνομαζόμενος.
1398 3307 1472 3360 Τὸ
1503 3307 1567 3358 ἐκ
1600 3305 1701 3373 τῆς

166 3410 384 3474 ἑνὼσεως
404 3412 461 3464 ’ἐν
491 3427 550 3463 τε
578 3411 670 3462 καὶ
700 3405 983 3479 μοναδικὸν
1014 3402 1137 3456 καθ’
1159 3401 1476 3461 ὑπόστασιν,
1501 3396 1616 3450 ἀλλ’
1639 3397 1700 3448 οὐ

163 3501 283 3554 κατὰ
319 3500 478 3568 φύσιν
515 3499 674 3574 ἔχων,
695 3496 767 3558 ὡς
808 3498 855 3548 οἱ
889 3491 1128 3562 Πατέρες
1158 3488 1204 3520 ⁸³
1239 3487 1569 3547 διδάσκουσι,
1590 3483 1705 3549 -φά-

165 3603 381 3655 σκοντες,
427 3608 445 3640 ι
479 3590 538 3641 Ei
572 3587 681 3658 γὰρ
716 3585 807 3639 καὶ
841 3584 900 3636 τὺ
935 3579 1343 3651 συναμφότερον
1375 3576 1452 3639 ἓν,
1489 3574 1602 3628 ἀλλ’
1642 3574 1703 3626 οὺ

158 3675 215 3750 τῇ
239 3683 415 3749 φύσει,
445 3683 512 3750 τῇ
545 3677 746 3746 συνόδῳ
767 3693 810 3726 ·›
842 3674 958 3727 καθ’
984 3674 1049 3743 ἢν
1079 3668 1435 3739 οἰκονομικῶς
1469 3667 1534 3720 δι’
1557 3667 1706 3736 ἡμᾶς

163 3769 223 3831 ὼς
263 3771 481 3838 ἀγαθὸς,
535 3767 786 3828 σύνθετος
835 3762 1091 3832 γενέσθαι
1148 3758 1604 3839 καταδεξάμενος,
1649 3755 1708 3806 τὸ

162 3862 285 3912 κατὰ
315 3862 476 3927 φύσιν
510 3856 734 3919 ἁπλοῦν,
767 3854 889 3907 καθ’
916 3855 981 3921 ἢν
1007 3841 1252 3919 ὁμοφυής
1282 3851 1396 3900 ἐστι
1427 3847 1503 3915 τῷ
1533 3845 1707 3914 Πατρὶ

167 3952 244 4002 καὶ
259 3951 542 4020 όμοούσιος
561 3945 826 4014 διαμένει,
847 3943 1130 4011 φυλάττων
1151 3937 1429 4007 ἁλώὸητον
1449 3936 1545 3989 καὶ
1569 3935 1708 4004 μετὰ

171 4039 244 4109 τὴν
273 4042 571 4110 σάρκωσιν.
602 4037 677 4090 Οὺ
699 4035 807 4105 γὰρ
845 4033 1043 4086 ταυτὸν
1067 4031 1255 4100 θεότης
1294 4029 1390 4080 καλ⁶
1426 4027 1708 4096 ἀνθρωπό-

175 4145 268 4196 της.
300 4133 420 4185 Κᾶν
441 4129 551 4200 γὰρ
582 4128 805 4195 γέγονεν
839 4124 1121 4195 ἄνθρωπος
1146 4125 1173 4175 ὁ
1204 4122 1296 4173 τοῦ
1337 4118 1472 4172 Θεοῦ
1516 4119 1708 4186 Λόγος,

169 4218 282 4274 ἀλλὰ
316 4223 459 4276 κατὰ
490 4217 794 4290 πρόσληψιν
817 4218 1018 4286 σαρκὸς
1045 4212 1245 4281 νοερῶς
1273 4209 1393 4264 καθ’
1415 4209 1710 4262 ὑπόστασιν

165 4313 530 4377 ἀδιασπάστως
582 4309 876 4377 ἑνωθείσης
929 4307 1077 4375 αὑτῷ
1127 4306 1351 4373 γέγονεν
1403 4303 1709 4370 ἄνθρωπος.

162 4402 243 4453 Διὸ
272 4405 364 4456 καὶ
383 4404 519 4464 Θεός
545 4403 692 4454 ἐστιν
723 4402 749 4451 ὁ
774 4397 931 4459 αὐτὸς
966 4395 1166 4467 κυρίως
1195 4396 1289 4446 καὶ
1307 4393 1611 4462 ἄνθρωπος,
1639 4392 1714 4454 ὡς

1769 600 1964 654 morbo
1994 599 2302 654 difﬂuentes
2322 610 2628 662 sanaverat,
2665 614 2728 652 ac
2746 595 3054 651 communis
3070 594 3326 648 Ecclesiae

1770 693 2024 760 corporis
2072 691 2377 745 membrum
2430 691 2564 744 utile
2604 688 2956 750 reddiderat;
3015 685 3197 752 inqua
3238 684 3325 752 pia

1771 764 2030 853 rectaque
2055 791 2109 837 et
2138 798 2266 836 vera
2294 797 2357 836 ac
2379 782 2634 836 salutaris
2653 779 2965 849 apostolicae
2995 777 3120 830 fidei
3143 775 3329 844 vigens

1772 872 2100 944 praedicatur
2147 870 2418 936 doctrina,
2468 872 2782 925 universum
2836 877 3105 922 terrarum
3139 866 3326 920 orbem

1773 966 1918 1019 intra
1976 980 2136 1017 suum
2189 979 2390 1033 cogens
2423 963 2729 1032 gremium;
2770 953 3094 1029 semperque
3119 997 3132 1021 ,
3184 955 3328 1025 quod

1746 1048 2145 1115 .desideratur,
2182 1064 2371 1104 eorum
2411 1065 2549 1118 quos
2568 1050 2676 1119 jam
2714 1049 2997 1117 complexa
3030 1054 3133 1123 est,
3165 1043 3332 1099 coetui

1774 1138 2097 1208 adjungens,
2129 1151 2403 1206 unamque
2425 1138 2671 1191 omnium
2695 1153 2723 1189 a
2751 1135 2949 1189 ﬁnibus
2978 1144 3135 1205 terra:
3161 1147 3333 1200 usque

1776 1227 1844 1281 ad
1867 1227 2002 1280 lines
2029 1228 2149 1298 ejus
2173 1227 2408 1281 animam
2459 1229 2808 1296 linguamque
2845 1226 3062 1294 spiritu,
3109 1239 3336 1279 concor-

1776 1316 2019 1392 diaﬁdej
2073 1327 2238 1385 atque
2289 1333 2561 1371 consensu
2614 1332 2736 1370 esse
2788 1315 3118 1370 ostendens:
3174 1328 3335 1381 quam

1777 1413 1973 1480 nempe
1998 1409 2164 1464 nullis
2187 1410 2372 1463 verbis
2400 1408 2713 1478 explicabili
2745 1406 2956 1461 ratione
2993 1420 3058 1460 ex
3103 1405 3339 1458 homini-

1779 1501 1882 1555 bus
1915 1498 2198 1552 hominum
2229 1513 2416 1561 causa,
2463 1497 2629 1550 simili
2661 1496 2944 1549 hominum
2984 1494 3216 1555 ratione,
3257 1507 3340 1546 as-

1781 1600 1998 1661 sumpta
2059 1605 2189 1644 vere
2236 1605 2440 1651 carne,
2497 1588 2678 1661 anima
2726 1586 2980 1641 rationali
3035 1583 3260 1654 prtedita
3285 1592 3341 1637 et

1782 1682 2144 1751 intelligente,
2181 1695 2292 1733 non
2337 1678 2558 1733 deitatis
2611 1678 2916 1731 mutatione
2960 1675 3343 1729 factus-homo

1784 1773 1957 1843 (nulla
1985 1773 2196 1827 scilicet
2224 1771 2433 1840 peccati
2463 1769 2733 1839 contagio)
2763 1768 3047 1821 hominum
3092 1766 3344 1822 conditor

1783 1866 1878 1920 Dei
1908 1865 2124 1928 Sermo,
2184 1879 2285 1918 nos
2337 1862 2589 1916 homines
2647 1860 2896 1917 conﬁteri
2951 1861 3142 1914 docuit
3181 1869 3343 1929 atque

1785 1953 2041 2023 amplecti
2092 1971 2103 2004 :
2155 1953 2235 2007 sic
2291 1953 2474 2021 plane,
2525 1960 2586 2006 ut
2637 1963 2762 2021 post
2801 1951 3062 2006 unionem
3116 1953 3200 2020 (ex
3236 1967 3343 2020 quo

1785 2045 2001 2099 scilicet
2062 2045 2226 2098 homo
2284 2044 2471 2099 l‘aetus‘
2501 2045 2663 2116 πο
2691 2039 2815 2114 'est)
2839 2053 3092 2098 neutram
3123 2043 3346 2096 omnino

1786 2141 1904 2208 ejus
1929 2148 2248 2193 naturarum
2271 2152 2532 2208 negemus
2561 2155 2574 2189 :
2600 2150 2777 2207 neque
2805 2137 3063 2200 divinam,
3099 2151 3204 2205 qua
3234 2144 3346 2188 tum

1787 2248 2004 2301 semper
2033 2242 2116 2286 est
2145 2233 2228 2285 sui
2264 2233 2458 2300 gratia,
2508 2240 2621 2284 tum
2673 2228 2823 2282 Patri
2868 2227 3352 2282 consubstantialis

1787 2331 1871 2375 est
1903 2337 1966 2375 ac
2001 2330 2221 2386 manet;
2279 2311 2471 2389 neque
2513 2333 2643 2373 vero
2702 2319 3021 2382 humanam,
3064 2333 3169 2386 qua
3207 2317 3350 2370 idem

1791 2412 1906 2480 ipse
1943 2426 2070 2465 vere
2103 2411 2275 2464 nostri
2309 2419 2473 2472 causa
2506 2410 2672 2462 homo
2733 2409 2909 2461 factus
2933 2416 3037 2470 est,
3069 2408 3218 2460 velut
3248 2408 3352 2459 hu-

1790 2501 2051 2555 manitate
2108 2501 2568 2571 propensissilmus
2638 2500 2994 2570 ejusdemque
3069 2501 3354 2554 nobiseum

1793 2591 2113 2645 substantiae
2137 2600 2239 2645 est.
2271 2591 2459 2660 Neque
2484 2588 2631 2646 enim
2675 2590 2743 2644 ab
2773 2606 2840 2645 eo
2862 2589 3009 2660 quod
3055 2601 3110 2644 et
3158 2600 3276 2644 erat
3300 2599 3357 2644 et

1793 2692 1896 2745 est,
1952 2683 2167 2750 erit-que
2217 2681 2271 2734 in
2329 2679 2722 2750 sempiternum
2749 2679 2964 2752 (nem-pe
3021 2690 3077 2734 ut
3114 2682 3182 2733 sit
3216 2682 3358 2736 Deus

1795 2769 2011 2838 natura)
2043 2778 2285 2823 mutatus
2309 2779 2432 2834 est;
2469 2784 2650 2838 neque
2683 2785 2815 2824 vero
2855 2772 2975 2840 ejus
3007 2770 3151 2839 quod
3185 2770 3358 2826 factus

1795 2871 1880 2916 est
1915 2861 2099 2933 (homo
2125 2861 2355 2932 scilicet)
2388 2877 2483 2930 per
2516 2862 2772 2916 unionem
2793 2861 3357 2924 indivulsam,anima-

1800 2962 1867 3007 ne
1893 2953 2076 3006 carnis
2104 2958 2353 3005 naturam
2388 2954 2636 3015 mutavit,
2659 2953 2753 3020 qui
2783 2967 2924 3005 unus
2948 2952 3199 3019 idemque
3218 2952 3359 3003 Deus

1800 3053 1855 3098 et
1889 3044 2054 3096 homo
2083 3043 2338 3107 exsistat;
2373 3056 2590 3111 nempe,
2649 3059 2755 3096 non
2792 3043 2904 3096 sola
2957 3042 3358 3110 nuncupatione

1725 3161 1766 3217 ο
1801 3149 1865 3188 ac
1892 3149 2030 3187 voce
2058 3142 2219 3186 tenus
2256 3134 2371 3201 ipse
2433 3134 2578 3186 Deus
2631 3149 2693 3187 ac
2729 3135 2914 3198 homo,
2943 3134 3034 3187 sed
3061 3133 3154 3201 qui
3183 3133 3358 3202 reipsa

1736 3278 1738 3280 ,
1801 3233 1856 3278 et
1885 3224 2123 3278 veritate
2151 3224 2297 3277 Deus
2329 3232 2384 3277 et
2405 3225 2567 3277 homo
2595 3232 2708 3277 tum
2739 3225 2809 3278 sit
2837 3226 3207 3293 proprie,tum
3233 3241 3360 3278 vere

1728 3373 1732 3378 ,
1801 3324 2194 3383 nuncupetur:
2233 3331 2405 3368 unum
2451 3329 2570 3369 esse
2615 3329 2679 3368 ac
2727 3314 3059 3384 singularem
3107 3328 3365 3381 persona-

1803 3409 1929 3462 liter
1957 3418 2153 3462 nactus
2185 3415 2270 3462 est
2295 3425 2360 3462 ex
2386 3409 2610 3473 unione,
2637 3423 2747 3462 non
2790 3419 3002 3463 naturae
3053 3408 3167 3476 ipsa
3203 3408 3368 3462 ratio-

1804 3516 1895 3563 ne,
1921 3500 2000 3554 uti
2025 3499 2227 3568 docent
2268 3516 2332 3555 ac
2388 3501 2689 3569 loquuntur
2726 3501 2936 3554 Patres.
2993 3520 3009 3549 ι
3046 3499 3364 3568 Quanquam

1805 3591 1949 3645 enim
1977 3591 2140 3645 etiam
2161 3597 2456 3658 utrumque
2483 3606 2673 3655 unum,
2700 3605 2809 3644 non
2841 3598 3019 3643 tamen
3035 3598 3249 3650 natura,
3272 3589 3368 3641 sed

1807 3685 1954 3737 coitu
1989 3699 2053 3737 ac
2088 3683 2515 3753 conjunctione;
2544 3701 2560 3732 ι
2596 3681 2897 3735 secundum
2933 3694 3114 3747 quam,
3151 3679 3372 3745 dispen-

1808 3773 2042 3834 satione,
2096 3773 2270 3825 nostri
2319 3785 2504 3831 eausa,
2555 3777 2614 3820 ut
2667 3769 2864 3830 bonus,
2913 3764 3366 3833 compositionem

1809 3857 2048 3919 admisit,
2105 3856 2199 3924 qui
2263 3863 2468 3908 uatum
2501 3854 2905 3922 simplicitatem
2945 3861 3002 3906 et
3053 3853 3368 3908 incarnatus

1810 3947 2072 4000 illibatam
2099 3961 2343 4009 servans,
2374 3961 2460 4009 ea,
2488 3946 2652 3998 unius
2678 3959 2802 3998 cum
2831 3944 2992 3998 Patre
3026 3952 3238 3999 natura:
3259 3960 3374 3998 ma-

1811 4049 1906 4093 net
1940 4055 2003 4092 ac
2034 4037 2307 4092 essentne.
2354 4036 2470 4094 Non
2513 4037 2657 4091 enim
2706 4038 2847 4092 idem
2911 4037 3089 4093 deitas
3125 4038 3375 4091 humani—

1813 4139 2004 4200 tasque
2051 4129 2343 4184 exsistunt.
2387 4129 2540 4183 Licet
2581 4131 2726 4183 enim
2759 4131 2856 4184 Dei
2911 4130 3151 4184 Verbum
3207 4130 3372 4183 homo

1813 4222 2015 4275 factum
2045 4228 2148 4284 est,
2187 4220 2241 4274 id
2299 4230 2477 4274 tamen
2527 4221 2712 4276 carnis
2739 4221 3115 4289 assumptione
3175 4221 3375 4273 intelli-
3463 4239 3473 4251 ·

1815 4311 2056 4380 gentium
2080 4326 2232 4366 more
2261 4312 2530 4374 animatae,
2566 4311 2840 4380 personali
2883 4312 2932 4364 ei
2974 4312 3185 4363 ratione
3235 4311 3375 4363 indi-

1817 4403 1968 4456 vulse
1999 4402 2180 4456 unitas.
2213 4402 2578 4468 Quamobrem
2620 4402 2784 4456 etiam
2838 4400 2983 4453 idem
3041 4401 3217 4467 ipsum
3246 4415 3373 4453 vere

166 4493 330 4544 ἐκεῖνο
373 4491 450 4544 ὢν
495 4490 588 4542 καὶ
625 4487 786 4539 τοῦτο
833 4490 1119 4554 γενόμενος
1145 4500 1157 4513 ·
1196 4480 1467 4534 καὶτοῦτο
1499 4482 1696 4532 κάκεῖνι

1820 4509 1882 4547 ac
1902 4493 2125 4562 proprie
2152 4493 2296 4546 Deus
2327 4503 2380 4546 et
2416 4493 2581 4546 homo
2629 4500 2711 4544 est
2741 4508 2754 4542 :
2783 4489 2926 4558 quod
2971 4490 3199 4543 alterum
3251 4506 3373 4543 cum

161 4581 412 4651 ὑπάρχων
439 4576 744 4650 ἀνελλιπῶς
770 4592 784 4604 ·
823 4577 959 4644 μήτε
986 4572 1062 4640 τῷ
1088 4572 1269 4641 ἄκρως
1313 4568 1582 4641 μοναδικῷ
1618 4570 1718 4639 τῆς

156 4671 503 4732 ὑποστάσεως
536 4669 918 4734 συγχεόμενος,
972 4662 1092 4715 καθ’
1142 4664 1206 4732 ῆν
1250 4663 1278 4714 ό
1315 4663 1414 4732 τῆς
1456 4662 1719 4729 διαφορᾶς

158 4762 433 4824 παντελῶς
485 4761 682 4814 ἄπεστι
734 4757 929 4822 λόγος·
990 4756 1124 4824 μήτε
1162 4755 1240 4824 τῷ
1282 4755 1573 4822 ἀκραιφνεῖ
1619 4753 1718 4819 τῆς

153 4855 472 4922 ἑτερότητος
499 4850 608 4901 τῶν
646 4846 703 4908 ἐξ
734 4839 808 4898 ὧν
865 4846 1160 4914 συνέστηκε
1219 4844 1433 4913 φύσεων
1481 4841 1721 4910 διαιρού-

158 4961 314 5012 μενος
353 4959 366 4970 ·
405 4941 522 4994 καθ’
557 4938 624 5009 ἣν
663 4940 688 4988 ό
718 4937 817 5006 τῆς
851 4937 1118 5007 διαφορᾶς
1163 4936 1250 4988 διὰ
1296 4934 1391 5004 τὴν
1420 4935 1612 4987 ἕνωσιν
1641 4932 1725 4985 0'3-

150 5034 336 5104 δαμῶς
364 5034 632 5103 ἀνῄρηται
663 5029 839 5097 λόγος.
870 5101 872 5103 η

219 5207 335 5277 Τῆς
373 5202 464 5259 οὖν
492 5207 756 5276 διαφορᾶς
789 5207 895 5258 τῶν
931 5205 988 5270 ἐξ
1017 5200 1088 5258 ὢν
1123 5208 1238 5260 ἐστι
1278 5209 1491 5277 φύσεων
1523 5213 1554 5273 ῤ
1595 5213 1726 5282 Χρι..

152 5299 272 5360 στος
327 5297 651 5365 ἀσυγχῦτως
701 5295 1018 5366 σωζομένης
1066 5300 1158 5348 καὶ
1193 5302 1332 5367 μετὰ
1371 5304 1470 5370 τὴν
1507 5303 1724 5372 ἕνωσιν,

145 5393 246 5444 οὐκ
279 5391 456 5452 ἐστιν,
481 5391 554 5453 ὡς
587 5387 762 5460 οἶμαι,
803 5391 1079 5453 παντελῶς
1127 5394 1152 5444 ό
1209 5393 1378 5458 δεῖξαι
1433 5399 1729 5467 δυνάμενος

148 5484 334 5552 λόγος,
373 5481 576 5535 δίκαιον
613 5479 752 5534 εἶναι
799 5483 858 5534 τὸ
897 5485 1064 5554 ποσὸν
1101 5485 1212 5536 τῶν
1261 5489 1505 5554 φυσικῶς
1546 5491 1732 5559 διαφε-

151 5577 365 5644 ρόντων
404 5575 491 5625 καὶ
519 5576 574 5625 ὲν
600 5573 824 5644 Χριστῷ
861 5574 1179 5645 σωζομένων
1214 5579 1336 5631 καθ’
1362 5579 1559 5632 ’ἐνωσιν
1580 5581 1730 5632 ἀδιά-

1820 4593 1988 4647 esset,
2018 4584 2253 4637 alterum
2287 4583 2488 4636 factum
2519 4591 2637 4646 est;
2673 4580 2886 4649 hocque
2919 4596 2982 4635 ac
3023 4581 3177 4643 illud,
3211 4582 3281 4635 ita
3320 4591 3378 4636 ut

1819 4673 1959 4727 nihil
1985 4673 2144 4736 desit,
2173 4671 2398 4739 perinde
2443 4669 2881 4738 perfectumest,
2927 4681 2987 4724 ut
3028 4686 3130 4726 nec
3160 4687 3224 4725 ex
3259 4687 3381 4740 per-

1821 4778 1951 4816 sona
1978 4777 2188 4814 summe
2218 4774 2324 4812 una
2355 4775 2415 4812 ac
2446 4760 2730 4829 singulari,
2762 4762 3064 4816 secundum
3087 4779 3246 4831 quam
3273 4763 3382 4817 dis-

1825 4851 2015 4905 tinctio
2055 4857 2130 4903 'ac
2179 4849 2468 4903 diversitas
2519 4866 2749 4918 prorsus
2801 4855 3041 4916 exsulat,
3085 4853 3382 4907 confunda-

1822 4947 1943 5003 tur;
1979 4939 2320 5005 ncque'vero
2365 4947 2711 5005 naturarum,
2767 4957 2834 4996 ex
2880 4943 3082 5012 quibus
3111 4941 3378 5004 consistit,

1821 5045 1951 5084 vera
1999 5028 2345 5091 diversitate,
2407 5030 2721 5099 dividatur;
2772 5035 3070 5087 secundum
3121 5047 3282 5100 quam
3313 5032 3382 5084 ob

1822 5115 2080 5176 unionem
2116 5119 2492 5177 distinctionis
2529 5126 2670 5178 ratio
2705 5125 2927 5179 minime
2954 5124 3170 5178 sublata
3195 5124 3284 5174 sit.

1894 5214 2029 5267 Cum
2058 5229 2187 5282 ergo
2240 5215 2587 5280 naturarum,
2626 5232 2690 5270 ex
2737 5209 2935 5286 quibus
2970 5223 3053 5268 est
3106 5215 3380 5279 Christus,

1827 5305 2133 5368 distinctio,
2159 5305 2322 5358 etiam
2350 5306 2472 5375 pust
2504 5308 2762 5361 unionem
2790 5305 2923 5359 eitra
2958 5321 3172 5359 onmem
3200 5308 3387 5360 confu-

1829 5396 2039 5448 sionem
2075 5395 2371 5450 incolumis
2417 5397 2521 5462 sit;
2549 5385 2737 5458 nulla,
2771 5391 3117 5462 ναίω-κη’ἰο
3163 5396 3387 5449 omnino

1829 5485 2013 5537 alferri
2044 5491 2242 5554 petest,
2293 5504 2391 5541 cur
2416 5504 2523 5541 non
2559 5489 2766 5556 justum
2807 5501 3092 5558 aequumve
3135 5484 3388 5538 videatur

1829 5573 2079 5632 conﬁteri
2118 5595 2308 5649 eorum
2340 5567 2729 5650 quantitatem,
2756 5595 2873 5648 qure
2912 5580 3023 5648 ipsa
3057 5587 3249 5632 natura
3277 5579 3386 5634 dis-

1447 5677 1671 5735 \'AR|AL
1705 5673 2100 5730 LECTIONES.

217 5747 265 5779 ⁸³
301 5744 470 5816 Greg.
500 5764 581 5801 or.
612 5749 700 5814 56,
734 5767 786 5821 p.
811 5752 946 5806 {582.

485 5840 748 5934 i’A'rnoe.
794 5844 838 5904 G
853 5863 910 5902 ιι.
943 5845 1090 5904 XCI.

2994 5851 3065 5906 10
