3958 6338
654 457 758 531 531

1789 455 1858 525 ‘s.
1897 463 2180 549 MAXIMI
2218 460 2717 525 CONFESSORIS

3750 450 3835 518 592
3914 486 3915 511 ι

659 578 898 655 divinius
923 586 1006 635 est
1039 592 1308 649 propense
1360 582 1774 643 transmutatur,
1833 577 1923 631 cui
1980 578 2035 632 id
2069 576 2204 634 tanti

2319 574 2662 629 ιίοθετεϊσθαι
2711 572 3155 643 καταξιούμενοςξ
3218 571 3312 627 καὶ
3336 570 3587 627 τοσοῦτόν
3632 589 3700 644 με
3755 576 3837 644 τῆς

657 670 904 724 muneris
936 669 1149 739 obtigit,
1182 675 1241 722 ut
1272 668 1328 722 in
1366 666 1539 721 filium
1573 667 1640 722 ab
1688 666 2070 721 universorum
2103 666 2205 720 Pa-

658 767 816 814 rente
889 759 1195 828 adoptetur.
1261 757 1607 827 Tantumque
1665 771 1753 811 me
1812 771 1843 811 a
1896 755 2207 809 divinorum

660 848 1008 903 decretorum
1043 848 1345 919 ignorantia
1372 847 1598 902 liberari
1656 846 1907 918 cognovi,
1940 856 2207 916 quantum
2250 876 2253 880 -

662 948 820 992 antea
855 952 1044 993 eorum
1074 937 1208 991 mihi
1240 937 1467 991 videbar
1502 937 1731 992 scientia
1770 935 1971 991 fulciri.
2006 933 2208 1005 Quam-

642 1029 851 1101 obrem
876 1026 1178 1081 admiratus
1201 1036 1348 1081 tuam
1387 1025 1443 1081 in
1474 1027 1730 1082 omnibus
1765 1024 2065 1089 solertiam,
2088 1038 2209 1079 eam
2248 1068 2249 1071 η

662 1116 1004 1172 solummodo
1030 1112 1217 1172 vocem
1252 1116 1423 1171 extuli
1454 1130 1517 1169 ac
1540 1114 1788 1175 clamavi,
1810 1130 1915 1184 qua
1936 1114 2063 1167 olim
2088 1128 2210 1167 mu-

660 1206 765 1262 lier
792 1206 1038 1276 quaedam
1067 1214 1123 1261 et
1158 1206 1274 1275 ipsa
1300 1204 1590 1259 Dominum
1626 1204 1864 1258 clamore
1895 1210 2209 1273 prosecuta,

662 1296 789 1352 dum
822 1296 967 1350 illius
993 1304 1174 1366 stupet
1205 1296 1494 1350 verborum
1520 1295 1840 1365 potentiam,
1879 1294 1987 1347 ait:
2021 1293 2212 1349 Beatus

663 1402 862 1458 venter,
898 1393 985 1463 qui
1017 1400 1063 1443 te
1096 1392 1341 1461 portavit,
1373 1381 1626 1453 etﬂubera,
1659 1402 1775 1458 qua:
1816 1387 2004 1441 auxisti
2032 1386 2074 1438 τ.
2109 1385 2215 1441 Ne-

664 1498 771 1552 que
807 1486 939 1536 v‘ero
976 1481 1151 1535 solum
1184 1488 1463 1549 parentem
1491 1488 1659 1542 tuam,
1688 1476 1999 1539 venerande
2030 1476 2212 1537 Pater,

664 1574 875 1628 beatam
909 1572 1166 1643 praedico,
1192 1585 1314 1640 quae
1340 1578 1502 1625 tanta:
1531 1568 1702 1637 prolis
1732 1567 1872 1622 eiiici
1906 1576 2080 1620 mater
2099 1580 2213 1620 me-

664 1664 875 1731 ruerit;
915 1678 1104 1718 verum
1119 1663 1280 1716 etiam
1311 1676 1432 1730 quae
1458 1659 1751 1730 concipiat,
1778 1659 2038 1728 piumque
2072 1672 2215 1712 sem-
2244 1717 2249 1720 _

665 1771 763 1824 per
790 1757 1096 1808 sermonem
1129 1759 1185 1805 et
1215 1750 1389 1819 pariat
1420 1758 1476 1804 et
1501 1749 1759 1812 enitatur,
1779 1758 2017 1804 mentem
2044 1756 2213 1814 tuam;

2304 665 2397 717 ἐπὶ
2424 668 2534 727 τοῖς
2564 665 2726 727 θείοις
2768 664 3029 734 δόγμασιν
3061 665 3280 732 ἀγνοίας
3307 663 3687 735 λυτρούμενον,
3733 664 3835 717 ὅσον
3914 648 3915 651 η

2304 754 2364 807 τὸ
2387 754 2514 824 πρὶν
2543 755 2641 824 τῆς
2670 753 2754 807 ἐπ’
2789 755 2968 817 αὐτοῖς
2992 755 3206 817 ἐδόκουν
3240 736 3554 824 ἀντέχεσθαι
3582 753 3834 822 γνώσεως.

2307 843 2398 898 Διὸ
2449 842 2734 911 θαυμάσας
2770 861 2861 897 σου
2917 843 3013 914 τὴν
3046 846 3102 898 ὲν
3152 844 3291 907 ὅλοις
3342 844 3637 914 ἀγχίνοιαν,
3692 846 3836 915 μόνην

2307 934 2524 1006 εκείνην
2578 934 2887 1004 ἀναϐοήσας
2939 934 3049 1005 τὴν
3083 936 3262 1005 φωνὴν
3305 936 3752 1007 ἀπεφθεγξάμην,
3785 938 3837 1009 ἢν

2309 1025 2473 1078 πάλαι
2507 1026 2641 1096 γυνή
2671 1012 2753 1089 τις
2786 1025 2921 1093 πρὸς
2971 1026 3061 1079 τὸν
3105 1025 3307 1098 Κύριον
3334 1028 3596 1098 κέκραγε,
3625 1028 3731 1081 τῶν
3761 1028 3837 1081 αὐ-

2308 1115 2400 1168 τοῦ
2429 1114 2685 1185 ῥημάτων
2716 1116 3130 1184 καταπλαγείσα
3176 1116 3273 1187 τὴν
3312 1117 3556 1189 δύναμιν*
3592 1118 3838 1185 Μακαρία

2313 1205 2349 1272 ἠ
2382 1206 2575 1260 κοιλία
2604 1208 2641 1273 ἠ
2671 1205 3037 1271 βαστάσασά
3074 1222 3168 1273 σε,
3213 1208 3310 1261 καὶ
3334 1207 3556 1278 μαστοὶ
3593 1209 3699 1274 οὓς
3724 1209 3836 1274 ἐθή-

2310 1298 2525 1360 λασας.
2577 1296 2651 1348 Οὐ
2702 1297 2861 1366 μόνον
2894 1296 2950 1349 δὲ
2982 1296 3090 1370 ⁸τὴν
3135 1300 3508 1372 τεκοῦσάνοσε
3552 1300 3835 1369 μακαρίζω,

2312 1384 2458 1455 τίμιε
2502 1386 2718 1456 Πάτερ,
2767 1382 2841 1451 ὡς
2893 1389 3130 1441 τοιούτου
3189 1391 3396 1460 μητέρα
3437 1391 3687 1458 γενέσθαι
3730 1408 3835 1444 κατα

2313 1475 2649 1539 αξιωθεῖσανο
2673 1477 2808 1533 ἀλλὰ
2829 1479 2921 1533 καὶ
2942 1480 3037 1550 τὴν
3059 1480 3553 1551 συλλαμϐάνουσαν,
3585 1483 3676 1535 καὶ
3701 1482 3837 1545 κύου-

2317 1581 2414 1618 σαν
2434 1567 2517 1618 ἀεὶ
2540 1566 2630 1618 τὸν
2660 1567 3025 1638 εὐσεϐἦλόγον
3054 1572 3147 1623 καὶ
3161 1572 3446 1625 τίκτουσάν
3473 1587 3564 1624 σου
3595 1572 3836 1626 διάνοιανο

2294 1645 2389 1717 ’ὡς
2427 1653 2518 1706 τοῦ
2554 1653 2693 1727 ύπὲρ
2740 1654 2898 1723 φύσιν
2938 1658 3109 1724 Λόγου
3145 1658 3287 1711 κατὰ
3312 1658 3469 1730 χάριν
3500 1658 3707 1712 κοιλίαν
3730 1661 3839 1711 ἀπο-

2316 1744 2605 1812 φανοείσαν
2628 1746 2957 1816 χωρητικὴν,
2997 1746 3085 1799 διὰ
3118 1746 3215 1818 τὴν
3239 1748 3373 1817 πρὸς
3400 1748 3562 1801 αὑτὸν
3587 1749 3677 1801 τὸν
3699 1749 3841 1815 Λόγον

668 1852 729 1897 ιιι
751 1858 869 1913 qua:
902 1857 997 1912 per
1021 1840 1248 1913 gratiam
1272 1880 1285 1903 ,
1322 1839 1603 1894 Sermonis
1642 1846 1841 1893 natura
1893 1832 2214 1907 superioris,

2319 1833 2413 1903 τῆς
2469 1834 2691 1905 γνώμης
2735 1835 3025 1888 οίκείωσιν.
3082 1837 3193 1889 Καὶ
3250 1837 3358 1907 μὴν
3403 1837 3543 1890 κατὰ
3572 1833 3728 1898 sic"
3766 1837 3839 1898 σὰς

670 1939 782 2006 ipsa
805 1934 970 1989 animi
1004 1911 1066 1987 ac
1093 1931 1388 2009 voluntatis
1433 1945 1558 1985 cum
1611 1929 1875 1986 Sermone
1916 1936 1974 1982 et
2003 1928 2213 1982 ratione

2319 1922 2516 2009 παγίας
2556 1924 2695 1989 ἕξεις
2724 1924 2818 1985 τὰς
2846 1926 2910 1977 ὲκ
2945 1925 3045 1995 τῆς
3075 1914 3177 1994 ’σῆς
3213 1925 3435 1997 καρδίας
3498 1925 3841 1994 ὲκδιδομένας,

666 2024 1094 2095 necessitudine,
1131 2020 1326 2079 uterus
1383 2036 1551 2090 capax
1602 2019 1857 2085 exsistat;
1909 2018 2084 2089 quiet
2117 2032 2216 2090 pro

667 2130 734 2171 co
766 2132 830 2171 ac
859 2116 1039 2171 cordis
1092 2115 1173 2170 tui
1204 2113 1345 2166 ﬁrmi
1393 2112 1617 2165 habitus
1665 2110 1985 2174 dilatantur,
2017 2107 2218 2178 quibus

670 2202 899 2257 uberum
930 2203 1102 2255 instar
1123 2200 1354 2254 actionis
1381 2199 1589 2269 pariter
1634 2213 1697 2252 ac
1742 2194 2217 2267 contemplationis

669 2294 823 2349 cultu
848 2292 1167 2347 Sermonem
1224 2290 1343 2356 alis,
1393 2276 1627 2359 piorum
1658 2304 1914 2344 sensuum
1942 2304 2005 2343 ac
2025 2303 2219 2343 conce—

666 2394 863 2456 ptuum
890 2383 1282 2451 modorumque
1312 2378 1840 2444 subministratione,
1889 2394 1996 2434 una
2027 2393 2217 2448 augea-

668 2483 792 2540 tur’;
822 2490 884 2528 ac
910 2478 1045 2543 (rem
1078 2473 1433 2543 inauditam!)
1459 2474 1635 2542 ipsum
1663 2489 1821 2528 suum
1843 2483 2214 2542 augmentum,

670 2565 867 2620 alentis
917 2579 1040 2617 eum
1091 2565 1291 2616 mentis
1351 2563 1753 2617 deiﬁcationem
1812 2562 2024 2617 efﬁciat.
2078 2561 2217 2628 Quid

670 2656 815 2712 enim
849 2654 997 2709 aliud
1036 2653 1102 2707 ad
1136 2663 1187 2707 te
1217 2653 1366 2722 loqui
1394 2663 1661 2723 poteram,
1690 2654 2004 2710 venerande
2034 2654 2213 2719 Pater,

669 2749 763 2820 qui
792 2748 977 2802 talium
1005 2755 1055 2800 te
1084 2728 1405 2800 Sermonum
1439 2756 1718 2815 parentem
1748 2748 1949 2803 factum
1998 2749 2215 2817 conspi-

669 2854 870 2903 cerem,
897 2837 1097 2907 quibus
1122 2837 1308 2901 fultus,
1337 2837 1491 2906 quasi
1516 2852 1584 2911 ex
1634 2846 1817 2892 monte
1840 2826 2218 2907 quodam,'su-

670 2928 822 2984 blimi
861 2927 1169 2980 divinorum
1199 2925 1552 2981 decretorum
1581 2926 1832 2991 scientia,
1870 2926 2217 2991 veluLtabu-
2258 2937 2265 2942 ’

671 3019 750 3073 las
778 3017 871 3070 Dei
902 3015 1069 3085 digito
1093 3022 1358 3078 exaratas,
1414 3015 1538 3068 novi
1579 3014 1895 3069 Mediatoris
1929 3013 2217 3083 magnique

670 3110 725 3163 in
751 3108 907 3162 nobis
929 3105 1091 3159 Mosis
1120 3119 1183 3157 ac
1212 3104 1557 3157 sacerdotum
1589 3103 1909 3169 sacerdotis,
1936 3102 2217 3172 divinique

2319 2006 2408 2074 αἷς
2445 2011 2664 2081 μαστῶν
2692 2013 2847 2082 δίκην
2875 2015 3015 2067 κατά
3038 2032 3095 2067 τε
3129 2015 3222 2081 τὴν
3254 2016 3450 2086 πρᾶξιν
3478 2017 3575 2069 καὶ
3607 2016 3703 2086 τὴν
3728 2016 3840 2068 θεω-

2318 2104 2438 2177 ρίαν
2458 2103 2761 2174 διατρέφεις
2790 2104 2880 2156 τὸν
2914 2104 3104 2172 Λόγον,
3138 2106 3201 2175 τῇ
3234 2106 3470 2176 χορηγίᾳ
3494 2105 3606 2159 τῶν
3633 2102 3840 2158 εὐσεϐῶν

2316 2194 2605 2263 νοημάτων
2623 2211 2678 2273 τε
2702 2194 2795 2247 καὶ
2812 2194 3025 2266 τρόπων
3056 2194 3535 2269 συναυξανόμενον·
3573 2195 3667 2248 καὶ
3692 2211 3842 2264 παρα-

2315 2285 2481 2351 δόξως
2497 2286 2696 2351 εἰπεῖν,
2738 2288 2836 2357 τὴν
2873 2287 3075 2345 οἰκείαν
3120 2286 3342 2357 αῠξησιν
3377 2288 3472 2341 τοῦ
3498 2288 3845 2358 διατρέφοντος

2316 2379 2407 2433 νοῦ
2445 2379 2761 2448 ποιούμενον
2787 2376 3001 2431 θέωσινέ
3023 2377 3420 2449 Τίγὰρὲτερον
3449 2375 3588 2447 εἶχον
3629 2378 3843 2448 φθέγξα-

2320 2470 2442 2522 σθαι
2457 2468 2592 2540 πρὸς
2609 2470 2690 2532 σὲ,
2712 2469 2857 2539 τίμιε
2884 2469 3085 2540 Πάτερ,
3107 2469 3361 2521 τοιούτων
3375 2470 3671 2538 γεννήτορά
3686 2469 3842 2522 Λόγων

2317 2560 2681 2630 γεγενημένον
2724 2559 2991 2629 θεώμενος
3022 2586 3035 2634 ;
3091 2558 3158 2611 δι’
3187 2551 3281 2623 ὧν,
3334 2558 3409 2620 ὼς
3444 2558 3505 2631 ἐξ
3542 2558 3697 2629 ὅρους
3724 2558 3845 2617 τινὸς

2317 2651 2407 2728 τοῦ
2439 2649 2602 2719 ὕψους
2642 2648 2738 2718 τῆς
2761 2647 3010 2716 γνώσεως
3040 2648 3136 2719 τὴν
3166 2651 3255 2700 ἐπὶ
3276 2650 3385 2710 τοῖς
3424 2647 3588 2711 θείοις
3618 2648 3841 2717 δόγμασι,

2322 2741 2571 2811 καθάπερ
2597 2740 2807 2804 πλάκας
2835 2739 3230 2810 θεοχαράκτους
3247 2738 3334 2791 διὰ
3360 2738 3454 2791 τοῦ
3482 2741 3604 2792 νέου
3632 2738 3840 2793 Μεσίτου

2316 2830 2409 2883 καὶ
2426 2831 2507 2897 ἐφ’
2528 2832 2653 2899 ἡμῖν
2670 2830 2716 2862 ⁸⁸
2736 2830 2966 2898 μεγάλου
2989 2830 3262 2892 Μωῦσέως
3287 2832 3377 2882 καὶ
3400 2830 3590 2899 ἱερέων
3602 2830 3645 2863 δ’
3663 2828 3846 2897 ἱερέως,

2319 2922 2407 2974 καὶ
2427 2921 2526 2989 τῆς
2544 2919 2662 2972 καθ’
2683 2920 2808 2989 ὃλην
2837 2919 2932 2989 τὴν
2954 2920 3275 2994 οἰκουμένην
3293 2918 3528 2989 ἐξάρχου
3557 2920 3703 2981 θείας
3728 2920 3855 2987 tape-

2319 3010 2504 3081 σύνης,
2529 3009 2885 3079 κομισθεῖσάνν
2907 3025 2963 3063 τε
2996 3011 3091 3061 καὶ
3125 3008 3434 3061 ἐκδοθεῖσαν
3489 2994 3848 3079 κατεμήνυσας

2316 3101 2493 3171 Ψῆφον
2526 3117 2539 3131 ο
2576 3103 2640 3171 ἢν
2669 3104 2714 3171 ή.
2734 3101 2864 3168 ἁγία
2907 3100 3000 3153 καὶ
3031 3100 3162 3170 μόνη
3192 3100 3636 3171 προσκυνουμένη
3682 3101 3843 3170 Τριὰς,

668 3214 766 3266 per
788 3195 949 3267 344
977 3194 1191 3247 omnem
1229 3192 1417 3246 orbem
1453 3192 1742 3246 sacerdotii
1803 3192 2054 3262 praesidis
2084 3206 2209 3261 ope-

2319 3192 2392 3255 ὼς
2434 3192 2503 3245 δι’
2556 3193 2787 3261 ὀργάνου
2826 3191 2936 3244 τοῦ
2965 3190 3218 3261 ῥηθέντος
3264 3191 3634 3260 ὑπηγόρευσεν
3685 3192 3850 3261 ἀρχιε-

669 3304 734 3342 ra
764 3288 994 3341 delatam
1032 3285 1341 3352 editamquc
1359 3284 1707 3348 sententiam,
1738 3284 2001 3353 evulgasti
2023 3300 2036 3348 ;
2058 3299 2219 3353 quam

2320 3282 2479 3351 ρέως,
2513 3281 2608 3334 καὶ
2637 3282 2771 3352 πρὸς
2797 3282 3043 3351 ὁμόνοιαν
3073 3280 3233 3353 πλέον
3257 3281 3484 3349 ἐπέδησε
3500 3274 3600 3342 τάξ
3644 3279 3855 3346 Ἐκκλη-

671 3385 857 3431 sancta
887 3376 1107 3443 solaque
1137 3374 1407 3427 adoranda
1451 3374 1710 3438 Trinitas,
1757 3389 1845 3440 eo,
1890 3387 2053 3443 quem
2084 3375 2217 3440 dixi,

671 3467 935 3531 antistite,
970 3474 1223 3534 tanquam
1264 3478 1468 3533 organo
1495 3464 1742 3530 dictavit,
1771 3467 2140 3536 majoremque
2166 3468 2220 3521 in

672 3557 893 3611 modum
946 3556 1222 3609 Ecclesias
1271 3554 1580 3608 concordia:
1607 3554 2039 3625 vinculo,sprcta
2103 3574 2222 3626 qua}

669 3649 835 3717 vulgo
864 3647 1003 3699 facta
1028 3640 1369 3699 Alexandriae
1401 3647 1546 3704 circa
1595 3627 1759 3701 ﬁdem
1811 3649 2029 3703 novatio
2072 3649 2228 3704 vide-

671 3739 855 3802 batur,
882 3736 1147 3791 devinxit.

742 3816 892 3882 Hanc
912 3827 1058 3881 enim
1113 3827 1322 3898 integre
1370 3826 1495 3882 data
1540 3828 1811 3883 sententia
1862 3830 2101 3886 servavit
2142 3831 2227 3886 in-

678 3919 1057 3990 telligentiam,
1089 3919 1388 3973 secundum
1420 3934 1579 3988 quam
1610 3919 1782 3974 divini
1839 3921 2027 3976 Patres
2050 3920 2223 3976 n05tri

675 4001 966 4069 tenendam
997 4011 1201 4064 sanctis
1220 4010 1479 4063 Ecelesiis
1509 4009 1670 4063 ﬁdem
1698 4011 2046 4065 tradiderunt
2077 4031 2089 4043 ·
2131 4013 2224 4083 qui

670 4118 869 4172 nempe
898 4116 1064 4156 unum
1100 4098 1462 4168 eumdemque
1513 4101 1685 4154 Deum
1735 4100 1974 4155 Verbum
2012 4110 2067 4156 et
2100 4089 2225 4157 ante

673 4208 892 4249 carnem
915 4204 969 4247 et
997 4207 1119 4246 cum
1143 4207 1305 4245 carne
1337 4192 1580 4245 dixerint
1623 4209 1635 4244 :
1672 4208 1835 4261 quam
1884 4192 1929 4247 is
1961 4192 2063 4247 sibi
2101 4208 2225 4262 pro-

668 4293 795 4354 pter
823 4298 922 4336 nos
950 4281 1370 4351 intelligentiam
1416 4298 1567 4336 more
1598 4283 1911 4348 animatam,
1944 4300 2010 4339 ex
2040 4292 2224 4338 sancta

673 4374 770 4430 Dei
828 4372 1105 4427 Genitrice
1163 4386 1484 4440 semperque
1530 4373 1757 4442 Virgine
1816 4374 1981 4428 Maria
2023 4390 2224 4430 assum-

675 4472 845 4534 ptam,
883 4462 1219 4534 hypostatice
1254 4461 1330 4532 (in
1359 4478 1585 4531 persona
1617 4463 1844 4532 scilicet)
1878 4465 2069 4528 univit,
2099 4482 2220 4519 cum

2318 3364 2458 3438 σίας,
2490 3374 2569 3435 είς
2619 3372 2767 3443 οὐδὲν
2810 3371 3041 3441 θεμένας
3086 3368 3184 3441 τὴν
3212 3370 3447 3433 δόξασαν,
3490 3373 3607 3435 τοῖς
3664 3370 3858 3427 πολλοῖς

2316 3464 2642 3534 γεγενῆσθαι
2681 3463 2820 3516 κατὰ
2866 3463 2970 3544 τὴν
3008 3462 3357 3535 Ἀλεξάνδρου
3392 3463 3548 3518 πόλιν
3602 3464 3723 3533 περὶ
3768 3458 3861 3529 τὴν
3914 3458 3915 3521 1

2318 3556 2498 3609 πίστιν
2529 3554 2897 3624 καινοτομίαν.

2393 3835 2609 3906 Ταύτην
2645 3834 2753 3905 γὰρ
2779 3833 3080 3905 ὁλοσχερῶς
3111 3837 3142 3907 ἡ
3174 3834 3389 3890 δοθεῖσα
3434 3836 3734 3892 διεσώσατο
3777 3833 3855 3907 ὑῆ-

2324 3944 2420 3996 φος
2472 3927 2569 3996 τὴν
2627 3926 2868 3989 ἔννοιαν,
2926 3926 3057 3979 καθ’·
3075 3926 3140 3997 ἦν
3181 3927 3455 3980 πιστεύειν
3512 3932 3559 3982 οί
3639 3930 3859 3998 θεοφόρα

2324 4017 2565 4086 Πατέρες
2586 4015 2740 4085 ἡμῶν
2768 4017 2888 4078 ταῖς
2916 4015 3097 4083 ἁγίαις
3139 4016 3481 4087 Ἐκκλησίαις
3534 4021 3831 4090 παρέδοσαν
3850 4030 3861 4045 '

2321 4107 2418 4160 ἕνα
2476 4105 2695 4159 καὶτὸν
2730 4104 2893 4159 αὑτὸν
2920 4106 3147 4175 φάμενοι
3208 4105 3341 4159 Θεὸν
3405 4108 3575 4176 Λόγον
3637 4110 3733 4162 καὶ
3781 4106 3868 4175 πρὸ

2326 4195 2544 4265 σαρκὸς,
2588 4196 2683 4248 καὶ
2719 4194 2857 4263 μετά
2881 4196 3079 4264 σαρκός
3099 4211 3113 4225 ·
3135 4195 3202 4264 ἢν
3225 4197 3386 4260 αὐτὸς
3426 4198 3612 4277 ἐαυτῷ
3644 4198 3712 4251 δι’
3746 4197 3869 4266 ἡμᾶς

2324 4285 2674 4354 ὲψυχωμένην
2715 4284 2912 4353 νοερῶς
2951 4285 3073 4337 καθ’
3115 4284 3406 4342 ὑπόστασιν
3438 4286 3678 4354 ἥνωσεν,
3706 4289 3767 4339 ὲκ
3790 4287 3873 4353 τῆς

2322 4376 2481 4444 ἁγίας
2501 4374 2759 4427 Θεοτόκου
2779 4375 2877 4428 καὶ
2908 4372 3285 4451 ’Δειπαρθένου
3313 4368 3759 4446 προσληφθεῖσαν
3773 4377 3871 4429 Ma-

2325 4468 2478 4538 ρίας·
2549 4466 2727 4537 σπορὰ
2779 4465 2974 4537 δηλαδὴ
3016 4467 3111 4535 τῆς
3158 4466 3360 4529 οίκείας
3418 4467 3584 4530 αὐτὸς
3643 4468 3874 4535 γενέσθαι

677 4559 794 4624 ipse
838 4570 948 4607 suae
991 4554 1162 4621 ipsius
1208 4553 1599 4608 incarnationis
1653 4569 1836 4609 semen
1871 4553 1986 4607 ﬁeri
2020 4554 2219 4609 voluis-

2331 4555 2668 4621 καταξιώσας
2716 4558 3039 4627 σαρκώσεως
3065 4572 3078 4587 ο
3112 4557 3197 4610 ἵνα
3229 4558 3323 4609 καὶ
3356 4556 3650 4645 άνρρωπος
3682 4556 3874 4627 ἀληθῶς

679 4654 781 4707 set,
817 4653 878 4696 ut
913 4652 965 4695 et
998 4656 1125 4694 vere
1152 4641 1313 4693 homo
1354 4641 1533 4707 ﬁeret;
1560 4659 1621 4697 ac
1652 4652 1762 4697 tum
1809 4651 2077 4711 conceptu
2108 4644 2224 4697 sine

675 4734 885 4788 semine
912 4772 925 4797 ,
991 4740 1105 4785 tum
1147 4741 1306 4799 partu
1363 4734 1733 4800 corruptionis
1778 4734 1957 4802 omnis
2002 4745 2226 4802 experte

678 4824 987 4897 innovatum
1024 4829 1293 4882 naturam,
1324 4834 1424 4871 nec
1456 4834 1523 4872 ex
1571 4792 2116 4875 innovati0ne\ullam
2142 4821 2227 4874 di-

681 4912 1042 4965 minutionem
1081 4926 1313 4979 passam,
1344 4909 1678 4964 ostenderet.
1707 4910 1802 4964 Dei
1834 4912 1977 4999 enimJ
1993 4913 2061 4964 ob
2083 4928 2231 4966 sum-

674 5016 821 5054 mam
858 4999 1157 5051 bonitatem
1185 5013 1310 5066 erga
1359 4999 1610 5051 homines
1638 4998 1941 5052 voluntaria
1978 5000 2227 5052 exinani-

681 5092 758 5145 tio
787 5090 999 5143 exstitit
1034 5088 1352 5158 mysterium
1381 5105 1395 5152 ;
1430 5104 1536 5141 non
1560 5089 1704 5157 quod
1752 5098 1945 5159 sponte
1984 5074 2081 5159 per
2107 5107 2227 5143 car-

684 5196 807 5235 nem
834 5196 890 5233 se
912 5181 1071 5233 nobis
1090 5179 1309 5233 demisit
1338 5196 1399 5233 ac
1433 5180 1713 5236 inclinavit
1749 5178 1969 5237 deita’tis
1988 5185 2228 5239 amissio.

679 5272 877 5326 Mansit
908 5272 1052 5323 enim
1084 5272 1227 5339 quod
1261 5280 1398 5333 erat,
1417 5271 1576 5325 etiam
1602 5273 1775 5326 factus
1792 5274 1934 5342 quod
1962 5280 2069 5327 non
2095 5285 2230 5339 erat;

685 5361 887 5431 quippe
942 5375 1063 5411 cum
1126 5361 1197 5414 sit
1248 5362 1623 5425 immutabilis,
1682 5364 2030 5433 servavitque
2090 5365 2237 5435 quod

686 5453 859 5507 lactus
902 5460 1005 5514 est,
1032 5452 1097 5504 id
1154 5468 1379 5507 manens
1401 5453 1545 5523 quod
1588 5464 1725 5517 erat,
1773 5456 1916 5523 quod
1978 5458 2234 5511 nimirum

769 5560 942 5618 ‘Luc.
975 5580 1046 5628 λι,
1077 5563 1163 5648 Ξῖ.

2326 4646 2549 4715 γένηται
2576 4662 2591 4675 ο
2623 4647 2716 4698 καὶ
2735 4646 2884 4717 δείξῃ
2914 4647 3051 4699 κατά
3076 4647 3173 4718 τὴν
3201 4646 3437 4718 ἄσπορον
3478 4645 3769 4720 σύλληψιν,
3800 4646 3877 4699 καὶ

2324 4735 2421 4806 τὴν
2459 4736 2693 4805 ἄφθορον
2738 4736 2985 4805 γέννησιν
3014 4737 3111 4806 τὴν
3150 4739 3308 4808 φύσιν
3358 4741 3876 4811 καινοτομουμένην·

2326 4827 2420 4880 καὶ
2472 4826 2745 4897 μηδεμίαν·
2787 4829 2851 4897 τῇ
2915 4829 3232 4899 καινοτομίᾳ
3263 4829 3601 4899 πάσχουσαν
3644 4833 3880 4903 μείωσιν.

2331 4917 2464 4971 Θεοῦ
2518 4917 2625 4987 γὰρ
2672 4918 2738 4969 δι’
2773 4919 3081 4989 ἀγαθότητα
3116 4921 3247 4989 πρὸς
3276 4920 3601 4990 ἀνθρώπους
3657 4924 3881 4989 ὑπῆρχεν

2335 5008 2655 5079 αὐθαίρετος
2689 5010 2914 5073 κένωσις
2948 5011 3007 5063 τὸ
3043 5013 3369 5080 μυστήριον,
3410 5011 3525 5064 ἀλλ’
3552 5013 3621 5063 οὐ
3649 5011 3882 5079 θεότητος

2334 5100 2627 5163 ἔκπτωσις,
2677 5102 2709 5169 ἠ
2772 5101 2861 5153 διὰ
2920 5104 3117 5172 σαρκὸς
3172 5103 3415 5163 ἑκούσιος
3448 5103 3880 5170 συγκατάδασις·

2335 5189 2613 5256 μεμένηκε
2649 5187 2753 5256 γὰρ
2772 5187 2906 5257 ὅπερ
2933 5185 3019 5259 ἧν,
3051 5190 3143 5242 καὶ
3172 5189 3457 5258 γενόμενος
3495 5190 3638 5261 ὅπερ
3662 5191 3761 5243 οὑγ
3790 5185 3848 5238 ἓν
3872 5199 3882 5211 '

2331 5278 2593 5345 ἄτρεπτος
2621 5278 2745 5344 γάρ.
2768 5278 2873 5328 Καὶ
2901 5279 3035 5347 ὅπερ
3066 5278 3251 5344 γέγονε
3269 5277 3581 5348 διετήρησε,
3618 5280 3889 5349 διαμείνας

2333 5370 2466 5437 ὅπερ
2522 5366 2733 5436 ὑπῆρχε
2763 5373 2775 5387 ⁸
2844 5369 3221 5439 φιλάνθρωπος
3260 5370 3388 5440 γάρ.
3422 5371 3499 5422 Δι’
3536 5365 3615 5423 ὧν
3684 5372 3889 5440 ἐνήργει

2338 5458 2672 5527 θεοπρεπῶς,
2707 5450 2915 5520 δεικνὺς
2944 5459 3078 5529 ὅπερ
3105 5459 3323 5527 γέγονεν
3364 5460 3771 5515 ἀναλλοίωτονο
3813 5458 3889 5511 καὶ

1932 5660 2164 5719 Willle
2198 5660 2594 5719 LECTIONES.

758 5744 1049 5828 ff_Fr:‘xai
1085 5744 1188 5828 μὴν
1221 5745 1334 5805 τάς.
1410 5746 1453 5828 ⁸-⁸
1479 5745 1568 5803 Fr.
1598 5749 1683 5817 ἐφ’
1713 5748 1888 5819 ἡμῶν.
1964 5751 2005 5783 ⁸⁷
2035 5752 2155 5807 11ωο
2189 5754 2254 5808 de
2296 5751 2503 5821 Sergio,
2543 5766 2662 5805 cum
2702 5752 2879 5808 adhuc
2920 5752 3214 5816 catholicus
3254 5772 3381 5824 pust
3410 5764 3631 5828 vulgata
3661 5755 3789 5827 Cyri
3814 5766 3895 5809 ca-

684 5809 860 5887 }‘itula
890 5809 1223 5869 Alexandria:
1262 5826 1461 5886 ageret.
