3958 6338
147 378 245 444 593

1556 385 1951 453 EPISTOL/E.
1975 445 1978 448 .

3232 388 3335 455 594
3365 406 3369 411 ‘

144 494 209 546 δι’
241 486 307 545 ὧν
350 490 592 563 ἔπασχεν
618 491 1127 567 ἀνθρωποπρεπῶς,
1156 495 1509 569 πιστούμενος
1549 501 1677 572 ὅπερ

1786 502 2125 557 lmmanitate
2151 502 2613 573 propensissimus
2638 501 2707 557 sit
2738 501 2969 573 :quibus
2990 502 3172 557 divino
3189 500 3339 557 mere

142 578 291 653 ἦνμὴ
314 582 668 653 τρεπόμενον.
711 585 957 656 Ἐνήργει
1003 587 1131 657 γὰρ,
1166 586 1233 640 τὰ
1263 588 1360 658 μὲν
1407 588 1524 643 θεῖα
1551 606 1687 658 σαρ-

144 672 321 736 κικῶς,
351 673 433 725 ὅτι
467 673 557 726 διὰ
587 675 785 744 σαρκὸς
818 676 1054 746 φυσικῆς
1084 679 1361 748 ἐνεργείας
1387 678 1486 731 οὐκ
1532 664 1689 748 ἀμοιέ-

135 760 360 833 ’ρούσηςσ
390 762 458 816 τὰ
504 763 549 817 δ’
588 764 902 832 ἀνθρώπινα
936 766 1150 843 θεῖκῷς,
1181 769 1261 821 ὃτι
1304 771 1444 821 κατά
1470 768 1689 838 θέλησιν

146 852 576 918 ἑξουσιαστικῶς,
626 856 738 909 ἀλλ’
782 858 843 909 ού
883 859 1021 912 κατά
1071 860 1390 930 περίστασιν
1440 860 1537 931 τὴν
1583 860 1690 913 τῶν

145 942 487 1014 ἀνθρωπίνων
526 945 859 1017 παθημάτων
895 949 1144 1018 προσίετο
1174 952 1388 1019 πεῖραν.
1414 951 1550 1004 οὔτε
1580 952 1687 1022 γὰρ

144 1032 206 1087 τά
243 1033 356 1087 θεία
396 1034 613 1102 θεῖκῶς,
643 1038 723 1091 ὅτι
758 1039 829 1109 μὴ
869 1040 1075 1109 γυμνὸς
1111 1041 1320 1111 ὑπῆρχε
1355 1042 1486 1105 Θεός
1518 1044 1687 1096 ὀὔτε

146 1123 207 1176 τά
231 1124 540 1195 ἀνθρώπινα
595 1130 889 1198 σαρκικῶς,
935 1132 1024 1201 ,ὅτι
1080 1134 1153 1201 μὴ
1207 1132 1361 1201 ψιλὸς
1399 1132 1684 1204 ἄνθρωπος

149 1209 227 1282 ἦν.
253 1215 346 1267 Διά
375 1217 532 1270 τοῦτο
551 1218 620 1271 τά
656 1218 905 1291 θαύματα
930 1222 1054 1292 δίχα
1083 1221 1286 1287 πάθους
1314 1225 1413 1276 οὐκ
1442 1220 1509 1295 ἦν
1536 1242 1551 1257 ο
1594 1226 1689 1277 καὶ

151 1300 209 1350 τὰ
237 1300 528 1371 παθήματα
557 1306 722 1375 χωρὶς
749 1308 846 1377 οὐχ
875 1308 1084 1379 ὑπῆρχε
1120 1308 1416 1379 θαύματοςο
1450 1311 1581 1365 ἀλλά
1621 1313 1689 1366 τὰ
1728 1345 1730 1347 ›

160 1390 270 1457 μὲν,
302 1390 367 1443 ἵν’
396 1395 537 1448 είπω
560 1396 854 1468 τολμήσας,
890 1400 989 1453 οὑκ
1014 1401 1202 1472 ἀπαθῆ
1234 1418 1246 1432 ·
1278 1403 1345 1456 τὰ
1392 1403 1446 1455 δέ
1490 1404 1686 1475 προδή-

160 1477 249 1543 λως
275 1480 581 1554 θαυμάσια’
615 1488 706 1540 καὶ
742 1488 905 1558 ἄμφω
932 1478 1206 1560 παράδοξα
1231 1531 1243 1553 ,
1307 1494 1387 1545 ὅτι
1438 1494 1530 1547 καὶ
1571 1494 1687 1548 θεῖα

167 1572 270 1644 [καί
286 1578 637 1653 ἀνθρώπινα]
664 1582 739 1646 ὡς
765 1582 823 1648 ἐξ
852 1586 967 1648 ένδς
989 1587 1080 1639 καὶ
1117 1587 1208 1640 τοῦ
1233 1587 1394 1641 αὑτοῦ
1420 1591 1685 1659 προερχό-

164 1686 273 1738 μενα
315 1669 450 1722 Θεοῦ
510 1672 684 1739 Λόγου
744 1675 1182 1745 σεσαρκωμένου,
1236 1677 1302 1729 δι’
1354 1678 1682 1749 ἀμφοτέρων

160 1758 491 1827 πιστουμένου
510 1763 928 1830 πραγματικῶς,
956 1764 1058 1835 τὴν
1090 1765 1195 1817 τῶν
1217 1766 1275 1829 ἐξ
1301 1759 1396 1831 ὧν,
1424 1768 1514 1821 καὶ
1543 1767 1684 1837 άπερ

1789 591 2141 660 operabatur,
2182 592 2235 645 id
2274 592 2419 661 quod
2451 592 2627 647 factus
2681 602 2801 647 erat
2842 591 3105 645 illibatum
3153 601 3339 644 osten-

1790 681 1952 747 dens;
1988 697 2049 735 ac
2078 681 2280 750 quibus
2318 680 2554 736 humano
2601 683 2930 752 patiebatur,
2961 681 3013 734 id
3043 680 3188 750 quod
3221 689 3341 747 erat

1789 771 1968 825 omnis
2020 787 2216 840 expers
2250 764 2591 831 'mutationis'
2626 772 2943 827 ostendens.
3002 770 3341 841 Operabatur

1788 861 1956 924 enim,
1988 860 2170 915 divina
2197 862 2438 931 quidem,
2483 864 2691 918 carnali
2739 864 2953 917 ratione
2983 865 3165 934 (carne
3189 863 3340 917 scili-

1789 959 1873 1005 cet
1905 951 2101 1015 media,
2132 968 2251 1021 quae
2303 954 2571 1009 naturalis
2627 966 2738 1009 sua
2765 955 3101 1023 operationis
3145 968 3339 1023 expers

1788 1053 1897 1092 non
1934 1039 2119 1103 esset),
2155 1040 2391 1095 humana
2424 1049 2626 1105 autem,
2681 1042 2862 1095 divina
2906 1050 3194 1110 potestate,
3243 1042 3337 1111 qui

1788 1130 1903 1198 ipse
1932 1128 2216 1189 voluntate
2243 1145 2450 1199 suoque
2488 1130 2755 1184 arbitratu
2798 1145 2861 1184 ac
2912 1132 3181 1200 imperio,
3227 1146 3335 1184 non

1789 1220 2026 1274 humana
2059 1222 2164 1274 ulla
2204 1222 2548 1287 necessitate,
2605 1224 2965 1277 humanorum
3004 1223 3058 1276 in
3110 1240 3168 1277 se
3204 1223 3337 1276 alle-

1789 1318 1977 1365 ctuum
2031 1310 2387 1379 laborumque
2446 1312 2753 1379 periculum
2811 1311 3099 1381 reciperet.
3148 1312 3335 1379 Neque

1788 1403 1933 1456 enim
1961 1402 2144 1455 divina
2178 1402 2391 1465 divine,
2431 1402 2579 1471 quod
2613 1417 2722 1455 non
2764 1403 2949 1457 nudus
2990 1403 3135 1456 Deus
3185 1410 3334 1500 eru\t;

1788 1507 1963 1561 neque
2007 1492 2241 1546 humana
2273 1492 2477 1546 carnali
2513 1493 2745 1560 ratione,
2802 1493 2945 1562 quod
3005 1508 3113 1547 non
3172 1491 3338 1545 homo

1787 1574 2012 1648 simplex
2036 1595 2097 1633 ac
2132 1595 2300 1648 purus
2329 1580 2645 1635 exsistebat.
2691 1565 3057 1645 Quamobrem
3106 1596 3207 1634 nec
3237 1580 3338 1633 mi-

1788 1668 1970 1721 racula
1996 1667 2200 1736 absque
2225 1667 2475 1736 passione
2509 1676 2685 1732 erant,
2720 1684 2822 1721 nec
2861 1669 3144 1737 passiones
3172 1669 3337 1721 mira-

1787 1757 1912 1811 culo
1933 1744 2233 1810 carebant:
2269 1771 2458 1810 verum
2508 1756 2597 1809 illa
2642 1756 2859 1825 quidem
2911 1756 3010 1825 (ut.
3044 1758 3339 1811 audentius

154 1848 373 1920 ὑπῆρχεν
401 1828 678 1921 ἀλήθειανξ
705 1852 777 1905 Τὸ
804 1854 909 1924 γὰρ
934 1854 995 1907 ἐκ
1011 1828 1177 1909 ’τινων
1195 1828 1513 1927 ἀσυγχύτως
1547 1828 1677 1911 Evcl;-

1785 1845 1984 1923 dicam)
2012 1862 2119 1900 non
2156 1846 2418 1901 immunia
2450 1862 2478 1900 a
2506 1848 2759 1915 passione
2789 1858 2983 1913 erant;
3016 1849 3097 1902 hae
3131 1858 3335 1909 autem.

154 1939 283 1991 σει⁸⁸
323 1942 390 2011 τῇ
423 1942 561 1996 κατά
592 1940 806 1995 σύνοδον
840 1943 1545 2018 φυσικὴνάποτελούμενον,
1585 1948 1681 2002 καὶ

147 2028 231 2091 τὰς
258 2028 447 2097 φύσεις
481 2031 538 2097 ἐξ
588 2026 663 2085 ὧν
697 2032 1019 2105 συνέστηκεν
1066 2022 1365 2106 ἀτρέπτους
1414 2038 1675 2109 διατηρεῖ,

147 2122 227 2173 καὶ
256 2122 355 2184 τάς
385 2122 561 2176 αὐτῶν
594 2125 921 2191 συστατικὰς
966 2126 1249 2195 ἀμιὼτως
1294 2128 1546 2193 διασώζει
1587 2131 1677 2184 δυ-

144 2211 357 2280 νάμεις,
388 2215 467 2276 είς
495 2214 608 2278 ἑνὸς
649 2214 808 2285 ἔργου
860 2217 1246 2291 συμπλήρωσιν
1271 2236 1284 2248 ·
1321 2220 1433 2272 εἴτε
1486 2221 1677 2285 πάθος,

144 2302 238 2354 εἴτε
273 2300 456 2373 θαῦμα
487 2304 545 2358 τὸ
585 2306 865 2377 γινόμενον
919 2302 1007 2377 ἦν,
1054 2293 1194 2361 κατά
1219 2310 1315 2380 τὴν
1358 2299 1540 2364 εἰκόνα
1582 2311 1675 2364 τοῦ

145 2389 445 2461 θαυμαστοῦ
478 2410 592 2459 σου,
622 2396 820 2464 Πάτερ,
854 2395 949 2449 καὶ
984 2395 1063 2467 τῷ
1098 2397 1377 2468 μυστηρίῳ
1400 2398 1500 2467 τῆς
1529 2399 1677 2463 θείας

144 2481 450 2549 σαρκώσεως
474 2483 783 2553 προσφυοῦς
809 2485 1264 2555 παραδείγματος,
1296 2486 1396 2555 τῆς
1429 2488 1677 2558 ἐκπυρω-

146 2568 311 2640 θείσης
344 2568 725 2644 μαχαίρας,ἦς
753 2574 849 2642 τὴν
868 2575 1039 2643 τομὴν
1073 2575 1412 2645 ἐπιστάμεθα
1446 2594 1674 2629 καυστι-

146 2659 251 2729 κὴν,
288 2662 373 2713 καὶ
400 2662 499 2731 τὴν
537 2662 731 2716 καῦσιν
773 2663 994 2733 οἴδαμεν
1042 2666 1335 2734 τμητικήν.
1371 2666 1543 2735 Πυρδς
1570 2667 1675 2736 γὰρ

154 2750 237 2803 ml
257 2751 458 2823 σιδήρου
493 2751 616 2805 καθ’
644 2752 938 2805 ὑπόστασιν
974 2753 1163 2822 γέγονε
1189 2754 1420 2817 σύνοδος,
1454 2754 1678 2829 μηδετέ-

158 2855 239 2908 mu
264 2843 350 2912 τῆς
371 2844 512 2898 κατά
542 2845 701 2912 φύσιν
744 2844 841 2900 ’διὰ
884 2844 981 2915 τὴν
1022 2845 1157 2916 πρὸς
1212 2845 1436 2918 θάτερον
1483 2845 1675 2899 ἕνωσιν

150 2929 423 3005 ἐκστάντος
444 2932 765 3003 δυνάμεως·
821 2934 961 3004 μήτε
1007 2933 1113 3005 μὴν
1136 2934 1180 2969 ⁸ο
1234 2936 1429 3005 ἄφετον
1476 2936 1676 3007 ταύτην

1784 1939 2071 2010 perspicue
2117 1937 2396 1991 mirabiles
2430 1938 2801 1993 exsistebant:
2841 1946 3071 2007 utraque
3099 1939 3338 2009 denique

1785 2029 2031 2085 inaudita
2061 2044 2125 2083 ac
2149 2043 2313 2093 nova,
2348 2028 2496 2097 quod
2520 2037 2576 2083 et
2610 2028 2793 2082 divina
2817 2037 2976 2082 erant
3004 2038 3057 2083 et
3077 2030 3334 2094 humana,

1782 2120 1932 2177 velut
1971 2136 2039 2174 ex
2066 2134 2178 2174 uno
2199 2119 2499 2189 eodemque
2540 2120 2722 2175 Verbo
2778 2121 3062 2176 incarnato
3115 2120 3339 2189 profici-

1785 2212 2013 2279 scentia,
2043 2226 2153 2281 quo
2181 2211 2426 2280 utrisque
2447 2211 2669 2273 realiter
2690 2227 2879 2266 eorum
2912 2228 2978 2267 ex
3002 2212 3225 2282 quibus,
3272 2226 3336 2265 ac

1783 2316 1904 2370 qua:
1935 2301 2251 2364 exsistebat,
2294 2301 2581 2355 veritatem
2630 2310 2919 2356 astrueret.
2969 2300 3126 2372 345
3174 2301 3330 2367 Quod

1782 2390 1928 2445 enim
1959 2403 2026 2442 ex
2050 2388 2376 2457 quibusdam
2407 2388 2689 2442 inconfuse
2711 2389 2997 2452 conflantur,
3025 2405 3091 2443 eo
3115 2389 3337 2443 unionis

1781 2486 1983 2552 genere
2012 2478 2158 2550 quod
2188 2478 2424 2533 naturali
2456 2494 2647 2533 eorum
2676 2478 3073 2533 coadunatione
3108 2487 3334 2547 praesta-

1783 2578 1893 2636 tur,
1926 2580 2043 2629 tum
2081 2578 2328 2632 naturas,
2364 2584 2430 2623 ex
2456 2569 2659 2639 quibus
2697 2578 2802 2634 est,
2839 2571 3045 2624 servat
3074 2570 3335 2623 minutio-

1778 2662 1865 2715 nis
1920 2670 2207 2730 expertes;
2276 2668 2392 2715 tum
2450 2676 2571 2731 qua:
2637 2676 2731 2716 eas
2798 2662 3134 2715 constituant
3204 2660 3336 2715 insi-

1779 2752 2095 2822 gniantque,
2124 2751 2267 2804 vires
2300 2766 2365 2805 ac
2383 2750 2693 2816 facultates,
2724 2753 2871 2806 nulla
2894 2768 3081 2806 earum
3112 2753 3233 2814 labe
3267 2753 3332 2806 ad

1780 2858 1949 2897 unum
1976 2856 2113 2911 opus
2162 2842 2547 2909 complendum
2585 2843 2789 2897 retinet
2843 2844 3166 2902 incolumes.
3216 2844 3332 2897 sive

1782 2931 1946 2996 actio,
2003 2931 2118 2985 sive
2173 2931 2355 3001 passio
2386 2938 2527 2995 erat,
2563 2929 2618 2983 id
2670 2930 2815 3003 quod
2880 2930 3204 3001 gerebatur,
3251 2932 3330 2984 uti

147 3022 452 3091 κεκτημένον
505 3023 644 3093 μετά
678 3023 775 3093 τὴν
815 3023 1027 3090 ἕνωσιν,
1075 3026 1166 3080 καὶ
1194 3026 1291 3096 τῆς
1335 3026 1428 3079 τοῦ
1462 3042 1675 3094 συγκει-

1778 3020 2036 3076 nimiruln
2061 3022 2274 3092 praefert
2295 3036 2358 3076 ac
2375 3028 2748 3091 repraesentat,
2775 3021 3153 3076 admirandum
3177 3029 3331 3074 tuum

146 3108 285 3174 μένου
318 3114 408 3164 καὶ
444 3111 851 3181 συνυῴεστῶτος
885 3116 1317 3186 κεχωρισμένην.
1408 3130 1414 3138 ’
1454 3172 1465 3179 _

1776 3112 1932 3178 illud,
1966 3128 2030 3169 ac
2063 3128 2188 3168 cum
2209 3113 2402 3183 primis
2430 3113 2629 3168 divinae
2652 3112 3048 3168 lncarnationis
3073 3111 3333 3183 mysterio

143 3201 454 3256 conveniens
493 3203 930 3274 appositumque,
974 3206 1154 3271 Pater,
1198 3204 1543 3275 exemplum;
1582 3208 1706 3278 igne
1736 3207 1944 3273 scilicet
1982 3206 2225 3259 ardentis
2273 3214 2329 3259 et
2365 3205 2652 3259 candentis
2694 3203 2888 3274 gladii,
2944 3207 3097 3274 cujus
3158 3214 3214 3257 et
3246 3220 3332 3258 se-

144 3294 356 3349 ctionem
412 3296 683 3365 ejusmodi
730 3297 1004 3362 novimus,
1044 3300 1329 3379 ugurendi
1370 3301 1478 3354 vim
1526 3301 1745 3366 habeat,
1772 3310 1828 3354 et
1860 3298 2131 3353 ustionem
2168 3313 2279 3351 non
2314 3297 2590 3352 nescimus
2627 3314 2747 3367 qua:
2776 3298 2997 3352 secandi
3032 3300 3082 3352 vi
3107 3299 3327 3368 polleat.

146 3383 221 3438 Sic
275 3386 419 3440 enim
482 3387 623 3457 ignis
672 3387 914 3465 ferrique
986 3390 1038 3443 in
1106 3391 1389 3460 supposito
1446 3390 1585 3446 facta
1641 3389 1956 3462 conjunctio
2004 3397 2090 3443 est
2149 3403 2212 3443 ac
2249 3388 2531 3451 adunatio,
2590 3397 2651 3443 ut
2703 3389 2849 3458 quod
2884 3389 3114 3443 alterum
3167 3390 3327 3445 alteri

144 3478 436 3545 accesserit,
468 3488 726 3533 neutrum
757 3479 1064 3533 naturalem
1102 3480 1211 3535 vim
1271 3496 1424 3537 suam
1458 3497 1521 3537 ac
1574 3480 1888 3538 facultatem
1931 3480 2214 3547 amiserit;
2256 3488 2311 3534 at
2358 3494 2538 3551 neque
2570 3480 3173 3552 liberamsolutamque
3207 3493 3329 3554 post

145 3568 377 3638 unionem
415 3611 430 3635 ,
456 3572 866 3642 sejunctamqne
928 3589 1049 3628 eam
1112 3574 1335 3640 habeat,
1395 3575 1463 3630 ab
1517 3575 1741 3632 alterius
1777 3590 1899 3631 cum
1926 3591 2036 3645 quo
2063 3574 2343 3630 concrevit
2369 3590 2584 3644 unaque
2610 3574 2880 3629 consistit.

200 3657 403 3728 Ταύτην
435 3660 533 3729 μὲν
563 3660 655 3714 οῦν
682 3656 839 3732 εὖρον
886 3663 996 3732 ἐγὼ
1023 3665 1132 3727 τοῖς
1165 3664 1448 3735 ὑμετέροις
1497 3665 1673 3736 γράμ-

146 3761 259 3814 μασι
284 3751 460 3815 σοφῶς
492 3753 880 3821 ὲνυφανθείσαν
910 3756 1010 3825 τὴν
1051 3755 1160 3809 τῶν
1190 3755 1347 3809 θείων
1389 3757 1671 3827 δογμάτων

145 3838 418 3908 ἀκρίϐειαν.
462 3838 531 3915 ἦς
577 3844 717 3897 κατὰ
746 3846 843 3915 τὴν
885 3846 1107 3900 ἐνοῦσάν
1153 3864 1243 3915 μοι
1276 3847 1402 3916 περὶ
1440 3848 1501 3900 τὸ
1533 3849 1671 3899 νοεῖν

150 3930 345 3998 μετρίαν
372 3932 602 4002 δύναμιν
617 3932 911 4003 ἐπιστήσας
934 3935 1024 3987 τὸν
1042 3934 1185 3997 νοῦν,
1204 3934 1455 4005 ηὐξάμην
1475 3937 1671 3988 ἱκανω-

152 4014 276 4086 Θῆναι
307 4022 509 4092 ταύτην
563 4023 814 4091 φυλάξαι,
849 4026 943 4078 καὶ
973 4028 1038 4096 τῇ
1088 4026 1295 4097 διανοίᾳ
1352 4028 1666 4097 κατασχεῖν,

152 4108 233 4163 ὑπὸ
251 4112 410 4183 λήθης
449 4114 592 4178 τινὸς
647 4114 721 4186 μὴ
765 4115 1058 4187 δεχομένην
1090 4118 1453 4187 περιγραφήν·
1483 4118 1553 4169 Σὺ
1588 4118 1666 4182 δὲ,

148 4196 396 4275 οεοτίμητε
457 4206 657 4277 Πάτερ,
707 4205 1059 4276 συμπάθησόν
1114 4226 1202 4279 μοι
1248 4208 1324 4279 τῷ
1359 4207 1435 4279 σῷ
1473 4208 1664 4277 δούλῳ,

144 4294 224 4346 καὶ
245 4300 332 4367 τὴν
357 4299 585 4353 δέουσαν
610 4298 684 4363 ὡς
704 4300 1082 4372 φιλάνθρωπος
1116 4302 1395 4373 παράσχου
1426 4298 1670 4369 συγγνὼ⁴

149 4398 241 4451 μην
265 4427 277 4451 ,
322 4388 670 4444 ἀδυνατοῦντι
726 4390 861 4460 πρὸς
913 4391 1009 4461 τὴν
1065 4391 1172 4445 τῶν
1232 4390 1670 4461 κεκελευσμένων

146 4472 444 4547 ἐγχείρησιν.
477 4481 589 4535 Καὶ
621 4482 694 4551 μή
727 4498 827 4551 μου
860 4483 1141 4553 καταγνῷς
1172 4483 1452 4549 ἀπείθειαν
1483 4500 1495 4512 °
1539 4483 1672 4536 ἀλλά

1843 3667 1993 3721 Hanc
2016 3682 2145 3721 sane
2172 3665 2364 3720 vestris
2396 3665 2601 3720 litteris
2633 3665 2909 3734 sapienter
2947 3668 3205 3722 intextam
3240 3672 3291 3723 in
3311 3699 3325 3710 -

1770 3760 1917 3824 vcni,
1952 3758 2261 3813 divinorum
2290 3757 2606 3826 dogmatum
2646 3766 2954 3811 accuratam
2979 3762 3326 3826 sententiam,

1771 3852 1860 3905 cui
1904 3865 2003 3919 pro
2028 3849 2224 3918 exigua
2248 3849 2509 3919 tenuique
2560 3848 2763 3916 ingenii
2793 3849 2899 3902 mei
2928 3848 3181 3905 facultate
3214 3854 3327 3907 ani-

1768 3957 1916 3995 mum
1940 3940 2227 4004 adhibens,
2254 3939 2503 4009 optabam
2535 3938 2766 3993 idoneus
2786 3954 2906 3994 esse
2944 3940 3036 4010 qui
3062 3939 3178 3995 eam
3200 3959 3330 3997 con-

1770 4048 2071 4097 servarem,
2094 4032 2353 4101 nullaque
2374 4030 2793 4086 oblitterandam
2823 4032 3119 4098 oblivione,
3146 4045 3328 4090 mente

1771 4124 2093 4178 retinerem.
2133 4122 2213 4177 Tu
2250 4131 2456 4185 autem,
2486 4122 2543 4175 in
2587 4123 2698 4176 Deo
2726 4123 2860 4176 mihi
2900 4123 3193 4191 plurimum
3238 4140 3329 4179 co-

1754 4210 1926 4267 lende
1954 4213 2135 4276 Pater,
2172 4214 2433 4266 miserere
2459 4212 2593 4265 mihi
2611 4228 2769 4267 servo
2801 4220 2912 4277 tuo,
2941 4229 3022 4277 ac,
3048 4229 3207 4281 quam
3234 4214 3328 4269 de—

1767 4309 1873 4366 cet,
1892 4311 2149 4370 tanquam
2182 4301 2453 4370 benignus
2482 4309 2537 4355 et
2569 4302 2913 4364 misericors,
2940 4303 3153 4356 veniam
3170 4287 3325 4373 ἰιι-αε-

1766 4393 1868 4459 be;
1905 4392 1994 4446 cui
2034 4407 2130 4461 per
2160 4391 2475 4446 facultatem
2506 4408 2610 4445 non
2640 4392 2930 4457 liceat,‘id,
2963 4394 3108 4462 quod
3137 4396 3319 4464 jubes,

1770 4491 2003 4538 tentare.
2030 4481 2219 4552 Neque
2247 4498 2380 4537 vero
2405 4500 2486 4536 ιιιιλ
2518 4483 2903 4538 ιιιυὶιράἱεηιίω
2937 4484 3180 4549 damnes,
3224 4488 3320 4541 sed

145 4564 320 4629 μᾶλλον
340 4564 596 4637 ἀπόδεξαί
628 4588 696 4639 με
723 4573 1043 4641 τῆς-οίκείας
1071 4574 1309 4642 ἀμαθίας
1328 4574 1669 4653 ὲπιγνώμονα

1778 4576 1954 4646 potius
1980 4570 2138 4629 lauda
2156 4590 2219 4653 ac
2242 4576 2434 4645 proba,
2464 4577 2559 4645 qui
2582 4592 2756 4631 meam
2781 4576 2893 4646 ipse
2913 4576 3179 4631 inscitiam
3205 4587 3322 4631 stu-

138 4655 364 4720 γενέσθαι
392 4661 780 4725 σπουδάζοντα.
836 4664 1078 4734 Μισητὸν
1110 4666 1219 4735 γὰρ
1268 4666 1329 4717 τὺ
1380 4650 1664 4735 προπέτὲςο

1767 4664 1922 4719 deam
1945 4680 2261 4735 agnoscere.
2292 4666 2466 4719 Exosa
2488 4667 2633 4720 enim
2661 4682 2750 4721 res
2781 4667 3075 4731 temeritas,
3112 4666 3319 4735 prima-

138 4746 222 4798 καὶ
246 4749 446 4818 πρῶτον
474 4751 573 4821 τῆς
611 4753 847 4823 ἐσχάτης
894 4755 1112 4822 ἀγνοίας
1155 4757 1398 4825 γέννημα
1421 4771 1434 4785 ’
1487 4756 1608 4807 καθ’
1639 4756 1667 4807 δ

1778 4772 1869 4826 lue
1913 4773 2180 4825 supremae
2234 4756 2524 4809 dementiae
2556 4757 2753 4824 proles,
2805 4772 2911 4825 qua
2969 4772 3027 4811 se
3080 4759 3325 4827 proclive

140 4837 361 4908 πέφυκεν
411 4845 443 4915 ἡ
489 4846 589 4915 τῆς
636 4845 1010 4914 ὑπερηφανίας
1067 4847 1438 4915 διαφαίνεσθαι
1494 4847 1664 4912 νόσος,

138 4925 237 4993 ἕξιν
271 4931 667 5005 δημιουργοῦσα
699 4938 810 4997 τοῖς
847 4936 980 5007 αὐτῇ
1036 4939 1485 5009 κατειλημμένοις
1526 4937 1670 4989 ἀντί-

141 5013 278 5070 θεον·
341 5025 433 5077 καὶ
472 5022 620 5089 δέξαι
675 5040 773 5094 μου
808 5025 1005 5085 παντὸς
1048 5028 1251 5091 πάθους
1296 5028 1538 5100 καθαρὰν
1568 5026 1665 5096 τὴν

140 5110 217 5162 ἐπὶ
239 5114 385 5172 τοῦτο
415 5119 786 5190 παραίτησιν·
827 5121 916 5172 καὶ
967 5122 1041 5189 μὴ
1066 5123 1260 5194 ἁπώσῃ
1300 5143 1363 5194 με
1414 5125 1535 5187 τοὺς
1565 5124 1664 5178 αύ-

140 5200 247 5263 τούς
272 5221 348 5259 σοι
394 5211 825 5281 προϐαλλόμενον
874 5211 1082 5278 λόγους,
1115 5214 1207 5277 οὓς
1241 5217 1331 5271 ἐπὶ
1359 5218 1466 5278 τοῖς
1490 5216 1663 5267 τοιού-

139 5302 237 5351 τοις
260 5295 388 5362 πρὸς
416 5300 507 5351 τὸν
535 5299 667 5352 Θεὸν
694 5300 927 5368 Μωῦσῆς
963 5301 1222 5371 πρότερον
1268 5305 1360 5356 καὶ
1398 5305 1663 5373 Ἱερεμίας

142 5374 339 5450 εστῑρον
388 5389 813 5457 προύϐάλλοντο·
868 5392 896 5444 ὁ
955 5393 1087 5461 μὲν,
1147 5375 1387 5463 Δέομαι,
1454 5394 1695 5463 Κύριε,

1764 4848 2300 4918 prodatcluceatque
2334 4846 2605 4914 superbia:
2635 4847 2880 4912 morbus,
2914 4849 3067 4918 impii
3104 4849 3325 4921 Deoque

1765 4936 2117 5016 adversantis
2145 4936 2365 4990 habitus
2390 4938 2442 4989 in
2486 4936 2567 4990 eis
2595 4944 2807 5004 auctor,
2845 4939 2937 5009 qui
2973 4939 3065 4993 illo
3087 4943 3325 5010 correpti

1769 5038 1935 5084 sunt:
1971 5028 2225 5101 quodque
2265 5027 2401 5081 adeo
2450 5028 2540 5083 hic
2566 5044 2767 5084 excuso
2801 5029 3127 5099 defugioqne
3174 5032 3326 5086 nullo

1769 5121 1903 5175 vitio
1929 5129 2023 5173 aut
2052 5121 2175 5173 fuco
2197 5119 2337 5188 aequi
2365 5119 2605 5190 bonique
2631 5122 2853 5183 consule
2878 5139 2891 5187 ;
2928 5136 3030 5175 nec
3051 5120 3243 5175 iisdem
3274 5131 3327 5178 te

1769 5211 1972 5276 verbis,
2018 5212 2218 5280 quibus
2248 5212 2437 5266 eadem
2466 5213 2579 5268 fere
2613 5214 2919 5275 occasione,
2953 5212 3160 5280 Moyses
3206 5212 3322 5281 pri-

1771 5318 1940 5367 mum,
1974 5312 2200 5372 tumque
2242 5304 2440 5359 deinde
2478 5305 2742 5359 Jeremias
2772 5303 2943 5357 Deum
2978 5301 3127 5355 atl‘ati
3169 5312 3322 5366 sunt,

1768 5408 2039 5464 propense
2096 5393 2353 5449 atfantem
2406 5394 2691 5465 repuleris.
2732 5393 2808 5447 Ac
2840 5392 2992 5462 prior
3043 5390 3266 5460 quidem
3302 5406 3317 5443 :

1394 5545 1626 5603 unus
1656 5545 2055 5604 LECTIONES.
2118 5624 2121 5629 Α

200 5664 534 5756 ῗὺιαφόρων
576 5672 813 5756 δηλονότι
854 5674 993 5756 κατὰ
1033 5674 1243 5756 ούσίαν,
1270 5676 1430 5756 ﬁxa-3v
1478 5679 1677 5756 θεότητ‹

1778 5682 1842 5736 :al
1870 5681 2298 5756 ἀνθρωπότητος.
2331 5683 2457 5749 Quae
2492 5681 2684 5736 srifia‘t
2717 5679 3063 5737 essentialitcr
3079 5678 3329 5737 distincta

144 5732 252 5805 sint,
278 5738 326 5791 id
354 5732 444 5808 est,
474 5758 534 5796 ex
565 5732 754 5799 dcitate
786 5757 833 5800 et
865 5748 1201 5801 humanitate.

1278 5749 1321 5779 ⁸*
1355 5748 1441 5803 Fr.
1479 5748 1763 5822 μηδεμήν.
