  <div class='ocr_page' id='page_1' title='image "/cluster/home/n/w/nwhite01/storage/ocr_20150623/91/pst.000005712977/319.png"; bbox 0 0 3958 6338; ppageno 0'>
   <div class='ocr_carea' id='block_1_1' title="bbox 666 473 769 540">
    <p class='ocr_par' dir='ltr' id='par_1_1' title="bbox 666 473 769 540">
     <span class='ocr_line' id='line_1_1' title="bbox 666 473 769 540; baseline -0.029 0"><span class='ocrx_word' id='word_1_1' title='bbox 666 473 769 540; x_wconf 70' lang='lat'><strong>591</strong></span> 
     </span>
    </p>
   </div>
   <div class='ocr_carea' id='block_1_2' title="bbox 1811 469 2727 559">
    <p class='ocr_par' dir='ltr' id='par_1_2' title="bbox 1811 469 2727 559">
     <span class='ocr_line' id='line_1_2' title="bbox 1811 469 2727 559; baseline -0.002 -25"><span class='ocrx_word' id='word_1_2' title='bbox 1811 475 1870 534; x_wconf 90' lang='lat' dir='ltr'><strong>s.</strong></span> <span class='ocrx_word' id='word_1_3' title='bbox 1908 472 2191 559; x_wconf 78' lang='lat' dir='ltr'><strong>MAXIMI</strong></span> <span class='ocrx_word' id='word_1_4' title='bbox 2229 469 2727 533; x_wconf 78' lang='lat' dir='ltr'><strong>CONFEssoms</strong></span> 
     </span>
    </p>
   </div>
   <div class='ocr_carea' id='block_1_3' title="bbox 3771 459 3872 528">
    <p class='ocr_par' dir='ltr' id='par_1_3' title="bbox 3771 459 3872 528">
     <span class='ocr_line' id='line_1_3' title="bbox 3771 459 3872 528; baseline -0.05 0"><span class='ocrx_word' id='word_1_5' title='bbox 3771 459 3872 528; x_wconf 77' lang='lat'><strong>592</strong></span> 
     </span>
    </p>
   </div>
   <div class='ocr_carea' id='block_1_4' title="bbox 670 580 2233 663">
    <p class='ocr_par' dir='ltr' id='par_1_4' title="bbox 670 584 2214 663">
     <span class='ocr_line' id='line_1_4' title="bbox 670 584 2214 663; baseline -0.003 -20"><span class='ocrx_word' id='word_1_6' title='bbox 670 587 910 663; x_wconf 66' lang='lat' dir='ltr'><strong>divinius</strong></span> <span class='ocrx_word' id='word_1_7' title='bbox 934 595 1018 643; x_wconf 87' lang='lat' dir='ltr'><strong>est</strong></span> <span class='ocrx_word' id='word_1_8' title='bbox 1050 601 1319 658; x_wconf 89' lang='lat' dir='ltr'><strong>propense</strong></span> <span class='ocrx_word' id='word_1_9' title='bbox 1372 591 1785 651; x_wconf 86' lang='lat' dir='ltr'><strong>transmutatur,</strong></span> <span class='ocrx_word' id='word_1_10' title='bbox 1844 586 1934 640; x_wconf 91' lang='lat' dir='ltr'><strong>cui</strong></span> <span class='ocrx_word' id='word_1_11' title='bbox 1992 585 2046 641; x_wconf 93' lang='lat' dir='ltr'><strong>id</strong></span> <span class='ocrx_word' id='word_1_12' title='bbox 2080 584 2214 643; x_wconf 86' lang='lat' dir='ltr'><strong>tanti</strong></span> 
     </span>
    </p>
   </div>
   <div class='ocr_carea' id='block_1_5' title="bbox 2325 580 3874 663">
    <p class='ocr_par' dir='ltr' id='par_1_5' title="bbox 2325 580 3874 653">
     <span class='ocr_line' id='line_1_5' title="bbox 2325 580 3874 653; baseline 0.001 -18"><span class='ocrx_word' id='word_1_13' title='bbox 2325 583 2672 637; x_wconf 80' lang='grc' dir='ltr'><strong>υἰοθετεϊσθαι</strong></span> <span class='ocrx_word' id='word_1_14' title='bbox 2722 581 3166 652; x_wconf 61' lang='grc' dir='ltr'><strong>καταξιούμενοςξ</strong></span> <span class='ocrx_word' id='word_1_15' title='bbox 3229 581 3324 636; x_wconf 74' lang='grc' dir='ltr'><strong>καὶ</strong></span> <span class='ocrx_word' id='word_1_16' title='bbox 3347 580 3601 637; x_wconf 81' lang='grc' dir='ltr'><strong>τοσοῦτόν</strong></span> <span class='ocrx_word' id='word_1_17' title='bbox 3648 599 3716 653; x_wconf 91' lang='grc' dir='ltr'><strong>με</strong></span> <span class='ocrx_word' id='word_1_18' title='bbox 3776 585 3874 653; x_wconf 78' lang='grc' dir='ltr'><strong>τῆς</strong></span> 
     </span>
    </p>
   </div>
   <div class='ocr_carea' id='block_1_6' title="bbox 666 674 2216 747">
    <p class='ocr_par' dir='ltr' id='par_1_6' title="bbox 666 674 2216 747">
     <span class='ocr_line' id='line_1_6' title="bbox 666 674 2216 747; baseline -0.004 -14"><span class='ocrx_word' id='word_1_19' title='bbox 666 679 916 733; x_wconf 88' lang='lat' dir='ltr'><strong>muneris</strong></span> <span class='ocrx_word' id='word_1_20' title='bbox 948 677 1160 747; x_wconf 90' lang='lat' dir='ltr'><strong>obtigit,</strong></span> <span class='ocrx_word' id='word_1_21' title='bbox 1194 684 1252 731; x_wconf 91' lang='lat' dir='ltr'><strong>ut</strong></span> <span class='ocrx_word' id='word_1_22' title='bbox 1284 677 1340 730; x_wconf 92' lang='lat' dir='ltr'><strong>in</strong></span> <span class='ocrx_word' id='word_1_23' title='bbox 1377 674 1550 729; x_wconf 84' lang='lat' dir='ltr'><strong>ﬁlium</strong></span> <span class='ocrx_word' id='word_1_24' title='bbox 1585 675 1651 731; x_wconf 89' lang='lat' dir='ltr'><strong>ab</strong></span> <span class='ocrx_word' id='word_1_25' title='bbox 1699 674 2081 730; x_wconf 87' lang='lat' dir='ltr'><strong>universorum</strong></span> <span class='ocrx_word' id='word_1_26' title='bbox 2113 675 2216 729; x_wconf 82' lang='lat' dir='ltr'><strong>Pa-</strong></span> 
     </span>
    </p>
   </div>
   <div class='ocr_carea' id='block_1_7' title="bbox 670 764 2218 837">
    <p class='ocr_par' dir='ltr' id='par_1_7' title="bbox 670 764 2218 837">
     <span class='ocr_line' id='line_1_7' title="bbox 670 764 2218 837; baseline -0.004 -15"><span class='ocrx_word' id='word_1_27' title='bbox 670 775 827 822; x_wconf 92' lang='lat' dir='ltr'><strong>rente</strong></span> <span class='ocrx_word' id='word_1_28' title='bbox 901 767 1207 837; x_wconf 90' lang='lat' dir='ltr'><strong>adoptetur.</strong></span> <span class='ocrx_word' id='word_1_29' title='bbox 1273 765 1618 836; x_wconf 78' lang='lat' dir='ltr'><strong>Tantumque</strong></span> <span class='ocrx_word' id='word_1_30' title='bbox 1676 780 1763 820; x_wconf 90' lang='lat' dir='ltr'><strong>me</strong></span> <span class='ocrx_word' id='word_1_31' title='bbox 1823 780 1855 820; x_wconf 87' lang='lat' dir='ltr'><strong>a</strong></span> <span class='ocrx_word' id='word_1_32' title='bbox 1907 764 2218 818; x_wconf 89' lang='lat' dir='ltr'><strong>divinorum</strong></span> 
     </span>
    </p>
   </div>
   <div class='ocr_carea' id='block_1_8' title="bbox 672 855 2264 927">
    <p class='ocr_par' dir='ltr' id='par_1_8' title="bbox 672 855 2264 927">
     <span class='ocr_line' id='line_1_8' title="bbox 672 855 2264 927; baseline -0.004 -16"><span class='ocrx_word' id='word_1_33' title='bbox 672 856 1020 911; x_wconf 81' lang='lat' dir='ltr'><strong>decretorum</strong></span> <span class='ocrx_word' id='word_1_34' title='bbox 1054 856 1357 927; x_wconf 75' lang='lat' dir='ltr'><strong>ignorantia</strong></span> <span class='ocrx_word' id='word_1_35' title='bbox 1384 855 1609 911; x_wconf 90' lang='lat' dir='ltr'><strong>liberari</strong></span> <span class='ocrx_word' id='word_1_36' title='bbox 1667 855 1918 927; x_wconf 78' lang='lat' dir='ltr'><strong>cognovi,</strong></span> <span class='ocrx_word' id='word_1_37' title='bbox 1951 864 2218 924; x_wconf 89' lang='lat' dir='ltr'><strong>quantum</strong></span> <span class='ocrx_word' id='word_1_38' title='bbox 2260 885 2264 889; x_wconf 57' lang='grc' dir='ltr'><em>ι</em></span> 
     </span>
    </p>
   </div>
   <div class='ocr_carea' id='block_1_9' title="bbox 672 942 2219 1014">
    <p class='ocr_par' dir='ltr' id='par_1_9' title="bbox 672 942 2219 1014">
     <span class='ocr_line' id='line_1_9' title="bbox 672 942 2219 1014; baseline -0.003 -14"><span class='ocrx_word' id='word_1_39' title='bbox 672 956 831 1000; x_wconf 85' lang='lat' dir='ltr'><strong>antea</strong></span> <span class='ocrx_word' id='word_1_40' title='bbox 866 961 1055 1001; x_wconf 88' lang='lat' dir='ltr'><strong>eorum</strong></span> <span class='ocrx_word' id='word_1_41' title='bbox 1086 946 1219 1000; x_wconf 90' lang='lat' dir='ltr'><strong>mihi</strong></span> <span class='ocrx_word' id='word_1_42' title='bbox 1252 945 1479 1000; x_wconf 89' lang='lat' dir='ltr'><strong>videbar</strong></span> <span class='ocrx_word' id='word_1_43' title='bbox 1513 946 1743 1001; x_wconf 83' lang='lat' dir='ltr'><strong>scientia</strong></span> <span class='ocrx_word' id='word_1_44' title='bbox 1781 944 1983 1000; x_wconf 79' lang='lat' dir='ltr'><strong>fulciri.</strong></span> <span class='ocrx_word' id='word_1_45' title='bbox 2017 942 2219 1014; x_wconf 80' lang='lat' dir='ltr'><strong>Quam-</strong></span> 
     </span>
    </p>
   </div>
   <div class='ocr_carea' id='block_1_10' title="bbox 653 1033 2261 1110">
    <p class='ocr_par' dir='ltr' id='par_1_10' title="bbox 653 1033 2261 1110">
     <span class='ocr_line' id='line_1_10' title="bbox 653 1033 2261 1110; baseline -0.003 -19"><span class='ocrx_word' id='word_1_46' title='bbox 653 1037 862 1110; x_wconf 69' lang='lat' dir='ltr'><strong>obrem</strong></span> <span class='ocrx_word' id='word_1_47' title='bbox 888 1035 1190 1091; x_wconf 84' lang='lat' dir='ltr'><strong>admiratus</strong></span> <span class='ocrx_word' id='word_1_48' title='bbox 1212 1044 1359 1090; x_wconf 91' lang='lat' dir='ltr'><strong>tuam</strong></span> <span class='ocrx_word' id='word_1_49' title='bbox 1398 1034 1454 1089; x_wconf 93' lang='lat' dir='ltr'><strong>in</strong></span> <span class='ocrx_word' id='word_1_50' title='bbox 1485 1036 1741 1090; x_wconf 90' lang='lat' dir='ltr'><strong>omnibus</strong></span> <span class='ocrx_word' id='word_1_51' title='bbox 1776 1033 2075 1099; x_wconf 85' lang='lat' dir='ltr'><strong>solertiam,</strong></span> <span class='ocrx_word' id='word_1_52' title='bbox 2099 1047 2219 1088; x_wconf 91' lang='lat' dir='ltr'><strong>eam</strong></span> <span class='ocrx_word' id='word_1_53' title='bbox 2260 1076 2261 1079; x_wconf 54' lang='grc' dir='ltr'><strong>η</strong></span> 
     </span>
    </p>
   </div>
   <div class='ocr_carea' id='block_1_11' title="bbox 672 1121 2221 1193">
    <p class='ocr_par' dir='ltr' id='par_1_11' title="bbox 672 1121 2221 1193">
     <span class='ocr_line' id='line_1_11' title="bbox 672 1121 2221 1193; baseline -0.003 -13"><span class='ocrx_word' id='word_1_54' title='bbox 672 1124 1015 1181; x_wconf 76' lang='lat' dir='ltr'><strong>solummodo</strong></span> <span class='ocrx_word' id='word_1_55' title='bbox 1040 1121 1229 1179; x_wconf 70' lang='lat' dir='ltr'><strong>vocem</strong></span> <span class='ocrx_word' id='word_1_56' title='bbox 1263 1125 1434 1180; x_wconf 80' lang='lat' dir='ltr'><strong>extuli</strong></span> <span class='ocrx_word' id='word_1_57' title='bbox 1466 1139 1527 1178; x_wconf 89' lang='lat' dir='ltr'><strong>ac</strong></span> <span class='ocrx_word' id='word_1_58' title='bbox 1551 1124 1799 1184; x_wconf 84' lang='lat' dir='ltr'><strong>clamavi.</strong></span> <span class='ocrx_word' id='word_1_59' title='bbox 1821 1139 1926 1193; x_wconf 87' lang='lat' dir='ltr'><strong>qua</strong></span> <span class='ocrx_word' id='word_1_60' title='bbox 1946 1123 2073 1176; x_wconf 91' lang='lat' dir='ltr'><strong>olim</strong></span> <span class='ocrx_word' id='word_1_61' title='bbox 2100 1137 2221 1175; x_wconf 93' lang='lat' dir='ltr'><strong>mu-</strong></span> 
     </span>
    </p>
   </div>
   <div class='ocr_carea' id='block_1_12' title="bbox 670 1213 2219 1285">
    <p class='ocr_par' dir='ltr' id='par_1_12' title="bbox 670 1213 2219 1285">
     <span class='ocr_line' id='line_1_12' title="bbox 670 1213 2219 1285; baseline -0.003 -15"><span class='ocrx_word' id='word_1_62' title='bbox 670 1215 776 1270; x_wconf 88' lang='lat' dir='ltr'><strong>lier</strong></span> <span class='ocrx_word' id='word_1_63' title='bbox 803 1214 1049 1285; x_wconf 60' lang='lat' dir='ltr'><strong>quaedam</strong></span> <span class='ocrx_word' id='word_1_64' title='bbox 1078 1222 1135 1270; x_wconf 90' lang='lat' dir='ltr'><strong>et</strong></span> <span class='ocrx_word' id='word_1_65' title='bbox 1170 1215 1285 1284; x_wconf 89' lang='lat' dir='ltr'><strong>ipsa</strong></span> <span class='ocrx_word' id='word_1_66' title='bbox 1312 1213 1601 1269; x_wconf 90' lang='lat' dir='ltr'><strong>Dominum</strong></span> <span class='ocrx_word' id='word_1_67' title='bbox 1638 1213 1874 1267; x_wconf 90' lang='lat' dir='ltr'><strong>clamore</strong></span> <span class='ocrx_word' id='word_1_68' title='bbox 1906 1220 2219 1282; x_wconf 85' lang='lat' dir='ltr'><strong>prosecuta,</strong></span> 
     </span>
    </p>
   </div>
   <div class='ocr_carea' id='block_1_13' title="bbox 673 1302 2223 1374">
    <p class='ocr_par' dir='ltr' id='par_1_13' title="bbox 673 1302 2223 1374">
     <span class='ocr_line' id='line_1_13' title="bbox 673 1302 2223 1374; baseline -0.005 -13"><span class='ocrx_word' id='word_1_69' title='bbox 673 1305 800 1361; x_wconf 89' lang='lat' dir='ltr'><strong>dum</strong></span> <span class='ocrx_word' id='word_1_70' title='bbox 834 1305 979 1359; x_wconf 90' lang='lat' dir='ltr'><strong>illius</strong></span> <span class='ocrx_word' id='word_1_71' title='bbox 1003 1312 1185 1374; x_wconf 86' lang='lat' dir='ltr'><strong>stupet</strong></span> <span class='ocrx_word' id='word_1_72' title='bbox 1216 1304 1505 1358; x_wconf 83' lang='lat' dir='ltr'><strong>verborum</strong></span> <span class='ocrx_word' id='word_1_73' title='bbox 1531 1304 1850 1374; x_wconf 87' lang='lat' dir='ltr'><strong>potentiam,</strong></span> <span class='ocrx_word' id='word_1_74' title='bbox 1889 1303 1998 1357; x_wconf 84' lang='lat' dir='ltr'><strong>ait:</strong></span> <span class='ocrx_word' id='word_1_75' title='bbox 2032 1302 2223 1358; x_wconf 75' lang='lat' dir='ltr'><strong>Beatus</strong></span> 
     </span>
    </p>
   </div>
   <div class='ocr_carea' id='block_1_14' title="bbox 674 1390 2225 1470">
    <p class='ocr_par' dir='ltr' id='par_1_14' title="bbox 674 1390 2225 1470">
     <span class='ocr_line' id='line_1_14' title="bbox 674 1390 2225 1470; baseline -0.005 -14"><span class='ocrx_word' id='word_1_76' title='bbox 674 1410 873 1467; x_wconf 79' lang='lat' dir='ltr'><strong>venter,</strong></span> <span class='ocrx_word' id='word_1_77' title='bbox 908 1402 996 1470; x_wconf 84' lang='lat' dir='ltr'><strong>qui</strong></span> <span class='ocrx_word' id='word_1_78' title='bbox 1027 1409 1074 1452; x_wconf 83' lang='lat' dir='ltr'><strong>te</strong></span> <span class='ocrx_word' id='word_1_79' title='bbox 1107 1400 1352 1470; x_wconf 80' lang='lat' dir='ltr'><strong>portavit,</strong></span> <span class='ocrx_word' id='word_1_80' title='bbox 1384 1390 1637 1463; x_wconf 51' lang='lat' dir='ltr'><strong>et&#39;ubera,</strong></span> <span class='ocrx_word' id='word_1_81' title='bbox 1669 1411 1786 1467; x_wconf 73' lang='lat' dir='ltr'><strong>qua:</strong></span> <span class='ocrx_word' id='word_1_82' title='bbox 1827 1396 2014 1449; x_wconf 67' lang='lat' dir='ltr'><strong>auxisti</strong></span> <span class='ocrx_word' id='word_1_83' title='bbox 2043 1395 2085 1447; x_wconf 68' lang='grc' dir='ltr'><strong>ί.</strong></span> <span class='ocrx_word' id='word_1_84' title='bbox 2120 1394 2225 1449; x_wconf 82' lang='lat' dir='ltr'><strong>Ne-</strong></span> 
     </span>
    </p>
   </div>
   <div class='ocr_carea' id='block_1_15' title="bbox 675 1484 2222 1561">
    <p class='ocr_par' dir='ltr' id='par_1_15' title="bbox 675 1484 2222 1561">
     <span class='ocr_line' id='line_1_15' title="bbox 675 1484 2222 1561; baseline -0.007 -14"><span class='ocrx_word' id='word_1_85' title='bbox 675 1506 781 1561; x_wconf 85' lang='lat' dir='ltr'><strong>que</strong></span> <span class='ocrx_word' id='word_1_86' title='bbox 818 1505 949 1545; x_wconf 91' lang='lat' dir='ltr'><strong>vero</strong></span> <span class='ocrx_word' id='word_1_87' title='bbox 987 1490 1162 1544; x_wconf 92' lang='lat' dir='ltr'><strong>solum</strong></span> <span class='ocrx_word' id='word_1_88' title='bbox 1194 1497 1476 1558; x_wconf 88' lang='lat' dir='ltr'><strong>parentem</strong></span> <span class='ocrx_word' id='word_1_89' title='bbox 1501 1497 1669 1551; x_wconf 87' lang='lat' dir='ltr'><strong>tuam,</strong></span> <span class='ocrx_word' id='word_1_90' title='bbox 1699 1484 2009 1547; x_wconf 79' lang='lat' dir='ltr'><strong>venerande</strong></span> <span class='ocrx_word' id='word_1_91' title='bbox 2040 1485 2222 1546; x_wconf 91' lang='lat' dir='ltr'><strong>Pater,</strong></span> 
     </span>
    </p>
   </div>
   <div class='ocr_carea' id='block_1_16' title="bbox 675 1576 2224 1651">
    <p class='ocr_par' dir='ltr' id='par_1_16' title="bbox 675 1576 2224 1651">
     <span class='ocr_line' id='line_1_16' title="bbox 675 1576 2224 1651; baseline -0.005 -15"><span class='ocrx_word' id='word_1_92' title='bbox 675 1582 886 1636; x_wconf 86' lang='lat' dir='ltr'><strong>beatam</strong></span> <span class='ocrx_word' id='word_1_93' title='bbox 920 1580 1177 1651; x_wconf 70' lang='lat' dir='ltr'><strong>pmdico,</strong></span> <span class='ocrx_word' id='word_1_94' title='bbox 1203 1594 1325 1649; x_wconf 62' lang='lat' dir='ltr'><strong>quae</strong></span> <span class='ocrx_word' id='word_1_95' title='bbox 1350 1588 1513 1633; x_wconf 71' lang='lat' dir='ltr'><strong>tanta:</strong></span> <span class='ocrx_word' id='word_1_96' title='bbox 1543 1577 1713 1646; x_wconf 90' lang='lat' dir='ltr'><strong>prolis</strong></span> <span class='ocrx_word' id='word_1_97' title='bbox 1743 1576 1882 1631; x_wconf 84' lang='lat' dir='ltr'><strong>efﬁci</strong></span> <span class='ocrx_word' id='word_1_98' title='bbox 1917 1584 2090 1629; x_wconf 86' lang='lat' dir='ltr'><strong>mater</strong></span> <span class='ocrx_word' id='word_1_99' title='bbox 2110 1590 2224 1629; x_wconf 85' lang='lat' dir='ltr'><strong>me-</strong></span> 
     </span>
    </p>
   </div>
   <div class='ocr_carea' id='block_1_17' title="bbox 675 1668 2257 1739">
    <p class='ocr_par' dir='ltr' id='par_1_17' title="bbox 675 1668 2257 1739">
     <span class='ocr_line' id='line_1_17' title="bbox 675 1668 2257 1739; baseline -0.006 -10"><span class='ocrx_word' id='word_1_100' title='bbox 675 1674 885 1739; x_wconf 82' lang='lat' dir='ltr'><strong>ruerit;</strong></span> <span class='ocrx_word' id='word_1_101' title='bbox 925 1687 1115 1726; x_wconf 87' lang='lat' dir='ltr'><strong>verum</strong></span> <span class='ocrx_word' id='word_1_102' title='bbox 1130 1672 1291 1725; x_wconf 88' lang='lat' dir='ltr'><strong>etiam</strong></span> <span class='ocrx_word' id='word_1_103' title='bbox 1323 1684 1443 1739; x_wconf 60' lang='lat' dir='ltr'><strong>qua:</strong></span> <span class='ocrx_word' id='word_1_104' title='bbox 1468 1668 1762 1739; x_wconf 84' lang='lat' dir='ltr'><strong>concipiat,</strong></span> <span class='ocrx_word' id='word_1_105' title='bbox 1789 1668 2048 1737; x_wconf 89' lang='lat' dir='ltr'><strong>piumque</strong></span> <span class='ocrx_word' id='word_1_106' title='bbox 2083 1681 2225 1721; x_wconf 84' lang='lat' dir='ltr'><strong>sem-</strong></span> <span class='ocrx_word' id='word_1_107' title='bbox 2256 1726 2257 1729; x_wconf 28' lang='grc' dir='ltr'><strong>η</strong></span> 
     </span>
    </p>
   </div>
   <div class='ocr_carea' id='block_1_18' title="bbox 676 1758 2224 1833">
    <p class='ocr_par' dir='ltr' id='par_1_18' title="bbox 676 1758 2224 1833">
     <span class='ocr_line' id='line_1_18' title="bbox 676 1758 2224 1833; baseline -0.005 -15"><span class='ocrx_word' id='word_1_108' title='bbox 676 1780 775 1833; x_wconf 90' lang='lat' dir='ltr'><strong>per</strong></span> <span class='ocrx_word' id='word_1_109' title='bbox 801 1766 1106 1817; x_wconf 86' lang='lat' dir='ltr'><strong>sermonem</strong></span> <span class='ocrx_word' id='word_1_110' title='bbox 1140 1767 1195 1813; x_wconf 91' lang='lat' dir='ltr'><strong>et</strong></span> <span class='ocrx_word' id='word_1_111' title='bbox 1226 1759 1400 1828; x_wconf 87' lang='lat' dir='ltr'><strong>pariat</strong></span> <span class='ocrx_word' id='word_1_112' title='bbox 1430 1768 1487 1813; x_wconf 90' lang='lat' dir='ltr'><strong>et</strong></span> <span class='ocrx_word' id='word_1_113' title='bbox 1512 1758 1771 1821; x_wconf 86' lang='lat' dir='ltr'><strong>enitatur,</strong></span> <span class='ocrx_word' id='word_1_114' title='bbox 1790 1766 2027 1812; x_wconf 82' lang='lat' dir='ltr'><strong>mentem</strong></span> <span class='ocrx_word' id='word_1_115' title='bbox 2054 1765 2224 1823; x_wconf 89' lang='lat' dir='ltr'><strong>tuam;</strong></span> 
     </span>
    </p>
   </div>
   <div class='ocr_carea' id='block_1_19' title="bbox 679 1841 2239 1922">
    <p class='ocr_par' dir='ltr' id='par_1_19' title="bbox 679 1841 2239 1922">
     <span class='ocr_line' id='line_1_19' title="bbox 679 1841 2239 1922; baseline -0.005 -16"><span class='ocrx_word' id='word_1_116' title='bbox 679 1861 740 1906; x_wconf 90' lang='lat' dir='ltr'><strong>ut</strong></span> <span class='ocrx_word' id='word_1_117' title='bbox 761 1867 879 1922; x_wconf 67' lang='lat' dir='ltr'><strong>qua:</strong></span> <span class='ocrx_word' id='word_1_118' title='bbox 912 1866 1007 1921; x_wconf 91' lang='lat' dir='ltr'><strong>per</strong></span> <span class='ocrx_word' id='word_1_119' title='bbox 1032 1848 1260 1921; x_wconf 88' lang='lat' dir='ltr'><strong>gratiam</strong></span> <span class='ocrx_word' id='word_1_120' title='bbox 1283 1888 1296 1911; x_wconf 90' lang='lat'><strong>,</strong></span> <span class='ocrx_word' id='word_1_121' title='bbox 1333 1848 1614 1903; x_wconf 89' lang='lat' dir='ltr'><strong>Sermonis</strong></span> <span class='ocrx_word' id='word_1_122' title='bbox 1654 1855 1851 1902; x_wconf 90' lang='lat' dir='ltr'><strong>natura</strong></span> <span class='ocrx_word' id='word_1_123' title='bbox 1904 1841 2239 1915; x_wconf 84' lang='lat' dir='ltr'><strong>superioris,-</strong></span> 
     </span>
    </p>
   </div>
   <div class='ocr_carea' id='block_1_20' title="bbox 2315 672 3874 751">
    <p class='ocr_par' dir='ltr' id='par_1_20' title="bbox 2315 672 3874 751">
     <span class='ocr_line' id='line_1_20' title="bbox 2315 672 3874 751; baseline 0.001 -26"><span class='ocrx_word' id='word_1_124' title='bbox 2315 674 2407 727; x_wconf 74' lang='grc' dir='ltr'><strong>ἐπὶ</strong></span> <span class='ocrx_word' id='word_1_125' title='bbox 2434 677 2546 736; x_wconf 84' lang='grc' dir='ltr'><strong>τοῖς</strong></span> <span class='ocrx_word' id='word_1_126' title='bbox 2574 674 2737 737; x_wconf 89' lang='grc' dir='ltr'><strong>θείοις</strong></span> <span class='ocrx_word' id='word_1_127' title='bbox 2778 673 3040 744; x_wconf 75' lang='grc' dir='ltr'><strong>δόγμασιν</strong></span> <span class='ocrx_word' id='word_1_128' title='bbox 3073 674 3291 751; x_wconf 79' lang='grc' dir='ltr'><strong>ἀγνοίας</strong></span> <span class='ocrx_word' id='word_1_129' title='bbox 3317 672 3704 744; x_wconf 86' lang='grc' dir='ltr'><strong>λυτρούμενον,</strong></span> <span class='ocrx_word' id='word_1_130' title='bbox 3751 673 3874 728; x_wconf 78' lang='grc' dir='ltr'><strong>ὅσον</strong></span> 
     </span>
    </p>
   </div>
   <div class='ocr_carea' id='block_1_21' title="bbox 2314 754 3871 834">
    <p class='ocr_par' dir='ltr' id='par_1_21' title="bbox 2314 754 3871 834">
     <span class='ocr_line' id='line_1_21' title="bbox 2314 754 3871 834; baseline 0.002 -19"><span class='ocrx_word' id='word_1_131' title='bbox 2314 763 2374 815; x_wconf 84' lang='grc' dir='ltr'><strong>τὺ</strong></span> <span class='ocrx_word' id='word_1_132' title='bbox 2397 763 2523 833; x_wconf 72' lang='grc' dir='ltr'><strong>πρὶν</strong></span> <span class='ocrx_word' id='word_1_133' title='bbox 2554 764 2651 833; x_wconf 82' lang='grc' dir='ltr'><strong>τῆς</strong></span> <span class='ocrx_word' id='word_1_134' title='bbox 2680 762 2766 816; x_wconf 72' lang='grc' dir='ltr'><strong>ἐπ’</strong></span> <span class='ocrx_word' id='word_1_135' title='bbox 2800 765 2979 826; x_wconf 83' lang='grc' dir='ltr'><strong>αὐτοῖς</strong></span> <span class='ocrx_word' id='word_1_136' title='bbox 3003 764 3218 817; x_wconf 80' lang='grc' dir='ltr'><strong>ἐδόκουν</strong></span> <span class='ocrx_word' id='word_1_137' title='bbox 3252 754 3567 834; x_wconf 72' lang='grc' dir='ltr'><strong>ἀντέχεσθαι</strong></span> <span class='ocrx_word' id='word_1_138' title='bbox 3596 763 3871 832; x_wconf 82' lang='grc' dir='ltr'><strong>γνώσεως.</strong></span> 
     </span>
    </p>
   </div>
   <div class='ocr_carea' id='block_1_22' title="bbox 2318 851 3874 925">
    <p class='ocr_par' dir='ltr' id='par_1_22' title="bbox 2318 851 3874 925">
     <span class='ocr_line' id='line_1_22' title="bbox 2318 851 3874 925; baseline 0.002 -21"><span class='ocrx_word' id='word_1_139' title='bbox 2318 853 2409 906; x_wconf 82' lang='grc' dir='ltr'><strong>Διὸ</strong></span> <span class='ocrx_word' id='word_1_140' title='bbox 2459 851 2745 921; x_wconf 80' lang='grc' dir='ltr'><strong>θαυμάσας</strong></span> <span class='ocrx_word' id='word_1_141' title='bbox 2780 870 2871 906; x_wconf 92' lang='grc' dir='ltr'><strong>σου</strong></span> <span class='ocrx_word' id='word_1_142' title='bbox 2928 853 3024 923; x_wconf 80' lang='grc' dir='ltr'><strong>τὴν</strong></span> <span class='ocrx_word' id='word_1_143' title='bbox 3057 855 3114 907; x_wconf 83' lang='grc' dir='ltr'><strong>ὲν</strong></span> <span class='ocrx_word' id='word_1_144' title='bbox 3163 853 3303 916; x_wconf 82' lang='grc' dir='ltr'><strong>ὅλοις</strong></span> <span class='ocrx_word' id='word_1_145' title='bbox 3353 854 3651 924; x_wconf 80' lang='grc' dir='ltr'><strong>ἀγχίνοιαν,</strong></span> <span class='ocrx_word' id='word_1_146' title='bbox 3708 855 3874 925; x_wconf 86' lang='grc' dir='ltr'><strong>μόνην</strong></span> 
     </span>
    </p>
   </div>
   <div class='ocr_carea' id='block_1_23' title="bbox 2318 943 3874 1019">
    <p class='ocr_par' dir='ltr' id='par_1_23' title="bbox 2318 943 3874 1019">
     <span class='ocr_line' id='line_1_23' title="bbox 2318 943 3874 1019; baseline 0.002 -24"><span class='ocrx_word' id='word_1_147' title='bbox 2318 943 2534 1015; x_wconf 73' lang='grc' dir='ltr'><strong>ἐκείνην</strong></span> <span class='ocrx_word' id='word_1_148' title='bbox 2589 944 2899 1013; x_wconf 78' lang='grc' dir='ltr'><strong>ἀναϐοήσας</strong></span> <span class='ocrx_word' id='word_1_149' title='bbox 2950 944 3057 1015; x_wconf 86' lang='grc' dir='ltr'><strong>τὴν</strong></span> <span class='ocrx_word' id='word_1_150' title='bbox 3095 945 3273 1015; x_wconf 79' lang='grc' dir='ltr'><strong>φωνὴν</strong></span> <span class='ocrx_word' id='word_1_151' title='bbox 3316 946 3771 1017; x_wconf 69' lang='grc' dir='ltr'><strong>ἀπεφθεγξάμην,</strong></span> <span class='ocrx_word' id='word_1_152' title='bbox 3811 948 3874 1019; x_wconf 73' lang='grc' dir='ltr'><strong>ῆν</strong></span> 
     </span>
    </p>
   </div>
   <div class='ocr_carea' id='block_1_24' title="bbox 2320 1022 3874 1108">
    <p class='ocr_par' dir='ltr' id='par_1_24' title="bbox 2320 1022 3874 1108">
     <span class='ocr_line' id='line_1_24' title="bbox 2320 1022 3874 1108; baseline 0.003 -22"><span class='ocrx_word' id='word_1_153' title='bbox 2320 1034 2484 1087; x_wconf 87' lang='grc' dir='ltr'><strong>πάλαι</strong></span> <span class='ocrx_word' id='word_1_154' title='bbox 2518 1034 2652 1105; x_wconf 82' lang='grc' dir='ltr'><strong>γυνή</strong></span> <span class='ocrx_word' id='word_1_155' title='bbox 2682 1022 2764 1098; x_wconf 81' lang='grc' dir='ltr'><strong>τις</strong></span> <span class='ocrx_word' id='word_1_156' title='bbox 2797 1034 2932 1103; x_wconf 85' lang='grc' dir='ltr'><strong>πρὸς</strong></span> <span class='ocrx_word' id='word_1_157' title='bbox 2982 1035 3073 1088; x_wconf 73' lang='grc' dir='ltr'><strong>τὸν</strong></span> <span class='ocrx_word' id='word_1_158' title='bbox 3116 1035 3318 1108; x_wconf 83' lang='grc' dir='ltr'><strong>Κύριον</strong></span> <span class='ocrx_word' id='word_1_159' title='bbox 3346 1037 3609 1108; x_wconf 78' lang='grc' dir='ltr'><strong>κέκραγε,</strong></span> <span class='ocrx_word' id='word_1_160' title='bbox 3638 1038 3749 1090; x_wconf 88' lang='grc' dir='ltr'><strong>τῶν</strong></span> <span class='ocrx_word' id='word_1_161' title='bbox 3781 1037 3874 1090; x_wconf 61' lang='lat' dir='ltr'><strong>ab.</strong></span> 
     </span>
    </p>
   </div>
   <div class='ocr_carea' id='block_1_25' title="bbox 2319 1124 3875 1199">
    <p class='ocr_par' dir='ltr' id='par_1_25' title="bbox 2319 1124 3875 1199">
     <span class='ocr_line' id='line_1_25' title="bbox 2319 1124 3875 1199; baseline 0.003 -23"><span class='ocrx_word' id='word_1_162' title='bbox 2319 1124 2410 1177; x_wconf 73' lang='grc' dir='ltr'><strong>τοῦ</strong></span> <span class='ocrx_word' id='word_1_163' title='bbox 2440 1124 2696 1195; x_wconf 80' lang='grc' dir='ltr'><strong>ῥημάτων</strong></span> <span class='ocrx_word' id='word_1_164' title='bbox 2727 1125 3141 1194; x_wconf 87' lang='grc' dir='ltr'><strong>καταπλαγεῖσα</strong></span> <span class='ocrx_word' id='word_1_165' title='bbox 3187 1126 3284 1197; x_wconf 85' lang='grc' dir='ltr'><strong>τὴν</strong></span> <span class='ocrx_word' id='word_1_166' title='bbox 3323 1127 3568 1199; x_wconf 90' lang='grc' dir='ltr'><strong>δύναμιν·</strong></span> <span class='ocrx_word' id='word_1_167' title='bbox 3605 1128 3875 1194; x_wconf 70' lang='grc' dir='ltr'><strong>Μακαρία</strong></span> 
     </span>
    </p>
   </div>
   <div class='ocr_carea' id='block_1_26' title="bbox 2324 1214 3873 1287">
    <p class='ocr_par' dir='ltr' id='par_1_26' title="bbox 2324 1214 3873 1287">
     <span class='ocr_line' id='line_1_26' title="bbox 2324 1214 3873 1287; baseline 0.005 -21"><span class='ocrx_word' id='word_1_168' title='bbox 2324 1214 2360 1281; x_wconf 72' lang='grc' dir='ltr'><strong><em>ἡ</em></strong></span> <span class='ocrx_word' id='word_1_169' title='bbox 2393 1216 2586 1270; x_wconf 66' lang='grc' dir='ltr'><strong>κοιλία</strong></span> <span class='ocrx_word' id='word_1_170' title='bbox 2615 1216 2652 1283; x_wconf 76' lang='grc' dir='ltr'><strong><em>ἠ</em></strong></span> <span class='ocrx_word' id='word_1_171' title='bbox 2682 1214 3047 1280; x_wconf 79' lang='grc' dir='ltr'><strong>βαστάσασά</strong></span> <span class='ocrx_word' id='word_1_172' title='bbox 3086 1232 3179 1281; x_wconf 87' lang='grc' dir='ltr'><strong>σε,</strong></span> <span class='ocrx_word' id='word_1_173' title='bbox 3225 1218 3321 1271; x_wconf 78' lang='grc' dir='ltr'><strong>καὶ</strong></span> <span class='ocrx_word' id='word_1_174' title='bbox 3346 1218 3569 1287; x_wconf 74' lang='grc' dir='ltr'><strong>μαστοὶ</strong></span> <span class='ocrx_word' id='word_1_175' title='bbox 3606 1218 3713 1283; x_wconf 79' lang='grc' dir='ltr'><strong>οὓς</strong></span> <span class='ocrx_word' id='word_1_176' title='bbox 3739 1219 3873 1283; x_wconf 83' lang='grc' dir='ltr'><strong>ἐθή-</strong></span> 
     </span>
    </p>
   </div>
   <div class='ocr_carea' id='block_1_27' title="bbox 2321 1306 3870 1382">
    <p class='ocr_par' dir='ltr' id='par_1_27' title="bbox 2321 1306 3870 1382">
     <span class='ocr_line' id='line_1_27' title="bbox 2321 1306 3870 1382; baseline 0.003 -25"><span class='ocrx_word' id='word_1_177' title='bbox 2321 1307 2535 1370; x_wconf 74' lang='grc' dir='ltr'><strong>λασας.</strong></span> <span class='ocrx_word' id='word_1_178' title='bbox 2588 1306 2662 1357; x_wconf 84' lang='grc' dir='ltr'><strong>Οὐ</strong></span> <span class='ocrx_word' id='word_1_179' title='bbox 2713 1306 2871 1376; x_wconf 88' lang='grc' dir='ltr'><strong>μόνον</strong></span> <span class='ocrx_word' id='word_1_180' title='bbox 2905 1306 2961 1359; x_wconf 84' lang='grc' dir='ltr'><strong>δὲ</strong></span> <span class='ocrx_word' id='word_1_181' title='bbox 2993 1306 3101 1379; x_wconf 28' lang='grc' dir='ltr'><strong>κτὴν</strong></span> <span class='ocrx_word' id='word_1_182' title='bbox 3146 1310 3521 1382; x_wconf 36' lang='grc' dir='ltr'><strong>τεκοῦσάνεσε</strong></span> <span class='ocrx_word' id='word_1_183' title='bbox 3564 1309 3870 1379; x_wconf 73' lang='grc' dir='ltr'><strong>μακαρίζω,</strong></span> 
     </span>
    </p>
   </div>
   <div class='ocr_carea' id='block_1_28' title="bbox 2322 1393 3871 1469">
    <p class='ocr_par' dir='ltr' id='par_1_28' title="bbox 2322 1393 3871 1469">
     <span class='ocr_line' id='line_1_28' title="bbox 2322 1393 3871 1469; baseline 0.005 -23"><span class='ocrx_word' id='word_1_184' title='bbox 2322 1393 2469 1464; x_wconf 85' lang='grc' dir='ltr'><strong>τίμιε</strong></span> <span class='ocrx_word' id='word_1_185' title='bbox 2512 1395 2729 1464; x_wconf 85' lang='grc' dir='ltr'><strong>Πάτερ,</strong></span> <span class='ocrx_word' id='word_1_186' title='bbox 2778 1396 2853 1460; x_wconf 83' lang='grc' dir='ltr'><strong>ὡς</strong></span> <span class='ocrx_word' id='word_1_187' title='bbox 2903 1398 3141 1451; x_wconf 86' lang='grc' dir='ltr'><strong>τοιούτου</strong></span> <span class='ocrx_word' id='word_1_188' title='bbox 3200 1400 3408 1469; x_wconf 85' lang='grc' dir='ltr'><strong>μητέρα</strong></span> <span class='ocrx_word' id='word_1_189' title='bbox 3449 1400 3701 1468; x_wconf 80' lang='grc' dir='ltr'><strong>γενέσθαι</strong></span> <span class='ocrx_word' id='word_1_190' title='bbox 3746 1418 3871 1454; x_wconf 83' lang='grc' dir='ltr'><strong>κατ-</strong></span> 
     </span>
    </p>
   </div>
   <div class='ocr_carea' id='block_1_29' title="bbox 2323 1484 3872 1562">
    <p class='ocr_par' dir='ltr' id='par_1_29' title="bbox 2323 1484 3872 1562">
     <span class='ocr_line' id='line_1_29' title="bbox 2323 1484 3872 1562; baseline 0.005 -25"><span class='ocrx_word' id='word_1_191' title='bbox 2323 1484 2659 1549; x_wconf 76' lang='grc' dir='ltr'><strong>αξιωθεῖσαν·</strong></span> <span class='ocrx_word' id='word_1_192' title='bbox 2684 1487 2818 1542; x_wconf 83' lang='grc' dir='ltr'><strong>άλλά</strong></span> <span class='ocrx_word' id='word_1_193' title='bbox 2840 1489 2932 1542; x_wconf 79' lang='grc' dir='ltr'><strong>καὶ</strong></span> <span class='ocrx_word' id='word_1_194' title='bbox 2953 1489 3047 1560; x_wconf 79' lang='grc' dir='ltr'><strong>τὴν</strong></span> <span class='ocrx_word' id='word_1_195' title='bbox 3069 1490 3565 1562; x_wconf 73' lang='grc' dir='ltr'><strong>συλλαμϐάνουσαν,</strong></span> <span class='ocrx_word' id='word_1_196' title='bbox 3597 1494 3689 1545; x_wconf 77' lang='grc' dir='ltr'><strong>καὶ</strong></span> <span class='ocrx_word' id='word_1_197' title='bbox 3715 1492 3872 1555; x_wconf 83' lang='grc' dir='ltr'><strong>κύου-</strong></span> 
     </span>
    </p>
   </div>
   <div class='ocr_carea' id='block_1_30' title="bbox 2327 1576 3871 1648">
    <p class='ocr_par' dir='ltr' id='par_1_30' title="bbox 2327 1576 3871 1648">
     <span class='ocr_line' id='line_1_30' title="bbox 2327 1576 3871 1648; baseline 0.004 -21"><span class='ocrx_word' id='word_1_198' title='bbox 2327 1591 2425 1628; x_wconf 92' lang='grc' dir='ltr'><strong>σαν</strong></span> <span class='ocrx_word' id='word_1_199' title='bbox 2445 1576 2528 1628; x_wconf 72' lang='grc' dir='ltr'><strong>ἀεὶ</strong></span> <span class='ocrx_word' id='word_1_200' title='bbox 2551 1576 2641 1628; x_wconf 75' lang='grc' dir='ltr'><strong>τὸν</strong></span> <span class='ocrx_word' id='word_1_201' title='bbox 2671 1576 3035 1648; x_wconf 65' lang='grc' dir='ltr'><strong>εὐσεόἦλόγον</strong></span> <span class='ocrx_word' id='word_1_202' title='bbox 3064 1582 3158 1633; x_wconf 79' lang='grc' dir='ltr'><strong>καὶ</strong></span> <span class='ocrx_word' id='word_1_203' title='bbox 3172 1581 3457 1635; x_wconf 87' lang='grc' dir='ltr'><strong>τίκτουσάν</strong></span> <span class='ocrx_word' id='word_1_204' title='bbox 3484 1597 3576 1634; x_wconf 83' lang='grc' dir='ltr'><strong>σου</strong></span> <span class='ocrx_word' id='word_1_205' title='bbox 3607 1582 3841 1635; x_wconf 85' lang='grc' dir='ltr'><strong>διάνοιαν</strong></span> <span class='ocrx_word' id='word_1_206' title='bbox 3858 1597 3871 1611; x_wconf 76' lang='grc' dir='ltr'><strong>ο</strong></span> 
     </span>
    </p>
   </div>
   <div class='ocr_carea' id='block_1_31' title="bbox 2304 1655 3875 1740">
    <p class='ocr_par' dir='ltr' id='par_1_31' title="bbox 2304 1655 3875 1740">
     <span class='ocr_line' id='line_1_31' title="bbox 2304 1655 3875 1740; baseline 0.004 -26"><span class='ocrx_word' id='word_1_207' title='bbox 2304 1655 2399 1726; x_wconf 72' lang='grc' dir='ltr'><strong>’ώς</strong></span> <span class='ocrx_word' id='word_1_208' title='bbox 2438 1662 2528 1716; x_wconf 83' lang='grc' dir='ltr'><strong>τοῦ</strong></span> <span class='ocrx_word' id='word_1_209' title='bbox 2567 1663 2704 1735; x_wconf 82' lang='grc' dir='ltr'><strong>ὑπὲρ</strong></span> <span class='ocrx_word' id='word_1_210' title='bbox 2751 1663 2909 1733; x_wconf 83' lang='grc' dir='ltr'><strong>φύσιν</strong></span> <span class='ocrx_word' id='word_1_211' title='bbox 2949 1668 3119 1734; x_wconf 80' lang='grc' dir='ltr'>Λόγου</span> <span class='ocrx_word' id='word_1_212' title='bbox 3156 1668 3298 1720; x_wconf 79' lang='grc' dir='ltr'><strong>κατὰ</strong></span> <span class='ocrx_word' id='word_1_213' title='bbox 3323 1668 3479 1740; x_wconf 84' lang='grc' dir='ltr'><strong>χάριν</strong></span> <span class='ocrx_word' id='word_1_214' title='bbox 3511 1668 3721 1722; x_wconf 81' lang='grc' dir='ltr'><strong>κοιλίαν</strong></span> <span class='ocrx_word' id='word_1_215' title='bbox 3746 1670 3875 1721; x_wconf 82' lang='grc' dir='ltr'><strong>ἀπο-</strong></span> 
     </span>
    </p>
   </div>
   <div class='ocr_carea' id='block_1_32' title="bbox 2326 1753 3875 1827">
    <p class='ocr_par' dir='ltr' id='par_1_32' title="bbox 2326 1753 3875 1827">
     <span class='ocr_line' id='line_1_32' title="bbox 2326 1753 3875 1827; baseline 0.005 -23"><span class='ocrx_word' id='word_1_216' title='bbox 2326 1753 2616 1821; x_wconf 84' lang='grc' dir='ltr'><strong>φανοείσαν</strong></span> <span class='ocrx_word' id='word_1_217' title='bbox 2640 1755 2967 1826; x_wconf 81' lang='grc' dir='ltr'><strong>χωρητικὴν,</strong></span> <span class='ocrx_word' id='word_1_218' title='bbox 3008 1756 3095 1808; x_wconf 82' lang='grc' dir='ltr'><strong>διὰ</strong></span> <span class='ocrx_word' id='word_1_219' title='bbox 3129 1756 3226 1827; x_wconf 80' lang='grc' dir='ltr'><strong>τὴν</strong></span> <span class='ocrx_word' id='word_1_220' title='bbox 3250 1758 3384 1827; x_wconf 81' lang='grc' dir='ltr'><strong>πρὸς</strong></span> <span class='ocrx_word' id='word_1_221' title='bbox 3412 1758 3573 1812; x_wconf 76' lang='grc' dir='ltr'><strong>αὑτὸν</strong></span> <span class='ocrx_word' id='word_1_222' title='bbox 3599 1760 3690 1811; x_wconf 83' lang='grc' dir='ltr'><strong>τὸν</strong></span> <span class='ocrx_word' id='word_1_223' title='bbox 3712 1759 3875 1826; x_wconf 79' lang='grc' dir='ltr'><strong>Λόγον</strong></span> 
     </span>
    </p>
   </div>
   <div class='ocr_carea' id='block_1_33' title="bbox 2326 1842 3872 1917">
    <p class='ocr_par' dir='ltr' id='par_1_33' title="bbox 2326 1842 3872 1917">
     <span class='ocr_line' id='line_1_33' title="bbox 2326 1842 3872 1917; baseline 0.004 -22"><span class='ocrx_word' id='word_1_224' title='bbox 2326 1842 2423 1912; x_wconf 81' lang='grc' dir='ltr'><strong>τῆς</strong></span> <span class='ocrx_word' id='word_1_225' title='bbox 2480 1843 2702 1914; x_wconf 79' lang='grc' dir='ltr'><strong>γνώμης</strong></span> <span class='ocrx_word' id='word_1_226' title='bbox 2745 1844 3036 1898; x_wconf 82' lang='grc' dir='ltr'><strong>οἰκείωσιν.</strong></span> <span class='ocrx_word' id='word_1_227' title='bbox 3093 1846 3203 1899; x_wconf 76' lang='grc' dir='ltr'><strong>Καὶ</strong></span> <span class='ocrx_word' id='word_1_228' title='bbox 3262 1846 3369 1917; x_wconf 81' lang='grc' dir='ltr'><strong>μὴν</strong></span> <span class='ocrx_word' id='word_1_229' title='bbox 3414 1847 3553 1899; x_wconf 82' lang='grc' dir='ltr'><strong>κατὰ</strong></span> <span class='ocrx_word' id='word_1_230' title='bbox 3582 1844 3743 1909; x_wconf 56' lang='lat' dir='ltr'><strong>sic“</strong></span> <span class='ocrx_word' id='word_1_231' title='bbox 3788 1849 3872 1909; x_wconf 80' lang='grc' dir='ltr'><strong>σὰς</strong></span> 
     </span>
    </p>
   </div>
   <div class='ocr_carea' id='block_1_34' title="bbox 681 1920 2233 2023">
    <p class='ocr_par' dir='ltr' id='par_1_34' title="bbox 681 1920 2224 2015">
     <span class='ocr_line' id='line_1_34' title="bbox 681 1920 2224 2015; baseline -0.005 -17"><span class='ocrx_word' id='word_1_232' title='bbox 681 1920 793 2015; x_wconf 79' lang='lat' dir='ltr'><strong>ipsa</strong></span> <span class='ocrx_word' id='word_1_233' title='bbox 815 1920 980 1997; x_wconf 87' lang='lat' dir='ltr'><strong>animi</strong></span> <span class='ocrx_word' id='word_1_234' title='bbox 1015 1920 1077 1996; x_wconf 87' lang='lat' dir='ltr'><strong>ac</strong></span> <span class='ocrx_word' id='word_1_235' title='bbox 1104 1939 1399 1995; x_wconf 86' lang='lat' dir='ltr'><strong>voluntatis</strong></span> <span class='ocrx_word' id='word_1_236' title='bbox 1444 1954 1569 1995; x_wconf 90' lang='lat' dir='ltr'><strong>cum</strong></span> <span class='ocrx_word' id='word_1_237' title='bbox 1622 1938 1885 1995; x_wconf 89' lang='lat' dir='ltr'><strong>Sermone</strong></span> <span class='ocrx_word' id='word_1_238' title='bbox 1927 1946 1985 1991; x_wconf 90' lang='lat' dir='ltr'><strong>et</strong></span> <span class='ocrx_word' id='word_1_239' title='bbox 2014 1937 2224 1991; x_wconf 90' lang='lat' dir='ltr'><strong>ratione</strong></span> 
     </span>
    </p>
   </div>
   <div class='ocr_carea' id='block_1_35' title="bbox 2325 1920 3873 2023">
    <p class='ocr_par' dir='ltr' id='par_1_35' title="bbox 2329 1923 3873 2023">
     <span class='ocr_line' id='line_1_35' title="bbox 2329 1923 3873 2023; baseline 0.003 -38"><span class='ocrx_word' id='word_1_240' title='bbox 2329 1932 2527 2023; x_wconf 77' lang='grc' dir='ltr'><strong>παγίας</strong></span> <span class='ocrx_word' id='word_1_241' title='bbox 2567 1934 2706 1998; x_wconf 71' lang='grc' dir='ltr'><strong>ἔξεις</strong></span> <span class='ocrx_word' id='word_1_242' title='bbox 2735 1934 2829 1995; x_wconf 79' lang='grc' dir='ltr'><strong>τὰς</strong></span> <span class='ocrx_word' id='word_1_243' title='bbox 2857 1936 2920 1987; x_wconf 81' lang='grc' dir='ltr'><strong>ὲκ</strong></span> <span class='ocrx_word' id='word_1_244' title='bbox 2957 1935 3055 2005; x_wconf 80' lang='grc' dir='ltr'><strong>τῆς</strong></span> <span class='ocrx_word' id='word_1_245' title='bbox 3086 1923 3187 2004; x_wconf 63' lang='grc' dir='ltr'><strong>’σῆς</strong></span> <span class='ocrx_word' id='word_1_246' title='bbox 3225 1935 3446 2006; x_wconf 78' lang='grc' dir='ltr'><strong>καρδίας</strong></span> <span class='ocrx_word' id='word_1_247' title='bbox 3509 1936 3873 2005; x_wconf 77' lang='grc' dir='ltr'><strong>ὲκδιδομένας,</strong></span> 
     </span>
    </p>
   </div>
   <div class='ocr_carea' id='block_1_36' title="bbox 677 2027 2227 2105">
    <p class='ocr_par' dir='ltr' id='par_1_36' title="bbox 677 2027 2227 2105">
     <span class='ocr_line' id='line_1_36' title="bbox 677 2027 2227 2105; baseline -0.005 -17"><span class='ocrx_word' id='word_1_248' title='bbox 677 2033 1104 2105; x_wconf 68' lang='lat' dir='ltr'><strong>necessitudine,</strong></span> <span class='ocrx_word' id='word_1_249' title='bbox 1142 2030 1335 2088; x_wconf 82' lang='lat' dir='ltr'><strong>uterus</strong></span> <span class='ocrx_word' id='word_1_250' title='bbox 1394 2045 1561 2099; x_wconf 83' lang='lat' dir='ltr'><strong>capax</strong></span> <span class='ocrx_word' id='word_1_251' title='bbox 1612 2029 1867 2093; x_wconf 85' lang='lat' dir='ltr'><strong>exsistat;</strong></span> <span class='ocrx_word' id='word_1_252' title='bbox 1920 2027 2095 2097; x_wconf 86' lang='lat' dir='ltr'><strong>quiet</strong></span> <span class='ocrx_word' id='word_1_253' title='bbox 2127 2041 2227 2099; x_wconf 91' lang='lat' dir='ltr'><strong>pro</strong></span> 
     </span>
    </p>
   </div>
   <div class='ocr_carea' id='block_1_37' title="bbox 678 2117 2229 2186">
    <p class='ocr_par' dir='ltr' id='par_1_37' title="bbox 678 2117 2229 2186">
     <span class='ocr_line' id='line_1_37' title="bbox 678 2117 2229 2186; baseline -0.006 -6"><span class='ocrx_word' id='word_1_254' title='bbox 678 2138 744 2180; x_wconf 89' lang='lat' dir='ltr'><strong>eo</strong></span> <span class='ocrx_word' id='word_1_255' title='bbox 776 2141 840 2180; x_wconf 85' lang='lat' dir='ltr'><strong>ac</strong></span> <span class='ocrx_word' id='word_1_256' title='bbox 869 2124 1048 2180; x_wconf 86' lang='lat' dir='ltr'><strong>cordis</strong></span> <span class='ocrx_word' id='word_1_257' title='bbox 1102 2123 1183 2178; x_wconf 92' lang='lat' dir='ltr'><strong>tui</strong></span> <span class='ocrx_word' id='word_1_258' title='bbox 1215 2122 1354 2175; x_wconf 81' lang='lat' dir='ltr'><strong>ﬁrmi</strong></span> <span class='ocrx_word' id='word_1_259' title='bbox 1404 2121 1626 2175; x_wconf 89' lang='lat' dir='ltr'><strong>habitus</strong></span> <span class='ocrx_word' id='word_1_260' title='bbox 1675 2118 1996 2183; x_wconf 83' lang='lat' dir='ltr'><strong>dilatantur,</strong></span> <span class='ocrx_word' id='word_1_261' title='bbox 2028 2117 2229 2186; x_wconf 87' lang='lat' dir='ltr'><strong>quibus</strong></span> 
     </span>
    </p>
   </div>
   <div class='ocr_carea' id='block_1_38' title="bbox 680 2200 2227 2278">
    <p class='ocr_par' dir='ltr' id='par_1_38' title="bbox 680 2200 2227 2278">
     <span class='ocr_line' id='line_1_38' title="bbox 680 2200 2227 2278; baseline -0.005 -12"><span class='ocrx_word' id='word_1_262' title='bbox 680 2210 909 2266; x_wconf 89' lang='lat' dir='ltr'><strong>uberum</strong></span> <span class='ocrx_word' id='word_1_263' title='bbox 939 2211 1111 2264; x_wconf 86' lang='lat' dir='ltr'><strong>instar</strong></span> <span class='ocrx_word' id='word_1_264' title='bbox 1133 2209 1365 2263; x_wconf 84' lang='lat' dir='ltr'><strong>actionis</strong></span> <span class='ocrx_word' id='word_1_265' title='bbox 1392 2208 1599 2278; x_wconf 85' lang='lat' dir='ltr'><strong>pariter</strong></span> <span class='ocrx_word' id='word_1_266' title='bbox 1645 2223 1709 2261; x_wconf 92' lang='lat' dir='ltr'><strong>ac</strong></span> <span class='ocrx_word' id='word_1_267' title='bbox 1752 2200 2227 2276; x_wconf 84' lang='lat' dir='ltr'><strong>contemplationis</strong></span> 
     </span>
    </p>
   </div>
   <div class='ocr_carea' id='block_1_39' title="bbox 679 2300 2229 2369">
    <p class='ocr_par' dir='ltr' id='par_1_39' title="bbox 679 2300 2229 2369">
     <span class='ocr_line' id='line_1_39' title="bbox 679 2300 2229 2369; baseline -0.003 -12"><span class='ocrx_word' id='word_1_268' title='bbox 679 2302 833 2357; x_wconf 88' lang='lat' dir='ltr'><strong>cultu</strong></span> <span class='ocrx_word' id='word_1_269' title='bbox 858 2301 1177 2356; x_wconf 87' lang='lat' dir='ltr'><strong>Sermonem</strong></span> <span class='ocrx_word' id='word_1_270' title='bbox 1235 2300 1353 2365; x_wconf 88' lang='lat' dir='ltr'><strong>aiis,</strong></span> <span class='ocrx_word' id='word_1_271' title='bbox 1402 2300 1618 2369; x_wconf 77' lang='lat' dir='ltr'><strong>piarum</strong></span> <span class='ocrx_word' id='word_1_272' title='bbox 1669 2312 1925 2353; x_wconf 87' lang='lat' dir='ltr'><strong>sensuum</strong></span> <span class='ocrx_word' id='word_1_273' title='bbox 1952 2313 2016 2353; x_wconf 90' lang='lat' dir='ltr'><strong>ac</strong></span> <span class='ocrx_word' id='word_1_274' title='bbox 2036 2312 2229 2352; x_wconf 91' lang='lat' dir='ltr'><strong>conce-</strong></span> 
     </span>
    </p>
   </div>
   <div class='ocr_carea' id='block_1_40' title="bbox 677 2388 2227 2464">
    <p class='ocr_par' dir='ltr' id='par_1_40' title="bbox 677 2388 2227 2464">
     <span class='ocr_line' id='line_1_40' title="bbox 677 2388 2227 2464; baseline -0.005 -15"><span class='ocrx_word' id='word_1_275' title='bbox 677 2402 873 2464; x_wconf 89' lang='lat' dir='ltr'><strong>ptuum</strong></span> <span class='ocrx_word' id='word_1_276' title='bbox 900 2392 1292 2460; x_wconf 88' lang='lat' dir='ltr'><strong>modorumque</strong></span> <span class='ocrx_word' id='word_1_277' title='bbox 1323 2388 1850 2453; x_wconf 87' lang='lat' dir='ltr'><strong>subministratione,</strong></span> <span class='ocrx_word' id='word_1_278' title='bbox 1900 2404 2007 2443; x_wconf 90' lang='lat' dir='ltr'><strong>una</strong></span> <span class='ocrx_word' id='word_1_279' title='bbox 2037 2403 2227 2457; x_wconf 88' lang='lat' dir='ltr'><strong>augea-</strong></span> 
     </span>
    </p>
   </div>
   <div class='ocr_carea' id='block_1_41' title="bbox 678 2482 2225 2553">
    <p class='ocr_par' dir='ltr' id='par_1_41' title="bbox 678 2482 2225 2553">
     <span class='ocr_line' id='line_1_41' title="bbox 678 2482 2225 2553; baseline -0.005 -13"><span class='ocrx_word' id='word_1_280' title='bbox 678 2494 802 2548; x_wconf 85' lang='lat' dir='ltr'><strong>tur;</strong></span> <span class='ocrx_word' id='word_1_281' title='bbox 831 2499 894 2537; x_wconf 90' lang='lat' dir='ltr'><strong>ac</strong></span> <span class='ocrx_word' id='word_1_282' title='bbox 919 2488 1055 2552; x_wconf 93' lang='lat' dir='ltr'><strong>(rem</strong></span> <span class='ocrx_word' id='word_1_283' title='bbox 1089 2482 1443 2553; x_wconf 81' lang='lat' dir='ltr'><strong>inauditam!)</strong></span> <span class='ocrx_word' id='word_1_284' title='bbox 1470 2483 1645 2551; x_wconf 91' lang='lat' dir='ltr'><strong>ipsum</strong></span> <span class='ocrx_word' id='word_1_285' title='bbox 1674 2498 1831 2537; x_wconf 88' lang='lat' dir='ltr'><strong>suum</strong></span> <span class='ocrx_word' id='word_1_286' title='bbox 1853 2491 2225 2551; x_wconf 87' lang='lat' dir='ltr'><strong>augmentum,</strong></span> 
     </span>
    </p>
   </div>
   <div class='ocr_carea' id='block_1_42' title="bbox 680 2571 2227 2637">
    <p class='ocr_par' dir='ltr' id='par_1_42' title="bbox 680 2571 2227 2637">
     <span class='ocr_line' id='line_1_42' title="bbox 680 2571 2227 2637; baseline -0.003 -8"><span class='ocrx_word' id='word_1_287' title='bbox 680 2574 876 2629; x_wconf 87' lang='lat' dir='ltr'><strong>alentis</strong></span> <span class='ocrx_word' id='word_1_288' title='bbox 927 2588 1049 2626; x_wconf 91' lang='lat' dir='ltr'><strong>eum</strong></span> <span class='ocrx_word' id='word_1_289' title='bbox 1101 2573 1301 2625; x_wconf 85' lang='lat' dir='ltr'><strong>mentis</strong></span> <span class='ocrx_word' id='word_1_290' title='bbox 1362 2572 1763 2627; x_wconf 85' lang='lat' dir='ltr'><strong>deiﬁcationem</strong></span> <span class='ocrx_word' id='word_1_291' title='bbox 1822 2572 2034 2627; x_wconf 80' lang='lat' dir='ltr'><strong>cﬂiciat.</strong></span> <span class='ocrx_word' id='word_1_292' title='bbox 2088 2571 2227 2637; x_wconf 86' lang='lat' dir='ltr'><strong>Quid</strong></span> 
     </span>
    </p>
   </div>
   <div class='ocr_carea' id='block_1_43' title="bbox 680 2662 2224 2733">
    <p class='ocr_par' dir='ltr' id='par_1_43' title="bbox 680 2662 2224 2733">
     <span class='ocr_line' id='line_1_43' title="bbox 680 2662 2224 2733; baseline -0.003 -12"><span class='ocrx_word' id='word_1_293' title='bbox 680 2665 825 2721; x_wconf 87' lang='lat' dir='ltr'><strong>enim</strong></span> <span class='ocrx_word' id='word_1_294' title='bbox 859 2663 1006 2718; x_wconf 90' lang='lat' dir='ltr'><strong>aliud</strong></span> <span class='ocrx_word' id='word_1_295' title='bbox 1046 2662 1111 2716; x_wconf 90' lang='lat' dir='ltr'><strong>ad</strong></span> <span class='ocrx_word' id='word_1_296' title='bbox 1147 2672 1196 2716; x_wconf 90' lang='lat' dir='ltr'><strong>te</strong></span> <span class='ocrx_word' id='word_1_297' title='bbox 1227 2662 1376 2731; x_wconf 89' lang='lat' dir='ltr'><strong>loqui</strong></span> <span class='ocrx_word' id='word_1_298' title='bbox 1403 2672 1671 2733; x_wconf 91' lang='lat' dir='ltr'><strong>poteram,</strong></span> <span class='ocrx_word' id='word_1_299' title='bbox 1701 2663 2015 2719; x_wconf 86' lang='lat' dir='ltr'><strong>venerande</strong></span> <span class='ocrx_word' id='word_1_300' title='bbox 2046 2662 2224 2729; x_wconf 89' lang='lat' dir='ltr'><strong>Pater,</strong></span> 
     </span>
    </p>
   </div>
   <div class='ocr_carea' id='block_1_44' title="bbox 680 2737 2225 2828">
    <p class='ocr_par' dir='ltr' id='par_1_44' title="bbox 680 2737 2225 2828">
     <span class='ocr_line' id='line_1_44' title="bbox 680 2737 2225 2828; baseline -0.001 -16"><span class='ocrx_word' id='word_1_301' title='bbox 680 2758 773 2828; x_wconf 92' lang='lat' dir='ltr'><strong>qui</strong></span> <span class='ocrx_word' id='word_1_302' title='bbox 802 2757 988 2811; x_wconf 90' lang='lat' dir='ltr'><strong>talium</strong></span> <span class='ocrx_word' id='word_1_303' title='bbox 1014 2765 1065 2809; x_wconf 91' lang='lat' dir='ltr'><strong>te</strong></span> <span class='ocrx_word' id='word_1_304' title='bbox 1094 2737 1415 2809; x_wconf 87' lang='lat' dir='ltr'><strong>Sermonum</strong></span> <span class='ocrx_word' id='word_1_305' title='bbox 1449 2766 1727 2825; x_wconf 87' lang='lat' dir='ltr'><strong>parentem</strong></span> <span class='ocrx_word' id='word_1_306' title='bbox 1759 2756 1959 2811; x_wconf 78' lang='lat' dir='ltr'><strong>factum</strong></span> <span class='ocrx_word' id='word_1_307' title='bbox 2009 2758 2225 2827; x_wconf 85' lang='lat' dir='ltr'><strong>conspi-</strong></span> 
     </span>
    </p>
   </div>
   <div class='ocr_carea' id='block_1_45' title="bbox 679 2836 2229 2917">
    <p class='ocr_par' dir='ltr' id='par_1_45' title="bbox 679 2836 2229 2917">
     <span class='ocr_line' id='line_1_45' title="bbox 679 2836 2229 2917; baseline 0 -15"><span class='ocrx_word' id='word_1_308' title='bbox 679 2863 880 2913; x_wconf 84' lang='lat' dir='ltr'><strong>cerem,</strong></span> <span class='ocrx_word' id='word_1_309' title='bbox 907 2846 1107 2916; x_wconf 89' lang='lat' dir='ltr'><strong>quibus</strong></span> <span class='ocrx_word' id='word_1_310' title='bbox 1132 2846 1318 2910; x_wconf 77' lang='lat' dir='ltr'><strong>fultus,</strong></span> <span class='ocrx_word' id='word_1_311' title='bbox 1347 2846 1501 2915; x_wconf 88' lang='lat' dir='ltr'><strong>quasi</strong></span> <span class='ocrx_word' id='word_1_312' title='bbox 1526 2862 1593 2900; x_wconf 83' lang='lat' dir='ltr'><strong>ex</strong></span> <span class='ocrx_word' id='word_1_313' title='bbox 1644 2855 1827 2901; x_wconf 89' lang='lat' dir='ltr'><strong>monte</strong></span> <span class='ocrx_word' id='word_1_314' title='bbox 1850 2836 2229 2917; x_wconf 83' lang='lat' dir='ltr'><strong>quodam,&#39;su-</strong></span> 
     </span>
    </p>
   </div>
   <div class='ocr_carea' id='block_1_46' title="bbox 680 2934 2275 3001">
    <p class='ocr_par' dir='ltr' id='par_1_46' title="bbox 680 2934 2275 3001">
     <span class='ocr_line' id='line_1_46' title="bbox 680 2934 2275 3001; baseline -0.003 -9"><span class='ocrx_word' id='word_1_315' title='bbox 680 2937 831 2993; x_wconf 79' lang='lat' dir='ltr'><strong>bliini</strong></span> <span class='ocrx_word' id='word_1_316' title='bbox 870 2936 1178 2989; x_wconf 87' lang='lat' dir='ltr'><strong>divinorum</strong></span> <span class='ocrx_word' id='word_1_317' title='bbox 1210 2934 1562 2989; x_wconf 85' lang='lat' dir='ltr'><strong>decretorum</strong></span> <span class='ocrx_word' id='word_1_318' title='bbox 1591 2935 1842 2999; x_wconf 88' lang='lat' dir='ltr'><strong>scientia,</strong></span> <span class='ocrx_word' id='word_1_319' title='bbox 1880 2935 2228 3001; x_wconf 61' lang='lat' dir='ltr'><strong>veluLtabu-</strong></span> <span class='ocrx_word' id='word_1_320' title='bbox 2268 2947 2275 2952; x_wconf 85' lang='lat'>&#39;</span> 
     </span>
    </p>
   </div>
   <div class='ocr_carea' id='block_1_47' title="bbox 681 3023 2228 3094">
    <p class='ocr_par' dir='ltr' id='par_1_47' title="bbox 681 3023 2228 3094">
     <span class='ocr_line' id='line_1_47' title="bbox 681 3023 2228 3094; baseline -0.003 -12"><span class='ocrx_word' id='word_1_321' title='bbox 681 3029 759 3082; x_wconf 91' lang='lat' dir='ltr'><strong>las</strong></span> <span class='ocrx_word' id='word_1_322' title='bbox 788 3025 881 3079; x_wconf 90' lang='lat' dir='ltr'><strong>Dei</strong></span> <span class='ocrx_word' id='word_1_323' title='bbox 912 3024 1079 3094; x_wconf 85' lang='lat' dir='ltr'><strong>digito</strong></span> <span class='ocrx_word' id='word_1_324' title='bbox 1104 3032 1368 3087; x_wconf 83' lang='lat' dir='ltr'><strong>exaratas,</strong></span> <span class='ocrx_word' id='word_1_325' title='bbox 1422 3024 1549 3077; x_wconf 89' lang='lat' dir='ltr'><strong>novi</strong></span> <span class='ocrx_word' id='word_1_326' title='bbox 1589 3024 1905 3078; x_wconf 80' lang='lat' dir='ltr'><strong>Mediatoris</strong></span> <span class='ocrx_word' id='word_1_327' title='bbox 1940 3023 2228 3092; x_wconf 89' lang='lat' dir='ltr'><strong>magnique</strong></span> 
     </span>
    </p>
   </div>
   <div class='ocr_carea' id='block_1_48' title="bbox 680 3111 2227 3182">
    <p class='ocr_par' dir='ltr' id='par_1_48' title="bbox 680 3111 2227 3182">
     <span class='ocr_line' id='line_1_48' title="bbox 680 3111 2227 3182; baseline -0.003 -10"><span class='ocrx_word' id='word_1_328' title='bbox 680 3118 734 3172; x_wconf 90' lang='lat' dir='ltr'><strong>iu</strong></span> <span class='ocrx_word' id='word_1_329' title='bbox 760 3117 916 3171; x_wconf 88' lang='lat' dir='ltr'><strong>nobis</strong></span> <span class='ocrx_word' id='word_1_330' title='bbox 939 3114 1101 3169; x_wconf 76' lang='lat' dir='ltr'><strong>Mosis</strong></span> <span class='ocrx_word' id='word_1_331' title='bbox 1130 3128 1194 3167; x_wconf 90' lang='lat' dir='ltr'><strong>ac</strong></span> <span class='ocrx_word' id='word_1_332' title='bbox 1222 3112 1567 3167; x_wconf 86' lang='lat' dir='ltr'><strong>sacerdotum</strong></span> <span class='ocrx_word' id='word_1_333' title='bbox 1599 3113 1920 3177; x_wconf 84' lang='lat' dir='ltr'><strong>sacerdotis,</strong></span> <span class='ocrx_word' id='word_1_334' title='bbox 1947 3111 2227 3182; x_wconf 88' lang='lat' dir='ltr'><strong>divinique</strong></span> 
     </span>
    </p>
   </div>
   <div class='ocr_carea' id='block_1_49' title="bbox 679 3201 2299 3297">
    <p class='ocr_par' dir='ltr' id='par_1_49' title="bbox 679 3201 2299 3297">
     <span class='ocr_line' id='line_1_49' title="bbox 679 3201 2299 3297; baseline -0.003 -38"><span class='ocrx_word' id='word_1_335' title='bbox 679 3222 776 3275; x_wconf 84' lang='lat' dir='ltr'><strong>per</strong></span> <span class='ocrx_word' id='word_1_336' title='bbox 798 3204 959 3276; x_wconf 63' lang='grc'><strong>344</strong></span> <span class='ocrx_word' id='word_1_337' title='bbox 986 3202 1201 3257; x_wconf 82' lang='lat' dir='ltr'><strong>omnem</strong></span> <span class='ocrx_word' id='word_1_338' title='bbox 1239 3202 1427 3255; x_wconf 89' lang='lat' dir='ltr'><strong>orbem</strong></span> <span class='ocrx_word' id='word_1_339' title='bbox 1463 3201 1752 3256; x_wconf 85' lang='lat' dir='ltr'><strong>sacerdotii</strong></span> <span class='ocrx_word' id='word_1_340' title='bbox 1813 3201 2065 3271; x_wconf 69' lang='lat' dir='ltr'><strong>praesidis</strong></span> <span class='ocrx_word' id='word_1_341' title='bbox 2094 3216 2220 3271; x_wconf 87' lang='lat' dir='ltr'><strong>ope-</strong></span> <span class='ocrx_word' id='word_1_342' title='bbox 2256 3240 2299 3297; x_wconf 63' lang='grc' dir='ltr'>Ο</span> 
     </span>
    </p>
   </div>
   <div class='ocr_carea' id='block_1_50' title="bbox 680 3294 2229 3363">
    <p class='ocr_par' dir='ltr' id='par_1_50' title="bbox 680 3294 2229 3363">
     <span class='ocr_line' id='line_1_50' title="bbox 680 3294 2229 3363; baseline -0.003 -12"><span class='ocrx_word' id='word_1_343' title='bbox 680 3313 744 3351; x_wconf 92' lang='lat' dir='ltr'><strong>ra</strong></span> <span class='ocrx_word' id='word_1_344' title='bbox 774 3298 1004 3349; x_wconf 87' lang='lat' dir='ltr'><strong>delatam</strong></span> <span class='ocrx_word' id='word_1_345' title='bbox 1043 3294 1350 3362; x_wconf 88' lang='lat' dir='ltr'><strong>editamque</strong></span> <span class='ocrx_word' id='word_1_346' title='bbox 1369 3294 1716 3357; x_wconf 85' lang='lat' dir='ltr'><strong>sententiam,</strong></span> <span class='ocrx_word' id='word_1_347' title='bbox 1748 3294 2012 3363; x_wconf 84' lang='lat' dir='ltr'><strong>evulgasti</strong></span> <span class='ocrx_word' id='word_1_348' title='bbox 2033 3310 2047 3357; x_wconf 90' lang='lat'><strong>;</strong></span> <span class='ocrx_word' id='word_1_349' title='bbox 2068 3308 2229 3363; x_wconf 91' lang='lat' dir='ltr'><strong>quam</strong></span> 
     </span>
    </p>
   </div>
   <div class='ocr_carea' id='block_1_51' title="bbox 681 3383 2228 3453">
    <p class='ocr_par' dir='ltr' id='par_1_51' title="bbox 681 3383 2228 3453">
     <span class='ocr_line' id='line_1_51' title="bbox 681 3383 2228 3453; baseline -0.001 -13"><span class='ocrx_word' id='word_1_350' title='bbox 681 3394 867 3440; x_wconf 85' lang='lat' dir='ltr'><strong>sancta</strong></span> <span class='ocrx_word' id='word_1_351' title='bbox 896 3385 1117 3452; x_wconf 88' lang='lat' dir='ltr'><strong>solaque</strong></span> <span class='ocrx_word' id='word_1_352' title='bbox 1147 3383 1417 3436; x_wconf 87' lang='lat' dir='ltr'><strong>adoranda</strong></span> <span class='ocrx_word' id='word_1_353' title='bbox 1461 3383 1720 3448; x_wconf 89' lang='lat' dir='ltr'><strong>Trinitas,</strong></span> <span class='ocrx_word' id='word_1_354' title='bbox 1767 3399 1855 3449; x_wconf 91' lang='lat' dir='ltr'><strong>eo,</strong></span> <span class='ocrx_word' id='word_1_355' title='bbox 1900 3400 2063 3453; x_wconf 88' lang='lat' dir='ltr'><strong>quem</strong></span> <span class='ocrx_word' id='word_1_356' title='bbox 2094 3385 2228 3450; x_wconf 84' lang='lat' dir='ltr'><strong>dixi,</strong></span> 
     </span>
    </p>
   </div>
   <div class='ocr_carea' id='block_1_52' title="bbox 681 3473 2231 3546">
    <p class='ocr_par' dir='ltr' id='par_1_52' title="bbox 681 3473 2231 3546">
     <span class='ocr_line' id='line_1_52' title="bbox 681 3473 2231 3546; baseline -0.001 -13"><span class='ocrx_word' id='word_1_357' title='bbox 681 3477 945 3540; x_wconf 83' lang='lat' dir='ltr'><strong>antistite,</strong></span> <span class='ocrx_word' id='word_1_358' title='bbox 980 3484 1233 3544; x_wconf 87' lang='lat' dir='ltr'><strong>tanquam</strong></span> <span class='ocrx_word' id='word_1_359' title='bbox 1274 3488 1478 3543; x_wconf 75' lang='lat' dir='ltr'><strong>organo</strong></span> <span class='ocrx_word' id='word_1_360' title='bbox 1504 3473 1752 3540; x_wconf 78' lang='lat' dir='ltr'><strong>dictavit,</strong></span> <span class='ocrx_word' id='word_1_361' title='bbox 1780 3477 2151 3546; x_wconf 71' lang='lat' dir='ltr'><strong>maioremque</strong></span> <span class='ocrx_word' id='word_1_362' title='bbox 2176 3478 2231 3531; x_wconf 92' lang='lat' dir='ltr'><strong>in</strong></span> 
     </span>
    </p>
   </div>
   <div class='ocr_carea' id='block_1_53' title="bbox 683 3564 2233 3645">
    <p class='ocr_par' dir='ltr' id='par_1_53' title="bbox 683 3564 2233 3645">
     <span class='ocr_line' id='line_1_53' title="bbox 683 3564 2233 3645; baseline 0.001 -25"><span class='ocrx_word' id='word_1_363' title='bbox 683 3566 903 3620; x_wconf 86' lang='lat' dir='ltr'><strong>modum</strong></span> <span class='ocrx_word' id='word_1_364' title='bbox 956 3565 1232 3619; x_wconf 84' lang='lat' dir='ltr'><strong>Ecclesias</strong></span> <span class='ocrx_word' id='word_1_365' title='bbox 1281 3564 1589 3618; x_wconf 72' lang='lat' dir='ltr'><strong>concordia:</strong></span> <span class='ocrx_word' id='word_1_366' title='bbox 1617 3564 2049 3645; x_wconf 75' lang='lat' dir='ltr'><strong>vinculo,spreta</strong></span> <span class='ocrx_word' id='word_1_367' title='bbox 2113 3583 2233 3636; x_wconf 63' lang='lat' dir='ltr'><strong>qua:</strong></span> 
     </span>
    </p>
   </div>
   <div class='ocr_carea' id='block_1_54' title="bbox 680 3650 2238 3725">
    <p class='ocr_par' dir='ltr' id='par_1_54' title="bbox 680 3650 2238 3725">
     <span class='ocr_line' id='line_1_54' title="bbox 680 3650 2238 3725; baseline 0.002 -15"><span class='ocrx_word' id='word_1_368' title='bbox 680 3658 845 3725; x_wconf 80' lang='lat' dir='ltr'><strong>vulgo</strong></span> <span class='ocrx_word' id='word_1_369' title='bbox 875 3656 1012 3707; x_wconf 82' lang='lat' dir='ltr'><strong>facta</strong></span> <span class='ocrx_word' id='word_1_370' title='bbox 1038 3650 1378 3709; x_wconf 65' lang='lat' dir='ltr'><strong>Alexandriae</strong></span> <span class='ocrx_word' id='word_1_371' title='bbox 1410 3657 1555 3713; x_wconf 67' lang='lat' dir='ltr'><strong>circa</strong></span> <span class='ocrx_word' id='word_1_372' title='bbox 1605 3655 1765 3711; x_wconf 82' lang='lat' dir='ltr'><strong>ﬁdem</strong></span> <span class='ocrx_word' id='word_1_373' title='bbox 1821 3658 2039 3713; x_wconf 81' lang='lat' dir='ltr'><strong>novatio</strong></span> <span class='ocrx_word' id='word_1_374' title='bbox 2082 3659 2238 3713; x_wconf 84' lang='lat' dir='ltr'><strong>vide-</strong></span> 
     </span>
    </p>
   </div>
   <div class='ocr_carea' id='block_1_55' title="bbox 682 3745 1157 3810">
    <p class='ocr_par' dir='ltr' id='par_1_55' title="bbox 682 3745 1157 3810">
     <span class='ocr_line' id='line_1_55' title="bbox 682 3745 1157 3810; baseline -0.006 -8"><span class='ocrx_word' id='word_1_375' title='bbox 682 3747 865 3810; x_wconf 84' lang='lat' dir='ltr'><strong>batur,</strong></span> <span class='ocrx_word' id='word_1_376' title='bbox 892 3745 1157 3801; x_wconf 79' lang='lat' dir='ltr'><strong>devinxit.</strong></span> 
     </span>
    </p>
   </div>
   <div class='ocr_carea' id='block_1_56' title="bbox 753 3826 2237 3908">
    <p class='ocr_par' dir='ltr' id='par_1_56' title="bbox 753 3826 2237 3908">
     <span class='ocr_line' id='line_1_56' title="bbox 753 3826 2237 3908; baseline 0.004 -18"><span class='ocrx_word' id='word_1_377' title='bbox 753 3826 901 3890; x_wconf 83' lang='lat' dir='ltr'><strong>Hanc</strong></span> <span class='ocrx_word' id='word_1_378' title='bbox 921 3837 1067 3890; x_wconf 89' lang='lat' dir='ltr'><strong>enim</strong></span> <span class='ocrx_word' id='word_1_379' title='bbox 1122 3837 1332 3908; x_wconf 81' lang='lat' dir='ltr'><strong>integre</strong></span> <span class='ocrx_word' id='word_1_380' title='bbox 1379 3836 1503 3892; x_wconf 88' lang='lat' dir='ltr'><strong>data</strong></span> <span class='ocrx_word' id='word_1_381' title='bbox 1550 3838 1820 3893; x_wconf 88' lang='lat' dir='ltr'><strong>sententia</strong></span> <span class='ocrx_word' id='word_1_382' title='bbox 1872 3840 2111 3895; x_wconf 90' lang='lat' dir='ltr'><strong>servavit</strong></span> <span class='ocrx_word' id='word_1_383' title='bbox 2153 3842 2237 3896; x_wconf 91' lang='lat' dir='ltr'><strong>in-</strong></span> 
     </span>
    </p>
   </div>
   <div class='ocr_carea' id='block_1_57' title="bbox 687 3928 2233 3999">
    <p class='ocr_par' dir='ltr' id='par_1_57' title="bbox 687 3928 2233 3999">
     <span class='ocr_line' id='line_1_57' title="bbox 687 3928 2233 3999; baseline 0 -14"><span class='ocrx_word' id='word_1_384' title='bbox 687 3929 1067 3999; x_wconf 86' lang='lat' dir='ltr'><strong>telligentiam,</strong></span> <span class='ocrx_word' id='word_1_385' title='bbox 1098 3929 1398 3983; x_wconf 89' lang='lat' dir='ltr'><strong>secundum</strong></span> <span class='ocrx_word' id='word_1_386' title='bbox 1430 3945 1589 3997; x_wconf 89' lang='lat' dir='ltr'><strong>quam</strong></span> <span class='ocrx_word' id='word_1_387' title='bbox 1620 3928 1791 3983; x_wconf 89' lang='lat' dir='ltr'><strong>divini</strong></span> <span class='ocrx_word' id='word_1_388' title='bbox 1849 3931 2037 3985; x_wconf 90' lang='lat' dir='ltr'><strong>Patres</strong></span> <span class='ocrx_word' id='word_1_389' title='bbox 2062 3931 2233 3985; x_wconf 86' lang='lat' dir='ltr'><strong>n05tri</strong></span> 
     </span>
    </p>
   </div>
   <div class='ocr_carea' id='block_1_58' title="bbox 686 4010 2234 4093">
    <p class='ocr_par' dir='ltr' id='par_1_58' title="bbox 686 4010 2234 4093">
     <span class='ocr_line' id='line_1_58' title="bbox 686 4010 2234 4093; baseline 0.001 -18"><span class='ocrx_word' id='word_1_390' title='bbox 686 4010 975 4077; x_wconf 80' lang='lat' dir='ltr'><strong>tenendam</strong></span> <span class='ocrx_word' id='word_1_391' title='bbox 1007 4020 1210 4073; x_wconf 88' lang='lat' dir='ltr'><strong>sanctis</strong></span> <span class='ocrx_word' id='word_1_392' title='bbox 1229 4020 1488 4072; x_wconf 87' lang='lat' dir='ltr'><strong>Ecclesiis</strong></span> <span class='ocrx_word' id='word_1_393' title='bbox 1517 4019 1680 4074; x_wconf 83' lang='lat' dir='ltr'><strong>ﬁdem</strong></span> <span class='ocrx_word' id='word_1_394' title='bbox 1707 4016 2056 4076; x_wconf 88' lang='lat' dir='ltr'><strong>tradiderunt</strong></span> <span class='ocrx_word' id='word_1_395' title='bbox 2087 4041 2098 4053; x_wconf 92' lang='grc'>·</span> <span class='ocrx_word' id='word_1_396' title='bbox 2141 4023 2234 4093; x_wconf 91' lang='lat' dir='ltr'><strong>qui</strong></span> 
     </span>
    </p>
   </div>
   <div class='ocr_carea' id='block_1_59' title="bbox 681 4100 2234 4181">
    <p class='ocr_par' dir='ltr' id='par_1_59' title="bbox 681 4100 2234 4181">
     <span class='ocr_line' id='line_1_59' title="bbox 681 4100 2234 4181; baseline 0.001 -14"><span class='ocrx_word' id='word_1_397' title='bbox 681 4127 879 4181; x_wconf 92' lang='lat' dir='ltr'><strong>nempe</strong></span> <span class='ocrx_word' id='word_1_398' title='bbox 907 4125 1074 4165; x_wconf 88' lang='lat' dir='ltr'><strong>unum</strong></span> <span class='ocrx_word' id='word_1_399' title='bbox 1110 4108 1471 4178; x_wconf 87' lang='lat' dir='ltr'><strong>eumdemqne</strong></span> <span class='ocrx_word' id='word_1_400' title='bbox 1524 4111 1694 4164; x_wconf 86' lang='lat' dir='ltr'><strong>Deum</strong></span> <span class='ocrx_word' id='word_1_401' title='bbox 1744 4111 1985 4165; x_wconf 80' lang='lat' dir='ltr'><strong>Verbum</strong></span> <span class='ocrx_word' id='word_1_402' title='bbox 2022 4121 2077 4167; x_wconf 90' lang='lat' dir='ltr'><strong>et</strong></span> <span class='ocrx_word' id='word_1_403' title='bbox 2110 4100 2234 4168; x_wconf 62' lang='lat' dir='ltr'><strong>ante</strong></span> 
     </span>
    </p>
   </div>
   <div class='ocr_carea' id='block_1_60' title="bbox 684 4202 2236 4273">
    <p class='ocr_par' dir='ltr' id='par_1_60' title="bbox 684 4202 2236 4273">
     <span class='ocr_line' id='line_1_60' title="bbox 684 4202 2236 4273; baseline -0.001 -15"><span class='ocrx_word' id='word_1_404' title='bbox 684 4218 901 4258; x_wconf 87' lang='lat' dir='ltr'><strong>carnem</strong></span> <span class='ocrx_word' id='word_1_405' title='bbox 925 4212 979 4256; x_wconf 91' lang='lat' dir='ltr'><strong>et</strong></span> <span class='ocrx_word' id='word_1_406' title='bbox 1007 4217 1128 4255; x_wconf 90' lang='lat' dir='ltr'><strong>cum</strong></span> <span class='ocrx_word' id='word_1_407' title='bbox 1152 4217 1314 4255; x_wconf 92' lang='lat' dir='ltr'><strong>carne</strong></span> <span class='ocrx_word' id='word_1_408' title='bbox 1346 4202 1590 4255; x_wconf 77' lang='lat' dir='ltr'><strong>dixerint</strong></span> <span class='ocrx_word' id='word_1_409' title='bbox 1633 4219 1644 4254; x_wconf 95' lang='lat'><strong>:</strong></span> <span class='ocrx_word' id='word_1_410' title='bbox 1682 4218 1845 4271; x_wconf 90' lang='lat' dir='ltr'><strong>quam</strong></span> <span class='ocrx_word' id='word_1_411' title='bbox 1894 4202 1940 4256; x_wconf 93' lang='lat' dir='ltr'><strong>is</strong></span> <span class='ocrx_word' id='word_1_412' title='bbox 1971 4203 2075 4256; x_wconf 90' lang='lat' dir='ltr'><strong>sibi</strong></span> <span class='ocrx_word' id='word_1_413' title='bbox 2111 4219 2236 4273; x_wconf 90' lang='lat' dir='ltr'><strong>pro-</strong></span> 
     </span>
    </p>
   </div>
   <div class='ocr_carea' id='block_1_61' title="bbox 2329 2015 3874 2097">
    <p class='ocr_par' dir='ltr' id='par_1_61' title="bbox 2329 2015 3874 2097">
     <span class='ocr_line' id='line_1_61' title="bbox 2329 2015 3874 2097; baseline 0.005 -25"><span class='ocrx_word' id='word_1_414' title='bbox 2329 2015 2418 2084; x_wconf 73' lang='grc' dir='ltr'><strong>αἷς</strong></span> <span class='ocrx_word' id='word_1_415' title='bbox 2456 2021 2675 2091; x_wconf 84' lang='grc' dir='ltr'><strong>μαστῶν</strong></span> <span class='ocrx_word' id='word_1_416' title='bbox 2703 2022 2858 2092; x_wconf 85' lang='grc' dir='ltr'><strong>δίκην</strong></span> <span class='ocrx_word' id='word_1_417' title='bbox 2886 2024 3026 2077; x_wconf 88' lang='grc' dir='ltr'><strong>κατά</strong></span> <span class='ocrx_word' id='word_1_418' title='bbox 3050 2041 3106 2077; x_wconf 86' lang='grc' dir='ltr'><strong>τε</strong></span> <span class='ocrx_word' id='word_1_419' title='bbox 3140 2025 3234 2091; x_wconf 76' lang='grc' dir='ltr'><strong>τὴν</strong></span> <span class='ocrx_word' id='word_1_420' title='bbox 3265 2026 3461 2096; x_wconf 76' lang='grc' dir='ltr'><strong>πρᾶξιν</strong></span> <span class='ocrx_word' id='word_1_421' title='bbox 3490 2027 3585 2078; x_wconf 75' lang='grc' dir='ltr'><strong>καὶ</strong></span> <span class='ocrx_word' id='word_1_422' title='bbox 3617 2026 3718 2097; x_wconf 82' lang='grc' dir='ltr'><strong>τὴν</strong></span> <span class='ocrx_word' id='word_1_423' title='bbox 3747 2027 3874 2079; x_wconf 85' lang='grc' dir='ltr'><strong>θεω-</strong></span> 
     </span>
    </p>
   </div>
   <div class='ocr_carea' id='block_1_62' title="bbox 2328 2112 3873 2186">
    <p class='ocr_par' dir='ltr' id='par_1_62' title="bbox 2328 2112 3873 2186">
     <span class='ocr_line' id='line_1_62' title="bbox 2328 2112 3873 2186; baseline 0 -22"><span class='ocrx_word' id='word_1_424' title='bbox 2328 2113 2449 2186; x_wconf 89' lang='grc' dir='ltr'><strong>ρίαν</strong></span> <span class='ocrx_word' id='word_1_425' title='bbox 2469 2112 2772 2183; x_wconf 74' lang='grc' dir='ltr'><strong>διατρέφεις</strong></span> <span class='ocrx_word' id='word_1_426' title='bbox 2801 2113 2891 2166; x_wconf 80' lang='grc' dir='ltr'><strong>τὸν</strong></span> <span class='ocrx_word' id='word_1_427' title='bbox 2924 2114 3115 2182; x_wconf 87' lang='grc' dir='ltr'><strong>Λόγον,</strong></span> <span class='ocrx_word' id='word_1_428' title='bbox 3150 2116 3212 2185; x_wconf 78' lang='grc' dir='ltr'><strong>τῇ</strong></span> <span class='ocrx_word' id='word_1_429' title='bbox 3246 2116 3476 2186; x_wconf 79' lang='grc' dir='ltr'><strong>χορηγίᾳ</strong></span> <span class='ocrx_word' id='word_1_430' title='bbox 3505 2115 3616 2169; x_wconf 88' lang='grc' dir='ltr'><strong>τῶν</strong></span> <span class='ocrx_word' id='word_1_431' title='bbox 3644 2114 3873 2168; x_wconf 69' lang='grc' dir='ltr'><strong>εὐσεϐῶν</strong></span> 
     </span>
    </p>
   </div>
   <div class='ocr_carea' id='block_1_63' title="bbox 2326 2203 3873 2283">
    <p class='ocr_par' dir='ltr' id='par_1_63' title="bbox 2326 2203 3873 2283">
     <span class='ocr_line' id='line_1_63' title="bbox 2326 2203 3873 2283; baseline 0.002 -27"><span class='ocrx_word' id='word_1_432' title='bbox 2326 2203 2615 2272; x_wconf 82' lang='grc' dir='ltr'><strong>νοημάτων</strong></span> <span class='ocrx_word' id='word_1_433' title='bbox 2634 2220 2689 2283; x_wconf 78' lang='grc' dir='ltr'><strong>τε</strong></span> <span class='ocrx_word' id='word_1_434' title='bbox 2712 2204 2806 2256; x_wconf 66' lang='grc' dir='ltr'><strong>καὶ</strong></span> <span class='ocrx_word' id='word_1_435' title='bbox 2822 2204 3036 2276; x_wconf 84' lang='grc' dir='ltr'><strong>τρόπων</strong></span> <span class='ocrx_word' id='word_1_436' title='bbox 3066 2204 3546 2279; x_wconf 78' lang='grc' dir='ltr'><strong>συναυξανόμενον·</strong></span> <span class='ocrx_word' id='word_1_437' title='bbox 3584 2206 3679 2258; x_wconf 74' lang='grc' dir='ltr'><strong>καὶ</strong></span> <span class='ocrx_word' id='word_1_438' title='bbox 3705 2222 3873 2275; x_wconf 78' lang='grc' dir='ltr'><strong>παρα-</strong></span> 
     </span>
    </p>
   </div>
   <div class='ocr_carea' id='block_1_64' title="bbox 2325 2295 3875 2368">
    <p class='ocr_par' dir='ltr' id='par_1_64' title="bbox 2325 2295 3875 2368">
     <span class='ocr_line' id='line_1_64' title="bbox 2325 2295 3875 2368; baseline 0.002 -19"><span class='ocrx_word' id='word_1_439' title='bbox 2325 2295 2492 2361; x_wconf 80' lang='grc' dir='ltr'><strong>δόξως</strong></span> <span class='ocrx_word' id='word_1_440' title='bbox 2508 2296 2707 2360; x_wconf 85' lang='grc' dir='ltr'><strong>εἰπεῖν,</strong></span> <span class='ocrx_word' id='word_1_441' title='bbox 2749 2298 2846 2366; x_wconf 84' lang='grc' dir='ltr'><strong>τὴν</strong></span> <span class='ocrx_word' id='word_1_442' title='bbox 2884 2297 3085 2353; x_wconf 82' lang='grc' dir='ltr'><strong>οἰκείαν</strong></span> <span class='ocrx_word' id='word_1_443' title='bbox 3130 2296 3353 2366; x_wconf 76' lang='grc' dir='ltr'><strong>αὔξησιν</strong></span> <span class='ocrx_word' id='word_1_444' title='bbox 3388 2298 3482 2352; x_wconf 75' lang='grc' dir='ltr'><strong>τοῦ</strong></span> <span class='ocrx_word' id='word_1_445' title='bbox 3509 2298 3875 2368; x_wconf 68' lang='grc' dir='ltr'><strong>διατρέφοπος</strong></span> 
     </span>
    </p>
   </div>
   <div class='ocr_carea' id='block_1_65' title="bbox 2326 2386 3873 2460">
    <p class='ocr_par' dir='ltr' id='par_1_65' title="bbox 2326 2386 3873 2460">
     <span class='ocr_line' id='line_1_65' title="bbox 2326 2386 3873 2460; baseline 0.003 -20"><span class='ocrx_word' id='word_1_446' title='bbox 2326 2389 2417 2442; x_wconf 81' lang='grc' dir='ltr'><strong>νοῦ</strong></span> <span class='ocrx_word' id='word_1_447' title='bbox 2456 2388 2772 2457; x_wconf 81' lang='grc' dir='ltr'><strong>ποιούμενον</strong></span> <span class='ocrx_word' id='word_1_448' title='bbox 2798 2387 3013 2441; x_wconf 58' lang='grc' dir='ltr'><strong>θέωσινέ</strong></span> <span class='ocrx_word' id='word_1_449' title='bbox 3034 2388 3221 2459; x_wconf 84' lang='grc' dir='ltr'><strong>Τίγὰρ</strong></span> <span class='ocrx_word' id='word_1_450' title='bbox 3244 2389 3431 2460; x_wconf 77' lang='grc' dir='ltr'><strong>ἕτερον</strong></span> <span class='ocrx_word' id='word_1_451' title='bbox 3460 2386 3602 2458; x_wconf 79' lang='grc' dir='ltr'><strong>εϊχον</strong></span> <span class='ocrx_word' id='word_1_452' title='bbox 3643 2390 3873 2459; x_wconf 77' lang='grc' dir='ltr'><strong>φθέγξα-</strong></span> 
     </span>
    </p>
   </div>
   <div class='ocr_carea' id='block_1_66' title="bbox 2331 2478 3871 2550">
    <p class='ocr_par' dir='ltr' id='par_1_66' title="bbox 2331 2478 3871 2550">
     <span class='ocr_line' id='line_1_66' title="bbox 2331 2478 3871 2550; baseline 0 -19"><span class='ocrx_word' id='word_1_453' title='bbox 2331 2479 2452 2531; x_wconf 89' lang='grc' dir='ltr'><strong>σθαι</strong></span> <span class='ocrx_word' id='word_1_454' title='bbox 2467 2478 2602 2550; x_wconf 78' lang='grc' dir='ltr'><strong>πρὸς</strong></span> <span class='ocrx_word' id='word_1_455' title='bbox 2620 2480 2701 2541; x_wconf 86' lang='grc' dir='ltr'><strong>σὲ,</strong></span> <span class='ocrx_word' id='word_1_456' title='bbox 2722 2479 2867 2549; x_wconf 87' lang='grc' dir='ltr'><strong>τίμιε</strong></span> <span class='ocrx_word' id='word_1_457' title='bbox 2894 2480 3096 2550; x_wconf 82' lang='grc' dir='ltr'><strong>Πάτερ,</strong></span> <span class='ocrx_word' id='word_1_458' title='bbox 3118 2479 3372 2531; x_wconf 83' lang='grc' dir='ltr'><strong>τοιούτων</strong></span> <span class='ocrx_word' id='word_1_459' title='bbox 3387 2480 3682 2549; x_wconf 83' lang='grc' dir='ltr'><strong>γεννήτορα</strong></span> <span class='ocrx_word' id='word_1_460' title='bbox 3698 2480 3871 2532; x_wconf 70' lang='grc' dir='ltr'><strong>Λόγων</strong></span> 
     </span>
    </p>
   </div>
   <div class='ocr_carea' id='block_1_67' title="bbox 2327 2561 3875 2644">
    <p class='ocr_par' dir='ltr' id='par_1_67' title="bbox 2327 2561 3875 2644">
     <span class='ocr_line' id='line_1_67' title="bbox 2327 2561 3875 2644; baseline -0.001 -22"><span class='ocrx_word' id='word_1_461' title='bbox 2327 2570 2691 2639; x_wconf 78' lang='grc' dir='ltr'><strong>γεγενημένον</strong></span> <span class='ocrx_word' id='word_1_462' title='bbox 2735 2568 3001 2639; x_wconf 79' lang='grc' dir='ltr'><strong>θεώμενος</strong></span> <span class='ocrx_word' id='word_1_463' title='bbox 3033 2596 3046 2644; x_wconf 71' lang='grc'><strong>;</strong></span> <span class='ocrx_word' id='word_1_464' title='bbox 3101 2568 3169 2621; x_wconf 86' lang='grc' dir='ltr'><strong>δι’</strong></span> <span class='ocrx_word' id='word_1_465' title='bbox 3199 2561 3292 2632; x_wconf 83' lang='grc' dir='ltr'><strong>ὧν,</strong></span> <span class='ocrx_word' id='word_1_466' title='bbox 3346 2568 3421 2630; x_wconf 84' lang='grc' dir='ltr'><strong>ὡς</strong></span> <span class='ocrx_word' id='word_1_467' title='bbox 3456 2567 3516 2642; x_wconf 56' lang='grc' dir='ltr'>ἐξ</span> <span class='ocrx_word' id='word_1_468' title='bbox 3552 2569 3707 2639; x_wconf 79' lang='grc' dir='ltr'><strong>ὅρους</strong></span> <span class='ocrx_word' id='word_1_469' title='bbox 3736 2570 3875 2631; x_wconf 84' lang='grc' dir='ltr'><strong>τινὸς</strong></span> 
     </span>
    </p>
   </div>
   <div class='ocr_carea' id='block_1_68' title="bbox 2327 2657 3869 2737">
    <p class='ocr_par' dir='ltr' id='par_1_68' title="bbox 2327 2657 3869 2737">
     <span class='ocr_line' id='line_1_68' title="bbox 2327 2657 3869 2737; baseline -0.002 -25"><span class='ocrx_word' id='word_1_470' title='bbox 2327 2660 2418 2737; x_wconf 81' lang='grc' dir='ltr'><strong>τοῦ</strong></span> <span class='ocrx_word' id='word_1_471' title='bbox 2450 2659 2613 2729; x_wconf 70' lang='grc' dir='ltr'><strong>ὕψους</strong></span> <span class='ocrx_word' id='word_1_472' title='bbox 2654 2658 2749 2728; x_wconf 85' lang='grc' dir='ltr'><strong>τῆς</strong></span> <span class='ocrx_word' id='word_1_473' title='bbox 2771 2658 3021 2726; x_wconf 82' lang='grc' dir='ltr'><strong>γνώσεως</strong></span> <span class='ocrx_word' id='word_1_474' title='bbox 3051 2658 3147 2729; x_wconf 79' lang='grc' dir='ltr'><strong>τὴν</strong></span> <span class='ocrx_word' id='word_1_475' title='bbox 3177 2660 3266 2710; x_wconf 66' lang='grc' dir='ltr'><strong>ἐπὶ</strong></span> <span class='ocrx_word' id='word_1_476' title='bbox 3287 2660 3397 2721; x_wconf 82' lang='grc' dir='ltr'><strong>τοῖς</strong></span> <span class='ocrx_word' id='word_1_477' title='bbox 3436 2657 3594 2721; x_wconf 79' lang='grc' dir='ltr'><strong>θείοις</strong></span> <span class='ocrx_word' id='word_1_478' title='bbox 3623 2658 3869 2727; x_wconf 80' lang='grc' dir='ltr'><strong>δόγμασι,</strong></span> 
     </span>
    </p>
   </div>
   <div class='ocr_carea' id='block_1_69' title="bbox 2333 2748 3869 2821">
    <p class='ocr_par' dir='ltr' id='par_1_69' title="bbox 2333 2748 3869 2821">
     <span class='ocr_line' id='line_1_69' title="bbox 2333 2748 3869 2821; baseline -0.003 -18"><span class='ocrx_word' id='word_1_479' title='bbox 2333 2750 2581 2820; x_wconf 75' lang='grc' dir='ltr'><strong>καθάπερ</strong></span> <span class='ocrx_word' id='word_1_480' title='bbox 2608 2749 2818 2813; x_wconf 80' lang='grc' dir='ltr'><strong>πλάκας</strong></span> <span class='ocrx_word' id='word_1_481' title='bbox 2846 2749 3241 2821; x_wconf 85' lang='grc' dir='ltr'><strong>θεοχαράκτους</strong></span> <span class='ocrx_word' id='word_1_482' title='bbox 3259 2748 3346 2801; x_wconf 79' lang='grc' dir='ltr'><strong>διὰ</strong></span> <span class='ocrx_word' id='word_1_483' title='bbox 3372 2748 3466 2801; x_wconf 79' lang='grc' dir='ltr'><strong>τοῦ</strong></span> <span class='ocrx_word' id='word_1_484' title='bbox 3494 2751 3613 2802; x_wconf 89' lang='grc' dir='ltr'><strong>νέου</strong></span> <span class='ocrx_word' id='word_1_485' title='bbox 3640 2749 3869 2803; x_wconf 82' lang='grc' dir='ltr'><strong>Μεσίτου</strong></span> 
     </span>
    </p>
   </div>
   <div class='ocr_carea' id='block_1_70' title="bbox 2327 2839 3874 2910">
    <p class='ocr_par' dir='ltr' id='par_1_70' title="bbox 2327 2839 3874 2910">
     <span class='ocr_line' id='line_1_70' title="bbox 2327 2839 3874 2910; baseline -0.001 -18"><span class='ocrx_word' id='word_1_486' title='bbox 2327 2840 2420 2892; x_wconf 67' lang='grc' dir='ltr'><strong>καὶ</strong></span> <span class='ocrx_word' id='word_1_487' title='bbox 2436 2840 2518 2906; x_wconf 75' lang='grc' dir='ltr'><strong>ἐφ’</strong></span> <span class='ocrx_word' id='word_1_488' title='bbox 2538 2842 2664 2908; x_wconf 79' lang='grc' dir='ltr'><strong>ἡμῖν</strong></span> <span class='ocrx_word' id='word_1_489' title='bbox 2681 2840 2726 2871; x_wconf 81' lang='grc'><strong>⁸⁸</strong></span> <span class='ocrx_word' id='word_1_490' title='bbox 2746 2840 2977 2908; x_wconf 83' lang='grc' dir='ltr'><strong>μεγάλου</strong></span> <span class='ocrx_word' id='word_1_491' title='bbox 3001 2840 3273 2902; x_wconf 77' lang='grc' dir='ltr'><strong>Μωῦσέως</strong></span> <span class='ocrx_word' id='word_1_492' title='bbox 3298 2842 3389 2892; x_wconf 71' lang='grc' dir='ltr'><strong>καὶ</strong></span> <span class='ocrx_word' id='word_1_493' title='bbox 3413 2841 3600 2910; x_wconf 82' lang='grc' dir='ltr'><strong>ἱερέων</strong></span> <span class='ocrx_word' id='word_1_494' title='bbox 3612 2841 3653 2873; x_wconf 66' lang='grc' dir='ltr'><strong>θ’</strong></span> <span class='ocrx_word' id='word_1_495' title='bbox 3673 2839 3874 2909; x_wconf 76' lang='grc' dir='ltr'><strong>ἱερέως,</strong></span> 
     </span>
    </p>
   </div>
   <div class='ocr_carea' id='block_1_71' title="bbox 2329 2928 3883 2999">
    <p class='ocr_par' dir='ltr' id='par_1_71' title="bbox 2329 2928 3883 2999">
     <span class='ocr_line' id='line_1_71' title="bbox 2329 2928 3883 2999; baseline -0.001 -17"><span class='ocrx_word' id='word_1_496' title='bbox 2329 2931 2417 2983; x_wconf 67' lang='grc' dir='ltr'><strong>καὶ</strong></span> <span class='ocrx_word' id='word_1_497' title='bbox 2437 2931 2536 2999; x_wconf 78' lang='grc' dir='ltr'><strong>τῆς</strong></span> <span class='ocrx_word' id='word_1_498' title='bbox 2554 2929 2672 2981; x_wconf 79' lang='grc' dir='ltr'><strong>καθ’</strong></span> <span class='ocrx_word' id='word_1_499' title='bbox 2693 2930 2818 2999; x_wconf 80' lang='grc' dir='ltr'><strong>ὃλην</strong></span> <span class='ocrx_word' id='word_1_500' title='bbox 2848 2929 2942 2998; x_wconf 84' lang='grc' dir='ltr'><strong>τὴν</strong></span> <span class='ocrx_word' id='word_1_501' title='bbox 2965 2930 3287 2998; x_wconf 73' lang='grc' dir='ltr'><strong>οἰκουμένην</strong></span> <span class='ocrx_word' id='word_1_502' title='bbox 3312 2928 3538 2999; x_wconf 73' lang='grc' dir='ltr'><strong>ἐξάρχου</strong></span> <span class='ocrx_word' id='word_1_503' title='bbox 3568 2930 3714 2992; x_wconf 83' lang='grc' dir='ltr'><strong>θείας</strong></span> <span class='ocrx_word' id='word_1_504' title='bbox 3740 2931 3883 2998; x_wconf 69' lang='grc' dir='ltr'><strong>ἱερα-</strong></span> 
     </span>
    </p>
   </div>
   <div class='ocr_carea' id='block_1_72' title="bbox 2330 3002 3875 3091">
    <p class='ocr_par' dir='ltr' id='par_1_72' title="bbox 2330 3013 3875 3091">
     <span class='ocr_line' id='line_1_72' title="bbox 2330 3013 3875 3091; baseline -0.001 -19"><span class='ocrx_word' id='word_1_505' title='bbox 2330 3020 2514 3091; x_wconf 88' lang='grc' dir='ltr'><strong>σύνης,</strong></span> <span class='ocrx_word' id='word_1_506' title='bbox 2539 3019 2893 3089; x_wconf 36' lang='grc' dir='ltr'><strong>κομισθεῖσάνν</strong></span> <span class='ocrx_word' id='word_1_507' title='bbox 2918 3036 2973 3072; x_wconf 88' lang='grc' dir='ltr'><strong>τε</strong></span> <span class='ocrx_word' id='word_1_508' title='bbox 3008 3020 3102 3072; x_wconf 74' lang='grc' dir='ltr'><strong>καὶ</strong></span> <span class='ocrx_word' id='word_1_509' title='bbox 3136 3018 3445 3071; x_wconf 77' lang='grc' dir='ltr'><strong>ἐκδοθεῖσαν</strong></span> <span class='ocrx_word' id='word_1_510' title='bbox 3500 3013 3875 3089; x_wconf 79' lang='grc' dir='ltr'><strong>κατεμήνυσας</strong></span> 
     </span>
    </p>
   </div>
   <div class='ocr_carea' id='block_1_73' title="bbox 2327 3110 3867 3182">
    <p class='ocr_par' dir='ltr' id='par_1_73' title="bbox 2327 3110 3867 3182">
     <span class='ocr_line' id='line_1_73' title="bbox 2327 3110 3867 3182; baseline 0 -19"><span class='ocrx_word' id='word_1_511' title='bbox 2327 3111 2504 3181; x_wconf 75' lang='grc' dir='ltr'><strong>ψῆφον</strong></span> <span class='ocrx_word' id='word_1_512' title='bbox 2536 3126 2549 3141; x_wconf 88' lang='grc'><strong>·</strong></span> <span class='ocrx_word' id='word_1_513' title='bbox 2586 3113 2650 3181; x_wconf 80' lang='grc' dir='ltr'><strong>ἢν</strong></span> <span class='ocrx_word' id='word_1_514' title='bbox 2680 3110 2875 3180; x_wconf 10' lang='grc' dir='ltr'><strong>ήεάγία</strong></span> <span class='ocrx_word' id='word_1_515' title='bbox 2917 3110 3012 3163; x_wconf 83' lang='grc' dir='ltr'><strong>καὶ</strong></span> <span class='ocrx_word' id='word_1_516' title='bbox 3042 3110 3173 3180; x_wconf 88' lang='grc' dir='ltr'><strong>μόνη</strong></span> <span class='ocrx_word' id='word_1_517' title='bbox 3203 3111 3646 3181; x_wconf 87' lang='grc' dir='ltr'><strong>προσκυνουμένη</strong></span> <span class='ocrx_word' id='word_1_518' title='bbox 3693 3112 3867 3182; x_wconf 76' lang='grc' dir='ltr'><strong>Τριὰς,</strong></span> 
     </span>
    </p>
   </div>
   <div class='ocr_carea' id='block_1_74' title="bbox 2329 3200 3876 3273">
    <p class='ocr_par' dir='ltr' id='par_1_74' title="bbox 2329 3200 3876 3273">
     <span class='ocr_line' id='line_1_74' title="bbox 2329 3200 3876 3273; baseline -0.001 -19"><span class='ocrx_word' id='word_1_519' title='bbox 2329 3202 2402 3264; x_wconf 85' lang='grc' dir='ltr'><strong>ὡς</strong></span> <span class='ocrx_word' id='word_1_520' title='bbox 2444 3202 2513 3254; x_wconf 86' lang='grc' dir='ltr'><strong>δι’</strong></span> <span class='ocrx_word' id='word_1_521' title='bbox 2567 3202 2798 3271; x_wconf 85' lang='grc' dir='ltr'><strong>ὀργάνου</strong></span> <span class='ocrx_word' id='word_1_522' title='bbox 2837 3201 2929 3254; x_wconf 82' lang='grc' dir='ltr'><strong>τοῦ</strong></span> <span class='ocrx_word' id='word_1_523' title='bbox 2975 3200 3230 3271; x_wconf 78' lang='grc' dir='ltr'><strong>ῥηθέντος</strong></span> <span class='ocrx_word' id='word_1_524' title='bbox 3275 3202 3643 3271; x_wconf 81' lang='grc' dir='ltr'><strong>ὑπηγόρευσεν</strong></span> <span class='ocrx_word' id='word_1_525' title='bbox 3696 3204 3876 3273; x_wconf 82' lang='grc' dir='ltr'><strong>ἀρχιε·</strong></span> 
     </span>
    </p>
   </div>
   <div class='ocr_carea' id='block_1_75' title="bbox 2331 3282 3880 3364">
    <p class='ocr_par' dir='ltr' id='par_1_75' title="bbox 2331 3282 3880 3364">
     <span class='ocr_line' id='line_1_75' title="bbox 2331 3282 3880 3364; baseline -0.003 -19"><span class='ocrx_word' id='word_1_526' title='bbox 2331 3292 2488 3361; x_wconf 88' lang='grc' dir='ltr'><strong>ρέως,</strong></span> <span class='ocrx_word' id='word_1_527' title='bbox 2523 3291 2619 3343; x_wconf 74' lang='grc' dir='ltr'><strong>καὶ</strong></span> <span class='ocrx_word' id='word_1_528' title='bbox 2648 3291 2781 3362; x_wconf 72' lang='grc' dir='ltr'><strong>πρὸς</strong></span> <span class='ocrx_word' id='word_1_529' title='bbox 2807 3292 3054 3361; x_wconf 88' lang='grc' dir='ltr'><strong>ὁμόνοιαν</strong></span> <span class='ocrx_word' id='word_1_530' title='bbox 3084 3291 3245 3364; x_wconf 84' lang='grc' dir='ltr'><strong>πλέον</strong></span> <span class='ocrx_word' id='word_1_531' title='bbox 3268 3292 3495 3359; x_wconf 78' lang='grc' dir='ltr'><strong>ἐπέδησε</strong></span> <span class='ocrx_word' id='word_1_532' title='bbox 3512 3282 3609 3353; x_wconf 74' lang='grc' dir='ltr'><strong>τάξ</strong></span> <span class='ocrx_word' id='word_1_533' title='bbox 3653 3290 3880 3360; x_wconf 82' lang='grc' dir='ltr'><strong>Ἐκκλη-</strong></span> 
     </span>
    </p>
   </div>
   <div class='ocr_carea' id='block_1_76' title="bbox 2328 3374 3884 3452">
    <p class='ocr_par' dir='ltr' id='par_1_76' title="bbox 2328 3374 3884 3452">
     <span class='ocr_line' id='line_1_76' title="bbox 2328 3374 3884 3452; baseline -0.002 -17"><span class='ocrx_word' id='word_1_534' title='bbox 2328 3374 2468 3448; x_wconf 86' lang='grc' dir='ltr'><strong>σίας,</strong></span> <span class='ocrx_word' id='word_1_535' title='bbox 2501 3384 2579 3444; x_wconf 89' lang='grc' dir='ltr'><strong>εἰς</strong></span> <span class='ocrx_word' id='word_1_536' title='bbox 2629 3382 2777 3452; x_wconf 82' lang='grc' dir='ltr'><strong>οὐδὲν</strong></span> <span class='ocrx_word' id='word_1_537' title='bbox 2821 3380 3051 3451; x_wconf 83' lang='grc' dir='ltr'><strong>θεμένας</strong></span> <span class='ocrx_word' id='word_1_538' title='bbox 3098 3380 3195 3451; x_wconf 81' lang='grc' dir='ltr'><strong>τὴν</strong></span> <span class='ocrx_word' id='word_1_539' title='bbox 3224 3381 3458 3444; x_wconf 78' lang='grc' dir='ltr'><strong>δόξασαν,</strong></span> <span class='ocrx_word' id='word_1_540' title='bbox 3501 3383 3616 3445; x_wconf 81' lang='grc' dir='ltr'><strong>τοῖς</strong></span> <span class='ocrx_word' id='word_1_541' title='bbox 3672 3382 3884 3441; x_wconf 74' lang='grc' dir='ltr'><strong>πολλοῖς</strong></span> 
     </span>
    </p>
   </div>
   <div class='ocr_carea' id='block_1_77' title="bbox 2327 3471 3884 3545">
    <p class='ocr_par' dir='ltr' id='par_1_77' title="bbox 2327 3471 3884 3545">
     <span class='ocr_line' id='line_1_77' title="bbox 2327 3471 3884 3545; baseline -0.001 -19"><span class='ocrx_word' id='word_1_542' title='bbox 2327 3474 2652 3544; x_wconf 83' lang='grc' dir='ltr'><strong>γεγενῆσθαι</strong></span> <span class='ocrx_word' id='word_1_543' title='bbox 2691 3473 2830 3526; x_wconf 82' lang='grc' dir='ltr'><strong>κατὰ</strong></span> <span class='ocrx_word' id='word_1_544' title='bbox 2876 3473 2972 3543; x_wconf 81' lang='grc' dir='ltr'><strong>τὴν</strong></span> <span class='ocrx_word' id='word_1_545' title='bbox 3018 3473 3368 3545; x_wconf 79' lang='grc' dir='ltr'><strong>Ἀλεξάνδρου</strong></span> <span class='ocrx_word' id='word_1_546' title='bbox 3403 3473 3559 3528; x_wconf 85' lang='grc' dir='ltr'><strong>πόλιν</strong></span> <span class='ocrx_word' id='word_1_547' title='bbox 3611 3474 3733 3543; x_wconf 75' lang='grc' dir='ltr'><strong>περὶ</strong></span> <span class='ocrx_word' id='word_1_548' title='bbox 3781 3471 3884 3541; x_wconf 80' lang='grc' dir='ltr'><strong>τὴν</strong></span> 
     </span>
    </p>
   </div>
   <div class='ocr_carea' id='block_1_78' title="bbox 2329 3563 2907 3634">
    <p class='ocr_par' dir='ltr' id='par_1_78' title="bbox 2329 3563 2907 3634">
     <span class='ocr_line' id='line_1_78' title="bbox 2329 3563 2907 3634; baseline 0.003 -17"><span class='ocrx_word' id='word_1_549' title='bbox 2329 3565 2509 3619; x_wconf 77' lang='grc' dir='ltr'><strong>πίστιν</strong></span> <span class='ocrx_word' id='word_1_550' title='bbox 2538 3563 2907 3634; x_wconf 84' lang='grc' dir='ltr'><strong>καινοτομίαν.</strong></span> 
     </span>
    </p>
   </div>
   <div class='ocr_carea' id='block_1_79' title="bbox 2404 3844 3877 3919">
    <p class='ocr_par' dir='ltr' id='par_1_79' title="bbox 2404 3844 3877 3919">
     <span class='ocr_line' id='line_1_79' title="bbox 2404 3844 3877 3919; baseline 0 -20"><span class='ocrx_word' id='word_1_551' title='bbox 2404 3845 2619 3916; x_wconf 82' lang='grc' dir='ltr'><strong>Ταύτην</strong></span> <span class='ocrx_word' id='word_1_552' title='bbox 2656 3844 2763 3915; x_wconf 84' lang='grc' dir='ltr'><strong>γὰρ</strong></span> <span class='ocrx_word' id='word_1_553' title='bbox 2790 3844 3090 3916; x_wconf 81' lang='grc' dir='ltr'><strong>ὁλοσχερῶς</strong></span> <span class='ocrx_word' id='word_1_554' title='bbox 3121 3847 3153 3917; x_wconf 77' lang='grc' dir='ltr'>ἡ</span> <span class='ocrx_word' id='word_1_555' title='bbox 3185 3844 3400 3901; x_wconf 83' lang='grc' dir='ltr'><strong>δοθεῖσα</strong></span> <span class='ocrx_word' id='word_1_556' title='bbox 3445 3847 3740 3902; x_wconf 80' lang='grc' dir='ltr'><strong>διεσώσατο</strong></span> <span class='ocrx_word' id='word_1_557' title='bbox 3788 3846 3877 3919; x_wconf 65' lang='grc' dir='ltr'><strong>ςιῆ-</strong></span> 
     </span>
    </p>
   </div>
   <div class='ocr_carea' id='block_1_80' title="bbox 2334 3935 3880 4009">
    <p class='ocr_par' dir='ltr' id='par_1_80' title="bbox 2334 3935 3880 4009">
     <span class='ocr_line' id='line_1_80' title="bbox 2334 3935 3880 4009; baseline 0.003 -20"><span class='ocrx_word' id='word_1_558' title='bbox 2334 3954 2431 4006; x_wconf 83' lang='grc' dir='ltr'><strong>φος</strong></span> <span class='ocrx_word' id='word_1_559' title='bbox 2482 3937 2579 4006; x_wconf 83' lang='grc' dir='ltr'><strong>τὴν</strong></span> <span class='ocrx_word' id='word_1_560' title='bbox 2636 3935 2878 4000; x_wconf 83' lang='grc' dir='ltr'><strong>ἔννοιαν,</strong></span> <span class='ocrx_word' id='word_1_561' title='bbox 2936 3936 3151 4007; x_wconf 75' lang='grc' dir='ltr'><strong>καθ’·ἥν</strong></span> <span class='ocrx_word' id='word_1_562' title='bbox 3192 3938 3466 3991; x_wconf 82' lang='grc' dir='ltr'><strong>πιστεύειν</strong></span> <span class='ocrx_word' id='word_1_563' title='bbox 3521 3942 3568 3991; x_wconf 88' lang='grc' dir='ltr'><strong>οἰ</strong></span> <span class='ocrx_word' id='word_1_564' title='bbox 3645 3940 3880 4009; x_wconf 71' lang='grc' dir='ltr'><strong>θεοφόρα</strong></span> 
     </span>
    </p>
   </div>
   <div class='ocr_carea' id='block_1_81' title="bbox 2336 4026 3880 4100">
    <p class='ocr_par' dir='ltr' id='par_1_81' title="bbox 2336 4026 3880 4100">
     <span class='ocr_line' id='line_1_81' title="bbox 2336 4026 3880 4100; baseline 0.001 -19"><span class='ocrx_word' id='word_1_565' title='bbox 2336 4026 2575 4097; x_wconf 86' lang='grc' dir='ltr'><strong>Πατέρες</strong></span> <span class='ocrx_word' id='word_1_566' title='bbox 2596 4026 2750 4095; x_wconf 77' lang='grc' dir='ltr'><strong>ἡμῶν</strong></span> <span class='ocrx_word' id='word_1_567' title='bbox 2778 4027 2897 4088; x_wconf 82' lang='grc' dir='ltr'><strong>ταῖς</strong></span> <span class='ocrx_word' id='word_1_568' title='bbox 2927 4026 3107 4093; x_wconf 79' lang='grc' dir='ltr'><strong>ἁγίαις</strong></span> <span class='ocrx_word' id='word_1_569' title='bbox 3150 4026 3492 4097; x_wconf 68' lang='grc' dir='ltr'><strong>Ἐκκλησίαις</strong></span> <span class='ocrx_word' id='word_1_570' title='bbox 3543 4031 3846 4100; x_wconf 84' lang='grc' dir='ltr'><strong>παρέδοσαν</strong></span> <span class='ocrx_word' id='word_1_571' title='bbox 3868 4044 3880 4057; x_wconf 85' lang='grc'><em>’</em></span> 
     </span>
    </p>
   </div>
   <div class='ocr_carea' id='block_1_82' title="bbox 2331 4114 3886 4189">
    <p class='ocr_par' dir='ltr' id='par_1_82' title="bbox 2331 4114 3886 4189">
     <span class='ocr_line' id='line_1_82' title="bbox 2331 4114 3886 4189; baseline 0.001 -19"><span class='ocrx_word' id='word_1_572' title='bbox 2331 4118 2428 4170; x_wconf 70' lang='grc' dir='ltr'><strong>ἕνα</strong></span> <span class='ocrx_word' id='word_1_573' title='bbox 2486 4115 2705 4169; x_wconf 79' lang='grc' dir='ltr'><strong>καὶτὸν</strong></span> <span class='ocrx_word' id='word_1_574' title='bbox 2740 4114 2903 4169; x_wconf 84' lang='grc' dir='ltr'><strong>αὑτὸν</strong></span> <span class='ocrx_word' id='word_1_575' title='bbox 2930 4117 3158 4185; x_wconf 83' lang='grc' dir='ltr'><strong>φάμενοι</strong></span> <span class='ocrx_word' id='word_1_576' title='bbox 3219 4115 3351 4170; x_wconf 85' lang='grc' dir='ltr'><strong>Θεὸν</strong></span> <span class='ocrx_word' id='word_1_577' title='bbox 3415 4118 3584 4186; x_wconf 88' lang='grc' dir='ltr'><strong>Λόγον</strong></span> <span class='ocrx_word' id='word_1_578' title='bbox 3641 4120 3738 4173; x_wconf 75' lang='grc' dir='ltr'><strong>καὶ</strong></span> <span class='ocrx_word' id='word_1_579' title='bbox 3790 4118 3886 4189; x_wconf 82' lang='grc' dir='ltr'><strong>πρὸ</strong></span> 
     </span>
    </p>
   </div>
   <div class='ocr_carea' id='block_1_83' title="bbox 2336 4205 3885 4285">
    <p class='ocr_par' dir='ltr' id='par_1_83' title="bbox 2336 4205 3885 4285">
     <span class='ocr_line' id='line_1_83' title="bbox 2336 4205 3885 4285; baseline 0.004 -27"><span class='ocrx_word' id='word_1_580' title='bbox 2336 4206 2555 4275; x_wconf 78' lang='grc' dir='ltr'><strong>σαρκὸς,</strong></span> <span class='ocrx_word' id='word_1_581' title='bbox 2598 4206 2693 4258; x_wconf 72' lang='grc' dir='ltr'><strong>καὶ</strong></span> <span class='ocrx_word' id='word_1_582' title='bbox 2729 4205 2867 4273; x_wconf 83' lang='grc' dir='ltr'><strong>μετὰ</strong></span> <span class='ocrx_word' id='word_1_583' title='bbox 2892 4206 3123 4275; x_wconf 77' lang='grc' dir='ltr'><strong>σαρκόςο</strong></span> <span class='ocrx_word' id='word_1_584' title='bbox 3146 4205 3212 4274; x_wconf 74' lang='grc' dir='ltr'><strong>ἢν</strong></span> <span class='ocrx_word' id='word_1_585' title='bbox 3236 4207 3397 4270; x_wconf 81' lang='grc' dir='ltr'><strong>αὐτὸς</strong></span> <span class='ocrx_word' id='word_1_586' title='bbox 3437 4208 3615 4285; x_wconf 54' lang='grc' dir='ltr'><strong>ἑαυτῷ</strong></span> <span class='ocrx_word' id='word_1_587' title='bbox 3648 4209 3715 4261; x_wconf 77' lang='grc' dir='ltr'><strong>δι’</strong></span> <span class='ocrx_word' id='word_1_588' title='bbox 3752 4210 3885 4277; x_wconf 71' lang='grc' dir='ltr'><strong>ἡμᾶς</strong></span> 
     </span>
    </p>
   </div>
   <div class='ocr_carea' id='block_1_84' title="bbox 680 4290 2233 4366">
    <p class='ocr_par' dir='ltr' id='par_1_84' title="bbox 680 4291 2233 4363">
     <span class='ocr_line' id='line_1_84' title="bbox 680 4291 2233 4363; baseline 0.001 -17"><span class='ocrx_word' id='word_1_589' title='bbox 680 4302 805 4363; x_wconf 85' lang='lat' dir='ltr'><strong>pter</strong></span> <span class='ocrx_word' id='word_1_590' title='bbox 833 4308 932 4344; x_wconf 87' lang='lat' dir='ltr'><strong>nos</strong></span> <span class='ocrx_word' id='word_1_591' title='bbox 960 4291 1379 4360; x_wconf 80' lang='lat' dir='ltr'><strong>intelligentium</strong></span> <span class='ocrx_word' id='word_1_592' title='bbox 1427 4308 1577 4347; x_wconf 93' lang='lat' dir='ltr'><strong>more</strong></span> <span class='ocrx_word' id='word_1_593' title='bbox 1608 4293 1921 4357; x_wconf 87' lang='lat' dir='ltr'><strong>animatam,</strong></span> <span class='ocrx_word' id='word_1_594' title='bbox 1954 4310 2020 4348; x_wconf 85' lang='lat' dir='ltr'><strong>ex</strong></span> <span class='ocrx_word' id='word_1_595' title='bbox 2050 4303 2233 4348; x_wconf 86' lang='lat' dir='ltr'><strong>sancta</strong></span> 
     </span>
    </p>
   </div>
   <div class='ocr_carea' id='block_1_85' title="bbox 2325 4290 3887 4366">
    <p class='ocr_par' dir='ltr' id='par_1_85' title="bbox 2333 4290 3887 4366">
     <span class='ocr_line' id='line_1_85' title="bbox 2333 4290 3887 4366; baseline 0.001 -19"><span class='ocrx_word' id='word_1_596' title='bbox 2333 4295 2684 4365; x_wconf 76' lang='grc' dir='ltr'><strong>ὲψυχωμένην</strong></span> <span class='ocrx_word' id='word_1_597' title='bbox 2726 4290 2922 4363; x_wconf 77' lang='grc' dir='ltr'><strong>νοερῶς</strong></span> <span class='ocrx_word' id='word_1_598' title='bbox 2961 4295 3082 4347; x_wconf 84' lang='grc' dir='ltr'><strong>καθ’</strong></span> <span class='ocrx_word' id='word_1_599' title='bbox 3125 4295 3416 4348; x_wconf 82' lang='grc' dir='ltr'><strong>ὑπόστασιν</strong></span> <span class='ocrx_word' id='word_1_600' title='bbox 3448 4298 3681 4364; x_wconf 75' lang='grc' dir='ltr'><strong>ἥνωσεν,</strong></span> <span class='ocrx_word' id='word_1_601' title='bbox 3709 4300 3774 4349; x_wconf 71' lang='grc' dir='ltr'><strong>ἐκ</strong></span> <span class='ocrx_word' id='word_1_602' title='bbox 3797 4299 3887 4366; x_wconf 77' lang='grc' dir='ltr'><strong>τῆς</strong></span> 
     </span>
    </p>
   </div>
   <div class='ocr_carea' id='block_1_86' title="bbox 683 4381 2233 4457">
    <p class='ocr_par' dir='ltr' id='par_1_86' title="bbox 683 4381 2233 4453">
     <span class='ocr_line' id='line_1_86' title="bbox 683 4381 2233 4453; baseline 0.001 -15"><span class='ocrx_word' id='word_1_603' title='bbox 683 4382 780 4438; x_wconf 88' lang='lat' dir='ltr'><strong>Dei</strong></span> <span class='ocrx_word' id='word_1_604' title='bbox 838 4381 1115 4436; x_wconf 85' lang='lat' dir='ltr'><strong>Gcnitrice</strong></span> <span class='ocrx_word' id='word_1_605' title='bbox 1172 4396 1494 4450; x_wconf 89' lang='lat' dir='ltr'><strong>semperque</strong></span> <span class='ocrx_word' id='word_1_606' title='bbox 1542 4383 1767 4453; x_wconf 71' lang='lat' dir='ltr'><strong>Virgine</strong></span> <span class='ocrx_word' id='word_1_607' title='bbox 1826 4384 1990 4438; x_wconf 79' lang='lat' dir='ltr'><strong>Maria</strong></span> <span class='ocrx_word' id='word_1_608' title='bbox 2034 4400 2233 4439; x_wconf 87' lang='lat' dir='ltr'><strong>assum-</strong></span> 
     </span>
    </p>
   </div>
   <div class='ocr_carea' id='block_1_87' title="bbox 2325 4381 3887 4457">
    <p class='ocr_par' dir='ltr' id='par_1_87' title="bbox 2332 4381 3887 4457">
     <span class='ocr_line' id='line_1_87' title="bbox 2332 4381 3887 4457; baseline -0.001 -16"><span class='ocrx_word' id='word_1_609' title='bbox 2332 4386 2491 4454; x_wconf 81' lang='grc' dir='ltr'><strong>ἁγίας</strong></span> <span class='ocrx_word' id='word_1_610' title='bbox 2511 4384 2769 4438; x_wconf 83' lang='grc' dir='ltr'><strong>Θεοτόκου</strong></span> <span class='ocrx_word' id='word_1_611' title='bbox 2794 4385 2887 4438; x_wconf 81' lang='grc' dir='ltr'><strong>καὶ</strong></span> <span class='ocrx_word' id='word_1_612' title='bbox 2918 4381 3296 4454; x_wconf 80' lang='grc' dir='ltr'><strong>Ἀειπαρθένου</strong></span> <span class='ocrx_word' id='word_1_613' title='bbox 3323 4385 3764 4457; x_wconf 73' lang='grc' dir='ltr'><strong>προσληφθεῖσαν</strong></span> <span class='ocrx_word' id='word_1_614' title='bbox 3780 4389 3887 4440; x_wconf 80' lang='grc' dir='ltr'><strong>Μα-</strong></span> 
     </span>
    </p>
   </div>
   <div class='ocr_carea' id='block_1_88' title="bbox 685 4471 2233 4548">
    <p class='ocr_par' dir='ltr' id='par_1_88' title="bbox 685 4471 2231 4543">
     <span class='ocr_line' id='line_1_88' title="bbox 685 4471 2231 4543; baseline 0.003 -18"><span class='ocrx_word' id='word_1_615' title='bbox 685 4482 854 4542; x_wconf 86' lang='lat' dir='ltr'><strong>ptam,</strong></span> <span class='ocrx_word' id='word_1_616' title='bbox 893 4471 1229 4543; x_wconf 88' lang='lat' dir='ltr'><strong>hypostatice</strong></span> <span class='ocrx_word' id='word_1_617' title='bbox 1264 4472 1339 4542; x_wconf 92' lang='lat' dir='ltr'><strong>(in</strong></span> <span class='ocrx_word' id='word_1_618' title='bbox 1368 4487 1595 4541; x_wconf 85' lang='lat' dir='ltr'><strong>persona</strong></span> <span class='ocrx_word' id='word_1_619' title='bbox 1627 4474 1855 4542; x_wconf 82' lang='lat' dir='ltr'><strong>scilicet)</strong></span> <span class='ocrx_word' id='word_1_620' title='bbox 1887 4475 2079 4539; x_wconf 85' lang='lat' dir='ltr'><strong>univit,</strong></span> <span class='ocrx_word' id='word_1_621' title='bbox 2109 4492 2231 4529; x_wconf 89' lang='lat' dir='ltr'><strong>cum</strong></span> 
     </span>
    </p>
   </div>
   <div class='ocr_carea' id='block_1_89' title="bbox 2325 4471 3887 4548">
    <p class='ocr_par' dir='ltr' id='par_1_89' title="bbox 2336 4475 3887 4548">
     <span class='ocr_line' id='line_1_89' title="bbox 2336 4475 3887 4548; baseline -0.001 -18"><span class='ocrx_word' id='word_1_622' title='bbox 2336 4477 2488 4548; x_wconf 86' lang='grc' dir='ltr'><strong>ρίας·</strong></span> <span class='ocrx_word' id='word_1_623' title='bbox 2559 4476 2737 4548; x_wconf 79' lang='grc' dir='ltr'><strong>σπορὰ</strong></span> <span class='ocrx_word' id='word_1_624' title='bbox 2788 4476 2983 4547; x_wconf 83' lang='grc' dir='ltr'><strong>δηλαδὴ</strong></span> <span class='ocrx_word' id='word_1_625' title='bbox 3026 4477 3121 4545; x_wconf 79' lang='grc' dir='ltr'><strong>τῆς</strong></span> <span class='ocrx_word' id='word_1_626' title='bbox 3168 4475 3370 4538; x_wconf 76' lang='grc' dir='ltr'><strong>οἰκείας</strong></span> <span class='ocrx_word' id='word_1_627' title='bbox 3428 4476 3591 4539; x_wconf 83' lang='grc' dir='ltr'><strong>αὐτὸς</strong></span> <span class='ocrx_word' id='word_1_628' title='bbox 3645 4479 3887 4545; x_wconf 75' lang='grc' dir='ltr'><strong>γενέσθαι</strong></span> 
     </span>
    </p>
   </div>
   <div class='ocr_carea' id='block_1_90' title="bbox 686 4563 2233 4655">
    <p class='ocr_par' dir='ltr' id='par_1_90' title="bbox 686 4563 2229 4632">
     <span class='ocr_line' id='line_1_90' title="bbox 686 4563 2229 4632; baseline 0.001 -14"><span class='ocrx_word' id='word_1_629' title='bbox 686 4568 803 4632; x_wconf 88' lang='lat' dir='ltr'><strong>ipse</strong></span> <span class='ocrx_word' id='word_1_630' title='bbox 848 4579 957 4616; x_wconf 61' lang='lat' dir='ltr'><strong>suae</strong></span> <span class='ocrx_word' id='word_1_631' title='bbox 1000 4564 1171 4630; x_wconf 90' lang='lat' dir='ltr'><strong>ipsius</strong></span> <span class='ocrx_word' id='word_1_632' title='bbox 1218 4563 1608 4618; x_wconf 85' lang='lat' dir='ltr'><strong>incarnationis</strong></span> <span class='ocrx_word' id='word_1_633' title='bbox 1662 4579 1846 4619; x_wconf 86' lang='lat' dir='ltr'><strong>semen</strong></span> <span class='ocrx_word' id='word_1_634' title='bbox 1882 4564 1997 4617; x_wconf 81' lang='lat' dir='ltr'><strong>ﬁeri</strong></span> <span class='ocrx_word' id='word_1_635' title='bbox 2031 4565 2229 4619; x_wconf 71' lang='lat' dir='ltr'><strong>valuis-</strong></span> 
     </span>
    </p>
   </div>
   <div class='ocr_carea' id='block_1_91' title="bbox 2325 4563 3887 4655">
    <p class='ocr_par' dir='ltr' id='par_1_91' title="bbox 2341 4566 3887 4655">
     <span class='ocr_line' id='line_1_91' title="bbox 2341 4566 3887 4655; baseline 0 -36"><span class='ocrx_word' id='word_1_636' title='bbox 2341 4566 2678 4631; x_wconf 82' lang='grc' dir='ltr'><strong>καταξιώσας</strong></span> <span class='ocrx_word' id='word_1_637' title='bbox 2726 4568 3048 4637; x_wconf 86' lang='grc' dir='ltr'><strong>σαρκώσεως</strong></span> <span class='ocrx_word' id='word_1_638' title='bbox 3075 4583 3087 4597; x_wconf 91' lang='grc'>·</span> <span class='ocrx_word' id='word_1_639' title='bbox 3122 4568 3207 4620; x_wconf 83' lang='grc' dir='ltr'><strong>ἵνα</strong></span> <span class='ocrx_word' id='word_1_640' title='bbox 3239 4568 3332 4619; x_wconf 76' lang='grc' dir='ltr'><strong>καὶ</strong></span> <span class='ocrx_word' id='word_1_641' title='bbox 3367 4566 3651 4655; x_wconf 77' lang='grc' dir='ltr'><strong>ἇνρρωπος</strong></span> <span class='ocrx_word' id='word_1_642' title='bbox 3682 4568 3887 4639; x_wconf 78' lang='grc' dir='ltr'><strong>ἀληθῶς</strong></span> 
     </span>
    </p>
   </div>
   <div class='ocr_carea' id='block_1_92' title="bbox 688 4652 2233 4728">
    <p class='ocr_par' dir='ltr' id='par_1_92' title="bbox 688 4652 2233 4721">
     <span class='ocr_line' id='line_1_92' title="bbox 688 4652 2233 4721; baseline -0.001 -13"><span class='ocrx_word' id='word_1_643' title='bbox 688 4663 790 4716; x_wconf 85' lang='lat' dir='ltr'><strong>set,</strong></span> <span class='ocrx_word' id='word_1_644' title='bbox 828 4662 888 4705; x_wconf 87' lang='lat' dir='ltr'><strong>ut</strong></span> <span class='ocrx_word' id='word_1_645' title='bbox 922 4662 974 4706; x_wconf 88' lang='lat' dir='ltr'><strong>et</strong></span> <span class='ocrx_word' id='word_1_646' title='bbox 1007 4667 1135 4704; x_wconf 86' lang='lat' dir='ltr'><strong>vere</strong></span> <span class='ocrx_word' id='word_1_647' title='bbox 1162 4652 1323 4704; x_wconf 84' lang='lat' dir='ltr'><strong>homo</strong></span> <span class='ocrx_word' id='word_1_648' title='bbox 1363 4652 1543 4717; x_wconf 77' lang='lat' dir='ltr'><strong>fieret;</strong></span> <span class='ocrx_word' id='word_1_649' title='bbox 1569 4668 1631 4707; x_wconf 92' lang='lat' dir='ltr'><strong>ac</strong></span> <span class='ocrx_word' id='word_1_650' title='bbox 1661 4662 1772 4707; x_wconf 90' lang='lat' dir='ltr'><strong>tum</strong></span> <span class='ocrx_word' id='word_1_651' title='bbox 1818 4662 2086 4721; x_wconf 82' lang='lat' dir='ltr'><strong>conceptu</strong></span> <span class='ocrx_word' id='word_1_652' title='bbox 2117 4654 2233 4707; x_wconf 87' lang='lat' dir='ltr'><strong>sine</strong></span> 
     </span>
    </p>
   </div>
   <div class='ocr_carea' id='block_1_93' title="bbox 2325 4652 3890 4728">
    <p class='ocr_par' dir='ltr' id='par_1_93' title="bbox 2336 4652 3890 4728">
     <span class='ocr_line' id='line_1_93' title="bbox 2336 4652 3890 4728; baseline 0 -21"><span class='ocrx_word' id='word_1_653' title='bbox 2336 4656 2559 4725; x_wconf 81' lang='grc' dir='ltr'><strong>γένηται</strong></span> <span class='ocrx_word' id='word_1_654' title='bbox 2587 4672 2601 4686; x_wconf 74' lang='grc' dir='ltr'><strong>ο</strong></span> <span class='ocrx_word' id='word_1_655' title='bbox 2633 4657 2725 4708; x_wconf 75' lang='grc' dir='ltr'><strong>καὶ</strong></span> <span class='ocrx_word' id='word_1_656' title='bbox 2745 4656 2893 4727; x_wconf 80' lang='grc' dir='ltr'><strong>δείξῃ</strong></span> <span class='ocrx_word' id='word_1_657' title='bbox 2924 4656 3061 4709; x_wconf 83' lang='grc' dir='ltr'><strong>κατὰ</strong></span> <span class='ocrx_word' id='word_1_658' title='bbox 3086 4657 3183 4727; x_wconf 78' lang='grc' dir='ltr'><strong>τὴν</strong></span> <span class='ocrx_word' id='word_1_659' title='bbox 3212 4652 3446 4728; x_wconf 83' lang='grc' dir='ltr'><strong>ἄσπορον</strong></span> <span class='ocrx_word' id='word_1_660' title='bbox 3488 4655 3771 4728; x_wconf 70' lang='grc' dir='ltr'><strong>σύλληψιν,</strong></span> <span class='ocrx_word' id='word_1_661' title='bbox 3804 4659 3890 4711; x_wconf 67' lang='grc' dir='ltr'><strong>καί⁵</strong></span> 
     </span>
    </p>
   </div>
   <div class='ocr_carea' id='block_1_94' title="bbox 685 4743 2233 4821">
    <p class='ocr_par' dir='ltr' id='par_1_94' title="bbox 685 4743 2233 4821">
     <span class='ocr_line' id='line_1_94' title="bbox 685 4743 2233 4821; baseline 0.002 -25"><span class='ocrx_word' id='word_1_662' title='bbox 685 4744 894 4797; x_wconf 85' lang='lat' dir='ltr'><strong>semine</strong></span> <span class='ocrx_word' id='word_1_663' title='bbox 921 4782 934 4805; x_wconf 91' lang='lat'><strong>,</strong></span> <span class='ocrx_word' id='word_1_664' title='bbox 1000 4750 1113 4795; x_wconf 90' lang='lat' dir='ltr'><strong>tum</strong></span> <span class='ocrx_word' id='word_1_665' title='bbox 1155 4752 1316 4809; x_wconf 89' lang='lat' dir='ltr'><strong>partu</strong></span> <span class='ocrx_word' id='word_1_666' title='bbox 1372 4744 1743 4810; x_wconf 89' lang='lat' dir='ltr'><strong>corruptionis</strong></span> <span class='ocrx_word' id='word_1_667' title='bbox 1788 4743 1968 4821; x_wconf 63' lang='lat' dir='ltr'><strong>omnis</strong></span> <span class='ocrx_word' id='word_1_668' title='bbox 2012 4755 2233 4812; x_wconf 77' lang='lat' dir='ltr'><strong>experte</strong></span> 
     </span>
    </p>
   </div>
   <div class='ocr_carea' id='block_1_95' title="bbox 2325 4743 3888 4821">
    <p class='ocr_par' dir='ltr' id='par_1_95' title="bbox 2334 4745 3888 4821">
     <span class='ocr_line' id='line_1_95' title="bbox 2334 4745 3888 4821; baseline 0.001 -23"><span class='ocrx_word' id='word_1_669' title='bbox 2334 4745 2431 4816; x_wconf 79' lang='grc' dir='ltr'><strong>τὴν</strong></span> <span class='ocrx_word' id='word_1_670' title='bbox 2469 4746 2703 4816; x_wconf 76' lang='grc' dir='ltr'><strong>ἄφθορον</strong></span> <span class='ocrx_word' id='word_1_671' title='bbox 2747 4746 2995 4815; x_wconf 84' lang='grc' dir='ltr'><strong>γέννησιν</strong></span> <span class='ocrx_word' id='word_1_672' title='bbox 3023 4747 3120 4816; x_wconf 80' lang='grc' dir='ltr'><strong>τὴν</strong></span> <span class='ocrx_word' id='word_1_673' title='bbox 3160 4749 3317 4817; x_wconf 77' lang='grc' dir='ltr'><strong>φύσιν</strong></span> <span class='ocrx_word' id='word_1_674' title='bbox 3368 4751 3888 4821; x_wconf 76' lang='grc' dir='ltr'><strong>καινοτομουμένην·</strong></span> 
     </span>
    </p>
   </div>
   <div class='ocr_carea' id='block_1_96' title="bbox 688 4803 2233 4911">
    <p class='ocr_par' dir='ltr' id='par_1_96' title="bbox 688 4803 2233 4907">
     <span class='ocr_line' id='line_1_96' title="bbox 688 4803 2233 4907; baseline 0.001 -24"><span class='ocrx_word' id='word_1_675' title='bbox 688 4834 996 4907; x_wconf 77' lang='lat' dir='ltr'><strong>innovatum</strong></span> <span class='ocrx_word' id='word_1_676' title='bbox 1032 4839 1302 4893; x_wconf 83' lang='lat' dir='ltr'><strong>naturam,</strong></span> <span class='ocrx_word' id='word_1_677' title='bbox 1332 4844 1433 4881; x_wconf 90' lang='lat' dir='ltr'><strong>nec</strong></span> <span class='ocrx_word' id='word_1_678' title='bbox 1466 4844 1531 4881; x_wconf 78' lang='lat' dir='ltr'><strong>ex</strong></span> <span class='ocrx_word' id='word_1_679' title='bbox 1582 4803 2125 4885; x_wconf 74' lang='lat' dir='ltr'><strong>innovatione\ullam</strong></span> <span class='ocrx_word' id='word_1_680' title='bbox 2152 4832 2233 4884; x_wconf 89' lang='lat' dir='ltr'><strong>di-</strong></span> 
     </span>
    </p>
   </div>
   <div class='ocr_carea' id='block_1_97' title="bbox 2325 4803 3888 4911">
    <p class='ocr_par' dir='ltr' id='par_1_97' title="bbox 2336 4803 3888 4911">
     <span class='ocr_line' id='line_1_97' title="bbox 2336 4803 3888 4911; baseline 0 -21"><span class='ocrx_word' id='word_1_681' title='bbox 2336 4803 2431 4890; x_wconf 79' lang='grc' dir='ltr'><strong>κάὶ</strong></span> <span class='ocrx_word' id='word_1_682' title='bbox 2483 4803 2769 4906; x_wconf 44' lang='grc' dir='ltr'><strong>μηδεμίαν.</strong></span> <span class='ocrx_word' id='word_1_683' title='bbox 2796 4839 2860 4907; x_wconf 83' lang='grc' dir='ltr'><strong>τῇ</strong></span> <span class='ocrx_word' id='word_1_684' title='bbox 2896 4803 3242 4910; x_wconf 49' lang='grc' dir='ltr'><strong>’καινοτομίᾳ</strong></span> <span class='ocrx_word' id='word_1_685' title='bbox 3295 4803 3605 4909; x_wconf 70' lang='grc' dir='ltr'><strong>πάσχουσαν</strong></span> <span class='ocrx_word' id='word_1_686' title='bbox 3644 4803 3888 4911; x_wconf 60' lang='grc' dir='ltr'><strong>μείωσίν.</strong></span> 
     </span>
    </p>
   </div>
   <div class='ocr_carea' id='block_1_98' title="bbox 690 4920 2233 5007">
    <p class='ocr_par' dir='ltr' id='par_1_98' title="bbox 690 4920 2233 5007">
     <span class='ocr_line' id='line_1_98' title="bbox 690 4920 2233 5007; baseline 0.001 -33"><span class='ocrx_word' id='word_1_687' title='bbox 690 4922 1050 4974; x_wconf 83' lang='lat' dir='ltr'><strong>minutionem</strong></span> <span class='ocrx_word' id='word_1_688' title='bbox 1091 4936 1322 4989; x_wconf 88' lang='lat' dir='ltr'><strong>passam,</strong></span> <span class='ocrx_word' id='word_1_689' title='bbox 1353 4920 1687 4974; x_wconf 87' lang='lat' dir='ltr'><strong>ostenderet.</strong></span> <span class='ocrx_word' id='word_1_690' title='bbox 1717 4921 1811 4975; x_wconf 90' lang='lat' dir='ltr'><strong>Dei</strong></span> <span class='ocrx_word' id='word_1_691' title='bbox 1844 4922 1988 5007; x_wconf 87' lang='lat' dir='ltr'><strong>eniml</strong></span> <span class='ocrx_word' id='word_1_692' title='bbox 2003 4923 2071 4974; x_wconf 91' lang='lat' dir='ltr'><strong>ob</strong></span> <span class='ocrx_word' id='word_1_693' title='bbox 2093 4939 2233 4976; x_wconf 90' lang='lat' dir='ltr'><strong>sum-</strong></span> 
     </span>
    </p>
   </div>
   <div class='ocr_carea' id='block_1_99' title="bbox 2325 4920 3893 5007">
    <p class='ocr_par' dir='ltr' id='par_1_99' title="bbox 2341 4926 3893 5001">
     <span class='ocr_line' id='line_1_99' title="bbox 2341 4926 3893 5001; baseline 0 -20"><span class='ocrx_word' id='word_1_694' title='bbox 2341 4926 2473 4981; x_wconf 84' lang='grc' dir='ltr'><strong>Θεοῦ</strong></span> <span class='ocrx_word' id='word_1_695' title='bbox 2527 4928 2635 4997; x_wconf 84' lang='grc' dir='ltr'><strong>γὰρ</strong></span> <span class='ocrx_word' id='word_1_696' title='bbox 2682 4928 2748 4979; x_wconf 83' lang='grc' dir='ltr'><strong>δι’</strong></span> <span class='ocrx_word' id='word_1_697' title='bbox 2782 4929 3090 4999; x_wconf 83' lang='grc' dir='ltr'><strong>ἀγαθότητα</strong></span> <span class='ocrx_word' id='word_1_698' title='bbox 3125 4932 3257 5000; x_wconf 82' lang='grc' dir='ltr'><strong>πρὸς</strong></span> <span class='ocrx_word' id='word_1_699' title='bbox 3286 4930 3603 5001; x_wconf 84' lang='grc' dir='ltr'><strong>ἀνθρώπους</strong></span> <span class='ocrx_word' id='word_1_700' title='bbox 3657 4934 3893 5000; x_wconf 75' lang='grc' dir='ltr'><strong>ὑπῆρχεν</strong></span> 
     </span>
    </p>
   </div>
   <div class='ocr_carea' id='block_1_100' title="bbox 684 5008 2233 5091">
    <p class='ocr_par' dir='ltr' id='par_1_100' title="bbox 684 5008 2233 5076">
     <span class='ocr_line' id='line_1_100' title="bbox 684 5008 2233 5076; baseline -0.001 -13"><span class='ocrx_word' id='word_1_701' title='bbox 684 5026 829 5063; x_wconf 88' lang='lat' dir='ltr'><strong>mam</strong></span> <span class='ocrx_word' id='word_1_702' title='bbox 868 5010 1167 5061; x_wconf 86' lang='lat' dir='ltr'><strong>bonitatem</strong></span> <span class='ocrx_word' id='word_1_703' title='bbox 1194 5024 1320 5076; x_wconf 82' lang='lat' dir='ltr'><strong>erga</strong></span> <span class='ocrx_word' id='word_1_704' title='bbox 1368 5009 1619 5061; x_wconf 88' lang='lat' dir='ltr'><strong>homines</strong></span> <span class='ocrx_word' id='word_1_705' title='bbox 1647 5008 1951 5062; x_wconf 85' lang='lat' dir='ltr'><strong>voluntaria</strong></span> <span class='ocrx_word' id='word_1_706' title='bbox 1988 5010 2233 5063; x_wconf 76' lang='lat' dir='ltr'><strong>exinani-</strong></span> 
     </span>
    </p>
   </div>
   <div class='ocr_carea' id='block_1_101' title="bbox 2325 5008 3891 5091">
    <p class='ocr_par' dir='ltr' id='par_1_101' title="bbox 2345 5019 3891 5091">
     <span class='ocr_line' id='line_1_101' title="bbox 2345 5019 3891 5091; baseline 0 -20"><span class='ocrx_word' id='word_1_707' title='bbox 2345 5019 2665 5089; x_wconf 73' lang='grc' dir='ltr'><strong>αὐθαίρετος</strong></span> <span class='ocrx_word' id='word_1_708' title='bbox 2699 5020 2923 5083; x_wconf 82' lang='grc' dir='ltr'><strong>κένωσις</strong></span> <span class='ocrx_word' id='word_1_709' title='bbox 2957 5021 3016 5073; x_wconf 81' lang='grc' dir='ltr'><strong>τὸ</strong></span> <span class='ocrx_word' id='word_1_710' title='bbox 3052 5024 3378 5091; x_wconf 77' lang='grc' dir='ltr'><strong>μυστήριον,</strong></span> <span class='ocrx_word' id='word_1_711' title='bbox 3418 5021 3533 5074; x_wconf 76' lang='grc' dir='ltr'><strong>ἀλλ’</strong></span> <span class='ocrx_word' id='word_1_712' title='bbox 3561 5022 3621 5073; x_wconf 84' lang='grc' dir='ltr'><strong>οὐ</strong></span> <span class='ocrx_word' id='word_1_713' title='bbox 3648 5021 3891 5089; x_wconf 78' lang='grc' dir='ltr'><strong>θεότητος</strong></span> 
     </span>
    </p>
   </div>
   <div class='ocr_carea' id='block_1_102' title="bbox 691 5099 2233 5182">
    <p class='ocr_par' dir='ltr' id='par_1_102' title="bbox 691 5099 2233 5169">
     <span class='ocr_line' id='line_1_102' title="bbox 691 5099 2233 5169; baseline -0.001 -15"><span class='ocrx_word' id='word_1_714' title='bbox 691 5101 767 5155; x_wconf 89' lang='lat' dir='ltr'><strong>tio</strong></span> <span class='ocrx_word' id='word_1_715' title='bbox 796 5100 1007 5153; x_wconf 78' lang='lat' dir='ltr'><strong>exstitit</strong></span> <span class='ocrx_word' id='word_1_716' title='bbox 1044 5099 1361 5167; x_wconf 82' lang='lat' dir='ltr'><strong>mysterium</strong></span> <span class='ocrx_word' id='word_1_717' title='bbox 1390 5115 1404 5162; x_wconf 93' lang='lat'><strong>;</strong></span> <span class='ocrx_word' id='word_1_718' title='bbox 1440 5114 1546 5152; x_wconf 90' lang='lat' dir='ltr'><strong>non</strong></span> <span class='ocrx_word' id='word_1_719' title='bbox 1570 5099 1713 5167; x_wconf 87' lang='lat' dir='ltr'><strong>quod</strong></span> <span class='ocrx_word' id='word_1_720' title='bbox 1762 5109 1956 5169; x_wconf 88' lang='lat' dir='ltr'><strong>sponte</strong></span> <span class='ocrx_word' id='word_1_721' title='bbox 1994 5116 2091 5169; x_wconf 91' lang='lat' dir='ltr'><strong>per</strong></span> <span class='ocrx_word' id='word_1_722' title='bbox 2117 5118 2233 5154; x_wconf 86' lang='lat' dir='ltr'><strong>car-</strong></span> 
     </span>
    </p>
   </div>
   <div class='ocr_carea' id='block_1_103' title="bbox 2325 5099 3888 5182">
    <p class='ocr_par' dir='ltr' id='par_1_103' title="bbox 2344 5111 3888 5182">
     <span class='ocr_line' id='line_1_103' title="bbox 2344 5111 3888 5182; baseline -0.001 -20"><span class='ocrx_word' id='word_1_723' title='bbox 2344 5111 2637 5173; x_wconf 78' lang='grc' dir='ltr'><strong>ἔκπτωσις,</strong></span> <span class='ocrx_word' id='word_1_724' title='bbox 2686 5112 2719 5179; x_wconf 77' lang='grc' dir='ltr'>ἡ</span> <span class='ocrx_word' id='word_1_725' title='bbox 2782 5111 2870 5163; x_wconf 84' lang='grc' dir='ltr'><strong>διὰ</strong></span> <span class='ocrx_word' id='word_1_726' title='bbox 2928 5114 3127 5182; x_wconf 71' lang='grc' dir='ltr'><strong>σαρκὸς</strong></span> <span class='ocrx_word' id='word_1_727' title='bbox 3183 5114 3423 5174; x_wconf 81' lang='grc' dir='ltr'><strong>ἑκούσιος</strong></span> <span class='ocrx_word' id='word_1_728' title='bbox 3457 5112 3888 5179; x_wconf 72' lang='grc' dir='ltr'><strong>συγκατάὁασις·</strong></span> 
     </span>
    </p>
   </div>
   <div class='ocr_carea' id='block_1_104' title="bbox 694 5189 2233 5271">
    <p class='ocr_par' dir='ltr' id='par_1_104' title="bbox 694 5189 2233 5249">
     <span class='ocr_line' id='line_1_104' title="bbox 694 5189 2233 5249; baseline 0.004 -6"><span class='ocrx_word' id='word_1_729' title='bbox 694 5206 816 5244; x_wconf 88' lang='lat' dir='ltr'><strong>nem</strong></span> <span class='ocrx_word' id='word_1_730' title='bbox 843 5207 899 5243; x_wconf 88' lang='lat' dir='ltr'><strong>se</strong></span> <span class='ocrx_word' id='word_1_731' title='bbox 920 5191 1079 5243; x_wconf 85' lang='lat' dir='ltr'><strong>nobis</strong></span> <span class='ocrx_word' id='word_1_732' title='bbox 1098 5190 1319 5244; x_wconf 89' lang='lat' dir='ltr'><strong>demisit</strong></span> <span class='ocrx_word' id='word_1_733' title='bbox 1347 5205 1408 5243; x_wconf 88' lang='lat' dir='ltr'><strong>ac</strong></span> <span class='ocrx_word' id='word_1_734' title='bbox 1444 5191 1723 5245; x_wconf 88' lang='lat' dir='ltr'><strong>inclinavit</strong></span> <span class='ocrx_word' id='word_1_735' title='bbox 1758 5189 1979 5247; x_wconf 49' lang='lat' dir='ltr'><strong>deita‘tis</strong></span> <span class='ocrx_word' id='word_1_736' title='bbox 1999 5195 2233 5249; x_wconf 82' lang='lat' dir='ltr'><strong>amissio.</strong></span> 
     </span>
    </p>
   </div>
   <div class='ocr_carea' id='block_1_105' title="bbox 2325 5189 3889 5271">
    <p class='ocr_par' dir='ltr' id='par_1_105' title="bbox 2345 5195 3889 5271">
     <span class='ocr_line' id='line_1_105' title="bbox 2345 5195 3889 5271; baseline 0 -23"><span class='ocrx_word' id='word_1_737' title='bbox 2345 5200 2623 5267; x_wconf 77' lang='grc' dir='ltr'><strong>μεμένηκε</strong></span> <span class='ocrx_word' id='word_1_738' title='bbox 2658 5198 2763 5266; x_wconf 78' lang='grc' dir='ltr'><strong>γὰρ</strong></span> <span class='ocrx_word' id='word_1_739' title='bbox 2782 5198 2915 5267; x_wconf 84' lang='grc' dir='ltr'><strong>ὅπερ</strong></span> <span class='ocrx_word' id='word_1_740' title='bbox 2942 5195 3027 5268; x_wconf 79' lang='grc' dir='ltr'><strong>ἦν,</strong></span> <span class='ocrx_word' id='word_1_741' title='bbox 3061 5200 3153 5251; x_wconf 70' lang='grc' dir='ltr'><strong>καὶ</strong></span> <span class='ocrx_word' id='word_1_742' title='bbox 3182 5199 3466 5267; x_wconf 81' lang='grc' dir='ltr'><strong>γενόμενος</strong></span> <span class='ocrx_word' id='word_1_743' title='bbox 3486 5198 3638 5271; x_wconf 80' lang='grc' dir='ltr'><strong>’ὅπερ</strong></span> <span class='ocrx_word' id='word_1_744' title='bbox 3660 5200 3758 5251; x_wconf 80' lang='grc' dir='ltr'><strong>οὐν</strong></span> <span class='ocrx_word' id='word_1_745' title='bbox 3789 5195 3852 5248; x_wconf 61' lang='grc' dir='ltr'><strong>ἦν</strong></span> <span class='ocrx_word' id='word_1_746' title='bbox 3878 5212 3889 5222; x_wconf 81' lang='lat'><strong><em>°</em></strong></span> 
     </span>
    </p>
   </div>
   <div class='ocr_carea' id='block_1_106' title="bbox 690 5281 2233 5357">
    <p class='ocr_par' dir='ltr' id='par_1_106' title="bbox 690 5281 2233 5351">
     <span class='ocr_line' id='line_1_106' title="bbox 690 5281 2233 5351; baseline 0.002 -16"><span class='ocrx_word' id='word_1_747' title='bbox 690 5281 885 5335; x_wconf 79' lang='lat' dir='ltr'><strong>Mansit</strong></span> <span class='ocrx_word' id='word_1_748' title='bbox 918 5282 1061 5333; x_wconf 85' lang='lat' dir='ltr'><strong>enim</strong></span> <span class='ocrx_word' id='word_1_749' title='bbox 1093 5282 1235 5349; x_wconf 89' lang='lat' dir='ltr'><strong>quod</strong></span> <span class='ocrx_word' id='word_1_750' title='bbox 1270 5290 1407 5343; x_wconf 89' lang='lat' dir='ltr'><strong>erat,</strong></span> <span class='ocrx_word' id='word_1_751' title='bbox 1426 5282 1586 5335; x_wconf 87' lang='lat' dir='ltr'><strong>etiam</strong></span> <span class='ocrx_word' id='word_1_752' title='bbox 1612 5283 1785 5337; x_wconf 83' lang='lat' dir='ltr'><strong>factus</strong></span> <span class='ocrx_word' id='word_1_753' title='bbox 1803 5285 1943 5351; x_wconf 87' lang='lat' dir='ltr'><strong>quod</strong></span> <span class='ocrx_word' id='word_1_754' title='bbox 1972 5288 2079 5338; x_wconf 86' lang='lat' dir='ltr'><strong>non</strong></span> <span class='ocrx_word' id='word_1_755' title='bbox 2106 5295 2233 5349; x_wconf 81' lang='lat' dir='ltr'><strong>erat;</strong></span> 
     </span>
    </p>
   </div>
   <div class='ocr_carea' id='block_1_107' title="bbox 2325 5281 3895 5357">
    <p class='ocr_par' dir='ltr' id='par_1_107' title="bbox 2340 5287 3895 5357">
     <span class='ocr_line' id='line_1_107' title="bbox 2340 5287 3895 5357; baseline -0.001 -18"><span class='ocrx_word' id='word_1_756' title='bbox 2340 5288 2602 5355; x_wconf 80' lang='grc' dir='ltr'><strong>ἄτρεπτος</strong></span> <span class='ocrx_word' id='word_1_757' title='bbox 2631 5287 2754 5354; x_wconf 87' lang='grc' dir='ltr'><strong>γάρ.</strong></span> <span class='ocrx_word' id='word_1_758' title='bbox 2776 5288 2881 5338; x_wconf 75' lang='grc' dir='ltr'><strong>Καὶ</strong></span> <span class='ocrx_word' id='word_1_759' title='bbox 2910 5289 3045 5355; x_wconf 82' lang='grc' dir='ltr'><strong>ὅπερ</strong></span> <span class='ocrx_word' id='word_1_760' title='bbox 3074 5288 3260 5353; x_wconf 87' lang='grc' dir='ltr'><strong>γέγονε</strong></span> <span class='ocrx_word' id='word_1_761' title='bbox 3279 5287 3586 5357; x_wconf 83' lang='grc' dir='ltr'><strong>διετήρησε,</strong></span> <span class='ocrx_word' id='word_1_762' title='bbox 3619 5289 3895 5357; x_wconf 77' lang='grc' dir='ltr'><strong>διαμείνας</strong></span> 
     </span>
    </p>
   </div>
   <div class='ocr_carea' id='block_1_108' title="bbox 694 5370 2233 5449">
    <p class='ocr_par' dir='ltr' id='par_1_108' title="bbox 694 5370 2233 5445">
     <span class='ocr_line' id='line_1_108' title="bbox 694 5370 2233 5445; baseline 0.003 -22"><span class='ocrx_word' id='word_1_763' title='bbox 694 5370 895 5441; x_wconf 81' lang='lat' dir='ltr'><strong>quippe</strong></span> <span class='ocrx_word' id='word_1_764' title='bbox 950 5386 1072 5422; x_wconf 90' lang='lat' dir='ltr'><strong>cum</strong></span> <span class='ocrx_word' id='word_1_765' title='bbox 1135 5372 1205 5424; x_wconf 89' lang='lat' dir='ltr'><strong>sit</strong></span> <span class='ocrx_word' id='word_1_766' title='bbox 1257 5372 1633 5435; x_wconf 84' lang='lat' dir='ltr'><strong>immutabilis,</strong></span> <span class='ocrx_word' id='word_1_767' title='bbox 1693 5375 2040 5443; x_wconf 80' lang='lat' dir='ltr'><strong>servavitque</strong></span> <span class='ocrx_word' id='word_1_768' title='bbox 2100 5375 2233 5445; x_wconf 83' lang='lat' dir='ltr'><strong>quod</strong></span> 
     </span>
    </p>
   </div>
   <div class='ocr_carea' id='block_1_109' title="bbox 2325 5370 3894 5449">
    <p class='ocr_par' dir='ltr' id='par_1_109' title="bbox 2343 5374 3894 5449">
     <span class='ocr_line' id='line_1_109' title="bbox 2343 5374 3894 5449; baseline -0.001 -20"><span class='ocrx_word' id='word_1_769' title='bbox 2343 5379 2475 5447; x_wconf 78' lang='grc' dir='ltr'><strong>ὅπερ</strong></span> <span class='ocrx_word' id='word_1_770' title='bbox 2532 5376 2742 5446; x_wconf 72' lang='grc' dir='ltr'><strong>ὑπῆρχε</strong></span> <span class='ocrx_word' id='word_1_771' title='bbox 2772 5383 2783 5397; x_wconf 87' lang='grc'><strong><em>⁸</em></strong></span> <span class='ocrx_word' id='word_1_772' title='bbox 2853 5378 3229 5449; x_wconf 80' lang='grc' dir='ltr'><strong>φιλάνθρωπος</strong></span> <span class='ocrx_word' id='word_1_773' title='bbox 3270 5379 3396 5449; x_wconf 88' lang='grc' dir='ltr'><strong>γάρ.</strong></span> <span class='ocrx_word' id='word_1_774' title='bbox 3430 5380 3505 5431; x_wconf 80' lang='grc' dir='ltr'><strong>Δι’</strong></span> <span class='ocrx_word' id='word_1_775' title='bbox 3543 5374 3617 5432; x_wconf 86' lang='grc' dir='ltr'><strong>ὧν</strong></span> <span class='ocrx_word' id='word_1_776' title='bbox 3678 5381 3894 5448; x_wconf 75' lang='grc' dir='ltr'><strong>ἐνήργει</strong></span> 
     </span>
    </p>
   </div>
   <div class='ocr_carea' id='block_1_110' title="bbox 695 5462 2233 5538">
    <p class='ocr_par' dir='ltr' id='par_1_110' title="bbox 695 5462 2233 5533">
     <span class='ocr_line' id='line_1_110' title="bbox 695 5462 2233 5533; baseline 0.001 -16"><span class='ocrx_word' id='word_1_777' title='bbox 695 5463 869 5517; x_wconf 81' lang='lat' dir='ltr'><strong>laetus</strong></span> <span class='ocrx_word' id='word_1_778' title='bbox 912 5471 1014 5525; x_wconf 90' lang='lat' dir='ltr'><strong>est,</strong></span> <span class='ocrx_word' id='word_1_779' title='bbox 1041 5462 1107 5514; x_wconf 82' lang='lat' dir='ltr'><strong>id</strong></span> <span class='ocrx_word' id='word_1_780' title='bbox 1164 5478 1388 5517; x_wconf 88' lang='lat' dir='ltr'><strong>manens</strong></span> <span class='ocrx_word' id='word_1_781' title='bbox 1411 5463 1555 5533; x_wconf 88' lang='lat' dir='ltr'><strong>quod</strong></span> <span class='ocrx_word' id='word_1_782' title='bbox 1598 5475 1735 5528; x_wconf 82' lang='lat' dir='ltr'><strong>erat,</strong></span> <span class='ocrx_word' id='word_1_783' title='bbox 1784 5467 1925 5533; x_wconf 90' lang='lat' dir='ltr'><strong>quod</strong></span> <span class='ocrx_word' id='word_1_784' title='bbox 1987 5468 2233 5520; x_wconf 76' lang='lat' dir='ltr'><strong>nimirun</strong></span> 
     </span>
    </p>
   </div>
   <div class='ocr_carea' id='block_1_111' title="bbox 2325 5462 3939 5538">
    <p class='ocr_par' dir='ltr' id='par_1_111' title="bbox 2347 5468 3939 5538">
     <span class='ocr_line' id='line_1_111' title="bbox 2347 5468 3939 5538; baseline 0 -19"><span class='ocrx_word' id='word_1_785' title='bbox 2347 5468 2681 5538; x_wconf 77' lang='grc' dir='ltr'><strong>θεοπρεπῶς,</strong></span> <span class='ocrx_word' id='word_1_786' title='bbox 2716 5468 2925 5531; x_wconf 75' lang='grc' dir='ltr'><strong>δεικνὺς</strong></span> <span class='ocrx_word' id='word_1_787' title='bbox 2953 5469 3087 5538; x_wconf 76' lang='grc' dir='ltr'><strong>ὅπερ</strong></span> <span class='ocrx_word' id='word_1_788' title='bbox 3115 5470 3333 5537; x_wconf 85' lang='grc' dir='ltr'><strong>γέγονεν</strong></span> <span class='ocrx_word' id='word_1_789' title='bbox 3372 5470 3766 5523; x_wconf 80' lang='grc' dir='ltr'><strong>ἀναλλοίωτον·</strong></span> <span class='ocrx_word' id='word_1_790' title='bbox 3810 5468 3893 5520; x_wconf 74' lang='grc' dir='ltr'><strong>καὶ</strong></span> <span class='ocrx_word' id='word_1_791' title='bbox 3938 5496 3939 5499; x_wconf 59' lang='grc' dir='ltr'><strong>η</strong></span> 
     </span>
    </p>
   </div>
   <div class='ocr_carea' id='block_1_112' title="bbox 778 5571 1172 5659">
    <p class='ocr_par' dir='ltr' id='par_1_112' title="bbox 778 5571 1172 5659">
     <span class='ocr_line' id='line_1_112' title="bbox 778 5571 1172 5659; baseline 0.003 -33"><span class='ocrx_word' id='word_1_792' title='bbox 778 5571 797 5613; x_wconf 68' lang='grc' dir='ltr'><em>τ</em></span> <span class='ocrx_word' id='word_1_793' title='bbox 820 5574 951 5628; x_wconf 88' lang='lat' dir='ltr'><strong>Luc.</strong></span> <span class='ocrx_word' id='word_1_794' title='bbox 985 5590 1056 5637; x_wconf 65' lang='grc' dir='ltr'><strong>χι,</strong></span> <span class='ocrx_word' id='word_1_795' title='bbox 1087 5573 1172 5659; x_wconf 58' lang='grc' dir='ltr'><strong>ἓξ.</strong></span> 
     </span>
    </p>
   </div>
   <div class='ocr_carea' id='block_1_113' title="bbox 1942 5669 2602 5728">
    <p class='ocr_par' dir='ltr' id='par_1_113' title="bbox 1942 5669 2602 5728">
     <span class='ocr_line' id='line_1_113' title="bbox 1942 5669 2602 5728; baseline 0 -2"><span class='ocrx_word' id='word_1_796' title='bbox 1942 5669 2173 5728; x_wconf 60' lang='grc' dir='ltr'><strong>ὛΛΙΗᾸΞ</strong></span> <span class='ocrx_word' id='word_1_797' title='bbox 2208 5670 2602 5727; x_wconf 70' lang='lat' dir='ltr'><strong>LECTIONES.</strong></span> 
     </span>
    </p>
   </div>
   <div class='ocr_carea' id='block_1_114' title="bbox 742 5724 3937 5838">
    <p class='ocr_par' dir='ltr' id='par_1_114' title="bbox 742 5724 3937 5838">
     <span class='ocr_line' id='line_1_114' title="bbox 742 5724 3937 5838; baseline 0.003 -32"><span class='ocrx_word' id='word_1_798' title='bbox 742 5753 1059 5838; x_wconf 41' lang='lat' dir='ltr'><strong>&#39;_&quot;_.Fr‘.&#39;y.a‘i</strong></span> <span class='ocrx_word' id='word_1_799' title='bbox 1094 5754 1197 5838; x_wconf 69' lang='grc' dir='ltr'><strong>μὴν</strong></span> <span class='ocrx_word' id='word_1_800' title='bbox 1231 5755 1343 5816; x_wconf 80' lang='grc' dir='ltr'><strong>τάς.</strong></span> <span class='ocrx_word' id='word_1_801' title='bbox 1418 5756 1463 5838; x_wconf 53' lang='grc' dir='ltr'><strong>εξ</strong></span> <span class='ocrx_word' id='word_1_802' title='bbox 1490 5756 1577 5813; x_wconf 89' lang='lat' dir='ltr'><strong>Fr.</strong></span> <span class='ocrx_word' id='word_1_803' title='bbox 1608 5758 1693 5828; x_wconf 58' lang='grc' dir='ltr'><strong>ιφ*</strong></span> <span class='ocrx_word' id='word_1_804' title='bbox 1723 5758 1897 5829; x_wconf 81' lang='grc' dir='ltr'><strong>ἡμῶν.</strong></span> <span class='ocrx_word' id='word_1_805' title='bbox 1964 5724 2014 5792; x_wconf 13' lang='grc' dir='ltr'><strong>ἐντ</strong></span> <span class='ocrx_word' id='word_1_806' title='bbox 2045 5724 2173 5816; x_wconf 50' lang='lat' dir='ltr'><strong>ut;</strong></span> <span class='ocrx_word' id='word_1_807' title='bbox 2198 5724 2290 5817; x_wconf 46' lang='lat' dir='ltr'><strong>de&quot;</strong></span> <span class='ocrx_word' id='word_1_808' title='bbox 2306 5724 2513 5831; x_wconf 55' lang='lat' dir='ltr'><strong>sergio,</strong></span> <span class='ocrx_word' id='word_1_809' title='bbox 2552 5724 2671 5815; x_wconf 50' lang='lat' dir='ltr'><strong>tam</strong></span> <span class='ocrx_word' id='word_1_810' title='bbox 2710 5762 2887 5818; x_wconf 87' lang='lat' dir='ltr'><strong>adhuc</strong></span> <span class='ocrx_word' id='word_1_811' title='bbox 2928 5762 3223 5825; x_wconf 70' lang='lat' dir='ltr'><strong>catholicus</strong></span> <span class='ocrx_word' id='word_1_812' title='bbox 3264 5782 3387 5834; x_wconf 71' lang='lat' dir='ltr'><strong>pust</strong></span> <span class='ocrx_word' id='word_1_813' title='bbox 3418 5773 3628 5838; x_wconf 78' lang='lat' dir='ltr'><strong>vulgata</strong></span> <span class='ocrx_word' id='word_1_814' title='bbox 3656 5764 3783 5833; x_wconf 76' lang='lat' dir='ltr'><strong>Cyri</strong></span> <span class='ocrx_word' id='word_1_815' title='bbox 3809 5776 3898 5817; x_wconf 67' lang='grc' dir='ltr'><strong>ω-</strong></span> <span class='ocrx_word' id='word_1_816' title='bbox 3936 5724 3937 5765; x_wconf 46' lang='grc' dir='ltr'><em>δ</em></span> 
     </span>
    </p>
   </div>
   <div class='ocr_carea' id='block_1_115' title="bbox 694 5823 1471 5897">
    <p class='ocr_par' dir='ltr' id='par_1_115' title="bbox 694 5823 1471 5897">
     <span class='ocr_line' id='line_1_115' title="bbox 694 5823 1471 5897; baseline 0 -17"><span class='ocrx_word' id='word_1_817' title='bbox 694 5826 870 5897; x_wconf 70' lang='lat' dir='ltr'><strong>pitula</strong></span> <span class='ocrx_word' id='word_1_818' title='bbox 899 5823 1232 5879; x_wconf 68' lang='lat' dir='ltr'><strong>Alexandriae</strong></span> <span class='ocrx_word' id='word_1_819' title='bbox 1271 5836 1471 5897; x_wconf 82' lang='lat' dir='ltr'><strong>ageret.</strong></span> 
     </span>
    </p>
   </div>
  </div>
