3958 6338
175 384 260 451 593
1567 390 1961 459 EPISTOLE.
1984 450 1987 451 ν

3243 392 3344 460 594

170 501 228 553 δι’
254 492 320 552 ὧν
362 497 601 569 ἔπασχεν
627 498 1137 573 ἀνθρωποπρεπῶς,
1167 501 1520 575 πιστούμενος
1560 506 1690 578 ὅπερ

1795 507 2135 563 humanitate
2161 508 2624 579 propensissimus
2649 506 2718 563 sit
2749 506 2979 578 :quibus
3000 506 3182 562 divino
3199 504 3350 561 more

169 585 223 660 ἦν
239 589 302 659 μὴ
326 589 678 661 τρεπόμενον.
722 590 967 662 Ἐνήργει
1013 593 1141 663 γάρ,
1177 592 1244 646 τὰ
1274 593 1371 664 μὲν
1418 594 1535 648 θεῖα
1562 612 1698 664 σαρ-

170 679 333 743 κικῶς,
362 679 444 731 ὅτι
477 680 567 732 διὰ
596 681 796 750 σαρκὸς
828 682 1065 752 φυσικῆς
1095 684 1372 755 ἐνεργείας
1398 684 1497 737 οὐκ
1543 668 1699 754 eam;

160 767 371 839 ρούσης·
401 768 469 822 τά
514 769 559 822 δ’
597 770 913 838 ἀνθρώπινα
946 772 1161 849 θεῖκῷς,
1192 775 1272 827 ὅτι
1314 776 1455 827 κατά
1480 773 1700 844 θέλησιν

167 859 586 925 ὲξουσιαστικῶς,
636 862 749 915 ἀλλ’
793 864 853 915 ού
894 865 1031 918 κατά
1082 865 1401 936 περίστασιν
1450 865 1547 937 τὴν
1594 866 1701 919 τῶν

166 949 497 1020 ἀνθρωπίνων
536 952 871 1023 παθημάτων
905 955 1155 1024 προσίετο
1184 958 1399 1026 πεῖραν.
1425 956 1561 1009 Οὔτε
1590 958 1698 1027 γὰρ

165 1040 221 1094 τὰ
254 1039 367 1093 θεῖα
406 1041 623 1108 θεῖκῶς,
654 1044 735 1097 ὃτι
769 1045 840 1115 μὴ
879 1046 1085 1116 γυμνὸς
1121 1047 1330 1117 ὑπῆρχε
1366 1048 1497 1111 Θεός
1528 1049 1699 1102 ὀὔτε

166 1129 220 1182 τὰ
242 1131 550 1201 ἀνθρώπινα
606 1136 899 1205 σαρκικῶς,
946 1138 1035 1207 ,ὅτι
1090 1140 1164 1207 μὴ
1218 1139 1372 1207 ψιλὸς
1410 1138 1695 1210 ἄνθρωπος

167 1216 238 1288 ἦν.
262 1222 356 1274 Διά
384 1223 543 1276 τοῦτο
561 1225 631 1278 τὰ
667 1225 916 1297 θαύματα
940 1228 1065 1297 δίχα
1094 1227 1297 1292 πάθους
1324 1230 1424 1282 οὐκ
1454 1226 1521 1301 ἧν
1547 1248 1562 1263 ο
1605 1232 1701 1283 καὶ

168 1306 221 1356 τὰ
248 1307 539 1378 παθήματα
567 1313 733 1381 χωρὶς
760 1314 857 1383 οὐχ
886 1315 1095 1385 ὑπῆρχε
1132 1314 1427 1385 θαύματος
1461 1317 1593 1371 ἀλλά
1633 1318 1700 1372 τὰ

175 1397 278 1464 μὲν,
311 1397 376 1451 ἵν’
405 1401 548 1455 εἴπω
570 1402 865 1474 τολμήσας,
900 1406 999 1459 οὐκ
1025 1406 1213 1477 ἀπαθῆ
1245 1424 1257 1438 ·
1290 1409 1357 1462 τὰ
1403 1408 1457 1461 δέ
1501 1410 1697 1481 προδή-

175 1484 258 1550 λως
283 1486 592 1561 θαυμάσια³
627 1494 718 1547 καὶ
754 1494 916 1564 ἄμφω
943 1484 1217 1566 παράδοξα
1242 1537 1255 1559 ,
1318 1500 1399 1552 ὅτι
1449 1500 1541 1553 καὶ
1582 1500 1699 1553 θεῖα

180 1580 277 1651 [καί
294 1585 648 1659 ἀνθρώπινα]
675 1588 749 1653 ὡς
776 1589 834 1654 ἐξ
863 1592 979 1655 ἐνὸς
1000 1593 1091 1645 καὶ
1128 1592 1220 1646 τοῦ
1244 1593 1406 1647 αὑτοῦ
1431 1595 1709 1665 προερχόέ

174 1694 281 1746 μενα
324 1676 461 1729 Θεοῦ
521 1679 694 1745 Λόγου
756 1681 1193 1751 σεσαρκωμένου,
1248 1683 1314 1735 δι’
1365 1684 1694 1754 ἀμφοτέρων

171 1765 501 1834 πιστουμένου
521 1768 939 1836 πραγματικῶς,
967 1770 1070 1841 τὴν
1102 1770 1207 1823 τῶν
1228 1772 1286 1835 ἐξ
1312 1766 1408 1837 ὧν,
1436 1774 1525 1826 καὶ
1554 1773 1695 1843 άπερ

1800 596 2152 665 operabatur,
2192 597 2246 650 id
2285 598 2431 666 quod
2461 598 2638 653 factus
2692 608 2811 652 erat
2852 596 3115 651 illibatum
3164 606 3348 649 osten-

1800 686 1963 753 dens;
1998 702 2059 740 ac
2089 687 2291 756 quibus
2329 685 2565 742 liumano
2612 688 2940 757 patiebatur,
2972 686 3023 739 id
3054 685 3198 755 quod
3231 693 3351 753 erat

1800 777 1979 830 omnis
2031 792 2228 846 expers
2262 770 2601 833 mutationis
2637 778 2954 833 ostendens.
3012 776 3351 846 Operabatur

1799 866 1966 929 enim,
1999 866 2181 921 divina
2208 868 2448 936 quidem,
2494 870 2700 924 carnali
2751 870 2963 923 ratione
2993 870 3175 939 (carne
3199 868 3350 922 scili-

1800 965 1884 1011 cet
1917 957 2111 1021 media,
2142 974 2263 1026 qua:
2315 959 2581 1014 naturalis
2638 973 2748 1014 sum
2775 960 3111 1029 operationis
3155 974 3349 1028 expers

1799 1059 1908 1098 non
1945 1045 2130 1109 esset),
2165 1046 2401 1099 humana
2434 1054 2637 1110 autem,
2692 1046 2873 1099 divina
2916 1055 3205 1115 potestate,
3254 1047 3347 1115 qui

1800 1135 1914 1203 ipse
1944 1134 2227 1195 voluntate
2254 1150 2461 1204 suoque
2499 1135 2765 1189 arbitratu
2808 1150 2872 1189 ac
2924 1136 3191 1205 imperio,
3237 1151 3345 1189 non

1800 1225 2037 1280 humana
2070 1227 2176 1279 ulla
2214 1227 2559 1291 necessitate,
2616 1228 2975 1281 humanorum
3014 1228 3068 1281 in
3121 1244 3178 1282 se
3215 1228 3348 1281 atie-

1800 1324 1986 1370 ctuum
2042 1315 2399 1384 laborumque
2457 1316 2763 1384 periculum
2822 1316 3110 1385 reciperet.
3158 1316 3346 1384 Neque

1799 1408 1943 1461 enim
1972 1407 2155 1461 divina
2190 1407 2404 1471 divine,
2443 1407 2589 1476 quod
2624 1422 2732 1460 non
2775 1407 2960 1461 nudus
3001 1408 3146 1461 Deus
3196 1414 3345 1504 ern\t;

1798 1512 1975 1566 neque
2018 1497 2253 1551 humana
2284 1497 2489 1551 carnali
2524 1498 2755 1565 ratione,
2813 1497 2957 1567 quod
3016 1513 3124 1551 non
3183 1496 3348 1549 homo

1798 1580 2024 1653 simplex
2046 1600 2109 1638 ac
2143 1600 2312 1653 purus
2340 1585 2656 1639 exsistebat.
2702 1568 3067 1650 Quamobrem
3116 1600 3217 1639 nec
3247 1585 3348 1637 mi-

1798 1673 1981 1727 racula
2007 1672 2212 1741 absque
2237 1672 2486 1742 passione
2520 1680 2696 1736 erant,
2731 1688 2833 1727 nec
2873 1674 3154 1742 passiones
3184 1674 3348 1725 mira-

1798 1762 1923 1816 culo
1944 1750 2245 1815 carebant:
2282 1776 2469 1815 verum
2520 1761 2609 1815 illa
2653 1761 2871 1830 quidem
2922 1762 3021 1831 (ut.
3055 1762 3349 1815 audentius

164 1855 381 1927 ὑπῆρχεν
412 1834 689 1927 ἀλήθειανξ
716 1859 789 1911 Τὸ
815 1834 1189 1930 γάρέκτινων
1207 1834 1525 1933 ἀσυγχύτως
1559 1834 1690 1916 ένώζ

1796 1851 1995 1928 dicam)
2023 1867 2131 1906 non
2168 1852 2430 1906 immunia
2462 1867 2490 1905 a
2519 1852 2770 1921 passione
2800 1862 2994 1918 erant;
3026 1854 3107 1907 ha:
3141 1862 3345 1914 autem,

162 1946 291 1999 σει⁸⁸
332 1949 400 2018 τῇ
434 1948 572 2002 κατά
602 1947 817 2001 σύνοδον
850 1949 1557 2023 φυσικὴν’ἀποτελούμενον,
1596 1954 1692 2007 καὶ

155 2036 237 2099 τὰς
265 2036 457 2105 φύσεις
492 2037 548 2105 ἐξ
598 2032 674 2092 ὧν
708 2039 1031 2111 συνέστηκεν
1078 2028 1377 2112 ἀτρέπτους
1426 2044 1687 2115 διατηρεῖ,

152 2130 233 2180 καὶ
262 2129 365 2191 τὰς
396 2128 571 2183 αὐτῶν
604 2132 932 2197 συστατικὰς
977 2132 1261 2201 ἀμειώτως
1306 2134 1558 2199 διασώζει
1598 2137 1689 2189 δυ-

149 2218 332 2287 νάμεις
352 2261 367 2285 ,
399 2222 478 2283 είς
506 2221 619 2285 ἐνδς
659 2222 820 2291 ἔργου
872 2223 1259 2297 συμπλήρωσιν
1283 2242 1296 2254 ο
1333 2225 1444 2277 εἴτε
1498 2226 1689 2291 πάθος,

147 2310 244 2362 είτε
280 2307 467 2379 θαῦμα
498 2312 556 2364 τὸ
596 2313 877 2383 γινόμενον
930 2308 1018 2383 ἦν,
1066 2298 1206 2367 κατά
1231 2315 1327 2386 τὴν
1370 2305 1552 2369 εἰκόνα
1594 2316 1686 2370 τοῦ

149 2396 456 2468 θαυμαστοῦ
489 2416 603 2466 σου,
634 2403 832 2471 Πάτερ,
865 2402 960 2456 καὶ
996 2401 1074 2473 τῷ
1110 2402 1389 2475 μυστηρίῳ
1412 2403 1512 2472 τῆς
1541 2404 1689 2468 θείας

146 2488 460 2557 σαρκώσεως
486 2490 794 2560 προσφυοῦς
820 2491 1276 2561 παραδείγματος,
1308 2492 1408 2561 τῆς
1441 2494 1688 2564 ἐκπυρω-

147 2576 319 2648 θείσης
354 2575 736 2651 μαχαίρας,ἦς
765 2580 861 2649 τὴν
879 2582 1051 2649 τομὴν
1084 2581 1424 2651 ἐπιστάμεθα
1458 2599 1686 2635 καυστι-

144 2667 257 2737 κὴν,
296 2669 385 2721 καὶ
410 2670 510 2738 τὴν
548 2669 743 2723 καῦσιν
784 2670 1005 2739 οἴδαμεν
1054 2672 1347 2740 τμητικήν.
1382 2672 1554 2741 Πυρὸς
1582 2673 1687 2741 γὰρ

154 2758 241 2810 καὶ
263 2759 469 2831 σιδήρου
504 2758 627 2812 καθ’
655 2758 950 2812 ὑπόστασιν
986 2759 1175 2828 γέγονε
1200 2759 1432 2823 σύνοδος,
1466 2760 1689 2833 μηδετέ-

155 2863 243 2916 ρου
270 2850 361 2919 τῆς
382 2851 523 2905 κατά
553 2852 713 2919 φύσιν
756 2851 853 2906 ’διὰ
896 2850 993 2922 τὴν
1034 2852 1169 2922 πρὸς
1224 2852 1448 2924 θάτερον
1496 2850 1687 2905 ἕνωσιν

147 2937 436 3012 ἐκστάντος
454 2939 776 3009 δυνάμεως·
832 2940 972 3011 μήτε
1019 2939 1124 3012 μὴν
1148 2940 1192 2974 ⁸⁸
1246 2942 1441 3011 ἄφετον
1488 2941 1687 3013 ταύτην

1794 1945 2083 2015 perspicue
2130 1943 2408 1997 mirabiles
2442 1943 2813 1998 exsistebant:
2852 1951 3082 2012 utraque
3111 1944 3348 2013 denique

1796 2035 2043 2090 inaudita
2072 2050 2137 2089 ac
2162 2048 2325 2098 nova,
2360 2034 2507 2103 quod
2532 2042 2588 2087 et
2622 2032 2805 2087 divina
2829 2042 2988 2087 erant
3015 2042 3069 2088 et
3088 2035 3345 2098 humana,

1794 2126 1943 2182 velut
1982 2142 2050 2180 ex
2077 2140 2190 2179 uno
2210 2124 2511 2195 eodemque
2553 2125 2733 2180 Verbo
2790 2126 3073 2181 incarnato
3126 2124 3349 2194 prolici-

1796 2217 2024 2283 scentia,
2054 2232 2164 2286 quo
2193 2216 2438 2285 utrisque
2459 2216 2681 2270 realiter
2701 2232 2891 2271 eorum
2924 2232 2989 2271 ex
3013 2217 3236 2286 quibus,
3283 2230 3348 2270 ac

1794 2322 1915 2376 qua
1946 2306 2263 2369 exsistebat,
2307 2306 2593 2360 veritatem
2642 2314 2930 2361 astrueret.
2980 2305 3137 2377 345
3185 2305 3341 2371 Quod

1793 2395 1939 2450 enim
1970 2408 2037 2447 ex
2062 2393 2388 2462 quibusdam
2419 2393 2701 2447 inconfuse
2723 2394 3009 2456 conﬂatur,
3036 2410 3102 2448 eo
3126 2393 3348 2447 unionis

1793 2501 1994 2558 genere
2024 2484 2171 2555 quod
2200 2483 2436 2538 naturali
2468 2499 2657 2537 eorum
2688 2483 3084 2537 coadunatione
3119 2491 3345 2552 praesta-

1794 2584 1905 2641 tur,
1940 2586 2055 2634 tum
2093 2584 2340 2638 naturas,
2376 2589 2443 2628 ex
2468 2574 2672 2643 quibus
2710 2582 2814 2639 est,
2852 2576 3055 2628 servat
3085 2574 3347 2627 minutio-

1788 2652 1877 2721 nis
1931 2676 2219 2736 expertes;
2288 2673 2405 2720 tum
2462 2681 2583 2736 qua:
2648 2680 2743 2720 eas
2810 2666 3146 2719 constituant
3216 2664 3348 2718 insi-

1790 2757 2107 2827 gniantque,
2137 2757 2279 2809 vires
2312 2771 2376 2810 ac
2394 2756 2704 2820 facultates,
2736 2757 2882 2811 nulla
2906 2772 3093 2811 earum
3124 2756 3245 2818 labe
3278 2758 3345 2810 ad

1792 2864 1961 2903 unum
1988 2850 2126 2916 Opus
2175 2847 2559 2915 complendum
2598 2847 2801 2901 retinet
2854 2848 3179 2907 incolumes,
3228 2848 3344 2901 sive

1793 2937 1958 3001 actio,
2014 2936 2131 2991 sive
2185 2936 2367 3006 passio
2398 2943 2539 2999 erat,
2576 2934 2630 2989 id
2681 2935 2826 3007 quod
2892 2935 3217 3006 gerebatur,
3263 2936 3343 2989 uti

142 3029 463 3098 κεκτημένον
516 3029 656 3100 μετά
690 3030 787 3100 τὴν
827 3030 1039 3096 ἕνωσιν,
1086 3032 1303 3102 καὶτῆς
1348 3031 1440 3085 τοῦ
1474 3048 1687 3100 συγκειρ

1792 3025 2049 3082 ιιὶιιιίιιιῒη
2073 3027 2285 3098 praefert
2307 3042 2369 3082 ac
2386 3033 2759 3096 repraesentat,
2786 3025 3165 3080 admirandum
3189 3034 3343 3079 tuum

139 3116 292 3183 μένου
326 3121 419 3171 καὶ
456 3118 863 3188 συνυφεστῶτος
896 3122 1329 3192 κεχωρισμένην.
1420 3135 1426 3143 ’
1466 3178 1477 3185 _

1787 3117 1944 3183 illud,
1979 3134 2042 3174 ac
2076 3134 2201 3173 cum
2222 3119 2414 3188 primis
2443 3118 2641 3173 divinte
2665 3117 3060 3172 lncarnationis
3084 3115 3345 3188 mysterio

135 3209 465 3263 conveniens
504 3210 942 3280 appositumque,
986 3212 1166 3276 Pater,
1210 3213 1556 3281 exemplum;
1593 3214 1717 3284 igne
1747 3212 1956 3278 scilicet
1994 3211 2238 3265 ardentis
2286 3220 2341 3264 et
2378 3210 2664 3265 candentis
2705 3208 2900 3278 gladii,
2955 3211 3109 3279 cujus
3170 3219 3226 3262 et
3258 3224 3344 3262 sc-

135 3302 368 3357 ctionem
424 3303 695 3373 ejusmodi
742 3304 1016 3368 novimus,
1057 3306 1342 3384 ugurendi
1382 3307 1490 3360 vim
1537 3306 1757 3372 habeat,
1784 3316 1839 3359 et
1872 3304 2144 3359 ustionem
2180 3318 2291 3356 non
2326 3303 2602 3357 nescimus
2639 3318 2759 3372 quae
2788 3302 3008 3357 secandi
3044 3304 3094 3356 vi
3121 3303 3339 3372 polleat.

136 3392 220 3447 Sic
280 3395 431 3448 enim
494 3394 635 3464 ignis
684 3394 926 3472 ferrique
997 3395 1050 3449 in
1118 3397 1401 3466 supposito
1459 3396 1597 3452 facta
1653 3395 1969 3468 conjunctio
2017 3403 2103 3449 est
2162 3409 2225 3448 ac
2261 3393 2543 3457 adunatio,
2602 3402 2663 3448 ut
2715 3393 2861 3463 quod
2896 3393 3126 3447 alterum
3179 3394 3339 3449 alteri

132 3485 449 3551 accesserit,
479 3494 738 3540 neutrum
769 3486 1077 3540 naturalem
1114 3486 1223 3541 vim
1284 3502 1436 3543 suam
1471 3502 1533 3542 ac
1587 3486 1900 3544 facultatem
1943 3485 2227 3553 amiserit;
2268 3493 2323 3540 at
2370 3500 2550 3556 neque
2582 3485 3184 3557 liberamsolutamque
3218 3497 3340 3558 post

133 3577 389 3646 unionem
427 3618 443 3642 ,
468 3578 877 3648 sejunctamque
940 3595 1060 3635 eam
1125 3580 1347 3646 habeat,
1407 3581 1476 3635 ab
1529 3580 1753 3638 alterius
1789 3596 1912 3637 cum
1938 3597 2048 3651 quo
2076 3579 2355 3636 concrevit
2381 3595 2596 3650 unaque
2622 3580 2892 3635 consistit.
3074 3590 3079 3595 '

194 3666 416 3736 Ταύτην
448 3666 547 3737 μὲν
576 3667 667 3721 οὖν
694 3663 851 3739 εὗρον
898 3670 1008 3738 ἐγὼ
1035 3672 1145 3733 τοῖς
1178 3671 1461 3741 ὑμετέροις
1509 3670 1687 3742 γράμ-

131 3772 261 3825 μασι
290 3758 473 3823 σοφῶς
504 3760 892 3829 ἐνυφανθείσαν
922 3762 1022 3831 τὴν
1063 3762 1172 3815 τῶν
1203 3762 1359 3815 θείων
1401 3763 1685 3833 δογμάτων

127 3848 432 3919 ἀκρίϐειαν,
475 3845 543 3922 ἧς
589 3851 729 3905 κατὰ
758 3853 855 3921 τὴν
898 3852 1119 3906 ἐνοῦσάν
1165 3870 1255 3922 μοι
1288 3853 1415 3922 περὶ
1453 3854 1513 3906 τὸ
1546 3855 1684 3905 νοεῖν

133 3940 357 4010 μετρίαν
386 3940 614 4010 δύναμιν
629 3940 924 4011 ἐπιστήσας
947 3942 1037 3994 τὸν
1054 3941 1197 4003 νοῦν,
1216 3941 1468 4011 ηὐξάμην
1488 3943 1684 3994 ἱκανω-

133 4026 281 4099 θῆναι
315 4030 522 4100 ταύτην
576 4031 826 4099 φυλάξαι,
861 4033 955 4085 καὶ
985 4035 1051 4103 τῇ
1100 4032 1307 4103 διανοίᾳ
1364 4034 1679 4102 κατασχεῖν,

132 4120 231 4174 ὑπὸ
252 4121 425 4192 λήθης
462 4121 605 4185 τινὸς
659 4122 733 4193 μὴ
778 4123 1071 4194 δεχομένην
1102 4125 1466 4194 περιγραφήν.
1496 4124 1565 4175 Σὺ
1600 4124 1679 4188 δὲ,

127 4209 412 4284 θεοτίμητε
470 4213 669 4284 Πάτερ,
719 4213 1072 4284 συμπάθησόν
1127 4232 1215 4286 μοι
1261 4214 1337 4285 τῷ
1371 4214 1447 4285 σῷ
1486 4214 1677 4283 δούλῳ,

1856 3673 2005 3727 lianc
2028 3687 2157 3727 sane
2185 3671 2376 3726 vestris
2409 3670 2613 3725 litteris
2645 3670 2921 3739 sapienter
2958 3672 3217 3726 intextam
3252 3676 3337 3727 in-

1783 3765 1930 3830 veni,
1965 3764 2273 3818 divinorum
2303 3763 2618 3831 dogmatum
2657 3771 2965 3816 accuratam
2991 3766 3337 3829 sententiam,

1784 3857 1873 3910 cui
1917 3871 2015 3925 pro
2041 3855 2237 3923 exigua
2261 3855 2521 3925 tenuique
2572 3853 2775 3922 ingenii
2804 3853 2911 3907 mei
2940 3852 3193 3909 facultate
3226 3858 3339 3911 ani-

1782 3962 1929 4001 mum
1953 3946 2240 4010 adhibens,
2266 3944 2515 4015 optabam
2547 3944 2777 3999 idoneus
2798 3959 2917 3999 esse
2956 3944 3048 4014 qui
3073 3943 3189 3999 eam
3212 3964 3342 4001 con-

1783 4053 2084 4103 servarem,
2106 4038 2365 4107 nullaque
2386 4035 2805 4091 oblitterandam
2834 4037 3131 4102 oblivione,
3159 4049 3341 4094 mente

1784 4129 2106 4183 retinerem.
2146 4128 2468 4191 Tu'autem,
2498 4127 2555 4181 in
2599 4128 2709 4181 Deo
2738 4128 2871 4181 mihi
2912 4128 3206 4196 plurimum
3251 4144 3341 4183 co-

1768 4216 1939 4273 lende
1968 4218 2148 4282 Pater,
2186 4219 2445 4271 miserere
2472 4218 2780 4272 mibiservo
2813 4226 2924 4282 tuo,
2952 4234 3034 4281 ac,
3060 4234 3220 4286 quam
3246 4219 3341 4274 de—

119 4306 216 4359 καὶ
243 4310 344 4377 τὴν
371 4306 599 4360 δέουσαν
622 4305 697 4370 ὡς
716 4307 1095 4379 φιλάνθρωπος
1128 4308 1407 4379 παράσχου
1438 4304 1682 4375 συγγνὼο

1792 4317 2163 4376 cet,tanquam
2195 4306 2465 4375 benignus
2494 4315 2549 4360 et
2581 4306 2924 4369 misericors,
2951 4308 3165 4361 veniam
3183 4292 3338 4379 ἰπερ-

122 4410 237 4464 μην
265 4438 280 4461 ,
334 4396 683 4451 ἀδυνατοῦντι
738 4397 873 4468 πρὸς
926 4398 1022 4468 τὴν
1078 4397 1185 4452 τῶν
1245 4397 1682 4467 κεκελευσμένων

1792 4400 1881 4465 be;
1918 4397 2007 4451 cui
2047 4413 2143 4467 per
2172 4396 2487 4451 facultatem
2518 4412 2622 4450 non
2652 4397 2941 4462 liceat,tid,
2975 4399 3121 4467 quod
3150 4401 3331 4469 jubcs,

117 4487 460 4557 ἐγχείρησιν.
493 4488 602 4542 Καὶ
634 4489 707 4558 μή
739 4505 839 4559 μου
873 4490 1154 4560 καταγνῷς
1185 4489 1465 4555 ἀπείθειαν
1496 4506 1507 4519 ⁸
1552 4489 1685 4542 ἀλλά

1792 4474 2016 4544 tentare.
2044 4487 2233 4557 Neque
2260 4503 2393 4542 vero
2417 4505 2498 4541 me
2529 4487 2915 4543 :nobedientiae
2950 4489 3193 4555 damnes,
3237 4493 3333 4546 sed

116 4576 329 4644 μᾶλλον
352 4572 609 4643 ἀπόδεξαί
640 4596 709 4647 με
736 4580 1055 4648 τῆςιοίκείας
1084 4580 1321 4649 ἀμαθίας
1340 4580 1682 4663 ἐπιγνώμονα

1792 4582 1967 4652 potius
1993 4574 2151 4635 lauda
2169 4595 2232 4659 ac
2255 4580 2446 4650 proba,
2476 4582 2571 4650 qui
2594 4596 2767 4636 meam
2792 4581 2905 4651 ipse
2926 4582 3192 4635 inscitiam
3217 4591 3334 4635 stu-

106 4666 377 4735 γενέσθαι
407 4668 792 4733 σπουδάζοντα.
850 4671 1091 4740 Μισητὸν
1124 4672 1232 4742 γάρ
1280 4672 1342 4723 τὺ
1392 4672 1677 4741 προπετὲς,

1792 4670 1936 4725 leam
1958 4686 2274 4741 agnoscere.
2304 4672 2478 4725 Exosa
2499 4672 2645 4725 enim
2672 4686 2761 4725 res
2793 4672 3087 4736 temeritas,
3125 4672 3331 4740 prima-

106 4760 211 4813 καὶ
240 4758 461 4829 πρῶτον
488 4756 586 4829 τῆς
624 4760 859 4830 ἐσχάτης
908 4762 1125 4829 ἀγνοίας
1169 4763 1411 4832 γέννημα
1434 4778 1447 4791 °
1500 4762 1621 4814 καθ’
1652 4761 1680 4813 δ

1792 4778 1883 4833 lue
1926 4778 2193 4831 supremae
2248 4762 2535 4815 dementiae
2567 4762 2765 4829 proles,
2817 4778 2923 4830 qua
2982 4777 3039 4816 se
3093 4764 3338 4831 proclive

104 4852 370 4922 πέφυκεν
425 4852 457 4922 ή
504 4854 601 4922 τῆς
648 4852 1023 4922 ὑπερηφανίας
1080 4853 1451 4922 διαφαίνεσθαι
1506 4853 1677 4917 νόσος,

1792 4854 2313 4924 prodatcluceatque
2348 4851 2617 4919 superbia:
2648 4852 2892 4917 morbus,
2927 4854 3079 4922 impii
3116 4853 3337 4925 Deoque

102 4942 230 5009 ἒξιν
271 4942 679 5014 δημιουργοῦσα
711 4945 823 5004 τοῖς
861 4944 993 5014 αὐτῇ
1049 4945 1498 5015 κατειλημμένοις
1539 4943 1683 4995 ἀντί-

1792 4942 2129 5022 adversantis
2158 4941 2377 4996 habitus
2402 4943 2455 4995 in
2498 4942 2579 4996 eis
2608 4950 2819 5009 auctor,
2857 4944 2949 5013 qui
2985 4944 3077 4998 illo
3100 4947 3338 5015 correpti

104 5031 239 5085 θεον
267 5048 281 5065 ο
350 5033 446 5086 καὶ
486 5030 632 5096 δέξαι
688 5048 786 5102 μου
820 5033 1018 5093 παντὸς
1061 5034 1264 5097 πάθους
1309 5034 1551 5106 καθαράν
1582 5032 1677 5103 τὴν

1792 5045 1949 5091 sunt:
1984 5034 2239 5107 quodque
2278 5033 2414 5087 adeo
2463 5034 2553 5089 bic
2578 5049 2778 5089 excuso
2812 5035 3139 5105 defugioque
3185 5036 3338 5091 nullo

102 5128 203 5180 ἐπὶ
232 5125 398 5181 τοῦτο
428 5127 759 5198 παραίτησιν
785 5145 799 5159 ’
840 5128 930 5179 καὶ
980 5129 1054 5197 μὴ
1080 5130 1273 5200 ἁπὼσῃ
1313 5149 1377 5200 με
1427 5132 1549 5194 τοὺς
1579 5131 1677 5185 αὑ-

100 5215 243 5278 τούς
275 5232 359 5269 σοι
407 5219 838 5288 προϐαλλόμενον
888 5219 1095 5285 λόγους,
1128 5221 1221 5285 οὓς
1255 5224 1345 5277 ἐπὶ
1372 5225 1480 5285 τοῖς
1504 5223 1677 5274 τοιού-

99 5322 227 5368 τοις
262 5304 401 5373 πρὸς
428 5307 519 5359 τὸν
547 5307 679 5360 Θεὸν
708 5308 940 5377 Μωῡσῆς
976 5308 1236 5379 πρότερον
1282 5311 1374 5387 καὶ
1413 5312 1677 5380 Ἱερεμίας

101 5395 349 5465 ὕστερον
399 5397 827 5466 προύϐάλλοντο⁸
881 5400 909 5452 ὁ
968 5401 1103 5470 μὲν,
1160 5400 1401 5470 Δέομαι,
1468 5400 1709 5471 Κύριε,’

1782 5128 1916 5181 vitio
1942 5134 2035 5179 aut
2065 5126 2188 5179 fuco
2210 5125 2349 5194 aequi
2378 5125 2617 5196 bonique
2643 5127 2865 5189 consule
2890 5144 2903 5191 ;
2940 5141 3041 5179 nec
3064 5124 3254 5179 iisdem
3286 5136 3339 5182 te

1783 5217 1985 5281 verbis,
2031 5217 2231 5286 quibus
2262 5217 2450 5272 eadem
2479 5218 2591 5273 fere
2626 5219 2931 5281 occasione,
2965 5216 3173 5285 Moyses
3219 5216 3334 5285 pri-

1784 5324 1953 5372 mum,
1988 5318 2213 5378 tumque
2256 5310 2453 5365 deinde
2492 5310 2755 5365 Jercmias
2784 5308 2955 5361 Deum
2990 5306 3139 5360 allati
3181 5317 3335 5371 sunt,

1782 5414 2052 5470 propense
2109 5398 2366 5455 atl'antem
2419 5400 2703 5471 repuleris.
2744 5398 2820 5453 Ac
2852 5397 3005 5467 prior
3056 5395 3278 5465 quidem
3314 5411 3329 5449 :

1408 5552 1640 5609 unus
1670 5551 2069 5610 LECTIONES.
2134 5632 2135 5635 γ

178 5682 235 5713 ³⁸
271 5679 549 5761 ᾼιαφόρων
590 5681 826 5761 δηλονότι
868 5682 1007 5761 κατὰ
1047 5681 1257 5761 ούσίαν,
1284 5684 1444 5761 ήγουν
1492 5686 1690 5761 θεότητ‹

1792 5688 1855 5742 ια).
1884 5687 2312 5761 ὰνθρωτιύτητος.
2344 5688 2471 5755 Qua:
2506 5687 2697 5743 srih’rct
2730 5683 3341 5742 essentialitcr‘distincta

100 5754 249 5822 ιῑηι,
281 5751 333 5805 id
362 5758 455 5817 est,
487 5767 550 5804 ea;
580 5752 766 5807 deitate
800 5766 847 5810 et
878 5757 1215 5810 humanitate.

1292 5756 1335 5787 ⁸³
1370 5756 1455 5811 Fr.
1493 5759 1623 5827 μηδε
1639 5756 1777 5828 μήν.
