3958 6338
554 514 555 517 η
612 453 716 516 δοῖ)

1754 463 1812 523 S.
1856 464 2139 524 MAXIMI
2172 465 2680 553 'CONFESSDRIS

3712 446 3822 535 ’θοο

612 582 788 633 operae
816 566 1052 636 pretium
1077 564 1326 636 duxi,‘ea
1350 570 1804 642 suhtcompendio
1857 575 2209 645 dicem-qua:
2249 576 2349 631 tibi
2400 578 2609 649 pariter
2640 593 2705 633 ac
2767 578 2900 633 mihi
2944 579 3265 650 cunctisque
3301 579 3491 636 audire
3517 581 3822 638 volentibus

612 656 955 711 commodum
983 666 1259 731 pmstent,
1311 676 1375 716 ac
1410 661 1572 716 saluti
1607 663 1978 719 conducibilia
2019 665 2307 721 exsistant.

676 749 902 818 Magnus
944 750 1035 804 ille
1078 753 1343 821 propheta
1386 764 1550 822 atque
1594 770 1684 809 rex
1734 756 1927 818 David,
1969 756 2160 824 quibus

2342 760 2504 814 Δαϐὶδ
2526 762 2554 815 6
2588 761 3067 833 μέγαςπροφήτης
3109 763 3203 815 καὶ
3250 762 3519 832 βασιλεὺς,
3546 765 3655 827 τοῖς
3690 765 3821 831 ἀγα-

610 836 791 890 animo
824 839 1185 894 constitutum
1232 842 1304 896 sit
1347 852 1409 897 ut
1435 842 1529 897 Dei
1564 843 1843 898 dilectioni
1893 845 2169 912 studeant,

609 927 929 997 cunctisque
962 931 1195 986 terrenis
1226 931 1468 987 divinam
1513 934 1749 988 salutem
1793 944 2167 1004 anteponant,

607 1016 911 1085 spiritale»:
972 1034 1100 1073 vere
1152 1035 1216 1075 ac
1268 1023 1499 1076 scientia
1549 1024 1814 1079 nitentem
1858 1025 2169 1080 divinarum

609 1108 875 1163 virtutum
928 1112 1071 1165 viam
1108 1122 1578 1179 commonstrans,
1613 1114 1931 1193 finitamque
1953 1117 2167 1173 actione

606 1197 849 1253 srientize
868 1200 1095 1268 januam
1133 1201 1514 1281 subapericns,
1548 1205 1797 1273 Initium,
1825 1207 2034 1277 inquit,
2075 1226 2163 1281 sa-

604 1284 811 1351 pientia:
843 1288 1001 1339 timor
1025 1286 1277 1354 Domini;
1304 1279 1601 1346 intellectus
1644 1304 1827 1349 autem
1858 1296 2020 1352 bonus
2052 1279 2165 1352 om-

603 1373 750 1430 uibus
798 1375 1107 1443 facientibus
1157 1372 1657 1450 eunti.~Siqttidem
1702 1401 1837 1439 vero
1865 1387 2027 1441 timor
2066 1389 2168 1441 ini-

606 1464 740 1518 tium
764 1468 1043 1536 sapientiie
1070 1478 1190 1533 est;
1224 1469 1349 1523 finis
1376 1472 1566 1541 utique
1593 1475 1879 1543 sapientiae
1898 1517 1912 1541 ,
1945 1477 2165 1532 intelle-

602 1557 724 1604 ctus
750 1551 929 1607 bonus
953 1554 1283 1614 facientibus
1310 1573 1436 1612 eum
1460 1570 1654 1631 suopte
1680 1558 1843 1632 genio
1867 1576 1969 1619 est.
2008 1566 2188 1633 Quod

612 1642 659 1694 si
690 1642 807 1698 haec
846 1645 918 1699 ita
968 1661 1027 1701 se
1069 1647 1296 1714 habent,
1331 1659 1534 1719 quanta
1589 1652 1819 1710 facultas
1848 1656 2167 1711 Studeamus

600 1730 696 1785 Dei
723 1733 975 1789 timorem
999 1736 1249 1813 adipisci,
1273 1754 1338 1794 ac
1357 1741 1697 1797 intellectum
1723 1745 1925 1801 bonum
1950 1764 2161 1816 parare;

599 1821 849 1878 timorem
881 1827 1127 1895 quidem,
1151 1838 1211 1883 ut
1236 1831 1449 1899 peccati
1479 1834 1669 1888 sordes
1692 1851 2000 1901 caveamus,
2026 1854 2165 1906 quas

598 1922 931 1970 mternorum
962 1918 1311 1973 cruciatuum
1344 1924 1751 1989 exspectatione
1783 1924 1953 1998 longe
1981 1929 2164 1984 animo

598 2007 976 2076 excutiamus;
1013 2009 1353 2065 intellectum
1373 2029 1529 2079 vero,
1564 2024 1623 2068 ut
1652 2016 1962 2072 divinarum
1994 2020 2163 2093 soler-

600 2104 681 2150 tes
701 2097 989 2155 effectores
1018 2101 1362 2156 voluntatum
1392 2104 1702 2161 reddantur.
1731 2106 1835 2171 Qui
1868 2108 2015 2161 enim
2051 2086 2165 2177 pm-
2195 2086 2237 2141 Β

598 2202 694 2241 ιτα-3
723 2189 829 2243 illis
878 2192 1231 2256 'constitutas,
1260 2194 1354 2262 qui
1403 2195 1498 2248 Dei
1546 2195 1932 2251 mandatorum
1985 2208 2163 2253 trans-

596 2293 875 2348 gressores
906 2293 1053 2346 sunt,
1110 2284 1353 2351 proclive
1394 2287 1614 2351 metuit,
1641 2284 2018 2356 polluen'tibus
2048 2290 2163 2344 ani-

596 2383 746 2422 mum
769 2368 1057 2445 affectibus
1079 2381 1242 2442 atque
1280 2374 1451 2441 vitiis,
1496 2376 1639 2430 haud
1666 2391 1723 2431 se
1747 2378 1866 2447 capi
1903 2379 2036 2434 sinit
2059 2395 2165 2457 ;_ac

598 2459 687 2514 cui
738 2461 1045 2518 intellectura
1101 2463 1281 2520 bonus
1333 2467 1517 2520 animo
1562 2469 1836 2537 repositus
1885 2478 2005 2534 est,
2054 2486 2163 2540 quo
2206 2538 2209 2543 _

596 2565 791 2625 nempe
825 2554 1217 2619 convenienter
1266 2564 1502 2626 aptaque
1543 2560 1755 2613 ratione
1815 2568 2161 2628 temporanca

595 2639 664 2693 ah
701 2643 924 2699 aeternis
948 2642 1244 2711 discernat,
1270 2646 1475 2701 divinis
1502 2648 1759 2702 Omnibus
1789 2648 1948 2702 bonis
1974 2649 2165 2703 eluitu-

596 2729 747 2783 rians
771 2731 976 2797 evadit,
1012 2733 1405 2812 hboeptjmstans
1427 2778 1441 2799 ,
1486 2753 1554 2791 ne
1583 2738 1901 2807 quafultus
1931 2741 2160 2795 scientia

595 2828 699 2881 est.
734 2822 846 2877 ullo
872 2823 1042 2893 "modo
1069 2816 1220 2881 iners
1239 2824 1325 2895 illi
1363 2842 1429 2882 ac
1454 2829 1633 2883 otiosa
1675 2824 1766 2884 sit.
1794 2830 2163 2897 Quemadmo-

595 2911 724 2965 dum
745 2914 890 2967 enim
932 2915 1114 2981 timor,
1136 2917 1191 2970 in
1217 2918 1297 2972 eis
1314 2919 1406 2987 qui
1444 2933 1569 2973 vere
1602 2920 1697 2974 Dei
1720 2921 1918 2975 timore
1944 2922 2160 2977 ducun-

597 3009 706 3065 tur,
739 3002 1274 3060 immundos‘omnes
1307 3005 1534 3061 affectus
1570 3007 1943 3081 libidinesque
1996 3009 2161 3063 inter—

596 3090 741 3156 imi‘.;
775 3092 853 3145 sic
872 3094 1276 3157 etintellectus,
1313 3094 1400 3147 his
1458 3095 1552 3163 qui
1595 3110 1724 3149 vere
1749 3096 1932 3150 animo
1960 3081 2161 3151 inteili-

595 3193 780 3253 gentes
809 3198 871 3237 ac
916 3181 1146 3255 solet‘tes
1186 3173 1297 3239 sint
1319 3225 1331 3249 ,
1374 3186 1614 3238 omnium
1648 3202 1847 3254 parens
1880 3203 1944 3243 ac
1970 3199 2160 3244 auctor

594 3273 858 3327 virtutum
886 3275 1335 3364 exsistitt'Deum
1370 3275 1540 3345 igitur
1585 3273 1896 3344 timeamus,
1938 3294 2039 3333 nec
2066 3293 2162 3334 eo-

2274 852 2380 921 πᾷν
2407 852 2496 904 τὸν
2519 852 2650 906 Θεὸν
2678 852 3051 924 προθεμένοις,
3085 854 3175 906 καὶ
3206 853 3421 908 πάντων
3457 854 3561 906 τῶν
3599 855 3698 908 ἐπὶ
3727 855 3821 923 γῆς

2270 939 2370 1008 τὴν
2407 939 2588 993 ἔνθεον
2642 942 2919 1012 σωτηρίαν
2986 941 3392 1014 προελομένοις,
3458 942 3555 1012 τὴν
3608 943 3821 1013 ἀληθῶς

2270 1030 2574 1100 γνωστικὴν
2596 1030 2713 1083 ὁδὸν
2737 1031 3104 1101 παραδεικνὺς
3124 1031 3244 1097 Δτῶν
3275 1031 3436 1085 θείων
3472 1033 3710 1103 ἀρετῶν,
3736 1034 3821 1086 καὶ

2267 1117 2368 1189 τὴν
2398 1118 2716 1190 ἔμπρακτον
2750 1119 2848 1188 τῆς
2873 1118 3127 1188 γνώσεως
3159 1119 3330 1191 θύραν
3359 1121 3689 1189 ὑπανοίγων,
3724 1138 3820 1192 φη-

2269 1209 2353 1262 σίν
2385 1226 2401 1242 ο
2445 1207 2617 1278 Ἀρχὴ
2660 1210 2882 1278 σοφίας
2915 1211 3098 1279 φόϐος
3149 1210 3405 1278 Κυρίουο
3467 1213 3722 1276 σύνεσις
3767 1212 3818 1265 δὲ

2266 1300 2457 1371 ἀγαθὴ
2490 1299 2641 1356 πᾶσι
2682 1300 2806 1367 τοῖς
2838 1299 3120 1354 ποιοῦσιν
3171 1300 3381 1366 αὐτήν.
3431 1301 3493 1353 Εἰ
3532 1300 3589 1353 δὲ
3631 1302 3817 1369 σοφίας

2267 1392 2411 1477 ἀρχὴ
2455 1391 2854 1477 καθέστηκεννό
2878 1391 3061 1459 φόϐος,
3111 1390 3262 1456 τέλος
3306 1390 3505 1461 δηλαδὴ
3543 1392 3754 1458 σοφίας,
3783 1394 3814 1458 ἡ

2268 1476 2448 1550 ἀγαθὴ
2483 1483 2727 1550 πέφυκεν
2770 1476 2911 1534 εῖναι
2940 1480 3175 1544 σύνεσις,
3208 1483 3323 1542 τοῖς
3346 1479 3590 1533 ποιοῦσιν
3623 1482 3810 1549 αὑτήν.

2267 1571 2331 1623 Εἰ
2354 1571 2410 1624 δὲ
2432 1570 2605 1623 ταῦτα
2625 1569 2813 1631 τοῦτον
2835 1569 2948 1639 ἔχει
2978 1570 3069 1622 τὸν
3095 1570 3315 1639 τρόπον,
3344 1570 3442 1640 ὅση
3476 1568 3710 1639 δύναμις
3736 1570 3817 1623 τὸν

2268 1661 2430 1729 φόϐον
2452 1659 2555 1713 ’τοῦ
2589 1660 2722 1713 Θεοῦ
2768 1659 3072 1730 κτήσασθαι
3122 1659 3534 1730 σπουδάσωμεν,
3584 1661 3685 1713 καὶ
3725 1661 3816 1732 τὴν

2267 1749 2481 1803 σύνεσιν
2524 1749 2622 1820 τὴν
2650 1748 2884 1818 ἀγαθήν.
2923 1749 3027 1801 Τὸν
3061 1749 3158 1819 μὲν
3196 1749 3386 1818 φόϐον,
3423 1750 3512 1804 ἵνα
3561 1750 3818 1820 φύγωμεν

2265 1839 2365 1907 τῆς
2404 1839 2682 1911 ἁμαρτίας
2709 1838 2837 1901 τοὺς
2876 1837 3208 1909 μολυσμοὸς,
3259 1841 3326 1909 τῇ
3364 1838 3673 1910 προσδοκία
3713 1839 3814 1892 τῶν

2264 1928 2498 1982 αἰωνίων
2533 1927 2807 1981 κολάσεων
2837 1928 3038 1989 αὐτοὺς
3076 1926 3175 1997 τῆς
3193 1927 3369 1996 ψυχῆς
3392 1927 3814 1991 ὲκτινάσσοντες-

2265 2019 2362 2087 τὴν
2390 2018 2446 2071 δὲ
2481 2009 2717 2081 σύνεσιν,
2748 2018 2835 2069 ἴνα
2875 2017 3090 2070 πάντων
3122 2016 3345 2086 ποιηταὶ
3372 2016 3479 2070 τῶν
3513 2014 3680 2071 θείων
3704 2019 3817 2070 tm-

2267 2108 2531 2177 στήμονες
2571 2106 2974 2176 ἀποδειχθῶμεν
3015 2106 3351 2175 θελημάτων.
3393 2107 3451 2159 '0
3487 2106 3599 2177 γὰρ
3628 2107 3806 2176 φοϐού·

2270 2212 2429 2265 μενος
2476 2196 2579 2259 τὰς
2613 2194 2706 2247 ἐπὶ
2749 2194 2870 2256 ταῖς
2902 2194 3247 2267 παραϐάσεσι
3289 2193 3399 2246 τῶν
3427 2192 3591 2246 θείων
3633 2193 3807 2255 ποινὰς

2265 2286 2511 2349 ἐντολῶν,
2568 2289 2681 2349 τοῖς
2743 2285 3064 2356 μολύνουσιν
3114 2284 3279 2339 αὐτοῦ
3328 2284 3429 2355 τὴν
3485 2284 3667 2355 ψυχὴν
3711 2285 3810 2354 ὀὐχ

2265 2378 2544 2433 ἁλίσκεται
2590 2376 2850 2449 πάθεσιν⁶
2885 2377 2981 2430 καὶ
3012 2376 3040 2427 6
3064 2376 3163 2446 τὴν
3209 2374 3426 2445 σύνεσιν
3469 2375 3570 2444 τὴν
3605 2374 3807 2445 ἀγαθὴν

2265 2468 2585 2531 ὲνδιαθέτως
2608 2466 2769 2536 ἔχων,
2802 2467 2943 2519 κατά
2974 2466 3064 2518 τὸν
3106 2465 3293 2518 δέοντα
3315 2455 3473 2543 λόγον
3512 2463 3807 2536 διακρίνου-

2265 2576 2365 2614 σαν
2392 2558 2500 2612 τῶν
2543 2556 2774 2611 αἰωνίων
2803 2557 2872 2610 τὰ
2920 2557 3249 2626 πρόσκαιρα,
3277 2557 3412 2609 πᾶσι
3460 2556 3667 2623 γίνεται
3698 2559 3808 2618 τοῖς

2263 2648 2426 2713 θείοις
2458 2647 2769 2717 κατάκομος
2793 2644 3039 2714 ἀγαθοῖς,
3075 2640 3262 2715 μηδενὶ
3286 2646 3476 2717 τρόπῳ
3507 2646 3602 2716 τὴν
3625 2648 3680 2699 ἐν
3705 2646 3804 2697 αύ-

2260 2737 2339 2810 τῷ
2390 2736 2591 2805 γνῶσιν
2640 2737 2833 2807 ἀργεῖν
2887 2734 3168 2805 δειχθῆναι
3220 2734 3673 2804 παρασκευάζων.
3717 2731 3801 2794 Ὦς

2261 2831 2373 2901 γὰρ
2411 2830 2439 2882 6
2486 2829 2649 2899 φόϐος
2681 2830 2739 2881 ὲν
2770 2830 2879 2892 τοῖς
2910 2827 3123 2897 ἀληθῶς
3159 2827 3249 2880 τὸν
3280 2826 3414 2879 Θεὸν
3443 2825 3804 2901 φοϐουμένοις,

2261 2919 2368 2971 τῶν
2413 2917 2743 2987 ἀκαθάρτων
2791 2916 3000 2985 γίνεται
3048 2914 3236 2968 παθῶν
3273 2914 3599 2982 ἀναιρετης·
3647 2912 3813 2971 οὕτως

2262 3008 2357 3061 καὶ
2388 3010 2423 3076 ἡ
2452 3006 2665 3068 σύνεσις
2690 3006 2798 3059 τῶν
2828 3004 3044 3077 ἀληθῶς
3090 3003 3346 3065 συνετῶν,
3377 2996 3566 3054 πασῶν
3608 3002 3814 3070 γίνεται

2260 3096 2601 3171 δημιουργὸς.
2638 3096 2748 3149 τῶν
2798 3095 3021 3165 ἀρετῶν.
3083 3094 3297 3148 Οὐκοῦν
3327 3092 3668 3164 φοϐηθῶμεν
3728 3092 3814 3146 τὸν

2259 3189 2410 3251 Θεὸν,
2436 3188 2527 3240 καὶ
2554 3186 2720 3257 μηδὲν
2751 3178 2825 3238 ὧν
2852 3184 2925 3254 μὴ
2958 3183 3204 3254 βούλεται
3234 3182 3518 3253 πράξωμεν
3540 3198 3554 3213 ·
3591 3180 3815 3249 καὶ,τὴν

2260 3278 2424 3334 αὑτοῦ
2456 3277 2670 3332 σύνεσιν
2699 3277 3107 3346 ἀγαπήσωμεν·
3145 3273 3241 3328 καὶ
3268 3272 3427 3344 μηδὲν
3458 3266 3533 3326 ὧν
3563 3272 3817 3343 βούλεται

598 3379 719 3418 rum
760 3382 882 3434 qua:
918 3366 993 3419 illi
1027 3363 1312 3429 ablubent,
1354 3366 1561 3435 aliquid
1596 3367 1881 3431 faciamus,
1926 3371 2155 3441 ejusque

2264 3371 2522 3442 πράττειν
2568 3366 3064 3437 καταμελήσωμεν;
3107 3366 3275 3419 Μισεϊ
3314 3363 3422 3435 γὰρ
3469 3365 3650 3448 πᾶσαν
3692 3364 3815 3466 ἀνο-

592 3455 812 3527 diligam
834 3473 884 3512 is
919 3458 1279 3521 intellectum,
1320 3474 1421 3512 nec
1449 3474 1639 3513 eorum
1677 3475 1798 3530 quae
1833 3454 1966 3515 velit
1989 3462 2149 3531 eique

591 3556 810 3615 accepta
839 3548 967 3611 sint,
1000 3548 1313 3616 quidquam.
1331 3557 1590 3627 priestat‘e
1632 3551 1987 3620 negligamus.
2014 3553 2148 3607 Nam

2264 3441 2392 3533 μίαν
2431 3464 2459 3515 6
2492 3460 2581 3535 τὸν
2627 3459 2761 3513 Θεὸν
2789 3456 3139 3527 φοϐούμενος,
3172 3454 3268 3508 καὶ
3305 3455 3497 3525 ἀγαπᾷ
3534 3441 3711 3507 πᾶσαν
3736 3452 3809 3505 δι-

2259 3543 2572 3621 καιοσύνηιν,
2632 3551 2661 3603 6
2708 3548 2808 3618 τὴν
2858 3547 3066 3615 ἀγαθὴν
3100 3544 3536 3611 είσοικισάμενος
3580 3542 3846 3615 σύνεσιν..

591 3636 685 3704 qui
719 3636 873 3689 timet
918 3637 1087 3690 Deum
1109 3677 1123 3700 ,
1155 3652 1374 3690 omnem
1403 3637 1519 3691 odit
1568 3639 1953 3720 iniquitatem;
1990 3641 2153 3719 359

2261 3642 2522 3712 Σημαίνει
2571 3638 2680 3707 γὰρ
2731 3636 2923 3706 ὥσπερ
2973 3635 3064 3686 τὸν
3095 3631 3426 3703 φοϐούμενον
3457 3633 3518 3684 τὸ
3551 3630 3681 3702 πρὸς
3712 3629 3815 3701 τῂν

590 3728 794 3798 quique
831 3729 1172 3783 intellectum
1209 3730 1411 3785 bonum
1452 3732 1635 3786 cordis
1657 3732 1894 3802 hospitio
1912 3735 2149 3802 excepit,

2261 3731 2487 3800 ἀνομίαν
2522 3731 2709 3799 μῖσος·
2739 3726 2911 3788 οὕτως
2934 3724 3026 3778 καὶ
3073 3725 3106 3795 η
3145 3721 3281 3793 πρὸς
3325 3721 3424 3793 τὴν
3469 3721 3817 3792 δικαιοσύνην

589 3832 806 3873 omnem
835 3819 1106 3889 justitiam
1139 3820 1337 3891 diligit.
1382 3822 1849 3888 Quemadmodum
1880 3823 2025 3878 enim
2050 3823 2153 3878 ini-

2261 3822 2472 3890 ἀγάπη,
2504 3817 2805 3887 κατάδηλον
2834 3818 3069 3868 ποιεῖται
3091 3815 3182 3868 τὸν
3205 3813 3441 3868 συνετόν.

588 3911 768 3979 quitas
800 3911 926 3965 odio
949 3911 1133 3965 habita
1155 3953 1168 3974 ,
1223 3914 1341 3982 ejus
1385 3923 1533 3968 certa
1570 3924 1701 3968 nota
1730 3922 1813 3969 est
1870 3915 1962 3985 qui
2002 3916 2195 3970 timore
2231 3913 2494 3986 prazditus
2528 3910 2627 3977 sit;
2656 3908 2736 3965 sic
2765 3916 2823 3964 et
2870 3906 3094 3980 justitize
3122 3921 3295 3973 amor,
3321 3921 3446 3962 eum
3471 3906 3566 3977 qui
3589 3905 3664 3961 sit
3686 3920 3818 3961 vero

590 3997 898 4067 intelligens
928 4015 991 4053 ac
1021 4000 1313 4068 prudentia
1354 4002 1581 4071 fulgeat,
1611 4003 1960 4059 manifestum
1996 4004 2172 4060 facit.‘

657 4083 736 4139 Ne
786 4084 952 4153 igitur
984 4086 1096 4138 sola
1131 4088 1318 4140 vultus
1354 4089 1623 4163 maestitia
1643 4090 1893 4144 timorem
1933 4091 2155 4145 simule-

589 4191 730 4240 mus,
764 4189 942 4245 neque
981 4185 1133 4229 motu
1157 4176 1418 4231 duntaxat
1445 4184 1710 4246 gestuque
1738 4180 1986 4248 corporis
2016 4194 2150 4234 con-

587 4268 791 4339 spicuis
837 4268 1102 4333 moribus,
1156 4268 1416 4338 pietatem
1465 4268 1798 4338 prodamus;
1835 4271 1927 4326 sed
1981 4271 2148 4327 animi

587 4357 785 4414 affectu
827 4357 1121 4427 cordisque
1142 4357 1450 4413 humilitate
1475 4358 1685 4414 crebris
1710 4358 1789 4437 ab
1812 4360 1921 4414 imo
1950 4362 2149 4417 muniti

588 4446 856 4514 suspiriis,
887 4446 1120 4516 vitasque
1145 4455 1406 4501 anteacta:
1429 4446 1752 4501 delictorum
1783 4447 1996 4518 ﬂagello
2019 4463 2149 4502 con-

544 4519 547 4523 .
589 4535 815 4590 scientia
838 4536 1053 4589 vindice
1075 4537 1286 4590 occulte
1309 4537 1634 4604 vapulantis,
1655 4553 1885 4606 eamque
1910 4538 1980 4592 ob
2007 4552 2143 4600 rem,

587 4642 692 4697 qua
729 4628 785 4681 in
828 4643 885 4682 se
931 4627 1107 4695 ipsum
1141 4626 1384 4679 modeste
1419 4627 1782 4691 contrahitur,
1810 4627 2041 4697 aliorum
2072 4628 2145 4680 la-

587 4732 717 4787 psus
739 4726 903 4786 atque
955 4723 1137 4770 errata
1163 4715 1387 4769 omnino
1425 4714 1608 4768 videre
1641 4731 1750 4768 non
1800 4714 2145 4770 sustinentis.

2325 4087 2418 4155 Μὴ
2444 4084 2623 4138 τοίνυν
2655 4084 2953 4155 κατηφείας
2979 4081 3341 4155 ἡθεσιμόνοις
3368 4097 3460 4136 τον
3491 4084 3653 4154 φόϐον
3681 4104 3816 4159 σχη-

2256 4175 2635 4247 ματισώμεθα,
2671 4176 2804 4246 μηδὲ
2855 4174 3034 4245 μέχρι.
3060 4173 3169 4228 τῶν
3214 4175 3552 4243 φαινομένων
3596 4178 3817 4247 τρόπων

2259 4269 2612 4339 ὑπάρχουσαν
2649 4266 2746 4336 τὴν
2778 4255 3062 4320 εὐλάϐειαν
3088 4265 3349 4334 δείξωμεν
3367 4282 3382 4296 ·
3407 4267 3544 4319 ἀλλᾶ
3564 4259 3807 4323 διαθέσει

2248 4357 2447 4426 ψυχῆς,
2474 4358 2568 4409 καὶ
2598 4353 2926 4407 ταπεινώσει
2967 4351 3197 4418 καρδίας
3218 4355 3440 4414 πυκνοῖς
3462 4356 3600 4408 κατὰ
3625 4356 3691 4409 τὸ
3720 4357 3815 4426 βάο

2253 4443 2345 4506 θος
2364 4444 2683 4511 στεναγμοῖς
2707 4440 3220 4510 κατησφαλισμένης
3234 4455 3248 4471 ο
3270 4441 3364 4492 καὶ
3385 4443 3447 4510 τῇ
3468 4441 3697 4511 μάστιγι
3717 4445 3817 4514 τῆς

2253 4533 2360 4586 τῶν
2396 4530 2906 4603 προημαρτημένων
2946 4530 3167 4599 μνήμης
3199 4530 3337 4584 κατά
3367 4530 3464 4602 τὴν
3506 4537 3818 4607 συνείδησιν

2251 4624 2473 4694 ἀφανῶς
2507 4621 2904 4693 πληττομένης,
2931 4623 3025 4675 καὶ
3051 4621 3139 4677 διὰ
3166 4623 3324 4677 τοῦτο
3346 4627 3412 4695 τῇ
3446 4625 3582 4698 πρὸς
3607 4628 3817 4699 ἑαυτὴν

2253 4714 2483 4786 συστολῇ
2528 4713 2598 4767 τὰ
2639 4712 2749 4766 τῶν
2789 4712 2961 4766 ἀλλων
3017 4714 3331 4785 πταίσματα
3368 4720 3648 4781 παντελῶς
3678 4724 3817 4792 ὀρᾷν

585 4808 686 4873 Qui
731 4809 879 4863 enim
908 4808 1021 4863 sola
1070 4805 1255 4861 vultus
1300 4807 1502 4877 specie,
1542 4816 1807 4876 gestuque
1853 4815 1909 4860 et
1955 4806 2144 4861 habitu

2261 4807 2345 4860 ›ὐκ
2367 4804 2723 4875 ἀνεχομένης.
2771 4804 2830 4855 '0
2861 4802 2968 4872 γὰρ
3018 4803 3199 4873 μόνοις
3231 4808 3345 4870 τοῖς
3376 4806 3531 4878 ἤθεσι
3572 4809 3668 4862 τὸν
3712 4811 3811 4864 τοῦ

587 4898 680 4953 Dei
720 4900 985 4972 timorem,
1004 4899 1245 4963 simulat,
1278 4899 1413 4952 nihil
1452 4914 1677 4968 prorsus
1703 4916 1732 4953 a
1759 4898 1915 4953 simia
1940 4899 2145 4964 diﬂ'ert,

587 4987 854 5040 humanos
905 4998 1089 5056 gestus
1138 4996 1432 5057 motusque
1501 4983 1767 5042 imitante.
1822 4988 1946 5043 llaec
1997 4990 2144 5044 enitn

584 5062 1000 5185 quadiupedum
1035 5069 1141 5130 u'na
1183 5080 1451 5141 animans,
1489 5093 1610 5133 cum
1647 5094 1744 5148 per
1784 5088 2033 5135 naturam
2076 5082 2143 5135 ab

588 5165 823 5222 huma‘na
871 5168 1030 5236 longe
1082 5165 1275 5219 dissita
1308 5167 1487 5221 indole
1521 5167 1612 5229 sit,
1640 5177 1824 5237 gestus
1853 5176 2141 5238 motusque

2249 4896 2384 4950 Θεοῦ
2434 4894 2617 4963 φόϐον·
2642 4894 3084 4964 ὑποκρινόμενος,
3122 4896 3276 4950 οὐδὲν
3322 4897 3418 4949 τοῦ
3465 4897 3708 4967 πιθήκου
3756 4902 3818 4953 τὸ

2251 4988 2467 5041 σύνολον
2490 4974 2848 5055 ’διενήνοχενη
2868 4984 3171 5056 ἀνθρώπιον
3214 4987 3318 5057 ἤθη
3345 4986 3684 5056 μιμουμένου
3717 4992 3817 5044 καὶ

2250 5079 2524 5153 σχήματα.
2559 5073 2729 5127 Τοῦτο
2756 5075 2865 5145 γὰρ
2891 5075 2952 5128 τὸ
2978 5076 3113 5141 ζῶον
3144 5078 3201 5130 ὲν
3233 5076 3550 5145 τετράποσι,
3579 5077 3685 5147 τῆς
3715 5082 3816 5133 ἀν-

2247 5165 2527 5236 θρωπίνης
2561 5163 2772 5233 φύσεως
2822 5165 3010 5236 πόρρω
3037 5164 3365 5232 κατὰφύσιν
3396 5164 3706 5236 διεστηκὸς,
3742 5173 3812 5242 τῇ

585 5258 776 5323 templa
817 5254 1214 5325 compositione
1261 5255 1614 5311 cernentibus
1670 5271 1809 5325 pene
1860 5255 2147 5311 hominem

2261 5258 2352 5311 τῶν
2382 5250 2533 5326 ἡϐῶν
2583 5256 2811 5326 μιμήσει
2854 5260 2966 5320 τοῖς
3017 5255 3310 5325 θεωμένοις
3339 5254 3621 5327 ἄνθρωπος
3660 5257 3813 5316 εἶναι

588 5346 804 5415 ingerit,
863 5363 987 5401 cum
1033 5344 1173 5401 nihil
1217 5353 1411 5398 natura
1457 5345 1657 5400 habeat
1697 5348 1841 5417 quod
1877 5363 2007 5403 vere
2043 5349 2146 5401 hu-

2241 5346 2408 5411 δοκεῖ,
2432 5346 2596 5417 μηδὲν
2627 5345 2786 5415 φύσει
2834 5346 3168 5416 κεκτημένος
3197 5344 3540 5416 ἀνθρώπινον
3567 5365 3580 5380 ⁸
3605 5348 3814 5422 ὥσπερ

586 5451 796 5491 manum
845 5438 949 5500 sit;
1000 5437 1079 5491 uti
1116 5437 1304 5499 etiam,
1340 5435 1432 5505 qui
1478 5436 1638 5491 hosce
1674 5455 1800 5493 vere
1834 5438 2143 5509 timentium

2261 5437 2335 5490 ιαί
2367 5436 2394 5486 ὁ
2422 5438 2490 5488 τά
2530 5435 2627 5505 μὲν
2656 5436 2760 5506 ἢθη
2795 5436 2903 5488 τῶν
2943 5434 3159 5502 ἀληθῶς
3185 5433 3533 5504 φοϐουμένων
3560 5438 3651 5491 θεὸν
3688 5441 3812 5493 Κύ-

585 5528 872 5582 Dominum
902 5537 1108 5591 motus
1134 5543 1198 5582 ac
1231 5526 1705 5597 compositionem,
1740 5538 1800 5582 ut
1842 5528 2027 5608 fucum
2062 5520 2145 5583 vi-

586 5619 838 5675 dentibus
883 5618 1068 5681 iacia't.
1120 5618 1251 5675 foris
1284 5618 1558 5694 exprimit,
1614 5633 1715 5673 nec
1760 5620 1871 5689 pari
1915 5620 2021 5674 illis
2054 5635 2142 5674 ra-

603 5772 607 5776 .
657 5799 671 5837 ί
712 5798 849 5852 Psal.
888 5816 971 5862 cx,
1010 5800 1092 5854 i0.
1130 5832 1133 5835 ν

2243 5544 2357 5597 ριον
2372 5525 2502 5596 πρὸς
2524 5526 2621 5598 τὴν
2641 5526 2747 5579 τῶν
2767 5525 3249 5603 ὀρώντωνςάπάτην
3267 5526 3431 5595 μιμού
3440 5535 3611 5597 μενοςζ
3626 5529 3738 5601 τὴν
3751 5532 3811 5585 δὲ

2239 5618 2335 5685 τῆς
2369 5616 2588 5688 γνώμης
2620 5616 2858 5684 διάθεσιν
2891 5616 2990 5669 οὐκ
3015 5614 3151 5685 ἔχων
3176 5610 3315 5670 κατὰ
3342 5617 3401 5671 τὸ
3428 5617 3538 5672 ἴσον
3565 5620 3813 5685 ἐκείνοις
