3958 6338
162 462 254 529 601

1571 468 1966 533 EPISTOLE.

3259 483 3363 545 602

166 581 234 648 τῷ
258 577 387 646 θείῳ
418 574 572 645 φόϐῳ
599 570 1000 642 πεποιωμένην,
1037 571 1393 634 Σαδδουκαῖός
1421 588 1505 634 τις
1532 572 1718 642 ἔτερος

1825 579 1971 637 tione
2011 583 2196 638 divino
2254 586 2442 647 timore
2509 586 2674 640 animi
2724 572 2919 642 all'cctu
2976 589 3216 645 imbutus
3265 601 3366 654 est,

166 667 612 739 ἢΓραμματεὺς,
669 663 760 716 καὶ
806 661 901 726 ὢν,
952 662 1044 714 καὶ
1092 661 1452 730 καλούμενος·
1501 663 1560 714 τὸ
1626 663 1721 731 μὲν

168 761 345 829 σχῆμα
399 756 593 818 σώζων
630 754 731 823 τῆς
763 751 1050 814 εὐλαϐείας
1101 752 1218 821 μετ’
1258 753 1594 821 εὐπρεπείας
1623 753 1722 822 τῆς

168 849 353 915 ἔξωθεν
411 846 697 908 παντελῶς
743 845 799 897 δὲ
841 843 933 897 τοῦ
967 843 1288 914 πράγματος
1321 842 1407 896 διὰ
1454 842 1552 913 τὴν
1587 843 1724 897 ἀκά-

167 942 352 1012 θαρτον
392 943 452 992 έν
483 938 564 1008 τῷ
615 936 767 1008 βάθει
800 953 902 988 που
937 934 1195 1006 κειμένην
1224 934 1320 1004 τῆς
1357 935 1536 1006 ψυχῆς
1585 936 1724 1004 πρὸς

175 1033 226 1086 τὰ
257 1032 403 1098 πάθη
435 1030 620 1099 φιλίαν
648 1027 1088 1096 ἀπολειπόμενος.

230 1212 375 1280 Μηδὲ
427 1209 596 1264 πάλιν
650 1209 785 1281 μόνῃ
835 1206 1081 1290 προφορᾷ
1109 1205 1280 1272 λόγων
1336 1203 1470 1272 πρὸς
1531 1201 1720 1264 κάλλος

170 1303 550 1371 ἀπεξεσμένων
582 1301 677 1369 τὴν
707 1299 858 1351 θείαν
893 1297 1094 1364 γνῶσιν
1129 1293 1551 1364 ἐπιδειξὼμεθα·
1587 1292 1720 1363 μηδὲ

177 1397 317 1465 μέχρι
364 1392 534 1463 ψιλοῦ
585 1390 678 1443 τοῦ
732 1388 990 1444 δύνασθαι
1047 1387 1205 1456 μόνον
1256 1386 1433 1438 λαλεῖν
1466 1385 1586 1454 δίχα
1629 1383 1722 1436 τοῦ
1762 1411 1776 1436 ,-

181 1487 445 1552 πράττειν,
508 1477 645 1533 εἶναι
702 1479 808 1548 τὴν
845 1475 1060 1546 ἀγαθὴν
1113 1473 1422 1544 ὁρισώμεθα
1479 1472 1720 1525 σύνεσιν·

185 1576 291 1627 ἀλλὰ
316 1574 568 1626 διαθέσει
595 1569 770 1639 ψυχῆς
804 1567 943 1621 κατὰ
975 1565 1073 1634 τὴν
1121 1564 1318 1634 πρᾶξιν
1353 1566 1471 1626 ταῖς
1503 1564 1725 1633 ἀρεταῖς

184 1663 515 1730 ποιωθείσης,
541 1663 634 1713 καὶ
657 1659 743 1711 διὰ
763 1657 918 1711 τοῦτο
942 1655 1135 1726 πράξει
1161 1656 1256 1725 μὲν
1278 1654 1338 1706 τὸ
1365 1655 1564 1722 φέγγος
1583 1653 1722 1722 λαμ-

180 1752 476 1821 πρυνούσης
500 1751 598 1819 τῆς
628 1749 880 1818 γνώσεως
901 1763 914 1776 ·
951 1747 1148 1815 γνώσει
1174 1731 1232 1797 δὲ
1281 1745 1373 1799 τὸν
1418 1747 1566 1798 τόνον
1599 1761 1721 1813 φαιο

174 1844 464 1913 δρυνούσης
504 1843 603 1911 τῆς
657 1840 940 1911 πράξεως·
970 1839 1056 1891 ἵνα
1099 1838 1178 1907 τῷ
1215 1838 1353 1891 κατὰ
1380 1837 1478 1906 τὴν
1512 1825 1721 1905 ἀγαθὴν

173 1935 374 1988 σύνεσιν
409 1933 564 2003 πόθῳ
603 1932 698 1985 τοῦ
729 1929 862 1984 Θεοῦ
908 1928 1176 1982 συνελθὼν
1204 1928 1290 1981 διὰ
1319 1928 1424 1981 τῶν
1458 1927 1719 1996 πραγμά-

169 2043 266 2079 των
295 2029 323 2080 ὀ
354 2027 544 2094 φόϐος,
590 2023 802 2077 τελείαν
856 2023 986 2092 ἡμῖν
1036 2020 1134 2090 τὴν
1182 2020 1332 2073 θείαν
1385 2019 1722 2090 ἐργάσωνται
1763 2057 1766 2062 .

171 2120 383 2187 σοφίαν·
416 2120 475 2170 ὲν
507 2116 604 2187 μὲν
634 2118 698 2186 τῇ
732 2115 870 2167 κατὰ
905 2113 993 2166 τὸν
1022 2113 1165 2166 θεῖον
1205 2111 1366 2179 φόϐον
1407 2112 1580 2180 ἀποχῇ
1614 2109 1730 2196 τῶνι

169 2210 352 2262 κακῶν
404 2207 734 2279 ἀρχομένην,
775 2207 831 2256 ὲν
879 2203 934 2256 δὲ
975 2204 1040 2273 τῇ
1090 2201 1284 2271 πράξει
1341 2200 1449 2252 τῶν
1498 2197 1723 2250 ἐντολῶν

167 2289 306 2352 κατὰ
339 2297 447 2364 τὴν
488 2295 694 2363 ἀγαθὴν
736 2293 950 2344 σύνεσιν
985 2289 1390 2358 τελειουμένην.
1434 2288 1491 2364 Ὀ
1529 2287 1636 2354 γὰρ
1666 2287 1722 2336 ἐν

171 2389 300 2458 μόνῃ
353 2387 483 2455 ψιλῇ
519 2387 580 2453 τῇ
627 2382 876 2451 προφορᾷ
925 2377 1032 2430 τῶν
1067 2376 1223 2429 θείων
1264 2375 1437 2441 λόγων
1465 2369 1724 2441 εἶναιτὴν

171 2478 381 2532 σύνεσιν
430 2474 817 2543 διοριζόμενος,
851 2470 994 2522 ἔοικε
1039 2465 1304 2536 ψιττακῷ,
1350 2466 1475 2527 τοὺς
1521 2463 1718 2531 ἀνθρω-

173 2558 350 2630 πίνους
385 2562 813 2635 μιμηλευομένῳ
851 2561 1059 2625 λόγους.
1102 2557 1270 2610 Τοῦτο
1315 2556 1421 2625 γὰρ
1479 2554 1725 2622 μονώτα-

173 2680 256 2716 τον
283 2663 340 2714 τὸ
373 2660 514 2723 ζῶον
544 2660 600 2708 ὲν
633 2657 742 2715 τοῖς
781 2654 1022 2720 πτηνοῖς,
1073 2651 1197 2711 τοὺς
1229 2648 1599 2716 ἀνθρωπίνους
1647 2646 1725 2698 δι-

181 2753 500 2821 δασκόμενον
542 2747 894 2816 ὑποκρίνεται
919 2745 1131 2811 λόγους,
1173 2742 1338 2810 μηδὲν
1361 2741 1499 2809 ἔχων
1522 2756 1720 2790 παντε-

184 2840 279 2904 λῶς
307 2843 441 2894 κατὰ
468 2841 570 2910 τὴν
601 2838 759 2906 φύσιν
795 2833 1164 2906 ἀνθρώπινον·
1199 2831 1389 2902 ῶσπερ
1441 2831 1533 2883 καὶ
1565 2832 1592 2882 ὁ
1625 2829 1722 2898 μέο

149 2951 265 3004 ’κρι
292 2936 455 3003 μόνης
491 2932 590 3000 τῆς
615 2929 773 2998 ψιλῆς
803 2927 1101 2998 προφορᾶς,
1139 2925 1266 2986 τοὺς
1313 2924 1409 2993 μὲν
1439 2922 1546 2974 τῶν
1591 2921 1722 2990 ἁλη-

179 3024 276 3085 θῶς
300 3021 538 3075 συνετῶν
568 3021 758 3086 λόγους
788 3019 924 3087 πρὸς
950 3019 1048 3087 τὴν
1082 3018 1190 3070 τῶν
1225 3017 1527 3070 ἀκουόντων
1559 3015 1726 3068 κατά-

173 3117 354 3184 πληξιν
383 3106 840 3184 μιμηλευόμενος,
875 3109 972 3178 τὴν
1001 3109 1056 3160 δὲ
1085 3110 1182 3177 τῆς
1208 3107 1464 3174 γνώσεως
1493 3106 1606 3170 ἓξιν
1628 3107 1726 3158 οὐκ

171 3205 300 3273 ἔχων
344 3207 410 3274 τῇ
459 3199 658 3272 πράξει
707 3197 814 3250 τῶν
857 3197 1067 3267 ἀρετῶν
1121 3197 1522 3265 πεποιωμένην,
1561 3198 1725 3263 Φαρι-

171 3297 310 3358 σαῖός
335 3312 422 3356 τις
452 3293 608 3354 ἄλλος
637 3290 711 3353 ὡς
737 3288 969 3360 ἀληθῶς,
1004 3286 1037 3357 ἢ
1079 3287 1274 3355 ψεκτὸς
1321 3288 1496 3356 ἱερεὺς
1528 3287 1620 3338 καὶ
1648 3285 1722 3337 ῶν

167 3389 258 3440 καὶ
293 3384 663 3459 καλούμενος·
691 3381 789 3451 τὴν
824 3381 920 3450 μὲν
952 3380 1164 3433 σύνεσιν
1195 3381 1258 3448 τῇ
1292 3379 1538 3446 προφορᾷ
1589 3377 1722 3446 μόνῃ

167 3477 266 3530 τῶν
306 3476 486 3542 λόγων
539 3472 990 3541 ὑποκρινόμενος·
1024 3471 1194 3538 αὐτῆς
1225 3470 1282 3522 δὲ
1321 3469 1420 3538 τῆς
1458 3468 1623 3530 ὅντως
1666 3469 1722 3523 ὲν

167 3572 270 3630 τοῖς
296 3567 487 3638 ἔργοις
516 3562 746 3632 ἐχούσης
771 3562 829 3613 τὸ
857 3557 998 3628 εἶναι
1036 3561 1228 3628 σοφίας
1276 3559 1556 3622 παντελῶς
1587 3562 1722 3612 ἀπο-

169 3658 513 3728 λειπόμενος·
547 3654 640 3706 καὶ
659 3653 744 3706 διὰ
770 3652 927 3704 τοῦτο
960 3652 1099 3720 μέγα
1131 3651 1332 3717 φυσῶν,
1369 3651 1460 3703 καὶ
1494 3653 1558 3720 τῇ
1591 3651 1717 3716 ἀλα-

168 3750 340 3821 ζονείᾳ.
372 3748 474 3819 τῆς
503 3743 914 3816 ὑποτρεφούσης
940 3741 1106 3796 αὑτοῦ
1140 3743 1238 3809 τὴν
1263 3742 1408 3795 κατὰ
1437 3741 1563 3793 νοῦν
1593 3743 1724 3794 ὑπε-

173 3841 435 3910 ρηφανίαν
451 3839 695 3907 οίήσεως,
715 3833 856 3888 κατὰ
875 3832 968 3887 τοῦ
992 3833 1152 3900 λόγου
1173 3833 1275 3901 τῆς
1295 3832 1554 3904 ἀληθείας
1582 3833 1725 3885 ἱστά-

174 3945 318 3996 μενος
339 3943 352 3956 ·
385 3929 490 3979 οὐκ
524 3925 699 3988 εἰδὼς,
730 3925 802 3986 ὼς
839 3915 1035 3987 ἔοιίιεν,
1061 3925 1142 3976 ὅτι
1166 3923 1438 3991 δαιμόνων
1475 3921 1722 3989 θεολογία

157 4005 468 4088 προδήλως,
495 4018 528 4084 ἠ
550 4014 656 4067 τῶν
687 4014 772 4066 ἐπ’
798 4013 931 4082 αύτῇ
962 4013 1048 4064 διὰ
1078 4012 1382 4080 φιλοδοξίαν
1431 4011 1572 4081 μέγα
1621 4028 1722 4078 φυ·-

178 4109 376 4162 σώντων
430 4105 736 4174 καθέστηκε
779 4103 902 4171 δίχα
955 4101 1208 4172 πράξεως
1270 4101 1496 4168 γνῶσις·
1546 4103 1721 4153 ἐπιτι-

177 4200 349 4269 μῶντα
398 4197 696 4269 διαρρήδην
739 4194 946 4262 Ἰησοῦν
1000 4193 1219 4262 ἔχουσα,
1247 4192 1335 4244 τὸν
1361 4193 1518 4261 δῆθεν
1545 4192 1724 4246 θεολο-

172 4291 452 4360 γούμενον,
483 4285 585 4340 κᾶν
609 4286 638 4338 ό
665 4283 905 4346 τοιοῦτος
936 4281 1013 4353 τῷ
1044 4281 1201 4335 πάθει
1227 4282 1596 4353 κρατούμενος
1624 4284 1723 4335 ούκ

174 4379 491 4433 αἰσθάνεται.

191 4483 196 4486 ’
240 4470 331 4522 Διά
368 4480 453 4520 τοι
492 4467 652 4520 τοῦτο
705 4467 854 4535 φόϐῳ
911 4464 1237 4536 φοϐηθῶμεν
1262 4468 1422 4536 ἡμεῖς
1449 4467 1537 4542 τὸν
1563 4466 1716 4529 Θεὸν,

1824 671 2150 727 Sadducaeus
2178 675 2448 743 quispiam
2497 687 2591 730 aut
2636 677 2824 732 Scriba
2859 680 3091 742 exsistit,
3141 696 3202 735 ac
3239 697 3373 736 vero

1823 750 1976 813 audit
2012 777 2024 813 :
2060 761 2150 830 qui
2191 763 2425 830 speciem
2469 765 2688 832 quidem
2735 767 3011 820 modestia:
3055 783 3117 822 ac
3154 770 3373 838 pietatis

1823 864 1946 902 cum
2008 859 2234 904 externo
2291 851 2487 906 decore
2519 868 2598 923 ac
2653 855 2936 924 majestate
2999 857 3258 919 .retineat,
3312 873 3373 912 re

1791 945 2004 994 'autem
2058 942 2171 1010 ipsa
2213 956 2276 995 ac
2313 943 2540 1004 veritate
2588 944 2660 996 ob
2691 944 3106 1012 impurum'imo
3153 957 3372 1014 pectore

1823 1033 2120 1086 haerentem
2173 1032 2430 1086 vitiorum
2492 1033 2611 1088 labe
2659 1051 2898 1089 amorem
2953 1051 3017 1089 ac
3065 1037 3370 1102 libidinem,

1823 1135 2044 1208 prorsus
2096 1131 2295 1175 careat.
2350 1172 2351 1175 η

1892 1211 1959 1264 At
2005 1226 2183 1280 neque
2232 1227 2441 1275 rursus,
2499 1213 2684 1268 verbis
2716 1213 2979 1268 duntaxat
3019 1215 3085 1268 ad
3119 1223 3375 1270 ornatum

1823 1301 2160 1369 compositis,
2195 1311 2518 1372 comptoque
2547 1303 2764 1371 eloquio
2814 1304 3050 1357 divinam
3093 1305 3372 1359 scientiam

1823 1396 2190 1455 ostententus;
2231 1405 2408 1459 neque
2444 1407 2572 1445 vero
2623 1391 2824 1445 bonum
2866 1393 3131 1447 hactenus
3167 1394 3377 1448 intelle-

1825 1489 1992 1543 ctum,
2051 1489 2111 1532 ut
2174 1481 2319 1534 nude
2385 1482 2561 1535 solum
2614 1482 2777 1550 loqui.
2816 1483 2996 1547 liceat,
3062 1499 3170 1536 non
3218 1484 3388 1543 nobis,

1825 1581 2022 1640 prmsto
2070 1571 2139 1625 sit
2186 1587 2365 1641 agere.
2415 1571 2768 1637 deﬂniamus;
2823 1574 2917 1626 sed
2965 1573 3159 1628 atl‘eetu
3208 1561 3402 1628 animi
3441 1629 3445 1639 ι

1824 1676 1922 1730 per
1964 1662 2233 1715 actionem
2266 1663 2563 1717 virtut-ibus
2609 1663 2802 1718 imbuti
2842 1681 2855 1716 :
2891 1664 3092 1734 quique
3137 1666 3273 1720 adeo
3322 1674 3379 1720 et

1826 1753 2059 1816 actione,
2093 1753 2332 1808 scientiae
2355 1754 2517 1824 jubar
2550 1754 2806 1817 illustret,
2840 1763 2893 1809 et
2932 1757 3157 1816 scientia
3204 1758 3378 1812 actio-

1826 1839 1913 1917 nis
1936 1851 2178 1895 tenorem
2208 1843 2508 1904 exhilaret;
2536 1858 2645 1909 quo
2669 1842 2898 1907 scilicet,
2928 1844 3201 1898 intellectu
3235 1847 3377 1899 bono
3446 1886 3451 1891 .

1823 1929 2044 1992 comite,
2099 1945 2204 1982 una
2251 1945 2373 1983 cum
2410 1931 2505 1984 Dei
2554 1947 2737 1984 amore
2769 1941 3128 1986 concurrente
3161 1935 3375 1999 tim'ore,

1823 2019 2064 2088 perfecta
2101 2020 2258 2075 nobis
2303 2021 2485 2075 divina
2535 2022 2799 2090 sapientia
2846 2034 3212 2078 concrescat:
3264 2025 3377 2094 ipsa

1823 2109 2064 2178 quidem,
2119 2101 2387 2164 malorum
2445 2111 2774 2165 abstinentia
2829 2127 2895 2165 ex
2935 2113 3143 2168 .timore
3189 2114 3377 2168 divino

1823 2197 2138 2269 auspicata;
2196 2207 2253 2252 at
2287 2215 2407 2268 qua:
2439 2200 2668 2254 actionis
2717 2202 2864 2255 cultu
2913 2202 3186 2270 implendo
3221 2219 3376 2258 man-

1779 2339 1782 2343 .
1823 2291 1947 2344 data
1993 2306 2089 2364 per
2127 2292 2463 2346 intellectum
2512 2293 2737 2357 bonum,
2785 2294 3182 2350 absolutionem
3232 2296 3377 2350 obti-

1822 2392 1972 2435 neat.
2015 2381 2118 2446 Qui
2165 2382 2310 2435 enim
2365 2371 2421 2436 in
2459 2383 2656 2438 divinis
2686 2386 2862 2438 solum
2909 2387 3251 2441 sermonibus
3283 2402 3401 2442 ονο-

1823 2469 1968 2523 unde
2011 2470 2242 2537 prolatis
2283 2471 2490 2524 versari
2527 2470 2865 2525 intellectum
2909 2473 3117 2534 statuit,
3149 2473 3376 2540 psittaco

1823 2560 2186 2613 humanarum
2241 2575 2436 2614 vocum
2482 2561 2677 2613 :emulo
2727 2560 2922 2614 similis
2981 2563 3211 2615 exsistit.
3266 2545 3378 2618 Una

1822 2649 1982 2719 350
2032 2651 2178 2703 enim
2228 2650 2343 2704 lure
2391 2650 2820 2718 singularissima
2863 2651 3066 2713 avium,
3114 2652 3380 2712 humanas

1822 2739 2012 2792 edocta
2061 2738 2281 2792 simulat
2325 2754 2390 2791 ac
2440 2737 2617 2792 reddit
2663 2754 2844 2801 voces,
2887 2755 3008 2792 cum
3050 2740 3189 2794 nihil
3217 2756 3379 2809 pror-

1823 2846 1916 2885 sus
1966 2839 2166 2885 natura
2201 2813 2496 2884 humanum
2550 2831 2774 2895 habeat;
2834 2833 2915 2886 uti
2968 2834 3133 2888 etiam
3167 2835 3258 2902 qui
3312 2834 3412 2889 ad,

1822 2923 1993 2974 solam
2027 2937 2200 2990 usque
2253 2922 2566 2990 nudamque
2620 2922 3005 2991 prolationem,
3040 2940 3228 2978 eorum
3286 2925 3382 2994 qui

1823 3026 1950 3063 vere
1986 3010 2266 3064 intellectu
2313 3010 2538 3079 pollent,
2575 3011 2643 3064 ad
2684 3014 3134 3067 consciscendum
3163 3012 3381 3068 audito-

1826 3101 1980 3153 ribus
2028 3108 2327 3167 stuporem,
2381 3115 2662 3154 sermones
2732 3093 3022 3168 imitatur,
3075 3119 3198 3155 cum
3255 3119 3380 3156 eum

1752 3230 1795 3290 ϐ
1827 3192 2070 3246 ευίοηιὶξε
2109 3192 2348 3261 habitus,
2404 3192 2671 3245 virtutum
2724 3193 2938 3246 actione
2984 3193 3246 3256 imbutus,
3282 3194 3380 3246 de-

1827 3285 2007 3348 ﬁciat;
2057 3285 2195 3338 alter
2245 3286 2431 3338 revera
2465 3284 2786 3352 pharisaeus,
2841 3296 2935 3339 aut
2979 3283 3270 3336 illaudatus
3296 3300 3379 3338 sa-

1824 3376 2038 3438 cerdos,
2069 3383 2182 3427 tum
2205 3374 2437 3436 exsistit,
2471 3382 2583 3426 tum
2613 3382 2668 3426 et
2693 3373 2875 3436 audit;
2903 3373 2996 3441 qui
3039 3389 3232 3441 nempe
3265 3375 3378 3427 sola

1823 3467 2114 3521 verborum
2138 3465 2441 3533 prolatione
2464 3464 2801 3518 intellectum
2829 3465 3079 3530 simulet;
3109 3464 3221 3534 ipsa
3251 3480 3380 3519 vero

1826 3559 1881 3612 in
1919 3550 2083 3612 rebus
2128 3573 2255 3612 vere
2307 3557 2485 3627 posita
2535 3556 2804 3626 sapientia
2867 3573 3095 3626 prorsus
3147 3565 3376 3612 careat:

1823 3664 2053 3717 eamque
2096 3649 2167 3702 ob
2219 3665 2333 3703 rem
2381 3649 2552 3703 altum
2605 3648 2795 3717 sapiat,
2832 3647 3084 3715 fastuque
3114 3647 3379 3701 dementis

1819 3741 2112 3810 iactantiae,
2170 3740 2482 3808 superbiam
2535 3741 2653 3810 ejus
2701 3739 2881 3792 animo
2934 3738 3164 3792 occultis
3201 3740 3379 3792 alente

1825 3832 2151 3900 augmentis,
2183 3830 2445 3885 adversus
2471 3845 2776 3884 sermonem
2808 3828 3053 3882 veritatis
3084 3828 3375 3891 consistat;

1823 3936 1984 3988 quem
2029 3920 2304 3982 videlicet,
2351 3930 2411 3974 ut
2450 3935 2547 3987 par
2573 3929 2673 3980 est,
2705 3919 3010 3970 daemonum
3055 3917 3376 3985 theologiam

1821 4025 1943 4063 esse
1995 4010 2179 4073 lateat,
2226 4009 2439 4062 actione
2493 4015 2769 4060 carentem
2825 4023 3015 4061 eorum
3070 4009 3376 4073 scientiam,

1823 4101 1917 4171 qui
1967 4100 2143 4154 inanis
2187 4099 2372 4168 gloriae
2409 4097 2548 4151 fastu
2599 4098 2689 4151 illa
2737 4106 2967 4163 tument,
3021 4099 3233 4169 sibique
3264 4101 3374 4168 ipsa

1822 4193 2038 4262 placent
2072 4209 2085 4244 :
2120 4207 2281 4260 quam
2333 4191 2590 4244 nimirum
2641 4196 2826 4260 aperte
2859 4190 3014 4244 Jesus
3060 4191 3302 4259 increpet
3329 4190 3373 4253 i,

1823 4292 1945 4338 eum
1995 4298 2091 4351 per
2125 4298 2245 4336 eam
2275 4284 2394 4352 ejus
2420 4283 2743 4350 praedicetur
2783 4284 2985 4344 deitas;
3026 4283 3235 4334 tametsi
3267 4297 3371 4335 non

1823 4375 2087 4444 percipiat
2130 4389 2368 4438 sensum,
2409 4374 2501 4441 qui
2541 4389 2606 4425 eo
2652 4374 2843 4440 morbo
2887 4372 3121 4425 laborat.

1886 4465 2100 4518 Idcirco
2145 4479 2242 4516 nos
2288 4465 2456 4517 Deum
2509 4465 2619 4515 lilll:
2649 4480 2699 4508 νει
2745 4464 3052 4527 timeamus,
3095 4473 3254 4534 atque
3304 4465 3372 4518 ab

173 4559 262 4609 καὶ
297 4557 494 4619 παντὸς
542 4556 713 4625 ῥύπου
746 4556 948 4625 σαρκὸς
1009 4557 1104 4609 καὶ
1143 4555 1453 4626 πνεύματος
1495 4557 1716 4620 ἑαυτοὺς

1820 4556 1967 4611 οιηηί
1995 4548 2176 4608 Carnis
2203 4569 2266 4608 ac
2291 4553 2512 4622 spiritus
2540 4571 2614 4604 l:'.~
2646 4555 2743 4605 .qu
2781 4553 2999 4607 liberari
3028 4565 3368 4623 satagamns;

167 4639 642 4714 ἐλευθερὼσωμεν,
689 4642 762 4714 μὴ
825 4646 1248 4715 συγχωροῦντες,
1298 4645 1388 4699 τὸν
1423 4647 1719 4717 νόμοντῆς

169 4735 362 4804 σαρκὺς
386 4734 476 4786 διὰ
499 4734 600 4802 τῆς
630 4735 1028 4803 ἐπαινουμένης
1056 4735 1163 4787 τῶν
1198 4720 1375 4805 μελῶν
1399 4737 1717 4807 νεκρώσεως

165 4823 533 4894 ἐπαναστῆναι
558 4823 634 4894 τῷ
664 4823 948 4894 νόμῳτοῦ-
981 4825 1288 4895 πνεύματος
1311 4845 1322 4856 ·
1360 4829 1492 4898 μηδὲ
1535 4829 1716 4898 μόνοις

165 4916 279 4976 τοῖς
314 4915 433 4967 κατ’
475 4911 609 4986 ἦθος
643 4913 987 4983 φαινομένοις
1023 4915 1245 4983 τρόποις
1288 4917 1716 4986 περιγράψωμεν

166 5002 258 5057 τοῦ
287 5004 433 5058 θείου
475 5005 640 5074 φὸὃου
682 5010 780 5076 τὴν
805 5005 1308 5075 μεγαλοπρέπειαν·
1345 5007 1482 5059 ἀλλὰ
1509 5008 1605 5076 τῆς
1636 5010 1716 5060 ἐν·

166 5092 256 5155 τος
310 5096 450 5146 κατὰ
495 5096 671 5166 ψυχὴν
701 5097 874 5164 καλῆς
902 5096 1193 5159 διαθέσεως
1235 5098 1450 5168 κήρυκα
1482 5099 1716 5167 ποιησὼ-

171 5181 310 5250 μεθα
345 5184 440 5252 τὴν
489 5186 617 5253 περὶ
651 5187 710 5238 τὸ
753 5183 883 5256 ἦθος
920 5186 1279 5257 καταστολὴν,
1319 5187 1416 5242 ,ἵνα
1461 5188 1718 5257 φύγωμεν

169 5270 264 5341 τὴν
294 5272 590 5341 μέλλουσαν
615 5275 708 5327 τοῦ
740 5278 907 5347 πυρὸς
945 5279 1181 5346 ἀπειλήν
1208 5272 1235 5309 ·’
1256 5281 1347 5346 καὶ
1376 5278 1474 5350 τὴν
1507 5281 1718 5333 σύνεσιν
1766 5282 1771 5286 ’

169 5360 270 5427 τὴν
315 5363 522 5433 ἀγαθὴν
563 5367 630 5434 τῇ
660 5367 857 5434 πράξει
887 5370 994 5421 τῶν
1034 5369 1264 5422 ἐντολῶν
1291 5360 1719 5442 κατακοσμήσω-

173 5466 293 5518 μεν,
345 5453 431 5506 ῖνα
470 5454 545 5526 μὴ
595 5457 843 5525 νεκροὺς,
879 5454 964 5521 ῶς¹
1003 5462 1285 5528 κενόδοξοι,
1336 5463 1718 5533 περιφέρωμεν

169 5538 375 5608 λόγους,
411 5548 504 5598 καὶ
533 5543 632 5614 τῆς
661 5548 804 5599 κατὰ
827 5547 928 5618 τὴν
959 5551 1158 5620 πρᾶξιν
1179 5554 1285 5605 τῶν
1311 5555 1539 5607 ἐντολῶν
1568 5557 1715 5608 ἐστε-

177 5631 436 5699 ρημένους
467 5636 637 5706 ζωῆς·
665 5637 776 5690 ἀλλ’
800 5639 1148 5707 ὲμπράκτους
1175 5643 1299 5706 τοὺς
1332 5644 1506 5708 θείους
1528 5643 1717 5713 λόγους

195 5798 200 5801 ’
248 5809 263 5851 l
304 5801 426 5871 an,
455 5824 523 5874 ιγ,
552 5811 620 5864 35

1822 4663 1934 4702 non
1979 4646 2221 4700 sinentes
2280 4634 2379 4714 per
2419 4645 2749 4698 laudabilem
2805 4645 3171 4698 membrorum
3224 4661 3368 4697 mor-

1822 4739 2195 4804 tiﬁcationem,
2240 4747 2301 4790 ut
2334 4739 2422 4791 lex
2475 4737 2678 4798 carnis,
2735 4737 2997 4790 adversus
3043 4735 3264 4802 spiritus
3297 4735 3367 4788 lc-

1821 4847 1937 4900 gem
1983 4831 2240 4892 rebellet;
2299 4843 2476 4894 neque
2525 4828 2591 4879 iis
2644 4826 2890 4878 moribus
2925 4827 3018 4892 qui
3049 4826 3165 4877 solo
3216 4838 3367 4893 gestu

1819 4929 2078 4986 motuque
2136 4919 2384 4985 corporis
2433 4925 2525 4996 aut
2574 4917 2756 4970 vultus
2814 4917 3206 4984 compositione
3251 4921 3366 4972 clu-

1813 5017 2058 5073 cescunt,
2099 5007 2267 5061 divini
2300 5007 2512 5062 timoris
2536 5008 2988 5076 magniﬁcentiam
3023 5010 3366 5065 circumscri-

1814 5100 2036 5163 bamus;
2094 5082 2187 5152 sed
2232 5099 2387 5152 bonae
2410 5099 2556 5153 intus
2581 5101 2764 5153 animo
2803 5101 3177 5169 dispositionis
3207 5112 3366 5172 atque

1815 5183 2038 5246 allectus
2086 5205 2408 5258 prmconem,
2455 5201 2738 5247 externam
2781 5209 2991 5246 morum
3020 5192 3364 5261 compositiu-

1813 5296 1936 5333 nem
1991 5295 2053 5332 ac
2104 5279 2444 5346 modestiam,
2479 5282 2758 5346 faciamus,
2797 5298 2905 5351 quo
2935 5282 3167 5334 futuram
3203 5282 3365 5350 ignis,

1813 5370 1923 5425 Deo
1965 5371 2161 5434 ultore,
2205 5385 2419 5438 pmnam
2467 5373 2753 5440 evitemus,
2808 5373 3117 5439 bonumque
3152 5372 3362 5428 intelle-

1781 5468 1956 5515 ‘ctum
1987 5461 2203 5515 actione
2232 5464 2483 5516 m‘andata
2512 5464 2817 5532 complente.
2860 5463 3237 5527 honcstemus;
3273 5479 3362 5528 ne,

1813 5553 1964 5607 velut
2011 5553 2068 5616 ii,
2116 5557 2208 5623 qui
2239 5555 2588 5634 inani'ploria
2617 5555 2887 5615 laborant,
2914 5568 3190 5607 sermones
3214 5569 3361 5608 mor-

1815 5652 1957 5713 tuos,
2004 5659 2175 5714 eaque
2224 5654 2472 5701 carentes
2510 5645 2639 5708 vita,
2661 5660 2848 5712 _quam
2897 5644 3162 5698 mandatis
3190 5660 3361 5726 gnava
