3958 6338
181 396 278 464 6ίῆ

1575 403 1972 478 EPISTOL/E.

3276 403 3388 466 608

177 509 230 568 In
274 520 510 583 utroque
544 523 817 580 versatur,
860 515 1100 584 seipsum
1145 513 1530 579 conservavit;
1574 515 1721 571 clare
1757 519 2004 582 omnino,
2041 518 2359 587 ostendens,
2390 519 2594 591 quibus
2657 533 2843 576 veram
2887 533 3011 574 cum
3049 517 3164 573 Deo
3196 516 3388 571 simili-

181 601 420 658 tudinem
471 603 706 672 adeptus
752 614 857 669 est,
932 603 1092 673 352
1145 603 1316 656 Deum
1365 602 1450 656 sui
1499 602 1620 657 vice
1672 605 2038 660 sacerdotium
2114 607 2170 660 in
2225 617 2372 662 terra
2439 608 2724 662 ordinasse
2802 621 2866 661 ac
2917 605 3287 667 constituisse,
3330 607 3386 658 in

176 677 281 767 .u’o
321 693 684 761 corporaliter
723 693 840 763 ipse
907 707 1123 761 semper
1183 698 1526 756 cerneretur,
1571 693 1798 764 ejusque
1838 695 2095 766 mysteria
2140 696 2451 751 valentibus
2508 695 2714 751 intueri
2765 711 3044 766 nunquam
3093 696 3389 765 conspicua

179 795 292 837 esse
337 779 676 855 desinerent.

243 873 345 927 Διά
397 853 564 925 τοῦτο
599 871 847 934 θεοειδῶς
898 869 975 941 τῷ
1017 871 1162 942 λόγῳ
1213 871 1347 940 μετὰ
1380 871 1486 925 τῶν
1517 872 1730 940 τρόπων

1869 872 2106 927 'ldcirco
2148 873 2291 935 amni
2325 875 2438 929 Deo
2489 874 2720 937 ratione,
2764 889 3108 946 sermoneae
3139 874 3387 934 doctrina

181 963 475 1034 φερόμενος
521 964 551 1016 ό
593 962 725 1032 ἐμὸς
771 961 1056 1030 δεσπότης,
1107 961 1306 1031 πολλήν
1342 977 1434 1032 μοι
1461 961 1731 1031 σωτηρίαν

181 1052 579 1122 ινετεκτήνατο.
599 1053 685 1114 Ὠς
711 1053 819 1122 γὰρ
843 1051 966 1116 τοὺς
991 1050 1306 1122 ἀνθρώπους
1332 1051 1734 1120 καταλλαγῆναι

181 1140 251 1213 τῷ
273 1142 396 1212 θεῷ
443 1142 536 1195 καὶ
565 1142 738 1216 Πατρὶ
784 1141 859 1204 ὡς
891 1141 1248 1202 πταισθέντας
1288 1140 1488 1210 μᾶλλον
1514 1141 1547 1210 ἢ
1575 1139 1733 1193 πταί-

186 1247 374 1293 σαντας
398 1233 426 1283 ὁ
446 1230 649 1301 Κύριος
678 1230 1039 1302 παρεκάλεσε,
1070 1229 1248 1292 καθὼς
1275 1231 1540 1299 μαρτυρεῖ
1562 1227 1733 1296 λέγων

186 1319 517 1382 ὁθεσπέσιος
545 1319 753 1384 Παῦλος
771 1360 787 1386 ,
830 1320 998 1388 Ὑπὲρ
1025 1319 1280 1387 Χριστοῦ
1309 1319 1730 1386 πρεσϐεύομεν,

189 1413 256 1478 ὣς
296 1413 405 1467 τοῦ
446 1413 595 1468 Θεοῦ
623 1412 1112 1480 παρακαλοῦντος
1144 1411 1216 1464 δι’
1243 1409 1442 1478 ἡμῶν.
1478 1410 1735 1476 Δεόμεθα

196 1502 322 1571 ὑπὲρ
349 1494 630 1570 Χριστοῦ.
660 1503 1072 1571 καταλλάγητε
1100 1501 1182 1566 τῷ
1199 1501 1350 1566 ,Θεῷσ
1387 1501 1476 1554 ἵνα
1501 1499 1734 1569 ἐντρέψῃ

197 1593 259 1661 ’τῷ
281 1594 507 1663 μεγέθει
537 1597 634 1664 τῆς
664 1594 981 1663 εὐεργεσίας
1023 1593 1156 1664 πρὸς
1187 1591 1533 1662 συναίσθησιν
1562 1590 1737 1643 ἐλθεῖν

200 1685 274 1752 τῆς
299 1679 512 1746 οἰκείας
546 1683 852 1753 πωρώσεως
881 1700 895 1714 ο
949 1682 1090 1736 οὕτω
1121 1683 1215 1736 καὶ
1243 1685 1270 1736 ό
1297 1681 1427 1751 ἐμὸς
1453 1681 1734 1751 δεσπότης,

200 1771 255 1824 δι’
279 1772 531 1825 ἑκουσίου
560 1771 821 1839 ὐφέσεως,
871 1771 1191 1840 εὐμηχάνως
1221 1786 1287 1838 με
1315 1771 1735 1839 χειρωσάμενος,

191 1861 243 1914 τὸ
270 1861 460 1931 μαθεῖν
489 1849 636 1925 δόξαι
668 1861 797 1929 παρ’
839 1859 972 1929 ἐμοῦ
1003 1858 1090 1911 διὰ
1119 1858 1459 1930 γραμμάτων
1489 1857 1735 1925 θεὶῇσαι,

192 1950 321 2022 ἅπερ
346 1951 622 2004 διδάσκειν
653 1950 743 2002 διὰ
768 1951 865 2017 τὴν
886 1947 1041 2014 ἀξίαν
1073 1945 1437 2017 προϐέϐληται
1459 1985 1474 2009 ,
1510 1946 1612 1999 κᾶν
1641 1945 1739 2014 ὀψέ

192 2055 307 2093 ποτε
355 2039 458 2108 τῆς
496 2040 702 2098 οἰκείας
746 2036 981 2107 ἀμαθίας
1011 2037 1344 2106 κατέστησεν
1373 2034 1736 2104 ὲπιγνώμονα.

161 2148 169 2162 ο
202 2128 474 2200 Ὁμολογῶ
497 2125 588 2182 οὖν
627 2127 707 2198 τῷ
743 2127 974 2198 δεσπότῃ
1029 2143 1130 2197 μου
1171 2127 1272 2196 τὴν
1300 2125 1459 2198 χάριν
1479 2141 1492 2155 ·
1531 2116 1627 2178 καῖ
1655 2142 1740 2178 σε·
1779 2118 1782 2120 ’

196 2218 465 2289 μνῦνομαι
492 2217 570 2287 τῷ
603 2211 788 2288 τρόπῳ
807 2216 874 2269 δι’
897 2212 956 2270 οὗ
986 2216 1045 2268 τὸ
1074 2215 1226 2282 νέφος
1259 2231 1360 2282 μου
1392 2214 1490 2281 τῆς
1512 2215 1739 2284 οίήσεως

167 2307 406 2375 ἐὐαφῶς
430 2306 737 2379 ἀπεώσατοο
774 2306 868 2358 καὶ
899 2305 1036 2358 αἰτῶ
1063 2304 1225 2373 αὐτὸν
1249 2294 1508 2365 τοιούτοις
1533 2304 1627 2355 καὶ
1649 2300 1736 2354 λό-

1831 979 1954 1019 cum
1977 966 2094 1034 pari
2110 981 2323 1020 morum
2351 967 2634 1021 honestate
2662 961 2922 1024 incedens
2942 965 3196 1020 dominus
3210 984 3386 1033 meus,

1831 1052 2068 1122 iungentis
2107 1054 2241 1108 mihi
2300 1065 2492 1110 auctor
2533 1055 2725 1109 salutis
2760 1054 2884 1108 fuit.
2917 1054 3387 1121 Quemadmodum

1829 1143 1977 1197 enim
2019 1144 2270 1199 homines
2298 1146 2408 1199 Deo
2464 1161 2528 1200 ac
2553 1146 2700 1200 Patri
2730 1147 3091 1212 reconciliari,
3117 1149 3264 1202 velut
3296 1150 3390 1218 qui

1831 1233 1936 1302 ipsi
1970 1233 2221 1303 iniuriam
2269 1235 2449 1304 potius
2478 1235 2619 1305 paSsi
2663 1226 2868 1301 essent,
2904 1253 3013 1290 non
3063 1253 3192 1292 vero
3226 1228 3389 1293 fecis-

1832 1329 1974 1384 sent,
2026 1322 2214 1390 reique
2257 1323 2486 1378 otl‘ensa}
2525 1323 2878 1387 exsisterent,
2929 1324 3238 1378 obsecravit
3281 1326 3389 1379 Do-

1833 1410 2035 1482 minus,
2085 1410 2163 1464 uti
2207 1419 2436 1465 testatur
2477 1412 2693 1467 divinus
2721 1413 2922 1467 Paulus
2974 1413 3103 1466 dum
3139 1414 3215 1466 ait
3243 1431 3256 1467 :
3284 1414 3391 1468 Pro

1835 1497 2037 1554 Christo
2064 1500 2320 1570 legatione
2345 1503 2632 1571 fungimur,
2667 1511 2918 1571 tanquam
2949 1501 3054 1554 Deo
3085 1502 3394 1555 exhortante

1835 1605 1928 1659 per
1943 1606 2055 1643 nos.
2074 1588 2408 1644 Obsecremus
2429 1607 2522 1660 pro
2539 1589 2762 1653 Christo,
2785 1592 3192 1644 reconciliamini
3206 1591 3313 1645 Deo
3329 1602 3390 1658 m;

1835 1694 1945 1748 quo
1972 1668 2229 1734 nimirum
2276 1697 2387 1751 prae
2424 1680 2674 1735 beneﬁcii
2717 1683 3091 1752 magnitudine
3126 1682 3394 1751 pudorem

1835 1768 2106 1838 injiciens,
2138 1771 2193 1823 in
2225 1787 2337 1826 suae
2379 1786 2476 1826 eos
2508 1771 2764 1826 caecitatis
2802 1777 3020 1826 sensum
3061 1772 3390 1839 adduceret;

1836 1855 1914 1910 sic
1951 1871 2167 1925 quoque
2199 1856 2453 1928 dominus
2481 1874 2656 1924 meus,
2690 1873 2795 1927 qua
2823 1871 2881 1913 se
2924 1867 3119 1926 sponte
3148 1858 3390 1924 demisit,

1836 1944 2012 2014 perite
2044 1945 2138 2001 me‘
2179 1947 2403 2015 capiens
2455 1948 2604 2016 (dum
2651 1947 2860 2002 scilicet
2906 1963 2972 2002 ex
3003 1961 3087 2000 me
3131 1947 3283 2002 visus
3308 1957 3395 2002 est

1839 2021 1977 2090 velle
2026 2036 2237 2091 discere
2287 2052 2384 2106 per
2415 2037 2722 2106 epistolam,
2768 2038 2918 2107 quod
2966 2046 3026 2090 ut
3068 2037 3264 2091 doceat
3314 2052 3395 2107 ex

1839 2126 2016 2182 oﬂicio
2061 2129 2283 2198 ipsaque
2324 2129 2567 2184 muneris
2609 2129 2820 2183 ratione
2869 2129 2985 2199 ipse
3036 2129 3394 2183 constitutum

1839 2216 2026 2285 habet)
2062 2219 2220 2287 plane
2254 2219 2400 2282 fecit,
2435 2227 2495 2273 ut
2525 2233 2650 2273 sero
2685 2219 2901 2273 tandem
2926 2233 3098 2272 meam
3144 2218 3257 2287 ipse
3291 2218 3395 2271 im-

1840 2306 2090 2374 peritiam
2154 2323 2526 2378 agnoscerem.
2569 2309 2756 2362 Ilabeo
2810 2309 2993 2378 itaque
3040 2309 3265 2378 gratias.
3294 2308 3397 2362 do-

190 2411 303 2462 γοις
354 2397 445 2448 καὶ
486 2397 703 2466 τρόποις
735 2379 1081 2468 ,ῥυθμίζοντα
1111 2397 1201 2448 τὸν
1233 2395 1398 2448 αὑτοῦ
1429 2394 1611 2448 δοῦλον
1662 2394 1738 2464 μὴ

1843 2395 1990 2458 mino
2016 2411 2159 2462 meo,
2183 2399 2494 2467 gloriorque
2518 2399 2661 2469 quod
2686 2410 2832 2454 tanta
2867 2399 3193 2453 dexteritate
3221 2397 3398 2453 stultae

192 2483 515 2538 παύσασθαι.

1842 2499 1977 2539 mea:
1999 2486 2275 2554 opinionis
2299 2503 2362 2541 ac
2399 2503 2549 2541 vana:
2577 2487 2956 2550 aestimationis
2987 2470 3398 2554 nubemdispu-

196 2570 330 2636 lerit,
362 2561 604 2644 rogoque
646 2572 861 2628 enixius
901 2581 963 2628 ut
991 2573 1111 2642 ejus
1144 2573 1362 2642 generis
1404 2585 1461 2628 ct
1503 2571 1848 2627 sermonibus
1898 2581 1955 2628 et
1993 2573 2240 2630 moribus
2305 2589 2523 2629 servum
2587 2561 2746 2636 suum
2805 2590 3130 2646 componere
3189 2577 3400 2633 nullum

201 2675 421 2734 Inquam
470 2662 636 2717 tinem
686 2663 896 2718 fecerit.

394 2881 524 2946 KB'.
551 2923 622 2933 —
655 2890 767 2945 Τοῦ
793 2891 982 2945 αὐτοῦ
1020 2889 1171 2958 πρὸς
1194 2889 1537 2955 Αὐξέντιοκ.

268 3001 324 3056 Ei
355 3005 451 3072 μὲν
494 2999 821 3076 θαρροῦντες
866 3000 944 3072 τῷ
977 2999 1266 3070 πνεύματι
1289 3040 1304 3061 ,
1355 3001 1500 3056 καθά
1538 3003 1750 3069 ἀλὺτως

201 3093 578 3164 περικειμένην
606 3095 736 3164 ὑμῖν
759 3093 942 3155 αὐτοῖς
966 3092 1118 3162 ἔχετε
1144 3092 1243 3162 τὴν
1264 3093 1503 3161 ἀγάπην,
1523 3095 1748 3163 μηδενὸς

199 3179 446 3252 δεομένην
497 3165 634 3252 πρδς
679 3181 998 3251 καινισμδν,
1033 3181 1253 3251 ἀμελεῖν
1300 3181 1408 3234 τῶν
1449 3182 1584 3252 πρὸς
1619 3183 1748 3246 τοὺς

197 3270 376 3339 φίλους
419 3273 674 3340 διέγνωτε
704 3273 1072 3344 γραμμάτιον,
1125 3272 1331 3326 ἐπαινῶ
1356 3290 1415 3325 τε
1442 3273 1534 3326 τὸν
1558 3274 1740 3344 νόμον,

197 3361 288 3413 καὶ
315 3358 458 3430 ὑμᾶς
483 3362 814 3431 ἀποδέχομαι
838 3376 853 3391 ·
899 3363 1252 3425 πιστεύοντας
1276 3362 1466 3432 ἐκείνῳ
1488 3363 1585 3432 τῆς
1610 3364 1743 3431 ἀγά-

198 3466 300 3519 πης
343 3451 436 3505 τὸν
472 3451 773 3520 θησαυρὸν,
822 3451 880 3517 ἐξ
909 3445 970 3504 οὗ
998 3469 1057 3504 τε
1088 3455 1182 3505 καὶ
1208 3455 1287 3516 είς
1312 3434 1372 3505 δι”
1397 3453 1658 3524 ἄρχεσθαί
1682 3472 1742 3508 τε

199 3543 286 3595 καὶ
329 3541 699 3597 ἀναπαύεσθαι
747 3541 1004 3611 πέφυκεν.
1062 3542 1124 3596 Et
1167 3543 1229 3597 δὲ
1277 3544 1371 3596 τοῦ
1413 3544 1744 3615 καθήκοντος

203 3631 406 3700 ,ριλικοῦ
455 3633 657 3702 τρόπον
719 3631 1202 3702 κατολιγωροῦντες
1255 3633 1348 3686 τοῦ
1394 3634 1626 3705 γράφειν
1673 3636 1741 3688 δι’

200 3720 349 3775 ὄκνου
397 3722 782 3800 παραιτεῖσθε,
833 3722 1088 3775 τάναντία
1137 3725 1307 3776 ποιεῖν
1347 3724 1407 3776 οὑ
1439 3724 1738 3794 παύσομαιο

202 3813 382 3880 φίλους
404 3815 664 3869 αίδεῖσθαι
695 3815 781 3868 διὰ
805 3815 1029 3884 μέγεθος
1051 3815 1149 3883 τῆς
1172 3815 1310 3868 κατά
1332 3809 1533 3885 κόσμον
1558 3818 1751 3887 προλή-

199 3901 338 3970 ψεως
389 3903 486 3957 οὐκ
532 3904 706 3965 εἰδώς.
771 3905 832 3956 Et
879 3901 938 3955 δὲ
997 3902 1104 3954 τῶν
1153 3902 1246 3957 δύο
1293 3904 1385 3956 τοῦ
1417 3905 1492 3973 μὴ
1519 3906 1749 3974 γράφειν

205 3993 346 4046 οὐδὲν
373 3993 705 4063 καθέστηκεν
733 3991 924 4053 αἴτιον.
957 3992 1180 4057 δέξασθε
1208 3993 1474 4057 ἀπόντων,
1510 3997 1604 4048 καὶ
1631 3997 1748 4050 δότε

161 4157 166 4162 1
209 4083 487 4156 προθύμως
509 4081 849 4145 ἀποῦσιν,ὠς
876 4081 1107 4147 ἐδίδαξεν
1135 4085 1169 4153 ἠ
1200 4081 1481 4151 φύσις,διὰ
1501 4089 1751 4156 γραμμά-

210 4191 304 4232 των
348 4179 444 4248 τὴν
485 4174 724 4240 ἔντευξιν
751 4192 764 4207 ·
825 4173 1023 4245 μᾶλλον
1059 4174 1148 4238 δὲ,
1204 4175 1280 4237 ὡς
1313 4174 1445 4239 Θεὸς
1472 4176 1568 4248 τὴν
1590 4177 1750 4246 φύσιν
1780 4189 1812 4204 "

208 4266 420 4333 ω’ρὶσας
465 4263 916 4336 παρεμυθήσατο.
962 4260 1245 4332 Κεντρίζει
1289 4263 1395 4334 γὰρ
1435 4265 1749 4335 ἠρεμοῦσαν

207 4352 300 4422 τὴν
321 4356 555 4426 μνήμην,
587 4354 680 4408 καὶ
710 4353 962 4422 διεγείρει
991 4353 1525 4426 νυστάζουσαν,πρδς
1544 4355 1605 4408 τὸ
1624 4356 1750 4411 ίδεῖν

209 4442 302 4495 καὶ
353 4443 751 4515 ἀναμάττεσθαι
811 4443 918 4496 τῶν
964 4443 1298 4512 φιλουμένων
1341 4445 1411 4498 τὰ
1458 4446 1743 4517 πρόσωπα,

207 4531 486 4603 γράμμασι
507 4535 666 4599 λόγος
697 4525 1066 4604 μόρφούμενος
1087 4549 1100 4563 ’
1155 4534 1224 4586 δι’
1239 4527 1312 4586 ὧν
1336 4533 1365 4584 ὁ
1389 4534 1551 4598 πόθος
1580 4538 1747 4607 πυρὸς

201 4619 356 4693 δίκην
382 4624 725 4690 σϐεσθέντος,
756 4625 820 4676 ὲκ
847 4620 1042 4694 μικροῦ
1072 4621 1369 4693 σπινθῆρος
1396 4625 1556 4679 πάλιν
1581 4627 1747 4697 ἀναῤ-

203 4721 487 4792 ῥιπίζεται.
738 4733 741 4736 ·

2123 2872 2289 2952 XXII.
2311 2927 2380 2936 —
2398 2895 2651 2967 Ejusdem
2683 2899 2754 2951 ad
2779 2895 3118 2950 Auxentium.

1913 3007 2194 3079 Siquidem
2237 3008 2444 3064 idcirco
2494 3007 2637 3076 quod
2686 3006 2894 3076 Spiritu
2944 3005 3067 3059 freti
3098 3010 3252 3068 estis,
3295 3016 3402 3075 qua

1843 3101 2051 3154 scilicet
2071 3100 2438 3172 insolubiliter
2452 3098 2606 3151 vobis
2631 3098 2928 3151 haerentem
2959 3111 3021 3150 ac
3045 3082 3417 3150 circumstan;

1841 3197 1970 3252 tem,
2006 3189 2213 3243 nullius
2235 3198 2483 3258 egentem
2532 3197 2593 3241 ut
2620 3187 2772 3254 quasi
2813 3186 3055 3238 fomento
3085 3195 3402 3251 renovetur,

1844 3276 2192 3341 dilectionem
2243 3276 2474 3338 habetis,
2512 3275 2815 3328 litterarum
2867 3273 2934 3326 ad
2969 3273 3174 3326 amicos
3204 3283 3405 3328 munus

1839 3363 2225 3435 'ncgligendum
2266 3363 2521 3426 duxistis,
2570 3361 2733 3416 laudo
2776 3361 2950 3430 legem
2982 3377 3045 3414 ac
3090 3361 3400 3416 institu'um

1845 3456 2061 3526 probo:
2095 3455 2187 3524 qui
2227 3454 2537 3508 dilectionis
2580 3453 2921 3512 thesaurum,
2963 3451 3036 3517 ei,
3084 3468 3150 3506 ex
3193 3467 3300 3520 quo
3347 3457 3406 3507 et

1847 3547 1902 3601 in
1943 3562 2105 3616 quem
2147 3545 2226 3599 illi
2280 3555 2653 3612 comparatum
2699 3552 2783 3598 est
2823 3534 2884 3598 et
2930 3543 3197 3612 auspicari
3229 3551 3284 3596 et
3309 3541 3406 3596 de-

1846 3638 2047 3700 sinere,
2098 3636 2352 3690 credatis.
2381 3635 2476 3690 Sin
2511 3649 2690 3691 antem
2717 3635 2860 3704 quod
2895 3634 3310 3688 convenientem
3342 3648 3408 3687 ac

1843 3743 1942 3798 pro
1991 3726 2153 3781 oﬂicii
2188 3727 2400 3780 ratione
2435 3725 2688 3780 amicitiae
2720 3740 2924 3778 morem
2960 3723 3404 3791 tloccipendatis,

1843 3833 1909 3872 ex
1931 3817 2164 3885 quadam
2188 3815 2420 3884 segnitie
2444 3815 2688 3868 scribere
2732 3813 3020 3874 recusatis,
3053 3812 3118 3864 ad
3147 3825 3231 3863 me
3259 3811 3404 3879 quod

1843 3907 2058 3968 attinet,
2088 3918 2364 3972 nunquam
2407 3918 2566 3956 secus
2592 3916 2750 3971 agere
2787 3902 3044 3966 cessabo;
3073 3901 3164 3969 qui
3198 3901 3408 3955 scilicet

1844 4004 2122 4064 occupatae
2168 3993 2352 4049 saeculi
2405 3992 2683 4062 opinionis
2745 3991 3146 4063 magnitudine,
3200 3991 3409 4047 amicos

1847 4085 2086 4141 revereri
2139 4099 2248 4139 non
2296 4084 2488 4138 sciam.
2546 4083 2643 4136 Sin
2695 4098 2826 4136 vero
2861 4092 3113 4135 neutrum
3159 4082 3210 4134 in
3245 4097 3409 4137 causa

1813 4184 1954 4241 ,est,
1986 4177 2119 4247 quin
2147 4177 2452 4230 litterarum
2478 4172 2654 4228 officio
2687 4173 2843 4227 vobis
2875 4172 3281 4242 defungendum
3310 4189 3410 4241 pu-

1851 4269 1997 4332 tetis,
2043 4267 2201 4338 353
2233 4267 2303 4322 ab
2330 4266 2674 4321 absentibus
2721 4281 2820 4319 vos
2867 4264 2971 4334 ipsi
3025 4265 3278 4334 accipite,
3312 4264 3408 4318 iis-

1852 4358 2084 4426 demque
2109 4355 2351 4426 proclive
2390 4351 2542 4420 date,
2565 4370 2665 4424 pro
2698 4363 2908 4409 naturae
2932 4356 3044 4423 ipsa
3079 4353 3262 4408 indole
3290 4355 3409 4419 (seu

1851 4448 2034 4518 potius
2069 4455 2131 4500 ut
2173 4461 2204 4501 a
2261 4446 2371 4510 Deo
2411 4445 2469 4500 in
2511 4446 2690 4501 solatii
2742 4455 2950 4517 partem
3001 4445 3264 4512 sapientia
3309 4444 3409 4498 im-

1851 4539 2074 4603 buente,
2117 4548 2326 4614 natura:
2355 4536 2624 4592 indultum
2654 4537 2759 4606 est)
2789 4551 2887 4606 per
2908 4537 3115 4610 litteras
3140 4536 3396 4615 congredi

1815 4642 1915 4685 -ac
1940 4641 2319 4682 consuescere.
2359 4625 2555 4695 Pungit
2583 4627 2725 4680 enim
2757 4625 3015 4679 otiantem
3059 4624 3395 4689 memoriam,

1823 4731 2218 4784 somnumque
2254 4712 2464 4770 decutit
2509 4709 2689 4768 Sermo
2731 4715 2930 4768 litteris
2959 4715 3314 4778 deformatus,
3348 4724 3402 4768 ut

199 4791 494 4869 amicorum
541 4814 690 4883 ipsos
724 4813 888 4884 'quasi
937 4813 1121 4868 vultus
1163 4811 1444 4866 videamus
1488 4825 1551 4865 ac
1589 4810 1956 4878 exprimamus
1982 4824 1996 4864 :
2021 4806 2167 4862 unde
2190 4822 2363 4872 amor,
2405 4804 2543 4875 ignis
2599 4804 2768 4858 inStar
2825 4804 3099 4882 exstincti,
3123 4791 3406 4873 eit‘parva

199 4915 394 4958 rursus
430 4905 668 4960 scintilla
705 4905 994 4960 excitetur.

1773 5019 1841 5032 —

198 5078 334 5138 [Γ.
356 5106 427 5136 .--
459 5080 570 5136 τοῦ
595 5079 779 5136 αὐτοῦ
819 5082 957 5150 πρὸς
995 5083 1299 5152 Στέφανον
1323 5080 1740 5149 πρεσϐύτερον.

1930 5075 2116 5130 XXIII.
2139 5103 2210 5115 —
2239 5071 2489 5142 Ejusdem
2518 5071 2587 5124 ad
2620 5067 2940 5152 Stephanum
2960 5069 3332 5138 presbyterum.

252 5188 526 5258 -Ἆγάπης
577 5187 706 5242 ἴδιον
755 5189 986 5260 ὑπάρχει
1029 5190 1401 5261 πνευματικῆς
1421 5228 1437 5252 ,
1486 5190 1549 5242 οὐ
1593 5190 1752 5259 μόνον

200 5281 470 5350 παρόντας
496 5280 802 5350 εὐεργετεῖν
825 5283 952 5344 τοὺς
972 5282 1292 5352 χρῄζοντας,
1319 5281 1452 5336 ἀλλά
1475 5281 1570 5335 καὶ
1592 5281 1756 5334 ἀπόν-

199 5387 306 5438 τας
331 5371 797 5442 παραμυθεῖσθαι.⁸
847 5374 940 5426 καὶ
970 5372 1044 5443 μὴ
1075 5378 1375 5444 συγχωρεῖν
1403 5377 1514 5444 τοῖς
1541 5373 1755 5443 σώμασι

200 5463 304 5525 sic
345 5461 514 5533 ψυχὰς
562 5462 1033 5533 ωνδιατέμνεσθαι
1058 5479 1071 5492 ·
1135 5467 1269 5536 μήτε
1311 5466 1416 5537 μὴν
1451 5465 1541 5518 τοῦ
1575 5463 1754 5534 λόγου,

203 5547 276 5605 δι’
294 5544 365 5604 οὗ
391 5553 488 5622 τὴν
507 5555 688 5607 εἰκόνα
717 5554 871 5626 φέρει
902 5552 996 5608 τοῦ
1025 5554 1320 5619 κτίσαντος
1352 5559 1386 5627 ὴ
1412 5554 1576 5627 ψυχὴ,
1603 5571 1756 5626 περιη

279 5701 606 5775 -ιιιοστλτ,
637 5703 759 5760 20.°

1901 5186 2243 5242 'Dilectionis
2271 5185 2530 5254 Spiritalis
2552 5183 2695 5239 istud
2750 5182 3031 5253 proprium
3079 5195 3297 5241 munus,
3347 5193 3407 5235 ut

1856 5295 1965 5334 non
1997 5279 2171 5333 solum
2203 5286 2518 5346 praesentes,
2553 5276 2644 5345 qui
2671 5283 2884 5345 egeant,
2914 5270 3178 5327 beneﬁcio
3223 5271 3408 5327 deme-

1858 5379 2062 5433 reatur,
2086 5383 2278 5422 verum
2302 5368 2465 5421 etiam
2493 5365 2808 5421 absentibus
2849 5361 3270 5418 consolationem
3306 5360 3407 5413 im-

1859 5459 2081 5532 pendat,
2109 5473 2214 5512 nec
2238 5458 2451 5523 animus
2487 5473 2591 5510 una
2620 5471 2743 5508 cum
2771 5450 3090 5522 corporibus
3134 5449 3301 5502 dividi
3332 5451 3406 5503 si-

1879 5562 2008 5607 nat:
2040 5559 2096 5606 at
2125 5565 2303 5619 neque
2337 5547 2605 5605 sermonis
2648 5546 2758 5600 vim
2810 5545 2930 5600 loco
2991 5537 3412 5610 circumscribat
