3958 6338
579 436 680 499 6³17

1690 426 1749 485 s.
1789 420 2074 483 MAXIM!
2114 393 2619 486 CONFESSORIS

3696 401 3794 463 608

584 561 692 617 quo
716 544 926 598 animus
949 540 1064 610 ipse
1099 534 1739 604 Conditoris‘imaginem
1784 538 1955 602 gestat
1983 546 1997 593 ;
2047 527 2142 581 sed
2176 566 2185 588 ε

2285 523 2551 596 ράφεσθαι
2582 518 2732 588 τόπῳ
2764 514 2861 587 τήν
2891 514 3147 584 δύναμιν
3184 512 3295 565 ἀλλ’
3326 511 3358 581 ἢ
3392 505 3658 578 παρόντας
3689 510 3795 569 τοῖς

672 598 679 599 κ
973 598 988 610 .
1564 598 1589 604 -
1790 598 1809 602 -

589 644 652 691 ut
678 635 763 689 vel
792 647 923 686 voce
945 628 1279 691 charissimis
1304 641 1488 681 coram
1512 639 1632 694 quae
1664 623 1894 676 deceant
1916 620 2145 687 loquan—

2284 632 2430 684 γαπῃ
2442 612 2619 683 μένοις
2648 609 2737 661 διὰ
2760 608 2940 676 φωνῆς
2966 604 3085 658 κατ’
3108 600 3417 673 ὀφθαλμοὺς
3438 599 3505 651 τά
3528 598 3798 669 πρέποντα

591 737 699 783 tur,
720 724 804 777 vel
833 736 931 791 per
953 721 1183 783 litteras,
1211 719 1464 772 absentes
1485 717 1690 770 salutes
1730 710 1982 771 reddant,
2035 706 2144 761 elli-

591 818 718 872 ciat.
750 813 906 867 Hunc
932 813 1076 867 enim
1094 812 1187 865 Dei
1219 823 1446 863 munere
1485 808 1767 876 sapienter
1792 802 2014 857 modum
2054 815 2150 852 na-

595 913 711 957 tura
746 892 1043 964 adinvenit,
1075 911 1134 953 ut
1175 900 1336 968 longa
1385 897 1631 949 locorum
1685 889 2091 958 intercapedine
2120 901 2150 938 a

2245 703 2605 771 διαλέγεοθαι,
2637 700 2669 769 ἢ
2700 699 2933 759 ἀπόντας
2959 695 3045 749 διά
3071 692 3407 765 γραμμάτων
3433 689 3795 759 προσομιλεῖν.

2248 794 2450 848 Τοῦτον
2489 794 2597 861 γὰρ
2643 791 2733 842 τὸν
2773 789 2971 859 τρόπον
3019 787 3052 855 ή
3092 784 3252 853 φύσις
3305 781 3444 835 κατὰ
3478 778 3609 832 Θεοῦ
3644 778 3800 847 χάριν

2252 884 2428 954 σοφῶς
2457 881 2736 950 ἐπενόησε,
2772 877 2904 949 πρὸς
2932 878 3122 929 ἕνωσιν
3152 875 3465 928 ἀδιάστατον
3493 870 3600 923 τῶν
3627 866 3802 936 πολλῷ

594 1013 651 1052 se
682 1004 871 1050 mutuo
894 992 1247 1063 corporaliter
1272 989 1471 1051 diSSiti,
1497 1000 1707 1041 summa
1722 982 1953 1052 quadam
1972 977 2151 1031 colue-

2284 975 2609 1044 ιεστηκότων
2637 968 2877 1038 ἀλλήλων
2909 964 3233 1034 σωματικῶς
3259 964 3334 1030 τῷ
3358 959 3564 1028 τοπικῷ
3590 958 3803 1026 διαστή-

596 1090 749 1143 sione
787 1086 1065 1140 uniantur.
1113 1083 1204 1141 Sic
1256 1094 1490 1148 namque
1533 1091 1711 1131 sermo
1767 1087 1900 1127 voce
1949 1068 2154 1139 pariter

600 1178 924 1247 scriptisque
955 1175 1156 1229 litteris
1182 1170 1430 1226 crebrius
1470 1168 1650 1221 animo
1680 1167 1957 1224 insonans,
2011 1159 2156 1228 ejus-

602 1266 747 1319 modi
801 1265 939 1318 indit
977 1262 1317 1325 memoriam,
1352 1276 1471 1329 quae
1493 1259 1582 1311 vix
1611 1271 1674 1309 ac
1701 1269 1767 1308 ne
1795 1252 1885 1305 vix
1937 1248 2157 1318 quidem

602 1358 711 1412 elui
744 1355 932 1425 possit,
971 1354 1195 1408 utvelut
1217 1351 1389 1406 oculis
1419 1350 1620 1420 jugiter
1646 1347 2025 1401 obversentur,
2064 1337 2158 1406 qui

586 1460 699 1516 per
752 1443 1098 1497 dilectionem
1147 1440 1341 1509 spiritu
1384 1451 1599 1505 semper
1654 1438 1948 1507 praesentes
1998 1433 2157 1488 sunt,

605 1534 901 1602 amicisque
931 1533 1183 1586 fruantur
1244 1527 1634 1596 complexibus,
1685 1530 1739 1577 et
1800 1520 1867 1573 ab
1905 1517 2161 1571 omnibus

609 1606 930 1677 revocentur
959 1616 1243 1673 molestiis.
1273 1618 1349 1671 Ne
1375 1615 1541 1683 igitur
1589 1611 1694 1665 mei
1739 1604 2159 1669 obliviscamini,

609 1714 750 1767 servi
793 1712 959 1765 vestri
1009 1706 1382 1777 acr‘discipuli,
1438 1702 1731 1757 venerandi
1761 1700 1987 1761 Patres;
2044 1694 2161 1756 sed,

613 1811 764 1865 velut
796 1809 898 1878 ipsi
930 1806 1239 1861 dilectionis
1270 1814 1325 1859 et
1370 1800 1624 1869 discipuli
1659 1806 1714 1867 et
1741 1792 2003 1863 magistri,
2026 1790 2165 1844 fame

612 1903 949 1957 laborantem
980 1901 1215 1953 animam
1264 1910 1439 1950 meam
1491 1893 1751 1946 virtutum
1807 1898 2057 1939 sermone
2103 1895 2165 1934 ac

617 1991 861 2047 doctrina
891 1991 1040 2054 alite,
1064 1997 1409 2055 mentemque
1451 1980 1768 2053 ignorantiae
1815 1974 2045 2042 caligine
2073 1986 2167 2039 op-

618 2099 882 2153 pressam,
915 2082 1251 2143 illuminate;
1288 2078 1591 2131 merccde‘m
1623 2069 1967 2126 attendentes
1982 2079 2047 2116 eo
2073 2077 2170 2114 no-

617 2175 763 2228 mine
790 2174 945 2227 vobis
978 2172 1032 2225 in
1064 2172 1217 2226 cmlis
1246 2168 1533 2237 repositam
1574 2184 1587 2218 :
1634 2160 1847 2216 tametsi
1886 2156 2024 2209 forte
2085 2151 2174 2204 ﬂet

623 2273 681 2317 ut
706 2280 767 2316 ea
796 2264 1005 2316 vacatio
1037 2277 1065 2314 a
1093 2258 1450 2329 praestantiori
1479 2272 1542 2310 ac
1575 2252 1811 2323 digniori
1861 2264 1955 2301 vos
2008 2259 2173 2313 opera

626 2352 889 2419 tantisper
922 2350 1175 2405 abducat.
1211 2349 1327 2402 Non
1355 2347 1499 2400 enim
1545 2359 1630 2397 me
1669 2343 1827 2402 latet,
1889 2335 2030 2389 haud
2080 2348 2178 2401 par

624 2456 744 2497 esse
769 2440 832 2494 ad
856 2440 1175 2503 claritatem,
1204 2448 1263 2492 ut
1300 2438 1422 2506 quis
1462 2435 1613 2488 nullo
1652 2432 1833 2485 medio
1890 2442 2011 2480 cum
2069 2424 2178 2476 Deo

2258 1084 2405 1138 ματι.
2462 1063 2615 1115 υῢτω
2659 1060 2765 1130 γάρ
2813 1060 2841 1112 ὁ
2882 1058 3036 1125 λόγος
3092 1054 3406 1124 συχνότερον
3452 1049 3803 1120 ἐνηχούμενος

2256 1136 2406 1225 ιρωνῇ
2452 1152 2510 1206 τε
2566 1152 2656 1203 καὶ
2703 1149 2992 1220 γράμμασι
3038 1144 3387 1197 δυσέκνιπτον
3428 1141 3641 1209 μνήμην
3667 1136 3804 1189 ὲντί-

2257 1224 2406 1299 θεται
2455 1244 2522 1313 τῇ
2563 1241 2742 1311 ψυχῇ,
2802 1236 2937 1307 πρὸς
2979 1235 3038 1288 τὸ
3080 1233 3175 1286 νδιά
3202 1230 3395 1294 παντὸς
3421 1229 3551 1300 ὁρᾷν
3578 1229 3700 1289 τοὺς
3728 1224 3805 1277 ἀεί

2259 1338 2379 1390 κατ’
2401 1321 2621 1412 ἀγάπην
2652 1319 2924 1400 παρόντας
2951 1326 3026 1395 τῷ
3053 1326 3346 1393 πνεύματιο
3400 1321 3492 1374 καὶ
3516 1314 3807 1389 περιπτύσ-

2262 1426 2479 1489 σεσθαι,
2540 1423 2632 1475 καὶ
2686 1422 2899 1473 πάντων
2950 1414 3327 1470 ἀνακαλεῖσθαι
3381 1411 3483 1465 τῶν
3534 1407 3805 1479 λυπηρῶν.

2260 1519 2351 1587 Μὴ
2380 1516 2558 1569 τοίνυν
2590 1510 2912 1582 ἐπιλάλησθέ
2946 1527 3045 1578 μου
3078 1506 3171 1559 τοῦ
3198 1504 3382 1565 παιδὸς
3410 1502 3560 1572 ὑμῶν
3592 1500 3686 1583 καὶ
3720 1515 3810 1568 μα-

2265 1576 2456 1680 θητοῦ,
2511 1606 2680 1675 τίμιοι
2719 1576 2966 1671 ’Πατέρες
2991 1638 3005 1662 ,
3065 1597 3177 1650 ἀλλ’
3203 1597 3276 1658 ὡς
3304 1595 3519 1663 ἀγάπης
3544 1576 3693 1653 ὄντες
3728 1589 3809 1641 καὶ

2268 1679 2503 1772 μαθηταὶ
2542 1696 2633 1748 καὶ
2666 1692 2999 1756 διδάσκαλοι,
3057 1689 3287 1760 θρέψατε
3312 1686 3452 1755 λόγῳ
3481 1683 3587 1735 τῶν
3614 1679 3809 1753 ἀρετῶν

2266 1768 2361 1858 τὴν
2387 1768 2762 1857 λιμώττουσάν
2794 1797 2892 1850 μου
2922 1778 3131 1849 ψυχήννε
3185 1778 3275 1830 καὶ
3306 1773 3576 1845 φωτίσατέ
3607 1789 3705 1842 μου
3733 1768 3811 1821 τὸν

2200 1852 2239 1904 Β
2270 1852 2391 1932 νοῦν
2432 1852 2651 1943 ἀγνοίας
2691 1872 2838 1941 ζόφῳ
2871 1867 3229 1937 πεπιεσμένον
3251 1906 3266 1929 ,
3316 1865 3450 1935 πρὸς
3481 1863 3569 1915 τὸν
3605 1861 3811 1914 ἀποκεί-

2277 1988 2433 2042 μενον
2462 1970 2588 2038 ὐμῖν
2629 1968 2687 2017 ὲν
2714 1964 2959 2033 οὐρανοῖς
3004 1960 3140 2030 ὑπὲρ
3165 1957 3351 2010 τούτου
3384 1954 3574 2025 μισθὸν
3603 1950 3811 2004 ἀποϐλέ-

2274 2040 2461 2119 ποντες
2487 2073 2502 2088 ⁶
2565 2053 2666 2108 κᾶν
2712 2051 2772 2104 τὸ
2810 2051 3094 2119 γινόμενον
3123 2048 3280 2116 τυχὸν
3314 2046 3450 2115 πρὸς
3474 2042 3654 2109 ὀλίγον
3686 2040 3809 2109 ὑμᾶς

2274 2147 2577 2219 κρείττονος
2605 2140 2792 2211 ἀπάγῃ
2825 2139 2916 2191 καὶ
2948 2136 3275 2207 τιμιωτέρας
3302 2133 3512 2204 σχολῆς.
3546 2127 3676 2183 Οἶδα
3697 2128 3807 2197 γὰρ,

2275 2242 2348 2302 ὠς
2393 2239 2490 2290 οὐκ
2537 2235 2648 2287 ἴσον
2690 2232 2823 2304 πρὸς
2853 2230 3124 2296 εὐδοξίαν,
3179 2228 3393 2297 ἀμέσως
3422 2241 3480 2276 τε
3511 2222 3630 2292 Θεῷ
3647 2236 3808 2290 -προσ-

2277 2324 2502 2392 ομιλεῖν,
2543 2320 2632 2372 καὶ
2659 2318 2765 2372 τῶν
2794 2318 3024 2387 ἡττόνων
3055 2306 3350 2385 συμπαθῶς
3385 2313 3649 2382 προνοεῖν.
3684 2308 3809 2377 Πλὴν

2279 2415 2398 2468 οὐδὲ
2421 2413 2576 2466 τοῦτο
2606 2410 2710 2463 τῶν
2741 2408 2859 2478 Θεῷ
2886 2408 3281 2477 νενομισμένων
3306 2406 3583 2475 ἀλλότριον

627 2542 964 2595 consuescat,
993 2541 1155 2599 atque
1187 2537 1244 2583 ut
1274 2495 1581 2581 miserantis
1611 2524 1805 2577 affectu
1833 2515 2183 2574 inferioribus
2219 2507 2522 2580 provideat.
2549 2504 2617 2559 At
2645 2518 2714 2557 ne
2768 2503 2821 2557 id
2852 2502 3070 2573 quidem
3100 2502 3169 2556 ab
3227 2501 3295 2556 iis
3320 2501 3559 2555 alienum
3580 2508 3687 2562 (tum
3713 2495 3809 2547 Deo

582 2662 583 2665 η
629 2620 766 2689 iusta
793 2641 855 2680 ac
879 2624 1138 2694 legitima,
1160 2624 1345 2692 illique
1371 2621 1590 2690 probata
1614 2626 1760 2673 sunt.

770 2843 957 2897 XXIV.
983 2871 1051 2881 ——
1074 2839 1236 2909 354,
1274 2839 1524 2907 Ejusdem
1549 2836 1618 2889 ad
1645 2833 2045 2889 Constantinum

1235 2928 1594 2982 sacellarium.
1944 2956 1947 2959 -

704 3024 865 3077 Venit
891 3020 1221 3079 venerabilis
1254 3019 1364 3071 Deo
1389 3006 1693 3071 cliarissimi
1730 3016 1955 3083 ejusque
2009 3006 2188 3061 numi-

634 3130 705 3169 ne
729 3114 830 3167 tuti
852 3111 1055 3166 domini
1088 3109 1193 3163 mei
1235 3108 1465 3177 epistola
1506 3122 1627 3160 cum
1683 3120 1835 3175 pace,
1870 3118 1932 3157 ac
1953 3116 2073 3171 qua:
2109 3109 2190 3155 to-

2256 2819 2407 2872 'KA'.
2430 2844 2497 2856 --
2530 2812 2639 2867 Τοῦ
2665 2809 2850 2865 αὐτοῦ
2876 2808 3025 2876 πρὸς
3056 2803 3508 2861 Κωνσταντῖνον
3535 2805 3809 2858 caulla-

2936 2914 3071 2966 ριον
3090 2898 3173 2965 (ἰ).

2351 3008 2500 3071 Ἥκε
2556 3015 2616 3068 τὸ
2660 3012 2837 3082 τίμιον
2888 3008 2982 3062 τοῦ
3031 3008 3393 3077 θεοφυλάκτου
3441 3025 3541 3077 μου
3580 3004 3817 3058 δεσπότου

2284 3109 2516 3179 γράμμα
2566 3104 2702 3174 μετὰ
2736 3101 2840 3171 τῆς
2872 3102 3127 3171 εἰρήνης,
3170 3099 3276 3160 ,καὶ
3324 3098 3482 3152 αὐτὸν
3520 3097 3636 3149 ὅλον
3674 3096 3819 3165 φέρον

636 3213 749 3258 tum
773 3203 948 3271 ipsum
980 3201 1223 3254 moribus
1251 3200 1555 3253 elucentem
1602 3193 1901 3266 praeferret.
1950 3191 2185 3258 Compo-

2289 3203 2399 3262 τοῖς
2434 3198 2653 3268 τρόποις
2693 3192 3032 3262 φαινόμενον.
3085 3190 3164 3258 Τῇ
3194 3188 3301 3257 γὰρ
3328 3188 3429 3239 τῶν
3452 3186 3621 3252 λόγων
3651 3186 3823 3255 σεμνό-

632 3296 735 3349 sita
765 3294 908 3347 enim
935 3291 1226 3346 verborum
1261 3291 1547 3359 gravitate,
1575 3304 1683 3342 una
1710 3303 1833 3341 cum
1869 3300 2081 3340 morum
2106 3285 2187 3338 le-

634 3384 802 3436 nitate
833 3396 895 3436 ac
918 3379 1356 3442 mansuetudine,
1384 3379 1727 3447 ipsaquoque
1762 3376 1924 3432 animi
1973 3374 2189 3428 affectio

636 3488 755 3528 sese
771 3471 1004 3541 prodere
1022 3486 1084 3525 ac
1111 3471 1381 3539 explicare
1411 3458 1568 3523 solet‘.
1597 3469 2188 3536 Gavisusitaquqsum,

637 3572 893 3630 tanquam
924 3562 1099 3628 ipsum
1134 3567 1454 3628 praesentem
1485 3559 1765 3612 dominum
1797 3573 1977 3611 meum
2009 3569 2194 3609 susce-

636 3653 831 3722 perim,
867 3667 931 3705 ac
959 3653 1149 3719 spiritu
1207 3650 1569 3713 exosculatus,
1635 3656 1809 3702 totum
1851 3646 2015 3700 animi
2073 3645 2194 3698 sinu

638 3744 953 3813 complexus
980 3757 1231 3811 reposui;
1264 3756 1326 3794 ac
1372 3739 1648 3794 Christum
1693 3740 1864 3792 Deum
1924 3739 2193 3798 nostrum,

638 3835 785 3907 quod
814 3851 880 3889 ex
916 3834 1150 3888 humana
1206 3832 1386 3886 indole
1438 3846 1630 3885 eorum
1678 3830 1953 3899 sapienter
2001 3826 2199 3881 animis

641 3926 988 3981 dilectionem
1008 3924 1285 3987 indiderit,
1319 3922 1572 3976 laudavi:
1609 3937 1715 3990 qua
1747 3920 1837 3974 alii
1892 3918 2013 3973 aliis
2064 3932 2198 3971 nus-

642 4033 802 4086 quam
835 4017 1088 4072 absentes
1115 4030 1234 4069 esse
1266 4015 1495 4084 possint,
1525 4012 1735 4066 tametsi
1771 4011 2198 4081 longolocorum

647 4106 931 4159 intervallo
961 4104 1317 4173 corporaliter
1340 4103 1540 4164 dissiti,
1571 4102 1663 4168 qui
1689 4100 2002 4154 dilectionis
2034 4099 2197 4153 semi-

644 4199 807 4252 nibus
829 4195 1238 4251 convenientem
1260 4210 1445 4249 curam
1464 4192 1724 4247 adhibere
1750 4192 2019 4245 noverint.
2045 4190 2201 4257 Quod

646 4303 779 4341 vero
808 4287 1052 4356 epistola,
1088 4288 1206 4356 ejus
1230 4286 1377 4355 pacis
1404 4299 1524 4353 quae
1550 4282 1734 4337 saeculi
1760 4297 1860 4335 usu
1890 4290 2208 4349 praestatur,

649 4375 887 4428 {austum
928 4376 1179 4448 nuntium
1209 4375 1460 4437 atterens,
1486 4388 1776 4428 maerorem
1806 4372 1971 4426 animi
2001 4372 2053 4425 in
2078 4388 2207 4441 gau-

652 4464 801 4517 dium
835 4465 1133 4526 convertit;
1165 4479 1342 4531 operae
1363 4464 1600 4530 pretium
1622 4462 1693 4515 sit
1722 4472 1781 4515 ut
1798 4477 1898 4529 pro
1930 4476 2015 4521 ea,
2064 4461 2194 4520 Deo,

2288 3308 2436 3361 τητι,
2465 3283 2676 3356 πέφυκέ
2706 3300 2821 3345 πως
2843 3279 3199 3359 ἐμφαίνεσθαι
3224 3277 3358 3345 μετά
3380 3277 3476 3345 τῆς
3501 3276 3607 3343 τῶν
3630 3276 3824 3346 τρόπων

2294 3356 2594 3438 ἐπιεικείας
2626 3375 2721 3426 καὶ
2745 3374 2842 3440 τῆς
2866 3356 3103 3439 ψυχῆςδή
3131 3366 3383 3428 διάθεσις.
3413 3367 3523 3418 Καὶ
3551 3366 3716 3436 ἥσθην
3736 3366 3827 3418 ῶσ-

2294 3486 2398 3537 περ
2451 3461 2615 3544 αὐςτδν
2665 3462 2908 3532 παρόντα
2951 3456 3236 3526 δεξάμενος
3284 3457 3376 3510 τὸν
3409 3458 3539 3527 ἐμὸν
3566 3457 3823 3524 δεσπότην,

2296 3561 2388 3613 καὶ
2416 3556 2748 3628 ήσπασάμην
2780 3552 2858 3622 τῷ
2884 3550 3174 3621 πνεύματι,
3205 3551 3295 3603 καὶ
3324 3550 3443 3604 ὅλον
3466 3550 3545 3621 τῷ
3569 3551 3828 3619 χωρήματι

2296 3650 2392 3721 τῆς
2450 3647 2676 3718 καρδίας
2732 3642 3042 3714 περιλαϐὼν
3094 3641 3412 3709 ἀπεθέμην’
3477 3640 3572 3691 καὶ
3625 3638 3831 3702 ἐδόξασα

2296 3737 2531 3806 Χριστὸν
2592 3736 2683 3786 τὸν
2744 3733 2874 3786 Θεὸν
2934 3731 3089 3801 ἡμῶν
3153 3728 3333 3798 σοφῶς
3386 3731 3499 3790 τοῖς
3550 3726 3829 3798 ἀνθρώποις

2299 3828 2545 3900 ἐμφύντα
2596 3824 2696 3895 τῆς
2740 3824 2959 3892 ἀγάπης
3001 3822 3092 3875 τὸν
3122 3821 3284 3891 νόμον
3309 3836 3321 3850 ·
3385 3818 3507 3873 καθ’
3526 3819 3583 3872 ὃν
3614 3818 3828 3888 ἀλλήλων

2300 3923 2518 3975 ἀπεῖναι
2551 3918 2801 3971 οὐδέποτε
2834 3912 3124 3977 δύνασθαι,
3175 3911 3277 3964 κᾶν
3309 3909 3486 3980 πολλῴ
3512 3910 3829 3979 διεστήκασιν

2301 4011 2544 4080 ἀλλήλων
2578 4002 3010 4080 σωματικῶςτῷ
3034 4000 3238 4071 τοπικῷ
3265 4000 3589 4069 διαστήματι
3607 4039 3620 4063 ,
3663 3999 3708 4049 οἰ
3736 3994 3829 4047 τῶν

2306 4074 2633 4171 σπερμάτων
2662 4074 2777 4165 τῆς
2809 4074 3025 4163 ἀγάπης
3050 4092 3280 4153 δεόντως
3304 4088 3671 4159 ἐπιμελεῖσθαι
3695 4084 3832 4154 γινώ-

2307 4210 2546 4255 σκοντες.
2586 4176 2932 4255 Ἀλλίλὲπειδή
2958 4184 3179 4254 εἰρήνης
3195 4182 3240 4216 ⁸⁸
3272 4181 3541 4250 κοσμικῆς
3568 4174 3832 4243 εὐαγγέλια

2305 4286 2365 4337 τὸ
2394 4283 2625 4352 γράμμα
2654 4278 2906 4346 κομίσαν,
2940 4275 3017 4335 εἰς
3045 4272 3214 4342 χαρὰν
3245 4271 3341 4337 τῆς
3364 4269 3541 4338 ψυχῆς
3564 4266 3658 4335 τὴν
3678 4264 3833 4330 λύπην

2312 4371 2659 4440 μεθήρμοσεο
2726 4363 2844 4415 δέον
2894 4361 3038 4413 ἐστὶν
3089 4360 3234 4427 ἡμᾶς
3277 4355 3420 4426 ὑπὲρ
3446 4356 3610 4424 αὐτῆς
3636 4353 3835 4412 εἰκότως

2308 4457 2385 4524 τῷ
2430 4450 2782 4523 χαρισαμένῳ
2818 4447 2935 4516 Θεῷ
2970 4445 3220 4514 γενέσθαι
3254 4444 3465 4505 πάντως
3494 4441 3832 4510 εὐγνώμονας,

651 4553 770 4622 ejus
802 4550 1065 4619 largitori,
1092 4550 1291 4603 merito
1320 4551 1456 4618 grati
1496 4549 1795 4603 clliciamur
1821 4567 1835 4614 ;
1876 4566 1944 4603 ne
1976 4550 2026 4601 ei
2066 4548 2185 4610 mali

2309 4546 2395 4597 ἵνα
2423 4544 2498 4613 μὴ
2522 4541 2776 4611 φανῶμεν
2806 4539 3087 4610 ἀχάριστοι
3116 4539 3243 4609 περὶ
3267 4541 3362 4607 τὴν
3387 4535 3650 4599 εὐποιίαν,
3675 4532 3836 4591 κακῶς

652 4643 800 4697 vices
822 4640 1198 4709 rependentes,
1226 4640 1461 4707 ingratos
1482 4653 1582 4707 pro
1612 4647 1835 4705 accepto
1857 4651 2081 4690 munere
2110 4652 2210 4690 nos

655 4735 800 4805 ipsos
831 4732 1202 4788 exhibeamus.
1242 4729 1358 4783 Fiet
1381 4736 1562 4783 autem
1594 4728 1752 4797 plane
1778 4735 1839 4780 ut
1870 4726 2008 4805 grati
2037 4725 2208 4779 simus

2313 4635 2402 4689 τὸν
2433 4633 2725 4703 εὐεργέτην
2761 4631 3242 4701 ἀνταμειψάμενοι,
3277 4628 3623 4698 Γενησὸμεθα
3644 4628 3695 4680 δὲ
3715 4625 3838 4677 πάν-

2313 4743 2417 4789 τως
2465 4721 2804 4793 εὐγνώμονες
2828 4764 2843 4789 ,
2903 4722 2981 4783 εἰς
3021 4720 3136 4773 δέον
3181 4721 3246 4789 τῇ
3282 4719 3474 4791 εἰρήνῃ
3511 4717 3837 4789 χρησάμενοι,

780 4886 786 4892 ι
1930 4804 2155 4860 VARI/li
2187 4806 2581 4860 LEC'I‘IUMw.

660 4940 663 4941 ν
724 4912 769 4984 ’ὲ
800 4911 957 4966 Forte
987 4924 1173 4979 pacem
1197 4907 1353 4962 dicat
1373 4916 1491 4971 Qua:
1521 4903 1621 4959 sub
1652 4900 1919 4966 Heraclio,
1948 4901 2093 4955 victo
2120 4899 2382 4956 Chosroe.

2158 5053 2384 5109 NOTAE.
2415 5063 2421 5069 ’

733 5189 814 5261 (ἰ)
837 5150 1769 5261 Κῳνσταντῖνονζακελυρίριον..
1793 5179 2060 5261 8οτρηίςς.
2087 5177 2206 5261 ’Μα-

697 5248 753 5316 ni
780 5248 946 5315 Ducis
986 5256 1110 5311 cod.
1145 5253 1489 5307 exscribente
1522 5248 1602 5305 Cl}
1632 5252 1694 5304 ν.
1729 5251 1981 5305 Emerico
2014 5248 2208 5302 abbate

712 5332 895 5401 igOtio,
961 5325 1276 5401 inscriptam
1314 5321 1495 5401 liabet,
1534 5321 1686 5401 ,Πρὸς
1728 5318 2210 5401 ‘lma’tqujioutit-

664 5387 963 5468 κοῧλάριον,
1001 5395 1067 5468 ad
1092 5387 1254 5468 quem
1282 5391 1469 5461 plures
1499 5387 1617 5468 ejus
1676 5397 1890 5468 exstant
1927 5387 2201 5466 cpistolze;
2240 5408 2245 5413 λ

668 5478 727 5522 nt
759 5457 879 5521 erat
903 5457 986 5519 vir
1016 5467 1071 5519 in
1102 5457 1226 5518 aula
1259 5457 1473 5530 potens,
1524 5459 1689 5530 cujus
1707 5473 1807 5530 ope
1839 5457 2210 5530 Maximus‘et

667 5537 932 5591 Catholici
977 5524 1327 5603 indigerent;
1351 5545 1441 5603 ac,
1474 5524 1605 5582 nuni
1644 5525 1907 5603 Maximus
1930 5594 1942 5603 _
1966 5524 2211 5603 eamdem

671 5606 885 5673 utrique
918 5593 1204 5673 epistoTam
1262 5600 1493 5673 miserit,
1520 5613 1643 5673 cum
1678 5595 1840 5673 ambo
1879 5594 1945 5646 ad
1993 5609 2118 5673 eum
2145 5593 2213 5673 de

672 5662 1192 5742 pace-scripsissent,
1224 5668 1662 5739 ejusquenunt‘io
1694 5666 1869 5742 levare
1896 5662 2042 5740 senis
2091 5663 2202 5742 ani-

678 5732 823 5819 mum
846 5732 1208 5819 studuissent;
1242 5732 1607 5818 ι’ᾖιιίιξεὶνιηορῑο
1640 5732 2072 5819 occasilinc,wita
2100 5732 2209 5782 Ma-

680 5810 953 5875 ximusad
985 5812 1102 5864 illos
1143 5801 1207 5863 de
1243 5801 1390 5877 pacis
1417 5801 2012 5862 usu-rescribat?Nihil
2056 5810 2206 5855 certe

2312 5177 2468 5231 obest
2487 5190 2555 5248 ne
2572 5174 2658 5248 _sic
2713 5173 2980 5248 dicamus.
3021 5186 3259 5248 veroque
3313 5170 3574 5248 similius,
3606 5180 3761 5235 quam
3794 5168 3840 5214 ut

2312 5241 2669 5314 antiquarios,
2710 5244 2846 5295 alios
2868 5242 2996 5314 aliis
3031 5241 3216 5314 titulos
3245 5241 3390 5294 nulla
3430 5255 3497 5292 ex
3542 5252 3702 5314 causa
3734 5248 3839 5285 mu—

2313 5304 2461 5369 tasse'
2485 5304 2880 5367 existimemus.
2946 5311 3148 5365 Similis
3185 5311 3310 5365 item
3364 5310 3572 5361 militia:
3616 5304 3846 5356 videatur

2311 5394 2561 5451 uterque,
2587 5390 2643 5435 et
2674 5382 2727 5433 in
2757 5381 2877 5434 aula
2900 5380 3184 5451 militasse,
3238 5381 3374 5433 alter
3427 5376 3619 5451 aerario
3659 5369 3840 5451 praefe-

2314 5438 2467 5513 ctus:
2486 5438 2625 5505 alter
2651 5466 2804 5503 sacro
2826 5449 3112 5514 cubiculo;
3145 5438 3453 5517 quanquam
3480 5444 3613 5497 alias
3659 5438 3844 5493 Σακελσ

2314 5524 2497 5592 λάριος
2532 5522 2695 5575 etiam
2741 5520 2801 5592 in
2834 5520 3099 5592 Ecclesia;
3123 5517 3319 5592 ciliciis
3364 5523 3715 5592 numeretur:
3750 5520 3843 5583 qua

2312 5576 2693 5645 de‘re'noster
2728 5589 2869 5644 Goar
2891 5629 2904 5653 ,
2937 5589 3205 5644 Meursius
3233 5594 3288 5637 et
3330 5584 3445 5637 alii.
3514 5576 3843 5653 Documentis

2310 5661 2512 5740 referta
2541 5660 2603 5714 ad
2638 5675 2823 5730 pacem
2848 5650 2986 5714 bene
3018 5656 3291 5713 utendam,
3324 5669 3432 5707 non
3488 5653 3611 5707 item
3637 5650 3841 5718 dogma‘

2313 5740 2439 5785 “(.73.
