3958 6338
187 460 282 523 609

1593 452 1991 514 EPISTOLxﬁ.

3268 428 3377 505 .610

187 571 271 624 καὶ
321 570 422 640 τὴν
469 568 606 640 πρὸς
651 567 742 622 τὸν
787 567 993 638 κόσμον
1047 567 1263 622 καὶτὸν
1291 565 1724 636 κοσμοκράτορα,

1845 563 1876 616 si
1906 579 2005 632 pro
2033 562 2192 618 officii
2218 564 2426 617 ratione
2470 563 2552 616 usi
2605 576 2735 631 pace
2786 557 3082 620 fuerimus;
3133 569 3215 619 ac,
3259 541 3379 623 quae

185 660 359 724 κακῶς
407 661 538 730 ἡμῖν
583 659 964 730 ὲνυπάρξασαν
1007 660 1366 731 ἀθετήσαντες
1396 656 1603 726 φιλίαν,
1639 656 1731 708 καὶ

184 755 264 808 διὰ
311 753 418 806 τῶν
461 751 651 806 παθῶν
709 753 845 822 πρδς
892 752 982 805 τὸν
1022 751 1154 805 Θεὸν
1199 749 1585 819 συνιστάμενον
1629 746 1732 800 κᾶν

184 843 273 915 ὀψέ
305 853 432 897 ποτε
467 842 859 914 καταλύσωμεν
889 842 1119 912 πόλεμον
1143 887 1158 912 ,
1209 841 1303 896 καὶ
1347 841 1577 902 σπονδὰς
1605 838 1732 892 άλύ-

185 953 298 1000 τους
328 936 425 1006 τῆς
455 935 591 1006 πρὸς
614 923 780 988 ¹αὑτὸν
809 935 1029 1004 εἰρήνης
1056 935 1401 1011 ποιήσαντες,
1429 935 1487 985 ὲν
1511 934 1574 1000 τῇ
1603 947 1732 984 κατ’

184 1029 403 1101 αργήσει
454 1027 548 1079 τοῦ
595 1025 846 1096 σώματος
883 1025 980 1096 (j),
1033 1024 1132 1093 τῆς
1175 1024 1308 1094 πρὸς
1338 1022 1496 1076 αὑτὸν
1533 1021 1732 1090 ἔχθρας

185 1118 534 1189 παυσώμεθα.
574 1117 856 1170 Ἀδύνατον
900 1115 1008 1186 γάρ
1058 1118 1202 1169 ἑστιν
1249 1115 1395 1183 ἡμᾶς
1435 1110 1733 1180 φιλωθῆναι

185 1209 308 1278 Θεῷ,
353 1209 458 1262 διὰ·
479 1208 586 1261 τῶν
619 1207 807 1260 παθῶν
842 1207 974 1276 πρὸς
1007 1206 1169 1258 αὐτὸν
1201 1201 1604 1267 στασιάζοντας,
1640 1200 1759 1253 και

183 1299 249 1368 τῷ
277 1297 504 1369 πονηρῷ
534 1297 800 1369 τυράννῳ,
831 1297 924 1350 καὶ
958 1297 1186 1365 φονευτῇ
1223 1294 1329 1348 τῶν
1353 1293 1538 1363 ψυχῶν
1559 1291 1736 1344 διαϐό-

185 1390 249 1460 λῳ
294 1389 387 1447 διὰ
431 1387 634 1452 κακίας
671 1388 1029 1458 δασμοφορείν
1061 1387 1445 1457 ἀνεχομένους,
1503 1385 1576 1454 μὴ
1606 1381 1755 1453 πρόσ⁶

191 1497 322 1550 τερον
355 1481 426 1532 δι’
454 1479 578 1532 ὅλου
612 1477 1022 1549 πολεμωθέντας
1056 1478 1133 1548 τῷ
1158 1476 1398 1547 πονηρῷ.
1428 1476 1603 1544 Μέχρι
1628 1474 1736 1546 γάρ

193 1572 287 1623 τότε
342 1571 442 1624 τοῦ
487 1569 622 1624 Θεοῦ
669 1569 1088 1640 καθεστήκαμεν
1127 1567 1310 1638 ἐχθροὶ
1345 1567 1437 1619 καὶ
1465 1564 1734 1634 πολέμιοι,

192 1664 273 1717 κᾶν
335 1662 550 1716 πιστῶν
597 1659 968 1732 προσηγορίαν
1022 1661 1152 1730 ἡμῖν
1205 1659 1388 1721 αὐτοῖς
1435 1655 1738 1726 περιπλάτ-

186 1771 346 1824 τωμεν
371 1793 387 1818 ,
430 1753 624 1824 μέχρις
649 1746 709 1806 οὗ
743 1752 968 1806 πάθεσιν
994 1749 1214 1821 ἀτιμίας
1242 1748 1511 1802 δουλεύειν
1539 1733 1737 1817 βουλώ-

186 1845 311 1915 μεθα
335 1861 351 1876 ο
412 1847 510 1898 καὶ
559 1844 710 1897 οὐδὲν
755 1842 945 1911 ὄφελος
981 1843 1110 1914 ἡμῖν
1146 1843 1209 1894 ἑκ
1236 1842 1332 1912 τῆς
1367 1839 1506 1893 κατὰ
1535 1839 1737 1907 κόσμον
1771 1878 1810 1937 Β

185 1937 419 2006 εἰρήνης,
453 1934 636 1988 λοιπὸν
684 1933 1140 2003 περιγενήσεται,
1193 1932 1292 2001 τῆς
1335 1930 1513 2000 ψυχῆς
1557 1928 1738 1991 κακῶς

180 2028 526 2099 διακειμένης
549 2066 563 2091 ,
613 2026 708 2079 καὶ
737 2025 871 2098 πρὸς
895 2025 984 2080 τὸν
1011 2025 1140 2096 ῐδιον
1171 2023 1398 2094 ποιητὴν
1425 2019 1741 2085 στασιαζούυ

183 2136 300 2189 σης,
339 2119 438 2172 καὶ
472 2116 574 2171 ὑπὸ
605 2119 702 2186 τὴν
736 2116 902 2170 αὐτοῦ
938 2115 1214 2186 βασιλείαν
1239 2112 1488 2181 γενέσθαι
1524 2112 1623 2189 οὐκ
1649 2112 1742 2164 ἀν-

180 2187 469 2282 εχομένης·
503 2210 579 2262 ἔτι
611 2211 824 2294 μυρίοις
849 2208 1208 2284 πεπραμένης
1237 2207 1404 2275 ὠμοῖς
1433 2187 1739 2270 δεσπόταις,
1793 2263 1808 2279 ο

177 2303 255 2362 εἰς
303 2299 506 2354 κακίαν
545 2289 1132 2368 αὑτὴνηκατεπείγουσι
1159 2332 1174 2358 ,
1234 2291 1328 2344 καὶ
1376 2289 1473 2361 τὴν
1516 2292 1596 2352 εἰς
1635 2290 1743 2342 ἀπ-

177 2391 374 2446 ώλειαν
395 2392 660 2462 φέρουσαν
679 2389 794 2443 ὁδὸν
819 2391 916 2458 τῆς
940 2384 1215 2455 σωζούσης
1239 2381 1436 2453 μᾶλλον
1451 2379 1762 2449 ἀπατηλῶς·

180 2482 452 2554 αἱρεῖσθαι
503 2479 1029 2553 παρασκευάζουσιν.
1075 2475 1322 2530 Ἐπειδὰν
1369 2472 1428 2526 δὲ
1484 2472 1583 2542 τῆς
1635 2469 1744 2523 τῶν

188 2573 368 2628 παθῶν
402 2572 579 2644 μέθης
608 2571 931 2640 ἑκνήψωμεν
955 2609 968 2634 ,
1009 2563 1102 2622 καὶ
1129 2568 1228 2637 τῆς
1253 2563 1347 2619 τοῦ
1375 2562 1621 2617 διαϐόλου
1651 2577 1747 2612 πο-

187 2666 343 2735 νηρᾶς
390 2661 882 2731 κατεξαναστῶμεν
938 2659 1033 2713 καὶ
1079 2655 1412 2728 τυραννικῆς
1447 2652 1743 2724 βασιλείας,

192 2755 277 2807 καὶ
323 2755 414 2806 τὸν
464 2751 633 2806 αὐτοῦ
679 2751 1001 2821 πικρότατον
1029 2745 1194 2814 ζυγὸν
1224 2743 1430 2798 ἑαυτῶν
1453 2738 1747 2804 ἐκτιναξὼ-

199 2845 338 2915 μεθα·
369 2845 472 2898 καὶ
503 2842 812 2913 κατίδοιμεν
843 2843 967 2895 ὅσον
1000 2841 1145 2910 ἡμᾶς
1179 2839 1213 2907 ἡ
1247 2835 1382 2906 πρὸς
1407 2831 1568 2888 αὑτὸν
1592 2830 1745 2899 φιλία

196 2936 513 3007 κατέφθειρε·
536 2953 550 2967 ⁸
599 2933 898 3005 τηνικαῦτα
925 2929 1186 3001 δεξόμεθα
1219 2926 1312 2981 τοῦ
1345 2921 1619 2998 εἰρηνικοῦ
1651 2920 1746 2976 καὶ

189 3029 351 3101 πράου
401 3027 668 3099 βασιλέως
709 3023 945 3096 Χριστοῦ
996 3022 1099 3097 τὴν
1132 3017 1411 3092 εἰρηνικὴν
1443 3013 1747 3089 παρουσίαν

185 3122 263 3190 tcp‘
287 3122 508 3183 ἑαυτοῖς
536 3119 784 3189 ἀοράτως
825 3115 1114 3186 γινομένην
1133 3131 1145 3146 ·
1183 3112 1279 3166 καὶ⁸
1299 3109 1609 3179 ἀνεξόμεθα
1642 3104 1746 3159 ὑπὸ

1831 653 1992 707 nobis
2023 654 2162 707 male
2187 653 2541 708 cum'mundo
2569 651 2871 719 mundique
2914 659 3127 702 rectore
3181 644 3378 698 coalita

1830 743 2066 796 amicitia
2087 751 2190 807 est,
2212 743 2485 813 abdicata,
2513 723 2728 794 tandem
2755 737 3047 808 aliquando
3089 733 3380 790 conflatum

1830 832 1989 887 nobis
2015 827 2276 887 adversus
2296 833 2485 896 Deum,
2521 831 2776 884 vitiorum
2799 826 3382 898 perturbationemque

1829 939 1896 979 eo
1917 925 2132 978 inimica
2149 923 2286 988 acie,
2307 924 2506 986 bellum
2528 922 2954 983 dissolverimus,
2980 919 3234 988 pacisque
3259 930 3384 968 cum

1831 1016 2195 1070 indissolubili
2215 1015 2322 1070 icto
2347 1015 2550 1069 foedere
2591 1014 2642 1066 in
2668 1011 3034 1066 destructione
3065 1007 3308 1076 corporis
3332 1013 3382 1068 υ,

1833 1106 2241 1160 inimicitiarum
2272 1107 2326 1159 in
2355 1122 2479 1160 eum
2506 1105 2664 1158 finem
2693 1105 3004 1162 fecerimus.
3063 1101 3181 1155 Non
3237 1097 3382 1152 enim

1833 1197 1951 1252 fieri
1986 1207 2166 1266 potest
2189 1205 2248 1251 ut
2268 1212 2391 1251 eum
2425 1197 2536 1250 Deo
2564 1195 3130 1264 amicitiajungamur,
3155 1190 3389 1259 quiper—

1834 1286 2242 1342 turbationibus
2273 1286 2527 1354 vitiisque
2582 1271 2636 1338 in
2661 1300 2784 1338 eum
2820 1283 3231 1342 tumultuantes,
3268 1293 3389 1347 pes-

1834 1380 2079 1448 simoque
2103 1386 2328 1448 tyranno
2359 1378 2639 1446 hostisque
2690 1376 2994 1430 animorum
3054 1370 3388 1424 internecino

1835 1469 2053 1524 diabolo
2079 1469 2491 1532 succenturiati,
2533 1467 2826 1536 vectigales
2854 1465 2904 1518 ei
2937 1479 3034 1533 per
3090 1461 3387 1531 nequitiam

1836 1575 1956 1615 esse
1986 1561 2371 1624 sustineamus,
2402 1559 2533 1628 quin
2563 1559 2712 1628 prius
2745 1557 2968 1611 omnino
2993 1555 3137 1608 malo
3193 1551 3390 1607 infensi

1834 1651 2187 1705 evaserimus.
2222 1651 2497 1705 Hactenus
2544 1653 2689 1703 enim
2724 1648 2932 1701 inimici
2963 1647 3057 1700 Dei
3099 1646 3391 1712 hostesque

1836 1756 2043 1804 sumus,
2076 1740 2288 1795 tametsi
2318 1739 2558 1793 ﬁdelium
2591 1739 2752 1792 nobis
2774 1737 3190 1806 appellationem
3236 1733 3389 1787 aflin-

1837 1829 2034 1898 gimus,
2089 1827 2328 1896 quandiu
2377 1827 2655 1896 probrosis
2699 1825 2983 1879 affectibus
3033 1821 3236 1876 servire
3292 1833 3390 1872 vo-

1839 1917 2104 1972 luerimus
2135 1925 2178 1970 °.
2209 1916 2323 1971 Nec
2355 1917 2523 1970 ullum
2559 1914 2717 1969 nobis
2741 1915 2997 1982 deinceps
3013 1927 3079 1966 ex
3111 1924 3241 1980 pace
3290 1921 3392 1962 saa-

1812 2008 1948 2062 ~culi
1982 2006 2738 2077 provenietlucrum,'animo
2765 2004 2924 2058 nobis
2977 2003 3114 2056 male
3171 1999 3390 2078 affecto,

1840 2099 2210 2168 adversusque
2239 2108 2515 2152 auctorem
2549 2111 2707 2152 suum
2738 2095 3119 2156 tumultuante,
3150 2107 3252 2146 nec
3277 2090 3395 2159 ejus

1842 2189 2074 2260 imperio
2098 2191 2322 2244 subesse
2356 2189 2678 2258 sustinente,
2707 2202 2829 2241 cum
2873 2184 3176 2239 innumeris
3219 2181 3396 2235 adhuc

1840 2280 2188 2334 venundatus
2209 2279 2448 2348 sit355
2464 2280 2620 2334 saevis
2637 2277 2890 2341 dominis,
2906 2276 2997 2345 qui
3015 2275 3068 2328 in
3081 2272 3272 2328 vitium
3292 2271 3394 2324 im-

1840 2369 2063 2442 pellant,
2089 2370 2342 2438 viamque
2358 2369 2644 2440 ducentem
2667 2369 2733 2422 ad
2759 2367 3062 2430 interitum,
3083 2379 3194 2434 pne
3216 2378 3277 2418 ea
3291 2377 3396 2431 qua

1842 2455 1998 2518 salus
2015 2473 2260 2532 paratur,
2280 2443 2796 2532 fraude‘eligendam
2825 2445 3132 2515 suadeant.‘
3161 2458 3282 2519 Ubi’
3302 2472 3399 2510 au-

1793 2593 1812 2607 .
1843 2563 1949 2611 tem
1963 2571 1994 2609 a
2010 2556 2266 2609 vitiorum
2290 2555 2870 2631 perturbationumque
2884 2550 3198 2606 temulentia
3216 2564 3397 2604 emer-

1843 2646 2095 2710 serimus,
2141 2646 2305 2714 inque
2349 2643 2744 2714 nequissimum
2770 2657 2833 2697 ae
2885 2640 3229 2712 tyrannieum
3280 2639 3400 2708 ejus

1843 2661 2095 2710 serimus,
2141 2660 2305 2714 mque
2349 2660 2512 2714 nequi
2548 2658 2744 2697 snnum
2770 2657 2833 2697 ae
2885 2657 3229 2712 tyranmcum
3280 2657 3399 2708 ejus

1843 2752 2068 2807 regnum
2087 2736 2437 2800 coiverimus,
2459 2657 2620 2804 ιιιλο
2637 2735 2781 2789 illius
2798 2732 3399 2801 amarissimumjugum

1843 2845 1873 2882 a
1895 2828 2054 2883 nobis
2086 2827 2506 2891 excusserimus,
2529 2818 2604 2880 "ac
2636 2835 2837 2895 quanta
2892 2824 3053 2878 nobis
3095 2825 3213 2894 ejus
3263 2822 3402 2876 ami-

1845 2915 1971 2969 citia
2005 2914 2199 2967 damna
2231 2913 2506 2980 intulerit,
2528 2913 2744 2982 plenius
2776 2914 3244 2981 perspexerimus;
3274 2922 3402 2967 tunc

1844 3003 2058 3075 pacifici
2089 3003 2344 3072 mitisque
2374 3003 2518 3072 regis
2546 3001 2751 3057 Christi
2787 3003 3070 3072 pacificum
3106 3002 3174 3056 ad
3201 3018 3299 3056 nos
3325 3004 3405 3056 in-

1844 3097 2047 3151 visibili
2082 3096 2292 3150 ratione
2323 3096 2612 3148 adventum
2647 3095 3028 3163 suscipiemus,
3057 3104 3220 3163 atque
3261 3097 3406 3150 illius

181 3185 268 3266 τδν
286 3212 458 3266 αὐτοῦ
484 3185 736 3279 γενέ-σθαι
761 3185 955 3276 ζυγὸν,
970 3206 1154 3277 νόμοις
1179 3204 1434 3274 ἀληθείας
1457 3202 1746 3261 τάσσοντος

1849 3186 2042 3256 subjici
2057 3187 2208 3256 jugo,
2239 3186 2334 3254 qui
2372 3201 2470 3238 nos
2497 3185 2742 3238 veritatis
2767 3185 2976 3254 legibus
3003 3186 3221 3238 ordinet
3241 3194 3404 3253 atque

184 3305 324 3376 ἡμᾶς
339 3305 442 3357 καὶ
460 3300 809 3373 ῥυθμίζοντος
832 3314 847 3329 ·
881 3298 973 3352 καί
986 3297 1084 3367 τὴν
1103 3294 1236 3366 πρὸς
1255 3293 1412 3346 αὐτὸν
1436 3287 1748 3343 στείλασθαι

184 3395 450 3456 ἑκουσίως
499 3390 682 3462 φιλίαν
729 3377 1172 3457 καταδεξάμεθα,
1225 3383 1422 3452 φόρους
1455 3378 1604 3448 αὐτῷ
1654 3378 1750 3430 καὶ

185 3488 427 3558 δασμοὺς
452 3486 712 3547 ἑκουσίως
737 3482 1122 3553 προσάγοντες,
1155 3475 1279 3537 τοὺς
1303 3473 1392 3526 διὰ
1410 3471 1518 3524 τῶν
1537 3468 1749 3540 ἀρετῶν

186 3580 300 3634 κατ’
323 3577 549 3647 ἑντολὴν
573 3571 1098 3644 τελεσφορουμένους
1118 3570 1176 3620 ἑν
1199 3563 1462 3638 ἡμῖν’τῆς
1480 3559 1752 3617 δικαιοσύ-

186 3685 277 3738 νης
309 3665 584 3738 καρπούς.
615 3658 708 3726 Οἷς
739 3662 876 3732 ὑπὲρ
900 3660 998 3730 τῆς
1023 3657 1178 3729 ἡμῶν
1207 3654 1474 3727 σωτηρίας
1495 3650 1752 3724 ἡδόμενος

187 3759 214 3811 ὁ
233 3759 397 3829 μόνος
414 3755 736 3827 ἀπροσδεὴς,
756 3753 930 3828 πάντα
948 3753 1076 3822 ἡμῖν
1096 3747 1384 3820 χαρίσηται
1403 3746 1477 3809 ὼς
1492 3743 1749 3814 ἀψευδὴς,

184 3849 279 3902 ὅσα
328 3849 471 3918 ἡμῖν
524 3843 905 3915 ἑπέηγγείλατο.
963 3840 1044 3893 Τὰ
1071 3840 1128 3903 δέ
1159 3841 1328 3900 ἑστιν,
1359 3839 1418 3888 Ἀ
1448 3833 1753 3903 ὀφθαλμὸς

187 3941 291 3992 οὐκ
315 3934 466 3998 εἶδε,
501 3935 597 3990 καί
633 3929 742 3998 οὖς
786 3933 898 3985 οὐκ
933 3929 1163 3997 ἤκουσε
1185 3964 1202 3989 ,
1250 3925 1348 3980 καί
1385 3925 1482 3977 ἐπὶ
1505 3923 1754 3990 καρδίαν

188 4016 500 4096 ἀνθρώπσῦ
551 4026 660 4078 οὐκ
702 4022 884 4088 ἀνέϐη
909 4060 924 4084 ,
981 4017 1020 4072 ἁ
1051 4018 1377 4084 ἡτοίμασεν
1400 4016 1433 4066 ὁ
1459 4011 1602 4092 Θεὸς
1629 4013 1753 4076 τοῖς

192 4117 502 4189 ἀγαπῶσιν
528 4115 734 4169 αὐτόν.
780 4107 1059 4175 Είςτοῦτο
1083 4107 1192 4176 γὰρ
1225 4107 1371 4175 ἡμᾶς
1402 4103 1496 4156 καὶ
1523 4101 1754 4170 πεποίη-

192 4226 308 4271 κεν,
367 4209 458 4261 ἵνα
483 4202 767 4275 γενώμεθα
797 4201 946 4265 θείας
976 4197 1223 4252 κοινωνοὶ
1255 4196 1490 4265 φύσεως,
1528 4191 1624 4246 καὶ
1653 4191 1753 4260 τῆς

193 4299 350 4359 αὐτοῦ
379 4296 685 4367 ἀῖδιότητος
709 4294 943 4366 μέτοχοιο
998 4290 1090 4345 καὶ
1121 4287 1376 4357 φανῶμεν
1405 4283 1552 4355 αὐτῷ
1580 4285 1754 4354 ὅμοιοι

199 4391 328 4443 κατὰ
357 4389 460 4460 τὴν
493 4389 558 4441 ἑκ
581 4387 801 4458 χάριτος
825 4384 1018 4436 θέωσιν
1038 4399 1052 4412 ’
1087 4380 1154 4432 δι’
1173 4381 1240 4450 ἢν
1273 4377 1424 4463 πχᾶσά
1449 4393 1508 4429 τε
1538 4376 1645 4429 τῶν
1671 4376 1757 4430 ὅν-

1822 3291 1825 3294 ·
1849 3283 2161 3343 componat,
2187 3274 2613 3337 sustinebimus;
2637 3275 2938 3342 jutietoque
2969 3282 3163 3342 sponte
3189 3288 3312 3328 cum
3339 3291 3405 3330 eo

1848 3366 2209 3420 amicitiarum
2236 3364 2462 3427 foedere,
2483 3365 2625 3427 ultro
2644 3364 2845 3418 tributa
2863 3367 3163 3434 pendemus
3187 3383 3248 3422 ac
3272 3368 3406 3423 offe—

1850 3471 2054 3519 remus,
2082 3455 2305 3525 iustitiae
2329 3453 2538 3508 scilicet
2563 3453 2620 3506 in
2649 3453 2805 3508 nobis
2826 3453 3088 3508 virtutum
3109 3459 3257 3510 cultu
3281 3473 3410 3512 con-

1851 3556 2118 3630 summata
2166 3543 2424 3614 praecepti
2477 3543 2864 3613 adimpletione
2909 3543 3092 3615 fruges
3139 3564 3152 3598 :
3207 3547 3450 3616 quibus-

1849 3645 2050 3692 nostraa
2072 3635 2265 3690 salutis
2292 3650 2455 3689 causa
2497 3635 2822 3697 delectatus,
2881 3634 2974 3704 qui
3027 3651 3168 3691 unus
3208 3638 3409 3692 nullius

1851 3737 1995 3799 eget,
2025 3743 2145 3798 quae
2171 3727 2449 3796 pollicitus
2467 3735 2570 3789 est,
2599 3736 2853 3794 tanquam
2886 3742 3068 3790 verax,
3115 3728 3272 3782 nobis
3295 3743 3410 3781 om-

1852 3822 1940 3875 nia
1966 3819 2210 3872 donabit.
2243 3816 2382 3870 Sunt
2411 3832 2540 3869 vero
2565 3817 2680 3869 haec
2706 3834 2719 3868 :
2755 3816 2886 3879 Quae
2908 3833 3002 3870 nec
3033 3817 3214 3870 oculus
3254 3820 3406 3884 vidit,

1854 3927 1946 3963 nec
1978 3910 2124 3960 auris
2173 3907 2390 3968 audivit,
2427 3921 2518 3957 nec
2555 3907 2610 3957 in
2650 3922 2738 3958 cor
2778 3907 2998 3958 hominis
3040 3910 3406 3972 ascenderunt,

1853 4015 1968 4070 qua:
1987 3999 2306 4069 praeparavit
2337 3982 2470 4049 Deus
2501 3998 2578 4049 his
2608 3998 2697 4066 qui
2727 3995 2953 4065 diligunt
3008 3999 3177 4067 ipsum
3206 4010 3252 4051 Ρ.
3274 4000 3407 4054 Nam

1852 4104 1909 4150 et
1931 4095 1983 4147 in
2012 4093 2118 4146 hoc
2151 4107 2250 4146 nos
2273 4091 2539 4157 condidit,
2568 4090 2837 4155 utdivinae
2864 4101 3146 4146 consortes
3175 4100 3405 4158 naturae,

1852 4187 2078 4256 ejusque
2115 4184 2437 4238 :eternitatis
2483 4167 2777 4252 participes
2812 4182 3285 4241 efficeremurqzac
3312 4202 3411 4255 per

1855 4276 2276 4337 deificationem,
2295 4282 2424 4342 qua:
2446 4273 2614 4342 gratia
2638 4281 2948 4340 prmstatur,
2980 4273 3028 4327 ei
3057 4273 3262 4328 similes
3287 4290 3412 4331 eva-

1848 4369 2076 4429 damus;
2103 4368 2259 4436 cujus
2293 4365 2461 4434 gratia
2488 4363 2666 4417 omnis
2687 4373 2800 4417 tum
2849 4380 3028 4419 rerum
3092 4369 3414 4424 constitutio

202 4468 301 4532 των
319 4483 354 4550 η
379 4448 638 4539 σόστασίς
657 4448 783 4528 ’ἑστι
803 4474 944 4542 καὶὴ
975 4448 1222 4540 διαμονὴὴ,
1247 4448 1341 4523 καὶ
1365 4470 1398 4539 ἡ
1428 4467 1535 4520 τῶν
1569 4467 1643 4536 μὴ
1667 4467 1751 4519 δν-

1857 4468 1911 4513 et
1935 4456 2153 4512 duratio
2180 4493 2194 4518 ,
2243 4463 2356 4512 tum
2401 4454 2635 4511 necdum
2690 4448 3414 4525 exsistentium'produetio

197 4584 300 4621 των
327 4569 630 4639 παραγωγὴ
659 4566 752 4619 καὶ
780 4565 1007 4632 γένεσις.

226 4728 228 4730 τ
261 4657 556 4728 Γενώμεθα
583 4656 766 4708 ,τοίνυν
804 4653 943 4718 ἄξιοι
969 4652 1067 4722 τῆς
1106 4650 1350 4720 εἰρήνης,
1377 4647 1614 4700 δέσποτα
1643 4663 1743 4715 μου

197 4728 547 4819 ι’ὺλογημένε,
569 4747 645 4807 ,τὰ
674 4747 731 4799 ἑν
760 4747 890 4817 ἡμῖν
922 4743 1278 4806 στασιάζοντα
1297 4739 1428 4806 πρὸς
1453 4738 1583 4790 Θεὸν
1609 4728 1756 4804 πάθη

201 4841 412 4896 ἑαυτῶν
449 4836 716 4911 ἀνδρικῶς
767 4835 1126 4908 περιελόντες.
1165 4831 1428 4899 Τήξωμεν
1465 4828 1562 4895 ὅση
1595 4825 1758 4878 δύνα-

205 4948 302 5002 μις
326 4929 387 4981 τὸ
412 4929 590 4999 σῶμα,
611 4927 676 4979 δι’
708 4921 768 4979 οὗ
796 4922 1130 4994 σφριγῶντας
1157 4921 1191 4988 ὴ
1217 4918 1309 4970 τοῦ
1344 4915 1590 4968 διαϐόλου
1624 4915 1760 4985 πρὸς

199 5022 301 5092 τὴν
323 5021 501 5090 ψυχὴν
533 5017 779 5087 γίνεσθαι
807 5017 1049 5083 πέφυκεν
1086 5010 1306 5071 εἴσοδος.
1345 5006 1760 5077 Ἀναγνώσμασι

276 5167 306 5198 ιι
331 5159 490 5213 Rom.
515 5171 586 5220 rt,
617 5155 669 5208 6.

1784 4524 1829 4580 D
1857 4560 2019 4618 atque
2046 4547 2217 4616 origo.

1922 4638 2079 4707 Digiti
2096 4653 2227 4707 ergo
2254 4653 2385 4707 pace
2411 4636 2728 4701 efliciamur,
2758 4636 2982 4692 domine
3009 4637 3079 4690 mi
3103 4637 3412 4699 benedicte,

1853 4730 2001 4784 virili
2027 4731 2238 4784 scilicet
2271 4731 2506 4799 fortique
2532 4729 2846 4783 constantia
2877 4728 3170 4797 amputatis
3199 4744 3226 4780 a
3256 4729 3415 4782 nobis

1853 4821 2003 4876 vitiis
2033 4819 2655 4890 aeperturbationibus,
2687 4818 2975 4872 adversum
3024 4820 3198 4871 'Deum
3236 4818 3288 4870 in
3319 4834 3417 4872 no-

1857 4912 1943 4966 bis
1979 4910 2460 4965 tumultuantibus.
2490 4909 2762 4973 Quantum
2800 4925 2896 4977 per
2935 4908 3244 4961 facultatem
3289 4907 3419 4960 licet

1860 5018 2062 5072 corpus
2094 5016 2455 5062 maceremus,
2497 5014 2606 5067 quo
2633 4999 2946 5053 luxuriante
2978 4998 3152 5053 facilis
3200 4998 3264 5051 ad
3297 4998 3418 5051 ani-

745 5169 766 5191 ο
795 5153 954 5206 Rom.
987 5168 1025 5215 ι,
1057 5150 1147 5204 26.
1222 5158 1249 5198 ιν
1270 5147 1293 5201 ι
1315 5145 1441 5202 Cor.
1469 5161 1527 5211 ιι,
1552 5147 1630 5201 9.·
1680 5157 1707 5195 (ι
1739 5147 1780 5200 ll
1805 5147 1952 5201 Petr.
1985 5160 2020 5210 ι,
2057 5143 2108 5197 4.

1695 5260 1928 5317 ΝΟΤᾸΕ.

281 5367 358 5440 (j)
400 5365 506 5440 ξΕν
527 5362 600 5431 τῇ
629 5345 1130 5440 καταργῇσειμτοῇ
1168 5357 1458 5437 adytaon
1486 5357 1638 5436 Desit
1657 5372 1760 5409 vox

207 5426 508 5505 ἀμ’ἆρτίας,
539 5426 634 5505 aut
656 5426 1208 5505 certeintelligatur;
1236 5426 1666 5505 'reSpicitﬁenihm
1704 5441 1769 5504 ac

213 5494 393 5562 reddit
424 5494 557 5558 illud
587 5501 741 5556 Pauli
773 5501 930 5554 Rom.
967 5513 1047 5551 \‘t:
1082 5498 1195 5548 Ἵνα
1225 5494 1541 5564 καταργηθῇ
1575 5495 1634 5545 τὸ
1668 5494 1770 5544 σῶ-

214 5594 294 5646 μα
330 5576 441 5646 τῆς
503 5572 808 5646 ἁμαρτίας·
841 5566 1244 5646 [ζςιάςδιιιςιιςῐειιν
1299 5581 1486 5646 corpus
1524 5564 1767 5646 peccati:

212 5632 733 5712 cuifer'e'gemi‘num
769 5648 826 5692 et
870 5636 1002 5712 illud
1042 5635 1254 5712 Colos_s.
1297 5632 1618 5712 {rens
1669 5632 1772 5712 ἀπ-

215 5715 427 5768 εκδύσει
449 5700 544 5762 ’ἴοῦ
579 5709 824 5776 σώματος
841 5706 951 5760 τῶν
980 5703 1260 5776 ἁμαρτιῶν
1300 5704 1398 5770 τῆς
1437 5703 1637 5770 σαρκός
1659 5716 1670 5730 -
1706 5700 1769 5753 ιη

215 5780 587 5851 mpoliatioue
616 5774 1068 5846 corporis‘caruis,
1119 5774 1318 5851 otui‘ssa
1370 5779 1770 5851 vocepeccuto-

216 5838 376 5907 mut:
429 5847 578 5921 quud
637 5838 960 5916 argumento
1008 5853 1093 5898 est
1145 5841 1385 5897 defuisse
1435 5838 1768 5910 quibusdam

1868 5349 2280 5419 exemplaribus
2306 5349 2541 5413 Grzccis;
2569 5347 2723 5417 quasi
2764 5347 2937 5415 ipsum
2970 5361 3178 5419 corpus,
3207 5353 3260 5419 et.
3308 5363 3425 5397 cor-

1874 5440 1966 5488 pus
2015 5415 2210 5482 curitis,
2279 5419 2333 5472 in
2383 5415 2602 5472 malum
2638 5433 2831 5469 sonare
2873 5417 3084 5488 possint
3130 5415 3425 5488 Scriptum

1868 5485 2074 5560 phrasi,
2095 5499 2190 5560 __ut
2217 5489 2537 5560 rsignificent
2583 5501 2745 5560 opera
2779 5486 3016 5560 carnalia
3067 5494 3226 5560 atque
3257 5485 3424 5560 vitia;

1868 5554 2055 5627 sicque
2094 5554 2375 5618 Maximus,
2416 5574 2522 5610 non
2549 5555 2759 5627 adjecta
2787 5555 2876 5627 illa
2905 5569 3068 5627 voce,
3114 5555 3216 5627 τῆς
3243 5554 3427 5627 αμαρ-

1848 5620 2003 5695 ,τίαᾲ
2030 5628 2331 5696 scripserit.
2368 5629 2440 5680 Ac
2470 5620 2688 5696 quidem
2736 5623 2858 5696 _cod.
2889 5622 3178 5677 Alexandr.
3209 5620 3286 5696 ab.
3319 5620 3428 5696 τῶν

1867 5690 2172 5767 ἁμαρτιῶν,
2203 5697 2424 5767 latalata
2456 5690 2574 5749 loco
2617 5694 2681 5748 ad
2723 5693 2838 5747 Col.
2869 5707 2973 5746 non
3023 5690 3295 5763 agnoscit.
3349 5692 3428 5745 uti

1863 5765 1966 5823 nec
1999 5767 2229 5835 interpr.
2261 5765 2504 5834 Aithiop.
