3958 6338
170 505 255 569 δ’ἰϐ

1547 508 1923 585 EPISTOL/E

3220 503 3326 571 634

171 619 316 684 ἡμᾶς.
354 612 469 680 ἅγιε
505 615 711 684 Πάτερ,
751 617 862 680 πῶς
896 614 1033 685 μετὰ
1060 612 1155 682 τὴν
1183 600 1381 665 τούτων
1412 612 1680 682 ἀποϐολὴν
1710 668 1712 674 ,

1810 631 2103 683 nurumque
2158 618 2515 684 turpitudine,
2549 634 2735 673 eorum
2761 633 2879 689 qua:
2922 631 3016 686 per
3058 614 3328 670 actionem

170 706 490 772 ἀγαπήσομεν
516 706 575 756 τὸ
601 708 795 774 μάννατ
826 708 965 775 φημὶ
988 706 1042 758 δὲ
1070 707 1159 757 τὸν
1180 703 1394 770 λογικὸν
1417 705 1511 771 τῆς
1532 706 1678 768 Θείας

171 796 389 861 γνώσεως
424 793 605 863 ἄρτον,
639 795 921 863 οὐρανόθεν
955 796 1083 862 ἡμῖν
1114 791 1357 861 ὑόμενον,
1394 792 1485 844 καὶ
1511 792 1681 859 φυλά-

173 884 308 947 ξομεν
330 884 618 952 ἄφθαρτον·
653 887 784 956 μήτε
814 887 946 953 πρὸς
973 884 1068 954 τὴν
1094 881 1308 953 αὔριον,
1338 882 1404 934 δι’
1424 882 1685 951 ἀναϐολῆς

173 975 573 1042 Θησανρξζοντες,
610 975 694 1026 ἵνα
731 975 805 1045 μὴ
835 974 1015 1045 βράσῃ
1041 974 1327 1042 σκώληκας
1356 972 1541 1025 παθῶν
1568 989 1687 1042 σαρ-

174 1064 314 1115 κικῶν
332 1104 344 1125 ,
378 1064 465 1115 διὰ
494 1064 589 1133 τῆς
617 1065 811 1133 άργίας
840 1064 1143 1138 σηπόμενοι)
1162 1077 1175 1091 ⁵
1213 1064 1370 1133 ,μήτε
1398 1063 1462 1115 δι’
1489 1052 1687 1114 ἐπιδεί-

178 1157 285 1221 ξεως
329 1156 783 1224 θριαμϐεύοντες,
839 1157 925 1208 ἵνα
983 1156 1055 1224 μὴ
1098 1155 1318 1223 γένηται
1364 1153 1590 1221 φροῦδον
1623 1155 1688 1221 τῇ

180 1245 415 1316 κενοδοξίᾳ
470 1247 784 1316 τηκόμενον.
847 1244 1118 1306 τοιούτοις
1166 1245 1259 1296 καὶ
1310 1232 1469 1296 πάλιν
1519 1243 1694 1310 λόγοις

179 1332 343 1401 θρέψον
371 1338 539 1403 ἡμᾶς,
572 1337 717 1410 τίμιε
748 1335 942 1404 Πάτερ,
978 1335 1104 1397 τοὺς
1134 1335 1258 1397 σοὺς
1291 1334 1579 1410 μαθητάς,⁵
1603 1334 1695 1385 καὶ

183 1425 392 1491 παράθου
437 1427 503 1478 δι’
527 1408 688 1495 εὐχῆς
713 1426 798 1494 τῷ·
814 1426 929 1496 Θεῷ
952 1464 967 1488 ,
1017 1426 1140 1497 δίχα
1168 1426 1265 1495 τῆς
1299 1429 1395 1496 σῆς
1425 1408 1695 1495 μεσιτείας

188 1516 521 1583 προσκυνῆσαι
555 1516 628 1585 μὴ
656 1514 1006 1583 δυναμένους.

1783 703 1914 782 edit,
1954 705 2215 758 maiorum
2251 695 2477 759 fetorem
2514 708 2659 777 large
2690 708 2796 761 illis
2827 709 3027 775 spirat,
3060 707 3151 775 qui
3201 704 3331 758 foris

1785 802 1929 848 sunt.
1973 793 2171 847 Verum
2224 794 2360 848 doce
2416 808 2554 858 nos,
2604 805 2790 849 sancte
2836 796 3015 857 Pater,
3053 792 3333 862 quomodo

1790 883 1880 937 ubi
1920 883 2032 935 hate
2055 883 2431 952 abjccerimus,
2454 899 2649 937 manna
2680 885 2967 953 diligemus
2992 882 3332 953 (rationalem

1792 972 2001 1027 scilicet
2030 971 2228 1025 divinaa
2263 958 2503 1026 scientiae
2545 986 2780 1051 panem,
2827 972 2920 1041 qui
2950 972 3106 1025 nobis
3134 987 3163 1025 e
3196 970 3335 1025 caalo

1792 1063 1927 1133 pluit
1958 1062 2002 1130 τ)
2058 1063 2545 1131 incorruptumque
2589 1062 2953 1125 servabimus;
3003 1060 3097 1129 qui
3130 1074 3233 1113 nec
3278 1060 3332 1112 in

1793 1143 2096 1206 crastinum
2110 1146 2209 1219 per
2237 1149 2551 1205 dilationem
2572 1153 2728 1205 nobis
2750 1166 3093 1220 reponamus,
3124 1165 3192 1204 ne
3210 1164 3353 1203 ver--

1797 1257 1914 1295 mes
1944 1241 2169 1294 ebulliat
2198 1241 2496 1294 carnalium
2544 1242 2855 1305 atl'ectuum,
2896 1241 3022 1295 dum
3065 1256 3161 1308 per
3201 1239 3340 1292 otio—

1797 1332 2012 1385 sitatem
2040 1331 2459 1399 computrescit;
2489 1346 2587 1385 nec
2610 1347 2704 1400 per
2732 1331 3142 1384 ostentationem
3166 1330 3338 1397 jacte-

1800 1437 1920 1476 mus
1950 1436 2011 1475 ac
2043 1422 2414 1490 publicemus,
2475 1437 2543 1475 ne
2578 1421 2754 1474 inanis
2799 1420 2982 1489 gloria:
3026 1420 3150 1472 tabo
3179 1420 3338 1472 inane

1799 1512 2181 1580 nullarumque
2214 1504 2414 1565 virium
2444 1511 2723 1566 reddatur.
2759 1509 3101 1581 Ejuscemodi
3137 1520 3342 1561 sermo-

190 1602 317 1656 nibus
358 1620 548 1657 rursus
572 1604 735 1657 etiam
766 1619 866 1657 nos
898 1603 1003 1667 ale,
1032 1604 1341 1659 venerande
1373 1605 1534 1659 Pater
1558 1644 1572 1670 ,
1606 1602 1698 1672 qui
1739 1600 1817 1655 tui
1883 1615 2072 1653 sumus
2100 1600 2388 1669 discipuli,
2418 1599 2637 1667 Deoque
2677 1599 2927 1669 precibus
2990 1594 3338 1658 commenda,

188 1694 259 1765 qui
296 1695 396 1749 nisi
432 1702 523 1746 tua
561 1693 951 1749 intercessione
986 1695 1060 1764 pii
1123 1697 1363 1753 cultores
1405 1711 1523 1753 esse
1578 1710 1688 1749 non
1727 1692 1988 1747 valemus.

361 1866 483 1920 ΛΘ.
510 1895 580 1907 -—
622 1866 730 1921 Τοῦ
758 1867 943 1921 αὑτοῦ
980 1868 1131 1945 πρὸς
1169 1868 1275 1923 τὸν
1298 1870 1503 1923 αὐτόν.

252 1976 510 2044 ’Δςρθόνως
556 1974 712 2047 ἡμῶν
756 1978 1104 2049 διατρέφεις,
1165 1980 1461 2049 ἠγιασμένε
1500 1979 1705 2048 Πάτηρ,

184 2063 258 2116 τόν
292 2083 347 2117 τε
390 2060 836 2136 φαινόμενονκαὶ
864 2069 953 2121 τὸν
982 2068 1264 2138 νοούμενον
1288 2068 1566 2139 ἄνθρωπον
1586 2087 1599 2101 ’
1629 2067 1709 2137 τῷ

188 2154 268 2221 μὲν
296 2156 500 2224 σώματι
525 2156 770 2227 χορηγῶν
800 2159 867 2210 τά
897 2158 1030 2226 πρὸς
1058 2158 1313 2211 σύστασιν
1337 2176 1351 2190 ·
1386 2162 1450 2228 τῇ
1482 2158 1707 2227 ass-rtan

145 2296 156 2303 ,
185 2243 339 2307 διδοὺς
380 2246 445 2297 τά
484 2249 615 2315 πρὸς
652 2245 879 2315 αῠξησιν
905 2249 1001 2316 τὴν
1027 2249 1084 2301 ἐν
1108 2248 1395 2317 πνεύματιὶ
1443 2247 1713 2317 Πεποίηκέ

186 2348 237 2385 σε
265 2336 367 2404 γάρ
391 2336 418 2387 ὁ
440 2335 564 2397 θεὸς
607 2338 726 2388 κατ’
748 2330 1032 2405 ἀμφότερα
1051 2326 1323 2403 ’πλούσιον
1345 2378 1373 2399 ,η
1396 2337 1706 2406 εὐλογήσας

184 2422 273 2490 τὴν
298 2425 487 2476 εἷσοδόν
517 2443 629 2481 σου.
667 2428 879 2485 Εῖσοδον
913 2428 1012 2496 μὲν
1034 2428 1143 2499 γάρ
1167 2428 1328 2496 λέγω,
1352 2428 1448 2498 τὴν
1468 2428 1571 2480 τῶν
1590 2446 1708 2499 χορ-

184 2516 477 2582 ηγουμένων
505 2532 586 2569 σοι
612 2518 763 2586 παρά
780 2517 913 2570 Θεοῦ
943 2519 1292 2587 χαρισμάτων
1318 2519 1524 2587 κτῆσιν,
1551 2519 1710 2572 πολυ-

189 2602 607 2677 πλασιαζομένηντ
628 2608 714 2661 διὰ
742 2609 840 2677 τῆς
868 2608 1117 2678 πράξεως
1138 2623 1151 2635 ·
1190 2607 1361 2671 ἔξοδον
1384 2608 1462 2671 δὲ,
1496 2607 1594 2677 τὴν
1621 2608 1714 2663 ἄλ-

188 2690 283 2755 λοις
326 2703 468 2766 παρὰ
512 2697 605 2749 σοῦ
658 2700 967 2766 γινομένην,
990 2697 1085 2750 τοῦ
1115 2698 1271 2765 λόγου
1303 2698 1564 2751 διάδοσιν·
1621 2698 1711 2750 καὶ

196 2780 243 2829 ἰν
265 2782 477 2846 ἐκείνοις
504 2784 703 2855 δηλαδὴ
731 2787 842 2848 τοῖς
872 2785 1256 2852 λαμϐάνουσιν,
1290 2784 1477 2856 ὥσπερ
1504 2787 1710 2856 καρπὸν

196 2869 433 2943 φέρουσαν
460 2873 561 2944 τὴν
589 2874 695 2928 τῶν
725 2875 1067 2946 καθηκόντων
1094 2877 1390 2949 ἐνέργειαν.

1978 1870 2140 1939 370
2174 1836 2414 1923 XXXIX.
2441 1891 2511 1912 ι-
2537 1869 2791 1939 Ejusdem
2823 1869 2891 1922 ad
2915 1868 3167 1921 eumdem.

1868 1976 2039 2047 Large
2072 1984 2316 2030 nostrum
2335 1977 2633 2041 hominem,
2660 1984 2844 2030 sancte
2865 1976 3044 2037 Pater,
3086 1974 3205 2035 alis,
3230 1980 3341 2024 tum

1802 2069 1897 2137 qui
1930 2069 2103 2123 oculis
2132 2069 2458 2136 conspicuus
2483 2077 2586 2133 est,
2619 2077 2731 2122 tum
2766 2067 2855 2136 qui
2885 2073 3061 2118 mente
3086 2063 3342 2131 intelligi-

1804 2168 1894 2213 tur
1930 2175 1944 2210 :
1984 2158 2080 2226 qui
2111 2172 2307 2225 nempe
2362 2157 2575 2225 corpori
2640 2155 3021 2209 subministres
3055 2167 3162 2221 quo
3212 2151 3345 2204 illud

1806 2254 2160 2308 sustentetur,
2192 2246 2371 2297 animo
2400 2259 2524 2297 vere
2564 2244 2772 2317 tribuas
2798 2278 2812 2304 ,
2841 2242 3040 2311 quibus
3072 2241 3126 2293 in
3152 2240 3346 2309 spiritu

1808 2346 2086 2405 augeatur.
2120 2336 2281 2409 Deus
2302 2335 2447 2388 enim
2474 2335 2720 2404 utrisque
2757 2344 2805 2391 te
2828 2334 3052 2389 divitem
3086 2330 3345 2395 reddidit,

1810 2426 2139 2481 benedicens
2211 2425 2496 2495 introitum
2550 2438 2700 2483 tuum
2751 2434 2806 2493 et
2859 2424 3060 2479 exitum
3122 2425 3345 2485 tuum}.

1809 2518 2011 2586 Nempe
2037 2513 2319 2570 introitum
2347 2518 2490 2581 dico,
2514 2502 2632 2585 quaé
2660 2534 2689 2569 a
2709 2517 2819 2569 Deo
2840 2516 3104 2567 donorum
3132 2528 3344 2581 posses-

1812 2598 1914 2672 sio',
1944 2609 2172 2663 actionis
2221 2608 2371 2662 cultu
2430 2608 2786 2675 multiplicata
2814 2646 2827 2669 ,
2863 2592 2982 2667 otibi'
3018 2596 3344 2671 prmstatur:

1810 2699 2015 2753 exitum
2047 2714 2178 2751 vero
2200 2738 2213 2762 ,
2246 2712 2405 2765 quam
2438 2697 2490 2749 in
2542 2696 2674 2749 alios
2698 2693 2991 2762 impartiris
3014 2692 3348 2756 doctrinam,

1810 2802 1929 2854 qua?
1971 2787 2086 2855 ipsa
2119 2786 2174 2839 in
2230 2787 2339 2840 illis
2368 2786 2483 2856 (qui
2520 2786 2769 2840 videlicet
2816 2783 3137 2853 accipiunt),
3180 2781 3349 2836 veluti

1810 2874 2081 2939 fructum,
2133 2890 2321 2928 eorum
2360 2876 3065 2956 opemtionemjustamque
3117 2870 3352 2927 functio-

1806 2978 1935 3018 nem
1954 2963 2111 3030 ferat,
2134 2981 2253 3035 qua:
2271 2964 2429 3020 oﬂicii
2459 2973 2609 3051 sunt.
3308 2971 3329 2989 ”

199 3144 3331 3184 ww

815 3322 908 3407 s.
982 3321 1417 3409 MAXIM!
1505 3256 2122 3413 EPISTOL/E
2190 3300 2733 3429 ALtouor

881 3513 984 3585 Ea:
1022 3511 1230 3576 codice
1273 3508 1652 3597 grauissimi
1690 3506 1906 3594 Magni
1944 3516 2137 3578 Ducis
2188 3524 2239 3578 et
2289 3519 2555 3587 Romano
2587 3523 2631 3582 ¹.

193 3789 277 3846 Μ’.
318 3823 403 3843 -.
430 3797 540 3851 Τοῦ
590 3796 772 3850 αὐτοῦ
826 3797 974 3865 πρὸς
1018 3797 1124 3850 τὸν
1161 3799 1346 3853 αὐτὸν
1375 3801 1712 3856 Θαλάσσιωμ

1821 3800 1932 3857 XL.
1966 3829 2024 3842 -—
2061 3800 2309 3870 Ejusdem
2347 3799 2416 3854 ad
2465 3800 2701 3853 eumdem
2741 3798 3063 3853 Thalassium
3099 3791 3360 3868 presbyte-

230 3956 248 3985 .
386 3932 393 3934 .
493 3882 907 3956 πρεσϐύτεροί
920 3880 1019 3941 καί
1044 3888 1393 3966 ἡγούμενον.

250 3990 341 4065 τῷ
366 3997 503 4065 σοφῷ
533 3998 627 4049 καὶ
651 3996 813 4064 τιμίῳ
842 3997 1126 4065 γράμματι
1161 3996 1259 4065 τῆς
1289 3996 1588 4067 ὑμετέρας,
1632 3997 1717 4049 δέ·

190 4086 400 4146 σποτα,’
446 4087 712 4155 πατρικῆς
764 4085 1069 4155 ἁγιωσύνης
1128 4085 1365 4155 ἐντυχὼν
1411 4087 1715 4155 ἐπιμελῶς·

191 4174 358 4225 πάντα
384 4189 441 4225 τε
472 4175 766 4243 σκοπήσας,
795 4174 889 4227 καὶ
914 4175 1091 4228 πᾶσάν
1121 4192 1220 4245 μου
1247 4177 1343 4245 τῆς
1368 4178 1721 4246 συνειδήσεως

192 4265 442 4333 ἀναγνοὺς
489 4266 585 4336 τὴν
637 4265 816 4336 βίϐλον
838 4308 853 4332 ,
911 4268 1059 4320 οὐδὲν
1089 4262 1242 4338 εὖρον
1273 4268 1393 4337 ἐμοὶ
1419 4258 1723 4339 τῶνέμφε-

199 4356 419 4423 ρομένων
439 4397 452 4411 .
471 4398 483 4411 .
502 4374 607 4411 εσω
627 4396 641 4410 .
660 4394 674 4409 .
692 4356 784 4410 ολο
800 4396 813 4409 .
831 4397 844 4410 .
863 4356 1052 4410 θᾶττον
1083 4359 1395 4412 συνέστειλα
1429 4360 1523 4429 τῆς
1549 4340 1724 4429 ψυχῆς

197 4443 276 4494 τὸν
311 4448 488 4509 τόνον,
547 4448 869 4515 διασφίγξας
921 4448 1016 4517 τὴν
1064 4448 1371 4518 χαύνωσιν,
1428 4449 1725 4521 ἀλλοτρίων

202 4533 358 4589 καλῶν
386 4537 623 4597 ἐπαίνοις
654 4536 1048 4606 προστεθῆναι,
1106 4538 1332 4607 μάταιον
1362 4540 1723 4609 ἡγησάμενος,

198 4623 287 4674 καὶ
344 4625 503 4697 μόνης
562 4626 693 4677 ἴδιον
742 4623 877 4679 εἶναι
928 4627 1119 4696 κρίνας
1180 4629 1356 4698 ψυχῆς
1411 4610 1508 4699 τὴν
1559 4630 1727 4699 ῥοπὴν

195 4710 440 4781 ἐχομένης
493 4714 856 4784 πρὸςπᾶσαν
883 4715 1097 4786 ἀπάτην
1141 4718 1447 4784 ἐπαγωγόν.
1501 4718 1589 4788 Τῷ
1615 4719 1726 4771 δντι

195 4800 303 4869 γάρ
332 4803 543 4870 μάταιον
564 4843 577 4863 .
634 4802 707 4865 ὡς
757 4803 955 4873 ἀρετῆς
992 4804 1187 4872 μεστὸν
1214 4805 1468 4865 ἐπαίνους
1494 4804 1725 4858 οίκειοῢσ
1760 4804 1765 4807 ’

197 4888 315 4941 σθαι
364 4893 638 4961 προπετῶς
688 4892 1015 4963 πειρᾶσθαι,
1067 4894 1157 4945 τὸν
1201 4895 1257 4946 ἐν
1292 4896 1404 4956 τοῖς
1443 4896 1727 4964 πράγμασι

196 4978 254 5030 τὸ
303 4980 442 5044 κλέος
493 4982 600 5035 τῶν
644 4982 949 5052 λεγομένων
990 4982 1090 5035 οὐκ
1131 4982 1341 5052 ἔχοντα.
1378 4983 1515 5035 Ἀλλ’
1541 4984 1569 5036 ὁ
1599 4968 1727 5054 ἓμδς

197 5061 447 5142 δεσπότης
494 5075 557 5127 ἐκ
592 5074 700 5126 τῶν
732 5074 944 5133 οἰκείων
972 5074 1071 5143 τῆς
1101 5074 1298 5147 ἀρετῆς
1326 5073 1725 5145 πλεονεκτημάο

202 5172 301 5209 των
329 5162 391 5213 τά
422 5163 526 5215 τῶν
554 5165 727 5217 ἄλλων
774 5165 991 5233 κρίνων,
1025 5164 1337 5233 ψηφίζεται,
1386 5164 1471 5216 διὰ
1514 5180 1727 5235 περιου-

203 5244 313 5297 σίαν
346 5250 601 5314 θεοειδοῦς
646 5252 973 5322 τελειότητος
1008 5253 1066 5305 τὸ
1088 5248 1268 5321 αἶσχος
1304 5253 1606 5316 καλύπτων,
1639 5255 1728 5307 τὸν

204 5332 398 5398 πολλοῖς
422 5377 435 5390 .
460 5378 473 5391 .
501 5377 513 5390 .
539 5342 724 5393 παθῶν
777 5343 1107 5411 τετρωμένον
1128 5382 1141 5404 ,
1193 5342 1265 5405 ὡς
1309 5343 1426 5402 ἔθος
1467 5345 1579 5396 ἐστὶ
1620 5347 1731 5406 τοῖς

204 5424 442 5490 ἀγαπῶσι
489 5428 578 5480 τὸν
623 5430 844 5497 Κύριον.
906 5433 1048 5502 Πλὴν
1076 5433 1203 5499 ἐγὼ,
1251 5434 1480 5487 δέσποτα
1510 5452 1607 5503 μου
1640 5435 1729 5486 εὐ-

283 5577 301 5619 ί
332 5582 490 5638 Exod.
524 5576 628 5648 xvi,
660 5586 739 5639 l5.
818 5588 843 5624 ε
895 5588 1035 5641 Psal.
1060 5605 1178 5655 cxx,
1212 5589 1263 5643 8.

2270 3904 2420 3949 \rum
2448 3895 2495 3937 et
2521 3888 2884 3953 Iwgumenum.
3242 3910 3247 3913 η

1885 4000 2064 4053 Lectis
2117 3997 2308 4052 sedqu
2364 3996 2782 4063 sapientissimis
2844 3981 3363 4063 venerabilibusque

1817 4097 2058 4158 paternae
2100 4084 2400 4141 sanctitatis
2441 4096 2654 4149 vestrae,
2687 4085 2928 4149 domine,
2975 4086 3194 4148 litteris,
3227 4102 3366 4138 cun.

1818 4179 2029 4248 ctisque
2057 4177 2335 4248 dispectis,
2362 4192 2425 4231 ac
2447 4164 2794 4231 censcientia:
2816 4192 2947 4230 meae
2973 4162 3120 4229 omni
3146 4162 3365 4230 evoluta
3398 4210 3401 4213 λ

1820 4269 1983 4332 libro,
2013 4282 2223 4330 eorum,
2251 4284 2372 4336 quae
2408 4267 2514 4321 illis
2553 4266 2683 4319 mibi
2720 4267 3086 4330 tribuuntur,
3123 4267 3257 4319 nihil
3305 4267 3360 4318 in
3412 4273 3429 4294 ‘

1821 4376 1908 4416 me
1948 4359 2171 4415 oﬂ‘endi.
2229 4360 2493 4425 Quocirca
2543 4358 2740 4411 mentis
2782 4358 2959 4411 statim
3005 4358 3363 4409 intentionem

1818 4451 2151 4521 compressi,
2198 4452 2362 4504 animi
2412 4450 2717 4517 astringens
2745 4448 3023 4499 mollitiem
3052 4488 3065 4511 ,
3103 4462 3217 4499 rem
3254 4447 3366 4513 plc-

1821 4557 1944 4595 nam
2008 4540 2290 4593 dementiae
2345 4544 2527 4597 ratus,
2583 4537 2771 4589 aliena:
2829 4528 3049 4611 virtutis
3110 4534 3366 4589 laudibus

1823 4628 1983 4691 afﬁci,
2010 4628 2234 4696 ejusque
2266 4625 2529 4697 duntaxat
2577 4624 2893 4677 existimans
2932 4623 3232 4693 proprium,
3272 4626 3364 4691 qui

1825 4719 1890 4772 ad
1917 4732 2130 4772 omnem
2157 4717 2395 4785 proclive
2417 4731 2657 4770 errorem
2683 4715 2879 4769 abduci
2904 4730 2959 4768 se
2982 4715 3233 4783 patiatur.
3264 4714 3368 4767 lte-

1825 4824 1950 4862 vcra
1983 4807 2127 4860 enim
2178 4807 2403 4860 stultum
2455 4815 2559 4883 est,
2614 4806 2667 4860 in
2701 4806 2855 4875 371
2907 4805 3010 4858 hoc
3060 4804 3275 4858 stu'dere
3308 4813 3367 4857 ut

1823 4897 2014 4952 laudes
2042 4897 2164 4967 quis
2194 4906 2395 4952 temere
2419 4897 2659 4977 arripiat,
2698 4912 2759 4950 ac
2787 4897 2829 4949 si
2857 4896 3054 4948 virtute
3083 4895 3195 4963 ipse
3227 4910 3365 4961 prte-

1826 4989 2047 5059 fulgeat,
2066 4989 2157 5057 qui
2173 5004 2381 5057 eorum,
2403 5003 2630 5055 quorum
2653 4986 2868 5039 nomine
2890 4984 3215 5041 celebratur.
3242 4983 3293 5033 in
3309 4995 3366 5035 se

1827 5078 1994 5133 decus
2024 5093 2129 5130 non
2156 5078 2371 5130 habeat.
2403 5074 2604 5129 Verum
2636 5090 2785 5128 meus
2818 5074 3089 5134 dominus,
3134 5071 3363 5122 aliorum

1820 5168 2025 5222 decora
2078 5184 2143 5221 ex
2167 5167 2380 5221 virtutis
2416 5182 2526 5221 suze
2573 5158 2882 5234 praestantia
2934 5161 3224 5217 :estimans,
3259 5172 3365 5223 qua
3400 5194 3406 5201 .

1832 5258 2001 5325 pollet
2027 5255 2306 5309 deiformis
2338 5256 2687 5326 perfectionis
2741 5250 3087 5309 abundantia,
3118 5247 3259 5314 quod
3296 5247 3367 5299 sit

1829 5346 2030 5412 probro
2052 5346 2348 5407 occultans,
2382 5346 2567 5399 multis
2591 5344 2843 5397 vitiorum
2873 5339 3361 5403 all'cctuumque....

1830 5432 2112 5496 saucium,
2146 5434 2407 5501 approbat
2469 5448 2530 5485 ac
2581 5430 2781 5491 laudat,
2834 5437 2891 5480 ut
2947 5427 3012 5478 iis
3048 5433 3363 5485 consuetum

1439 5647 1665 5704 VARle
1703 5642 2093 5699 LECTIONES.

186 5770 193 5779 .
226 5790 241 5795 _
274 5718 689 5795 ’_Suppcditavit.
717 5738 916 5795 suaque
942 5740 1099 5795 manu
1131 5725 1432 5795 exscripsit,
1475 5694 1532 5774 ac
1564 5710 1963 5785 autographutn
1993 5714 2245 5769 utendum
2282 5717 2447 5784 dedit,
2495 5718 2551 5773 Υ.
2579 5716 2655 5771 Cl.
2687 5717 2933 5783 idemun
2965 5711 3367 5769 eruditissimus

225 5790 283 5853 ι).
306 5788 572 5847 Εηιείιιριιςι
595 5794 757 5845 able:
790 5792 1038 5861 Bignliua.
