3958 6338
727 482 784 546 st
1804 532 1814 538 ,
1853 476 1912 532 s.
1954 471 2234 531 MAXIM
2272 468 2772 528 conressoms
3796 465 3882 528 55-3

2149 701 2512 710 Μ

2016 845 2632 936 MONITUM.

773 1036 1190 1093 Datasn’iutuo
1233 1028 1542 1107 Epistolas
1570 1015 2189 1107 Davidisﬂmsch‘elii
2218 1022 2280 1074 et
2307 1013 2556 1107 niaxinn
2589 1015 2893 1107 lliargunii
2950 1012 3350 1107 Cytherensis
3405 1008 3878 1107 elpiscopiLalte-

694 1089 950 1186 namque
979 1089 1608 1186 ejusdem—illitargunii
1643 1100 1746 1186 ad
1769 1097 1993 1185 divina}
2027 1091 2453 1186 philosophia:
2483 1089 3344 1186 studiosos,__ex'Augustana
3373 1089 3652 1176 editione
3678 1090 3878 1186 Myste-

696 1165 892 1263 gogie'e
930 1165 1541 1263 Mauxintiﬁ—loluiiiie
1572 1175 1939 1263 desiderari,
1982 1165 2050 1263 Asi'
2081 1165 2446 1263 quidnl'ucis,
2483 1175 2696 1228 nostro
2739 1175 2800 1228 et
2829 1165 3105 1263 Maxing
3132 1174 3192 1228 et
3222 1166 3503 1263 Operi'e}
3533 1167 3622 1226 eis
3648 1165 3880 1226 accede-

698 1242 763 1323 ῗο
779 1242 1360 1341 υροεέίἶίῖἆίὶίιίῖεό
1389 1257 1622 1319 Graecis
1656 1254 1802 1325 feci,
1836 1259 1897 1312 et
1928 1242 2200 1323 utraque
2232 1245 2439 1322 lingua
2494 1252 2875 1324 repraesento
2903 1291 2917 1318 ,
2976 1244 3206 1323 quibus
3263 1242 3331 1304 se
3383 1242 3475 1302 illi
3534 1255 3879 1304 exornavere

696 1341 910 1422 titulis.

694 1616 1097 1687 Religiosissimo
1128 1626 1443 1681 summeque
1479 1608 1783 1663 eruditionis
1818 1608 1950 1666 viro,
1993 1601 2059 1654 D.
2089 1600 2259 1654 Maxi-

2377 1597 2450 1662 Γῷ
2483 1597 2920 1666 θεοφιλεστάτφ
2947 1597 3046 1650 καὶ
3070 1599 3156 1662 εὶς
3179 1597 3366 1665 ἄκρον
3394 1597 3664 1660 παιδείας
3685 1596 3879 1663 ἐληλα-

769 1725 853 1761 mo
887 1706 1184 1776 Mat'gunio,
1209 1702 1510 1772 Cytherensi
1539 1701 1794 1770 episcopo,
1824 1694 1992 1748 David
2022 1691 2264 1746 "wache-

766 1800 864 1852 tius
894 1797 951 1851 S.

767 1989 822 2040 In
840 1985 1093 2041 omnibus
1118 1982 1285 2037 sacris
1309 1979 1564 2049 eloquiis,
1600 1975 2003 2045 religiosissime
2022 1973 2261 2034 domine,

697 2082 1022 2135 documenta
1048 2081 1368 2136 occurrunt,
1397 2085 1505 2138 qua
1556 2067 1766 2120 ratione
1818 2065 1968 2135 gravi
2001 2063 2265 2117 modestia

697 2186 871 2240 exque
905 2169 1126 2223 virtutis
1153 2165 1363 2218 ratione
1399 2157 1731 2214 instituenda
1785 2155 1944 2225 nobis
1997 2154 2109 2208 vita
2154 2154 2262 2218 sit;

700 2265 790 2317 ubi
828 2264 1061 2316 maxime
1092 2259 1313 2313 divinus
1339 2253 1634 2324 Apostolus
1655 2250 1900 2320 praecipit
1923 2257 1982 2304 ut
2038 2249 2265 2302 honeste

700 2355 765 2406 ad
801 2369 895 2407 eos
912 2354 1004 2421 qui
1034 2352 1169 2405 feris
1185 2357 1332 2410 sunt,
1387 2344 1730 2399 ambulemus
1753 2343 1790 2393 ¹.
1817 2341 1894 2394 Ac
1942 2352 2153 2400 rursus,
2206 2346 2268 2390 ut

703 2448 925 2498 honeste
959 2451 1014 2496 et
1032 2439 1330 2496 secundum
1357 2435 1606 2491 ordinem
1627 2440 1822 2486 cuneta
1856 2430 1986 2483 ﬁant
2004 2429 2045 2480 '.
2069 2427 2200 2480 Nam
2221 2425 2266 2478 si

702 2539 757 2597 ii,
789 2535 882 2605 qui
920 2533 1065 2587 nulla
1118 2530 1289 2585 divini
1336 2526 1573 2597 Spiritus
1619 2523 1801 2577 amate
1855 2519 2018 2572 allata
2072 2515 2266 2568 imbuti

700 2625 945 2679 doctrina
966 2633 1113 2684 sunt,
1142 2619 1556 2674 convenientem
1583 2612 1790 2665 cultum
1833 2608 1945 2660 Deo
1982 2603 2264 2664 adhibere,

701 2713 998 2783 composite
1027 2712 1082 2763 in
1115 2711 1221 2763 viis
1256 2705 1530 2767 incedere,
1562 2701 1768 2754 mutuis
1795 2696 1986 2752 olIiciis
2036 2695 2268 2748 invicem

699 2804 967 2870 accipere,
1014 2799 1068 2853 id
1113 2811 1244 2850 vero
1285 2793 1526 2862 hominis
1567 2805 1704 2860 opus
1744 2785 2021 2856 proprium
2075 2784 2269 2837 merito

703 2907 928 2945 sanxere
955 2909 972 2955 ;
1009 2884 1446 2958 potioriomnino
1469 2880 1677 2935 ratione
1707 2878 1886 2938 decet,
1921 2874 2033 2943 qui,
2067 2872 2267 2925 divini-
2296 2917 2339 2970 Β

702 2987 790 3028 tus
814 2953 1046 3028 instituti
1071 2976 1221 3032 sunt,
1251 2975 1405 3036 grato
1432 2979 1558 3032 erga
1583 2963 1753 3015 Deum
1803 2957 1988 3010 animo
2020 2969 2137 3008 esse
2168 2953 2266 3005 ho-

703 3052 1002 3132 noremque
1031 3059 1134 3128 ipsi
1161 3058 1364 3111 habere
1395 3072 1408 3118 ;
1443 3061 1627 3107 sancte
1657 3050 1824 3122 vitam
1852 3045 2158 3106 traducere,
2181 3051 2265 3095 at-

703 3168 809 3220 que
835 3150 900 3204 ad
935 3144 1463 3204 omneshumaniore
1497 3138 1715 3209 ingenio
1746 3135 2097 3206 382487
2124 3148 2264 3196 esse,

705 3258 765 3296 ac
782 3241 1023 3311 quotidie
1047 3239 1242 3292 bonam
1264 3237 1406 3288 inter
1421 3242 1608 3302 gentes
1626 3226 2096 3284 conversationem
2115 3233 2267 3277 tene-

704 3349 783 3395 re,
811 3342 890 3396 ut,
919 3331 1057 3384 sicut
1091 3328 1326 3397 quodam
1356 3326 1476 3395 loco
1527 3325 1601 3376 ait
1649 3323 1842 3376 beatus
1905 3319 2101 3372 Petrus
2124 3316 2165 3376 ³,
2213 3317 2268 3368 in

704 3437 813 3490 quo
846 3419 911 3472 de
938 3417 1019 3471 eis
1048 3416 1354 3470 detrectant
1391 3422 1645 3480 tanquam
1674 3409 1741 3461 de
1801 3403 2266 3465 malefactoribus,

704 3526 770 3562 ex
815 3508 974 3562 bonis
1023 3503 1282 3574 operibus
1332 3517 1428 3554 eos
1475 3500 1914 3556 considerantes,
1965 3493 2271 3564 glorificent

707 3599 943 3653 Deumin
960 3597 1061 3650 die
1083 3593 1434 3648 visitationis.
1475 3590 1588 3643 Hoc
1610 3591 1785 3656 ipsum
1813 3585 2013 3653 ubique
2034 3593 2266 3646 veteres,

709 3707 771 3743 ae
797 3689 880 3743 vel
909 3689 1141 3742 maxime
1169 3687 1220 3738 in
1247 3693 1561 3738 sanctorum
1614 3678 1880 3740 collectis,
1945 3685 2230 3730 servarunt
2253 3695 2268 3739 ;

711 3787 783 3835 ita
805 3779 1060 3832 nimirum
1093 3776 1303 3843 singula
1332 3770 1562 3841 quaeque
1600 3769 1749 3821 omni
1783 3775 2108 3835 peragentes
2143 3765 2273 3818 reli-

711 3873 887 3940 gione;
926 3876 984 3920 ut
1008 3868 1119 3921 sive
1150 3880 1342 3934 magna
1374 3863 1489 3917 sive
1514 3861 1726 3913 minora
1768 3857 2111 3919 viderentur,
2133 3856 2275 3910 divi-

715 3978 839 4014 num
871 3960 1000 4028 quid
1034 3959 1318 4027 majusque
1347 3952 1570 4006 homine
1602 3952 1884 4020 majestate
1907 3946 2227 4017 praeferrent
2258 3965 2270 3998 :

712 4054 860 4103 velut
877 4048 1000 4116 quis
1015 4045 1331 4114 conjecet'it,
1360 4052 1416 4095 et
1442 4045 1509 4095 οῖς
1531 4057 1594 4095 ea
1619 4056 1782 4109 quam
1811 4039 2073 4092 Maximus
2090 4038 2273 4106 (quem

714 4148 907 4191 vocant
964 4139 981 4206 )
1030 4134 1312 4190 confessor
1344 4171 1358 4192 ,
1420 4132 1541 4199 ejus
1591 4128 1899 4198 argumenti
1944 4129 2278 4180 lucubratio-

2436 1689 2584 1752 κότι,
2612 1686 2797 1754 κυρίῳ
2843 1686 3091 1755 Μαξίμῳ
3124 1686 3204 1751 τῷ
3235 1688 3584 1755 Μαρτουνίῳ
3614 1687 3886 1747 ἐπισκόπῳ

2437 1776 2745 1842 Κυθήρων,
2778 1773 2955 1827 Δαόὶδ
2978 1778 3011 1827 ὁ
3049 1775 3381 1848 Ἔσςχέλιος,
3408 1776 3763 1844 εὐδαιμόνως
3783 1775 3885 1827 δια-

2436 1862 2562 1933 ζῇν.

2449 1974 2536 2027 Ἐν
2561 1973 2696 2026 πᾶσι
2728 1973 2828 2041 μὲν
2855 1974 2969 2034 τοῖς
3003 1973 3169 2042 ἱεροῖς
3207 1972 3409 2040 λόγοις,
3444 1973 3801 2042 θεοφιλέστατε
3821 1973 3886 2025 δέ·

2366 2078 2560 2125 σποτα,
2587 2060 2868 2129 ὑποθήκας
2894 2061 3233 2132 εὑρίσκομεν,
3285 2062 3361 2125 ὡς
3405 2063 3507 2131 χρὴ
3544 2063 3641 2133 ζῇν
3682 2064 3886 2131 κοσμίως

2365 2168 2422 2205 τε
2448 2151 2542 2204 καὶ
2563 2149 2849 2220 ὲναρέτως·
2887 2150 3119 2218 μάλιστα
3155 2150 3211 2203 δὲ
3253 2145 3345 2215 οἷς·
3375 2155 3404 2204 ό
3437 2152 3578 2214 θεῖος
3615 2151 3886 2210 ’Δπόστυλος

2367 2243 2642 2312 παραινεῖ,
2693 2241 3043 2310 εὐσχημόνως
3090 2245 3408 2310 περιπατεῖν
3464 2243 3598 2312 πρὸς
3645 2243 3758 2302 τοὺς
3783 2241 3884 2304 ἔξω.

2367 2338 2479 2392 Καὶ
2524 2337 2684 2390 πάλιν
2715 2336 3066 2406 εὐσχημόνως
3103 2337 3198 2389 καὶ
3231 2335 3371 2389 κατὰ
3401 2336 3552 2401 τάξιν
3585 2337 3743 2388 πάντα
3773 2334 3886 2400 τινες

2368 2426 2509 2478 σθαι.
2563 2427 2624 2478 El
2667 2425 2775 2496 γὰρ
2806 2425 2898 2476 καὶ
2949 2425 2999 2477 οἱ
3049 2424 3147 2492 τῆς
3186 2422 3543 2476 θεοπνεύστου
3583 2421 3887 2479 διδασκαλίας

2368 2515 2626 2584 ἀμύητοι,
2659 2515 2743 2578 τὸ,
2773 2513 3090 2583 πρεπόντως
3127 2513 3354 2582 τιμῆσαι
3397 2514 3457 2564 τὸ
3505 2514 3617 2574 Ὃν,
3649 2512 3886 2568 εὐτάκτως

2369 2607 2426 2656 ἐν
2470 2607 2591 2666 ταῖς
2641 2603 2778 2666 ὁδοῖς
2832 2604 3081 2672 βαδίσαι,
3131 2603 3617 2674 φιλοφρονήσασθαι
3664 2601 3887 2667 ἀλλήλους

2371 2688 2500 2741 ῐδιον
2544 2688 2705 2758 ἔργον
2759 2689 3047 2758 ἀνθρώπου
3097 2688 3276 2750 καλῶς
3319 2689 3689 2756 ἀπεφηναν-,τοο
3722 2685 3887 2755 μᾶλλον

2369 2780 2582 2839 πάντως
2640 2780 2752 2840 τοῖς
2806 2777 3168 2841 θεοδιδάκτοις
3201 2777 3404 2846 πρέπει
3449 2775 3813 2848 εὐχαριστικῶς
3839 2789 3885 2824 τε

2371 2869 2462 2921 καὶ
2492 2867 2796 2937 τιμητικῶς
2825 2861 2968 2936 ἔχειν
3008 2867 3164 2919 Θεοῦ.
3203 2866 3396 2928 Ὀσίως
3431 2868 3634 2935 διάγειν
3677 2871 3751 2919 τὴν
3779 2865 3884 2934 βίον,

2373 2957 2915 3026 φιλανθρωπεύεσθαι
2973 2958 3109 3027 πρὸς
3148 2958 3368 3023 πάντας,
3417 2960 3511 3011 καὶ
3551 2960 3786 3011 ἑκάστοτε
3810 2958 3887 3020 τῖν

2362 3050 2717 3129 ,ἀναστροφὴν
2747 3049 2890 3116 ἔχειν
2931 3049 3101 3118 καλὴν
3156 3051 3212 3101 ὲν
3247 3040 3365 3112 τοῖς
3409 3049 3635 3102 ἔθνεσιν·
3667 3050 3762 3112 ἵνα,
3790 3039 3887 3109 ὲ·δῷ

2374 3139 2764 3193 καταλαλοῦσιν
2797 3138 2973 3190 αὐτῶν
3005 3138 3168 3206 (καθά
3219 3141 3382 3206 φησίν
3430 3155 3533 3190 που
3578 3143 3605 3191 ὁ
3650 3139 3784 3204 ἅγιος
3807 3135 3886 3184 Πε-

2372 3232 2520 3300 τρος)
2567 3229 2643 3292 ὼς
2709 3228 3055 3293 κακοποιῶν,
3115 3230 3177 3280 ἐκ
3225 3227 3333 3278 τῶν
3377 3228 3558 3281 καλῶν
3619 3209 3778 3296 ἐρέων

2373 3321 2710 3384 οπτεύοντες,
2732 3319 2998 3384 δοξάσωσι
3020 3320 3110 3372 τὸν
3129 3320 3259 3372 Θεὸν
3288 3322 3345 3372 ὲν
3374 3321 3554 3394 ἡμέρα
3586 3321 3684 3388 τῆς
3712 3322 3889 3371 ἐπιστο-

2376 3413 2503 3480 πῆς.
2535 3407 2704 3461 Τοῦτο
2735 3410 2867 3462 αὐτὸ
2909 3412 2959 3460 οἱ
3004 3409 3170 3462 πάλαι
3213 3409 3440 3462 πάντοτε
3486 3409 3590 3461 κάν
3630 3409 3740 3468 ταῖς
3782 3405 3889 3455 Συν·

2377 3499 2530 3562 ἁξεσι
2566 3499 2675 3551 τῶν
2729 3499 2898 3567 ἁγίων
2938 3500 3238 3568 διετήρουν·
3271 3499 3413 3551 οὓτω
3438 3499 3525 3550 τὰ.
3550 3499 3674 3550 καθ’
3703 3498 3892 3549 ἕκαστον

2379 3590 2516 3658 μετὰ
2562 3589 2741 3657 πάσης
2769 3589 3053 3650 εὐλαϐείας
3077 3588 3524 3658 διαπραξάμενοι,
3548 3589 3686 3640 ὥστε
3721 3585 3893 3657 μεγάλα

2376 3697 2435 3730 τε
2487 3681 2584 3734 καὶ
2619 3679 2788 3748 μικρὰ
2825 3679 3105 3742 δοκοῦντα,
3137 3679 3441 3749 θεοπρεπὲς
3472 3696 3525 3731 τι
3564 3678 3654 3730 καὶ
3681 3679 3803 3746 ὑπὲρ
3823 3675 3895 3726 ἄν·

2379 3768 2594 3837 θρωπον
2637 3767 3036 3848 ὑποδεικνύναι.
3090 3763 3216 3821 Οἷον
3253 3768 3577 3839 τεκμήραιτ’
3607 3769 3674 3822 ἄν
3715 3785 3787 3828 τις
3822 3763 3894 3815 καὶ

2379 3857 2438 3922 ἐξ
2460 3851 2527 3925 ἧς
2559 3851 2814 3909 κατέλιπε
2850 3856 3034 3926 βίϐλου
3061 3857 3310 3926 Μάξιμος
3341 3861 3370 3910 ό
3390 3859 3488 3928 τὴν
3515 3859 3736 3927 ἐπίκλην
3766 3857 3894 3923 Ὁμο-

2380 3945 2632 4018 λογητὴς,
2663 3947 2757 4000 καὶ
2785 3947 2904 4000 τότε
2947 3948 3338 4016 ίεροτελεστίας
3379 3948 3497 4002 λίαν
3529 3948 3700 4020 ὀρθῶς
3731 3945 3897 4007 ἀναζω-

2381 4039 2688 4107 γραφήσας.
2719 4031 2825 4099 Ἥς
2843 4039 2941 4108 τὴν
2965 4037 3173 4092 ἔκδοσίν
3194 4057 3295 4104 σοι,
3321 4039 3705 4108 αἱδεσιμώτατε
3732 4038 3897 4101 Πάτερ.

2382 4128 2451 4180 τὰ
2489 4128 2583 4179 νῦν
2615 4127 3088 4197 προσπεφώνηκαο
3141 4129 3202 4181 τὸ
3252 4128 3538 4197 ὁμώνυμόν
3571 4146 3684 4190 σου,
3711 4126 3778 4186 ὥς
3804 4138 3898 4174 τινα

715 4245 834 4284 nem
864 4227 1116 4296 reliquit;
1142 4241 1203 4278 ae
1235 4237 1338 4292 qua
1363 4237 1473 4275 sua:
1497 4218 1673 4274 aetatis
1699 4219 1970 4271 solemnes
1989 4219 2275 4286 mysterio-

2386 4216 2606 4284 σωτῆρα
2627 4215 2747 4278 Δία,
2772 4216 3239 4284 ἐπιγραφομένην,
3273 4216 3529 4268 καὶκατὰ
3553 4217 3648 4284 τῆς
3668 4215 3769 4267 τῶν
3785 4215 3899 4278 ἁμα·

715 4336 833 4372 rum
861 4319 1016 4380 ritus,
1048 4316 1150 4368 rite
1177 4311 1468 4366 admodum
1519 4318 1774 4376 recteque
1817 4305 2101 4360 describit.
2154 4307 2286 4376 Ejus

714 4411 812 4464 tibi
846 4408 973 4461 libri
994 4405 1317 4463 editionem,
1345 4398 1786 4454 reverentissime
1839 4397 2018 4458 Pater,
2068 4396 2285 4463 imprae-

716 4499 1016 4555 sentiarqu
1045 4492 1469 4561 nuncupandam
1499 4488 1708 4556 putavit
1753 4505 1764 4538 :
1816 4485 1906 4539 eui
1954 4495 2108 4538 tuum
2153 4485 2285 4538 item

720 4587 930 4641 Maximi
967 4597 1164 4638 nomen
1206 4580 1357 4632 velut
1406 4577 1700 4643 sospitator
1733 4573 1956 4643 quidam
2001 4573 2214 4641 Jupiter
2253 4589 2284 4626 a

711 4678 897 4727 vt'ronte
920 4669 1247 4739 ascribatur,
1289 4671 1588 4728 contraque
1636 4659 1852 4713 rudium
1897 4659 2124 4713 livorem
2181 4675 2281 4713 ceu

720 4763 1134 4817 condimentum
1174 4763 1545 4826 praestansque
1579 4753 1830 4820 gratiam,
1874 4751 1924 4804 ei
1958 4760 2284 4819 apponatur.

721 4852 904 4904 itrcvis
933 4851 1047 4903 haec
1073 4843 1401 4908 lucubratio,
1426 4856 1587 4910 quam
1606 4840 1701 4893 abs
1719 4848 1771 4892 te
1812 4839 2046 4907 primum
2070 4839 2290 4893 missam

721 4941 917 4994 exinde
945 4938 1385 5008 suppeditarunt,
1411 4947 1532 5001 qua:
1559 4931 1649 4983 hic
1669 4936 1903 4993 exstant,
1924 4928 2252 4982 membrana:
2275 4947 2286 4980 :

727 5031 822 5083 tibi
855 5030 1035 5084 dicata
1051 5037 1192 5082 esto.
1221 5027 1474 5081 Arbitror
1503 5030 1688 5097 autem
1739 5019 1917 5088 ipsum
1976 5019 2289 5080 Maximum,

725 5123 770 5173 si
805 5120 966 5173 modo
995 5118 1118 5171 vitae
1167 5124 1451 5185 reparatus
1509 5114 1563 5167 in
1622 5109 1875 5163 humanis
1930 5117 2134 5177 ageret,
2192 5107 2288 5176 qui

729 5213 842 5280 ipse
872 5209 1262 5264 sacerdotalem
1295 5207 1427 5260 olim
1486 5201 1734 5272 implevit
1789 5199 1996 5259 album,
2041 5198 2286 5266 impense

728 5302 1059 5368 gavisurum,
1083 5297 1229 5367 quod
1259 5297 1358 5353 tibi
1374 5294 1592 5350 Graecia:
1630 5290 1921 5362 praesulem
1953 5286 2289 5357 prrestantis-

801 5461 816 5492 ί
840 5460 861 5513 1
886 5461 1077 5512 Thess.
1105 5474 1176 5522 Iv,
1204 5456 1286 5508 tt.
1363 5454 1424 5506 ¹Ι
1455 5451 1581 5508 Car.
1608 5464 1716 5510 XN,
1745 5445 1826 5497 t0.

1909 5441 1970 5494 Ἰ
2000 5442 2152 5496 Petr.
2175 5459 2230 5508 ιι,
2259 5441 2346 5494 12.

2383 4303 2488 4354 θῶν
2511 4303 2806 4370 βασκανίας
2829 4304 2903 4364 ὼς
2933 4305 3266 4372 παράρτυμα
3285 4305 3736 4374 περιαπτομένην.
3763 4299 3900 4355 Τοῦτο

2381 4393 2440 4444 τὸ
2468 4391 2889 4459 συνταγμάτων,
2926 4392 3156 4461 πρώτως
3201 4394 3296 4461 μὲν
3348 4396 3499 4462 παρὰ
3540 4395 3631 4446 σοῦ
3680 4412 3762 4464 μοι
3791 4407 3901 4456 πεμ·

2383 4481 2533 4547 φοὲν,
2569 4477 2686 4533 εἶτα
2709 4481 2754 4533 δ’
2783 4483 2838 4533 ὲν
2893 4483 3232 4551 μεμϐράναις
3279 4483 3556 4536 κάνταῦθα
3609 4495 3902 4552 προςπορισ-

2383 4573 2496 4636 θὲν,
2531 4573 2816 4626 ἀνάκειταί
2877 4590 2978 4624 σοι.
3012 4569 3178 4638 οἶμαι
3200 4573 3258 4624 δὲ
3279 4573 3345 4625 ἂν
3367 4574 3530 4626 αὐτὸν
3559 4575 3645 4626 τὸν
3667 4573 3900 4638 Μάξιμον.

2390 4666 2547 4732 εἴπερ
2589 4663 2684 4716 νῦν
2726 4663 2991 4731 ἁναὸιῴη,
3026 4663 3120 4714 τοῦ
3153 4651 3424 4732 ἱερατικοῦ
3472 4665 3636 4716 πάλαι
3661 4662 3902 4730 γεγονότος

2384 4756 2572 4816 τέλους
2602 4753 3091 4824 (α)“περιχαρῆναι,
3122 4753 3203 4805 ὅτι
3245 4755 3569 4823 ἐπεφωνήοη
3607 4754 3710 4804 τῶν
3748 4754 3903 4818 ἀρχιε-

2389 4844 2526 4913 ρέων
2553 4844 2652 4911 τῆς
2697 4843 2940 4904 Ἑλλάδος
2970 4841 3046 4910 τῷ
3078 4845 3242 4906 πάνυ,
3275 4845 3369 4896 καὶ
3419 4844 3520 4895 οὐκ
3564 4843 3630 4895 ἂν
3670 4842 3754 4892 διὰ
3781 4840 3906 4890 τοῦτο

2383 4935 2484 5002 τῆς
2531 4933 2668 5002 ἐμῆς
2715 4932 2940 5002 γνώμης
2978 4933 3336 5000 διαφωνήσαι.
3381 4931 3653 4998 ’Λσμὲνως
3678 4924 3786 4987 οὖν,
3814 4923 3904 4975 τάδε

2387 5018 2448 5068 τὸ
2500 5017 2743 5086 δωρίδιον
2793 5019 2890 5070 καὶ
2945 5016 3258 5084 προσφιλῶς
3316 5012 3592 5077 ἀπόδεξαι,
3638 5012 3906 5079 ληψόμενος

2395 5107 2516 5173 (ἐὰν
2543 5105 2676 5167 Θεὸς
2706 5106 2928 5176 θελήσῃ)
2963 5103 3082 5174 μετ’
3110 5103 3171 5154 οὐ
3219 5101 3378 5171 πολὺ,
3414 5099 3670 5165 μυστικὴν
3716 5095 3803 5147 τοῦ
3829 5093 3906 5142 αὖ·

2391 5195 2485 5248 τοῦ
2514 5197 2659 5248 όσίου
2690 5187 2957 5265 Μαξίμου
2981 5197 3063 5256 et;
3085 5194 3168 5256 τὸ,
3220 5191 3401 5261 Πάτερ
3439 5190 3611 5259 ἡμῶν,
3654 5187 3787 5257 πρός
3814 5197 3908 5234 τινα

2392 5286 2756 5354 φιλόχριστον,
2793 5284 3110 5354 ἑρμηνείαν,
3142 5281 3235 5334 καὶ
3280 5279 3414 5333 ἄλλα
3450 5279 3558 5331 τῶν
3589 5277 3751 5330 πάλαι
3799 5287 3908 5336 συγ·

2187 5579 2414 5635 ΝΟΤᾹΖ.

801 5717 876 5782 (ιι)
907 5713 1024 5782 Qua
1048 5706 1375 5782 _eoujectura
1407 5697 1744 5782 lite-seltener.
1768 5692 2078 5782 Ilaxitnluur
2109 5705 2288 5743 sacer-

729 5760 1228 5839 dotliinm‘lialitwrit
1279 5786 1363 5823 me
1428 5767 1588 5828 latet,
1635 5764 1779 5817 nulla
1843 5760 2104 5829 produnt,
2156 5774 2276 5825 qua:

2395 5696 2544 5742 tanta
2574 5688 2693 5754 ejus
2716 5661 2964 5754 produco
2989 5694 3361 5754 monumenta,
3393 5694 3453 5739 et
3475 5697 3704 5754 quorum
3741 5682 3785 5738 is
3804 5693 3910 5752 par-

2385 5765 2493 5812 tem
2531 5751 2674 5809 haud
2701 5751 2949 5822 magnam
2976 5751 3133 5805 vidit.
