3958 6338
214 504 302 566 553
1118 500 1615 560 MYSTAGOGIA.
1655 524 1715 534 —-
1740 497 2123 569 EPISTOLgE
2164 497 2494 557 PR.-EVI.'E-
2568 464 2572 466 Ὗ
3307 499 3414 567 σει

212 614 468 684 γραφέων.
511 612 576 662 Ἡ
605 612 698 671 τοῦ
731 611 932 664 Φωτίυυ
964 612 1328 680 Μυριόδιῦ).ος
1371 611 1470 680 ήδη
1513 610 1728 676 Ἑλληνι-

1852 611 2007 672 simo,
2036 610 2163 663 sica
2196 625 2281 661 tne
2303 610 2518 662 oblatus
2566 620 2667 670 est,
2715 623 2812 661 nec
2865 607 2989 662 inde
3042 610 3335 679 quidquam
3378 632 3410 668 a

213 706 284 755 στί
314 706 443 774 παρ’
478 707 628 773 ἡμῖν,
670 705 816 771 πόνῳ
869 704 960 755 καὶ
1004 701 1291 771 ἐπιμελείᾳ
1334 718 1455 769 μου,
1501 701 1728 768 ἁντιγρά

1851 712 1970 751 mea
1997 698 2262 751 sententia
2287 711 2559 763 sensuque
2585 695 2972 747 discessurum.
3009 696 3221 749 Placide.
3247 697 3412 765 igitur

211 809 311 860 φοις
329 799 379 859 γ’
402 793 676 863 διαφόροις
705 794 1006 863 χρωμένου,
1030 791 1372 843 ἐπυποῦται.
1417 790 1725 859 Ἑρῤωμένο

1849 798 2012 855 atque
2072 796 2317 841 amanter
2366 787 2753 839 munusculum
2805 786 3011 853 accipe,
3064 797 3410 854 accepturus,

207 884 573 951 διαφυλάσσοιο
602 886 668 954 τῇ
712 882 804 935 τοῦ
836 883 971 935 Θεοῦ
1008 882 1326 951 Ἐκκλησία,
1363 884 1430 950 τῇ
1462 880 1625 932 αὐτοῦ
1655 880 1726 947 χά

1850 878 1962 932 Deo
1987 878 2227 945 auspice,
2254 876 2398 929 haud
2454 876 2528 929 ita
2584 875 2793 943 pridem
2840 876 3119 940 mysticam
3166 877 3409 945 ejusdem

211 989 319 1040 ριτι,
356 973 678 1042 πανεύφημε
714 972 806 1025 καὶ
849 972 1213 1041 θεοφρουρητε
1250 971 1499 1023 δέσποτα.

1851 968 2023 1041 sancti
2051 969 2265 1025 Maximi
2292 967 2698 1035 Expositionem
2735 966 2789 1018 in
2823 968 3127 1020 orationem
3166 969 3412 1021 Domini-

208 1079 307 1118 cam
366 1065 531 1119 Pater
563 1076 757 1131 noster,
782 1065 986 1119 Christi
1016 1066 1219 1118 amanti
1249 1064 1465 1118 cuidem
1517 1064 1742 1131 viroque
1799 1063 2054 1132 religioso
2080 1070 2465 1129 nuncupatam,
2490 1061 2701 1129 aliaque
2722 1070 2965 1113 veterum
2984 1059 3204 1127 scripta.
3232 1059 3410 1113 Photii

206 1152 576 1226 Myriobiblos(
602 1154 775 1208 nostri
814 1153 1206 1215 bibliothecam
1240 1143 1439 1205 vocant
1474 1150 1491 1219 )
1554 1139 1739 1205 Graece
1770 1151 1879 1218 jam
1937 1165 2059 1202 meo
2108 1149 2295 1201 labore
2318 1159 2374 1202 ct
2416 1163 2566 1212 cura,
2599 1160 2687 1200 ex‘
2726 1147 2956 1200 diversis
2995 1146 3169 1200 tribus
3224 1163 3412 1201 exem-

204 1243 449 1309 plaribus,
478 1246 619 1314 typis
642 1244 951 1297 mandatur.
981 1242 1125 1301 liene
1156 1242 1292 1306 vale,
1338 1249 1566 1309 cstoque
1628 1240 1935 1313 incolumis,
1997 1249 2287 1308 prmstante
2343 1241 2453 1293 Deo
2485 1255 2581 1293 sua
2646 1237 2817 1308 gratia
2852 1254 2962 1291 sua:
3008 1239 3177 1307 ipsius
3226 1241 3419 1295 Eccle-

204 1331 300 1397 siae,
347 1333 648 1387 clarissime
682 1334 899 1401 Deoque
952 1332 1269 1386 charissime
1322 1332 1549 1400 ejusque
1592 1330 2270 1399 przesidiistute,domine.
2346 1343 2351 1347 ’

1988 1444 2232 1512 Augusta:
2272 1442 2653 1495 Viudelicorum
2682 1444 2915 1495 exeuntis
2946 1442 3293 1497 Municltionis

2057 1512 2285 1580 (Martii
2317 1512 2555 1580 scilicet)
2589 1513 2670 1563 die
2696 1513 2935 1579 septima,
2972 1513 3236 1564 incantati

2050 1579 2198 1635 Verbi
2232 1596 2440 1634 unxux.

262 1439 350 1493 ἐν
362 1443 677 1509 Αὐγούστῃ
698 1441 909 1495 Οὺτνδε
920 1441 1509 1509 λιθιῶν-Μουνιχιῶνος
1524 1440 1740 1509 ἐϐδόμῃ

321 1513 659 1576 φθίνοντος,
683 1511 801 1564 ἔτει
839 1510 958 1564 ἀπὸ
986 1509 1095 1576 τῆς
1136 1511 1588 1577 Ἐνσαρκώσεως
1627 1509 1765 1561 τοῦ“

320 1581 514 1645 Λόγου
534 1578 741 1649 ..αφιιθό

202 1754 449 1823 Μάξιμος
484 1738 526 1810 ’ὀ
564 1759 949 1825 Μαργούνιος,
981 1758 1259 1823 ταπεινὸς
1286 1760 1573 1826 Κυθήρων
1613 1749 1728 1811 ὲεὶι.

1840 1758 2101 1813 Maximus
2132 1760 2441 1829 Margunius
2463 1762 2694 1814 Imntilis'
2725 1761 3066 1831 Cytlterorum
3111 1764 3401 1831 episcopus,

260 1859 502 1909 σκοπος,
537 1846 757 1913 Δαυΐδῃ
785 1845 865 1910 τῷ
906 1848 1217 1915 Ἐσχελίφ·,
1268 1847 1591 1915 σοφωτάτῳ
1630 1850 1738 1902 ἀν-

258 1933 364 2001 δρὶ,
391 1931 462 1988 εὖ
498 1936 794 2002 πράττειν.

260 2025 383 2093 Περὶ
408 2024 510 2093 τῆς
536 2025 645 2076 τῶν
677 2025 770 2077 τοῦ
804 2026 951 2096 ἱεροῦ
979 2027 1231 2096 Μαξίμου
1261 2030 1735 2098 προσφωνητικῆς,

198 2112 447 2183 ὖπέρχαρι
493 2114 589 2182 μὲν
624 2116 799 2183 ἔμοιγ’
822 2112 889 2168 ἂν
929 2116 1035 2185 εἴη,
1063 2119 1112 2169 εἰ
1145 2118 1332 2188 ὥσπερ
1355 2118 1449 2170 τοῦ
1478 2119 1739 2188 ὀνόματος

198 2200 263 2268 τῷ
304 2204 555 2274 μακαρίῳ
594 2204 806 2274 ἐκείνῳ,
852 2204 1013 2269 οὕτω,
1071 2208 1296 2276 καὶτῆς
1348 2208 1551 2262 ἄνωθεν
1590 2207 1737 2278 αὐτῷ

195 2288 414 2356 δαψιλῶς
447 2293 843 2364 χορηγηθείσης
891 2297 1304 2364 συγκοινωνοίην
1338 2299 1579 2367 χάριτος.
1628 2300 1736 2366 Καὶ

194 2374 252 2445 ἦν
299 2379 360 2432 ἂν
406 2383 512 2451 ἄρα
547 2383 716 2453 ταύτῃ
759 2387 791 2454 ὴ
832 2385 939 2437 τῶν
996 2380 1301 2454 προόώπων
1346 2387 1597 2439 κοινωνία
1638 2387 1735 2439 οὐκ

193 2468 519 2537 ἀσύμφωνος.
562 2473 775 2541 Ἐπειδὴ
807 2475 850 2525 δ’
882 2477 945 2528 ὲκ
978 2477 1077 2545 τῆς
1104 2478 1414 2545 ἐνοικούσης
1443 2480 1574 2547 ἡμῖν
1601 2478 1736 2546 ἀμε-

193 2557 347 2623 λείας,
383 2561 582 2629 μᾶλλον
610 2562 666 2613 δὲ
707 2566 800 2615 καὶ
835 2564 1024 2635 ὥσπερ
1062 2570 1499 2636 συμπεφυκυίας,
1529 2566 1593 2621 ἐκ
1618 2555 1735 2621 δια-

194 2647 376 2718 μέτρου
418 2652 530 2712 τοῖς
563 2652 768 2705 ἐκείνου
808 2654 877 2705 τὰ
925 2655 1169 2725 ἡμέτερα
1211 2658 1454 2725 φέρεται·
1506 2660 1629 2712 ὅσον
1668 2676 1731 2726 γε

191 2737 300 2805 ἣκει
348 2741 425 2803 εἷς
472 2758 530 2793 τε
593 2743 782 2809 σοφίαν
838 2746 927 2797 καὶ
988 2747 1088 2817 τὴν
1143 2748 1307 2816 ἄλλην
1358 2750 1591 2818 ἀρετήν·
1638 2751 1732 2801 καὶ

192 2826 371 2889 σκεῦος
421 2831 659 2898 ἀχρεῖον,
717 2826 826 2883 οἷον
882 2832 946 2901 δὴ
995 2835 1192 2912 τούμὸν
1249 2838 1348 2905 τῆς
1393 2839 1591 2906 ψυχῆς,
1634 2840 1731 2908 τὴν

189 2916 418 2971 τοιούτου
457 2920 715 2974 ὲκλεκτοῦ
759 2922 929 2993 μύρου
962 2924 1187 2977 εὐωδίαν
1230 2930 1427 2995 χωρεῖν
1458 2929 1519 2979 οὐ
1554 2932 1730 2997 μεμά-

190 3004 334 3071 θηκε,
367 3010 418 3061 τί
465 3012 610 3079 ἐμοὶ,
641 3012 777 3082 πρὸς
820 3012 911 3064 τοῦ
953 3013 1151 3075 Φιλίου,
1194 3016 1288 3065 καὶ
1332 3015 1408 3083 τῷ
1441 3018 1731 3085 σοφωτάτῳ

190 3096 369 3167 ἐκείνῳ
390 3101 457 3152 τὰ
480 3100 600 3154 θεῖα
616 3104 708 3154 καὶ
730 3103 1016 3172 ἁγιωτάτῳ
1044 3104 1196 3173 ἀνδρί
1219 3122 1232 3167 ;
1258 3106 1444 3167 Ὅπως
1475 3106 1548 3175 μὴ
1586 3106 1731 3176 παρὰ

188 3184 243 3235 τὸ
272 3188 495 3255 πρέπον,
523 3191 617 3243 καὶ
642 3190 739 3261 τὴν
769 3192 908 3262 ἐμὴν
939 3192 1094 3256 ἀξίαν
1129 3196 1376 3264 ποιήσῃς,
1408 3196 1647 3263 μιγνύων
1663 3197 1730 3250 τὰ

188 3272 403 3341 ἄμικτα,
435 3278 532 3330 καὶ
554 3271 629 3330 ὧν
656 3280 690 3347 ἥ
722 3297 782 3347 γε
811 3282 1065 3334 ὁποιαοῦν
1096 3284 1385 3353 συνδρομὴ,
1428 3285 1513 3336 διὰ
1542 3287 1602 3338 τὸ
1635 3286 1728 3338 τοῦ

187 3362 375 3432 τρόπου
413 3366 692 3438 διάφορον,
722 3371 1097 3441 ἀφιλάλληλοςο
1135 3375 1228 3424 καὶ
1260 3375 1369 3425 τῶν
1399 3375 1603 3429 ἀδύτων
1638 3378 1730 3428 καὶ

185 3453 498 3526 ἀπορρήτων
523 3462 647 3522 τοὺς
680 3461 760 3512 ἔτι
787 3462 923 3528 πρὸς
946 3466 1011 3530 τῇ
1034 3464 1277 3531 ὑπωρείᾲ
1314 3459 1729 3532 καθεζομένους,

186 3545 273 3597 καὶ
323 3551 787 3620 στοιχειουμένους
814 3553 881 3603 τὰ
928 3552 1048 3604 θεῖα
1086 3554 1374 3618 καταξιῶν.
1417 3555 1600 3617 Οὕτως
1630 3558 1726 3625 μὲν

183 3634 273 3686 οὐκ
314 3635 424 3706 ἔχω
450 3639 673 3709 γνώμης
709 3641 836 3708 ἐγὼ·
881 3644 929 3693 εἰ
976 3642 1021 3693 δ’
1056 3643 1227 3705 ἄλλως
1265 3646 1367 3706 σοὶ,
1400 3648 1493 3698 καὶ
1512 3637 1728 3715 ’βέλτων

186 3723 378 3790 ἢκατὰ
416 3729 511 3797 τὴν
554 3731 693 3799 ἐμὴν
730 3730 951 3800 γνώμην
974 3733 1211 3797 ⁴δύξειεν,
1247 3735 1337 3785 ἐπὶ
1375 3739 1453 3788 σοὶ
1494 3737 1729 3793 κείσεται

184 3814 241 3865 τὸ
273 3816 530 3888 βουληθὲν
560 3820 983 3893 διαπράξασθαι.
1022 3827 1130 3877 Καὶ
1166 3827 1212 3875 εἰ
1242 3825 1396 3878 τοῦτο
1435 3824 1493 3879 εὖ
1530 3825 1727 3883 οἷδ’ὅτι

184 3901 295 3963 οὕτε
331 3909 481 3977 παρὰ
509 3910 570 3961 τὸ
599 3914 803 3979 πρέπον
835 3931 886 3963 τι
920 3915 1120 3983 πράξῃ,
1156 3914 1280 3965 οὔτε
1312 3916 1418 3985 μὴν
1450 3922 1599 3989 παρᾶ
1632 3921 1729 3990 τὴν

186 3994 314 4065 ἐμὴν
343 3998 522 4063 ἀξίαν,
556 3999 855 4054 ἐπίσκοπον
894 4005 992 4056 οὐκ
1026 4007 1532 4072 ἁγνοῶν’ταπεινὸν,
1560 4010 1607 4058 εἰ
1636 4012 1727 4060 καὶ

186 4081 253 4152 μὴ
283 4087 565 4139 σπουδαῖον
607 4090 737 4150 τοὺς
772 4091 1034 4157 τρόπους,
1082 4092 1232 4147 ἀλλὰ.
1274 4096 1588 4162 φιλὰρετονο
1635 4097 1728 4147 καὶ

185 4172 421 4244 μαθητὴν
458 4176 684 4237 ἁλιέων,
714 4181 762 4228 εἰ
802 4181 894 4232 καὶ
936 4181 1009 4248 μὴ
1056 4183 1176 4234 κατ’
1215 4184 1474 4249 ἐκείνους,
1503 4185 1635 4238 ἀλλά
1663 4202 1725 4252 γε

181 4261 280 4313 τῶν
324 4264 548 4318 ἐκείνων
586 4268 765 4336 ἰχνῶν,
797 4269 918 4321 ὅσον
969 4271 1177 4334 σθένος,
1210 4273 1483 4342 ἐχόμενοψ
1512 4276 1606 4326 καὶ⁵
1631 4276 1727 4345 τὴν

184 4353 314 4404 κατὰ
346 4353 480 4406 Θεὸν
522 4358 839 4450 φιλοσοφίαέ
890 4362 1024 4429 μετὰ
1055 4362 1146 4413 τοῦ
1170 4362 1425 4426 εὐσεϐοῦς
1454 4366 1544 4416 καὶ
1572 4366 1725 4435 ὀρθο-

178 4445 319 4510 ὂόξου
368 4451 488 4503 ἀντὶ
538 4454 753 4505 πάντων
789 4445 1050 4510 διώκοντά
1086 4474 1144 4508 τε
1189 4461 1282 4510 καὶ
1330 4460 1723 4529 ἀσπαζόμενον.

2050 1854 2434 1921 sapientissimo
2464 1854 2574 1905 viro
2599 1853 2789 1905 Davidi
2820 1852 3103 1930 "disc/tolio
3133 1853 3199 1907 S.

1908 2021 1988 2075 Ad
2010 2022 2179 2075 sancti
2208 2021 2421 2074 Maximi
2468 2022 2929 2087 nuncupationem
2985 2022 3131 2089 quod
3186 2023 3397 2077 attinet.

1836 2128 1925 2166 res
1950 2096 2115 2180 supra
2146 2112 2365 2165 modum
2386 2120 2537 2181 grata
2568 2111 2709 2163 foret
2737 2119 2900 2179 atque
2930 2112 3128 2181 gaudio
3157 2113 3398 2166 animum

1835 2204 2159 2267 cumularet,
2194 2206 2260 2265 si,
2285 2213 2647 2257 utcommune
2671 2217 2793 2255 cum
2845 2217 2912 2255 eo
2953 2218 3174 2265 nomen,
3222 2205 3301 2256 sic
3345 2214 3402 2255 et

1831 2294 2019 2360 gratia:
2045 2294 2119 2346 illi
2149 2294 2355 2348 aﬂ‘atim
2384 2294 2646 2347 divinitus
2676 2308 2962 2355 concesse,
3011 2295 3241 2347 societas
3265 2296 3397 2349 mihi

1834 2381 2057 2434 inducta
2085 2391 2249 2436 esset.
2283 2383 2446 2435 Foret
2488 2382 2748 2435 nimirum
2778 2398 2841 2435 ea
2866 2382 3073 2435 ratione
3099 2382 3242 2436 haud
3289 2383 3401 2437 dis-
3472 2388 3480 2396 ‘

1836 2477 2093 2523 sentanea
2125 2486 2482 2538 personarum
2528 2470 2862 2539 conjunctio.
2900 2470 3055 2535 Quod
3080 2486 3211 2524 vero
3239 2487 3305 2524 ex
3335 2488 3397 2525 ea

1833 2574 1951 2630 qua:
1981 2559 2140 2613 nobis
2170 2560 2388 2613 inolevit
2420 2602 2435 2627 ,
2467 2561 2580 2637 sive
2610 2562 2627 2629 (
2657 2567 2716 2612 ut
2750 2559 3184 2627 veriusloquar)
3216 2561 3398 2614 innata

1832 2659 1936 2715 est,
1973 2652 2154 2721 segnis
2174 2650 2341 2704 animi
2367 2650 2599 2712 incuria,
2628 2664 2715 2703 res
2738 2658 2959 2712 nostra3,
3006 2651 3284 2716 sapientia:
3333 2666 3396 2703 ac
3438 2700 3444 2705 .

1832 2734 2099 2794 virtutum
2128 2726 2699 2810 reliquarumanuniis,
2727 2740 2871 2793 illius
2888 2739 3051 2792 rebus
3083 2755 3149 2793 ex
3191 2741 3397 2793 diame-

1834 2840 1919 2884 tro
1944 2820 2197 2884 feruntur
2229 2832 2525 2900 oppositai;
2555 2846 2619 2884 ac
2651 2830 2745 2897 qui
2769 2845 2865 2883 vas
2886 2830 3075 2883 inutile
3110 2832 3393 2893 exsistam,

1834 2840 1919 2884 tro
1944 2838 2197 2884 feruntur
2229 2838 2421 2900 opposi
2511 2848 2525 2896 ;
2555 2846 2619 2884 ac
2651 2838 2745 2897 qui
2769 2845 2865 2883 vas
2886 2838 3075 2883 inutile
3110 2838 3393 2893 exsistam,

1830 2936 1930 2989 pro
1963 2923 2082 2991 ejus
2117 2938 2225 2990 qua
2253 2838 2512 2989 praedia:
2548 2936 2666 2973 sum
2709 2920 2900 2972 anima:
2949 2921 3179 2983 ratione,
3235 2921 3393 2975 electi

1833 3013 2095 3080 unguenti
2127 3011 2395 3081 ejusmodi
2415 2998 2761 3080 fragrantiam
2784 3010 2927 3063 haud
2952 3002 3150 3064 doctus
3176 3001 3392 3078 capere;

1831 3103 1963 3171 quid
1983 3104 2235 3172 mihiper
2255 3104 2427 3156 Deum
2452 3103 2683 3171 viroque
2711 3102 2788 3155 illi
2813 3101 3123 3154 divinorum
3168 3102 3395 3155 scientia

1797 3243 1802 3249 .
1830 3194 2178 3247 ornatissimo
2204 3209 2268 3247 ac
2299 3193 2644 3246 sanctissimo
2671 3193 2693 3244 ?
2716 3192 2795 3245 Ne
2815 3192 2980 3260 igitur
3000 3200 3192 3245 contra
3209 3207 3271 3244 ac
3303 3192 3397 3245 de-

1830 3294 1935 3346 cet,
1985 3301 2212 3353 meaque
2243 3285 2487 3352 exposcit
2510 3284 2768 3352 dignitas,
2803 3284 2989 3345 facias,
3022 3284 3114 3350 qui
3142 3283 3396 3335 videlicet

1831 3374 2172 3427 incommista
2199 3374 2449 3437 misceas,
2475 3388 2647 3441 eaque
2675 3389 2907 3441 quorum
2942 3388 3010 3425 ne
3040 3373 3122 3424 vel
3146 3372 3392 3435 minima,

1828 3475 2053 3534 propter
2081 3482 2292 3518 morum
2315 3465 2707 3526 diversitatem,
2741 3465 2850 3517 sint
2872 3465 3041 3517 amica
3064 3466 3394 3519 commercia

1831 3556 2069 3625 ipsisque
2103 3557 2474 3625 penetralibus
2507 3565 2668 3624 atque
2706 3556 2919 3609 arcanis
2971 3556 3252 3616 adhibeas,
3298 3557 3390 3623 qui

1830 3645 2007 3700 adhuc
2039 3646 2105 3699 ad
2132 3646 2267 3699 imas
2292 3645 2503 3697 radices
2534 3643 2739 3707 sedeat,
2767 3643 3049 3712 primaque
3078 3645 3389 3697 divinorum

1832 3738 2137 3793 rudimenta
2160 3740 2398 3792 hauriat.
2432 3738 2521 3792 Sic
2544 3738 2725 3806 itaque
2747 3738 2846 3805 ego
2875 3738 3058 3789 animo
3104 3751 3391 3805 compara-

1832 3838 1917 3883 tus
1942 3846 2062 3884 sum
2095 3830 2217 3884 :sin
2247 3845 2377 3884 vero
2413 3830 2510 3883 tibi
2553 3830 2732 3891 aliter,
2768 3829 3072 3896 meliusque.
3105 3843 3265 3895 quam
3294 3844 3393 3896 pm

1830 3935 1962 3974 mete
2008 3920 2206 3973 mentis
2237 3930 2459 3987 stupore
2477 3918 2775 3980 videbitur,
2807 3932 2975 3985 penes
2990 3926 3041 3969 te
3058 3917 3222 3969 stabit
3246 3919 3391 3984 quod

1828 4011 2195 4076 prmstandum
2230 4010 2344 4076 ipse
2390 4008 2687 4076 putaveris.
2744 4008 2820 4059 Ae
2857 4007 3125 4074 siquidem
3161 4008 3258 4069 ita,
3308 4020 3392 4061 sat

1827 4096 1973 4167 scio,
2045 4097 2181 4149 nihil
2256 4106 2307 4150 te
2384 4098 2653 4169 facturum
2727 4096 2873 4164 quod
2932 4097 3013 4150 vel
3071 4112 3100 4148 a
3155 4097 3387 4159 decoro,

1828 4190 1910 4240 vel
1966 4202 1996 4239 a
2045 4187 2309 4256 dignitate
2373 4203 2491 4242 mea
2546 4186 2861 4251 abhorreat,
2910 4189 3002 4257 qui
3072 4190 3388 4259 episcopum

1829 4279 2091 4334 humilem
2112 4294 2221 4332 non
2243 4279 2478 4342 nescias,
2507 4293 2571 4331 ac
2605 4279 2855 4346 quamvis
2900 4295 3006 4332 non
3054 4281 3187 4334 satis
3230 4281 3389 4335 insti-

1830 4370 1961 4422 tutis
1983 4369 2226 4422 moribus
2254 4368 2457 4421 virtute
2485 4369 2803 4436 fulgentem,
2830 4350 2882 4420 a’t
2898 4369 3015 4436 ejus
3037 4378 3183 4422 certe
3204 4386 3388 4424 aman-

1830 4466 1937 4510 tem
1963 4473 1976 4519 ;
2006 4456 2336 4523 piscatorum
2357 4454 2705 4523 discipulum,
2732 4457 2980 4523 quamvis
3001 4472 3107 4508 non
3138 4459 3250 4525 pari
3284 4459 3389 4510 illis

181 4534 347 4606 Χαριῇ
381 4557 470 4607 μοι
502 4542 569 4592 τὰ
606 4536 858 4611 μέγιστα,
883 4545 1191 4616 διαμηνύων
1217 4564 1328 4615 μοι,
1366 4552 1419 4600 εἴ
1445 4567 1543 4600 που
1567 4551 1725 4618 τυχὸν

1833 4546 2075 4599 celsitate
2095 4536 2259 4612 atque
2281 4545 2499 4607 merito,
2530 4553 2585 4597 at
2630 4545 2821 4598 saltem
2847 4561 2944 4613 pro
2999 4547 3143 4599 virili
3196 4564 3387 4601 eorum

178 4625 311 4676 κατὰ
336 4627 400 4681 τὸ
430 4630 601 4696 παρὸν
626 4632 694 4683 τὰ
734 4634 830 4702 τῆς
858 4634 951 4686 τοῦ
978 4637 1183 4687 Φωτίου
1216 4637 1560 4707 βιϐλιοθήκης
1608 4639 1727 4691 Ἑλ-

1833 4635 2062 4704 vestigiis
2098 4636 2394 4689 haerentem
2422 4651 2436 4699 ;
2465 4634 2813 4703 divinamque
2835 4635 3232 4704 philosophiam
3263 4654 3386 4690 cum

177 4712 376 4780 ληνιστὶ
435 4720 765 4773 ἑκτυποῦται
803 4763 815 4785 ,
875 4726 923 4775 εί
980 4726 1160 4792 μέλλει
1222 4728 1720 4795 ἐκτυπωθὴσεσθαι.

1833 4726 2021 4778 )ietate
2077 4734 2333 4793 rectaque
2382 4724 2487 4778 fide
2525 4726 2871 4794 conjunctam
2926 4728 3130 4795 majore
3178 4729 3389 4781 cunctis

191 4798 670 4877 Ἐῥρωμένος¹μοι
704 4811 1085 4880 διαφυᾎάσσοιο
1122 4817 1179 4865 ἐν
1219 4816 1435 4883 Χριστῷ
1468 4816 1610 4883 ψυχῇ
1662 4833 1722 4867 τε

1833 4815 2010 4868 irdore
2036 4824 2454 4883 persequentem
2472 4830 2535 4867 ac
2563 4816 2957 4883 amplexantem
2983 4827 3193 4886 gratum
3222 4832 3385 4884 quam

180 4894 265 4946 ναὶ
302 4896 535 4963 σώματι,
567 4899 776 4966 ἀνδρῶν
822 4902 1095 4967 σοφώτατέ
1132 4921 1219 4970 μοι
1253 4906 1345 4955 καὶ
1374 4905 1719 4970 φιλικώτατε.

1834 4904 2047 4956 naxime
2071 4904 2290 4966 feceris,
2343 4904 2666 4965 nuntiando,
2723 4921 2851 4956 num
2896 4906 3385 4974 impnesetttiarum

177 4980 899 5042 libotiiBibliothecaGraece
948 5008 1172 5059 usquam
1225 4995 1363 5062 typis
1409 4996 1713 5058 mandetur,
1753 4993 2192 5048 aut-mandanda
2241 5002 2606 5061 exspectetur.
2655 4994 2831 5048 Sanus
2892 4997 3022 5049 mihi
3087 5005 3141 5048 et
3175 4996 3387 5051 incolu-

176 5072 271 5128 mis
290 5076 344 5129 in
366 5076 607 5141 Christo,
634 5079 816 5131 animo
850 5081 1051 5147 pariter
1086 5092 1142 5135 et
1182 5099 1433 5151 corpore,
1464 5084 1717 5149 serveris,
1757 5087 2001 5140 virorum
2026 5086 2159 5139 mihi
2192 5086 2589 5155 sapientissime
2624 5086 3079 5157 amicissimeque.

1930 5197 2167 5259 Venetiis,
2198 5197 2643 5269 Seirmpltorionis
2666 5201 2724 5269 (i.
2746 5200 2875 5254 Maii
2893 5201 3156 5269 )cxcunlis
3176 5202 3376 5268 quium,

247 5184 573 5259 Ἐνετίῃθεν
600 5186 1093 5259 ΣκιρροξοριῶγὉς
1122 5190 1354 5259 πέμπτῃ
1375 5195 1707 5259 φθίνοντος,

1171 5210 1197 5240 ε
1240 5210 1354 5257 πτῃ
1375 5210 1707 5259 φυινοιτος,
1932 5210 2167 5259 Venetus,
2198 5210 2609 5266 δειννοριιονιοηε

1171 5210 1359 5327 νίκων.
1992 5330 1995 5333 ἰ
2027 5284 2167 5320 anno
2185 5267 2371 5320 salutis
2400 5284 2609 5321 qucu.

300 5255 455 5307 κατὰ
490 5256 553 5307 τὸ
582 5253 759 5325 ,αφ-ιϐ’
790 5256 923 5318 ἔτος
949 5257 1014 5307 τὸ
1045 5253 1359 5325 σωτήριοῆ

184 5432 239 5484 '0
275 5434 459 5499 αὐτὸς
516 5434 785 5501 Μάξιμος
820 5434 1212 5501 Μαργούνιος,
1261 5439 1381 5503 τοῖς
1435 5442 1567 5506 περὶ
1602 5442 1716 5507 τὴν

230 5526 389 5592 ἱερὰν
418 5527 783 5594 φιλοσοφίαν
824 5527 1220 5593 ἐσχολαλιόσι,
1270 5528 1505 5596 χάριτος
1557 5534 1718 5596 θείας

228 5614 523 5671 ἐπίδοσιν.
750 5660 759 5666 .
1080 5654 1085 5659 ι

228 5699 350 5767 Dios;
389 5706 491 5772 μὲν
514 5709 542 5757 ὁ
569 5706 711 5777 ἱερὸς
739 5702 1011 5774 Μάξιμος,
1034 5709 1126 5757 καὶ
1148 5707 1288 5769 οἴους
1316 5709 1454 5776 ὑπὲρ
1478 5711 1575 5779 τῆς
1605 5709 1712 5761 τῶν

169 5788 257 5859 τῆς
301 5795 455 5864 ἱερᾶς
496 5796 817 5867 ἐκκλησίας
869 5796 1150 5864 δογμάτων
1198 5799 1524 5861 συστάσεως,
1576 5800 1707 5868 πρὸς

1817 5444 1985 5514 488
2004 5444 2147 5497 Idem
2168 5445 2431 5531 Maatimus
2444 5445 2776 5517 Margunius,
2828 5450 2927 5511 liis,
2947 5450 3034 5517 qui
3051 5463 3217 5500 sacra:
3235 5450 3396 5516 philab

1880 5536 2075 5603 sophia:
2087 5545 2533 5605 ponuntOperam,
2551 5537 2739 5591 divina:
2751 5539 2937 5616 gratim
2949 5547 3303 5606 augmentum.

1880 5707 2063 5771 Qualis
2082 5710 2302 5777 quidem
2335 5725 2488 5763 sacer
2517 5709 2779 5765 Maximus
2827 5710 3013 5773 fuerit,
3063 5722 3371 5780 quantaque

1810 5814 1905 5865 pro
1940 5794 2136 5854 Sanctze
2167 5801 2419 5854 Ecclesim
2434 5800 2865 5856 eonstabilienda
2896 5800 3162 5866 doctrina,
3184 5801 3379 5856 adver-
