3958 6338
665 472 775 535 655

1805 466 1861 524 s.
1901 465 2176 524 naxon
2216 433 2711 523 (:oNFEssoms

3734 454 3826 524 (ιδῦ

622 600 626 605 ·
672 598 765 637 sus
791 568 1068 634 haereticos
1101 586 1345 632 conserta
1369 576 1503 639 acie,
1534 576 1827 630 certamina
1869 574 2205 636 sustinuerit,

2322 574 2608 643 ιίρετικοὺς
2635 571 3042 640 διαμαχόμενος,
3072 571 3193 634 τοὺς
3217 570 3425 637 ἀγῶνας
3464 567 3747 638 ὑπέστη-ἢ
3777 583 3849 625 τε

674 684 788 743 tum
818 671 962 724 illius
983 685 1102 723 cum
1132 669 1294 737 impio
1333 669 1539 738 Pyrrho
1567 666 1884 735 disputatio,
1913 666 2055 734 quod
2092 665 2211 731 dua:

594 820 601 825 ,
677 766 733 815 in
763 761 976 815 Christo
1001 769 1119 829 post
1170 759 1466 811 unitionem
1520 756 1823 809 astrucndae
1863 756 1970 809 sint
2009 750 2212 808 natura:

680 844 1048 920 [voluntates],
1072 859 1184 901 tum
1205 850 1321 917 ejus
1341 849 1443 900 alia
1469 848 1700 916 plurima
1727 854 2093 906 monumenta,
2125 857 2211 895 sa-

672 940 891 1009 pientia:
924 939 1119 992 divina:
1139 938 1467 1005 plenissima,
1497 937 1639 989 clare
1680 935 2084 988 demonstrant:
2108 946 2215 999 quo

678 1032 805 1083 item
855 1028 1015 1081 modo
1072 1026 1483 1081 solertissimum
1534 1033 1840 1093 pacatorcm
1874 1039 1937 1077 ac
1979 1022 2215 1092 judiCem

677 1117 941 1169 arbitrum
997 1130 1118 1167 cum
1170 1114 1391 1181 pietate,
1445 1112 1838 1180 componendo,
1895 1112 2037 1180 quod
2078 1112 2218 1164 inter

678 1201 944 1253 Ecclesias
978 1199 1258 1253 dissidium
1285 1198 1607 1267 quandoque
1625 1209 1934 1260 emerserat,
1952 1199 2068 1252 s‘csc
2085 1213 2221 1267 pra:-

678 1286 889 1349 buerit;
917 1286 1009 1339 scd
1028 1295 1081 1338 et
1110 1286 1386 1352 speciatim
1413 1292 1721 1337 sanctorum
1748 1285 2072 1351 inculpatam
2100 1297 2218 1334 om-

679 1378 806 1430 nino
836 1376 991 1429 lidem
1014 1383 1175 1443 atque
1210 1374 1532 1436 doctrinam,
1553 1373 1999 1441 scriptisillorum
2032 1386 2222 1423 monu-

679 1466 918 1528 mentis,
973 1463 1365 1523 vindicaverit,
1420 1470 1529 1519 tuni
1587 1463 1783 1529 scripta
1832 1461 1897 1513 ad
1957 1459 2220 1511 Marinum

658 1558 833 1627 ‘Cypr.
878 1552 1529 1625 presbyterumkepistola,
1574 1562 1681 1605 tum
1728 1564 1917 1603 eorum
1980 1546 2222 1613 Gregorii

677 1649 899 1719 Nysseni
947 1659 1254 1700 sermonum
1279 1684 1292 1707 ,
1323 1644 1414 1711 qui
1456 1643 1523 1695 ad
1566 1642 1962 1695 restitutionem
2000 1639 2054 1691 in
2091 1628 2225 1690 inte-
2264 1684 2268 1690 .

677 1755 830 1807 grum
891 1744 1155 1805 spectant,
1197 1750 1367 1802 eaque
1419 1734 1666 1786 laborare
1710 1732 1983 1791 videntur,
2038 1727 2223 1780 lcnitio

676 1847 741 1884 ac
798 1827 1049 1888 curatio,
1105 1834 1264 1893 atque
1308 1826 1426 1892 ejus
1485 1822 1698 1892 generis
1761 1823 1885 1882 alia,
1944 1819 2223 1888 perspicue

676 1917 967 1972 admodum
1002 1929 1064 1967 ac
1089 1911 1366 1982 magnifice
1387 1910 1701 1978 prwdicant.
1735 1906 2000 1962 Caeterum
2032 1906 2123 1959 ubi
2140 1921 2223 1959 sa-

674 2023 782 2063 crae
804 2006 1095 2074 Scriptura:
1127 2004 1477 2069 interpretem
1507 1998 1635 2067 agit,
1670 1996 1749 2051 sic
1778 1997 2021 2050 abditum
2051 1995 2216 2050 sacris

674 2096 909 2166 eloquiis
935 2094 1270 2153 thesaurum,
1305 2105 1334 2142 a
1366 2096 1582 2141 terreno
1605 2101 1892 2154 crassoque
1938 2086 2217 2139 involucro

675 2204 739 2242 ac
763 2188 965 2242 cortice
986 2184 1268 2250 depurgat,
1300 2194 1364 2233 ac
1395 2178 1489 2247 qui
1521 2179 1602 2231 eis
1645 2176 1903 2245 competit
1956 2176 2218 2229 doctrinae

677 2292 889 2332 morum
912 2288 1131 2329 sensum
1155 2269 1342 2339 .lepide
1366 2276 1609 2333 exornat,
1655 2282 1881 2336 pronum
1911 2266 1976 2319 ad
2005 2274 2218 2319 terrena

677 2368 936 2428 animum,
965 2363 1033 2432 ad
1072 2361 1371 2431 spiritalem
1408 2360 1660 2413 decorem
1696 2358 2028 2426 perpoliens,
2059 2366 2219 2425 atque

677 2458 744 2510 ad
785 2456 982 2509 celsam
1007 2448 1483 2519 contemplationis
1506 2462 1706 2510 arcem,
1742 2456 1975 2500 mentem
2024 2460 2217 2514 prove-

678 2548 833 2611 hens,
862 2544 1286 2609 divinorumque
1322 2548 1524 2609 mystas
1556 2547 1612 2591 et
1632 2538 1889 2609 epoplas(
1912 2536 1978 2589 iis
2031 2536 2220 2589 doctos

676 2653 742 2689 ac
782 2637 1120 2703 inspectores
1152 2632 1170 2701 )
1199 2629 1459 2690 eﬂiciens,
1496 2641 1553 2681 ut
1581 2626 1647 2680 ad
1679 2626 2218 2695 divinumqnoddam

677 2731 899 2797 elegans
919 2723 1270 2778 simulacrum
1296 2724 1643 2780 transmutet,
1695 2718 1814 2786 ejus
1858 2717 2063 2780 formze,
2124 2717 2219 2785 qui

672 2820 759 2873 e’st
775 2817 1055 2887 speciosus
1089 2813 1257 2866 forma
1316 2825 1425 2880 prae
1461 2808 1597 2864 ﬁliis
1644 2808 1922 2862 hominum
1950 2808 1971 2839 ⁸
2000 2809 2222 2887 mentis-

676 2885 865 2978 quead
921 2905 1133 2975 potiora
1182 2899 1595 2956 ascensionibus
1634 2898 1701 2953 ad
1740 2897 1980 2951 divinam
2040 2885 2219 2964 perfe-

677 3000 914 3051 ctionem
945 2993 1293 3047 manuducat.
1320 2989 1499 3058 Longe
1518 3004 1669 3051 vero,
1698 2998 1960 3056 quantum
1984 2986 2114 3038 mihi
2140 3001 2223 3038 as-

679 3085 831 3153 sequi
855 3068 1005 3145 licet,
1057 3080 1294 3147 reliquos
1330 3076 1628 3144 superavit,
1694 3074 2007 3143 spiritaliori
2049 3073 2220 3125 subli-

681 3173 981 3243 miorique(
1004 3171 1228 3242 mystico
1256 3177 1311 3222 et
1326 3166 1618 3235 anagogico
1637 3166 1655 3236 )
1677 3163 1979 3233 exponendi
2004 3179 2218 3233 genere.

659 3267 891 3321 .Etenim
927 3263 1073 3325 haud
1114 3275 1256 3325 raro,
1288 3274 1386 3313 ceu
1436 3258 1611 3327 primo
1660 3256 1896 3326 quodam
1944 3254 2225 3309 involuero

680 3358 891 3418 relicto,
926 3354 1068 3423 quod
1108 3352 1399 3419 Scriptura:
1432 3348 1639 3402 humile
1670 3356 1774 3409 est,
1808 3364 1915 3401 una
1943 3362 2224 3401 sensorum

681 3445 1017 3500 sublimitate
1036 3441 1343 3502 deliciatur,
1396 3437 1651 3509 lautaque
1688 3430 1980 3507 ‘prazelaris
2034 3436 2226 3488 horum

679 3534 925 3589 convivis
958 3530 1276 3585 instruenda
1304 3544 1491 3583 mensa
1539 3528 1835 3596 plurimum
1888 3527 2224 3582 immoratur,

681 3625 962 3679 Noverunt
987 3622 1064 3675 sie
1096 3635 1209 3673 rem
1241 3618 1464 3679 habere,
1500 3618 1594 3685 qui
1620 3617 1764 3669 haud
1788 3616 1980 3677 levius,
2025 3616 2142 3682 ejus
2160 3613 2227 3667 ad

683 3710 1023 3765 Thalassium
1046 3702 1425 3776 presbyterum
1457 3704 1523 3769 de
1540 3704 1708 3757 variis
1727 3702 2046 3756 difﬁcilibus
2062 3716 2227 3754 sacra:

662 3803 978 3870 Scriptura:
1006 3799 1159 3858 locis,
1190 3796 1587 3865 quaestionibus
1617 3794 1856 3847 animum
1892 3793 2224 3863 adjecerunt,

682 3892 877 3959 quater
922 3889 1050 3942 item
1094 3886 1340 3959 centenis
1381 3884 1652 3953 capitibus
1709 3883 1777 3935 dc
1840 3882 2107 3936 charitate
2158 3882 2225 3935 ad

666 3951 976 4045 'Elpidium,
1012 3951 1223 4027 necn'on
1266 3951 1517 4025 ducentis
1560 3971 1633 4023 de
1677 3971 1944 4039 theologia
1969 3972 2143 4039 deque
2170 3970 2223 4023 in

686 4081 849 4120 carne
876 4062 1279 4131 dispensatione
1314 4067 1414 4123 ,ut
1440 4070 1496 4112 et
1538 4059 1831 4127 quinquies
1871 4061 2117 4113 centenis
2158 4061 2225 4113 dc

630 4152 635 4160 ’
682 4157 882 4208 virtute
910 4160 966 4207 et
988 4151 1140 4213 vitio,
1164 4150 1387 4219 ejusque
1421 4147 1487 4200 ad
1510 4148 1753 4201 diversos
1777 4150 2039 4217 epistolis,
2067 4158 2226 4218 atque

617 4279 622 4284 -
684 4244 806 4301 aliis
837 4244 951 4311 ejus
991 4239 1225 4308 generis.
1251 4238 1345 4291 llis
1376 4238 1650 4301 nimirum,
1708 4240 1954 4307 quisquis
2002 4241 2228 4309 legendo

686 4334 926 4385 animum
959 4330 1093 4382 satis
1121 4328 1394 4389 adhibeat,
1420 4334 1635 4399 terrena
1652 4330 1797 4382 omni
1824 4331 2226 4384 necessitudine

684 4421 936 4488 superior
962 4417 1164 4490 evadit,
1188 4417 1446 4483 velutque
1469 4417 1763 4483 assumptis
1808 4416 1929 4481 alis,
1971 4418 2038 4470 ad
2084 4411 2226 4469 divi-

688 4527 831 4572 nam,
874 4508 1052 4577 quoad
1074 4506 1286 4574 mortali
1319 4506 1466 4568 licet,
1514 4506 1923 4574 intelligentiam
1979 4508 2225 4560 dilectio-
2257 4540 2301 4597 0

689 4614 920 4669 nemque
948 4595 1220 4665 provehit.
1241 4594 1618 4657 Judicentalii,
1642 4610 1871 4661 quorum
1898 4597 2064 4667 major
2082 4598 2225 4664 judi-

688 4693 759 4744 eii
785 4691 866 4744 vis
900 4695 955 4741 et
984 4684 1225 4745 solertia,
1258 4683 1430 4735 sancti
1452 4682 1612 4750 hujus
1640 4683 1740 4734 viri
1763 4684 2014 4736 eximiam
2054 4700 2224 4738 sacco-

666 4780 1152 4834 larislitteraturaz
1180 4774 1451 4843 peritiam,
1510 4773 1739 4825 actionis
1766 4774 1874 4825 vim
1899 4775 1953 4827 in
1991 4784 2230 4850 contem-

691 4869 925 4935 platione
952 4866 1111 4933 inque
1142 4866 1353 4917 actione
1382 4861 1854 4929 contemplationis
1870 4865 1997 4927 vim,
2018 4868 2233 4934 prazcla-

694 4972 804 5007 ram
830 4970 1015 5007 revera
1043 4954 1477 5014 conversionem,
1502 4951 1758 5018 omnique
1778 4934 2029 5029 religioso
2051 4956 2232 5009 animo

692 5048 844 5112 longe
869 5042 1233 5095 desideratum
1267 5057 1363 5108 par
1388 5043 1686 5109 jugumque
1715 5058 1727 5104 ;
1762 5042 1961 5107 quibus
1985 5046 2233 5098 omnilms

694 5135 890 5186 nedum
918 5136 1203 5183 accuratus
1237 5129 1547 5197 dogmatum
1574 5142 1812 5183 assertor
1845 5146 1907 5183 ac
1933 5131 2231 5201 theologus,

695 5236 879 5275 verum
907 5221 1069 5274 etiam
1106 5218 1458 5286 philosophus
1510 5220 1778 5287 proditur.
1838 5221 1968 5289 Ejus
2023 5222 2235 5286 generis

694 5319 793 5369 est,
825 5318 879 5362 et
906 5325 1025 5376 qua:
1059 5309 1112 5360 in
1136 5309 1385 5361 manibus
1426 5318 1674 5362 versatur
1701 5324 1936 5377 prazscns
1988 5310 2236 5363 lucubra-

696 5403 788 5453 tio.
834 5398 1192 5463 Quorumnam
1209 5402 1355 5467 signa
1378 5402 1498 5462 sint,
1547 5417 1663 5471 (ιαμ)
1700 5404 1753 5453 in
1781 5408 1963 5453 sam-ta
2006 5400 2233 5453 Ecclesia

692 5495 745 5543 in
780 5491 953 5543 divina
991 5490 1176 5559 aynaxi
1219 5490 1426 5558 ejusque
1478 5493 1580 5543 fitu
1629 5500 1973 5561 peraguntur,
2026 5494 2237 5545 cunctis

696 5582 852 5657 plane
883 5579 1225 5643 Christianis,
1253 5596 1315 5633 ac
1350 5580 1616 5648 pra-cipue
1643 5581 1728 5642 iis,
1772 5596 2002 5649 quorum
2054 5580 2107 5633 in
2153 5598 2235 5635 sa-

767 5760 781 5788 ‘
806 5756 945 5811 Psal.
975 5772 1109 5819 xxv,
1136 5756 1185 5809 3‘.

2309 664 2443 731 πρὸς
2480 662 2688 731 Πύρρον
2712 660 2799 712 τὸν
2832 659 3063 726 δυσσεϐῆ
3094 659 3257 712 αὐτοῦ
3291 658 3681 729 προσδιάλεξις,
3722 656 3830 726 περὶ

2310 753 2401 805 τοῦ
2443 752 2549 804 δεῖν
2576 752 2667 803 δύο
2711 751 2848 820 μετά
2880 750 2976 819 τὴν
3005 750 3203 801 ἕνωσιν
3241 749 3333 799 ἐπὶ
3381 747 3611 817 Χριστοῦ
3662 746 3829 814 φύσεις

2310 842 2607 912 ὁμολογεῖν,
2638 844 2730 895 καὶ
2757 841 2889 894 ἄλλα
2921 840 3140 892 πλεῖστα
3165 839 3272 891 τῶν
3296 840 3456 892 αὐτοῦ
3486 836 3829 906 συγγραμμά-

2311 934 2546 1002 των,τῆς
2576 934 2715 986 κατὰ
2735 932 2864 984 Θεὸν
2894 931 3081 1000 σοφίας
3109 930 3470 1001 πληρέστατα,
3507 928 3691 996 σαφῶς
3716 944 3833 996 παρ-

2318 1025 2641 1076 ιστάνουσινο
2686 1024 2831 1085 ὅπως
2876 1022 2929 1074 δὲ
2968 1022 3057 1074 καὶ
3094 1022 3403 1087 δεξιώτατον
3452 1019 3586 1089 μετὰ
3625 1017 3719 1070 τοῦ
3755 1019 3831 1070 εὑ-

2315 1114 2503 1177 σεὸοὗς
2547 1113 2867 1181 διαλλακτήν
2896 1131 2953 1166 τε
2996 1114 3088 1164 καὶ
3116 1111 3395 1182 διαιτητὴν
3426 1109 3699 1179 παρέσχεν
3733 1109 3833 1158 ἑαυ-

2314 1205 2404 1255 τὸν
2437 1205 2533 1271 τῆς
2569 1202 2768 1276 μεταξὺ
2820 1200 2927 1253 τῶν
2969 1198 3299 1267 Ἐκκλησιῶν
3348 1196 3677 1264 ἀναφυείσης
3726 1192 3832 1244 ποτε

2314 1293 2839 1361 διαμφισϐητήσεωςο
2870 1290 3004 1343 ἀλλὰ
3042 1291 3131 1341 καὶ
3161 1291 3216 1341 ὲν
3251 1292 3405 1359 μέρει
3450 1286 3594 1338 ἔστιν
3639 1278 3717 1344 οἷς
3745 1281 3834 1334 τῶν

2318 1383 2483 1450 ἁγίων
2512 1382 2570 1433 τὸ
2592 1383 2763 1450 πάντη
2792 1380 3149 1447 ἀνεπίληπτον
3182 1377 3236 1430 ἐν
3262 1394 3324 1445 γε
3350 1380 3460 1438 τοῖς
3488 1374 3698 1427 ἑαυτῶν
3724 1387 3834 1437 συγ-

2318 1474 2603 1542 γράμμασι
2648 1471 2958 1539 διετήρησεν
2982 1486 2995 1498 ·
3032 1470 3064 1537 ἦ
3096 1486 3153 1519 τε
3191 1469 3326 1538 πρὸς
3363 1469 3602 1535 Μαρίνον
3636 1463 3836 1531 Κύπρου

2318 1561 2682 1632 πρεσϐύτερον
2711 1558 2980 1627 ἐπιστολὴ,
3016 1561 3107 1610 καὶ
3137 1560 3169 1628 ή
3195 1558 3300 1609 τῶν
3335 1558 3426 1610 τοῦ
3457 1556 3604 1627 ἱεροῦ
3640 1555 3834 1621 Νύσσης

2318 1655 2509 1720 λόγων,
2544 1654 2640 1705 ὅσα
2693 1667 2754 1717 γε
2811 1653 2889 1711 είς
2932 1652 3027 1719 τὴν
3070 1650 3502 1702 ἀποκατάστασιν
3537 1648 3679 1716 ἥκει,
3708 1660 3838 1711 γενο·

2324 1745 2455 1812 μένη
2504 1741 2659 1809 αὐτῷ
2704 1740 2984 1809 θεραπεία,
3035 1741 3127 1791 καὶ
3174 1738 3305 1792 ἀλλα
3335 1736 3557 1791 τοιαῦτα
3596 1732 3837 1804 λαμπρῶς

2322 1835 2463 1887 πάνυ
2504 1829 2985 1899 ἀνακηρύττουσιν.
3030 1831 3115 1881 Ἐν
3145 1825 3223 1890 οἷς
3253 1830 3432 1898 μέντοι
3475 1828 3664 1880 ἑαυτὸν
3690 1827 3838 1895 ἑρμη-

2258 1914 2294 1966 Β
2323 1924 2417 1976 νέα
2452 1922 2739 1986 καθίστησι
2783 1920 2880 1988 τῆς
2909 1922 3066 1987 ἁγίας
3102 1919 3341 1987 Γραφῆς.
3374 1918 3547 1979 οὕτως
3569 1914 3838 1969 ἀνακαθαί-

2321 2031 2409 2083 ρει
2444 2016 2538 2065 τοῦ
2578 2011 2806 2074 ὑλώδους
2827 2010 3266 2079 ἑπικαλύμματος
3307 2008 3395 2060 τὸν
3422 2006 3837 2077 ἐγκεκρυμμένον

2318 2109 2430 2167 τοῖς
2456 2107 2618 2174 ίεροῖς
2655 2103 2852 2171 λογίοις
2894 2103 3185 2172 θησαυρὸν,
3221 2100 3442 2153 καὶτῶν
3488 2099 3837 2168 προσεχόντων

2321 2196 2466 2265 αὐτῴ
2495 2194 2883 2248 κατακαλλύνει
2907 2196 2968 2246 τὸ
3000 2190 3147 2263 ἦθος,
3175 2193 3235 2244 τὸ
3262 2192 3393 2259 πρὸς
3418 2190 3517 2260 τὴν
3550 2189 3680 2257 ὕλην
3710 2188 3842 2255 ἐπιρ-

2322 2270 2482 2358 ρεπὲς
2510 2286 2608 2354 τῆς
2640 2285 2813 2353 ψυχῆς
2842 2284 2973 2354 πρὸς
2997 2284 3186 2344 κάλλος
3210 2280 3447 2345 ἀποξέων
3476 2279 3835 2349 πνευματικὸν,

2321 2379 2455 2444 πρός
2485 2392 2541 2427 τε
2564 2375 2623 2427 τὸ
2644 2375 2841 2443 ὑψηλὸν
2863 2374 2960 2443 τῆς
2984 2373 3213 2444 θεωρίας
3239 2370 3575 2433 ἀναϐιϐάζων
3598 2370 3682 2421 τὸν
3709 2367 3835 2429 νοῦν,

2323 2468 2415 2520 καὶ
2472 2466 2583 2518 τῶν
2646 2465 2801 2518 θείων
2870 2464 3076 2534 μύστας
3126 2476 3185 2516 τε
3245 2463 3337 2514 καὶ
3388 2462 3624 2521 ἐπόπτας
3680 2460 3837 2527 ἀπερ-

2321 2559 2635 2626 γαζόμενος,
2667 2557 2740 2620 ὡς
2770 2558 2848 2618 είς
2879 2556 3019 2611 θεῖόν
3054 2573 3107 2609 τι
3135 2554 3352 2623 ἄγαλμα
3384 2554 3481 2621 τῆς
3515 2552 3630 2605 καθ’
3657 2550 3835 2619 ὁμοίω-

2326 2665 2409 2700 σιν
2441 2646 2768 2717 ᾠραιότητος
2806 2646 2898 2700 τοῦ
2934 2647 3117 2699 κάλλει
3152 2645 3352 2715 ὡραίου
3391 2643 3537 2713 παρά
3557 2645 3677 2704 τοὺς
3705 2642 3837 2700 υίοὺς

2321 2739 2428 2791 τῶν
2474 2737 2774 2805 ἀνθρώπων
2824 2737 3242 2805 μετασκευάζειν
3284 2734 3496 2796 αὐτούς·
3526 2735 3616 2786 καὶ
3648 2735 3721 2795 εἰς
3750 2730 3838 2799 τὴν

2324 2827 2466 2879 κατὰ
2495 2828 2625 2879 Θεὸν
2672 2826 2949 2879 τελείωσιν
2988 2830 3106 2889 ταῖς
3147 2826 3241 2878 ἐπὶ
3276 2825 3345 2877 τὰ
3372 2826 3599 2894 κρείττω
3635 2823 3722 2877 τοῦ
3756 2820 3837 2876 νοῦ

2323 2916 2617 2970 ἀναϐάσεσι
2648 2919 3024 2985 χειραγωγεῖν.
3049 2916 3186 2969 Πολὺ
3211 2916 3287 2979 δὲ,
3314 2916 3411 2968 ὅσα
3430 2932 3491 2981 γε
3519 2916 3615 2984 ἐμὲ
3644 2913 3837 2975 εἰδέναι,

2324 3003 2444 3064 τοὺς
2471 3000 2658 3063 ἀλλους
2687 3002 2961 3071 παρήλασε
3000 3002 3076 3071 τῷ
3108 3003 3492 3077 μυστικωτέρῳ
3524 3019 3580 3054 τε
3612 3003 3702 3054 καὶ
3727 3001 3834 3052 ἀναο

2325 3092 2682 3161 γωγικωτέρῳ
2736 3092 2833 3161 τῆς
2875 3094 3163 3162 ἑρμηνείας
3196 3096 3400 3163 τρόπῳ.
3442 3094 3552 3147 Καὶ
3582 3092 3692 3163 ’γὰρ
3710 3093 3838 3145 κάτω

2327 3197 2426 3232 που
2459 3179 2793 3232 καταλείπων
2821 3181 3076 3244 πολλάκις
3104 3182 3162 3234 τὸ
3201 3182 3292 3234 τοῦ
3321 3182 3481 3250 λόγου
3503 3179 3615 3234 οἷόν
3641 3165 3693 3233 ττι
3722 3198 3837 3246 προ-

2326 3271 2584 3338 κάλυμμα
2604 3269 2877 3332 ταπεινὸν,
2907 3270 2981 3340 τῷ
3010 3270 3132 3338 ὕψει
3159 3272 3253 3325 καὶ
3281 3272 3423 3342 μόνῳ
3452 3272 3557 3345 τιῖξν
3579 3273 3839 3340 νοημάτων

2326 3362 2579 3430 ἐντρυφᾷ*
2623 3360 2714 3412 καὶ
2741 3360 2905 3422 πολύς
2938 3360 3079 3413 ἐστιν
3112 3362 3167 3413 ἐν
3190 3361 3265 3431 τῷ
3302 3363 3492 3432 δαψιλῆ
3522 3364 3718 3415 τούτων
3744 3363 3838 3421 τοῖς

2325 3450 2430 3502 τῶν
2464 3450 2715 3502 τοιούτων
2749 3452 2927 3514 καλοῖς
2974 3452 3254 3522 δαιτυμόσι
3314 3453 3839 3524 συμπαρασκευάζειν

2324 3537 2420 3607 τὴν
2456 3538 2753 3606 τράπεζαν.
2794 3541 2968 3591 ’ἰσασι
3007 3540 3163 3593 τοῦτο
3215 3543 3263 3592 οί
3298 3542 3391 3610 ,μὴ
3420 3542 3851 3609 ἐπιπολαιότερον

2322 3630 2433 3687 τοῖς
2466 3627 2597 3694 πρὸς
2622 3626 2917 3677 Θαλάσσιον
2938 3628 3027 3678 τὸν
3056 3630 3419 3698 πρεσόύτερον
3453 3632 3577 3700 περὶ
3594 3633 3843 3701 διαφόρων
3874 3614 3879 3619 ’

2323 3714 2542 3784 ἀπόρων
2581 3714 2679 3781 τῆς
2720 3714 2880 3779 ἀγίας
2920 3715 3137 3785 Γραφῆς
3172 3718 3531 3784 ἐγκεκυφότες
3568 3720 3840 3789 ζητήμασι·

2323 3806 2435 3865 τοῖς
2468 3802 2603 3871 πρὸς
2645 3802 2906 3856 Ἐλπίδιον
2952 3806 3076 3875 περὶ
3124 3807 3340 3877 ἀγάπης
3383 3811 3743 3878 τετρακοσίοις
3770 3827 3856 3861 κε-

2325 3892 2588 3959 φαλαίοιςσ
2622 3894 2731 3953 τοῖς
2752 3894 2873 3962 περὶ
2904 3894 3178 3962 θεολογίας
3205 3898 3296 3949 καὶ
3324 3897 3423 3967 τῆς
3447 3900 3703 3968 ὲνσάρκου
3718 3904 3824 3952 οἰκο

2324 3982 2530 4050 νομίας,
2552 3980 2860 4044 διακοσίοις·
2893 3985 2985 4035 καὶ
3016 3988 3128 4045 τοῖς
3158 3987 3283 4056 περὶ
3314 3987 3522 4055 ἀρετῶν
3542 3990 3631 4041 καὶ
3662 3976 3843 4045 κακίας

2325 4070 2725 4133 πεντακοσίοις·
2756 4072 2851 4123 καὶ
2896 4076 3013 4133 ταῖς
3056 4074 3189 4140 πρὸς
3229 4074 3514 4144 διαφόρους
3552 4078 3705 4129 αὖτοῦ
3735 4079 3844 4128 ἑπι-

2327 4149 2555 4223 στολοὶῖς,
2608 4160 2701 4211 καὶ
2748 4160 2925 4223 ἀλλοις
2975 4163 3266 4225 τοιούτοις⁹
3302 4164 3367 4214 δι’
3391 4158 3466 4217 ὧν
3494 4166 3713 4226 ἕκαστος
3750 4166 3847 4215 τιὶν

2329 4250 2463 4317 μετὰ
2503 4250 2772 4317 προσοχῆς
2801 4251 3295 4317 ἀναγινωσκόντων,
3316 4255 3415 4321 τῆς
3448 4257 3581 4323 πρὸς
3606 4256 3697 4323 τὴν
3725 4252 3853 4321 ὕλην

2329 4335 2666 4401 συμπαθείας
2720 4335 2985 4404 ἀνώτερος
3022 4336 3287 4403 γίγνεται,
3340 4342 3432 4392 καὶ
3480 4336 3590 4393 οἷον
3633 4344 3844 4394 ἀναπτε-

2329 4423 2510 4491 ροΰται
2541 4424 2675 4492 πρὸς
2707 4423 2803 4491 τὴν
2845 4425 2937 4476 τοῦ
2980 4425 3135 4489 Θείρυ
3166 4426 3389 4496 δυνατὴν
3417 4432 3731 4500 κατανόησιν
3760 4430 3845 4481 καὶ

2329 4511 2623 4578 ἀγάπησιν.
2666 4511 2968 4582 Κρινόντων
3005 4513 3170 4569 ἄλλοι.
3222 4516 3280 4566 οἵ
3326 4532 3386 4581 γε
3438 4518 3592 4586 ἡμῶν
3622 4518 3849 4589 κριτικώ-

2328 4617 2494 4669 τεροι,
2525 4601 2584 4651 τὸ
2624 4601 2748 4670 περὶ
2783 4602 2880 4670 τὴν
2910 4602 3011 4666 ἔξω
3040 4603 3224 4669 σοφίαν
3253 4593 3345 4656 τοῦ
3383 4606 3528 4674 ίεροῦ
3558 4609 3730 4676 ἀνδρὸς
3761 4624 3849 4658 πε-

2332 4690 2527 4757 ριττὸν,
2564 4693 2623 4742 τὸ
2665 4691 2964 4760 πρακτικὸν
3002 4694 3057 4742 ὲν
3098 4692 3316 4763 θεωρίᾳ,
3342 4696 3402 4747 τὺ
3428 4698 3485 4748 ἐν
3502 4698 3691 4768 πράξει
3726 4697 3849 4747 θεω-

2332 4779 2571 4848 ρητικὸν,
2626 4779 2723 4847 τὴν
2757 4780 2929 4847 καλὴν
2979 4779 3145 4843 ὅντως
3189 4783 3571 4855 ἀντιστροφὴν,
3600 4787 3689 4839 καὶ
3712 4785 3849 4850 πάσῃ

2331 4866 2565 4932 θεοφιλεῖ
2601 4868 2742 4936 ψυχῇ
2784 4865 3100 4936 ἀξιέραστον
3151 4870 3441 4942 ξυνωρίδαο
3476 4872 3557 4937 οἷς
3603 4877 3757 4927 πᾶσιν
3795 4876 3849 4923 οὐ

2336 4956 2490 5022 μόνον
2540 4956 2898 5027 δογματιστὴς
2931 4960 3161 5032 ἁκριὸἧς
3200 4966 3291 5015 καὶ
3341 4964 3605 5030 θεολόγος,
3632 4963 3755 5016 ἀλλὰ
3793 4963 3853 5031 δὴ

2334 5043 2426 5094 καὶ
2452 5042 2734 5111 φιλόσοφος
2760 5047 3150 5105 ἀναδείκνυται.
3186 5046 3434 5104 Τοιοῦτου
3462 5053 3517 5104 δὲ
3551 5056 3741 5121 γένους,
3768 5053 3853 5103 καὶ

2334 5135 2391 5184 τὸ
2420 5134 2585 5202 παρόν
2611 5137 2724 5185 ἐστι
2755 5136 3109 5206 σύγγραμμα,
3130 5142 3188 5191 τὸ
3220 5143 3347 5209 περὶ
3376 5141 3489 5203 τοῦ,
3521 5146 3690 5194 Τίνων
3712 5142 3857 5205 σύμ-

2335 5224 2479 5274 ϐολα
2518 5226 2588 5274 τὰ
2640 5227 2785 5276 κατά
2828 5226 2937 5291 τὴν
2982 5228 3158 5295 ἁγίαν
3206 5232 3566 5296 Ἐκκλησίαν
3611 5232 3698 5285 ἐπί
3747 5230 3855 5295 τῆς

2335 5311 2495 5373 θείας
2563 5311 2870 5377 Συνάξεως
2941 5319 3297 5384 τελούμενα,
3351 5300 3729 5389 πραγματείᾶ,
3781 5318 3858 5385 τῷ

2335 5402 2446 5452 ὄντι
2482 5403 2612 5453 πᾶσι
2662 5403 3020 5468 Χριστιανοῖς,
3078 5408 3172 5459 καὶ
3218 5409 3449 5475 μάλιστα
3472 5414 3580 5473 τοῖς
3619 5412 3734 5479 περὶ
3761 5410 3855 5467 τὰς

2339 5493 2488 5558 ἱερᾶς
2528 5494 2755 5559 τελετὰς
2794 5499 3331 5568 κατασχολουμένοις,
3374 5504 3466 5553 καὶ
3499 5500 3584 5555 τὸν
3611 5502 3695 5554 τοῦ
3725 5502 3858 5552 Θεοῦ

2336 5583 2461 5635 λαὸν
2489 5582 2756 5638 διδάσκειν
2795 5588 3333 5658 ὲμπεπιστευμένοις,
3358 5591 3773 5660 λυσιτελεστάτη
3803 5603 3863 5642 τε

3863 5117 3880 5145 Γ
