3958 6338
562 366 666 430 οπο

1695 376 1754 435 8.
1793 378 2072 437 ΜΑΧΙΜΙ
2112 378 2611 441 (ἷΟΝΡΕδδυῘὶῐς

3694 385 3799 449 (60

562 478 747 545 gustia
776 478 991 555 fuerant
1030 482 1293 550 exposita.
1330 499 1415 537 me
1463 487 1688 549 cursim,
1724 503 1787 541 ac
1814 504 1975 555 quam
2008 488 2115 542 bre-

2233 506 2344 554 γων
2403 491 2655 561 ἐξαυτῆς,
2696 493 2970 562 ἔγγραφόν
3022 510 3104 547 σοι
3145 493 3411 547 ποιεῖσθαι
3461 494 3559 566 τὴν
3586 496 3798 550 τούτων

564 568 785 622 tissime
813 579 1057 638 poteram
1087 574 1250 626 semel
1282 574 1672 629 edisserentem
1705 577 2006 643 audiisses;
2032 594 2126 647 po—

564 661 777 713 stulasti
825 663 1019 716 statim.
1047 664 1399 718 vehementer
1441 682 1659 735 urgens,
1693 677 1751 720 ut
1784 683 1971 721 eorum
2007 686 2127 735 quae

564 748 711 801 dicta
755 758 957 811 essent,
1006 752 1263 819 scriptam
1296 754 1663 807 narrationem
1701 755 1798 807 tibi
1834 754 2125 809 contrade-

566 852 708 902 rem;
745 838 1003 892 nimirum
1050 842 1377 908 scripturam
1429 842 1724 896 oblivionis
1760 844 2126 897 medicamen-

565 932 701 988 tum,
733 940 795 979 ae
836 929 1110 981 memoria:
1150 929 1411 981 auxilium
1440 929 1644 983 habere
1689 939 1934 985 statuens
1979 940 2124 986 sata—

562 1028 825 1083 gensque,
860 1025 1076 1084 tempus
1095 1016 1357 1071 edomans
1378 1017 1541 1089 490
1564 1034 1626 1073 ac
1645 1021 1899 1076 deterens
1921 1024 2121 1087 omnia,

561 1103 612 1156 ci
646 1113 839 1157 natura
869 1120 1058 1163 eomes
1094 1122 1214 1160 esse
1256 1107 1427 1171 aiens,
1458 1122 1521 1162 ac
1552 1110 1840 1178 ejusmodi,
1872 1121 1930 1165 ut
1956 1113 2125 1166 hone-

561 1203 771 1248 starum
804 1197 859 1249 in
889 1212 951 1248 ea
982 1213 1164 1250 rerum
1198 1198 1459 1267 imagines
1490 1200 1821 1269 formasque,
1856 1203 1929 1255 ita
1968 1212 2025 1256 ut
2056 1220 2123 1257 ne

560 1279 761 1333 sentiat
788 1282 1030 1349 quidem,
1062 1299 1159 1351 per
1199 1286 1531 1340 oblivionem
1576 1287 1836 1356 diripere,
1875 1305 2123 1356 prorsus-

557 1378 666 1434 que
708 1367 927 1423 abolere
970 1372 1147 1426 valeat
1181 1390 1194 1425 :
1233 1389 1463 1442 eamque
1505 1376 1559 1428 in
1599 1392 1715 1431 rem
1748 1380 1909 1433 modo
1941 1383 2123 1452 aliquo

558 1456 896 1514 instaurante
930 1476 1113 1531 egere,
1151 1467 1309 1533 cujus
1346 1480 1574 1520 munere
1610 1469 1839 1523 rationis
1879 1472 1964 1526 vis
1996 1490 2121 1541 per-

557 1556 725 1615 petuo
747 1551 955 1620 vigens,
981 1554 1351 1616 inviolabilem
1394 1557 1765 1628 integramque
1793 1578 1974 1616 rerum
2006 1581 2121 1619 me-

558 1638 787 1693 moriam
819 1644 1105 1709 consuevit
1150 1660 1389 1699 servare.
1434 1646 1705 1721 Quantum
1739 1665 1871 1709 vero
1910 1654 2123 1721 sapien-

557 1725 685 1792 tius,
736 1729 841 1783 hoc
889 1746 1053 1799 agere
1101 1742 1161 1785 ut
1200 1744 1255 1787 et
1286 1736 1454 1789 semel
1503 1736 1687 1790 audita
1742 1742 1910 1793 menti
1961 1742 2128 1797 infixa

2228 580 2502 651 διήγησιν·
2547 583 2716 653 λήθης
2766 586 3053 654 φάρμακον
3112 586 3204 638 καὶ
3264 585 3514 654 βοήθειαν
3572 589 3798 657 μνήμης

2230 670 2370 739 ἔχειν
2400 673 2461 724 τὸ
2487 673 2719 744 γράμμα
2763 676 3176 745 βεϐουλημένος,
3208 675 3451 742 φυσικῶς
3482 676 3575 728 τὸν
3600 678 3797 745 χρόνον

2229 764 2459 834 ἐχούσης
2491 766 2713 834 φάσκων
2750 766 3060 835 δαμάζοντα
3084 782 3098 797 ·
3136 765 3230 818 καὶ
3261 764 3680 834 ἀνεπαισθήτως
3711 765 3798 816 διὰ

2226 853 2395 923 λήθης
2446 855 2554 907 τῶν
2615 857 3049 925 ἐναποκειμένων
3113 856 3294 908 καλῶν
3352 855 3515 927 συλᾷν
3581 871 3643 906 τε
3703 854 3796 905 καὶ

2225 946 2507 1013 ἀφανίζειν
2540 948 2820 1009 παντελῶς
2864 950 2988 1009 τοὺς
3029 948 3231 1009 τύπους
3287 948 3384 999 καὶ
3422 947 3521 1007 τὰς
3572 945 3793 1006 εἰκόνας

2224 1035 2559 1104 δυνάμενον·
2612 1040 2704 1091 καὶ
2760 1039 2848 1091 δια
2900 1039 3056 1092 τοῦτο
3110 1039 3324 1098 πάντως
3377 1037 3644 1106 δεομένης
3697 1036 3790 1088 τοῦ

2225 1129 2662 1192 ἀνακαινίζοντος
2687 1130 2912 1198 τρόπου,
2955 1128 3079 1179 καθ’
3102 1127 3161 1179 ὃν
3196 1130 3226 1195 ἡ
3254 1126 3350 1179 τοῦ
3375 1126 3534 1193 λόγου
3556 1125 3791 1194 δύναμις

2224 1212 2311 1264 διὰ
2340 1214 2537 1276 παντὸς
2564 1215 2885 1282 ἀκμάζουσα
2908 1215 3188 1281 συντηρεῖν
3209 1213 3417 1279 πέφυκε
3440 1212 3539 1281 τὴν
3566 1213 3791 1280 μνήμην

2225 1302 2407 1372 ἀπαθῆ
2436 1305 2529 1356 καὶ
2549 1304 2835 1372 ἀμείωτον.
2874 1304 3034 1356 Ὅσον
3055 1303 3113 1355 δὲ
3132 1303 3225 1355 τοῦ
3248 1302 3435 1365 ἁπλῶς
3458 1300 3700 1363 ἀκούειν,
3734 1302 3802 1357 τὸ

2226 1388 2321 1440 καὶ
2347 1389 2605 1458 διαμονὴν
2636 1389 2995 1457 ἀκαθαίρετον
3030 1389 3137 1441 τῶν
3173 1388 3548 1442 ἀκουσθέντων
3597 1388 3793 1454 ἐπιζη-

2225 1479 2355 1540 τεῖν,
2389 1479 2504 1529 ἐστὶ
2541 1479 2865 1548 σοφώτερον,
2906 1479 3190 1531 ἐπίσταται
3222 1480 3438 1540 πάντως
3478 1480 3592 1541 πᾶς
3631 1479 3661 1531 ό
3698 1478 3792 1530 καὶ

2229 1567 2420 1637 μικρὸν
2470 1568 2743 1635 εὐγενείας
2798 1569 3018 1638 λογικῆς
3064 1568 3512 1637 ἐπιμελούμενος,
3562 1569 3661 1620 καὶ
3715 1568 3790 1636 μὴ

2227 1658 2403 1727 πάντη
2429 1660 2528 1726 τῆς
2566 1659 2699 1729 πρὸς
2746 1659 2836 1710 τὸν
2860 1659 3015 1726 λόγον
3041 1660 3370 1729 οἰκειότητος
3400 1658 3664 1728 ὑπάρχων
3697 1658 3791 1710 ἁλ-

2224 1746 2452 1816 λὸτριος.
2930 1778 2933 1781 -
3521 1740 3531 1751 ’

555 1829 828 1883 maneant,
862 1837 966 1876 nec
1031 1840 1266 1894 unquam
1311 1841 1373 1879 ea
1416 1826 1573 1892 avelli
1620 1838 1843 1895 queant,
1887 1847 2047 1899 quam
2093 1842 2154 1887 ut
2190 1838 2365 1890 solum
2402 1839 2590 1891 auditu
2635 1840 2926 1907 percipias,
2971 1841 3122 1894 novit
3158 1841 3341 1909 plane,
3404 1840 3655 1909 quisquis
3700 1841 3788 1895 vel

554 1908 842 1963 minimum
895 1912 1142 1981 ingenua:
1195 1916 1421 1970 rationis
1465 1932 1651 1970 curam
1697 1919 1857 1986 gerit,
1904 1937 2006 1974 nec
2052 1924 2120 1976 ab
2157 1926 2276 1992 ejus
2344 1919 2748 1985 necessitudine
2780 1945 3006 1997 prorsus
3042 1930 3253 1984 alienus
3283 1930 3521 1984 exsistit.

622 1998 843 2053 Maximi
862 2003 1130 2056 modestia.
1150 2002 1297 2056 Senis
1314 2005 1458 2058 illius
1480 2010 1707 2061 auctoris
1731 2010 1901 2076 operis
1932 2010 2115 2077 praedi-

2291 2015 2461 2080 Κάγὼ
2521 2020 2617 2086 μὲν
2676 2018 2885 2071 ὤκνουν
2915 2019 3065 2089 παρά
3108 2019 3206 2089 τὴν
3242 2019 3436 2089 ἀρχὴν,
3485 2019 3579 2071 τοῦ
3626 2021 3787 2087 λόγου

547 2089 713 2140 ωηο.
735 2117 805 2126 -
825 2094 1002 2159 Atque
1036 2108 1137 2160 ego
1169 2093 1387 2162 quidem
1437 2095 1675 2164 primum
1726 2098 1940 2167 (loquar
1970 2100 2116 2152 enim

552 2180 697 2247 quod
748 2181 925 2250 reipsa
967 2182 1069 2253 est)
1103 2184 1208 2239 hoc
1237 2186 1552 2254 impositum
1596 2190 1901 2257 argumenti
1947 2206 2118 2258 genus

552 2270 831 2339 suscipere
891 2287 1184 2339 recusans,
1238 2292 1345 2329 non
1411 2278 1515 2331 hoc
1561 2278 1824 2348 agebam,
1885 2289 1979 2333 aut
2035 2284 2114 2337 sic

551 2359 734 2412 animo
759 2360 986 2415 affectus
1026 2379 1196 2426 eram,
1229 2366 1381 2432 quasi
1414 2382 1529 2421 rem
1565 2367 1722 2423 vobis
1766 2370 2115 2442 (charissimi)

549 2455 757 2514 gratam
799 2450 1049 2517 votisque
1078 2454 1398 2520 expetitum,
1444 2454 1591 2507 omni
1625 2456 1809 2518 modo,
1837 2458 2016 2525 quoad
2050 2461 2117 2513 li-

549 2543 721 2599 ceret,
754 2543 1280 2611 propense-exsequi
1317 2543 1550 2607 nollem;
1602 2545 1697 2599 sed
1742 2548 1885 2616 quod
1935 2565 2114 2618 neque

548 2625 668 2694 ejus
694 2629 881 2695 gratiae
902 2630 1174 2700 particeps
1199 2648 1397 2697 essem,
1426 2651 1545 2704 qua:
1568 2651 1663 2690 eos
1686 2638 1778 2706 qui
1805 2638 1949 2707 digni
1982 2642 2111 2715 sjnt,

550 2713 606 2767 in
637 2715 741 2769 hoc
770 2718 1003 2785 inducit,
1034 2737 1135 2775 nec
1179 2722 1450 2778 facultatis
1498 2741 1737 2795 ususque
1772 2728 1992 2783 dicendi
2015 2713 2139 2783 ‘ch

550 2807 818 2874 perientia
866 2810 976 2862 ulla
1026 2812 1195 2864 fultus
1238 2829 1434 2874 essem.
1472 2817 1674 2884 quippe
1714 2816 2011 2884 simplicius
2052 2834 2113 2873 ac

548 2911 690 2965 pene
723 2898 868 2967 vulgi
904 2915 1055 2953 more
1101 2902 1384 2965 educatus,
1418 2905 1677 2973 rudisque
1726 2908 1951 2961 omnino
1996 2924 2113 2961 ser-

550 2987 728 3042 monis
759 3005 825 3043 cx
859 3000 975 3044 arte
1010 2993 1293 3061 compositi
1329 3012 1340 3046 ε
1371 2996 1489 3063 ejus
1522 2996 1753 3062 scilicet,
1787 3000 1879 3066 qui
1911 2999 1963 3051 in
2000 3000 2112 3054 sola

546 3081 775 3148 gratiam
803 3082 1110 3139 elocutione
1145 3086 1343 3150 habet;
1378 3102 1439 3140 ac
1465 3102 1576 3155 quo
1598 3089 1790 3158 vulgus
1827 3090 2112 3144 hominum

546 3171 781 3226 maxime
807 3174 1129 3241 delectatur,
1157 3178 1285 3231 dum
1328 3194 1525 3247 nempe
1565 3180 1754 3233 auditu
1781 3183 2112 3249 voluptatem

547 3261 836 3327 deﬁniunt,
871 3267 1085 3319 tametsi
1114 3268 1433 3335 plerumque
1464 3268 1597 3320 nihil
1630 3268 1681 3320 in
1721 3261 1991 3336 profundo
2029 3280 2111 3323 at-

547 3365 654 3418 que
679 3352 921 3404 abditum
950 3353 1134 3415 habet,
1162 3354 1306 3421 quod
1333 3362 1609 3406 momento
1632 3355 1803 3408 videri
1826 3356 2108 3424 plurisque

550 3438 665 3491 fieri
712 3440 908 3492 merito
956 3442 1172 3508 possit:
1216 3442 1469 3509 quodque
1519 3443 1649 3495 item
1686 3447 1836 3509 (vero
1881 3444 2108 3511 propius

548 3526 716 3583 dictu-
740 3530 1148 3601 propriumque)
1186 3530 1397 3585 subiret
1421 3531 1603 3595 timor,
1640 3546 1707 3585 ne
1738 3532 1836 3586 vili
1870 3547 1992 3585 meo
2020 3533 2107 3585 di-

548 3619 705 3674 cendi
733 3615 1069 3683 charactere,
1108 3621 1249 3677 beati
1282 3623 1401 3691 ejus
1437 3622 1539 3675 viri
1575 3622 1863 3677 sublimem
1898 3622 2109 3676 divino-

548 3726 668 3763 rum
716 3710 1085 3780 eloquentiam
1129 3712 1649 3781 intelligentiamque
1695 3712 1891 3781 injuria
1936 3729 2107 3781 prope

547 3799 819 3854 adicerem
848 3819 860 3852 :
885 3810 1071 3868 postea
1112 3813 1291 3867 tamen
1326 3802 1635 3854 dilectionis
1677 3802 1817 3868 (qua:
1854 3802 2109 3857 omnibus

548 3888 746 3940 lortior
774 3887 879 3957 est)
911 3889 960 3939 vi
1005 3888 1224 3959 cedens,
1269 3888 1467 3952 libens,
1503 3888 1648 3955 quod
1694 3890 1766 3941 ita
1804 3890 2108 3957 injunetum

548 3981 687 4037 crat,
722 3974 776 4027 in
801 3988 883 4026 me
908 3975 1109 4041 recepi,
1134 3974 1316 4042 potius
1339 3973 1564 4033 ducens,
1594 3981 1653 4026 ut
1676 3973 1767 4040 qui
1791 3972 1902 4026 fere
1918 3974 2109 4053 animo

549 4064 880 4118 morosiores
905 4065 1192 4126 exsistunt,
1216 4072 1479 4132 prompta:
1501 4062 1827 4116 obedientiae
1853 4078 2110 4133 arrogan-

549 4155 638 4209 tite
685 4155 1078 4224 imperiumque
1123 4154 1297 4207 labem
1346 4161 1650 4222 aspergant,
1700 4153 1923 4222 risuque
1964 4156 2110 4208 exci-

549 4245 720 4311 piant,
748 4260 912 4314 quam
942 4245 1347 4298 utcunetando
1388 4244 1530 4297 nolle
1564 4259 1649 4297 me
1682 4244 1837 4297 vobis
1872 4243 1926 4296 in
1958 4246 2107 4297 omni

542 4334 608 4389 re
647 4336 875 4387 honesta
916 4334 1099 4386 favere
1142 4342 1304 4399 atque
1333 4334 1558 4400 obsequi
1590 4333 1804 4395 videar;
1835 4333 1980 4386 modi
2027 4334 2109 4387 di-

550 4423 711 4476 cendi
741 4438 803 4475 ac
836 4422 1165 4475 elocutionis
1205 4437 1333 4474 cura
1374 4422 1522 4474 omni
1567 4438 1629 4476 ac
1660 4422 2024 4475 sollicitudine
2052 4422 2107 4475 in

548 4511 718 4567 Deum
748 4513 1008 4580 projecta,
1042 4512 1135 4580 qui
1164 4512 1313 4565 solus
1335 4521 1419 4565 est
1453 4526 1636 4565 rerum
1669 4511 1999 4565 mirabilium
2031 4510 2109 4562 ef-

548 4604 719 4669 t'ectpr
734 4602 781 4665 δ,
808 4603 1054 4672 docetque
1084 4604 1344 4656 hominem
1388 4604 1661 4655 scientiam
1692 4612 1740 4663 ο,
1784 4608 1831 4652 et
1874 4600 2109 4672 linguam

548 4693 819 4748 bulborum
860 4670 983 4763 facit
1014 4695 1263 4747 disertam
1288 4694 1347 4759 J;
1378 4696 1542 4762 inque
1584 4691 1868 4760 angustiis,
1899 4704 1962 4742 ac
1988 4670 2114 4757 per-5
2138 4684 2141 4687 “

548 4785 720 4850 plexis
750 4786 935 4847 rebus,
962 4787 1166 4839 exitum
1199 4785 1405 4839 invenit
1432 4803 1445 4836 :
1468 4782 1644 4849 Atque
1667 4799 1700 4835 a
1728 4790 1868 4833 terra
1887 4784 2107 4837 suscitat

546 4857 771 4945 inopem,
817 4886 864 4928 et
912 4877 975 4928 de
1015 4885 1236 4928 stercore
1266 4876 1413 4944 erigit
1443 4857 1722 4951 paupei'em
1749 4882 1808 4935 0;
1836 4886 1867 4924 a
1905 4870 2108 4924 carnali

2221 2103 2533 2173 (εἰρήσεται
2567 2108 2674 2177 γὰρ
2704 2106 2971 2177 τάληθὲς)
3028 2110 3128 2178 τὴν
3182 2108 3436 2159 ὑπόθεσιν
3486 2110 3785 2176 παραιτού-

2222 2211 2410 2263 μενος·
2470 2196 2529 2247 οὐ
2560 2196 2637 2263 τῷ
2668 2198 2743 2266 μὴ
2780 2196 2958 2249 Θέλειν
3016 2198 3163 2268 ὑμῖν,
3208 2197 3579 2266 ἠγαπημένοι,
3621 2199 3783 2251 παντὶ

2220 2270 2404 2349 τρόπῳ
2430 2282 2627 2334 διδόναι
2677 2284 2817 2335 κατά
2862 2284 3090 2352 δύναμιν
3119 2284 3180 2337 τὸ
3216 2284 3553 2353 καταθύμιόν
3577 2302 3591 2315 ·
3650 2286 3781 2338 ἀλλά

2218 2368 2280 2419 τὸ
2328 2370 2464 2437 μήτε
2522 2371 2622 2438 τῆς
2674 2374 2972 2442 ἐναγούσης
3033 2374 3167 2443 πρὸς
3216 2373 3373 2426 τοῦτο
3424 2375 3550 2436 τοὺς
3599 2375 3780 2440 ἀξίους

2221 2461 2601 2528 μετειληφέναι
2643 2462 2892 2533 χάριτος·
2933 2464 3069 2533 μήτε
3120 2463 3227 2531 μὴν
3272 2466 3466 2533 πεῖραν
3501 2464 3644 2533 ἔχειν
3683 2467 3780 2533 τῆς

2219 2547 2353 2616 πρὸς
2380 2548 2439 2600 τὸ
2478 2549 2656 2615 λέγειν
2704 2551 2983 2619 δυνάμεώς
3039 2569 3095 2602 τε
3143 2552 3236 2603 καὶ
3280 2551 3495 2621 τριϐῆς,
3550 2553 3779 2622 ἰδιωτείᾳ

2219 2635 2709 2706 συντεθραμμένος,
2786 2642 2879 2690 καὶ
2935 2639 3108 2706 λόγων
3167 2640 3432 2708 τεχνικῶν
3505 2641 3777 2713 παντελῶς

2215 2726 2459 2794 ἀμύητος
2508 2728 2786 2797 ὑπάρχων,
2835 2730 2943 2779 τῶν
2991 2732 3047 2781 ὲν
3098 2731 3236 2799 μόνῃ
3292 2733 3356 2799 τῇ
3397 2733 3647 2800 προφορᾷ
3682 2731 3775 2799 τὴν

2215 2814 2374 2881 χάριν
2412 2814 2668 2881 ἐχόντων·
2710 2812 2791 2877 οἷς
2819 2818 2866 2867 οἰ
2917 2816 3100 2867 πολλοὶ
3139 2816 3376 2884 μάλιστα
3410 2817 3682 2884 χαίρουσι,
3711 2819 3772 2885 τῇ

2215 2904 2350 2971 ἀκοῇ
2380 2902 2478 2972 τὴν
2516 2904 2706 2973 ⁴ἡδονὴν
2742 2908 3187 2975 περιγράφοντες,
3239 2906 3343 2958 κᾶν
3380 2908 3427 2958 εἰ
3470 2907 3639 2975 μηδὲν
3673 2908 3775 2958 τῶν

2214 2993 2407 3059 τιμίων
2436 2993 2525 3044 διὰ
2551 2991 2748 3062 βάθους
2775 2993 3030 3055 πολλάκις
3060 2994 3259 3062 ἔχοιεν·
3294 2995 3489 3059 καὶτὸ,
3522 2996 3778 3066 κυριώτε-

2218 3099 2309 3150 ρον
2359 3085 2534 3135 εἰπεῖν
2580 3085 2678 3136 καὶ
2725 3084 3103 3155 ἀληθέστερον,
3158 3084 3448 3137 δεδοικέναι
3510 3086 3585 3154 μὴ
3652 3085 3778 3137 καθ-

2217 3172 2463 3243 υϐρίσειν
2493 3175 2558 3242 τῇ
2578 3173 2832 3243 εὐτελείᾳ
2864 3174 2958 3226 τοῦ
2994 3176 3257 3245 ἡμετέρου
3278 3176 3435 3243 λόγου
3455 3176 3552 3245 τὴν
3572 3177 3776 3228 ἐκείνου

2213 3262 2308 3313 τοῦ
2345 3262 2613 3331 μακαρίου
2648 3263 2836 3332 ἀνδρὸς
2867 3267 2995 3333 περὶ
3028 3266 3137 3318 τῶν
3182 3266 3339 3319 θείων
3374 3266 3679 3335 ύψηγορίαν
3720 3283 3777 3318 τε

2139 3329 2180 3385 C
2215 3351 2308 3400 καὶ
2336 3329 2544 3419 νόησιν·
2576 3351 2724 3419 ὅμως
2748 3329 2812 3404 δ’
2860 3329 2952 3407 οὖν
2980 3355 3203 3422 ὓστερον
3233 3359 3297 3425 τῇ
3322 3329 3538 3425 βίᾳ-της
3560 3329 3777 3425 ἀγάπης

2216 3437 2384 3504 εἴξας,
2417 3440 2517 3509 τῆς
2549 3442 2762 3494 πάντων
2813 3444 3183 3512 ἰσχυροτέρας,
3234 3444 3497 3513 ἐδεξάμην
3536 3444 3677 3497 ἑκὼν
3715 3444 3775 3496 τὸ

2215 3527 2520 3596 ἐπίταγμα·
2577 3529 2834 3596 γελᾶσθαι
2872 3530 3067 3595 μᾶλλον
3112 3530 3196 3580 ἐπ’
3258 3530 3518 3599 αὐθαδείᾳ.
3565 3527 3624 3581 τε
3676 3531 3769 3582 καὶ

2214 3617 2559 3685 ἀπαιδευσίᾳ,
2610 3616 2678 3667 δι’
2713 3617 3022 3668 εὐπείθειαν
3062 3617 3211 3685 παρά
3253 3617 3362 3670 τῶν
3393 3618 3775 3687 μεμψιμοίρων

2215 3708 2485 3776 ἐλόμενος,
2517 3706 2549 3774 ἢ
2584 3707 2711 3773 ύμῖν
2752 3706 2843 3757 διὰ
2883 3707 2984 3774 τῆς
3020 3707 3288 3775 ἀναϐολῆς
3324 3709 3389 3761 ὲν
3440 3710 3603 3760 παντὶ
3630 3708 3777 3777 καλῷ

2220 3795 2292 3864 μὴ
2342 3793 2850 3863 συμπροθυμεῖσθαι
2909 3794 3197 3864 βούλεσθαι
3248 3797 3605 3865 νομισθῆναι·
3678 3797 3774 3864 τὴν

2216 3884 2344 3951 περὶ
2389 3884 2482 3934 τοῦ
2514 3883 2631 3945 πῶς
2673 3885 2844 3935 εἰπεῖν
2893 3885 3162 3954 μέριμναν
3189 3885 3266 3953 τῷ
3305 3885 3422 3955 Θεῷ
3458 3886 3772 3963 ὲπιρῤίιξας,

2213 3971 2290 4040 τῷ
2320 3972 2462 4041 μόνῳ
2487 3971 2908 4042 θαυματουργῷ·
2943 3975 3034 4025 καὶ
3056 3972 3399 4026 διδάσκοντι
3418 3974 3533 4041 μὲν
3555 3974 3773 4040 ἅνθρω-

2215 4078 2330 4115 πον
2358 4061 2599 4130 γνῶσιν,
2624 4063 2936 4128 τραγ-οὖντί
2952 4062 3030 4139 δὲ
3050 4062 3340 4130 γλῶσσαν
3356 4062 3701 4131 μογιλάλωι·
3730 4063 3770 4113 ⁸.

2214 4153 2307 4205 καὶ
2345 4155 2456 4215 τοῖς
2495 4152 2722 4221 ἀπόροις
2758 4152 2922 4218 πόρον
2974 4152 3311 4203 ἐπινοοῦντι·
3358 4152 3450 4203 καὶ
3488 4152 3775 4217 ἐγείροντι

2208 4242 2324 4311 μὲν·
2352 4242 2468 4294 ἀπὸ
2500 4240 2613 4308 γῆς
2633 4240 2892 4307 πτωχὸν,
2928 4241 3045 4292 ἀπὸ
3070 4240 3139 4292 δὲ
3165 4242 3415 4308 κοπρίας
3442 4239 3773 4305 ἀνυψοῦιτι

2214 4332 2459 4397 πένητα·
2509 4330 2602 4381 τοῦ
2656 4328 2921 4397 σαρκικοῢ
2957 4328 3096 4395 λέγω
3127 4331 3490 4399 φρονήματος,
3539 4329 3629 4379 καί
3671 4329 3774 4394 τῆς

2213 4420 2478 4481 δυσώδους
2532 4418 2641 4470 τῶν
2674 4418 2858 4470 παθῶν
2912 4418 3055 4479 ἰλύος
3075 4434 3091 4447 ·
3123 4420 3213 4470 τὸν
3245 4418 3457 4485 πτωχὸν
3497 4418 3574 4486 τῷ
3607 4418 3774 4469 πνεύ-

2219 4525 2346 4577 ματι
2410 4509 2443 4576 ἢ
2477 4508 2565 4558 τὸν
2594 4509 2788 4567 κακίας
2812 4509 3176 4577 πτωχεύοντα,
3205 4506 3421 4574 καὶτῆς
3453 4510 3574 4559 κατ’
3604 4506 3771 4574 αὐτὴν

2216 4600 2507 4667 πενόμενον
2531 4598 2723 4663 ἕξεως·
2751 4600 2782 4668 ἦ
2814 4600 3138 4659 τούναντίον,
3171 4595 3385 4673 καὶτὸν
3414 4598 3493 4649 ἔτι
3522 4598 3597 4668 τῷ
3623 4598 3773 4665 νόμῳ

2213 4687 2310 4755 τῆς
2357 4686 2557 4755 σαρκὸς
2606 4689 2697 4740 καὶ
2745 4690 2855 4748 τοῖς
2900 4676 3131 4739 ’πάθεσιν
3160 4675 3497 4755 ἐνεχόμενον,
3547 4689 3638 4740 καὶ
3676 4685 3770 4737 διὰ

2212 4770 2367 4829 idem
2390 4778 2488 4846 τῆς
2520 4779 2637 4830 κατέ
2668 4774 2865 4846 ἀρετὴν
2912 4776 3006 4829 καὶ
3051 4774 3249 4842 γνῶσιν
3288 4775 3629 4846 πτωχεύοντα
3667 4774 3771 4827 καὶ

2216 4869 2505 4939 πενόμενον
2533 4870 2778 4938 χάριτος.

549 4969 760 5023 scilicet
813 4984 974 5027 sensu
1032 4984 1094 5022 ac
1143 4968 1465 5036 prudentia,
1523 4966 1795 5034 fetidoque
1841 4965 2096 5020 vitiorum
2137 4980 2315 5028 emno,
2377 4979 2671 5033 pauperem
2730 4962 2963 5030 spiritu:
2992 4962 3078 5015 vel
3105 4960 3261 5033 491
3289 4978 3415 5017 eum
3442 4964 3535 5031 qui
3561 4958 3668 5014 vitii
3698 4974 3766 5010 ac

544 5058 808 5127 nequitiae
842 5060 1000 5127 inops
1029 5059 1118 5122 sit,
1159 5059 1386 5126 ejusque
1422 5071 1631 5124 pauper
1683 5057 1919 5121 habitus,
1965 5058 2019 5111 id
2058 5064 2163 5122 est,
2203 5057 2297 5110 illo
2357 5056 2569 5117 carens,
2613 5054 2699 5106 vel
2756 5060 3001 5110 econtra.
3047 5054 3140 5122 qui
3185 5054 3366 5107 adhuc
3413 5054 3530 5122 lege
3584 5047 3768 5105 carnis

547 5148 803 5217 vitiisque
829 5157 1097 5212 teneatur,
1122 5164 1350 5218 eamque
1372 5150 1442 5203 ob
1466 5165 1578 5212 rem
1601 5149 1819 5206 virtutis
1836 5166 1899 5205 ac
1923 5150 2163 5206 scientia:
2195 5151 2354 5217 ineps
2380 5160 2693 5216 pauperque
2724 5144 2969 5199 exsistat.
3198 5158 3203 5163 ‘

619 5239 851 5309 Dionysii
892 5242 1160 5310 mactandi
1187 5243 1322 5295 ratio
1351 5259 1619 5296 sacrorum
1657 5245 1872 5305 rituum,
1905 5242 2015 5295 alia
2047 5258 2109 5294 ac

553 5326 1000 5384 Maximi—Sed
1046 5331 1173 5400 quia
1210 5346 1240 5383 a
1286 5333 1626 5386 sanctissimo
1655 5347 1891 5400 vereque
1922 5331 2108 5383 divino

555 5416 853 5487 interprete
900 5421 1155 5491 Dionysio
1187 5422 1531 5491 Areopagita,
1577 5423 1632 5475 in
1665 5423 1804 5475 libro
1836 5436 1995 5490 quem
2025 5432 2109 5473 est

627 5526 652 5564 δ
676 5528 812 5580 Psal.
840 5544 1026 5583 cxxxv.
1048 5531 1098 5583 »4.
1178 5542 1198 5568 ε
1226 5531 1362 5583 Psal.
1390 5547 1529 5592 xcul,
1558 5531 1639 5584 10.
1718 5529 1740 5566 ἀ
1766 5530 1892 5597 Sap.
1916 5544 1969 5589 τι,
1990 5528 2077 5579 2|.

2295 5239 2432 5291 Ἀλλ’
2469 5235 2655 5303 ἐπειδὴ
2698 5234 2774 5303 τῷ
2812 5234 3059 5308 παναγίῳ
3108 5240 3201 5293 καὶ
3247 5239 3411 5298 ὅντως
3451 5234 3765 5303 θεοφάντορι

2214 5328 2470 5393 Διονυσίῳ
2500 5325 2576 5393 τῷ
2619 5327 2977 5400 ’Λρεοπαγίτῃ
3005 5331 3065 5382 ὲν
3097 5332 3163 5400 τῇ
3195 5327 3439 5398 περὶτῆς
3477 5324 3765 5388 ἐκκλησια-

2216 5418 2405 5485 στικῆς
2438 5416 2737 5485 Ἱεραργίας
2754 5419 3122 5490 πραγματεία,
3147 5421 3239 5473 καὶ
3257 5420 3325 5472 τὰ
3340 5418 3473 5472 κατά
3494 5414 3585 5485 τὴν
3605 5408 3767 5479 ἱερὰν

2159 5538 2181 5564 ο
2205 5525 2345 5578 Psal.
2372 5540 2497 5587 ex",
2524 5524 2574 5575 7.

1816 5618 2045 5673 VARle
2088 5616 2483 5672 LECTIONI'ZS.

683 5690 1011 5762 μογιλλάλιυν
1036 5692 1153 5745 cod.
1183 5694 1223 5744 Λ
1245 5700 1295 5743 el
1327 5691 1409 5741 l’r.
