3958 6338
143 388 217 454 iiii
1421 449 1425 453 λ
1457 397 1510 455 Μ
1520 398 1952 459 YSTAGOGIA.

3212 392 3316 456 (362

142 505 214 568 τῆς
239 500 387 570 ἁγίας
419 502 687 567 συνὰεεως
719 504 938 574 τελετὴν
972 505 1134 569 ἀξίως
1161 506 1259 575 τῆς
1288 506 1450 560 αὐτοῦ
1487 524 1660 577 μεγα·

1770 508 2109 563 elucubratus
2140 508 2207 562 de
2235 505 2605 561 ecclesiastica
2636 506 2973 571 llierarehia,
3010 522 3071 560 ea
3103 523 3316 578 quoque

143 594 310 655 λονοίας
338 592 672 672 τεθεώρηται
694 594 964 664 σύμϐολα·
1000 597 1192 658 ίστέον,
1226 595 1302 659 ὡς
1339 596 1400 648 οὐ
1423 596 1491 649 τὰ
1520 597 1660 650 αὐτὰ

143 687 254 738 νῦνό
277 683 427 750 λόγος
453 683 808 754 διεξέρχεται,
834 684 958 737 οὔτε
996 684 1084 736 διὰ
1107 684 1216 739 τῶν
1258 685 1436 739 αὐτῶν
1465 685 1658 755 ἐκείνῳ

144 773 442 846 προέρχεται.
468 772 750 842 Τολμηρδν
770 773 876 841 γὰρ
908 775 1003 825 καὶ
1029 773 1256 837 αὔθαδες
1282 775 1378 827 καὶ
1403 775 1661 837 ἀπονοίας

143 858 292 926 ἐγγὺς,
336 860 609 928 ἐγχειρεῖν
647 862 758 922 τοῖς
796 860 1007 912 ἐκείνου
1043 862 1358 927 πειρᾶσθαι,
1395 863 1486 914 τὸν
1520 863 1659 932 μήτε

143 950 301 1016 χωρεῖν
327 947 486 1000 αὐτὸν
515 947 549 1018 ἦ
585 951 724 1000 νοεῖν
754 950 1054 1018 δυνάμενον
1077 952 1098 982 ⁸
1116 967 1129 981 ·
1164 952 1257 1003 καὶ
1285 952 1358 1014 ὡς
1389 951 1496 1004 ίδια
1526 968 1660 1020 προ-

145 1035 366 1102 κομίζειν,
400 1035 470 1088 τά
508 1037 706 1098 ὲνθέως
735 1039 928 1106 ἐκείνῳ
949 1041 1097 1108 μόνῳ
1121 1039 1210 1093 διὰ
1229 1041 1323 1093 τοῦ
1346 1041 1662 1110 Πνεῦματος

144 1123 484 1190 φανερωθέντα
535 1127 842 1194 μυστήρια·
890 1128 1007 1180 ἀλλ’
1060 1129 1159 1181 ὅσα
1219 1129 1314 1180 καὶ
1360 1128 1540 1192 ἄλλοις
1587 1129 1662 1192 ὡς

144 1212 286 1280 ληπτά
308 1212 434 1282 παρ’
467 1214 630 1266 αὐτοῦ
669 1215 1060 1285 φιλανθρώπως
1094 1217 1342 1288 βουλήσει
1368 1218 1504 1271 Θεοῦ
1525 1237 1665 1292 παρ-
1701 1201 1708 1207 ’

144 1303 324 1372 ελείφθη
363 1305 501 1374 πρὸς
549 1305 767 1358 ἔκθεσιν
805 1307 828 1339 ⁸
876 1309 969 1359 καὶ
996 1310 1300 1378 γυμνασίαν
1341 1311 1440 1381 τῆς
1483 1313 1664 1366 αὐτῶν

145 1391 326 1443 ἐκείνων
347 1392 476 1462 περὶ
499 1392 567 1444 τά
591 1393 709 1446 θεῖα
737 1396 879 1449 κατὰ
900 1397 998 1467 τὴν
1031 1397 1216 1465 ἔφεσιν
1249 1398 1416 1465 ἕξεως
1433 1416 1447 1430 ο
1483 1403 1578 1454 καὶ
1595 1402 1663 1454 δι’

143 1471 202 1529 ὧν
225 1479 538 1550 συμμέτρως
583 1482 772 1545 αὐτοῖς
809 1485 841 1552 ἡ
883 1485 1148 1557 παμφαὴς
1182 1486 1290 1540 τῶν
1327 1487 1664 1558 τελουμένων

145 1569 267 1630 ἀκτὶς
291 1571 689 1642 κατανοουμένη
735 1573 1059 1629 καθίσταται
1089 1577 1383 1647 γνώριμος,
1408 1581 1502 1631 καὶ
1531 1581 1665 1650 πρὸς

146 1657 304 1725 ἑαυτὴν
344 1659 562 1727 κατέχει
613 1660 692 1731 τῷ
732 1663 880 1732 πόθῳ
935 1665 1388 1735 περιληφθέντας,
1441 1668 1526 1720 ίνα
1587 1669 1662 1738 μὴ

145 1747 380 1811 παντελῶς
409 1750 458 1802 oi
491 1753 611 1818 μετ’
641 1753 802 1804 αὑτὸν
830 1749 963 1820 ὦσιν
1003 1757 1180 1825 ἀργοὶ,
1229 1757 1327 1827 τὴν
1359 1759 1539 1810 πᾶσαν
1570 1749 1663 1811 τοῦ

1759 613 1880 666 qua:
1908 597 1963 650 in
2000 610 2152 650 sacra
2184 604 2384 649 sancite
2424 609 2688 663 synaxeos
2721 596 3086 650 celebratione
3130 611 3322 650 oecur-

1762 693 1890 745 runt
1915 684 2178 754 symbolo,
2213 698 2315 752 pro
2343 697 2408 736 eo
2441 684 2742 736 aceelsum
2770 686 2888 751 ejus
2911 685 3173 747 animum,
3202 683 3313 737 clri-

1760 773 1926 842 nique
1955 771 2245 842 prudentia
2289 779 2540 824 ornatum
2576 770 2823 844 decebat,
2868 773 3152 825 observata
3198 779 3325 825 sunt

1760 879 1823 918 ac
1865 865 2146 933 exposita;
2195 865 2508 927 sciendum,
2557 863 2700 931 quod
2751 879 2858 916 non
2906 863 3095 915 eadem
3141 872 3324 916 nostra

1762 952 1877 1007 haec
1902 953 2080 1006 oratio
2104 968 2252 1007 nunc
2284 953 2655 1021 prosequitur,
2689 967 2788 1005 nec
2821 967 2917 1019 per
2945 951 3132 1005 eadem
3161 961 3324 1019 atque

1762 1039 1853 1093 ille
1897 1049 2175 1111 grassatur
2205 1041 2466 1107 (audacia:
2505 1040 2653 1094 enim
2684 1050 2738 1093 et
2772 1040 3092 1108 arrogantim
3124 1041 3321 1112 fuerit,

1762 1128 2152 1197 insolentisque
2195 1127 2332 1181 adeo
2376 1129 2666 1182 dementiae
2709 1130 3034 1197 proximum,
3083 1128 3196 1195 ipsa
3247 1129 3323 1182 illi

1761 1218 2032 1286 expedita,
2061 1217 2342 1271 tractanda
2377 1232 2675 1279 assumere,
2705 1234 2850 1281 cum,
2878 1217 2968 1285 qui
3016 1233 3116 1270 nec
3149 1218 3322 1285 ipsum

1763 1322 1982 1377 capere,
2031 1315 2125 1362 aut
2176 1307 2295 1376 ejus
2345 1302 2476 1360 satis
2527 1315 2763 1360 mentem
2813 1308 3059 1375 assequi.
3115 1309 3322 1368 valeat;
3392 1316 3394 1319 '

1760 1397 2019 1465 velutque
2051 1412 2148 1451 sua
2194 1398 2459 1466 proferre,
2511 1411 2630 1464 qua:
2663 1395 2756 1447 uni
2801 1394 2876 1447 illi
2922 1410 3019 1463 per
3063 1379 3323 1463 spiritum

1762 1486 2028 1540 divinitus
2058 1486 2209 1540 fuere
2253 1485 2618 1548 manifestata,
2650 1483 2924 1558 mysteria)
2949 1485 3076 1548 ;sed
3110 1501 3229 1552 qua!
3255 1486 3322 1538 ab

1761 1591 1860 1639 eo,
1916 1576 2038 1630 aliis
2073 1592 2325 1644 quoque,
2380 1591 2482 1630 ceu
2535 1574 2804 1645 ejusmodi
2841 1582 2897 1627 ut
2951 1575 3067 1643 capi
3116 1576 3325 1642 possint

1765 1665 1866 1731 (sic
1894 1665 2005 1719 Deo
2028 1665 2325 1735 annuente)
2353 1665 2672 1732 exponenda
2703 1664 2930 1733 benigne
2961 1665 3145 1716 relicta
3179 1673 3321 1723 stunt,

1764 1771 1829 1809 ac
1843 1754 2045 1824 quibus
2066 1743 2330 1825 ipsorum,
2351 1771 2460 1823 quo
2481 1755 2535 1808 in
2557 1754 2742 1808 divina
2764 1755 3036 1808 desiderio
3059 1754 3327 1814 feruntur,

146 1837 302 1927 κρίνου
327 1839 421 1908 τῆς
456 1841 741 1910 παρούσης
769 1823 1173 1927 ζωῆςηήμέραν,
1203 1823 1302 1900 οὐκ
1331 1848 1543 1917 ἔχοντες
1576 1849 1666 1902 τὸν

1770 1846 1986 1901 habitus
2028 1853 2382 1910 exerceatur;
2433 1861 2528 1914 per
2572 1859 2694 1912 qua:
2734 1845 2932 1905 etiam,
2993 1860 3090 1912 pro
3139 1860 3331 1897 eorum

145 1924 254 1989 πρὸς
278 1927 368 1997 τὴν
411 1927 560 1981 Θείαν
607 1931 817 2000 ἐκείνην
845 1924 1251 2006 ἀμπελουργίαν
1307 1937 1668 2007 μισθούμενον

144 2014 290 2082 λόγον,
313 2019 396 2070 τὸν
416 2019 555 2090 ὑπὲρ
576 2024 674 2089 τῆς
696 2026 1071 2095 πνευματικῆς
1095 2029 1355 2097 ἐργασίας
1381 2029 1474 2081 τοῦ
1508 2048 1668 2082 πνευ⁴

148 2100 343 2173 ματικοῦ
379 2111 730 2178 ἀμπελῶνος,
778 2114 840 2166 τὸ
884 2115 1120 2169 συλωθὲν
1167 2120 1287 2170 κατ’
1341 2121 1516 2188 ἀρχὰς
1565 2120 1669 2173 ὑπὸ

143 2195 220 2247 τοῦ
240 2198 457 2268 πονηροῦ
483 2199 550 2252 δι’
574 2201 789 2270 ἀπάτης
821 2203 963 2255 κατὰ
995 2203 1090 2272 τὴν
1121 2205 1216 2274 τῆς
1243 2207 1462 2275 ἐντολῆς
1488 2209 1668 2276 παρά-

141 2284 293 2349 ϐασιν,
336 2291 698 2360 πνευματικὸν
742 2292 843 2360 τῆς
889 2292 1036 2357 θείας
1097 2295 1190 2347 καὶ
1239 2295 1669 2366 βασιλικωτάτης

141 2375 316 2438 εξκόνος
339 2377 588 2450 δηνάριον
620 2379 956 2436 ἀποδιδόντα.

1764 1947 1923 2006 captu
1969 1945 2288 2006 temperate,
2325 1935 2800 2006 splendidissimus
2841 1951 3020 1988 rerum
3073 1951 3192 2002 qua!
3239 1950 3328 2002 pe-

1763 2034 2030 2096 raguntur
2059 2026 2244 2079 radius
2274 2027 2456 2080 animo
2508 2027 2838 2088 intellectus,
2879 2033 3043 2078 notus
3076 2023 3329 2084 ellieitur,

1745 2117 1994 2192 illosque
2023 2115 2124 2169 sibi
2152 2116 2396 2178 adhibet,
2424 2116 2514 2182 qui
2542 2115 2686 2169 illius
2713 2115 2852 2184 capti
2881 2113 3154 2168 desiderio
3181 2123 3327 2175 sunt,

1764 2223 1832 2260 ne
1869 2207 2073 2274 posteri
2107 2217 2220 2260 toto
2249 2207 2390 2268 vitm,
2419 2221 2539 2273 qua:
2577 2206 2664 2258 hic
2707 2206 2904 2274 agitur,
2945 2213 3208 2272 tempore,
3236 2219 3330 2271 pe-

1763 2296 1912 2350 nitus
1953 2296 2113 2350 otiosi
2147 2297 2345 2357 forent,
2391 2296 2576 2348 divino
2627 2296 2722 2348 illo
2761 2311 3012 2348 sermone
3063 2298 3329 2354 carentes,

1763 2385 1854 2454 qui
1888 2386 1953 2438 ad
1988 2385 2185 2438 divinre
2218 2385 2390 2437 vinem
2434 2384 2702 2436 culturam
2750 2381 3038 2437 redimitur
3077 2381 3333 2448 {Leujes

141 2465 302 2535 utique
343 2470 590 2524 mercede
634 2486 731 2540 pro
763 2472 935 2527 vinea:
983 2475 1243 2544 spiritalis
1309 2478 1538 2545 Spiritali
1583 2478 1815 2540 cultura,
1871 2478 1965 2544 qui
2003 2493 2032 2530 a
2067 2477 2341 2545 principio
2401 2475 2721 2545 nequissimi
2752 2475 2896 2528 illius
2931 2473 3140 2536 fraude,
3182 2489 3334 2526 man-

140 2553 231 2608 dati
256 2561 668 2628 transgressione
693 2562 852 2616 nobis
893 2564 1150 2632 perierat,
1217 2564 1572 2636 direptusque
1639 2570 1832 2633 fuerat,
1882 2568 2146 2638 spiritalis
2211 2566 2430 2632 divina},
2479 2581 2796 2635 summeque
2843 2554 3039 2634 regalis
3083 2565 3331 2633 imaginis

141 2643 365 2700 denarius
397 2647 659 2702 redditur.
1284 2714 1294 2724 ,

197 2737 265 2788 Οὐ
310 2738 480 2794 πάντα
518 2740 574 2794 δὲ
612 2740 680 2794 τὰ
728 2740 804 2811 τῷ
847 2743 1098 2815 μακαρίῳ
1135 2745 1352 2816 γέροντι
1391 2748 1666 2817 μυστικῶς

143 2824 452 2898 θεωρηθέντα
479 2830 658 2900 λέγειν
689 2833 919 2904 καθεξῆς
949 2835 1374 2906 ἐπαγγέλλομαιο
1405 2821 1512 2890 οὐδ’
1531 2837 1668 2891 αὐτὰ

137 2919 194 2969 τὰ
218 2919 488 2989 λεγόμενα,
510 2923 585 2986 ῶς
619 2926 813 2995 ἐνοήθη
837 2942 895 2977 τε
930 2928 1056 2994 παρ’
1083 2928 1293 2980 ἐκείνου
1322 2929 1417 2982 καὶ
1451 2928 1663 2998 ἐλέχθηζ

1841 2746 2069 2801 Senioris
2141 2744 2404 2799 luculenta
2467 2743 2618 2806 luus’,
2684 2742 2770 2810 qui
2826 2741 3026 2810 prwivit
3082 2739 3328 2796 Maximo.

1773 2839 2284 2892 Μααὶηιὶτηιοίίεειίη.
2303 2867 2370 2874 -
2389 2836 2508 2889 Non
2537 2844 2717 2888 autem
2757 2831 2936 2884 omnia
2967 2845 3086 2898 quae
3114 2845 3143 2882 a
3174 2829 3332 2884 beato

1772 2931 1866 2984 illo
1899 2945 2028 2984 sene
2071 2931 2295 3000 mystice
2319 2929 2610 2983 observata
2642 2933 2788 2988 sunt,
2833 2939 2930 2992 per
2970 2921 3218 2976 ordinem
3247 2921 3333 2976 di~

149 3005 357 3118 Ἐκεῖνος
381 3013 509 3081 γάρ,
557 3015 691 3082 πρὲς
734 3015 794 3066 τὸ
837 3014 1123 3084 φιλόσοφος
1156 3013 1316 3080 εἶναι,
1355 3018 1448 3070 καὶ
1487 3019 1666 3087 πάσης

1771 3029 1988 3073 cturum
2014 3035 2100 3074 me
2129 3019 2428 3088 profiteor;
2461 3017 2591 3085 quin
2616 3029 2718 3068 nec
2747 3012 2978 3097 illaipsa
3007 3026 3126 3078 quae
3153 3011 3335 3064 dicen-

138 3096 357 3158 παιδείας
379 3099 710 3166 διδάσκαλος,
753 3105 833 3157 διὶ
853 3106 1053 3175 ἀρετῆς
1091 3108 1406 3176 περιουσίαν
1439 3108 1531 3161 καὶ
1565 3108 1668 3178 τῆς

139 3183 248 3251 περὶ
265 3185 327 3238 τὰ
348 3185 464 3238 θεῖα
495 3191 853 3260 χρονιωτέρας
882 3210 940 3244 τε
971 3195 1066 3246 καὶ
1087 3192 1668 3266 ’ἐπιστημονικωτέρας

135 3272 303 3341 τριϐῆς
321 3275 414 3328 καὶ
445 3277 780 3344 φιλοπονίας,
803 3279 910 3332 τῶν
931 3282 1028 3350 τῆς
1049 3282 1179 3351 ὕλης
1200 3285 1413 3354 δεσμῶν
1443 3287 1535 3340 καὶ
1561 3287 1668 3339 τῶν

136 3364 242 3413 κατ’
263 3365 426 3434 αὐτὴν
450 3368 757 3434 φαντασιῶν
778 3369 1056 3440 ἐλεύθερον
1085 3373 1274 3426 ἑαυτὸν
1300 3378 1666 3444 καταστήσας,

135 3452 213 3502 τόν
244 3471 298 3506 τε
339 3457 462 3508 νοῦν
505 3459 728 3522 είκότως
765 3455 877 3529 εἶχε
917 3464 1034 3524 ταῖς
1075 3463 1247 3527 θείαις
1285 3465 1478 3530 αὐγαῖς
1513 3483 1670 3535 περι-

135 3539 480 3613 λαμπόμενον,
505 3552 600 3603 καὶ
628 3551 717 3604 διὰ
744 3552 898 3606 τοῦτο
925 3554 1220 3623 δυνάμενον
1250 3557 1451 3618 εὐθέως
1483 3558 1503 3588 ⁸
1538 3559 1670 3626 ὁρᾷν

133 3632 192 3686 τὰ
214 3639 317 3698 τοῖς
342 3640 562 3703 πολλοῖς
598 3642 670 3712 μὴ
693 3643 964 3713 ὁρώμενα,
985 3646 1082 3698 καὶ
1110 3646 1201 3699 τὸν
1221 3648 1375 3716 λόγον
1403 3649 1670 3718 ἑρμηνευ-

106 3720 108 3722 ’
135 3723 216 3791 τὴν
238 3726 626 3795 ἀκριϐέστατον
640 3731 747 3782 τῶν
766 3734 1064 3801 νοηθέντων
1078 3750 1095 3766 ⁶
1118 3737 1212 3790 καὶ
1234 3738 1497 3810 ἐσόπτρου
1519 3739 1672 3808 δίκην

135 3810 212 3866 ὑπ’
235 3815 486 3885 οὐδεμιᾶς
517 3818 733 3887 κηλίδος
776 3823 966 3874 παθῶν
1007 3826 1448 3896 ἐμποδιζόμενον,
1482 3829 1674 3896 ἀκραι-

135 3905 261 3967 φνῶς
286 3909 352 3960 τὰ
382 3909 565 3970 ἄλλοις
600 3911 738 3981 μήτε
765 3912 1020 3980 νοηθῆναι
1053 3914 1346 3984 δυνάμενα,
1372 3922 1465 3972 καὶ
1492 3921 1674 3989 φέρειν

133 3993 212 4043 καὶ
236 3993 410 4061 λέγειν
451 3997 734 4068 ίσχύοντα·
786 3999 861 4063 ὡς
912 4000 1171 4054 δύνασθαι
1226 4005 1351 4067 τοὺς
1401 4008 1673 4076 ἀκροατὰς

132 4079 234 4134 ὅλον
266 4085 362 4152 μὲν
388 4088 467 4154 τῷ
499 4087 643 4157 λόγῳ
689 4089 778 4141 τὸν
818 4087 942 4143 νοῦν
971 4091 1102 4160 ὁρᾷν
1131 4093 1496 4162 ὲποχοῦμενον
1522 4112 1536 4126 ·
1577 4096 1673 4148 ὅλα

133 4167 181 4220 δὲ
219 4172 318 4243 δλῳ
357 4176 437 4246 τῷ
469 4178 548 4247 νῷ
577 4178 832 4249 καθαρῶς
874 4181 1234 4249 ἐμφαίνεσθαι
1274 4182 1342 4235 τὰ
1391 4183 1671 4251 νοηθέντα,

133 4258 213 4309 καὶ
243 4261 326 4315 διὰ
348 4264 447 4333 τῆς
476 4266 574 4319 τοῦ
591 4267 750 4334 λόγου
784 4261 1058 4336 μεδιτείας
1080 4271 1260 4334 αὐτοῖς
1287 4271 1510 4342 διαπορο
1519 4273 1674 4341 μευό-

1771 3119 1880 3172 tur,
1913 3109 1985 3162 ita
2016 3102 2075 3162 ut
2102 3109 2170 3162 ab
2204 3109 2297 3162 illo
2325 3122 2448 3160 cum
2481 3104 2796 3174 spiritaliter
2823 3103 3005 3154 animo
3038 3101 3331 3164 intellecta,

1771 3207 1882 3252 tum
1903 3199 2088 3253 verbis
2106 3199 2426 3269 deprompta
2456 3203 2600 3248 sunt.
2630 3194 2744 3264 (Ille
2762 3192 2928 3254 enim,
2955 3198 3014 3243 ut
3036 3190 3086 3243 id
3115 3205 3333 3258 quoque

1769 3288 2027 3356 excipias,
2078 3287 2222 3357 quod
2290 3284 2669 3356 philosophus,
2721 3281 3006 3349 omnisque
3054 3276 3335 3347 sapientiae

1769 3379 2029 3448 magister
2076 3388 2227 3441 erat,
2292 3374 2639 3444 exsuperanti
2707 3372 2911 3424 virtute
2968 3370 3334 3440 longiorisque

1771 3469 2033 3537 temporis
2057 3485 2120 3522 ac
2159 3467 2437 3536 sagaciore
2471 3465 2616 3519 circa
2665 3463 2847 3517 divina
2878 3477 3003 3524 usu,
3036 3461 3334 3529 impensio-

1773 3556 1926 3623 rique
1953 3571 2118 3622 opera
2151 3555 2382 3608 terrenis
2417 3554 2649 3607 vinculis
2675 3554 2974 3618 exsolutus,
3011 3567 3072 3607 ac
3115 3569 3235 3606 cum
3266 3554 3336 3606 ab

1771 3659 1963 3698 eorum
1995 3644 2125 3696 visis
2156 3642 2542 3710 eonceptisquc
2589 3641 2920 3708 imaginibus
2959 3641 3097 3693 liber
3129 3641 3334 3693 evasi-s-

1772 3743 1873 3798 set,
1922 3742 2037 3788 tum
2080 3740 2318 3786 mentem
2341 3733 2465 3801 jure
2493 3731 2688 3784 merito
2721 3731 2921 3783 divinis
2955 3729 3338 3797 splendoribus

1775 3826 2096 3880 iilustratam
2130 3823 2364 3876 habebat
2393 3837 2456 3875 ac
2500 3829 2787 3889 propterea
2826 3821 2902 3873 sic
2944 3828 3351 3887 comparatain..

1774 3922 1835 3968 ut
1879 3915 2062 3968 statim
2109 3912 2270 3984 492
2302 3928 2422 3981 qua:
2451 3912 2610 3989 vulgo
2651 3910 2923 3979 inaspecta
2972 3910 3100 3971 sint,
3149 3909 3334 3962 videre

1775 4017 1957 4075 posset
1999 4021 2062 4059 ac
2108 4003 2450 4072 perspicere,
2492 4011 2601 4056 tum
2651 4017 2958 4055 sermonem
2993 4016 3182 4054 eorum
3217 4015 3336 4068 qua:

1774 4095 1957 4150 animo
2002 4095 2276 4148 intellecta
2317 4100 2519 4156 essent,
2562 4091 3026 4145 accuratissimum
3069 4092 3334 4158 interpre-

1778 4193 1920 4248 tem;
1946 4184 2223 4252 instarquc
2251 4183 2454 4251 speculi
2487 4182 2650 4235 nullis
2674 4182 2966 4235 affectuum
2993 4197 3054 4235 ac
3085 4181 3354 4234 vitiorum.

1776 4272 2005 4325 maculis
2047 4273 2390 4341 impeditum,
2429 4288 2550 4340 qua:
2584 4272 2674 4324 alii
2729 4288 2794 4324 ne
2846 4271 3082 4340 cogitare
3117 4271 3337 4338 quidem

137 4363 254 4410 μενα
283 4352 542 4418 δέξασθαι
563 4372 576 4386 ’
609 4357 723 4410 ἀλλ’
753 4359 852 4410 ὅσα
890 4360 978 4413 διὰ
1023 4364 1240 4431 μνήμης
1271 4381 1328 4416 τε
1365 4364 1532 4433 φέρω,
1583 4365 1669 4416 καὶ

1776 4360 1987 4428 possint
2014 4376 2078 4413 ac
2111 4361 2435 4430 intelligere,
2465 4377 2598 4429 pure
2631 4361 2710 4414 eis
2736 4359 2948 4414 deferre
2980 4361 3246 4413 valentem
3275 4373 3338 4413 ac

131 4441 194 4501 ιτλς
211 4446 339 4495 νοεῖν
368 4447 655 4518 ἀμυδρῶς,
690 4449 784 4504 καὶ
809 4448 984 4516 λέγειν
1025 4452 1390 4522 ἀμυδρότερον
1410 4455 1668 4524 δύναμαι·

133 4532 250 4600 θὴν
295 4530 562 4600 εὐσεϐῶς,
615 4540 797 4608 χάριτι
845 4539 938 4592 τοῦ
989 4541 1059 4593 τά
1097 4542 1456 4612 ὲσκοτισμένα
1505 4544 1672 4611 φωτί-

132 4620 294 4687 ξοντος
319 4627 475 4679 Θεοῦ.
510 4629 667 4698 Μηδὲ
707 4630 816 4700 γὰρ
851 4629 1056 4682 οἴεσθαι
1097 4631 1208 4682 δεῖν
1246 4632 1392 4700 ὑμᾶς
1435 4635 1678 4705 ὑπολαμ-

134 4712 278 4774 ϐάνω,
329 4714 563 4777 δικαίως
628 4717 837 4787 κρίνειν
864 4720 1090 4783 εἰδότας,
1136 4719 1312 4780 ἄλλως
1348 4737 1414 4788 με
1460 4726 1598 4774 νοεῖν
1639 4725 1672 4792 ἢ

131 4800 288 4871 λέγειν
306 4804 596 4867 δύνασθαι,
625 4807 657 4875 ἢ
698 4807 774 4870 ὡς
802 4812 941 4862 νοεῖν
968 4811 1063 4862 καὶ
1086 4811 1262 4877 λέγειν
1285 4810 1540 4879 δύναμαι,
1583 4814 1677 4864 καὶ

133 4893 374 4958 ὴᾶνωθεν
401 4895 571 4965 χάρις
600 4895 894 4963 ἐνδίδωσιν,
934 4900 1149 4964 οἰκείως
1179 4901 1277 4970 τῆς
1311 4899 1677 4969 άναλογοὺσης

137 4998 214 5048 μοι
257 4985 666 5058 προνοουμένης
706 4985 1008 5054 δυνάμεως,
1051 4990 1154 5044 κᾶν
1185 4992 1214 5042 ὁ
1258 4989 1528 5059 παραδοὺς
1575 4992 1677 5058 μά-

135 5070 288 5138 λιστα,
340 5077 435 5128 καὶ
470 5073 699 5137 διδάξας
736 5075 883 5126 ἐστὶν
929 5079 1279 5148 ὑψηλότατος.
1316 5080 1469 5133 Ἐπεὶ
1511 5080 1570 5131 τὸ
1609 5080 1678 5132 τὰ

139 5163 212 5213 ἴσα
229 5162 402 5235 ζητεῖν
434 5164 600 5236 παρὰ
641 5161 750 5214 τῶν
785 5162 860 5232 μὴ
899 5164 1027 5217 ἴσων
1057 5168 1156 5238 τὴν
1187 5169 1386 5238 ἀρετὴν
1437 5167 1529 5221 καὶ
1579 5169 1679 5238 τὴν

138 5252 328 5317 γνῶσιν,
367 5256 430 5308 οὐ
461 5254 668 5324 πόρρω
712 5266 800 5319 μοι
839 5250 984 5304 δοκεῖ
1013 5256 1298 5323 τυγχάνειν
1336 5256 1443 5307 τῶν
1485 5254 1678 5318 δείξειν

138 5341 466 5412 πειρωμένων
514 5343 599 5412 τῷ
657 5332 809 5408 ήλίὶιιι
847 5339 983 5390 κατᾶ
1039 5341 1100 5392 τὸ
1162 5345 1271 5394 ἴσον
1309 5343 1408 5412 τὴν
1453 5343 1679 5409 σεὶήνην

203 5477 218 5514 ί
241 5477 416 5533 Matth.
444 5496 533 5536 xx.
555 5477 592 5530 ‘2.
612 5483 766 5537 εοιιειο

1775 4449 2096 4514 cnuntiare;
2143 4450 2217 4503 ita
2246 4460 2307 4504 ut
2342 4451 2484 4505 facili
2533 4451 2751 4519 negotio
2802 4450 3080 4503 auditores
3121 4464 3367 4501 sensum.

1778 4549 1953 4595 totum
1981 4555 2043 4593 ac
2075 4539 2486 4608 intelligentiam
2520 4543 2614 4593 toti
2647 4542 2883 4605 sermoni
2920 4540 3178 4600 insidere,
3213 4538 3335 4591 uni-

1779 4646 2042 4701 versaque
2085 4631 2356 4684 intellecta
2408 4611 2556 4683 clare
2598 4630 2764 4682 menti
2807 4630 3024 4682 elucere
3057 4628 3350 4694 conspicc-.

1783 4726 1925 4780 rent,
1958 4716 2330 4784 sermonisque
2355 4716 2407 4769 vi
2431 4715 2497 4769 ad
2519 4730 2577 4768 se
2601 4716 2910 4768 transmissa
2941 4716 3336 4783 susciperent);

1783 4807 1878 4860 sed
1908 4824 1971 4861 ea
2003 4808 2267 4861 duntaxat
2295 4822 2416 4876 quae
2439 4806 2699 4861 memoria
2725 4818 2902 4866 teneo,
2934 4821 3037 4874 pro
3065 4821 3236 4874 eoque
3277 4821 3340 4860 ac

1781 4895 2014 4966 obscyre
2048 4898 2400 4966 intelligentia
2451 4898 2696 4966 assequi,
2741 4913 2802 4950 ac
2849 4897 3134 4951 obscurius
3158 4897 3337 4950 dicere

1781 4986 2097 5054 valeo;-pie
2128 4996 2305 5041 tamen
2336 5004 2398 5042 ac
2429 5003 2564 5042 sano
2597 5003 2780 5050 sensu,
2829 4987 2920 5040 Dei
2969 4988 3176 5041 scilicet
3216 5002 3337 5040 mu-

1777 5088 1930 5136 nere,
1971 5075 2293 5130 illustrantis
2340 5093 2424 5142 ea,
2471 5093 2592 5147 qua:
2641 5079 2756 5145 ipsa
2805 5078 3043 5130 tenebris
3091 5077 3336 5129 horrent.

1778 5160 1963 5229 Neque
2003 5162 2148 5215 enim
2177 5163 2490 5222 existimare
2523 5181 2619 5218 vos
2659 5165 2911 5227 arbitror,
2947 5164 3036 5232 qui
3071 5179 3224 5230 aequa
3247 5163 3332 5231 ju-

1778 5248 1906 5300 dicii
1941 5248 2078 5301 libra
2113 5265 2338 5316 pensare
2382 5247 2666 5313 noveritis,
2703 5268 2922 5307 necesse
2966 5268 3103 5311 esse,
3135 5261 3191 5303 ut
3232 5252 3338 5303 alio

1781 5339 1941 5392 modo
1971 5339 2268 5408 intelligere
2302 5356 2361 5391 ae
2393 5340 2572 5407 eloqui
2601 5341 2826 5405 valeam,
2852 5358 3012 5410 quam
3040 5341 3342 5407 intelligi-ra

1410 5571 1636 5623 \'.\iil..i'l
1686 5569 2079 5625 l.i€('.’l'i()\l-.S.

199 5686 214 5713 ⁸
242 5689 438 5749 τοίς....
464 5681 803 5751 ardye/9');
831 5695 858 5732 (τ
904 5685 963 5732 Δ.
995 5689 1046 5731 νι
1077 5679 1182 5731 Fr.‘
1220 5681 1236 5702 "
1271 5681 1524 5735 ἐκίιὲωτιν
1567 5704 1609 5736 ‹·,
1661 5691 1669 5716 ‘

1770 5687 1782 5732 ι
1836 5694 1884 5736 el
1912 5684 2000 5753 ql-‘t‘.
2081 5682 2096 5710 θ
2122 5681 2311 5742 ευθέως
2337 5696 2379 5731 ι’.
2423 5682 2475 5734 .-\.
2521 5681 2581 5734 ii.
2613 5690 2663 5733 ιι
2693 5681 2777 5734 Ι⁴ἰ’.
