  <div class='ocr_page' id='page_1' title='image "/cluster/home/n/w/nwhite01/storage/ocr_20150623/91/pst.000005712977/355.png"; bbox 0 0 3958 6338; ppageno 0'>
   <div class='ocr_carea' id='block_1_1' title="bbox 638 353 3826 420">
    <p class='ocr_par' dir='ltr' id='par_1_1' title="bbox 638 353 3826 420">
     <span class='ocr_line' id='line_1_1' title="bbox 638 353 3826 420; baseline 0.001 -4"><span class='ocrx_word' id='word_1_1' title='bbox 638 353 741 417; x_wconf 77' lang='lat'><strong>663</strong></span> <span class='ocrx_word' id='word_1_2' title='bbox 985 372 990 376; x_wconf 75' lang='lat'><strong>‘</strong></span> <span class='ocrx_word' id='word_1_3' title='bbox 1778 356 1838 413; x_wconf 89' lang='lat' dir='ltr'><strong>S.</strong></span> <span class='ocrx_word' id='word_1_4' title='bbox 1883 354 2163 414; x_wconf 75' lang='lat' dir='ltr'><strong>MAXIMI</strong></span> <span class='ocrx_word' id='word_1_5' title='bbox 2204 353 2707 415; x_wconf 77' lang='lat' dir='ltr'><strong>CONFESSORIS</strong></span> <span class='ocrx_word' id='word_1_6' title='bbox 3733 357 3826 420; x_wconf 67' lang='grc'><strong>664</strong></span> 
     </span>
    </p>
   </div>
   <div class='ocr_carea' id='block_1_2' title="bbox 638 462 2205 537">
    <p class='ocr_par' dir='ltr' id='par_1_2' title="bbox 638 462 2205 536">
     <span class='ocr_line' id='line_1_2' title="bbox 638 462 2205 536; baseline -0.001 -16"><span class='ocrx_word' id='word_1_7' title='bbox 638 479 702 519; x_wconf 85' lang='lat' dir='ltr'><strong>ac</strong></span> <span class='ocrx_word' id='word_1_8' title='bbox 724 465 907 532; x_wconf 87' lang='lat' dir='ltr'><strong>eloqui</strong></span> <span class='ocrx_word' id='word_1_9' title='bbox 953 463 1179 517; x_wconf 83' lang='lat' dir='ltr'><strong>facultas</strong></span> <span class='ocrx_word' id='word_1_10' title='bbox 1216 471 1318 524; x_wconf 91' lang='lat' dir='ltr'><strong>est,</strong></span> <span class='ocrx_word' id='word_1_11' title='bbox 1362 473 1687 534; x_wconf 72' lang='lat' dir='ltr'><strong>przestatquc</strong></span> <span class='ocrx_word' id='word_1_12' title='bbox 1729 479 1960 534; x_wconf 87' lang='lat' dir='ltr'><strong>superna</strong></span> <span class='ocrx_word' id='word_1_13' title='bbox 1999 462 2205 536; x_wconf 72' lang='lat' dir='ltr'><strong>gratia,</strong></span> 
     </span>
    </p>
   </div>
   <div class='ocr_carea' id='block_1_3' title="bbox 2303 462 3824 537">
    <p class='ocr_par' dir='ltr' id='par_1_3' title="bbox 2303 467 3824 537">
     <span class='ocr_line' id='line_1_3' title="bbox 2303 467 3824 537; baseline 0.001 -19"><span class='ocrx_word' id='word_1_14' title='bbox 2303 468 2658 534; x_wconf 50' lang='grc' dir='ltr'>φωτίζουσαν·</span> <span class='ocrx_word' id='word_1_15' title='bbox 2706 485 2801 521; x_wconf 86' lang='grc' dir='ltr'><strong>και</strong></span> <span class='ocrx_word' id='word_1_16' title='bbox 2838 467 2905 519; x_wconf 68' lang='grc' dir='ltr'><strong>τὰ</strong></span> <span class='ocrx_word' id='word_1_17' title='bbox 2963 467 3036 535; x_wconf 82' lang='grc' dir='ltr'>μὴ</span> <span class='ocrx_word' id='word_1_18' title='bbox 3087 467 3260 537; x_wconf 78' lang='grc' dir='ltr'>πάντη</span> <span class='ocrx_word' id='word_1_19' title='bbox 3293 467 3464 520; x_wconf 83' lang='grc' dir='ltr'>ταῦτα</span> <span class='ocrx_word' id='word_1_20' title='bbox 3525 467 3824 536; x_wconf 77' lang='grc' dir='ltr'>συμϐαίνειν</span> 
     </span>
    </p>
   </div>
   <div class='ocr_carea' id='block_1_4' title="bbox 637 552 2205 629">
    <p class='ocr_par' dir='ltr' id='par_1_4' title="bbox 637 552 2193 622">
     <span class='ocr_line' id='line_1_4' title="bbox 637 552 2193 622; baseline 0.002 -16"><span class='ocrx_word' id='word_1_21' title='bbox 637 569 737 621; x_wconf 88' lang='lat' dir='ltr'><strong>pro</strong></span> <span class='ocrx_word' id='word_1_22' title='bbox 765 555 883 622; x_wconf 84' lang='lat' dir='ltr'><strong>ejus</strong></span> <span class='ocrx_word' id='word_1_23' title='bbox 925 554 1007 606; x_wconf 98' lang='lat' dir='ltr'><strong>vis</strong></span> <span class='ocrx_word' id='word_1_24' title='bbox 1046 552 1276 615; x_wconf 85' lang='lat' dir='ltr'><strong>ratione,</strong></span> <span class='ocrx_word' id='word_1_25' title='bbox 1307 567 1468 620; x_wconf 90' lang='lat' dir='ltr'><strong>quam</strong></span> <span class='ocrx_word' id='word_1_26' title='bbox 1515 568 1752 622; x_wconf 86' lang='lat' dir='ltr'><strong>congruo</strong></span> <span class='ocrx_word' id='word_1_27' title='bbox 1794 555 1927 607; x_wconf 87' lang='lat' dir='ltr'><strong>mihi</strong></span> <span class='ocrx_word' id='word_1_28' title='bbox 1973 556 2193 610; x_wconf 88' lang='lat' dir='ltr'><strong>modulo</strong></span> 
     </span>
    </p>
   </div>
   <div class='ocr_carea' id='block_1_5' title="bbox 2303 552 3822 629">
    <p class='ocr_par' dir='ltr' id='par_1_5' title="bbox 2303 557 3822 629">
     <span class='ocr_line' id='line_1_5' title="bbox 2303 557 3822 629; baseline 0 -19"><span class='ocrx_word' id='word_1_29' title='bbox 2303 557 2542 627; x_wconf 79' lang='grc' dir='ltr'>ἁλλήλοίς</span> <span class='ocrx_word' id='word_1_30' title='bbox 2587 559 2728 612; x_wconf 78' lang='grc' dir='ltr'>κατὰ</span> <span class='ocrx_word' id='word_1_31' title='bbox 2773 559 2947 612; x_wconf 84' lang='grc' dir='ltr'>πάντα</span> <span class='ocrx_word' id='word_1_32' title='bbox 2990 558 3243 613; x_wconf 78' lang='grc' dir='ltr'>δύνασθαι</span> <span class='ocrx_word' id='word_1_33' title='bbox 3286 558 3652 629; x_wconf 66' lang='grc' dir='ltr'>βιαζομένωνῆ</span> <span class='ocrx_word' id='word_1_34' title='bbox 3702 560 3822 629; x_wconf 74' lang='grc' dir='ltr'>ὅπερ</span> 
     </span>
    </p>
   </div>
   <div class='ocr_carea' id='block_1_6' title="bbox 639 637 2205 716">
    <p class='ocr_par' dir='ltr' id='par_1_6' title="bbox 639 637 2192 711">
     <span class='ocr_line' id='line_1_6' title="bbox 639 637 2192 711; baseline 0 -15"><span class='ocrx_word' id='word_1_35' title='bbox 639 643 987 698; x_wconf 72' lang='lat' dir='ltr'><strong>Providentia</strong></span> <span class='ocrx_word' id='word_1_36' title='bbox 1045 643 1345 706; x_wconf 75' lang='lat' dir='ltr'><strong>concessit;</strong></span> <span class='ocrx_word' id='word_1_37' title='bbox 1421 637 1637 697; x_wconf 72' lang='lat' dir='ltr'><strong>tametsi</strong></span> <span class='ocrx_word' id='word_1_38' title='bbox 1707 644 1756 697; x_wconf 90' lang='lat' dir='ltr'><strong>is</strong></span> <span class='ocrx_word' id='word_1_39' title='bbox 1816 645 1908 711; x_wconf 89' lang='lat' dir='ltr'><strong>qui</strong></span> <span class='ocrx_word' id='word_1_40' title='bbox 1967 645 2192 698; x_wconf 75' lang='lat' dir='ltr'><strong>tradidit</strong></span> 
     </span>
    </p>
   </div>
   <div class='ocr_carea' id='block_1_7' title="bbox 2303 637 3005 716">
    <p class='ocr_par' dir='ltr' id='par_1_7' title="bbox 2303 647 3005 716">
     <span class='ocr_line' id='line_1_7' title="bbox 2303 647 3005 716; baseline 0.001 -18"><span class='ocrx_word' id='word_1_41' title='bbox 2303 647 2569 716; x_wconf 64' lang='grc' dir='ltr'>ἀμήχανον</span> <span class='ocrx_word' id='word_1_42' title='bbox 2598 650 2690 702; x_wconf 78' lang='grc' dir='ltr'>καὶ</span> <span class='ocrx_word' id='word_1_43' title='bbox 2729 649 3005 702; x_wconf 84' lang='grc' dir='ltr'>ἀδύνατον.</span> 
     </span>
    </p>
   </div>
   <div class='ocr_carea' id='block_1_8' title="bbox 639 735 3818 811">
    <p class='ocr_par' dir='ltr' id='par_1_8' title="bbox 639 735 3818 811">
     <span class='ocr_line' id='line_1_8' title="bbox 639 735 3818 811; baseline 0.001 -23"><span class='ocrx_word' id='word_1_44' title='bbox 639 736 889 798; x_wconf 85' lang='lat' dir='ltr'><strong>maxime,</strong></span> <span class='ocrx_word' id='word_1_45' title='bbox 914 746 1076 804; x_wconf 88' lang='lat' dir='ltr'><strong>atque</strong></span> <span class='ocrx_word' id='word_1_46' title='bbox 1099 735 1300 796; x_wconf 90' lang='lat' dir='ltr'><strong>docuit,</strong></span> <span class='ocrx_word' id='word_1_47' title='bbox 1324 737 1523 788; x_wconf 77' lang='lat' dir='ltr'><strong>eximia</strong></span> <span class='ocrx_word' id='word_1_48' title='bbox 1550 736 1884 791; x_wconf 84' lang='lat' dir='ltr'><strong>sublimitate</strong></span> <span class='ocrx_word' id='word_1_49' title='bbox 1915 739 2189 808; x_wconf 65' lang='lat' dir='ltr'><strong>praecellit.</strong></span> <span class='ocrx_word' id='word_1_50' title='bbox 2230 739 2446 808; x_wconf 85' lang='lat' dir='ltr'><strong>Alioqui</strong></span> <span class='ocrx_word' id='word_1_51' title='bbox 2475 742 2642 804; x_wconf 90' lang='lat' dir='ltr'><strong>enim,</strong></span> <span class='ocrx_word' id='word_1_52' title='bbox 2674 742 2818 811; x_wconf 91' lang='lat' dir='ltr'><strong>quod</strong></span> <span class='ocrx_word' id='word_1_53' title='bbox 2861 742 2983 811; x_wconf 89' lang='lat' dir='ltr'><strong>quis</strong></span> <span class='ocrx_word' id='word_1_54' title='bbox 3027 741 3251 810; x_wconf 79' lang='lat' dir='ltr'><strong>:equalia</strong></span> <span class='ocrx_word' id='word_1_55' title='bbox 3308 740 3481 809; x_wconf 80' lang='lat' dir='ltr'><strong>exigat</strong></span> <span class='ocrx_word' id='word_1_56' title='bbox 3510 739 3579 793; x_wconf 90' lang='lat' dir='ltr'><strong>ab</strong></span> <span class='ocrx_word' id='word_1_57' title='bbox 3617 739 3716 802; x_wconf 91' lang='lat' dir='ltr'><strong>iis,</strong></span> <span class='ocrx_word' id='word_1_58' title='bbox 3739 738 3818 807; x_wconf 88' lang='lat' dir='ltr'><strong>qui</strong></span> 
     </span>
    </p>
   </div>
   <div class='ocr_carea' id='block_1_9' title="bbox 641 824 3818 899">
    <p class='ocr_par' dir='ltr' id='par_1_9' title="bbox 641 824 3818 899">
     <span class='ocr_line' id='line_1_9' title="bbox 641 824 3818 899; baseline 0.001 -22"><span class='ocrx_word' id='word_1_59' title='bbox 641 824 995 878; x_wconf 87' lang='lat' dir='ltr'><strong>tum&#39;virtute</strong></span> <span class='ocrx_word' id='word_1_60' title='bbox 1032 835 1142 877; x_wconf 90' lang='lat' dir='ltr'><strong>tum</strong></span> <span class='ocrx_word' id='word_1_61' title='bbox 1189 826 1414 878; x_wconf 85' lang='lat' dir='ltr'><strong>scientia</strong></span> <span class='ocrx_word' id='word_1_62' title='bbox 1455 826 1687 893; x_wconf 89' lang='lat' dir='ltr'><strong>impares</strong></span> <span class='ocrx_word' id='word_1_63' title='bbox 1720 838 1865 891; x_wconf 86' lang='lat' dir='ltr'><strong>sunt,</strong></span> <span class='ocrx_word' id='word_1_64' title='bbox 1932 829 2074 881; x_wconf 89' lang='lat' dir='ltr'><strong>idem</strong></span> <span class='ocrx_word' id='word_1_65' title='bbox 2141 831 2529 896; x_wconf 85' lang='lat' dir='ltr'><strong>propemodum</strong></span> <span class='ocrx_word' id='word_1_66' title='bbox 2579 832 2822 894; x_wconf 82' lang='lat' dir='ltr'><strong>facturus</strong></span> <span class='ocrx_word' id='word_1_67' title='bbox 2861 833 3129 895; x_wconf 89' lang='lat' dir='ltr'><strong>videatur,</strong></span> <span class='ocrx_word' id='word_1_68' title='bbox 3160 847 3223 885; x_wconf 90' lang='lat' dir='ltr'><strong>ac</strong></span> <span class='ocrx_word' id='word_1_69' title='bbox 3291 831 3336 884; x_wconf 89' lang='lat' dir='ltr'><strong>si</strong></span> <span class='ocrx_word' id='word_1_70' title='bbox 3380 831 3502 899; x_wconf 90' lang='lat' dir='ltr'><strong>quis</strong></span> <span class='ocrx_word' id='word_1_71' title='bbox 3558 831 3669 899; x_wconf 89' lang='lat' dir='ltr'><strong>pari</strong></span> <span class='ocrx_word' id='word_1_72' title='bbox 3711 845 3818 882; x_wconf 89' lang='lat' dir='ltr'><strong>cum</strong></span> 
     </span>
    </p>
   </div>
   <div class='ocr_carea' id='block_1_10' title="bbox 640 913 3819 989">
    <p class='ocr_par' dir='ltr' id='par_1_10' title="bbox 640 913 3819 989">
     <span class='ocr_line' id='line_1_10' title="bbox 640 913 3819 989; baseline 0.002 -22"><span class='ocrx_word' id='word_1_73' title='bbox 640 913 752 967; x_wconf 89' lang='lat' dir='ltr'><strong>sole</strong></span> <span class='ocrx_word' id='word_1_74' title='bbox 797 915 977 967; x_wconf 73' lang='lat' dir='ltr'><strong>lunam</strong></span> <span class='ocrx_word' id='word_1_75' title='bbox 1026 916 1222 967; x_wconf 90' lang='lat' dir='ltr'><strong>micatu</strong></span> <span class='ocrx_word' id='word_1_76' title='bbox 1268 915 1450 968; x_wconf 88' lang='lat' dir='ltr'><strong>lucere</strong></span> <span class='ocrx_word' id='word_1_77' title='bbox 1502 915 1844 982; x_wconf 81' lang='lat' dir='ltr'><strong>probaverit,</strong></span> <span class='ocrx_word' id='word_1_78' title='bbox 1891 932 1953 970; x_wconf 90' lang='lat' dir='ltr'><strong>ac</strong></span> <span class='ocrx_word' id='word_1_79' title='bbox 1985 933 2046 970; x_wconf 90' lang='lat' dir='ltr'><strong>ea</strong></span> <span class='ocrx_word' id='word_1_80' title='bbox 2074 932 2192 985; x_wconf 71' lang='lat' dir='ltr'><strong>quae</strong></span> <span class='ocrx_word' id='word_1_81' title='bbox 2228 932 2337 971; x_wconf 92' lang='lat' dir='ltr'><strong>non</strong></span> <span class='ocrx_word' id='word_1_82' title='bbox 2367 921 2590 973; x_wconf 87' lang='lat' dir='ltr'><strong>omnino</strong></span> <span class='ocrx_word' id='word_1_83' title='bbox 2616 921 2806 975; x_wconf 89' lang='lat' dir='ltr'><strong>eadem</strong></span> <span class='ocrx_word' id='word_1_84' title='bbox 2849 931 2995 983; x_wconf 92' lang='lat' dir='ltr'><strong>sunt,</strong></span> <span class='ocrx_word' id='word_1_85' title='bbox 3029 936 3127 989; x_wconf 87' lang='lat' dir='ltr'><strong>per</strong></span> <span class='ocrx_word' id='word_1_86' title='bbox 3161 919 3340 973; x_wconf 88' lang='lat' dir='ltr'><strong>omnia</strong></span> <span class='ocrx_word' id='word_1_87' title='bbox 3393 920 3534 976; x_wconf 86' lang='lat' dir='ltr'><strong>inter</strong></span> <span class='ocrx_word' id='word_1_88' title='bbox 3593 934 3650 972; x_wconf 89' lang='lat' dir='ltr'><strong>se</strong></span> <span class='ocrx_word' id='word_1_89' title='bbox 3680 933 3819 988; x_wconf 85' lang='lat' dir='ltr'><strong>posse</strong></span> 
     </span>
    </p>
   </div>
   <div class='ocr_carea' id='block_1_11' title="bbox 639 1004 2689 1078">
    <p class='ocr_par' dir='ltr' id='par_1_11' title="bbox 639 1004 2689 1078">
     <span class='ocr_line' id='line_1_11' title="bbox 639 1004 2689 1078; baseline 0.002 -20"><span class='ocrx_word' id='word_1_90' title='bbox 639 1004 928 1058; x_wconf 70' lang='lat' dir='ltr'><strong>convenir:</strong></span> <span class='ocrx_word' id='word_1_91' title='bbox 963 1004 1126 1073; x_wconf 89' lang='lat' dir='ltr'><strong>(quod</strong></span> <span class='ocrx_word' id='word_1_92' title='bbox 1149 1005 1306 1057; x_wconf 85' lang='lat' dir='ltr'><strong>nullo</strong></span> <span class='ocrx_word' id='word_1_93' title='bbox 1336 1004 1498 1056; x_wconf 92' lang='lat' dir='ltr'><strong>modo</strong></span> <span class='ocrx_word' id='word_1_94' title='bbox 1542 1005 1658 1058; x_wconf 88' lang='lat' dir='ltr'><strong>ﬁeri</strong></span> <span class='ocrx_word' id='word_1_95' title='bbox 1696 1007 1894 1076; x_wconf 85' lang='lat' dir='ltr'><strong>potest)</strong></span> <span class='ocrx_word' id='word_1_96' title='bbox 1942 1005 2295 1060; x_wconf 88' lang='lat' dir='ltr'><strong>astruendum</strong></span> <span class='ocrx_word' id='word_1_97' title='bbox 2320 1010 2689 1078; x_wconf 87' lang='lat' dir='ltr'><strong>assumpserit.</strong></span> 
     </span>
    </p>
   </div>
   <div class='ocr_carea' id='block_1_12' title="bbox 705 1094 2200 1166">
    <p class='ocr_par' dir='ltr' id='par_1_12' title="bbox 705 1094 2200 1166">
     <span class='ocr_line' id='line_1_12' title="bbox 705 1094 2200 1166; baseline 0.003 -20"><span class='ocrx_word' id='word_1_98' title='bbox 705 1094 799 1147; x_wconf 81' lang='lat' dir='ltr'><strong>Dei</strong></span> <span class='ocrx_word' id='word_1_99' title='bbox 844 1097 1118 1147; x_wconf 80' lang='lat' dir='ltr'><strong>invocatio.</strong></span> <span class='ocrx_word' id='word_1_100' title='bbox 1167 1095 1440 1162; x_wconf 80' lang='lat' dir='ltr'><strong>Theologia</strong></span> <span class='ocrx_word' id='word_1_101' title='bbox 1494 1095 1760 1162; x_wconf 65' lang='lat' dir='ltr'><strong>afﬁrmans</strong></span> <span class='ocrx_word' id='word_1_102' title='bbox 1801 1106 1849 1149; x_wconf 84' lang='lat' dir='ltr'><strong>et</strong></span> <span class='ocrx_word' id='word_1_103' title='bbox 1895 1102 2200 1166; x_wconf 77' lang='lat' dir='ltr'><strong>negans.—</strong></span> 
     </span>
    </p>
   </div>
   <div class='ocr_carea' id='block_1_13' title="bbox 639 1184 2196 1256">
    <p class='ocr_par' dir='ltr' id='par_1_13' title="bbox 639 1184 2196 1256">
     <span class='ocr_line' id='line_1_13' title="bbox 639 1184 2196 1256; baseline 0.001 -18"><span class='ocrx_word' id='word_1_104' title='bbox 639 1185 844 1239; x_wconf 74' lang='lat' dir='ltr'><strong>Przeeat</strong></span> <span class='ocrx_word' id='word_1_105' title='bbox 868 1187 1010 1239; x_wconf 88' lang='lat' dir='ltr'><strong>Deus</strong></span> <span class='ocrx_word' id='word_1_106' title='bbox 1038 1186 1123 1248; x_wconf 91' lang='lat' dir='ltr'><strong>iis,</strong></span> <span class='ocrx_word' id='word_1_107' title='bbox 1147 1200 1265 1252; x_wconf 80' lang='lat' dir='ltr'><strong>quae</strong></span> <span class='ocrx_word' id='word_1_108' title='bbox 1289 1195 1400 1237; x_wconf 91' lang='lat' dir='ltr'><strong>tum</strong></span> <span class='ocrx_word' id='word_1_109' title='bbox 1434 1184 1683 1246; x_wconf 84' lang='lat' dir='ltr'><strong>dicenda.</strong></span> <span class='ocrx_word' id='word_1_110' title='bbox 1709 1195 1820 1240; x_wconf 90' lang='lat' dir='ltr'><strong>tum</strong></span> <span class='ocrx_word' id='word_1_111' title='bbox 1851 1188 2196 1256; x_wconf 84' lang='lat' dir='ltr'><strong>intelligenda</strong></span> 
     </span>
    </p>
   </div>
   <div class='ocr_carea' id='block_1_14' title="bbox 641 1274 2195 1344">
    <p class='ocr_par' dir='ltr' id='par_1_14' title="bbox 641 1274 2195 1344">
     <span class='ocr_line' id='line_1_14' title="bbox 641 1274 2195 1344; baseline 0.004 -21"><span class='ocrx_word' id='word_1_112' title='bbox 641 1283 788 1334; x_wconf 88' lang='lat' dir='ltr'><strong>sunt,</strong></span> <span class='ocrx_word' id='word_1_113' title='bbox 813 1275 921 1340; x_wconf 50' lang='lat' dir='ltr'><strong>qui,</strong></span> <span class='ocrx_word' id='word_1_114' title='bbox 937 1274 1087 1326; x_wconf 91' lang='lat' dir='ltr'><strong>solus</strong></span> <span class='ocrx_word' id='word_1_115' title='bbox 1109 1287 1298 1325; x_wconf 89' lang='lat' dir='ltr'><strong>eorum</strong></span> <span class='ocrx_word' id='word_1_116' title='bbox 1334 1288 1485 1326; x_wconf 88' lang='lat' dir='ltr'><strong>mens</strong></span> <span class='ocrx_word' id='word_1_117' title='bbox 1509 1289 1570 1327; x_wconf 88' lang='lat' dir='ltr'><strong>ac</strong></span> <span class='ocrx_word' id='word_1_118' title='bbox 1594 1276 1949 1344; x_wconf 79' lang='lat' dir='ltr'><strong>intelligentia</strong></span> <span class='ocrx_word' id='word_1_119' title='bbox 1973 1285 2076 1339; x_wconf 86' lang='lat' dir='ltr'><strong>est,</strong></span> <span class='ocrx_word' id='word_1_120' title='bbox 2102 1278 2195 1344; x_wconf 89' lang='lat' dir='ltr'><strong>qui</strong></span> 
     </span>
    </p>
   </div>
   <div class='ocr_carea' id='block_1_15' title="bbox 643 1363 2195 1434">
    <p class='ocr_par' dir='ltr' id='par_1_15' title="bbox 643 1363 2195 1434">
     <span class='ocr_line' id='line_1_15' title="bbox 643 1363 2195 1434; baseline 0.003 -19"><span class='ocrx_word' id='word_1_121' title='bbox 643 1364 972 1432; x_wconf 85' lang='lat' dir='ltr'><strong>intelligunt,</strong></span> <span class='ocrx_word' id='word_1_122' title='bbox 993 1378 1055 1415; x_wconf 89' lang='lat' dir='ltr'><strong>ac</strong></span> <span class='ocrx_word' id='word_1_123' title='bbox 1079 1379 1198 1431; x_wconf 66' lang='lat' dir='ltr'><strong>qua:</strong></span> <span class='ocrx_word' id='word_1_124' title='bbox 1222 1363 1903 1434; x_wconf 81' lang='lat' dir='ltr'><strong>intelliguntur;‘rat.ioque</strong></span> <span class='ocrx_word' id='word_1_125' title='bbox 1930 1381 1990 1418; x_wconf 89' lang='lat' dir='ltr'><strong>ac</strong></span> <span class='ocrx_word' id='word_1_126' title='bbox 2016 1381 2195 1420; x_wconf 86' lang='lat' dir='ltr'><strong>sermo</strong></span> 
     </span>
    </p>
   </div>
   <div class='ocr_carea' id='block_1_16' title="bbox 639 1453 2190 1522">
    <p class='ocr_par' dir='ltr' id='par_1_16' title="bbox 639 1453 2190 1522">
     <span class='ocr_line' id='line_1_16' title="bbox 639 1453 2190 1522; baseline 0.002 -16"><span class='ocrx_word' id='word_1_127' title='bbox 639 1468 848 1520; x_wconf 84' lang='lat' dir='ltr'><strong>eorum,</strong></span> <span class='ocrx_word' id='word_1_128' title='bbox 868 1454 958 1522; x_wconf 91' lang='lat' dir='ltr'><strong>qui</strong></span> <span class='ocrx_word' id='word_1_129' title='bbox 977 1453 1163 1508; x_wconf 88' lang='lat' dir='ltr'><strong>dicunt</strong></span> <span class='ocrx_word' id='word_1_130' title='bbox 1185 1469 1247 1507; x_wconf 89' lang='lat' dir='ltr'><strong>ac</strong></span> <span class='ocrx_word' id='word_1_131' title='bbox 1264 1469 1382 1521; x_wconf 62' lang='lat' dir='ltr'><strong>qua)</strong></span> <span class='ocrx_word' id='word_1_132' title='bbox 1401 1453 1686 1508; x_wconf 89' lang='lat' dir='ltr'><strong>dicuntur:</strong></span> <span class='ocrx_word' id='word_1_133' title='bbox 1711 1470 1897 1507; x_wconf 86' lang='lat' dir='ltr'><strong>eorum</strong></span> <span class='ocrx_word' id='word_1_134' title='bbox 1918 1456 2045 1508; x_wconf 87' lang='lat' dir='ltr'><strong>item</strong></span> <span class='ocrx_word' id='word_1_135' title='bbox 2063 1456 2190 1519; x_wconf 87' lang='lat' dir='ltr'><strong>vita,</strong></span> 
     </span>
    </p>
   </div>
   <div class='ocr_carea' id='block_1_17' title="bbox 639 1544 2197 1614">
    <p class='ocr_par' dir='ltr' id='par_1_17' title="bbox 639 1544 2197 1614">
     <span class='ocr_line' id='line_1_17' title="bbox 639 1544 2197 1614; baseline 0.002 -18"><span class='ocrx_word' id='word_1_136' title='bbox 639 1557 761 1612; x_wconf 67' lang='lat' dir='ltr'><strong>quae</strong></span> <span class='ocrx_word' id='word_1_137' title='bbox 806 1544 1016 1607; x_wconf 87' lang='lat' dir='ltr'><strong>vivunt,</strong></span> <span class='ocrx_word' id='word_1_138' title='bbox 1066 1554 1123 1597; x_wconf 89' lang='lat' dir='ltr'><strong>et</strong></span> <span class='ocrx_word' id='word_1_139' title='bbox 1169 1561 1289 1612; x_wconf 65' lang='lat' dir='ltr'><strong>quae</strong></span> <span class='ocrx_word' id='word_1_140' title='bbox 1323 1545 1509 1598; x_wconf 77' lang='lat' dir='ltr'><strong>vitalia</strong></span> <span class='ocrx_word' id='word_1_141' title='bbox 1551 1545 1872 1607; x_wconf 84' lang='lat' dir='ltr'><strong>redduntur,</strong></span> <span class='ocrx_word' id='word_1_142' title='bbox 1905 1546 2197 1614; x_wconf 82' lang='lat' dir='ltr'><strong>omniaque</strong></span> 
     </span>
    </p>
   </div>
   <div class='ocr_carea' id='block_1_18' title="bbox 641 1633 2194 1700">
    <p class='ocr_par' dir='ltr' id='par_1_18' title="bbox 641 1633 2194 1700">
     <span class='ocr_line' id='line_1_18' title="bbox 641 1633 2194 1700; baseline 0.003 -16"><span class='ocrx_word' id='word_1_143' title='bbox 641 1633 895 1686; x_wconf 88' lang='lat' dir='ltr'><strong>omnibus</strong></span> <span class='ocrx_word' id='word_1_144' title='bbox 925 1642 1037 1685; x_wconf 90' lang='lat' dir='ltr'><strong>tum</strong></span> <span class='ocrx_word' id='word_1_145' title='bbox 1068 1641 1168 1694; x_wconf 84' lang='lat' dir='ltr'><strong>est,</strong></span> <span class='ocrx_word' id='word_1_146' title='bbox 1200 1642 1312 1684; x_wconf 93' lang='lat' dir='ltr'><strong>tum</strong></span> <span class='ocrx_word' id='word_1_147' title='bbox 1336 1633 1588 1695; x_wconf 81' lang='lat' dir='ltr'><strong>eﬁicitur,</strong></span> <span class='ocrx_word' id='word_1_148' title='bbox 1619 1635 1730 1700; x_wconf 88' lang='lat' dir='ltr'><strong>ipsa</strong></span> <span class='ocrx_word' id='word_1_149' title='bbox 1765 1650 1951 1686; x_wconf 88' lang='lat' dir='ltr'><strong>eorum</strong></span> <span class='ocrx_word' id='word_1_150' title='bbox 1985 1635 2194 1688; x_wconf 88' lang='lat' dir='ltr'><strong>ratione</strong></span> 
     </span>
    </p>
   </div>
   <div class='ocr_carea' id='block_1_19' title="bbox 637 1724 2196 1791">
    <p class='ocr_par' dir='ltr' id='par_1_19' title="bbox 637 1724 2196 1791">
     <span class='ocr_line' id='line_1_19' title="bbox 637 1724 2196 1791; baseline 0.001 -15"><span class='ocrx_word' id='word_1_151' title='bbox 637 1738 744 1790; x_wconf 87' lang='lat' dir='ltr'><strong>qua</strong></span> <span class='ocrx_word' id='word_1_152' title='bbox 768 1733 894 1776; x_wconf 85' lang='lat' dir='ltr'><strong>sunt</strong></span> <span class='ocrx_word' id='word_1_153' title='bbox 921 1737 981 1775; x_wconf 88' lang='lat' dir='ltr'><strong>ac</strong></span> <span class='ocrx_word' id='word_1_154' title='bbox 1013 1724 1167 1786; x_wconf 89' lang='lat' dir='ltr'><strong>ﬁunt,</strong></span> <span class='ocrx_word' id='word_1_155' title='bbox 1197 1739 1317 1776; x_wconf 90' lang='lat' dir='ltr'><strong>cum</strong></span> <span class='ocrx_word' id='word_1_156' title='bbox 1349 1725 1431 1776; x_wconf 91' lang='lat' dir='ltr'><strong>sui</strong></span> <span class='ocrx_word' id='word_1_157' title='bbox 1460 1724 1573 1791; x_wconf 88' lang='lat' dir='ltr'><strong>ipse</strong></span> <span class='ocrx_word' id='word_1_158' title='bbox 1606 1739 1764 1776; x_wconf 88' lang='lat' dir='ltr'><strong>causa</strong></span> <span class='ocrx_word' id='word_1_159' title='bbox 1794 1724 1942 1776; x_wconf 87' lang='lat' dir='ltr'><strong>nullo</strong></span> <span class='ocrx_word' id='word_1_160' title='bbox 1971 1740 2196 1791; x_wconf 85' lang='lat' dir='ltr'><strong>prorsus</strong></span> 
     </span>
    </p>
   </div>
   <div class='ocr_carea' id='block_1_20' title="bbox 637 1805 2196 1882">
    <p class='ocr_par' dir='ltr' id='par_1_20' title="bbox 637 1805 2196 1882">
     <span class='ocr_line' id='line_1_20' title="bbox 637 1805 2196 1882; baseline 0.001 -15"><span class='ocrx_word' id='word_1_161' title='bbox 637 1814 799 1869; x_wconf 89' lang='lat' dir='ltr'><strong>modo</strong></span> <span class='ocrx_word' id='word_1_162' title='bbox 829 1805 911 1866; x_wconf 58' lang='lat' dir='ltr'><strong>vel</strong></span> <span class='ocrx_word' id='word_1_163' title='bbox 955 1814 1023 1867; x_wconf 91' lang='lat' dir='ltr'><strong>sit</strong></span> <span class='ocrx_word' id='word_1_164' title='bbox 1066 1815 1146 1867; x_wconf 87' lang='lat' dir='ltr'><strong>vel</strong></span> <span class='ocrx_word' id='word_1_165' title='bbox 1195 1815 1302 1876; x_wconf 87' lang='lat' dir='ltr'><strong>ﬁat,</strong></span> <span class='ocrx_word' id='word_1_166' title='bbox 1333 1829 1396 1867; x_wconf 83' lang='lat' dir='ltr'><strong>ex</strong></span> <span class='ocrx_word' id='word_1_167' title='bbox 1430 1815 1513 1876; x_wconf 90' lang='lat' dir='ltr'><strong>iis,</strong></span> <span class='ocrx_word' id='word_1_168' title='bbox 1546 1830 1664 1881; x_wconf 81' lang='lat' dir='ltr'><strong>quae</strong></span> <span class='ocrx_word' id='word_1_169' title='bbox 1708 1814 1758 1866; x_wconf 91' lang='lat' dir='ltr'><strong>in</strong></span> <span class='ocrx_word' id='word_1_170' title='bbox 1798 1815 1960 1870; x_wconf 85' lang='lat' dir='ltr'><strong>rebus</strong></span> <span class='ocrx_word' id='word_1_171' title='bbox 1993 1815 2196 1882; x_wconf 89' lang='lat' dir='ltr'><strong>aliquid</strong></span> 
     </span>
    </p>
   </div>
   <div class='ocr_carea' id='block_1_21' title="bbox 638 1903 2198 1972">
    <p class='ocr_par' dir='ltr' id='par_1_21' title="bbox 638 1903 2198 1972">
     <span class='ocr_line' id='line_1_21' title="bbox 638 1903 2198 1972; baseline 0.001 -16"><span class='ocrx_word' id='word_1_172' title='bbox 638 1914 801 1966; x_wconf 86' lang='lat' dir='ltr'><strong>sunt,</strong></span> <span class='ocrx_word' id='word_1_173' title='bbox 858 1919 919 1957; x_wconf 91' lang='lat' dir='ltr'><strong>ac</strong></span> <span class='ocrx_word' id='word_1_174' title='bbox 967 1903 1134 1967; x_wconf 92' lang='lat' dir='ltr'><strong>ﬁunt;</strong></span> <span class='ocrx_word' id='word_1_175' title='bbox 1193 1912 1252 1956; x_wconf 90' lang='lat' dir='ltr'><strong>ut</strong></span> <span class='ocrx_word' id='word_1_176' title='bbox 1309 1905 1400 1972; x_wconf 89' lang='lat' dir='ltr'><strong>qui</strong></span> <span class='ocrx_word' id='word_1_177' title='bbox 1447 1903 1714 1970; x_wconf 87' lang='lat' dir='ltr'><strong>ejusmodi</strong></span> <span class='ocrx_word' id='word_1_178' title='bbox 1774 1904 1879 1965; x_wconf 86' lang='lat' dir='ltr'><strong>sit,</strong></span> <span class='ocrx_word' id='word_1_179' title='bbox 1948 1912 2010 1956; x_wconf 91' lang='lat' dir='ltr'><strong>ut</strong></span> <span class='ocrx_word' id='word_1_180' title='bbox 2073 1920 2198 1957; x_wconf 91' lang='lat' dir='ltr'><strong>cum</strong></span> 
     </span>
    </p>
   </div>
   <div class='ocr_carea' id='block_1_22' title="bbox 638 1992 2197 2061">
    <p class='ocr_par' dir='ltr' id='par_1_22' title="bbox 638 1992 2197 2061">
     <span class='ocr_line' id='line_1_22' title="bbox 638 1992 2197 2061; baseline 0.002 -16"><span class='ocrx_word' id='word_1_181' title='bbox 638 1993 784 2046; x_wconf 88' lang='lat' dir='ltr'><strong>nulla</strong></span> <span class='ocrx_word' id='word_1_182' title='bbox 814 2009 1036 2061; x_wconf 91' lang='lat' dir='ltr'><strong>prorsus</strong></span> <span class='ocrx_word' id='word_1_183' title='bbox 1065 2009 1121 2046; x_wconf 91' lang='lat' dir='ltr'><strong>re</strong></span> <span class='ocrx_word' id='word_1_184' title='bbox 1157 1995 1412 2055; x_wconf 87' lang='lat' dir='ltr'><strong>naturali,</strong></span> <span class='ocrx_word' id='word_1_185' title='bbox 1449 2009 1510 2045; x_wconf 88' lang='lat' dir='ltr'><strong>ae</strong></span> <span class='ocrx_word' id='word_1_186' title='bbox 1541 1994 1690 2045; x_wconf 86' lang='lat' dir='ltr'><strong>velut</strong></span> <span class='ocrx_word' id='word_1_187' title='bbox 1731 1992 1977 2061; x_wconf 80' lang='lat' dir='ltr'><strong>ejusdem</strong></span> <span class='ocrx_word' id='word_1_188' title='bbox 2010 1993 2197 2048; x_wconf 85' lang='lat' dir='ltr'><strong>classis</strong></span> 
     </span>
    </p>
   </div>
   <div class='ocr_carea' id='block_1_23' title="bbox 639 2081 2199 2150">
    <p class='ocr_par' dir='ltr' id='par_1_23' title="bbox 639 2081 2199 2150">
     <span class='ocr_line' id='line_1_23' title="bbox 639 2081 2199 2150; baseline -0.001 -15"><span class='ocrx_word' id='word_1_189' title='bbox 639 2083 966 2135; x_wconf 88' lang='lat' dir='ltr'><strong>commercio</strong></span> <span class='ocrx_word' id='word_1_190' title='bbox 998 2083 1232 2150; x_wconf 80' lang='lat' dir='ltr'><strong>gaudeat</strong></span> <span class='ocrx_word' id='word_1_191' title='bbox 1265 2100 1276 2134; x_wconf 94' lang='lat'>:</span> <span class='ocrx_word' id='word_1_192' title='bbox 1309 2081 1472 2148; x_wconf 81' lang='lat' dir='ltr'><strong>idque</strong></span> <span class='ocrx_word' id='word_1_193' title='bbox 1517 2081 1571 2133; x_wconf 85' lang='lat' dir='ltr'><strong>in</strong></span> <span class='ocrx_word' id='word_1_194' title='bbox 1623 2095 1785 2133; x_wconf 87' lang='lat' dir='ltr'><strong>causa</strong></span> <span class='ocrx_word' id='word_1_195' title='bbox 1818 2089 1933 2143; x_wconf 91' lang='lat' dir='ltr'><strong>est,</strong></span> <span class='ocrx_word' id='word_1_196' title='bbox 1985 2090 2046 2132; x_wconf 89' lang='lat' dir='ltr'><strong>ut</strong></span> <span class='ocrx_word' id='word_1_197' title='bbox 2089 2097 2199 2134; x_wconf 90' lang='lat' dir='ltr'><strong>non</strong></span> 
     </span>
    </p>
   </div>
   <div class='ocr_carea' id='block_1_24' title="bbox 639 2150 2197 2237">
    <p class='ocr_par' dir='ltr' id='par_1_24' title="bbox 639 2150 2197 2237">
     <span class='ocr_line' id='line_1_24' title="bbox 639 2150 2197 2237; baseline 0 -15"><span class='ocrx_word' id='word_1_198' title='bbox 639 2185 778 2231; x_wconf 88' lang='lat' dir='ltr'><strong>esse,</strong></span> <span class='ocrx_word' id='word_1_199' title='bbox 803 2150 879 2222; x_wconf 72' lang='grc' dir='ltr'>ὀί)</span> <span class='ocrx_word' id='word_1_200' title='bbox 911 2170 1126 2222; x_wconf 88' lang='lat' dir='ltr'><strong>essendi</strong></span> <span class='ocrx_word' id='word_1_201' title='bbox 1156 2169 1553 2230; x_wconf 89' lang='lat' dir='ltr'><strong>excellentiam,</strong></span> <span class='ocrx_word' id='word_1_202' title='bbox 1585 2177 1839 2237; x_wconf 90' lang='lat' dir='ltr'><strong>tanquam</strong></span> <span class='ocrx_word' id='word_1_203' title='bbox 1872 2169 2041 2237; x_wconf 85' lang='lat' dir='ltr'><strong>magis</strong></span> <span class='ocrx_word' id='word_1_204' title='bbox 2071 2185 2197 2237; x_wconf 90' lang='lat' dir='ltr'><strong>pro-</strong></span> 
     </span>
    </p>
   </div>
   <div class='ocr_carea' id='block_1_25' title="bbox 637 2257 2196 2327">
    <p class='ocr_par' dir='ltr' id='par_1_25' title="bbox 637 2257 2196 2327">
     <span class='ocr_line' id='line_1_25' title="bbox 637 2257 2196 2327; baseline 0.002 -18"><span class='ocrx_word' id='word_1_205' title='bbox 637 2259 756 2326; x_wconf 87' lang='lat' dir='ltr'><strong>prie</strong></span> <span class='ocrx_word' id='word_1_206' title='bbox 787 2258 853 2310; x_wconf 91' lang='lat' dir='ltr'><strong>de</strong></span> <span class='ocrx_word' id='word_1_207' title='bbox 881 2274 939 2311; x_wconf 85' lang='lat' dir='ltr'><strong>se</strong></span> <span class='ocrx_word' id='word_1_208' title='bbox 961 2259 1185 2320; x_wconf 88' lang='lat' dir='ltr'><strong>dictum,</strong></span> <span class='ocrx_word' id='word_1_209' title='bbox 1218 2258 1486 2312; x_wconf 89' lang='lat' dir='ltr'><strong>admittat.</strong></span> <span class='ocrx_word' id='word_1_210' title='bbox 1523 2257 1713 2326; x_wconf 74' lang='lat' dir='ltr'><strong>Opera:</strong></span> <span class='ocrx_word' id='word_1_211' title='bbox 1752 2260 1899 2314; x_wconf 88' lang='lat' dir='ltr'><strong>enim</strong></span> <span class='ocrx_word' id='word_1_212' title='bbox 1939 2260 2196 2327; x_wconf 79' lang='lat' dir='ltr'><strong>pretium,</strong></span> 
     </span>
    </p>
   </div>
   <div class='ocr_carea' id='block_1_26' title="bbox 642 2349 2199 2420">
    <p class='ocr_par' dir='ltr' id='par_1_26' title="bbox 642 2349 2199 2420">
     <span class='ocr_line' id='line_1_26' title="bbox 642 2349 2199 2420; baseline 0.003 -20"><span class='ocrx_word' id='word_1_213' title='bbox 642 2349 908 2417; x_wconf 89' lang='lat' dir='ltr'><strong>siquidem</strong></span> <span class='ocrx_word' id='word_1_214' title='bbox 941 2350 992 2401; x_wconf 94' lang='lat' dir='ltr'><strong>id</strong></span> <span class='ocrx_word' id='word_1_215' title='bbox 1020 2350 1240 2402; x_wconf 87' lang='lat' dir='ltr'><strong>omnino</strong></span> <span class='ocrx_word' id='word_1_216' title='bbox 1261 2350 1616 2404; x_wconf 89' lang='lat' dir='ltr'><strong>constitutum</strong></span> <span class='ocrx_word' id='word_1_217' title='bbox 1641 2359 1742 2413; x_wconf 91' lang='lat' dir='ltr'><strong>est,</strong></span> <span class='ocrx_word' id='word_1_218' title='bbox 1771 2361 1828 2404; x_wconf 85' lang='lat' dir='ltr'><strong>ut</strong></span> <span class='ocrx_word' id='word_1_219' title='bbox 1847 2353 1993 2420; x_wconf 88' lang='lat' dir='ltr'><strong>quod</strong></span> <span class='ocrx_word' id='word_1_220' title='bbox 2027 2353 2199 2406; x_wconf 90' lang='lat' dir='ltr'><strong>Deum</strong></span> 
     </span>
    </p>
   </div>
   <div class='ocr_carea' id='block_1_27' title="bbox 644 2440 2206 2513">
    <p class='ocr_par' dir='ltr' id='par_1_27' title="bbox 644 2440 2206 2513">
     <span class='ocr_line' id='line_1_27' title="bbox 644 2440 2206 2513; baseline 0.004 -23"><span class='ocrx_word' id='word_1_221' title='bbox 644 2440 786 2491; x_wconf 91' lang='lat' dir='ltr'><strong>inter</strong></span> <span class='ocrx_word' id='word_1_222' title='bbox 828 2455 889 2513; x_wconf 79' lang='lat' dir='ltr'><strong>ac</strong></span> <span class='ocrx_word' id='word_1_223' title='bbox 921 2450 1097 2493; x_wconf 87' lang='lat' dir='ltr'><strong>creata</strong></span> <span class='ocrx_word' id='word_1_224' title='bbox 1145 2441 1443 2493; x_wconf 87' lang='lat' dir='ltr'><strong>discrimen</strong></span> <span class='ocrx_word' id='word_1_225' title='bbox 1471 2452 1573 2503; x_wconf 82' lang='lat' dir='ltr'><strong>est,</strong></span> <span class='ocrx_word' id='word_1_226' title='bbox 1608 2457 1735 2496; x_wconf 87' lang='lat' dir='ltr'><strong>vere</strong></span> <span class='ocrx_word' id='word_1_227' title='bbox 1765 2444 2107 2508; x_wconf 89' lang='lat' dir='ltr'><strong>noverimus;</strong></span> <span class='ocrx_word' id='word_1_228' title='bbox 2143 2451 2206 2496; x_wconf 76' lang='lat' dir='ltr'><strong>ut-</strong></span> 
     </span>
    </p>
   </div>
   <div class='ocr_carea' id='block_1_28' title="bbox 644 2527 2198 2598">
    <p class='ocr_par' dir='ltr' id='par_1_28' title="bbox 644 2527 2198 2598">
     <span class='ocr_line' id='line_1_28' title="bbox 644 2527 2198 2598; baseline 0.003 -18"><span class='ocrx_word' id='word_1_229' title='bbox 644 2527 865 2582; x_wconf 85' lang='lat' dir='ltr'><strong>scilicet.</strong></span> <span class='ocrx_word' id='word_1_230' title='bbox 919 2545 1104 2581; x_wconf 90' lang='lat' dir='ltr'><strong>eorum</strong></span> <span class='ocrx_word' id='word_1_231' title='bbox 1151 2545 1270 2597; x_wconf 63' lang='lat' dir='ltr'><strong>quae</strong></span> <span class='ocrx_word' id='word_1_232' title='bbox 1302 2539 1429 2583; x_wconf 90' lang='lat' dir='ltr'><strong>sunt</strong></span> <span class='ocrx_word' id='word_1_233' title='bbox 1458 2530 1679 2592; x_wconf 86' lang='lat' dir='ltr'><strong>ablatio,</strong></span> <span class='ocrx_word' id='word_1_234' title='bbox 1723 2531 1841 2598; x_wconf 86' lang='lat' dir='ltr'><strong>ejus</strong></span> <span class='ocrx_word' id='word_1_235' title='bbox 1879 2531 2076 2597; x_wconf 87' lang='lat' dir='ltr'><strong>positio</strong></span> <span class='ocrx_word' id='word_1_236' title='bbox 2110 2532 2198 2592; x_wconf 90' lang='lat' dir='ltr'><strong>sit,</strong></span> 
     </span>
    </p>
   </div>
   <div class='ocr_carea' id='block_1_29' title="bbox 643 2616 2202 2685">
    <p class='ocr_par' dir='ltr' id='par_1_29' title="bbox 643 2616 2202 2685">
     <span class='ocr_line' id='line_1_29' title="bbox 643 2616 2202 2685; baseline 0.001 -18"><span class='ocrx_word' id='word_1_237' title='bbox 643 2616 786 2683; x_wconf 84' lang='lat' dir='ltr'><strong>quod</strong></span> <span class='ocrx_word' id='word_1_238' title='bbox 817 2617 962 2669; x_wconf 90' lang='lat' dir='ltr'><strong>omni</strong></span> <span class='ocrx_word' id='word_1_239' title='bbox 993 2633 1112 2670; x_wconf 89' lang='lat' dir='ltr'><strong>esse</strong></span> <span class='ocrx_word' id='word_1_240' title='bbox 1146 2617 1398 2685; x_wconf 88' lang='lat' dir='ltr'><strong>superius</strong></span> <span class='ocrx_word' id='word_1_241' title='bbox 1440 2627 1556 2681; x_wconf 88' lang='lat' dir='ltr'><strong>est;</strong></span> <span class='ocrx_word' id='word_1_242' title='bbox 1604 2617 1971 2685; x_wconf 88' lang='lat' dir='ltr'><strong>vicissimque,</strong></span> <span class='ocrx_word' id='word_1_243' title='bbox 2015 2633 2202 2670; x_wconf 89' lang='lat' dir='ltr'><strong>eorum</strong></span> 
     </span>
    </p>
   </div>
   <div class='ocr_carea' id='block_1_30' title="bbox 642 2685 2200 2776">
    <p class='ocr_par' dir='ltr' id='par_1_30' title="bbox 642 2685 2200 2776">
     <span class='ocr_line' id='line_1_30' title="bbox 642 2685 2200 2776; baseline 0.003 -22"><span class='ocrx_word' id='word_1_244' title='bbox 642 2720 762 2771; x_wconf 66' lang='lat' dir='ltr'><strong>quae</strong></span> <span class='ocrx_word' id='word_1_245' title='bbox 789 2714 914 2758; x_wconf 90' lang='lat' dir='ltr'><strong>sunt</strong></span> <span class='ocrx_word' id='word_1_246' title='bbox 939 2706 1156 2772; x_wconf 88' lang='lat' dir='ltr'><strong>positio,</strong></span> <span class='ocrx_word' id='word_1_247' title='bbox 1178 2707 1294 2775; x_wconf 83' lang='lat' dir='ltr'><strong>ejus</strong></span> <span class='ocrx_word' id='word_1_248' title='bbox 1320 2685 1463 2774; x_wconf 57' lang='lat' dir='ltr'><strong>q&#39;uod</strong></span> <span class='ocrx_word' id='word_1_249' title='bbox 1495 2707 1643 2760; x_wconf 90' lang='lat' dir='ltr'><strong>omni</strong></span> <span class='ocrx_word' id='word_1_250' title='bbox 1670 2722 1788 2760; x_wconf 87' lang='lat' dir='ltr'><strong>esse</strong></span> <span class='ocrx_word' id='word_1_251' title='bbox 1827 2709 2078 2776; x_wconf 86' lang='lat' dir='ltr'><strong>superius</strong></span> <span class='ocrx_word' id='word_1_252' title='bbox 2099 2717 2200 2772; x_wconf 87' lang='lat' dir='ltr'><strong>est,</strong></span> 
     </span>
    </p>
   </div>
   <div class='ocr_carea' id='block_1_31' title="bbox 643 2785 2205 2869">
    <p class='ocr_par' dir='ltr' id='par_1_31' title="bbox 643 2795 2204 2864">
     <span class='ocr_line' id='line_1_31' title="bbox 643 2795 2204 2864; baseline 0.003 -19"><span class='ocrx_word' id='word_1_253' title='bbox 643 2795 865 2846; x_wconf 73' lang='lat' dir='ltr'><strong>exsistat</strong></span> <span class='ocrx_word' id='word_1_254' title='bbox 911 2795 1131 2857; x_wconf 84' lang='lat' dir='ltr'><strong>ablatio,</strong></span> <span class='ocrx_word' id='word_1_255' title='bbox 1170 2796 1448 2864; x_wconf 88' lang='lat' dir='ltr'><strong>possitque</strong></span> <span class='ocrx_word' id='word_1_256' title='bbox 1495 2806 1724 2864; x_wconf 86' lang='lat' dir='ltr'><strong>utraque</strong></span> <span class='ocrx_word' id='word_1_257' title='bbox 1767 2797 1912 2850; x_wconf 90' lang='lat' dir='ltr'><strong>circa</strong></span> <span class='ocrx_word' id='word_1_258' title='bbox 1954 2799 2204 2850; x_wconf 90' lang='lat' dir='ltr'><strong>eumdem</strong></span> 
     </span>
    </p>
   </div>
   <div class='ocr_carea' id='block_1_32' title="bbox 2303 2785 3821 2869">
    <p class='ocr_par' dir='ltr' id='par_1_32' title="bbox 2305 2785 3821 2869">
     <span class='ocr_line' id='line_1_32' title="bbox 2305 2785 3821 2869; baseline 0.001 -23"><span class='ocrx_word' id='word_1_259' title='bbox 2305 2796 2433 2864; x_wconf 77' lang='grc' dir='ltr'>οχὴν</span> <span class='ocrx_word' id='word_1_260' title='bbox 2449 2795 2626 2854; x_wconf 79' lang='grc' dir='ltr'>αἰτίας</span> <span class='ocrx_word' id='word_1_261' title='bbox 2646 2794 2738 2846; x_wconf 84' lang='grc' dir='ltr'>τοῦ</span> <span class='ocrx_word' id='word_1_262' title='bbox 2757 2790 2896 2846; x_wconf 74' lang='grc' dir='ltr'>εἶναι</span> <span class='ocrx_word' id='word_1_263' title='bbox 2929 2794 3108 2862; x_wconf 82' lang='grc' dir='ltr'>πάσης</span> <span class='ocrx_word' id='word_1_264' title='bbox 3140 2796 3244 2847; x_wconf 84' lang='grc' dir='ltr'><strong>τῶν</strong></span> <span class='ocrx_word' id='word_1_265' title='bbox 3281 2795 3448 2853; x_wconf 73' lang='grc' dir='ltr'>ὄντων</span> <span class='ocrx_word' id='word_1_266' title='bbox 3474 2785 3821 2869; x_wconf 79' lang='grc' dir='ltr'>ἀφαιρετικῆς·</span> 
     </span>
    </p>
   </div>
   <div class='ocr_carea' id='block_1_33' title="bbox 643 2878 2205 2954">
    <p class='ocr_par' dir='ltr' id='par_1_33' title="bbox 643 2882 2204 2954">
     <span class='ocr_line' id='line_1_33' title="bbox 643 2882 2204 2954; baseline 0.003 -22"><span class='ocrx_word' id='word_1_267' title='bbox 643 2883 860 2948; x_wconf 85' lang='lat' dir='ltr'><strong>proprie</strong></span> <span class='ocrx_word' id='word_1_268' title='bbox 888 2882 1044 2952; x_wconf 81' lang='lat' dir='ltr'><strong>[pie],</strong></span> <span class='ocrx_word' id='word_1_269' title='bbox 1079 2883 1238 2952; x_wconf 70' lang='grc'><strong>493</strong></span> <span class='ocrx_word' id='word_1_270' title='bbox 1269 2901 1332 2937; x_wconf 90' lang='lat' dir='ltr'><strong>ac</strong></span> <span class='ocrx_word' id='word_1_271' title='bbox 1357 2894 1549 2937; x_wconf 89' lang='lat' dir='ltr'><strong>neutra</strong></span> <span class='ocrx_word' id='word_1_272' title='bbox 1581 2886 1822 2952; x_wconf 88' lang='lat' dir='ltr'><strong>proprie,</strong></span> <span class='ocrx_word' id='word_1_273' title='bbox 1849 2886 2077 2954; x_wconf 75' lang='lat' dir='ltr'><strong>intelligi</strong></span> <span class='ocrx_word' id='word_1_274' title='bbox 2110 2901 2204 2954; x_wconf 87' lang='lat' dir='ltr'><strong>ap-</strong></span> 
     </span>
    </p>
   </div>
   <div class='ocr_carea' id='block_1_34' title="bbox 2303 2878 3824 2954">
    <p class='ocr_par' dir='ltr' id='par_1_34' title="bbox 2306 2878 3824 2953">
     <span class='ocr_line' id='line_1_34' title="bbox 2306 2878 3824 2953; baseline -0.004 -16"><span class='ocrx_word' id='word_1_275' title='bbox 2306 2886 2400 2937; x_wconf 71' lang='grc' dir='ltr'><strong>καὶ</strong></span> <span class='ocrx_word' id='word_1_276' title='bbox 2433 2884 2564 2953; x_wconf 77' lang='grc' dir='ltr'>μηδὲ</span> <span class='ocrx_word' id='word_1_277' title='bbox 2594 2883 2722 2952; x_wconf 86' lang='grc' dir='ltr'>μίαν</span> <span class='ocrx_word' id='word_1_278' title='bbox 2751 2882 2950 2950; x_wconf 82' lang='grc' dir='ltr'>κυρίως</span> <span class='ocrx_word' id='word_1_279' title='bbox 2979 2882 3158 2944; x_wconf 85' lang='grc' dir='ltr'>πάλιν,</span> <span class='ocrx_word' id='word_1_280' title='bbox 3193 2883 3266 2943; x_wconf 88' lang='grc' dir='ltr'>ὼς</span> <span class='ocrx_word' id='word_1_281' title='bbox 3300 2878 3550 2950; x_wconf 79' lang='grc' dir='ltr'>οὐδεμῖᾶς</span> <span class='ocrx_word' id='word_1_282' title='bbox 3589 2882 3679 2948; x_wconf 72' lang='grc' dir='ltr'>τὴν</span> <span class='ocrx_word' id='word_1_283' title='bbox 3722 2881 3824 2931; x_wconf 84' lang='grc' dir='ltr'>κατ’</span> 
     </span>
    </p>
   </div>
   <div class='ocr_carea' id='block_1_35' title="bbox 643 2963 2205 3042">
    <p class='ocr_par' dir='ltr' id='par_1_35' title="bbox 643 2970 2196 3040">
     <span class='ocr_line' id='line_1_35' title="bbox 643 2970 2196 3040; baseline 0.004 -18"><span class='ocrx_word' id='word_1_284' title='bbox 643 2970 883 3038; x_wconf 76' lang='grc' dir='ltr'>ροιίίιιίο.</span> <span class='ocrx_word' id='word_1_285' title='bbox 918 2971 1135 3024; x_wconf 85' lang='lat' dir='ltr'><strong>essendi</strong></span> <span class='ocrx_word' id='word_1_286' title='bbox 1169 2971 1394 3035; x_wconf 87' lang='lat' dir='ltr'><strong>scilicet,</strong></span> <span class='ocrx_word' id='word_1_287' title='bbox 1429 2986 1492 3024; x_wconf 87' lang='lat' dir='ltr'><strong>ac</strong></span> <span class='ocrx_word' id='word_1_288' title='bbox 1532 2987 1641 3025; x_wconf 91' lang='lat' dir='ltr'><strong>non</strong></span> <span class='ocrx_word' id='word_1_289' title='bbox 1679 2973 1915 3026; x_wconf 88' lang='lat' dir='ltr'><strong>esscndi.</strong></span> <span class='ocrx_word' id='word_1_290' title='bbox 1959 2973 2196 3040; x_wconf 87' lang='lat' dir='ltr'><strong>Utraque</strong></span> 
     </span>
    </p>
   </div>
   <div class='ocr_carea' id='block_1_36' title="bbox 2303 2963 3823 3042">
    <p class='ocr_par' dir='ltr' id='par_1_36' title="bbox 2303 2963 3823 3041">
     <span class='ocr_line' id='line_1_36' title="bbox 2303 2963 3823 3041; baseline -0.005 -14"><span class='ocrx_word' id='word_1_291' title='bbox 2303 2975 2483 3027; x_wconf 81' lang='grc' dir='ltr'>οὐσίαν</span> <span class='ocrx_word' id='word_1_292' title='bbox 2510 2973 2676 3041; x_wconf 81' lang='grc' dir='ltr'>αὐτὴν</span> <span class='ocrx_word' id='word_1_293' title='bbox 2707 2971 2801 3024; x_wconf 75' lang='grc' dir='ltr'>καὶ</span> <span class='ocrx_word' id='word_1_294' title='bbox 2843 2970 3001 3038; x_wconf 83' lang='grc' dir='ltr'>φύσιν</span> <span class='ocrx_word' id='word_1_295' title='bbox 3029 2971 3118 3022; x_wconf 75' lang='grc' dir='ltr'>τοῦ</span> <span class='ocrx_word' id='word_1_296' title='bbox 3141 2963 3194 3022; x_wconf 86' lang='grc' dir='ltr'><strong>τί</strong></span> <span class='ocrx_word' id='word_1_297' title='bbox 3227 2966 3364 3023; x_wconf 82' lang='grc' dir='ltr'>εἶναι</span> <span class='ocrx_word' id='word_1_298' title='bbox 3391 2971 3484 3023; x_wconf 80' lang='grc' dir='ltr'>τοῦ</span> <span class='ocrx_word' id='word_1_299' title='bbox 3518 2969 3823 3039; x_wconf 76' lang='grc' dir='ltr'><strong>ζητουμένου</strong></span> 
     </span>
    </p>
   </div>
   <div class='ocr_carea' id='block_1_37' title="bbox 644 3047 2205 3130">
    <p class='ocr_par' dir='ltr' id='par_1_37' title="bbox 644 3057 2200 3128">
     <span class='ocr_line' id='line_1_37' title="bbox 644 3057 2200 3128; baseline 0.003 -17"><span class='ocrx_word' id='word_1_300' title='bbox 644 3061 881 3128; x_wconf 89' lang='lat' dir='ltr'><strong>proprie,</strong></span> <span class='ocrx_word' id='word_1_301' title='bbox 921 3070 1174 3128; x_wconf 90' lang='lat' dir='ltr'><strong>tanquam</strong></span> <span class='ocrx_word' id='word_1_302' title='bbox 1215 3057 1426 3115; x_wconf 89' lang='lat' dir='ltr'><strong>scilicet</strong></span> <span class='ocrx_word' id='word_1_303' title='bbox 1462 3062 1633 3115; x_wconf 90' lang='lat' dir='ltr'><strong>altera</strong></span> <span class='ocrx_word' id='word_1_304' title='bbox 1675 3061 1846 3115; x_wconf 90' lang='lat' dir='ltr'><strong>Deum</strong></span> <span class='ocrx_word' id='word_1_305' title='bbox 1891 3077 2010 3116; x_wconf 89' lang='lat' dir='ltr'><strong>esse</strong></span> <span class='ocrx_word' id='word_1_306' title='bbox 2056 3061 2200 3115; x_wconf 87' lang='lat' dir='ltr'><strong>aﬁir-</strong></span> 
     </span>
    </p>
   </div>
   <div class='ocr_carea' id='block_1_38' title="bbox 2303 3047 3827 3130">
    <p class='ocr_par' dir='ltr' id='par_1_38' title="bbox 2308 3047 3827 3130">
     <span class='ocr_line' id='line_1_38' title="bbox 2308 3047 3827 3130; baseline -0.007 -13"><span class='ocrx_word' id='word_1_307' title='bbox 2308 3064 2452 3118; x_wconf 84' lang='grc' dir='ltr'>Θέσιν</span> <span class='ocrx_word' id='word_1_308' title='bbox 2485 3059 2852 3130; x_wconf 78' lang='grc' dir='ltr'>παριστὼσης.</span> <span class='ocrx_word' id='word_1_309' title='bbox 2885 3055 2953 3129; x_wconf 82' lang='grc' dir='ltr'>ᾯ</span> <span class='ocrx_word' id='word_1_310' title='bbox 2977 3047 3081 3130; x_wconf 82' lang='grc' dir='ltr'>γὰρ</span> <span class='ocrx_word' id='word_1_311' title='bbox 3102 3060 3264 3128; x_wconf 74' lang='grc' dir='ltr'>μηδὲν</span> <span class='ocrx_word' id='word_1_312' title='bbox 3288 3059 3347 3111; x_wconf 83' lang='grc' dir='ltr'><strong>τὸ</strong></span> <span class='ocrx_word' id='word_1_313' title='bbox 3374 3060 3589 3111; x_wconf 84' lang='grc' dir='ltr'>σύνολον</span> <span class='ocrx_word' id='word_1_314' title='bbox 3612 3057 3827 3129; x_wconf 80' lang='grc' dir='ltr'><strong>φυσικῶς</strong></span> 
     </span>
    </p>
   </div>
   <div class='ocr_carea' id='block_1_39' title="bbox 639 3148 2205 3220">
    <p class='ocr_par' dir='ltr' id='par_1_39' title="bbox 639 3149 2201 3218">
     <span class='ocr_line' id='line_1_39' title="bbox 639 3149 2201 3218; baseline 0.001 -15"><span class='ocrx_word' id='word_1_315' title='bbox 639 3158 845 3213; x_wconf 67' lang='lat' dir='ltr'><strong>tuante,</strong></span> <span class='ocrx_word' id='word_1_316' title='bbox 877 3164 982 3218; x_wconf 90' lang='lat' dir='ltr'><strong>qua</strong></span> <span class='ocrx_word' id='word_1_317' title='bbox 1022 3149 1232 3201; x_wconf 90' lang='lat' dir='ltr'><strong>ratione</strong></span> <span class='ocrx_word' id='word_1_318' title='bbox 1281 3163 1462 3202; x_wconf 89' lang='lat' dir='ltr'><strong>rerum</strong></span> <span class='ocrx_word' id='word_1_319' title='bbox 1511 3157 1709 3202; x_wconf 85' lang='lat' dir='ltr'><strong>auctor</strong></span> <span class='ocrx_word' id='word_1_320' title='bbox 1731 3158 1841 3214; x_wconf 89' lang='lat' dir='ltr'><strong>est;</strong></span> <span class='ocrx_word' id='word_1_321' title='bbox 1873 3149 2044 3202; x_wconf 88' lang='lat' dir='ltr'><strong>altera</strong></span> <span class='ocrx_word' id='word_1_322' title='bbox 2075 3160 2201 3204; x_wconf 84' lang='lat' dir='ltr'><strong>vero</strong></span> 
     </span>
    </p>
   </div>
   <div class='ocr_carea' id='block_1_40' title="bbox 2303 3148 3828 3220">
    <p class='ocr_par' dir='ltr' id='par_1_40' title="bbox 2307 3148 3828 3220">
     <span class='ocr_line' id='line_1_40' title="bbox 2307 3148 3828 3220; baseline -0.005 -13"><span class='ocrx_word' id='word_1_323' title='bbox 2307 3154 2426 3207; x_wconf 81' lang='grc' dir='ltr'>κατ’</span> <span class='ocrx_word' id='word_1_324' title='bbox 2465 3152 2642 3206; x_wconf 78' lang='grc' dir='ltr'>αἰτίαν</span> <span class='ocrx_word' id='word_1_325' title='bbox 2689 3150 3058 3212; x_wconf 78' lang='grc' dir='ltr'>συνέζευκται,</span> <span class='ocrx_word' id='word_1_326' title='bbox 3091 3149 3122 3220; x_wconf 81' lang='grc' dir='ltr'><strong>ἢ</strong></span> <span class='ocrx_word' id='word_1_327' title='bbox 3146 3148 3204 3200; x_wconf 79' lang='grc' dir='ltr'>ὃν</span> <span class='ocrx_word' id='word_1_328' title='bbox 3228 3149 3259 3218; x_wconf 83' lang='grc' dir='ltr'>ἢ</span> <span class='ocrx_word' id='word_1_329' title='bbox 3285 3148 3358 3219; x_wconf 85' lang='grc' dir='ltr'>μὴ</span> <span class='ocrx_word' id='word_1_330' title='bbox 3382 3151 3472 3202; x_wconf 75' lang='grc' dir='ltr'><strong>ὃν·</strong></span> <span class='ocrx_word' id='word_1_331' title='bbox 3504 3151 3673 3219; x_wconf 82' lang='grc' dir='ltr'>τούτῳ</span> <span class='ocrx_word' id='word_1_332' title='bbox 3697 3148 3828 3201; x_wconf 72' lang='grc' dir='ltr'>οὐδὲν</span> 
     </span>
    </p>
   </div>
   <div class='ocr_carea' id='block_1_41' title="bbox 643 3236 2205 3313">
    <p class='ocr_par' dir='ltr' id='par_1_41' title="bbox 643 3238 2200 3313">
     <span class='ocr_line' id='line_1_41' title="bbox 643 3238 2200 3313; baseline 0 -18"><span class='ocrx_word' id='word_1_333' title='bbox 643 3256 742 3309; x_wconf 89' lang='lat' dir='ltr'><strong>per</strong></span> <span class='ocrx_word' id='word_1_334' title='bbox 767 3238 1143 3295; x_wconf 87' lang='lat' dir='ltr'><strong>excellentiam</strong></span> <span class='ocrx_word' id='word_1_335' title='bbox 1167 3253 1365 3304; x_wconf 80' lang='lat' dir='ltr'><strong>causae,</strong></span> <span class='ocrx_word' id='word_1_336' title='bbox 1399 3255 1517 3295; x_wconf 90' lang='lat' dir='ltr'><strong>esse</strong></span> <span class='ocrx_word' id='word_1_337' title='bbox 1548 3254 1750 3305; x_wconf 90' lang='lat' dir='ltr'><strong>rerum,</strong></span> <span class='ocrx_word' id='word_1_338' title='bbox 1776 3249 2006 3311; x_wconf 75' lang='lat' dir='ltr'><strong>negante</strong></span> <span class='ocrx_word' id='word_1_339' title='bbox 2035 3257 2049 3294; x_wconf 87' lang='lat'><strong>:</strong></span> <span class='ocrx_word' id='word_1_340' title='bbox 2074 3255 2200 3313; x_wconf 50' lang='lat' dir='ltr'><strong>rur;</strong></span> 
     </span>
    </p>
   </div>
   <div class='ocr_carea' id='block_1_42' title="bbox 2303 3236 3828 3313">
    <p class='ocr_par' dir='ltr' id='par_1_42' title="bbox 2305 3236 3828 3312">
     <span class='ocr_line' id='line_1_42' title="bbox 2305 3236 3828 3312; baseline -0.007 -14"><span class='ocrx_word' id='word_1_341' title='bbox 2305 3243 2412 3298; x_wconf 86' lang='grc' dir='ltr'>τῶν</span> <span class='ocrx_word' id='word_1_342' title='bbox 2435 3242 2603 3297; x_wconf 79' lang='grc' dir='ltr'>ὅντων</span> <span class='ocrx_word' id='word_1_343' title='bbox 2639 3243 2732 3294; x_wconf 81' lang='grc' dir='ltr'>καὶ</span> <span class='ocrx_word' id='word_1_344' title='bbox 2775 3241 3100 3311; x_wconf 86' lang='grc' dir='ltr'>λεγομένων,</span> <span class='ocrx_word' id='word_1_345' title='bbox 3144 3241 3262 3292; x_wconf 84' lang='grc' dir='ltr'>οὐδὲ</span> <span class='ocrx_word' id='word_1_346' title='bbox 3293 3237 3401 3292; x_wconf 83' lang='grc' dir='ltr'>τῶν</span> <span class='ocrx_word' id='word_1_347' title='bbox 3436 3240 3510 3312; x_wconf 82' lang='grc' dir='ltr'><strong>μὴ</strong></span> <span class='ocrx_word' id='word_1_348' title='bbox 3555 3240 3717 3292; x_wconf 75' lang='grc' dir='ltr'>ὄντων</span> <span class='ocrx_word' id='word_1_349' title='bbox 3751 3236 3828 3288; x_wconf 83' lang='grc' dir='ltr'>καὶ</span> 
     </span>
    </p>
   </div>
   <div class='ocr_carea' id='block_1_43' title="bbox 644 3325 2205 3405">
    <p class='ocr_par' dir='ltr' id='par_1_43' title="bbox 644 3332 2200 3399">
     <span class='ocr_line' id='line_1_43' title="bbox 644 3332 2200 3399; baseline -0.001 -15"><span class='ocrx_word' id='word_1_350' title='bbox 644 3345 870 3398; x_wconf 85' lang='lat' dir='ltr'><strong>sumque</strong></span> <span class='ocrx_word' id='word_1_351' title='bbox 911 3341 1100 3384; x_wconf 89' lang='lat' dir='ltr'><strong>neutra</strong></span> <span class='ocrx_word' id='word_1_352' title='bbox 1130 3332 1612 3399; x_wconf 78' lang='lat' dir='ltr'><strong>proprie;neutra</strong></span> <span class='ocrx_word' id='word_1_353' title='bbox 1645 3332 1853 3386; x_wconf 89' lang='lat' dir='ltr'><strong>scilicet</strong></span> <span class='ocrx_word' id='word_1_354' title='bbox 1898 3332 2067 3398; x_wconf 87' lang='lat' dir='ltr'><strong>ipsam</strong></span> <span class='ocrx_word' id='word_1_355' title='bbox 2114 3346 2200 3384; x_wconf 87' lang='lat' dir='ltr'><strong>se-</strong></span> 
     </span>
    </p>
   </div>
   <div class='ocr_carea' id='block_1_44' title="bbox 2303 3325 3828 3405">
    <p class='ocr_par' dir='ltr' id='par_1_44' title="bbox 2311 3325 3828 3405">
     <span class='ocr_line' id='line_1_44' title="bbox 2311 3325 3828 3405; baseline -0.007 -18"><span class='ocrx_word' id='word_1_356' title='bbox 2311 3337 2387 3405; x_wconf 78' lang='grc' dir='ltr'>μὴ</span> <span class='ocrx_word' id='word_1_357' title='bbox 2431 3334 2758 3402; x_wconf 85' lang='grc' dir='ltr'>λεγομένων,</span> <span class='ocrx_word' id='word_1_358' title='bbox 2803 3333 3027 3396; x_wconf 77' lang='grc' dir='ltr'><strong>εἰκότως</strong></span> <span class='ocrx_word' id='word_1_359' title='bbox 3073 3332 3220 3383; x_wconf 74' lang='grc' dir='ltr'>ἐστὶν</span> <span class='ocrx_word' id='word_1_360' title='bbox 3267 3330 3452 3398; x_wconf 74' lang='grc' dir='ltr'>ἐγγύς.</span> <span class='ocrx_word' id='word_1_361' title='bbox 3505 3330 3702 3395; x_wconf 79' lang='grc' dir='ltr'>Ἀπλῆν</span> <span class='ocrx_word' id='word_1_362' title='bbox 3736 3325 3828 3393; x_wconf 81' lang='grc' dir='ltr'>γὰρ</span> 
     </span>
    </p>
   </div>
   <div class='ocr_carea' id='block_1_45' title="bbox 645 3413 2205 3492">
    <p class='ocr_par' dir='ltr' id='par_1_45' title="bbox 645 3419 2204 3488">
     <span class='ocr_line' id='line_1_45' title="bbox 645 3419 2204 3488; baseline 0 -15"><span class='ocrx_word' id='word_1_363' title='bbox 645 3421 882 3474; x_wconf 87' lang='lat' dir='ltr'><strong>cundum</strong></span> <span class='ocrx_word' id='word_1_364' title='bbox 908 3421 1202 3472; x_wconf 89' lang='lat' dir='ltr'><strong>essentiam</strong></span> <span class='ocrx_word' id='word_1_365' title='bbox 1233 3435 1296 3472; x_wconf 87' lang='lat' dir='ltr'><strong>ac</strong></span> <span class='ocrx_word' id='word_1_366' title='bbox 1329 3428 1600 3482; x_wconf 88' lang='lat' dir='ltr'><strong>naturam,</strong></span> <span class='ocrx_word' id='word_1_367' title='bbox 1628 3421 1746 3488; x_wconf 89' lang='lat' dir='ltr'><strong>ejus</strong></span> <span class='ocrx_word' id='word_1_368' title='bbox 1770 3419 1915 3487; x_wconf 89' lang='lat' dir='ltr'><strong>quod</strong></span> <span class='ocrx_word' id='word_1_369' title='bbox 1941 3419 2204 3487; x_wconf 60' lang='lat' dir='ltr'><strong>quaritur</strong></span> 
     </span>
    </p>
   </div>
   <div class='ocr_carea' id='block_1_46' title="bbox 2303 3413 3828 3492">
    <p class='ocr_par' dir='ltr' id='par_1_46' title="bbox 2304 3413 3828 3492">
     <span class='ocr_line' id='line_1_46' title="bbox 2304 3413 3828 3492; baseline -0.008 -14"><span class='ocrx_word' id='word_1_370' title='bbox 2304 3427 2397 3478; x_wconf 75' lang='grc' dir='ltr'>καὶ</span> <span class='ocrx_word' id='word_1_371' title='bbox 2431 3413 2703 3492; x_wconf 65' lang='grc' dir='ltr'>ἄγνωστον</span> <span class='ocrx_word' id='word_1_372' title='bbox 2743 3425 2837 3476; x_wconf 65' lang='grc' dir='ltr'><strong>καὶ¹</strong></span> <span class='ocrx_word' id='word_1_373' title='bbox 2864 3416 3041 3475; x_wconf 47' lang='grc' dir='ltr'>’πᾶσιν</span> <span class='ocrx_word' id='word_1_374' title='bbox 3082 3421 3282 3474; x_wconf 78' lang='grc' dir='ltr'>ἄϐατον</span> <span class='ocrx_word' id='word_1_375' title='bbox 3315 3420 3428 3487; x_wconf 74' lang='grc' dir='ltr'>ἔχει</span> <span class='ocrx_word' id='word_1_376' title='bbox 3471 3420 3569 3486; x_wconf 77' lang='grc' dir='ltr'>τὴν</span> <span class='ocrx_word' id='word_1_377' title='bbox 3599 3417 3828 3486; x_wconf 81' lang='grc' dir='ltr'>ὓπαρξιν,</span> 
     </span>
    </p>
   </div>
   <div class='ocr_carea' id='block_1_47' title="bbox 613 3499 2205 3580">
    <p class='ocr_par' dir='ltr' id='par_1_47' title="bbox 613 3507 2205 3576">
     <span class='ocr_line' id='line_1_47' title="bbox 613 3507 2205 3576; baseline 0.002 -17"><span class='ocrx_word' id='word_1_378' title='bbox 613 3519 617 3522; x_wconf 87' lang='grc'><strong>·</strong></span> <span class='ocrx_word' id='word_1_379' title='bbox 646 3509 858 3560; x_wconf 85' lang='lat' dir='ltr'><strong>essendi</strong></span> <span class='ocrx_word' id='word_1_380' title='bbox 884 3507 1232 3576; x_wconf 90' lang='lat' dir='ltr'><strong>positionem,</strong></span> <span class='ocrx_word' id='word_1_381' title='bbox 1262 3523 1486 3576; x_wconf 89' lang='lat' dir='ltr'><strong>remque</strong></span> <span class='ocrx_word' id='word_1_382' title='bbox 1519 3509 1691 3576; x_wconf 85' lang='lat' dir='ltr'><strong>ipsam</strong></span> <span class='ocrx_word' id='word_1_383' title='bbox 1719 3507 1980 3574; x_wconf 67' lang='lat' dir='ltr'><strong>affirmate</strong></span> <span class='ocrx_word' id='word_1_384' title='bbox 2012 3523 2205 3576; x_wconf 65' lang='lat' dir='ltr'><strong>reprae-</strong></span> 
     </span>
    </p>
   </div>
   <div class='ocr_carea' id='block_1_48' title="bbox 2303 3499 3828 3580">
    <p class='ocr_par' dir='ltr' id='par_1_48' title="bbox 2303 3499 3828 3580">
     <span class='ocr_line' id='line_1_48' title="bbox 2303 3499 3828 3580; baseline -0.008 -15"><span class='ocrx_word' id='word_1_385' title='bbox 2303 3514 2394 3565; x_wconf 78' lang='lat' dir='ltr'><strong>xal.</strong></span> <span class='ocrx_word' id='word_1_386' title='bbox 2422 3499 2698 3573; x_wconf 69' lang='grc' dir='ltr'>παντελῶς</span> <span class='ocrx_word' id='word_1_387' title='bbox 2731 3511 3149 3580; x_wconf 83' lang='grc' dir='ltr'>ἀνερμήνευτον,</span> <span class='ocrx_word' id='word_1_388' title='bbox 3179 3507 3272 3559; x_wconf 69' lang='grc' dir='ltr'>καὶ</span> <span class='ocrx_word' id='word_1_389' title='bbox 3300 3506 3480 3573; x_wconf 80' lang='grc' dir='ltr'><strong>πάσης</strong></span> <span class='ocrx_word' id='word_1_390' title='bbox 3501 3501 3828 3572; x_wconf 77' lang='grc' dir='ltr'>καταφάσεώς</span> 
     </span>
    </p>
   </div>
   <div class='ocr_carea' id='block_1_49' title="bbox 649 3589 2205 3664">
    <p class='ocr_par' dir='ltr' id='par_1_49' title="bbox 649 3594 2205 3651">
     <span class='ocr_line' id='line_1_49' title="bbox 649 3594 2205 3651; baseline 0.001 -3"><span class='ocrx_word' id='word_1_391' title='bbox 649 3604 915 3650; x_wconf 87' lang='lat' dir='ltr'><strong>sentante.</strong></span> <span class='ocrx_word' id='word_1_392' title='bbox 946 3597 1045 3649; x_wconf 88' lang='lat' dir='ltr'><strong>Cui</strong></span> <span class='ocrx_word' id='word_1_393' title='bbox 1079 3598 1224 3650; x_wconf 91' lang='lat' dir='ltr'><strong>enim</strong></span> <span class='ocrx_word' id='word_1_394' title='bbox 1257 3597 1392 3650; x_wconf 90' lang='lat' dir='ltr'><strong>nihil</strong></span> <span class='ocrx_word' id='word_1_395' title='bbox 1436 3596 1658 3649; x_wconf 90' lang='lat' dir='ltr'><strong>omnino</strong></span> <span class='ocrx_word' id='word_1_396' title='bbox 1707 3604 1902 3648; x_wconf 91' lang='lat' dir='ltr'><strong>natura</strong></span> <span class='ocrx_word' id='word_1_397' title='bbox 1949 3596 2000 3649; x_wconf 91' lang='lat' dir='ltr'><strong>vi</strong></span> <span class='ocrx_word' id='word_1_398' title='bbox 2031 3594 2205 3651; x_wconf 76' lang='lat' dir='ltr'><strong>eausa:</strong></span> 
     </span>
    </p>
   </div>
   <div class='ocr_carea' id='block_1_50' title="bbox 2303 3589 3830 3664">
    <p class='ocr_par' dir='ltr' id='par_1_50' title="bbox 2303 3589 3830 3664">
     <span class='ocr_line' id='line_1_50' title="bbox 2303 3589 3830 3664; baseline -0.009 -11"><span class='ocrx_word' id='word_1_399' title='bbox 2303 3617 2358 3652; x_wconf 87' lang='grc' dir='ltr'><strong>τε</strong></span> <span class='ocrx_word' id='word_1_400' title='bbox 2395 3606 2488 3653; x_wconf 86' lang='grc' dir='ltr'>καὶ</span> <span class='ocrx_word' id='word_1_401' title='bbox 2520 3597 2840 3664; x_wconf 81' lang='grc' dir='ltr'><strong>ἀποφάσεως</strong></span> <span class='ocrx_word' id='word_1_402' title='bbox 2883 3593 3044 3647; x_wconf 79' lang='grc' dir='ltr'>οὖσαν</span> <span class='ocrx_word' id='word_1_403' title='bbox 3085 3593 3362 3645; x_wconf 77' lang='grc' dir='ltr'>ἐπέκεινα.</span> <span class='ocrx_word' id='word_1_404' title='bbox 3404 3592 3513 3643; x_wconf 81' lang='grc' dir='ltr'><strong>Καὶ</strong></span> <span class='ocrx_word' id='word_1_405' title='bbox 3554 3590 3718 3642; x_wconf 83' lang='grc' dir='ltr'>ταῦτα</span> <span class='ocrx_word' id='word_1_406' title='bbox 3747 3589 3830 3658; x_wconf 73' lang='grc' dir='ltr'>μὲν</span> 
     </span>
    </p>
   </div>
   <div class='ocr_carea' id='block_1_51' title="bbox 649 3679 2205 3758">
    <p class='ocr_par' dir='ltr' id='par_1_51' title="bbox 649 3685 2205 3756">
     <span class='ocr_line' id='line_1_51' title="bbox 649 3685 2205 3756; baseline 0.001 -18"><span class='ocrx_word' id='word_1_407' title='bbox 649 3686 998 3756; x_wconf 85' lang='lat' dir='ltr'><strong>eonjunctum</strong></span> <span class='ocrx_word' id='word_1_408' title='bbox 1034 3695 1137 3751; x_wconf 88' lang='lat' dir='ltr'><strong>est,</strong></span> <span class='ocrx_word' id='word_1_409' title='bbox 1173 3687 1285 3740; x_wconf 89' lang='lat' dir='ltr'><strong>sive</strong></span> <span class='ocrx_word' id='word_1_410' title='bbox 1325 3702 1422 3741; x_wconf 89' lang='lat' dir='ltr'><strong>ens</strong></span> <span class='ocrx_word' id='word_1_411' title='bbox 1451 3687 1602 3740; x_wconf 84' lang='lat' dir='ltr'><strong>dicas</strong></span> <span class='ocrx_word' id='word_1_412' title='bbox 1638 3685 1750 3739; x_wconf 88' lang='lat' dir='ltr'><strong>sive</strong></span> <span class='ocrx_word' id='word_1_413' title='bbox 1789 3701 1898 3740; x_wconf 90' lang='lat' dir='ltr'><strong>non</strong></span> <span class='ocrx_word' id='word_1_414' title='bbox 1924 3702 2052 3752; x_wconf 90' lang='lat' dir='ltr'><strong>ens;</strong></span> <span class='ocrx_word' id='word_1_415' title='bbox 2077 3687 2205 3742; x_wconf 87' lang='lat' dir='ltr'><strong>huic</strong></span> 
     </span>
    </p>
   </div>
   <div class='ocr_carea' id='block_1_52' title="bbox 2303 3679 3831 3758">
    <p class='ocr_par' dir='ltr' id='par_1_52' title="bbox 2303 3679 3831 3758">
     <span class='ocr_line' id='line_1_52' title="bbox 2303 3679 3831 3758; baseline -0.009 -16"><span class='ocrx_word' id='word_1_416' title='bbox 2303 3691 2430 3758; x_wconf 74' lang='grc' dir='ltr'>περὶ</span> <span class='ocrx_word' id='word_1_417' title='bbox 2478 3687 2709 3739; x_wconf 85' lang='grc' dir='ltr'>τούτων·</span> <span class='ocrx_word' id='word_1_418' title='bbox 2762 3685 2854 3735; x_wconf 75' lang='grc' dir='ltr'>ἐπὶ</span> <span class='ocrx_word' id='word_1_419' title='bbox 2894 3683 2950 3734; x_wconf 85' lang='grc' dir='ltr'><strong>δὲ</strong></span> <span class='ocrx_word' id='word_1_420' title='bbox 2997 3681 3094 3750; x_wconf 84' lang='grc' dir='ltr'><strong>τὴν</strong></span> <span class='ocrx_word' id='word_1_421' title='bbox 3141 3679 3510 3754; x_wconf 82' lang='grc' dir='ltr'><strong>προκειμένην</strong></span> <span class='ocrx_word' id='word_1_422' title='bbox 3553 3679 3644 3731; x_wconf 81' lang='grc' dir='ltr'>τοῦ</span> <span class='ocrx_word' id='word_1_423' title='bbox 3691 3679 3831 3745; x_wconf 87' lang='grc' dir='ltr'>λόγου</span> 
     </span>
    </p>
   </div>
   <div class='ocr_carea' id='block_1_53' title="bbox 649 3775 2205 3846">
    <p class='ocr_par' dir='ltr' id='par_1_53' title="bbox 649 3777 2205 3846">
     <span class='ocr_line' id='line_1_53' title="bbox 649 3777 2205 3846; baseline 0 -14"><span class='ocrx_word' id='word_1_424' title='bbox 649 3779 782 3832; x_wconf 86' lang='lat' dir='ltr'><strong>nihil</strong></span> <span class='ocrx_word' id='word_1_425' title='bbox 809 3794 1000 3831; x_wconf 87' lang='lat' dir='ltr'><strong>eorum</strong></span> <span class='ocrx_word' id='word_1_426' title='bbox 1027 3793 1146 3846; x_wconf 70' lang='lat' dir='ltr'><strong>qua:</strong></span> <span class='ocrx_word' id='word_1_427' title='bbox 1193 3790 1318 3831; x_wconf 91' lang='lat' dir='ltr'><strong>sunt</strong></span> <span class='ocrx_word' id='word_1_428' title='bbox 1365 3788 1420 3832; x_wconf 90' lang='lat' dir='ltr'><strong>et</strong></span> <span class='ocrx_word' id='word_1_429' title='bbox 1466 3777 1744 3841; x_wconf 85' lang='lat' dir='ltr'><strong>dicuntur,</strong></span> <span class='ocrx_word' id='word_1_430' title='bbox 1789 3777 1902 3830; x_wconf 89' lang='lat' dir='ltr'><strong>sive</strong></span> <span class='ocrx_word' id='word_1_431' title='bbox 1945 3793 2065 3845; x_wconf 63' lang='lat' dir='ltr'><strong>quae</strong></span> <span class='ocrx_word' id='word_1_432' title='bbox 2105 3794 2205 3832; x_wconf 90' lang='lat' dir='ltr'><strong>nec</strong></span> 
     </span>
    </p>
   </div>
   <div class='ocr_carea' id='block_1_54' title="bbox 2303 3775 2853 3846">
    <p class='ocr_par' dir='ltr' id='par_1_54' title="bbox 2304 3775 2853 3841">
     <span class='ocr_line' id='line_1_54' title="bbox 2304 3775 2853 3841; baseline -0.015 -10"><span class='ocrx_word' id='word_1_433' title='bbox 2304 3778 2557 3830; x_wconf 81' lang='grc' dir='ltr'>ὑπόθεσιν</span> <span class='ocrx_word' id='word_1_434' title='bbox 2594 3775 2853 3841; x_wconf 78' lang='grc' dir='ltr'><strong>ἔλθωμεν.</strong></span> 
     </span>
    </p>
   </div>
   <div class='ocr_carea' id='block_1_55' title="bbox 649 3859 3831 3938">
    <p class='ocr_par' dir='ltr' id='par_1_55' title="bbox 649 3859 3831 3938">
     <span class='ocr_line' id='line_1_55' title="bbox 649 3859 3831 3938; baseline -0.004 -15"><span class='ocrx_word' id='word_1_435' title='bbox 649 3879 776 3923; x_wconf 88' lang='lat' dir='ltr'><strong>sunt</strong></span> <span class='ocrx_word' id='word_1_436' title='bbox 804 3885 979 3938; x_wconf 90' lang='lat' dir='ltr'><strong>neque</strong></span> <span class='ocrx_word' id='word_1_437' title='bbox 1007 3869 1281 3932; x_wconf 92' lang='lat' dir='ltr'><strong>dicuntur,</strong></span> <span class='ocrx_word' id='word_1_438' title='bbox 1319 3868 1517 3921; x_wconf 90' lang='lat' dir='ltr'><strong>merito</strong></span> <span class='ocrx_word' id='word_1_439' title='bbox 1557 3867 1797 3920; x_wconf 89' lang='lat' dir='ltr'><strong>vicinum</strong></span> <span class='ocrx_word' id='word_1_440' title='bbox 1829 3881 1891 3919; x_wconf 89' lang='lat' dir='ltr'><strong>ac</strong></span> <span class='ocrx_word' id='word_1_441' title='bbox 1920 3866 2076 3920; x_wconf 83' lang='lat' dir='ltr'><strong>aﬁine</strong></span> <span class='ocrx_word' id='word_1_442' title='bbox 2105 3875 2206 3920; x_wconf 90' lang='lat' dir='ltr'><strong>est.</strong></span> <span class='ocrx_word' id='word_1_443' title='bbox 2247 3866 2421 3920; x_wconf 83' lang='lat' dir='ltr'><strong>Habet</strong></span> <span class='ocrx_word' id='word_1_444' title='bbox 2481 3865 2626 3918; x_wconf 90' lang='lat' dir='ltr'><strong>enim</strong></span> <span class='ocrx_word' id='word_1_445' title='bbox 2667 3861 2965 3930; x_wconf 90' lang='lat' dir='ltr'><strong>simplicem</strong></span> <span class='ocrx_word' id='word_1_446' title='bbox 2993 3861 3338 3930; x_wconf 82' lang='lat' dir='ltr'><strong>ignotamque</strong></span> <span class='ocrx_word' id='word_1_447' title='bbox 3378 3878 3442 3917; x_wconf 90' lang='lat' dir='ltr'><strong>ac</strong></span> <span class='ocrx_word' id='word_1_448' title='bbox 3466 3862 3673 3916; x_wconf 88' lang='lat' dir='ltr'><strong>cunctis</strong></span> <span class='ocrx_word' id='word_1_449' title='bbox 3699 3859 3831 3911; x_wconf 75' lang='lat' dir='ltr'><strong>inac-</strong></span> 
     </span>
    </p>
   </div>
   <div class='ocr_carea' id='block_1_56' title="bbox 650 3950 3831 4022">
    <p class='ocr_par' dir='ltr' id='par_1_56' title="bbox 650 3950 3831 4022">
     <span class='ocr_line' id='line_1_56' title="bbox 650 3950 3831 4022; baseline -0.003 -9"><span class='ocrx_word' id='word_1_450' title='bbox 650 3974 854 4012; x_wconf 85' lang='lat' dir='ltr'><strong>cessam</strong></span> <span class='ocrx_word' id='word_1_451' title='bbox 909 3957 1296 4016; x_wconf 83' lang='lat' dir='ltr'><strong>substantiam,</strong></span> <span class='ocrx_word' id='word_1_452' title='bbox 1359 3971 1689 4022; x_wconf 85' lang='lat' dir='ltr'><strong>prorsusque</strong></span> <span class='ocrx_word' id='word_1_453' title='bbox 1738 3954 2171 4022; x_wconf 70' lang='lat' dir='ltr'><strong>inexplicabilem</strong></span> <span class='ocrx_word' id='word_1_454' title='bbox 2196 3994 2210 4015; x_wconf 92' lang='lat'><strong>,</strong></span> <span class='ocrx_word' id='word_1_455' title='bbox 2246 3963 2407 4021; x_wconf 86' lang='lat' dir='ltr'><strong>atque</strong></span> <span class='ocrx_word' id='word_1_456' title='bbox 2442 3954 2588 4005; x_wconf 88' lang='lat' dir='ltr'><strong>omni</strong></span> <span class='ocrx_word' id='word_1_457' title='bbox 2623 3966 2747 4006; x_wconf 92' lang='lat' dir='ltr'><strong>cum</strong></span> <span class='ocrx_word' id='word_1_458' title='bbox 2793 3950 3145 4004; x_wconf 76' lang='lat' dir='ltr'><strong>afﬁrmatione</strong></span> <span class='ocrx_word' id='word_1_459' title='bbox 3186 3961 3302 4005; x_wconf 91' lang='lat' dir='ltr'><strong>tum</strong></span> <span class='ocrx_word' id='word_1_460' title='bbox 3367 3952 3652 4022; x_wconf 83' lang='lat' dir='ltr'><strong>negatione</strong></span> <span class='ocrx_word' id='word_1_461' title='bbox 3688 3958 3831 4014; x_wconf 78' lang='lat' dir='ltr'><strong>supe-</strong></span> 
     </span>
    </p>
   </div>
   <div class='ocr_carea' id='block_1_57' title="bbox 651 3971 3622 4115">
    <p class='ocr_par' dir='ltr' id='par_1_57' title="bbox 651 3971 3622 4115">
     <span class='ocr_line' id='line_1_57' title="bbox 651 3971 3622 4022; baseline -0.003 -9"><span class='ocrx_word' id='word_1_462' title='bbox 651 3974 854 4012; x_wconf 85' lang='lat' dir='ltr'><strong>cessam</strong></span> <span class='ocrx_word' id='word_1_463' title='bbox 909 3971 1296 4016; x_wconf 78' lang='lat' dir='ltr'><strong>substantiam,</strong></span> <span class='ocrx_word' id='word_1_464' title='bbox 1359 3971 1689 4022; x_wconf 85' lang='lat' dir='ltr'><strong>prorsusque</strong></span> <span class='ocrx_word' id='word_1_465' title='bbox 1738 3971 2083 4021; x_wconf 81' lang='lat' dir='ltr'><strong>mexpucaun</strong></span> <span class='ocrx_word' id='word_1_466' title='bbox 2122 3971 2171 4007; x_wconf 92' lang='lat' dir='ltr'><strong>m</strong></span> <span class='ocrx_word' id='word_1_467' title='bbox 2196 3994 2210 4015; x_wconf 93' lang='lat'><strong>,</strong></span> <span class='ocrx_word' id='word_1_468' title='bbox 2246 3971 2407 4021; x_wconf 86' lang='lat' dir='ltr'><strong>atque</strong></span> <span class='ocrx_word' id='word_1_469' title='bbox 2442 3971 2588 4005; x_wconf 79' lang='lat' dir='ltr'><strong>omni</strong></span> <span class='ocrx_word' id='word_1_470' title='bbox 2623 3971 2747 4006; x_wconf 91' lang='lat' dir='ltr'><strong>cum</strong></span> <span class='ocrx_word' id='word_1_471' title='bbox 2793 3971 3145 4004; x_wconf 85' lang='lat' dir='ltr'><strong>amrmauone</strong></span> <span class='ocrx_word' id='word_1_472' title='bbox 3186 3971 3302 4005; x_wconf 81' lang='lat' dir='ltr'><strong>tum</strong></span> <span class='ocrx_word' id='word_1_473' title='bbox 3367 3971 3622 4022; x_wconf 84' lang='lat' dir='ltr'><strong>negauen</strong></span> 
     </span>
     <span class='ocr_line' id='line_1_58' title="bbox 651 3971 3622 4115; baseline -0.002 -13"><span class='ocrx_word' id='word_1_474' title='bbox 651 4050 868 4102; x_wconf 89' lang='lat' dir='ltr'><strong>riorem.</strong></span> <span class='ocrx_word' id='word_1_475' title='bbox 902 4049 1076 4113; x_wconf 85' lang='lat' dir='ltr'><strong>Atque</strong></span> <span class='ocrx_word' id='word_1_476' title='bbox 1111 4047 1226 4098; x_wconf 83' lang='lat' dir='ltr'><strong>haec</strong></span> <span class='ocrx_word' id='word_1_477' title='bbox 1254 4043 1478 4111; x_wconf 87' lang='lat' dir='ltr'><strong>quidem</strong></span> <span class='ocrx_word' id='word_1_478' title='bbox 1515 4044 1776 4097; x_wconf 87' lang='lat' dir='ltr'><strong>hactenus</strong></span> <span class='ocrx_word' id='word_1_479' title='bbox 1811 4063 1822 4096; x_wconf 89' lang='lat'><strong>:</strong></span> <span class='ocrx_word' id='word_1_480' title='bbox 1861 4046 1928 4098; x_wconf 91' lang='lat' dir='ltr'><strong>ad</strong></span> <span class='ocrx_word' id='word_1_481' title='bbox 1958 3971 2295 4115; x_wconf 48' lang='lat' dir='ltr'><strong>prapisitum</strong></span> <span class='ocrx_word' id='word_1_482' title='bbox 2320 4060 2449 4100; x_wconf 88' lang='lat' dir='ltr'><strong>vero</strong></span> <span class='ocrx_word' id='word_1_483' title='bbox 2477 4044 2809 4111; x_wconf 85' lang='lat' dir='ltr'><strong>tractationis</strong></span> <span class='ocrx_word' id='word_1_484' title='bbox 2841 4051 3216 4112; x_wconf 83' lang='lat' dir='ltr'><strong>argumentum</strong></span> <span class='ocrx_word' id='word_1_485' title='bbox 3248 4042 3622 4111; x_wconf 87' lang='lat' dir='ltr'><strong>procedamus.</strong></span> 
     </span>
    </p>
   </div>
   <div class='ocr_carea' id='block_1_58' title="bbox 2377 1099 3818 1168">
    <p class='ocr_par' dir='ltr' id='par_1_58' title="bbox 2377 1099 3818 1168">
     <span class='ocr_line' id='line_1_59' title="bbox 2377 1099 3818 1168; baseline 0.001 -17"><span class='ocrx_word' id='word_1_486' title='bbox 2377 1099 2644 1166; x_wconf 79' lang='grc' dir='ltr'>Ἦγείσθω</span> <span class='ocrx_word' id='word_1_487' title='bbox 2691 1101 2747 1152; x_wconf 85' lang='grc' dir='ltr'><strong>δὲ</strong></span> <span class='ocrx_word' id='word_1_488' title='bbox 2781 1101 2910 1164; x_wconf 78' lang='grc' dir='ltr'>Θεὸς</span> <span class='ocrx_word' id='word_1_489' title='bbox 2953 1101 3060 1151; x_wconf 84' lang='grc' dir='ltr'><strong>τῶν</strong></span> <span class='ocrx_word' id='word_1_490' title='bbox 3114 1100 3419 1168; x_wconf 88' lang='grc' dir='ltr'>λεγομένων</span> <span class='ocrx_word' id='word_1_491' title='bbox 3455 1116 3513 1151; x_wconf 84' lang='grc' dir='ltr'><strong>τε</strong></span> <span class='ocrx_word' id='word_1_492' title='bbox 3554 1100 3643 1150; x_wconf 76' lang='grc' dir='ltr'><strong>καὶ</strong></span> <span class='ocrx_word' id='word_1_493' title='bbox 3685 1117 3818 1157; x_wconf 85' lang='grc' dir='ltr'>νοου-</span> 
     </span>
    </p>
   </div>
   <div class='ocr_carea' id='block_1_59' title="bbox 2299 1189 3817 1260">
    <p class='ocr_par' dir='ltr' id='par_1_59' title="bbox 2299 1189 3817 1260">
     <span class='ocr_line' id='line_1_60' title="bbox 2299 1189 3817 1260; baseline -0.002 -19"><span class='ocrx_word' id='word_1_494' title='bbox 2299 1189 2493 1257; x_wconf 80' lang='grc' dir='ltr'>μένων,</span> <span class='ocrx_word' id='word_1_495' title='bbox 2515 1192 2564 1242; x_wconf 84' lang='grc' dir='ltr'><strong>’ὁ</strong></span> <span class='ocrx_word' id='word_1_496' title='bbox 2601 1191 2913 1260; x_wconf 59' lang='grc' dir='ltr'>μόνοςινοῦς</span> <span class='ocrx_word' id='word_1_497' title='bbox 2957 1190 3063 1243; x_wconf 79' lang='grc' dir='ltr'><strong>τῶν</strong></span> <span class='ocrx_word' id='word_1_498' title='bbox 3099 1190 3356 1240; x_wconf 86' lang='grc' dir='ltr'>νοούντων</span> <span class='ocrx_word' id='word_1_499' title='bbox 3390 1191 3479 1242; x_wconf 77' lang='grc' dir='ltr'>καὶ</span> <span class='ocrx_word' id='word_1_500' title='bbox 3515 1189 3817 1255; x_wconf 79' lang='grc' dir='ltr'>νοουμένων,</span> 
     </span>
    </p>
   </div>
   <div class='ocr_carea' id='block_1_60' title="bbox 2293 1266 3820 1350">
    <p class='ocr_par' dir='ltr' id='par_1_60' title="bbox 2293 1266 3820 1350">
     <span class='ocr_line' id='line_1_61' title="bbox 2293 1266 3820 1350; baseline 0 -20"><span class='ocrx_word' id='word_1_501' title='bbox 2293 1279 2386 1331; x_wconf 71' lang='grc' dir='ltr'>καὶ</span> <span class='ocrx_word' id='word_1_502' title='bbox 2442 1279 2597 1346; x_wconf 88' lang='grc' dir='ltr'>λόγος</span> <span class='ocrx_word' id='word_1_503' title='bbox 2645 1266 2752 1333; x_wconf 64' lang='grc' dir='ltr'>τῶν</span> <span class='ocrx_word' id='word_1_504' title='bbox 2785 1280 3047 1346; x_wconf 85' lang='grc' dir='ltr'>λεγόντων</span> <span class='ocrx_word' id='word_1_505' title='bbox 3082 1281 3174 1331; x_wconf 71' lang='grc' dir='ltr'><strong>καὶ¹</strong></span> <span class='ocrx_word' id='word_1_506' title='bbox 3214 1279 3520 1348; x_wconf 80' lang='grc' dir='ltr'>λεγομένων</span> <span class='ocrx_word' id='word_1_507' title='bbox 3546 1294 3558 1306; x_wconf 83' lang='grc'><em>’</em></span> <span class='ocrx_word' id='word_1_508' title='bbox 3602 1282 3691 1331; x_wconf 80' lang='grc' dir='ltr'><strong>καὶ</strong></span> <span class='ocrx_word' id='word_1_509' title='bbox 3720 1280 3820 1350; x_wconf 78' lang='grc' dir='ltr'><strong>ζωὴ</strong></span> 
     </span>
    </p>
   </div>
   <div class='ocr_carea' id='block_1_61' title="bbox 2291 1359 3821 1438">
    <p class='ocr_par' dir='ltr' id='par_1_61' title="bbox 2291 1359 3821 1438">
     <span class='ocr_line' id='line_1_62' title="bbox 2291 1359 3821 1438; baseline 0 -18"><span class='ocrx_word' id='word_1_510' title='bbox 2291 1370 2398 1420; x_wconf 84' lang='grc' dir='ltr'><strong>τῶν</strong></span> <span class='ocrx_word' id='word_1_511' title='bbox 2431 1367 2644 1432; x_wconf 78' lang='grc' dir='ltr'>ζώντων</span> <span class='ocrx_word' id='word_1_512' title='bbox 2692 1371 2784 1422; x_wconf 78' lang='grc' dir='ltr'><strong>καὶ</strong></span> <span class='ocrx_word' id='word_1_513' title='bbox 2835 1359 3173 1438; x_wconf 62' lang='grc' dir='ltr'>ξωουμέκίων,</span> <span class='ocrx_word' id='word_1_514' title='bbox 3213 1371 3303 1422; x_wconf 78' lang='grc' dir='ltr'><strong>καὶ</strong></span> <span class='ocrx_word' id='word_1_515' title='bbox 3355 1371 3488 1420; x_wconf 75' lang='grc' dir='ltr'>πᾶσι</span> <span class='ocrx_word' id='word_1_516' title='bbox 3532 1369 3699 1421; x_wconf 83' lang='grc' dir='ltr'>πάντα</span> <span class='ocrx_word' id='word_1_517' title='bbox 3740 1370 3821 1422; x_wconf 72' lang='grc' dir='ltr'>καὶ</span> 
     </span>
    </p>
   </div>
   <div class='ocr_carea' id='block_1_62' title="bbox 2297 1458 3818 1528">
    <p class='ocr_par' dir='ltr' id='par_1_62' title="bbox 2297 1458 3818 1528">
     <span class='ocr_line' id='line_1_63' title="bbox 2297 1458 3818 1528; baseline 0 -18"><span class='ocrx_word' id='word_1_518' title='bbox 2297 1459 2371 1510; x_wconf 83' lang='grc' dir='ltr'>ὢν</span> <span class='ocrx_word' id='word_1_519' title='bbox 2403 1459 2493 1510; x_wconf 74' lang='grc' dir='ltr'><strong>καὶ</strong></span> <span class='ocrx_word' id='word_1_520' title='bbox 2527 1460 2824 1527; x_wconf 72' lang='grc' dir='ltr'>γινόμενος,</span> <span class='ocrx_word' id='word_1_521' title='bbox 2865 1460 2931 1511; x_wconf 83' lang='grc' dir='ltr'><strong>δι’</strong></span> <span class='ocrx_word' id='word_1_522' title='bbox 2967 1460 3103 1511; x_wconf 76' lang='grc' dir='ltr'>αὐτὰ</span> <span class='ocrx_word' id='word_1_523' title='bbox 3143 1459 3210 1510; x_wconf 79' lang='grc' dir='ltr'>τὰ</span> <span class='ocrx_word' id='word_1_524' title='bbox 3257 1459 3385 1511; x_wconf 74' lang='grc' dir='ltr'>ὄντα</span> <span class='ocrx_word' id='word_1_525' title='bbox 3423 1458 3512 1511; x_wconf 70' lang='grc' dir='ltr'>καὶ</span> <span class='ocrx_word' id='word_1_526' title='bbox 3548 1461 3818 1528; x_wconf 83' lang='grc' dir='ltr'>γινόμενα·</span> 
     </span>
    </p>
   </div>
   <div class='ocr_carea' id='block_1_63' title="bbox 2296 1542 3820 1617">
    <p class='ocr_par' dir='ltr' id='par_1_63' title="bbox 2296 1542 3820 1617">
     <span class='ocr_line' id='line_1_64' title="bbox 2296 1542 3820 1617; baseline -0.001 -17"><span class='ocrx_word' id='word_1_527' title='bbox 2296 1549 2362 1600; x_wconf 81' lang='grc' dir='ltr'><strong>δι’</strong></span> <span class='ocrx_word' id='word_1_528' title='bbox 2394 1550 2579 1601; x_wconf 76' lang='grc' dir='ltr'>ἑαυτὸν</span> <span class='ocrx_word' id='word_1_529' title='bbox 2607 1547 2662 1599; x_wconf 84' lang='grc' dir='ltr'><strong>δὲ</strong></span> <span class='ocrx_word' id='word_1_530' title='bbox 2689 1549 2836 1601; x_wconf 84' lang='grc' dir='ltr'>οὐδὲν</span> <span class='ocrx_word' id='word_1_531' title='bbox 2869 1551 2986 1600; x_wconf 80' lang='grc' dir='ltr'>κατ’</span> <span class='ocrx_word' id='word_1_532' title='bbox 3013 1550 3198 1600; x_wconf 78' lang='grc' dir='ltr'>οὐδένα</span> <span class='ocrx_word' id='word_1_533' title='bbox 3224 1549 3422 1616; x_wconf 81' lang='grc' dir='ltr'>τρόπον</span> <span class='ocrx_word' id='word_1_534' title='bbox 3451 1542 3689 1617; x_wconf 77' lang='grc' dir='ltr'>οὺδιίμῶς</span> <span class='ocrx_word' id='word_1_535' title='bbox 3711 1547 3820 1600; x_wconf 77' lang='grc' dir='ltr'>οὒτε</span> 
     </span>
    </p>
   </div>
   <div class='ocr_carea' id='block_1_64' title="bbox 2297 1638 3822 1707">
    <p class='ocr_par' dir='ltr' id='par_1_64' title="bbox 2297 1638 3822 1707">
     <span class='ocr_line' id='line_1_65' title="bbox 2297 1638 3822 1707; baseline -0.001 -15"><span class='ocrx_word' id='word_1_536' title='bbox 2297 1639 2371 1692; x_wconf 81' lang='grc' dir='ltr'>ὢν</span> <span class='ocrx_word' id='word_1_537' title='bbox 2408 1638 2530 1691; x_wconf 80' lang='grc' dir='ltr'>οὔτε</span> <span class='ocrx_word' id='word_1_538' title='bbox 2559 1639 2858 1707; x_wconf 81' lang='grc' dir='ltr'>γινόμενος,</span> <span class='ocrx_word' id='word_1_539' title='bbox 2897 1639 3005 1690; x_wconf 82' lang='grc' dir='ltr'><strong>τῶν</strong></span> <span class='ocrx_word' id='word_1_540' title='bbox 3055 1641 3088 1691; x_wconf 82' lang='grc' dir='ltr'><strong>ἆ</strong></span> <span class='ocrx_word' id='word_1_541' title='bbox 3131 1655 3181 1689; x_wconf 90' lang='grc' dir='ltr'><strong>τι</strong></span> <span class='ocrx_word' id='word_1_542' title='bbox 3217 1639 3324 1690; x_wconf 85' lang='grc' dir='ltr'><strong>τῶν</strong></span> <span class='ocrx_word' id='word_1_543' title='bbox 3369 1639 3532 1690; x_wconf 78' lang='grc' dir='ltr'>ὄντων</span> <span class='ocrx_word' id='word_1_544' title='bbox 3571 1641 3682 1692; x_wconf 73' lang='grc' dir='ltr'>ἐστὶ</span> <span class='ocrx_word' id='word_1_545' title='bbox 3740 1639 3822 1692; x_wconf 80' lang='grc' dir='ltr'>καὶ</span> 
     </span>
    </p>
   </div>
   <div class='ocr_carea' id='block_1_65' title="bbox 2296 1718 3822 1794">
    <p class='ocr_par' dir='ltr' id='par_1_65' title="bbox 2296 1718 3822 1794">
     <span class='ocr_line' id='line_1_66' title="bbox 2296 1718 3822 1794; baseline 0.002 -19"><span class='ocrx_word' id='word_1_546' title='bbox 2296 1725 2612 1793; x_wconf 83' lang='grc' dir='ltr'>γινομένων,</span> <span class='ocrx_word' id='word_1_547' title='bbox 2641 1718 2728 1777; x_wconf 72' lang='grc' dir='ltr'>οἷα</span> <span class='ocrx_word' id='word_1_548' title='bbox 2761 1725 2950 1794; x_wconf 75' lang='grc' dir='ltr'>μηδενὶ</span> <span class='ocrx_word' id='word_1_549' title='bbox 2975 1725 3033 1774; x_wconf 82' lang='grc' dir='ltr'><strong>τὸ</strong></span> <span class='ocrx_word' id='word_1_550' title='bbox 3061 1725 3318 1791; x_wconf 85' lang='grc' dir='ltr'>παράπαν</span> <span class='ocrx_word' id='word_1_551' title='bbox 3359 1725 3465 1776; x_wconf 85' lang='grc' dir='ltr'><strong>τῶν</strong></span> <span class='ocrx_word' id='word_1_552' title='bbox 3496 1726 3656 1778; x_wconf 73' lang='grc' dir='ltr'>ὄντων</span> <span class='ocrx_word' id='word_1_553' title='bbox 3679 1744 3822 1792; x_wconf 73' lang='grc' dir='ltr'>φυσιο</span> 
     </span>
    </p>
   </div>
   <div class='ocr_carea' id='block_1_66' title="bbox 2296 1797 3823 1883">
    <p class='ocr_par' dir='ltr' id='par_1_66' title="bbox 2296 1797 3823 1883">
     <span class='ocr_line' id='line_1_67' title="bbox 2296 1797 3823 1883; baseline 0.001 -18"><span class='ocrx_word' id='word_1_554' title='bbox 2296 1812 2406 1874; x_wconf 81' lang='grc' dir='ltr'><strong>κῶς</strong></span> <span class='ocrx_word' id='word_1_555' title='bbox 2458 1797 2920 1881; x_wconf 78' lang='grc' dir='ltr'>συντασσόμενος·</span> <span class='ocrx_word' id='word_1_556' title='bbox 2961 1814 3054 1873; x_wconf 74' lang='grc' dir='ltr'><strong>καὶ</strong></span> <span class='ocrx_word' id='word_1_557' title='bbox 3090 1813 3177 1864; x_wconf 78' lang='grc' dir='ltr'><strong>διὰ</strong></span> <span class='ocrx_word' id='word_1_558' title='bbox 3220 1813 3396 1874; x_wconf 78' lang='grc' dir='ltr'>τοῦτο,</span> <span class='ocrx_word' id='word_1_559' title='bbox 3455 1815 3515 1866; x_wconf 81' lang='grc' dir='ltr'><strong>τὸ</strong></span> <span class='ocrx_word' id='word_1_560' title='bbox 3573 1815 3644 1883; x_wconf 78' lang='grc' dir='ltr'>μὴ</span> <span class='ocrx_word' id='word_1_561' title='bbox 3698 1810 3823 1866; x_wconf 69' lang='grc' dir='ltr'>εἶναι</span> 
     </span>
    </p>
   </div>
   <div class='ocr_carea' id='block_1_67' title="bbox 2302 1901 3822 1972">
    <p class='ocr_par' dir='ltr' id='par_1_67' title="bbox 2302 1901 3822 1972">
     <span class='ocr_line' id='line_1_68' title="bbox 2302 1901 3822 1972; baseline 0.001 -18"><span class='ocrx_word' id='word_1_562' title='bbox 2302 1902 2518 1971; x_wconf 84' lang='grc' dir='ltr'>μᾶλλον,</span> <span class='ocrx_word' id='word_1_563' title='bbox 2547 1902 2632 1954; x_wconf 68' lang='grc' dir='ltr'>διὰ</span> <span class='ocrx_word' id='word_1_564' title='bbox 2669 1901 2728 1954; x_wconf 82' lang='grc' dir='ltr'><strong>τὸ</strong></span> <span class='ocrx_word' id='word_1_565' title='bbox 2758 1902 3051 1971; x_wconf 79' lang='grc' dir='ltr'>ὑπερεῖναι,</span> <span class='ocrx_word' id='word_1_566' title='bbox 3089 1903 3162 1963; x_wconf 85' lang='grc' dir='ltr'>ὡς</span> <span class='ocrx_word' id='word_1_567' title='bbox 3199 1902 3521 1972; x_wconf 83' lang='grc' dir='ltr'>οἰκειότερον</span> <span class='ocrx_word' id='word_1_568' title='bbox 3564 1903 3645 1954; x_wconf 75' lang='grc' dir='ltr'><strong>ἐπ’</strong></span> <span class='ocrx_word' id='word_1_569' title='bbox 3673 1904 3822 1956; x_wconf 82' lang='grc' dir='ltr'>αὐτοῦ</span> 
     </span>
    </p>
   </div>
   <div class='ocr_carea' id='block_1_68' title="bbox 2297 1991 3822 2062">
    <p class='ocr_par' dir='ltr' id='par_1_68' title="bbox 2297 1991 3822 2062">
     <span class='ocr_line' id='line_1_69' title="bbox 2297 1991 3822 2062; baseline 0.002 -20"><span class='ocrx_word' id='word_1_570' title='bbox 2297 1991 2583 2059; x_wconf 61' lang='grc' dir='ltr'>λεγόμενον</span> <span class='ocrx_word' id='word_1_571' title='bbox 2625 1991 3000 2059; x_wconf 80' lang='grc' dir='ltr'>προσιέμενος.</span> <span class='ocrx_word' id='word_1_572' title='bbox 3037 1993 3127 2042; x_wconf 84' lang='grc' dir='ltr'>Δεῖ</span> <span class='ocrx_word' id='word_1_573' title='bbox 3164 1991 3290 2060; x_wconf 83' lang='grc' dir='ltr'>γὰρ,</span> <span class='ocrx_word' id='word_1_574' title='bbox 3334 1994 3487 2062; x_wconf 87' lang='grc' dir='ltr'>είπερ</span> <span class='ocrx_word' id='word_1_575' title='bbox 3519 1993 3592 2055; x_wconf 83' lang='grc' dir='ltr'>ὡς</span> <span class='ocrx_word' id='word_1_576' title='bbox 3631 1993 3822 2061; x_wconf 83' lang='grc' dir='ltr'>ἀληθῶς</span> 
     </span>
    </p>
   </div>
   <div class='ocr_carea' id='block_1_69' title="bbox 2298 2076 3824 2149">
    <p class='ocr_par' dir='ltr' id='par_1_69' title="bbox 2298 2076 3824 2149">
     <span class='ocr_line' id='line_1_70' title="bbox 2298 2076 3824 2149; baseline -0.001 -17"><span class='ocrx_word' id='word_1_577' title='bbox 2298 2079 2358 2132; x_wconf 84' lang='grc' dir='ltr'>τδ</span> <span class='ocrx_word' id='word_1_578' title='bbox 2413 2078 2612 2146; x_wconf 78' lang='grc' dir='ltr'>γνῶναι</span> <span class='ocrx_word' id='word_1_579' title='bbox 2667 2077 2923 2148; x_wconf 69' lang='grc' dir='ltr'>διαφορὰν</span> <span class='ocrx_word' id='word_1_580' title='bbox 2975 2076 3108 2129; x_wconf 77' lang='grc' dir='ltr'>Θεοῦ</span> <span class='ocrx_word' id='word_1_581' title='bbox 3181 2080 3273 2148; x_wconf 74' lang='grc' dir='ltr'><strong>καὶ</strong></span> <span class='ocrx_word' id='word_1_582' title='bbox 3323 2082 3629 2149; x_wconf 79' lang='grc' dir='ltr'>κτισμάτων</span> <span class='ocrx_word' id='word_1_583' title='bbox 3692 2082 3824 2134; x_wconf 75' lang='grc' dir='ltr'>ἐστὶν</span> 
     </span>
    </p>
   </div>
   <div class='ocr_carea' id='block_1_70' title="bbox 2300 2164 3823 2240">
    <p class='ocr_par' dir='ltr' id='par_1_70' title="bbox 2300 2164 3823 2240">
     <span class='ocr_line' id='line_1_71' title="bbox 2300 2164 3823 2240; baseline 0.011 -35"><span class='ocrx_word' id='word_1_584' title='bbox 2300 2169 2591 2240; x_wconf 64' lang='grc' dir='ltr'>ἀναγκαῖον</span> <span class='ocrx_word' id='word_1_585' title='bbox 2619 2170 2770 2236; x_wconf 82' lang='grc' dir='ltr'>ἡμῖν.</span> <span class='ocrx_word' id='word_1_586' title='bbox 2804 2168 2950 2220; x_wconf 86' lang='grc' dir='ltr'>Οέσιν</span> <span class='ocrx_word' id='word_1_587' title='bbox 2977 2164 3114 2220; x_wconf 83' lang='grc' dir='ltr'>εἶναι</span> <span class='ocrx_word' id='word_1_588' title='bbox 3157 2168 3249 2221; x_wconf 78' lang='grc' dir='ltr'>τοῦ</span> <span class='ocrx_word' id='word_1_589' title='bbox 3295 2170 3582 2236; x_wconf 81' lang='grc' dir='ltr'>ὖπερόντος</span> <span class='ocrx_word' id='word_1_590' title='bbox 3607 2171 3698 2240; x_wconf 79' lang='grc' dir='ltr'><strong>τὴν</strong></span> <span class='ocrx_word' id='word_1_591' title='bbox 3732 2171 3823 2221; x_wconf 80' lang='grc' dir='ltr'>τῶν</span> 
     </span>
    </p>
   </div>
   <div class='ocr_carea' id='block_1_71' title="bbox 2298 2239 3824 2327">
    <p class='ocr_par' dir='ltr' id='par_1_71' title="bbox 2298 2239 3824 2327">
     <span class='ocr_line' id='line_1_72' title="bbox 2298 2239 3824 2327; baseline 0.001 -18"><span class='ocrx_word' id='word_1_592' title='bbox 2298 2239 2464 2309; x_wconf 69' lang='grc' dir='ltr'>όντων</span> <span class='ocrx_word' id='word_1_593' title='bbox 2511 2258 2832 2327; x_wconf 74' lang='grc' dir='ltr'>ἀφαίρεσιν·</span> <span class='ocrx_word' id='word_1_594' title='bbox 2880 2258 2975 2309; x_wconf 74' lang='grc' dir='ltr'><strong>καὶ</strong></span> <span class='ocrx_word' id='word_1_595' title='bbox 3015 2260 3114 2326; x_wconf 82' lang='grc' dir='ltr'>τὴν</span> <span class='ocrx_word' id='word_1_596' title='bbox 3147 2258 3254 2310; x_wconf 83' lang='grc' dir='ltr'>τῶν</span> <span class='ocrx_word' id='word_1_597' title='bbox 3285 2259 3453 2311; x_wconf 73' lang='grc' dir='ltr'>ὄντων</span> <span class='ocrx_word' id='word_1_598' title='bbox 3496 2260 3658 2322; x_wconf 88' lang='grc' dir='ltr'>θέσιν,</span> <span class='ocrx_word' id='word_1_599' title='bbox 3705 2257 3824 2311; x_wconf 85' lang='grc' dir='ltr'>εἶναι</span> 
     </span>
    </p>
   </div>
   <div class='ocr_carea' id='block_1_72' title="bbox 2299 2345 3825 2417">
    <p class='ocr_par' dir='ltr' id='par_1_72' title="bbox 2299 2345 3825 2417">
     <span class='ocr_line' id='line_1_73' title="bbox 2299 2345 3825 2417; baseline 0.002 -20"><span class='ocrx_word' id='word_1_600' title='bbox 2299 2345 2391 2397; x_wconf 80' lang='grc' dir='ltr'>τοῦ</span> <span class='ocrx_word' id='word_1_601' title='bbox 2422 2347 2708 2414; x_wconf 81' lang='grc' dir='ltr'>ὑπερόντος</span> <span class='ocrx_word' id='word_1_602' title='bbox 2735 2346 3019 2416; x_wconf 79' lang='grc' dir='ltr'>ἀφαίρεσιν</span> <span class='ocrx_word' id='word_1_603' title='bbox 3047 2365 3060 2378; x_wconf 73' lang='grc' dir='ltr'><strong><em>ο</em></strong></span> <span class='ocrx_word' id='word_1_604' title='bbox 3088 2349 3179 2398; x_wconf 72' lang='grc' dir='ltr'><strong>καὶ</strong></span> <span class='ocrx_word' id='word_1_605' title='bbox 3223 2348 3387 2416; x_wconf 75' lang='grc' dir='ltr'>ἄμφω</span> <span class='ocrx_word' id='word_1_606' title='bbox 3412 2349 3537 2417; x_wconf 77' lang='grc' dir='ltr'>περὶ</span> <span class='ocrx_word' id='word_1_607' title='bbox 3564 2348 3648 2400; x_wconf 82' lang='grc' dir='ltr'>τὸν</span> <span class='ocrx_word' id='word_1_608' title='bbox 3680 2349 3825 2400; x_wconf 83' lang='grc' dir='ltr'>αὐτὸν</span> 
     </span>
    </p>
   </div>
   <div class='ocr_carea' id='block_1_73' title="bbox 2301 2435 3825 2507">
    <p class='ocr_par' dir='ltr' id='par_1_73' title="bbox 2301 2435 3825 2507">
     <span class='ocr_line' id='line_1_74' title="bbox 2301 2435 3825 2507; baseline 0.003 -21"><span class='ocrx_word' id='word_1_609' title='bbox 2301 2436 2503 2504; x_wconf 70' lang='grc' dir='ltr'>κυρίως</span> <span class='ocrx_word' id='word_1_610' title='bbox 2536 2437 2555 2466; x_wconf 79' lang='grc'><strong>⁷</strong></span> <span class='ocrx_word' id='word_1_611' title='bbox 2585 2435 2899 2504; x_wconf 80' lang='grc' dir='ltr'>θεωρεῖσθαι</span> <span class='ocrx_word' id='word_1_612' title='bbox 2936 2436 3030 2488; x_wconf 74' lang='grc' dir='ltr'>τὰς</span> <span class='ocrx_word' id='word_1_613' title='bbox 3055 2438 3442 2506; x_wconf 82' lang='grc' dir='ltr'>προσηγορίας,</span> <span class='ocrx_word' id='word_1_614' title='bbox 3468 2439 3558 2489; x_wconf 78' lang='grc' dir='ltr'>καὶ</span> <span class='ocrx_word' id='word_1_615' title='bbox 3580 2438 3825 2507; x_wconf 78' lang='grc' dir='ltr'>μηδεμίαν</span> 
     </span>
    </p>
   </div>
   <div class='ocr_carea' id='block_1_74' title="bbox 2301 2522 3821 2596">
    <p class='ocr_par' dir='ltr' id='par_1_74' title="bbox 2301 2522 3821 2596">
     <span class='ocr_line' id='line_1_75' title="bbox 2301 2522 3821 2596; baseline 0 -18"><span class='ocrx_word' id='word_1_616' title='bbox 2301 2525 2504 2594; x_wconf 82' lang='grc' dir='ltr'>κυρίως</span> <span class='ocrx_word' id='word_1_617' title='bbox 2531 2526 2820 2578; x_wconf 73' lang='grc' dir='ltr'>δύνασθαι·</span> <span class='ocrx_word' id='word_1_618' title='bbox 2874 2527 2934 2577; x_wconf 84' lang='grc' dir='ltr'><strong>τὸ</strong></span> <span class='ocrx_word' id='word_1_619' title='bbox 2975 2522 3116 2578; x_wconf 70' lang='grc' dir='ltr'>εἷναί</span> <span class='ocrx_word' id='word_1_620' title='bbox 3167 2527 3186 2556; x_wconf 75' lang='grc'>⁸</span> <span class='ocrx_word' id='word_1_621' title='bbox 3227 2545 3389 2594; x_wconf 78' lang='grc' dir='ltr'>φημι,</span> <span class='ocrx_word' id='word_1_622' title='bbox 3429 2529 3520 2580; x_wconf 79' lang='grc' dir='ltr'>καὶ</span> <span class='ocrx_word' id='word_1_623' title='bbox 3569 2530 3637 2596; x_wconf 82' lang='grc' dir='ltr'>μὴ</span> <span class='ocrx_word' id='word_1_624' title='bbox 3677 2525 3821 2580; x_wconf 81' lang='grc' dir='ltr'>εἶναι.</span> 
     </span>
    </p>
   </div>
   <div class='ocr_carea' id='block_1_75' title="bbox 2306 2614 3823 2686">
    <p class='ocr_par' dir='ltr' id='par_1_75' title="bbox 2306 2614 3823 2686">
     <span class='ocr_line' id='line_1_76' title="bbox 2306 2614 3823 2686; baseline -0.001 -18"><span class='ocrx_word' id='word_1_625' title='bbox 2306 2619 2505 2686; x_wconf 81' lang='grc' dir='ltr'>Ἀμφω</span> <span class='ocrx_word' id='word_1_626' title='bbox 2546 2616 2642 2684; x_wconf 85' lang='grc' dir='ltr'><strong>μὲν</strong></span> <span class='ocrx_word' id='word_1_627' title='bbox 2665 2617 2887 2684; x_wconf 80' lang='grc' dir='ltr'>κυρίως,</span> <span class='ocrx_word' id='word_1_628' title='bbox 2928 2621 3002 2678; x_wconf 84' lang='grc' dir='ltr'>ὡς</span> <span class='ocrx_word' id='word_1_629' title='bbox 3032 2617 3130 2685; x_wconf 78' lang='grc' dir='ltr'>τῆς</span> <span class='ocrx_word' id='word_1_630' title='bbox 3165 2618 3262 2684; x_wconf 83' lang='grc' dir='ltr'><strong>μὲν</strong></span> <span class='ocrx_word' id='word_1_631' title='bbox 3294 2618 3385 2669; x_wconf 78' lang='grc' dir='ltr'>τοῦ</span> <span class='ocrx_word' id='word_1_632' title='bbox 3423 2614 3556 2670; x_wconf 81' lang='grc' dir='ltr'>εἶναι</span> <span class='ocrx_word' id='word_1_633' title='bbox 3586 2618 3673 2670; x_wconf 82' lang='grc' dir='ltr'>τοῦ</span> <span class='ocrx_word' id='word_1_634' title='bbox 3706 2616 3823 2669; x_wconf 86' lang='grc' dir='ltr'><strong>Θεοῦ</strong></span> 
     </span>
    </p>
   </div>
   <div class='ocr_carea' id='block_1_76' title="bbox 2303 2706 3821 2782">
    <p class='ocr_par' dir='ltr' id='par_1_76' title="bbox 2303 2706 3821 2782">
     <span class='ocr_line' id='line_1_77' title="bbox 2303 2706 3821 2782; baseline 0.001 -24"><span class='ocrx_word' id='word_1_635' title='bbox 2303 2709 2420 2758; x_wconf 81' lang='grc' dir='ltr'>κατ’</span> <span class='ocrx_word' id='word_1_636' title='bbox 2448 2706 2624 2758; x_wconf 86' lang='grc' dir='ltr'>αίτίαν</span> <span class='ocrx_word' id='word_1_637' title='bbox 2649 2706 2755 2757; x_wconf 83' lang='grc' dir='ltr'><strong>τῶν</strong></span> <span class='ocrx_word' id='word_1_638' title='bbox 2799 2706 2966 2758; x_wconf 78' lang='grc' dir='ltr'>ὄντων</span> <span class='ocrx_word' id='word_1_639' title='bbox 3000 2706 3248 2776; x_wconf 78' lang='grc' dir='ltr'>θετικῆς·</span> <span class='ocrx_word' id='word_1_640' title='bbox 3297 2709 3396 2776; x_wconf 82' lang='grc' dir='ltr'>τῆς</span> <span class='ocrx_word' id='word_1_641' title='bbox 3429 2708 3483 2760; x_wconf 84' lang='grc' dir='ltr'><strong>δὲ</strong></span> <span class='ocrx_word' id='word_1_642' title='bbox 3521 2708 3636 2782; x_wconf 80' lang='grc' dir='ltr'>καθ’</span> <span class='ocrx_word' id='word_1_643' title='bbox 3668 2708 3821 2776; x_wconf 80' lang='grc' dir='ltr'>ὑπερ-</span> 
     </span>
    </p>
   </div>
   <div class='ocr_carea' id='block_1_77' title="bbox 1276 4156 1576 4212">
    <p class='ocr_par' dir='ltr' id='par_1_77' title="bbox 1276 4156 1576 4212">
     <span class='ocr_line' id='line_1_78' title="bbox 1276 4156 1576 4212; baseline 0.003 -2"><span class='ocrx_word' id='word_1_644' title='bbox 1276 4156 1498 4212; x_wconf 79' lang='lat' dir='ltr'><strong>CAPUT</strong></span> <span class='ocrx_word' id='word_1_645' title='bbox 1538 4157 1576 4211; x_wconf 81' lang='grc' dir='ltr'><strong>Ι.</strong></span> 
     </span>
    </p>
   </div>
   <div class='ocr_carea' id='block_1_78' title="bbox 653 4246 2202 4317">
    <p class='ocr_par' dir='ltr' id='par_1_78' title="bbox 653 4246 2202 4317">
     <span class='ocr_line' id='line_1_79' title="bbox 653 4246 2202 4317; baseline 0.001 -19"><span class='ocrx_word' id='word_1_646' title='bbox 653 4249 935 4311; x_wconf 80' lang='lat' dir='ltr'><strong>Quomodo,</strong></span> <span class='ocrx_word' id='word_1_647' title='bbox 963 4266 1022 4301; x_wconf 83' lang='lat' dir='ltr'><strong>ac</strong></span> <span class='ocrx_word' id='word_1_648' title='bbox 1045 4264 1277 4317; x_wconf 80' lang='lat' dir='ltr'><strong>quanam</strong></span> <span class='ocrx_word' id='word_1_649' title='bbox 1302 4249 1504 4317; x_wconf 70' lang='lat' dir='ltr'><strong>ratione</strong></span> <span class='ocrx_word' id='word_1_650' title='bbox 1520 4246 1636 4317; x_wconf 63' lang='lat' dir='ltr'><strong>pei</strong></span> <span class='ocrx_word' id='word_1_651' title='bbox 1657 4247 1827 4317; x_wconf 67' lang='lat' dir='ltr'><strong>imago</strong></span> <span class='ocrx_word' id='word_1_652' title='bbox 1856 4257 2009 4317; x_wconf 77' lang='lat' dir='ltr'><strong>atque</strong></span> <span class='ocrx_word' id='word_1_653' title='bbox 2028 4247 2202 4317; x_wconf 79' lang='lat' dir='ltr'><strong>ﬁgura</strong></span> 
     </span>
    </p>
   </div>
   <div class='ocr_carea' id='block_1_79' title="bbox 1084 4313 1772 4369">
    <p class='ocr_par' dir='ltr' id='par_1_79' title="bbox 1084 4313 1772 4369">
     <span class='ocr_line' id='line_1_80' title="bbox 1084 4313 1772 4369; baseline 0.001 -1"><span class='ocrx_word' id='word_1_654' title='bbox 1084 4318 1149 4368; x_wconf 78' lang='lat' dir='ltr'><strong>sit</strong></span> <span class='ocrx_word' id='word_1_655' title='bbox 1177 4326 1359 4368; x_wconf 81' lang='lat' dir='ltr'><strong>sancta</strong></span> <span class='ocrx_word' id='word_1_656' title='bbox 1395 4315 1484 4368; x_wconf 82' lang='lat' dir='ltr'><strong>Dei</strong></span> <span class='ocrx_word' id='word_1_657' title='bbox 1511 4313 1772 4369; x_wconf 60' lang='lat' dir='ltr'><strong>Ecclesiu.‘</strong></span> 
     </span>
    </p>
   </div>
   <div class='ocr_carea' id='block_1_80' title="bbox 692 4427 2280 4502">
    <p class='ocr_par' dir='ltr' id='par_1_80' title="bbox 692 4427 2280 4502">
     <span class='ocr_line' id='line_1_81' title="bbox 692 4427 2280 4502; baseline 0.001 -23"><span class='ocrx_word' id='word_1_658' title='bbox 692 4427 948 4488; x_wconf 62' lang='grc' dir='ltr'><strong>ΔΕσείσδὶιι</strong></span> <span class='ocrx_word' id='word_1_659' title='bbox 986 4427 1078 4479; x_wconf 80' lang='lat' dir='ltr'><strong>Dei</strong></span> <span class='ocrx_word' id='word_1_660' title='bbox 1119 4438 1266 4495; x_wconf 80' lang='lat' dir='ltr'><strong>typus</strong></span> <span class='ocrx_word' id='word_1_661' title='bbox 1296 4429 1600 4483; x_wconf 79' lang='lat' dir='ltr'><strong>continentis</strong></span> <span class='ocrx_word' id='word_1_662' title='bbox 1645 4431 1839 4480; x_wconf 83' lang='lat' dir='ltr'><strong>omnia.</strong></span> <span class='ocrx_word' id='word_1_663' title='bbox 1862 4460 1929 4466; x_wconf 90' lang='lat'><strong>——</strong></span> <span class='ocrx_word' id='word_1_664' title='bbox 1952 4429 2202 4482; x_wconf 80' lang='lat' dir='ltr'><strong>Sanctam</strong></span> <span class='ocrx_word' id='word_1_665' title='bbox 2239 4450 2280 4502; x_wconf 82' lang='grc' dir='ltr'><strong>ι)</strong></span> 
     </span>
    </p>
   </div>
   <div class='ocr_carea' id='block_1_81' title="bbox 653 4516 2250 4593">
    <p class='ocr_par' dir='ltr' id='par_1_81' title="bbox 653 4516 2250 4593">
     <span class='ocr_line' id='line_1_82' title="bbox 653 4516 2250 4593; baseline 0.003 -27"><span class='ocrx_word' id='word_1_666' title='bbox 653 4531 779 4586; x_wconf 78' lang='lat' dir='ltr'><strong>ergo</strong></span> <span class='ocrx_word' id='word_1_667' title='bbox 805 4516 1123 4577; x_wconf 87' lang='lat' dir='ltr'><strong>Ecelesiam,</strong></span> <span class='ocrx_word' id='word_1_668' title='bbox 1149 4516 1323 4581; x_wconf 89' lang='lat' dir='ltr'><strong>prima</strong></span> <span class='ocrx_word' id='word_1_669' title='bbox 1351 4516 1610 4581; x_wconf 85' lang='lat' dir='ltr'><strong>spiritalis</strong></span> <span class='ocrx_word' id='word_1_670' title='bbox 1635 4516 2003 4586; x_wconf 66' lang='lat' dir='ltr'><strong>intelligentia:</strong></span> <span class='ocrx_word' id='word_1_671' title='bbox 2032 4521 2212 4573; x_wconf 90' lang='lat' dir='ltr'><strong>consi-</strong></span> <span class='ocrx_word' id='word_1_672' title='bbox 2238 4586 2250 4593; x_wconf 79' lang='lat'><strong><em>_</em></strong></span> 
     </span>
    </p>
   </div>
   <div class='ocr_carea' id='block_1_82' title="bbox 653 4604 2211 4675">
    <p class='ocr_par' dir='ltr' id='par_1_82' title="bbox 653 4604 2211 4675">
     <span class='ocr_line' id='line_1_83' title="bbox 653 4604 2211 4675; baseline 0.002 -17"><span class='ocrx_word' id='word_1_673' title='bbox 653 4605 932 4659; x_wconf 87' lang='lat' dir='ltr'><strong>derationc</strong></span> <span class='ocrx_word' id='word_1_674' title='bbox 978 4618 1270 4670; x_wconf 89' lang='lat' dir='ltr'><strong>sensuque,</strong></span> <span class='ocrx_word' id='word_1_675' title='bbox 1306 4604 1399 4656; x_wconf 89' lang='lat' dir='ltr'><strong>Dei</strong></span> <span class='ocrx_word' id='word_1_676' title='bbox 1431 4604 1653 4674; x_wconf 85' lang='lat' dir='ltr'><strong>ﬁguram</strong></span> <span class='ocrx_word' id='word_1_677' title='bbox 1687 4622 1748 4659; x_wconf 88' lang='lat' dir='ltr'><strong>ac</strong></span> <span class='ocrx_word' id='word_1_678' title='bbox 1783 4608 2072 4675; x_wconf 80' lang='lat' dir='ltr'><strong>imaginem</strong></span> <span class='ocrx_word' id='word_1_679' title='bbox 2120 4624 2211 4662; x_wconf 82' lang='lat' dir='ltr'><strong>re—</strong></span> 
     </span>
    </p>
   </div>
   <div class='ocr_carea' id='block_1_83' title="bbox 2824 4133 3340 4209">
    <p class='ocr_par' dir='ltr' id='par_1_83' title="bbox 2824 4133 3340 4209">
     <span class='ocr_line' id='line_1_84' title="bbox 2824 4133 3340 4209; baseline -0.002 0"><span class='ocrx_word' id='word_1_680' title='bbox 2824 4155 3215 4209; x_wconf 73' lang='grc' dir='ltr'>κΕοΑΑΑιυΝ</span> <span class='ocrx_word' id='word_1_681' title='bbox 3259 4133 3340 4208; x_wconf 67' lang='grc' dir='ltr'><strong>Ᾰτὶ</strong></span> 
     </span>
    </p>
   </div>
   <div class='ocr_carea' id='block_1_84' title="bbox 2297 4234 3826 4324">
    <p class='ocr_par' dir='ltr' id='par_1_84' title="bbox 2297 4234 3826 4324">
     <span class='ocr_line' id='line_1_85' title="bbox 2297 4234 3826 4324; baseline -0.005 -23"><span class='ocrx_word' id='word_1_682' title='bbox 2297 4234 2441 4313; x_wconf 33' lang='grc' dir='ltr'><strong>’Πῶς</strong></span> <span class='ocrx_word' id='word_1_683' title='bbox 2475 4265 2536 4300; x_wconf 87' lang='grc' dir='ltr'><strong>τε</strong></span> <span class='ocrx_word' id='word_1_684' title='bbox 2572 4248 2667 4300; x_wconf 80' lang='grc' dir='ltr'>καὶ</span> <span class='ocrx_word' id='word_1_685' title='bbox 2700 4246 2861 4324; x_wconf 53' lang='lat' dir='ltr'><strong>fole</strong></span> <span class='ocrx_word' id='word_1_686' title='bbox 2889 4244 3324 4324; x_wconf 44' lang='lat' dir='ltr'><strong>fedatqinflxdir</strong></span> <span class='ocrx_word' id='word_1_687' title='bbox 3351 4246 3482 4324; x_wconf 61' lang='grc' dir='ltr'>ἐστι</span> <span class='ocrx_word' id='word_1_688' title='bbox 3535 4244 3631 4296; x_wconf 79' lang='grc' dir='ltr'><strong>καὶ</strong></span> <span class='ocrx_word' id='word_1_689' title='bbox 3653 4244 3826 4324; x_wconf 52' lang='grc' dir='ltr'>εὐπος</span> 
     </span>
    </p>
   </div>
   <div class='ocr_carea' id='block_1_85' title="bbox 2690 4313 3456 4378">
    <p class='ocr_par' dir='ltr' id='par_1_85' title="bbox 2690 4313 3456 4378">
     <span class='ocr_line' id='line_1_86' title="bbox 2690 4313 3456 4378; baseline -0.001 -13"><span class='ocrx_word' id='word_1_690' title='bbox 2690 4313 2835 4366; x_wconf 82' lang='grc' dir='ltr'>Θεοῦ</span> <span class='ocrx_word' id='word_1_691' title='bbox 2869 4314 2907 4377; x_wconf 70' lang='grc' dir='ltr'><strong><em>ἡ</em></strong></span> <span class='ocrx_word' id='word_1_692' title='bbox 2933 4313 3069 4378; x_wconf 76' lang='grc' dir='ltr'>ἁγία</span> <span class='ocrx_word' id='word_1_693' title='bbox 3110 4314 3456 4377; x_wconf 73' lang='grc' dir='ltr'>Ἐκκλησία.</span> 
     </span>
    </p>
   </div>
   <div class='ocr_carea' id='block_1_86' title="bbox 2379 4419 3835 4494">
    <p class='ocr_par' dir='ltr' id='par_1_86' title="bbox 2379 4419 3835 4494">
     <span class='ocr_line' id='line_1_87' title="bbox 2379 4419 3835 4494; baseline -0.008 -16"><span class='ocrx_word' id='word_1_694' title='bbox 2379 4427 2488 4494; x_wconf 79' lang='grc' dir='ltr'>Τὴν</span> <span class='ocrx_word' id='word_1_695' title='bbox 2518 4424 2695 4477; x_wconf 87' lang='grc' dir='ltr'>τοίνυν</span> <span class='ocrx_word' id='word_1_696' title='bbox 2731 4422 2891 4487; x_wconf 85' lang='grc' dir='ltr'>ἁγίαν</span> <span class='ocrx_word' id='word_1_697' title='bbox 2931 4421 3253 4490; x_wconf 83' lang='grc' dir='ltr'>Ἐκκλησίαν</span> <span class='ocrx_word' id='word_1_698' title='bbox 3293 4420 3434 4474; x_wconf 75' lang='grc' dir='ltr'>κατὰ</span> <span class='ocrx_word' id='word_1_699' title='bbox 3471 4419 3691 4489; x_wconf 77' lang='grc' dir='ltr'>πρώτην</span> <span class='ocrx_word' id='word_1_700' title='bbox 3720 4419 3835 4472; x_wconf 72' lang='grc' dir='ltr'>οεωο</span> 
     </span>
    </p>
   </div>
   <div class='ocr_carea' id='block_1_87' title="bbox 2311 4507 3835 4588">
    <p class='ocr_par' dir='ltr' id='par_1_87' title="bbox 2311 4507 3835 4588">
     <span class='ocr_line' id='line_1_88' title="bbox 2311 4507 3835 4588; baseline -0.003 -24"><span class='ocrx_word' id='word_1_701' title='bbox 2311 4515 2431 4584; x_wconf 88' lang='grc' dir='ltr'>ρίας</span> <span class='ocrx_word' id='word_1_702' title='bbox 2457 4513 2733 4578; x_wconf 73' lang='grc' dir='ltr'>ἐπιϐολὴν,</span> <span class='ocrx_word' id='word_1_703' title='bbox 2763 4510 2932 4580; x_wconf 62' lang='grc' dir='ltr'>τύπον</span> <span class='ocrx_word' id='word_1_704' title='bbox 2970 4511 3072 4588; x_wconf 76' lang='grc' dir='ltr'><strong>¹καὶ</strong></span> <span class='ocrx_word' id='word_1_705' title='bbox 3102 4511 3285 4588; x_wconf 79' lang='grc' dir='ltr'>είκόνα</span> <span class='ocrx_word' id='word_1_706' title='bbox 3323 4507 3459 4560; x_wconf 81' lang='grc' dir='ltr'>Θεοῦ</span> <span class='ocrx_word' id='word_1_707' title='bbox 3497 4510 3702 4578; x_wconf 80' lang='grc' dir='ltr'>φέρειν,</span> <span class='ocrx_word' id='word_1_708' title='bbox 3737 4509 3835 4561; x_wconf 80' lang='grc' dir='ltr'>ἔλε-</span> 
     </span>
    </p>
   </div>
   <div class='ocr_carea' id='block_1_88' title="bbox 2307 4594 3835 4668">
    <p class='ocr_par' dir='ltr' id='par_1_88' title="bbox 2307 4594 3835 4668">
     <span class='ocr_line' id='line_1_89' title="bbox 2307 4594 3835 4668; baseline -0.003 -16"><span class='ocrx_word' id='word_1_709' title='bbox 2307 4602 2444 4666; x_wconf 87' lang='grc' dir='ltr'><strong>γενὸ</strong></span> <span class='ocrx_word' id='word_1_710' title='bbox 2481 4599 2751 4668; x_wconf 79' lang='grc' dir='ltr'>μακάριος</span> <span class='ocrx_word' id='word_1_711' title='bbox 2797 4599 2971 4666; x_wconf 87' lang='grc' dir='ltr'>γέρων</span> <span class='ocrx_word' id='word_1_712' title='bbox 3014 4599 3218 4658; x_wconf 79' lang='grc' dir='ltr'>ἐκεῖνος</span> <span class='ocrx_word' id='word_1_713' title='bbox 3238 4612 3253 4627; x_wconf 77' lang='grc' dir='ltr'><strong>ο</strong></span> <span class='ocrx_word' id='word_1_714' title='bbox 3279 4595 3354 4656; x_wconf 86' lang='grc' dir='ltr'>ὡς</span> <span class='ocrx_word' id='word_1_715' title='bbox 3383 4594 3480 4664; x_wconf 82' lang='grc' dir='ltr'><strong>τὴν</strong></span> <span class='ocrx_word' id='word_1_716' title='bbox 3510 4596 3673 4667; x_wconf 76' lang='grc' dir='ltr'>αὐτὴν</span> <span class='ocrx_word' id='word_1_717' title='bbox 3705 4594 3835 4663; x_wconf 74' lang='grc' dir='ltr'>αὐτῷ</span> 
     </span>
    </p>
   </div>
   <div class='ocr_carea' id='block_1_89' title="bbox 652 4683 2205 4771">
    <p class='ocr_par' dir='ltr' id='par_1_89' title="bbox 652 4694 2205 4767">
     <span class='ocr_line' id='line_1_90' title="bbox 652 4694 2205 4767; baseline 0.002 -19"><span class='ocrx_word' id='word_1_718' title='bbox 652 4698 794 4748; x_wconf 78' lang='lat' dir='ltr'><strong>terre</strong></span> <span class='ocrx_word' id='word_1_719' title='bbox 823 4694 1038 4746; x_wconf 87' lang='lat' dir='ltr'><strong>dicebat</strong></span> <span class='ocrx_word' id='word_1_720' title='bbox 1080 4695 1270 4748; x_wconf 89' lang='lat' dir='ltr'><strong>beatus</strong></span> <span class='ocrx_word' id='word_1_721' title='bbox 1299 4694 1386 4748; x_wconf 90' lang='lat' dir='ltr'><strong>ille</strong></span> <span class='ocrx_word' id='word_1_722' title='bbox 1415 4710 1612 4759; x_wconf 82' lang='lat' dir='ltr'><strong>senex;</strong></span> <span class='ocrx_word' id='word_1_723' title='bbox 1645 4704 1703 4748; x_wconf 91' lang='lat' dir='ltr'><strong>ut</strong></span> <span class='ocrx_word' id='word_1_724' title='bbox 1729 4713 1849 4767; x_wconf 67' lang='lat' dir='ltr'><strong>qua:</strong></span> <span class='ocrx_word' id='word_1_725' title='bbox 1873 4699 2119 4752; x_wconf 81' lang='lat' dir='ltr'><strong>eamdem</strong></span> <span class='ocrx_word' id='word_1_726' title='bbox 2149 4714 2205 4751; x_wconf 75' lang='lat' dir='ltr'><strong>ut</strong></span> 
     </span>
    </p>
   </div>
   <div class='ocr_carea' id='block_1_90' title="bbox 2303 4683 3835 4771">
    <p class='ocr_par' dir='ltr' id='par_1_90' title="bbox 2308 4683 3835 4771">
     <span class='ocr_line' id='line_1_91' title="bbox 2308 4683 3835 4771; baseline -0.005 -28"><span class='ocrx_word' id='word_1_727' title='bbox 2308 4690 2450 4743; x_wconf 75' lang='grc' dir='ltr'>κατὰ</span> <span class='ocrx_word' id='word_1_728' title='bbox 2476 4688 2703 4758; x_wconf 83' lang='grc' dir='ltr'>μίμησιν</span> <span class='ocrx_word' id='word_1_729' title='bbox 2729 4689 2822 4742; x_wconf 72' lang='grc' dir='ltr'><strong>καὶ</strong></span> <span class='ocrx_word' id='word_1_730' title='bbox 2852 4689 3019 4741; x_wconf 83' lang='grc' dir='ltr'>τύπον</span> <span class='ocrx_word' id='word_1_731' title='bbox 3051 4687 3327 4754; x_wconf 80' lang='grc' dir='ltr'>ἐνέργειαν</span> <span class='ocrx_word' id='word_1_732' title='bbox 3365 4683 3606 4771; x_wconf 80' lang='grc' dir='ltr'>ἔχουσαν.</span> <span class='ocrx_word' id='word_1_733' title='bbox 3643 4689 3835 4754; x_wconf 81' lang='grc' dir='ltr'>Ὠσπερ</span> 
     </span>
    </p>
   </div>
   <div class='ocr_carea' id='block_1_91' title="bbox 653 4784 2208 4853">
    <p class='ocr_par' dir='ltr' id='par_1_91' title="bbox 653 4784 2208 4853">
     <span class='ocr_line' id='line_1_92' title="bbox 653 4784 2208 4853; baseline 0.001 -16"><span class='ocrx_word' id='word_1_734' title='bbox 653 4787 766 4847; x_wconf 72' lang='lat' dir='ltr'><strong>ille,</strong></span> <span class='ocrx_word' id='word_1_735' title='bbox 797 4784 1097 4843; x_wconf 87' lang='lat' dir='ltr'><strong>imitatione</strong></span> <span class='ocrx_word' id='word_1_736' title='bbox 1121 4794 1281 4852; x_wconf 86' lang='lat' dir='ltr'><strong>atque</strong></span> <span class='ocrx_word' id='word_1_737' title='bbox 1311 4785 1479 4853; x_wconf 83' lang='lat' dir='ltr'><strong>ﬁgura</strong></span> <span class='ocrx_word' id='word_1_738' title='bbox 1505 4785 1612 4837; x_wconf 90' lang='lat' dir='ltr'><strong>vim</strong></span> <span class='ocrx_word' id='word_1_739' title='bbox 1644 4801 1706 4838; x_wconf 90' lang='lat' dir='ltr'><strong>ac</strong></span> <span class='ocrx_word' id='word_1_740' title='bbox 1734 4785 1968 4839; x_wconf 79' lang='lat' dir='ltr'><strong>cilicium</strong></span> <span class='ocrx_word' id='word_1_741' title='bbox 1995 4787 2208 4840; x_wconf 87' lang='lat' dir='ltr'><strong>habeat.</strong></span> 
     </span>
    </p>
   </div>
   <div class='ocr_carea' id='block_1_92' title="bbox 654 4858 2208 4944">
    <p class='ocr_par' dir='ltr' id='par_1_92' title="bbox 654 4858 2208 4944">
     <span class='ocr_line' id='line_1_93' title="bbox 654 4858 2208 4944; baseline 0.003 -18"><span class='ocrx_word' id='word_1_742' title='bbox 654 4874 1119 4940; x_wconf 81' lang='lat' dir='ltr'><strong>Quemadmodum</strong></span> <span class='ocrx_word' id='word_1_743' title='bbox 1169 4875 1312 4927; x_wconf 89' lang='lat' dir='ltr'><strong>enim</strong></span> <span class='ocrx_word' id='word_1_744' title='bbox 1366 4875 1544 4938; x_wconf 88' lang='lat' dir='ltr'><strong>Deus,</strong></span> <span class='ocrx_word' id='word_1_745' title='bbox 1597 4877 1691 4944; x_wconf 90' lang='lat' dir='ltr'><strong>qui</strong></span> <span class='ocrx_word' id='word_1_746' title='bbox 1747 4875 1953 4935; x_wconf 84' lang='lat' dir='ltr'><strong>inﬁnita</strong></span> <span class='ocrx_word' id='word_1_747' title='bbox 2007 4858 2208 4930; x_wconf 73' lang='lat' dir='ltr'><strong>virtute</strong></span> 
     </span>
    </p>
   </div>
   <div class='ocr_carea' id='block_1_93' title="bbox 657 4959 2208 5033">
    <p class='ocr_par' dir='ltr' id='par_1_93' title="bbox 657 4959 2208 5033">
     <span class='ocr_line' id='line_1_94' title="bbox 657 4959 2208 5033; baseline 0.003 -18"><span class='ocrx_word' id='word_1_748' title='bbox 657 4959 850 5018; x_wconf 72' lang='lat' dir='ltr'><strong>cuncta</strong></span> <span class='ocrx_word' id='word_1_749' title='bbox 884 4964 1166 5024; x_wconf 88' lang='lat' dir='ltr'><strong>creaverit,</strong></span> <span class='ocrx_word' id='word_1_750' title='bbox 1205 4965 1366 5032; x_wconf 89' lang='lat' dir='ltr'><strong>inque</strong></span> <span class='ocrx_word' id='word_1_751' title='bbox 1412 4979 1596 5018; x_wconf 87' lang='lat' dir='ltr'><strong>rerum</strong></span> <span class='ocrx_word' id='word_1_752' title='bbox 1648 4971 1896 5031; x_wconf 80' lang='lat' dir='ltr'><strong>naturam</strong></span> <span class='ocrx_word' id='word_1_753' title='bbox 1931 4965 2208 5033; x_wconf 80' lang='lat' dir='ltr'><strong>produxe-</strong></span> 
     </span>
    </p>
   </div>
   <div class='ocr_carea' id='block_1_94' title="bbox 659 5043 2209 5119">
    <p class='ocr_par' dir='ltr' id='par_1_94' title="bbox 659 5043 2209 5119">
     <span class='ocr_line' id='line_1_95' title="bbox 659 5043 2209 5119; baseline 0.001 -15"><span class='ocrx_word' id='word_1_754' title='bbox 659 5053 750 5108; x_wconf 83' lang='lat' dir='ltr'><strong>rit.</strong></span> <span class='ocrx_word' id='word_1_755' title='bbox 776 5043 836 5104; x_wconf 75' lang='lat' dir='ltr'><strong>eia</strong></span> <span class='ocrx_word' id='word_1_756' title='bbox 863 5051 1103 5104; x_wconf 83' lang='lat' dir='ltr'><strong>continet</strong></span> <span class='ocrx_word' id='word_1_757' title='bbox 1135 5058 1294 5116; x_wconf 90' lang='lat' dir='ltr'><strong>atque</strong></span> <span class='ocrx_word' id='word_1_758' title='bbox 1322 5050 1547 5119; x_wconf 87' lang='lat' dir='ltr'><strong>colligit,</strong></span> <span class='ocrx_word' id='word_1_759' title='bbox 1577 5049 1849 5118; x_wconf 87' lang='lat' dir='ltr'><strong>ambitque</strong></span> <span class='ocrx_word' id='word_1_760' title='bbox 1882 5049 2119 5116; x_wconf 88' lang='lat' dir='ltr'><strong>deﬁnite,</strong></span> <span class='ocrx_word' id='word_1_761' title='bbox 2146 5067 2209 5105; x_wconf 89' lang='lat' dir='ltr'><strong>ac</strong></span> 
     </span>
    </p>
   </div>
   <div class='ocr_carea' id='block_1_95' title="bbox 661 5138 2206 5208">
    <p class='ocr_par' dir='ltr' id='par_1_95' title="bbox 661 5138 2206 5208">
     <span class='ocr_line' id='line_1_96' title="bbox 661 5138 2206 5208; baseline 0.001 -16"><span class='ocrx_word' id='word_1_762' title='bbox 661 5149 772 5193; x_wconf 89' lang='lat' dir='ltr'><strong>tum</strong></span> <span class='ocrx_word' id='word_1_763' title='bbox 808 5141 1059 5199; x_wconf 86' lang='lat' dir='ltr'><strong>invicem,</strong></span> <span class='ocrx_word' id='word_1_764' title='bbox 1091 5147 1204 5189; x_wconf 91' lang='lat' dir='ltr'><strong>tum</strong></span> <span class='ocrx_word' id='word_1_765' title='bbox 1238 5138 1341 5191; x_wconf 90' lang='lat' dir='ltr'><strong>sibi</strong></span> <span class='ocrx_word' id='word_1_766' title='bbox 1389 5139 1527 5206; x_wconf 89' lang='lat' dir='ltr'><strong>ipse,</strong></span> <span class='ocrx_word' id='word_1_767' title='bbox 1566 5147 1669 5191; x_wconf 87' lang='lat' dir='ltr'><strong>tam</strong></span> <span class='ocrx_word' id='word_1_768' title='bbox 1699 5154 1818 5208; x_wconf 64' lang='lat' dir='ltr'><strong>quae</strong></span> <span class='ocrx_word' id='word_1_769' title='bbox 1850 5140 1904 5192; x_wconf 91' lang='lat' dir='ltr'><strong>in</strong></span> <span class='ocrx_word' id='word_1_770' title='bbox 1951 5149 2206 5204; x_wconf 88' lang='lat' dir='ltr'><strong>mentem,</strong></span> 
     </span>
    </p>
   </div>
   <div class='ocr_carea' id='block_1_96' title="bbox 659 5221 2209 5296">
    <p class='ocr_par' dir='ltr' id='par_1_96' title="bbox 659 5221 2209 5296">
     <span class='ocr_line' id='line_1_97' title="bbox 659 5221 2209 5296; baseline 0.001 -15"><span class='ocrx_word' id='word_1_771' title='bbox 659 5243 819 5296; x_wconf 84' lang='lat' dir='ltr'><strong>quam</strong></span> <span class='ocrx_word' id='word_1_772' title='bbox 852 5245 969 5295; x_wconf 69' lang='lat' dir='ltr'><strong>qua:</strong></span> <span class='ocrx_word' id='word_1_773' title='bbox 1002 5229 1057 5280; x_wconf 90' lang='lat' dir='ltr'><strong>in</strong></span> <span class='ocrx_word' id='word_1_774' title='bbox 1100 5221 1316 5279; x_wconf 74' lang='lat' dir='ltr'><strong>sensum</strong></span> <span class='ocrx_word' id='word_1_775' title='bbox 1345 5226 1566 5291; x_wconf 89' lang='lat' dir='ltr'><strong>cadunt,</strong></span> <span class='ocrx_word' id='word_1_776' title='bbox 1600 5227 1953 5295; x_wconf 67' lang='lat' dir='ltr'><strong>providentia:</strong></span> <span class='ocrx_word' id='word_1_777' title='bbox 1987 5229 2209 5284; x_wconf 87' lang='lat' dir='ltr'><strong>rationi-</strong></span> 
     </span>
    </p>
   </div>
   <div class='ocr_carea' id='block_1_97' title="bbox 662 5315 2207 5386">
    <p class='ocr_par' dir='ltr' id='par_1_97' title="bbox 662 5315 2207 5386">
     <span class='ocr_line' id='line_1_98' title="bbox 662 5315 2207 5386; baseline 0.001 -18"><span class='ocrx_word' id='word_1_778' title='bbox 662 5316 764 5371; x_wconf 87' lang='lat' dir='ltr'><strong>bus</strong></span> <span class='ocrx_word' id='word_1_779' title='bbox 782 5317 1030 5384; x_wconf 78' lang='lat' dir='ltr'><strong>astringit</strong></span> <span class='ocrx_word' id='word_1_780' title='bbox 1055 5330 1116 5368; x_wconf 88' lang='lat' dir='ltr'><strong>ac</strong></span> <span class='ocrx_word' id='word_1_781' title='bbox 1143 5315 1331 5378; x_wconf 84' lang='lat' dir='ltr'><strong>nectit;</strong></span> <span class='ocrx_word' id='word_1_782' title='bbox 1366 5329 1637 5384; x_wconf 78' lang='lat' dir='ltr'><strong>penesquc</strong></span> <span class='ocrx_word' id='word_1_783' title='bbox 1663 5315 1898 5386; x_wconf 88' lang='lat' dir='ltr'><strong>seipsum</strong></span> <span class='ocrx_word' id='word_1_784' title='bbox 1926 5326 1984 5369; x_wconf 89' lang='lat' dir='ltr'><strong>ut</strong></span> <span class='ocrx_word' id='word_1_785' title='bbox 2007 5327 2207 5372; x_wconf 90' lang='lat' dir='ltr'><strong>aucto-</strong></span> 
     </span>
    </p>
   </div>
   <div class='ocr_carea' id='block_1_98' title="bbox 665 5405 2213 5475">
    <p class='ocr_par' dir='ltr' id='par_1_98' title="bbox 665 5405 2213 5475">
     <span class='ocr_line' id='line_1_99' title="bbox 665 5405 2213 5475; baseline 0.004 -19"><span class='ocrx_word' id='word_1_786' title='bbox 665 5422 773 5459; x_wconf 83' lang='lat' dir='ltr'><strong>rem</strong></span> <span class='ocrx_word' id='word_1_787' title='bbox 807 5417 861 5460; x_wconf 91' lang='lat' dir='ltr'><strong>et</strong></span> <span class='ocrx_word' id='word_1_788' title='bbox 894 5405 1218 5475; x_wconf 89' lang='lat' dir='ltr'><strong>principium</strong></span> <span class='ocrx_word' id='word_1_789' title='bbox 1251 5421 1314 5459; x_wconf 88' lang='lat' dir='ltr'><strong>ac</strong></span> <span class='ocrx_word' id='word_1_790' title='bbox 1347 5407 1528 5469; x_wconf 88' lang='lat' dir='ltr'><strong>ﬁnem,</strong></span> <span class='ocrx_word' id='word_1_791' title='bbox 1576 5421 1694 5475; x_wconf 68' lang='lat' dir='ltr'><strong>qua:</strong></span> <span class='ocrx_word' id='word_1_792' title='bbox 1723 5424 1818 5475; x_wconf 89' lang='lat' dir='ltr'><strong>per</strong></span> <span class='ocrx_word' id='word_1_793' title='bbox 1852 5417 2097 5461; x_wconf 88' lang='lat' dir='ltr'><strong>naturam</strong></span> <span class='ocrx_word' id='word_1_794' title='bbox 2134 5409 2213 5462; x_wconf 86' lang='lat' dir='ltr'><strong>in-</strong></span> 
     </span>
    </p>
   </div>
   <div class='ocr_carea' id='block_1_99' title="bbox 2308 4773 3836 4850">
    <p class='ocr_par' dir='ltr' id='par_1_99' title="bbox 2308 4773 3836 4850">
     <span class='ocr_line' id='line_1_100' title="bbox 2308 4773 3836 4850; baseline -0.005 -17"><span class='ocrx_word' id='word_1_795' title='bbox 2308 4781 2416 4850; x_wconf 79' lang='grc' dir='ltr'>γὰρ</span> <span class='ocrx_word' id='word_1_796' title='bbox 2460 4783 2487 4833; x_wconf 86' lang='grc' dir='ltr'>ὁ</span> <span class='ocrx_word' id='word_1_797' title='bbox 2533 4779 2664 4843; x_wconf 75' lang='grc' dir='ltr'>Θεὸς</span> <span class='ocrx_word' id='word_1_798' title='bbox 2701 4781 2876 4850; x_wconf 82' lang='grc' dir='ltr'>πάντα</span> <span class='ocrx_word' id='word_1_799' title='bbox 2902 4782 2968 4847; x_wconf 78' lang='grc' dir='ltr'>τῇ</span> <span class='ocrx_word' id='word_1_800' title='bbox 2996 4775 3207 4843; x_wconf 82' lang='grc' dir='ltr'>ἀπείρῳ</span> <span class='ocrx_word' id='word_1_801' title='bbox 3256 4773 3480 4840; x_wconf 83' lang='grc' dir='ltr'>δυνάμει</span> <span class='ocrx_word' id='word_1_802' title='bbox 3511 4778 3734 4847; x_wconf 83' lang='grc' dir='ltr'>ποιήσας</span> <span class='ocrx_word' id='word_1_803' title='bbox 3759 4776 3836 4828; x_wconf 79' lang='grc' dir='ltr'>καὶ</span> 
     </span>
    </p>
   </div>
   <div class='ocr_carea' id='block_1_100' title="bbox 2316 4863 3835 4939">
    <p class='ocr_par' dir='ltr' id='par_1_100' title="bbox 2316 4863 3835 4939">
     <span class='ocr_line' id='line_1_101' title="bbox 2316 4863 3835 4939; baseline -0.005 -18"><span class='ocrx_word' id='word_1_804' title='bbox 2316 4871 2392 4932; x_wconf 86' lang='grc' dir='ltr'><strong>είς</strong></span> <span class='ocrx_word' id='word_1_805' title='bbox 2432 4869 2491 4921; x_wconf 85' lang='grc' dir='ltr'><strong>τὸ</strong></span> <span class='ocrx_word' id='word_1_806' title='bbox 2521 4865 2657 4921; x_wconf 83' lang='grc' dir='ltr'>εἷναι</span> <span class='ocrx_word' id='word_1_807' title='bbox 2707 4865 3059 4939; x_wconf 80' lang='grc' dir='ltr'>παραγαγὼν,</span> <span class='ocrx_word' id='word_1_808' title='bbox 3097 4863 3305 4933; x_wconf 81' lang='grc' dir='ltr'>συνέχει</span> <span class='ocrx_word' id='word_1_809' title='bbox 3355 4869 3449 4919; x_wconf 77' lang='grc' dir='ltr'><strong>καὶ</strong></span> <span class='ocrx_word' id='word_1_810' title='bbox 3497 4869 3710 4935; x_wconf 82' lang='grc' dir='ltr'>συνάγει</span> <span class='ocrx_word' id='word_1_811' title='bbox 3756 4866 3835 4916; x_wconf 74' lang='grc' dir='ltr'>καὶ</span> 
     </span>
    </p>
   </div>
   <div class='ocr_carea' id='block_1_101' title="bbox 2317 4933 3837 5030">
    <p class='ocr_par' dir='ltr' id='par_1_101' title="bbox 2317 4933 3837 5030">
     <span class='ocr_line' id='line_1_102' title="bbox 2317 4933 3837 5030; baseline 0.001 -22"><span class='ocrx_word' id='word_1_812' title='bbox 2317 4953 2661 5030; x_wconf 70' lang='grc' dir='ltr'>περιγράφει,</span> <span class='ocrx_word' id='word_1_813' title='bbox 2709 4933 2798 5011; x_wconf 65' lang='grc' dir='ltr'><strong>καί</strong></span> <span class='ocrx_word' id='word_1_814' title='bbox 2842 4933 3088 5023; x_wconf 76' lang='grc' dir='ltr'>ἀλλήλοις</span> <span class='ocrx_word' id='word_1_815' title='bbox 3129 4954 3221 5006; x_wconf 56' lang='grc' dir='ltr'><strong>καὶ⁸</strong></span> <span class='ocrx_word' id='word_1_816' title='bbox 3260 4955 3436 5026; x_wconf 78' lang='grc' dir='ltr'>ἑαυτῴ</span> <span class='ocrx_word' id='word_1_817' title='bbox 3487 4933 3837 5028; x_wconf 80' lang='grc' dir='ltr'>προνοητικῶς</span> 
     </span>
    </p>
   </div>
   <div class='ocr_carea' id='block_1_102' title="bbox 2315 5040 3836 5115">
    <p class='ocr_par' dir='ltr' id='par_1_102' title="bbox 2315 5040 3836 5115">
     <span class='ocr_line' id='line_1_103' title="bbox 2315 5040 3836 5115; baseline -0.004 -15"><span class='ocrx_word' id='word_1_818' title='bbox 2315 5049 2719 5115; x_wconf 80' lang='grc' dir='ltr'>ὲνδιασφίγγει·</span> <span class='ocrx_word' id='word_1_819' title='bbox 2774 5045 2840 5096; x_wconf 83' lang='grc' dir='ltr'><strong>τά</strong></span> <span class='ocrx_word' id='word_1_820' title='bbox 2879 5057 2936 5092; x_wconf 86' lang='grc' dir='ltr'><strong>τε</strong></span> <span class='ocrx_word' id='word_1_821' title='bbox 2988 5040 3154 5108; x_wconf 72' lang='grc' dir='ltr'>νοητὰ</span> <span class='ocrx_word' id='word_1_822' title='bbox 3205 5044 3296 5094; x_wconf 78' lang='grc' dir='ltr'><strong>καὶ</strong></span> <span class='ocrx_word' id='word_1_823' title='bbox 3341 5043 3407 5095; x_wconf 81' lang='grc' dir='ltr'>τὰ</span> <span class='ocrx_word' id='word_1_824' title='bbox 3455 5045 3716 5113; x_wconf 79' lang='grc' dir='ltr'>αἰσθητά·</span> <span class='ocrx_word' id='word_1_825' title='bbox 3757 5042 3836 5094; x_wconf 73' lang='grc' dir='ltr'><strong>κἀὶ</strong></span> 
     </span>
    </p>
   </div>
   <div class='ocr_carea' id='block_1_103' title="bbox 2317 5133 3837 5209">
    <p class='ocr_par' dir='ltr' id='par_1_103' title="bbox 2317 5133 3837 5209">
     <span class='ocr_line' id='line_1_104' title="bbox 2317 5133 3837 5209; baseline -0.003 -18"><span class='ocrx_word' id='word_1_826' title='bbox 2317 5139 2443 5207; x_wconf 77' lang='grc' dir='ltr'>περὶ</span> <span class='ocrx_word' id='word_1_827' title='bbox 2481 5138 2670 5209; x_wconf 70' lang='grc' dir='ltr'>ἑαυτὸν</span> <span class='ocrx_word' id='word_1_828' title='bbox 2713 5136 2787 5195; x_wconf 81' lang='grc' dir='ltr'>ὡς</span> <span class='ocrx_word' id='word_1_829' title='bbox 2838 5133 3016 5184; x_wconf 83' lang='grc' dir='ltr'>αἰτίαν</span> <span class='ocrx_word' id='word_1_830' title='bbox 3054 5135 3145 5185; x_wconf 81' lang='grc' dir='ltr'>καὶ</span> <span class='ocrx_word' id='word_1_831' title='bbox 3185 5135 3358 5206; x_wconf 82' lang='grc' dir='ltr'>ἀρχὴν</span> <span class='ocrx_word' id='word_1_832' title='bbox 3383 5139 3476 5190; x_wconf 74' lang='grc' dir='ltr'><strong>καὶ</strong></span> <span class='ocrx_word' id='word_1_833' title='bbox 3500 5138 3650 5199; x_wconf 87' lang='grc' dir='ltr'>τέλος</span> <span class='ocrx_word' id='word_1_834' title='bbox 3679 5136 3837 5190; x_wconf 72' lang='grc' dir='ltr'>πάντα</span> 
     </span>
    </p>
   </div>
   <div class='ocr_carea' id='block_1_104' title="bbox 2318 5220 3834 5296">
    <p class='ocr_par' dir='ltr' id='par_1_104' title="bbox 2318 5220 3834 5296">
     <span class='ocr_line' id='line_1_105' title="bbox 2318 5220 3834 5296; baseline -0.005 -16"><span class='ocrx_word' id='word_1_835' title='bbox 2318 5225 2685 5296; x_wconf 81' lang='grc' dir='ltr'>περικρατῶν,</span> <span class='ocrx_word' id='word_1_836' title='bbox 2721 5221 2786 5272; x_wconf 76' lang='grc' dir='ltr'><strong>τὰ</strong></span> <span class='ocrx_word' id='word_1_837' title='bbox 2827 5221 2966 5296; x_wconf 76' lang='grc' dir='ltr'>κατὰ</span> <span class='ocrx_word' id='word_1_838' title='bbox 3013 5220 3109 5290; x_wconf 81' lang='grc' dir='ltr'>τὴν</span> <span class='ocrx_word' id='word_1_839' title='bbox 3161 5223 3322 5290; x_wconf 77' lang='grc' dir='ltr'>φύσιν</span> <span class='ocrx_word' id='word_1_840' title='bbox 3365 5223 3603 5293; x_wconf 81' lang='grc' dir='ltr'>ἀλλήλων</span> <span class='ocrx_word' id='word_1_841' title='bbox 3639 5224 3834 5288; x_wconf 81' lang='grc' dir='ltr'>διεστη-</span> 
     </span>
    </p>
   </div>
   <div class='ocr_carea' id='block_1_105' title="bbox 2315 5311 3836 5386">
    <p class='ocr_par' dir='ltr' id='par_1_105' title="bbox 2315 5311 3836 5386">
     <span class='ocr_line' id='line_1_106' title="bbox 2315 5311 3836 5386; baseline -0.005 -14"><span class='ocrx_word' id='word_1_842' title='bbox 2315 5320 2470 5384; x_wconf 77' lang='grc' dir='ltr'>κότα,</span> <span class='ocrx_word' id='word_1_843' title='bbox 2505 5315 2643 5369; x_wconf 79' lang='grc' dir='ltr'>κατὰ</span> <span class='ocrx_word' id='word_1_844' title='bbox 2676 5313 2802 5382; x_wconf 85' lang='grc' dir='ltr'>μίαν</span> <span class='ocrx_word' id='word_1_845' title='bbox 2833 5311 2930 5381; x_wconf 81' lang='grc' dir='ltr'>’τὴν</span> <span class='ocrx_word' id='word_1_846' title='bbox 2964 5314 3095 5380; x_wconf 75' lang='grc' dir='ltr'>πρὸς</span> <span class='ocrx_word' id='word_1_847' title='bbox 3125 5316 3287 5371; x_wconf 77' lang='grc' dir='ltr'>αὐτὸν</span> <span class='ocrx_word' id='word_1_848' title='bbox 3315 5316 3387 5379; x_wconf 82' lang='grc' dir='ltr'>ὡς</span> <span class='ocrx_word' id='word_1_849' title='bbox 3415 5315 3583 5386; x_wconf 73' lang='grc' dir='ltr'>ἀρχὴν</span> <span class='ocrx_word' id='word_1_850' title='bbox 3618 5315 3836 5384; x_wconf 78' lang='grc' dir='ltr'>σχέσεως</span> 
     </span>
    </p>
   </div>
   <div class='ocr_carea' id='block_1_106' title="bbox 2318 5400 3836 5475">
    <p class='ocr_par' dir='ltr' id='par_1_106' title="bbox 2318 5400 3836 5475">
     <span class='ocr_line' id='line_1_107' title="bbox 2318 5400 3836 5475; baseline -0.004 -15"><span class='ocrx_word' id='word_1_851' title='bbox 2318 5408 2545 5475; x_wconf 82' lang='grc' dir='ltr'>δύναμιν</span> <span class='ocrx_word' id='word_1_852' title='bbox 2597 5401 2842 5471; x_wconf 77' lang='grc' dir='ltr'>ἀλληλοις</span> <span class='ocrx_word' id='word_1_853' title='bbox 2897 5404 3276 5457; x_wconf 83' lang='grc' dir='ltr'>αυννενευκότα</span> <span class='ocrx_word' id='word_1_854' title='bbox 3328 5407 3494 5458; x_wconf 73' lang='grc' dir='ltr'>ποιεῖ·</span> <span class='ocrx_word' id='word_1_855' title='bbox 3525 5404 3734 5475; x_wconf 70' lang='grc' dir='ltr'>καθ’ἥν</span> <span class='ocrx_word' id='word_1_856' title='bbox 3767 5400 3836 5461; x_wconf 78' lang='grc' dir='ltr'>ὲίς</span> 
     </span>
    </p>
   </div>
   <div class='ocr_carea' id='block_1_107' title="bbox 1940 5559 2598 5616">
    <p class='ocr_par' dir='ltr' id='par_1_107' title="bbox 1940 5559 2598 5616">
     <span class='ocr_line' id='line_1_108' title="bbox 1940 5559 2598 5616; baseline -0.002 -3"><span class='ocrx_word' id='word_1_857' title='bbox 1940 5561 2170 5616; x_wconf 55' lang='grc' dir='ltr'>νλιιιίιῑ</span> <span class='ocrx_word' id='word_1_858' title='bbox 2203 5559 2598 5616; x_wconf 71' lang='lat' dir='ltr'><strong>LEGTI()NI‘.S.</strong></span> 
     </span>
    </p>
   </div>
   <div class='ocr_carea' id='block_1_108' title="bbox 778 5650 1694 5714">
    <p class='ocr_par' dir='ltr' id='par_1_108' title="bbox 778 5650 1694 5714">
     <span class='ocr_line' id='line_1_109' title="bbox 778 5650 1694 5714; baseline 0.003 -14"><span class='ocrx_word' id='word_1_859' title='bbox 778 5650 864 5701; x_wconf 76' lang='lat' dir='ltr'><strong>Fr.</strong></span> <span class='ocrx_word' id='word_1_860' title='bbox 896 5651 1170 5714; x_wconf 52' lang='lat'><strong>555566;.</strong></span> <span class='ocrx_word' id='word_1_861' title='bbox 1225 5654 1245 5683; x_wconf 80' lang='grc'>⁸</span> <span class='ocrx_word' id='word_1_862' title='bbox 1273 5652 1364 5704; x_wconf 76' lang='grc' dir='ltr'>τοῦ</span> <span class='ocrx_word' id='word_1_863' title='bbox 1394 5650 1528 5704; x_wconf 81' lang='grc' dir='ltr'>εἷναι</span> <span class='ocrx_word' id='word_1_864' title='bbox 1555 5667 1602 5705; x_wconf 87' lang='lat' dir='ltr'><strong>c.</strong></span> <span class='ocrx_word' id='word_1_865' title='bbox 1631 5652 1694 5706; x_wconf 69' lang='grc' dir='ltr'>Β,</span> 
     </span>
    </p>
   </div>
  </div>
