3958 6338
214 448 300 513 665

1542 454 2008 517 MYSTAGOGIA
2022 505 2034 518 .

3265 461 3426 536 666,

211 552 475 622 ταυτότητά
521 555 788 625 κινήσεώς
815 573 873 608 τε
921 558 1013 612 καὶ
1048 557 1330 628 ὑπάρξεως
1359 559 1681 632 ἀδιάφθορον
1703 566 1721 596 ³

1828 575 1908 621 ter
1937 583 1993 622 se
2023 568 2442 638 disjunctissima
2486 577 2631 633 sunt,
2657 569 3024 637 complectens
3050 569 3249 633 omnia,
3275 586 3374 640 per

213 647 292 698 καὶ
316 645 610 714 ἀσύγχυτον
641 645 828 712 ἄγεται
860 647 1156 711 τά’πάντα,
1190 649 1323 718 πρὸς
1345 650 1496 703 οὐδὲν
1515 652 1724 716 οὐδενὸς

210 736 300 788 τῶν
322 735 474 787 ὄντων
522 737 942 805 προηγουμένως
984 739 1122 796 κατά
1155 741 1366 806 φύσεως
1394 741 1653 811 διαφορὰν
1689 745 1721 812 ἢ

212 826 437 893 κινήσεως
466 825 844 888 στασιάζοντός
867 844 926 878 τε
952 830 1044 880 καὶ
1071 830 1440 899 διαιρουμένου
1463 849 1476 861 ·
1509 833 1725 885 πάντων

211 916 322 967 πᾶσι
365 915 502 967 κατὰ
543 916 641 981 τὴν
683 916 810 984 μίαν
855 917 953 988 τῆς
1001 919 1168 986 μόνης
1209 921 1380 989 ἀρχῆς
1410 922 1501 973 καὶ
1548 922 1726 984 αίτίας

211 1005 450 1058 ἀδιάλυτον
496 1006 679 1073 σχέσιν
716 1022 774 1058 τε
803 1008 901 1058 καὶ
939 1008 1181 1077 φρουρὰν
1225 1010 1479 1080 ἀφύρτως
1516 1029 1724 1080 συμπε-

211 1093 424 1157 φυκότων
445 1107 458 1121 ·
495 1093 594 1161 τὴν
628 1093 804 1154 πάσας
834 1110 892 1145 τε
914 1096 1008 1146 καὶ
1035 1097 1124 1147 ἐπὶ
1152 1099 1283 1148 πᾶσι
1311 1099 1448 1150 κατὰ
1475 1101 1570 1167 τὴν
1595 1101 1723 1152 ἐκά-

211 1197 315 1230 στου
337 1181 438 1231 τῶν
484 1181 655 1233 ὄντων
683 1182 842 1247 φύσιν
875 1182 1249 1252 θεωρουμένας
1284 1186 1454 1247 ἰδικάς
1482 1189 1570 1256 σχέ
1583 1206 1716 1250 σεις,

210 1267 558 1334 καταργοῦσάν
602 1285 660 1319 τε
712 1271 807 1322 καὶ
843 1271 1345 1324 ἐπικαλύπτουσαν·
1373 1275 1432 1325 οὐ
1453 1276 1531 1344 τῷ
1571 1276 1722 1342 φθεί-

210 1372 305 1424 ρειν
329 1356 488 1418 αὐτὰς
518 1357 610 1410 καὶ
646 1358 886 1426 ἀναιρεῖν
930 1361 1023 1411 καὶ
1067 1362 1139 1430 μὴ
1170 1357 1304 1414 εἶναι
1343 1368 1514 1416 ποιεῖν
1536 1382 1548 1396 ·
1584 1368 1718 1421 ἀλλὰ

206 1444 270 1513 τῷ
295 1448 434 1516 νικᾷν
463 1448 565 1498 καὶ
598 1448 1045 1524 ὑπερφαίνεσθαι,
1069 1449 1255 1520 ὥσπερ
1288 1452 1473 1522 όλότης
1505 1455 1684 1524 μερῶν
1703 1473 1717 1486 ⁸

205 1533 232 1602 ἢ
258 1537 336 1586 καὶ
365 1536 532 1604 αὐτῆς
563 1537 709 1588 αἰτία
739 1536 836 1606 τῆς
859 1538 1106 1608 ὁλότητος
1138 1542 1529 1612 ἐπιφαινομένη
1549 1561 1562 1573 ·
1600 1546 1721 1597 καθ’

208 1624 310 1692 ἢνή
341 1641 393 1676 τε
416 1625 609 1693 ὁλότης
633 1626 789 1694 αὐτὴ,
818 1627 912 1678 καὶ
939 1629 1006 1679 τὰ
1036 1631 1133 1698 τῆς
1155 1629 1404 1699 ὁλότητος
1433 1633 1568 1702 μέρη
1601 1634 1723 1701 φαί-

205 1714 364 1764 νεσθαί
393 1731 460 1771 τε,
489 1715 586 1766 καὶ
631 1710 767 1766 εἰναι
824 1716 1068 1782 πέφυκεν
1094 1739 1107 1754 ·
1135 1718 1209 1783 ὡς
1254 1718 1381 1788 ὃλην
1408 1721 1596 1790 ἔχοντα
1623 1723 1721 1792 τὴν

206 1803 359 1854 αἰτίαν
396 1805 599 1860 ἑαυτῶν
645 1804 1143 1874 ὑπερλάμπουσανο
1198 1811 1290 1860 καί
1351 1808 1539 1881 ὥσπερ
1573 1812 1722 1881 ἥλιος

210 1892 509 1960 ὑπερφανεὶς
555 1871 797 1962 ἀστέρων
829 1871 920 1946 καὶ
966 1893 1128 1962 φύσιν
1151 1897 1244 1948 καὶ
1282 1871 1535 1968 δύναμιν,
1577 1871 1720 1954 όῦτω
1753 1871 1792 1925 Β

203 1980 284 2050 τὴν
311 1984 477 2036 αὐτῶν
519 1984 598 2046 ὡς
641 1973 896 2037 α’ἰτιατῶν
929 1986 1106 2038 αἰτίαν
1133 1988 1513 2044 καλύπτουσαν
1541 1990 1720 2062 ῦπαρ-

155 2121 162 2125 .
203 2071 290 2137 ξιν.
317 2075 521 2143 Πέφυκε
566 2077 672 2146 γὰρ
715 2075 903 2147 ὥσπερ
946 2078 1009 2130 ἐκ
1055 2080 1154 2148 τῆς
1189 2081 1437 2151 ὁλότητος
1463 2083 1528 2135 τά
1561 2085 1720 2155 μέρη,

201 2167 326 2220 οὕτω
351 2170 402 2221 δὲ
421 2173 526 2222 κὰκ
549 2170 648 2238 τῆς
675 2171 850 2232 αἰτίας
872 2170 942 2224 τά
964 2173 1181 2226 αἰτιατὰ
1208 2174 1301 2227 καὶ
1334 2172 1718 2248 εἷναωιυρίως,

203 2258 283 2310 καὶ
316 2260 688 2327 γνωρίζεσθαι,
715 2262 809 2312 καὶ
831 2260 927 2328 τὴν
956 2263 1163 2315 ἑαυτῶν
1195 2265 1557 2333 σχολάζουσαν
1579 2268 1722 2337 ἔχειν

204 2348 432 2418 ἰδιότητα,
478 2352 636 2419 ἡνίκα
685 2351 782 2418 τῆς
827 2352 961 2418 πρὸς
1001 2354 1098 2422 τὴν
1159 2355 1352 2408 αἰτίαν
1384 2358 1720 2426 ἀναφορᾶς³ο

202 2438 595 2507 περιληφθέντα,
628 2438 831 2507 ποιωθῇ
863 2439 928 2490 δι’
960 2440 1113 2492 ὅλου·
1144 2441 1282 2494 κατὰ
1327 2443 1422 2513 τὴν
1471 2446 1614 2513 μίαν,
1649 2447 1724 2507 ὡς

200 2525 409 2594 εἴρηται,
457 2531 554 2596 τῆς
602 2527 736 2596 πρὸς
783 2529 948 2598 αὐτὴν
985 2531 1218 2597 σχέσεως
1260 2532 1505 2600 δύναμιν.
1539 2536 1720 2587 Πάντα

1824 674 2006 721 unam,
2031 673 2134 726 qua
2166 657 2231 710 ad
2261 658 2434 726 ipsum
2463 666 2863 725 comparantur,
2889 657 3220 712 habitudinis
3243 659 3371 723 vim,

1824 762 2006 800 secum
2058 759 2247 801 mutuo
2292 747 2605 816 conspirare
2653 763 2716 799 ac
2762 749 3069 801 consentire
3120 749 3274 814 facit;
3319 751 3374 804 vi

1825 837 1978 904 cujus
2015 836 2080 889 ad
2126 852 2285 889 unam
2332 836 2697 903 eamdemque
2732 845 2909 888 motus
2956 852 3017 888 ac
3064 836 3375 891 substantia:

1825 925 2118 987 rationem,
2168 924 2300 977 nihil
2353 931 2463 976 tum
2500 922 2830 977 discriminis
2879 932 2989 975 tum
3039 925 3374 978 confusionis

1823 1016 2135 1080 habentem,
2167 1026 2400 1086 aguntur
2444 1017 2728 1078 universa;
2760 1016 2830 1068 ita
2876 1024 2935 1067 ut
2979 1016 3124 1068 nulla
3174 1031 3262 1068 res
3305 1016 3373 1068 ab

1824 1106 1928 1158 ulla
1961 1107 2062 1158 alia
2091 1107 2343 1175 primaria
2371 1107 2579 1157 ratione
2614 1121 2710 1170 per
2739 1115 2944 1156 natura:
2988 1114 3233 1156 motusvc
3258 1104 3371 1157 dis-

1823 1195 2138 1248 tinctionem
2183 1193 2438 1246 dissideat
2481 1209 2543 1245 ac
2585 1193 2893 1250 dirimatur.
2926 1193 3211 1259 omniaque
3253 1209 3370 1244 om-

1820 1284 1981 1336 nibus
2005 1298 2100 1350 per
2135 1297 2292 1334 unam
2326 1283 2602 1348 solamque
2633 1281 2887 1348 principii
2919 1295 2979 1332 ac
3007 1295 3179 1332 causae
3203 1281 3370 1333 indis-

1760 1427 1765 1433 .
1822 1371 2105 1443 solubilem
2137 1369 2510 1422 habitudinem
2545 1385 2606 1422 ac
2640 1370 2938 1421 custodiam
2972 1368 3252 1421 ineonfuse
3277 1385 3370 1422 co-

1821 1460 2096 1524 haereant;
2142 1460 2406 1528 ejusmodi
2444 1461 2816 1522 exsistentem,
2852 1469 2909 1512 ut
2953 1474 3160 1522 omnes,
3209 1459 3372 1528 inque

1822 1551 2093 1614 omnibus,
2125 1551 2284 1621 494
2315 1565 2416 1618 pro
2444 1553 2704 1620 cujusque
2735 1553 2812 1603 rei
2844 1560 3034 1603 natura
3068 1529 3374 1603 considera—

1823 1650 1922 1704 tas,
1951 1642 2196 1709 proprias
2220 1639 2565 1692 habitudines
2588 1656 2678 1692 seu
2713 1641 3018 1701 relationes,
3043 1639 3288 1706 antiquet
3309 1654 3372 1691 ac

1790 1794 1793 1795 ν
1821 1730 2068 1798 obtegat;
2093 1738 2198 1783 non
2233 1745 2296 1782 ea
2327 1729 2532 1782 ratione
2566 1714 2961 1795 ut‘corrumpat
3001 1730 3279 1795 tollatque,
3314 1736 3388 1789 ct~

1821 1825 1880 1869 ut
1913 1818 2132 1869 minime
2177 1817 2304 1879 sint,
2350 1815 2578 1880 efﬁciat;
2610 1817 2704 1870 sed
2739 1817 2819 1869 sui
2852 1816 3098 1877 victoria,
3134 1831 3195 1868 ac
3225 1816 3372 1884 quod-

1818 1902 2068 1975 superior
2109 1906 2214 1958 illis
2257 1906 2486 1968 eluceat,
2518 1922 2580 1958 ac
2609 1907 2756 1958 velut
2789 1911 2896 1958 tota
2931 1906 3166 1972 partium
3209 1906 3367 1968 ratio,

1817 1996 1930 2050 sive
1973 1996 2134 2049 etiam
2179 1995 2350 2064 ipsius
2389 2010 2570 2056 causa,
2604 1996 2770 2047 totius
2803 1995 3050 2054 rationis,
3078 2003 3367 2062 appareat;

1816 2101 1914 2154 per
1943 2098 2101 2152 quam
2133 2081 2252 2137 cum
2289 2092 2396 2137 tota
2423 2083 2537 2151 ipsa
2571 2084 2732 2145 ratio,
2760 2091 2872 2136 tum
2905 2085 3022 2151 ejus
3051 2084 3215 2136 totius
3249 2097 3371 2149 par-

1818 2183 1919 2238 tes,
1945 2182 2006 2227 ut
2031 2181 2321 2242 appareant
2367 2187 2428 2224 ac
2470 2172 2598 2236 sint,
2633 2171 2835 2225 sortitae
2877 2182 3021 2233 sunt,
3050 2182 3107 2224 ut
3135 2187 3254 2238 qum
3286 2179 3372 2223 to-

1818 2272 1926 2316 tam
1952 2274 2167 2320 eausam
2196 2260 2384 2328 purius
2415 2261 2684 2327 altiusque
2730 2259 3017 2313 micantem
3061 2275 3119 2312 ac
3153 2258 3370 2327 prarful-

1815 2361 2030 2421 gentem
2071 2351 2351 2405 obtineant
2383 2367 2397 2402 :
2430 2365 2548 2418 qua:
2591 2349 2845 2402 nimirum
2881 2350 3040 2418 (sicut
3073 2350 3150 2402 sol
3185 2357 3373 2416 poten-

1817 2444 1953 2496 tiore
2006 2441 2208 2494 lumine
2261 2455 2324 2493 ac
2367 2439 2570 2497 clarius
2619 2439 2858 2501 micans,
2915 2439 3193 2490 stellarum
3247 2452 3370 2489 cum

1811 2539 2096 2590 naturam,
2135 2527 2246 2580 tum
2295 2527 2510 2580 lucendi
2560 2526 2728 2594 vim),
2778 2526 2858 2578 sic
2908 2527 3159 2587 illorum,
3197 2541 3373 2579 causa:

200 2613 294 2682 γὰρ
339 2617 392 2667 ὲν
439 2618 603 2668 πᾶσιν
645 2615 739 2675 ῶν,
769 2618 796 2668 ό
830 2617 1076 2685 ἀπείροις
1123 2621 1338 2688 μέτροις
1379 2623 1514 2692 ὑπὲρ
1544 2624 1717 2675 πάντα

1812 2620 2139 2688 przesrantia,
2165 2619 2314 2671 velut
2341 2616 2656 2671 eﬂ‘ectorum
2686 2617 2941 2688 obscuret
2973 2615 3363 2682 prmstantiam.

198 2701 330 2765 Θεὸς,
363 2703 662 2771 μονώτατος
693 2706 800 2766 τοῖς
826 2704 1082 2775 καθαροῖς
1113 2707 1210 2773 τὴν
1245 2709 1487 2761 διάνοιαν
1520 2713 1715 2780 όραθή-

199 2806 361 2852 σεται·
406 2794 566 2862 ἡνίκα
600 2795 628 2846 ό
669 2793 792 2856 νοῦς
835 2795 960 2855 τοὺς
1003 2780 1108 2847 τῶν
1155 2797 1321 2849 ὄντων
1369 2789 1715 2868 θεωρητικῶς

195 2879 565 2950 ἀναλεγόμενος
593 2883 799 2947 λόγους,
831 2885 908 2945 είς
947 2884 1108 2938 αὐτὸν
1130 2889 1422 2957 καταλήξει
1449 2889 1538 2940 τὸν
1561 2890 1712 2955 Θεὸν,

194 2969 258 3032 ὡς
275 2973 444 3024 αἰτίαν
467 2976 560 3026 καὶ
592 2974 765 3042 ἀρχὴν
798 2975 890 3028 καὶ
913 2975 1062 3038 τέλος
1094 2976 1195 3044 τῆς
1224 2977 1330 3030 τῶν
1363 2980 1498 3032 ὅλων
1517 2997 1713 3050 λπαρα-

193 3059 358 3126 ’μογῇς
381 3061 473 3112 καὶ
503 3061 783 3127 γενέσεως,
815 3062 909 3114 καὶ
959 3063 1204 3133 πυθμένα
1236 3066 1336 3134 τῆς
1374 3068 1590 3120 πάντων
1623 3084 1718 3120 πε-

196 3145 364 3215 ριοχῆς
382 3148 721 3201 ἀδιάστατον.

1774 2709 1789 2733 ·’
1817 2709 1906 2762 Sic
1935 2709 2079 2762 enim
2111 2717 2481 2775 comparatum
2510 2714 2612 2767 est,
2649 2715 2707 2759 ut
2739 2705 2880 2758 sicut
2909 2721 2972 2756 ex
3014 2715 3126 2756 toto
3170 2713 3368 2770 partes,
3396 2732 3401 2737 -

1817 2799 1894 2851 sic
1926 2812 2146 2864 quoque
2187 2811 2252 2849 ex
2289 2793 2476 2856 eausa,
2514 2810 2632 2863 quae
2682 2793 2870 2847 cﬂ‘ccta
2917 2803 3062 2852 sunt,
3101 2801 3211 2863 tum
3263 2791 3372 2844 sint

1817 2889 2054 2956 proprie,
2099 2896 2213 2940 tum
2255 2894 2310 2940 et
2353 2895 2674 2948 noscantur;
2706 2884 2957 2949 vclutque
2986 2890 3267 2933 vacantem
3310 2895 3373 2932 ac

1818 2978 2044 3034 otiosam
2071 2992 2222 3030 suam
2258 2977 2498 3045 ipsorum
2531 2977 2919 3045 proprietatem
2956 2974 3218 3047 habeant;
3248 2985 3371 3024 cum

1819 3083 1882 3121 ea
1910 3068 2193 3129 relatione,
2227 3081 2331 3134 qua
2362 3080 2577 3119 causam
2608 3064 2926 3131 respiciunt,
2958 3060 3370 3129 comprehensa,

1746 3142 1789 3199 (ἶ
1821 3171 1918 3224 per
1938 3171 2120 3218 unam,
2142 3163 2204 3208 ut
2227 3155 2430 3208 dictum
2459 3161 2560 3217 est,
2587 3153 2652 3205 ad
2681 3153 2850 3218 ipsam
2878 3149 3210 3203 habitudinis
3238 3149 3367 3208 vim,

191 3233 295 3302 ejus
313 3250 372 3288 ex
407 3245 522 3290 toto
551 3237 862 3304 qualitatem
892 3236 1189 3293 induerint.
1249 3241 1351 3304 Qui
1415 3243 1562 3295 enim
1601 3244 1784 3296 omnia
1819 3245 1874 3296 in
1904 3245 2159 3298 omnibus
2185 3245 2274 3305 sit,
2309 3243 2592 3308 modisque
2631 3240 2857 3292 infinitis
2884 3238 3090 3291 cunctis
3113 3237 3368 3296 emineat,

191 3321 336 3386 Deus,
364 3325 824 3395 singularissimus
863 3329 930 3382 iis
967 3328 1354 3397 conSpicietur,
1387 3331 1480 3398 qui
1515 3332 1717 3385 mundo
1755 3334 1950 3403 animo
1975 3333 2314 3396 exstiterint;
2353 3347 2474 3384 cum
2509 3343 2705 3395 nempe
2771 3316 2985 3379 animus
3039 3325 3214 3377 altiori
3249 3337 3372 3390 spc-

190 3417 439 3471 culatione
459 3417 699 3472 cozlectis
720 3433 901 3471 rerum
923 3419 1248 3482 rationibus,
1272 3419 1327 3473 in
1351 3420 1527 3490 ipsum
1581 3422 1754 3476 Deum
1790 3433 1851 3476 ut
1894 3433 2168 3477 auctorem
2228 3431 2283 3476 et
2313 3420 2636 3490 principium
2684 3418 2952 3485 ﬁnemque
2991 3417 3368 3469 universorum

190 3507 548 3574 productionis
574 3524 638 3564 ac
663 3517 835 3574 ortus,
867 3491 1205 3580 fundumque
1237 3525 1333 3566 seu
1398 3512 1579 3567 sinum
1610 3514 1923 3580 indivisum,
1953 3515 2108 3584 cujus
2169 3513 2377 3566 ambitu
2407 3519 2603 3566 cuncta
2659 3511 3064 3572 contineantur,
3116 3505 3372 3574 conquie—

191 3596 334 3651 verit.

250 3683 392 3739 Κατὰ
418 3688 509 3741 τὸν
544 3689 701 3742 αὐτὸν
731 3690 930 3758 τρόπον
961 3691 1055 3744 καὶ
1085 3693 1117 3761 ἡ
1144 3692 1273 3758 ἁγία
1301 3693 1395 3746 τοῦ
1416 3693 1548 3746 Θεοῦ
1596 3696 1718 3747 Ἐκ-

189 3773 385 3844 ιιλησία,
416 3777 484 3829 τὰ
508 3780 645 3832 αὺτά
677 3780 753 3846 τῷ
779 3779 896 3849 Θεῷ
923 3782 1052 3851 περὶ
1075 3784 1219 3851 ἡμᾶς
1244 3783 1318 3844 ὡς
1358 3785 1648 3854 ἀρχετύπῳ
1673 3786 1715 3816 ¹¹

188 3861 330 3915 εἰκὼν
375 3867 670 3934 ἑνεργοῦσα
707 3869 1068 3938 δειχθήσεται.
1121 3871 1336 3923 Πολλῶν
1393 3872 1502 3941 γὰρ
1552 3874 1717 3924 ὄντων

171 3949 270 4000 ,καὶ
301 3951 550 4021 ἀπείρων.
584 3955 800 4024 ἀριθμῷ
834 3957 1039 4026 σχεδὸν,
1084 3959 1289 4024 ἀνδρῶν
1317 3976 1376 4010 τε
1403 3962 1495 4012 καὶ
1531 3972 1716 4026 γυναι-

188 4035 286 4088 κῶν
328 4041 422 4094 καὶ
464 4040 751 4103 notior-iv“,
776 4043 922 4108 γένει
963 4045 1058 4113 καὶ
1097 4043 1244 4106 εῖδει,
1276 4047 1368 4098 καὶ
1414 4046 1589 4099 ἔθνεσι
1625 4047 1718 4100 καὶ

187 4123 456 4191 γλώσσαις,
483 4131 580 4196 καὶ
610 4131 743 4208 βίοές
779 4135 872 4185 καὶ
908 4134 1142 4203 ἡλικίαις
1190 4135 1281 4187 καὶ
1332 4120 1578 4206 γνώμαις
1620 4139 1715 4191 καὶ

183 4214 377 4286 τέχναις
397 4221 499 4273 ’καὶ
527 4221 747 4288 τρόποις
772 4223 879 4293 ⁴καὶ
923 4213 1092 4294 ήθεσι
1119 4225 1210 4276 καὶ
1243 4226 1678 4296 ἐπιτηδεύμασιν
1698 4245 1711 4258 ⁸

186 4301 500 4376 ἐπιστήμαις
531 4325 591 4360 τε
633 4309 701 4362 αὖ
747 4312 841 4363 καὶ
892 4310 1196 4381 ἀξιώμασι,
1239 4313 1332 4365 καὶ
1371 4315 1567 4382 τύχαις
1619 4316 1714 4368 καὶ

186 4398 506 4468 χαρακτῆρσι
537 4399 631 4450 καὶ
659 4398 856 4465 ἕξεσιν,
882 4402 1126 4473 ἀλλήλων
1154 4403 1497 4474 διῃρημένων
1539 4421 1599 4455 τε
1622 4403 1717 4457 καὶ

188 4483 416 4538 πλεῖστον
463 4489 823 4557 διαφερόντων
872 4493 976 4544 τῶν
1024 4495 1120 4555 εἰς.
1154 4495 1323 4562 αὐτὴν
1357 4495 1715 4564 γιγνομένων,

187 4575 268 4626 καὶ
295 4577 380 4629 ὑπ’
410 4580 583 4645 αὐτῆς
623 4580 1080 4648 ἀναγεννωμένων
1117 4597 1176 4634 τε
1218 4583 1312 4635 καὶ
1357 4584 1717 4653 ἀναδημιουρ-

186 4665 446 4730 γουμένων
473 4666 556 4736 τῷ
588 4667 850 4735 πνεύματι
871 4683 884 4696 ³
920 4669 1050 4734 μίαν
1075 4672 1206 4720 πᾶσι
1237 4670 1375 4722 κατά
1403 4672 1462 4722 τὸ
1499 4673 1607 4724 ἴσον
1640 4672 1716 4723 δί-

185 4747 300 4802 δωτι
331 4755 421 4806 καὶ
444 4755 726 4825 χαρίζεται
761 4754 905 4808 θείαν
947 4758 1159 4825 μορφὴν
1200 4759 1292 4809 καί
1328 4761 1714 4829 προσηγορίαν,

184 4840 256 4901 τὸ,
297 4843 400 4896 ἀπὸ
427 4846 678 4916 ,Χριστοῦ
731 4847 824 4898 καὶ
875 4842 1009 4898 εἶναι
1052 4847 1147 4920 καί
1181 4846 1588 4914 ὀνομάζεσθαι(
1624 4851 1716 4902 καὶ

1886 3692 2090 3746 Eodem
2119 3691 2280 3744 etiam
2328 3688 2488 3741 modo
2530 3697 2713 3741 sancta
2746 3685 2843 3739 Dei
2887 3685 3146 3748 Ecclesna,
3181 3686 3370 3739 eadem

1815 3783 1960 3838 circa
1997 3797 2096 3836 nos
2126 3797 2189 3834 ac
2211 3781 2351 3833 Deus
2382 3787 2658 3847 praestare,
2687 3777 2837 3830 velut
2863 3777 3038 3844 imago
3067 3792 3129 3829 ac
3151 3778 3375 3830 simula—

1813 3888 1987 3933 crum,
2025 3873 2248 3939 ipsaque
2280 3870 2570 3936 exemplar
2603 3883 2665 3920 ac
2699 3868 2951 3934 princeps
2995 3866 3183 3926 forma,
3220 3882 3371 3920 mon-

1813 3946 2094 4017 Strab-itur.
2129 3960 2263 4014 Cum
2304 3959 2448 4012 enim
2495 3957 2888 4026 propemodum
2943 3956 3371 4009 innumerabiles

1812 4051 1940 4112 sint,
1969 4065 2091 4103 cum
2121 4048 2245 4111 viri,
2280 4057 2391 4100 tum
2427 4045 2639 4099 feminae
2683 4054 2843 4112 atque
2888 4045 3140 4108 infantes,
3172 4060 3369 4113 genere

1813 4126 1877 4195 ac
1907 4139 2076 4193 forma
2107 4137 2523 4204 nationibusque
2551 4144 2606 4188 et
2634 4135 2833 4204 linguis
2867 4150 2928 4187 ac
2954 4135 3077 4188 vitre
3118 4135 3370 4189 instituto

1813 4237 1976 4298 atque
2005 4235 2160 4282 aetate
2194 4235 2248 4281 et
2291 4224 2597 4280 animorum
2628 4225 3011 4293 prop'ensione,
3043 4240 3251 4278 necnon
3279 4242 3367 4276 ar-

1779 4303 1980 4381 ‘tibus.
2006 4317 2270 4379 moribus,
2311 4314 2525 4374 studiis,
2571 4313 2832 4373 scientiis,
2862 4313 3235 4382 dignitatibus,
3264 4312 3396 4364 foro-

1769 4433 1780 4438 -
1815 4411 1982 4472 tunis,
2026 4409 2202 4472 vultu,
2246 4406 2435 4460 habitu
2483 4405 2625 4458 inter
2659 4420 2715 4458 sc
2750 4405 2931 4466 divisi,
2965 4403 3367 4472 plurimumque

1815 4498 2036 4554 discreti
2065 4496 2156 4565 qui
2185 4496 2252 4549 ad
2276 4510 2393 4548 eam
2423 4495 2670 4557 veniunt,
2702 4502 2863 4560 atque
2897 4493 2963 4544 ab
2990 4509 3053 4545 ea
3087 4508 3370 4560 regenera-

1814 4589 1979 4642 tionis
2007 4600 2206 4644 munus
2251 4594 2693 4651 consequuntur,
2732 4590 2787 4634 et
2829 4591 2886 4633 ut
2925 4597 3124 4633 novum
3174 4581 3366 4646 spiritu

1815 4683 2103 4738 creentur;
2131 4685 2290 4724 unam
2323 4680 2501 4724 tamen
2529 4683 2680 4738 :eque
2703 4671 2958 4722 omnibus
2992 4670 3229 4721 divinam
3262 4668 3370 4719 for—

1815 4779 1956 4816 mam
2005 4777 2067 4814 ae
2108 4758 2564 4826 nuncupationem
2612 4755 2823 4827 tribuit,
2873 4771 2933 4808 ac
2976 4756 3236 4822 clargitur
3286 4755 3369 4823 (ut

1815 4853 2022 4906 scilicet
2053 4843 2164 4903 tum
2197 4864 2224 4901 a
2251 4848 2476 4901 Christo
2504 4837 2630 4904 sint,
2665 4853 2775 4896 tum
2810 4843 3028 4897 trahant
3056 4844 3370 4911 appellatio-

189 4927 302 4996 μίαν
354 4934 450 5000 τὴν
501 4933 644 4986 κατά
697 4935 877 4987 πίστιν
928 4934 1104 5003 ἁπλῆν
1139 4951 1197 4986 τε
1259 4935 1349 4987 καὶ
1399 4935 1575 5004 ἀμερῆ
1618 4941 1711 4990 καὶ

1812 4935 1981 5002 nem).
2005 4948 2390 5002 unamqueqpro
2414 4931 2534 4985 ﬁdei
2565 4931 2795 4992 ratione,
2820 4929 3143 4997 simplicem,
3171 4940 3224 4982 ct
3247 4947 3368 4998 qua:
3423 4959 3426 4962 ι

187 5017 465 5101 ἀδιαίρετον
507 5022 714 5090 σχέσιν,
742 5024 840 5091 τὴν
882 5024 981 5085 τὰς
1033 5021 1232 5098 πολλάς
1267 5023 1359 5075 καὶ
1391 5024 1707 5094 ἀμυθήτους

189 5107 299 5173 περὶ
339 5108 571 5162 ἕκαστον
634 5111 792 5175 οὔσας
849 5113 1132 5182 διαφοράς,
1174 5111 1282 5165 ὁῦδ¹
1325 5113 1406 5165 ὃτι
1455 5113 1558 5164 κᾶν
1605 5115 1713 5165 εἰσὶ

190 5199 560 5267 συγχωροῦσαν
590 5202 963 5270 γνωρίζεσθαι,
998 5203 1084 5257 διὰ
1114 5203 1211 5272 τὴν
1239 5203 1345 5257 τῶν
1382 5203 1596 5255 πάντων
1637 5205 1716 5265 εἰς

191 5286 340 5356 αὐτὴν
372 5288 670 5358 καθολικὴν
693 5291 967 5360 ἀναφορὰν
997 5292 1089 5344 καὶ
1124 5293 1428 5354 συνέλευσιν
1450 5311 1462 5323 ·
1501 5292 1621 5345 καθ’
1647 5293 1714 5364 ἢν
1761 5321 1764 5330 ι

191 5379 343 5444 οὐδεὶς
384 5380 445 5434 τὸ
487 5377 748 5446 παράπαν
785 5379 934 5431 οὐδὲν
952 5380 1140 5460 ,ἑαυτῷ
1171 5381 1263 5433 τοῦ
1307 5380 1483 5434 κοινοῦ
1529 5381 1712 5451 διωριο

194 5471 367 5539 σμένος
396 5469 544 5522 ἐστι·
593 5467 806 5520 πάντων
853 5470 1280 5537 συμπεφυκότων
1331 5470 1580 5542 ἀλλήλοις
1625 5473 1746 5548 καὶ,

1811 5026 1984 5080 scindi
2015 5041 2075 5078 ac
2111 5024 2316 5093 sejungi
2356 5038 2461 5075 non
2489 5029 2685 5090 potest,
2710 5020 3118 5082 habitudinem;
3147 5020 3364 5079 multas,

1812 5123 1972 5180 atque
1996 5113 2130 5165 adeo
2162 5108 2390 5164 numero
2418 5110 2748 5179 superiores,
2778 5109 2934 5178 5,95
2963 5121 3080 5175 qum
3107 5109 3158 5158 in
3185 5106 3368 5174 singu—

1809 5202 1878 5255 lis
1900 5205 2133 5264 exstant,
2166 5201 2560 5263 distinctiones,
2596 5215 2662 5254 ne
2688 5201 2834 5268 quod
2861 5200 2972 5252 sint
3001 5196 3241 5264 quidem,
3273 5211 3386 5248 eo-.

1810 5289 1992 5360 gnosci
2035 5291 2458 5358 permittentcm,
2492 5290 2619 5342 dum
2666 5289 2874 5342 scilicet
2915 5298 3100 5339 omnes
3150 5300 3203 5336 ιιι
3248 5300 3368 5336 eam

1811 5380 2132 5451 generaliter
2154 5380 2467 5432 referuntur
2495 5395 2557 5432 ac
2586 5380 2918 5432 conveniunt
2948 5394 2959 5428 :
2990 5389 3161 5440 eaque
3187 5372 3366 5432 sitput

1812 5484 1970 5524 nemo
1993 5481 2212 5538 prorsus
2239 5466 2342 5518 sibi
2370 5465 2485 5534 ipse
2513 5467 2807 5534 quidquam
2834 5481 2863 5519 a
2887 5461 3157 5518 communi
3184 5462 3366 5529 sejun-

332 5677 353 5696 ο
901 5673 904 5676 ν
1427 5601 1659 5657 unm
1700 5599 2095 5659 LECTIONES.

247 5709 558 5780 ’ἀδιάφορον
575 5719 626 5759 c.
643 5703 755 5759 Aet
778 5703 890 5769 Fr.;
907 5703 1224 5774 ἀδιάφθορόν
1241 5723 1298 5758 τε
1317 5720 1364 5759 c.
1390 5705 1454 5760 Β.
1525 5711 1566 5741 ¹⁰
1590 5710 1652 5779 τῇ
1676 5707 2055 5780 άναιρορᾷοᾼ.
2080 5707 2142 5760 ll.
2163 5712 2215 5761 et
2237 5703 2322 5760 Fr.
2386 5703 2420 5735 “
2451 5702 2874 5772 Επ.άρχετύπου.
2938 5704 2977 5734 ¹²
2997 5699 3200 5753 παιδίον
3219 5715 3268 5755 c.
3285 5699 3354 5754 ιι.
