3958 6338
572 379 672 439 [ϋῖ

573 584 736 652 inque
779 601 888 638 uno
918 586 1263 654 simplicique
1302 603 1363 641 ac
1397 589 1632 643 indiviso
1666 589 1788 644 ﬁdei
1821 608 2045 646 munere
2073 609 2137 648 ac

569 671 836 742 potestate
887 677 1211 744 conjunctis.
1261 675 1394 728 Erat
1438 678 1585 730 enim
1635 684 1885 743 omnium,
1934 682 2130 750 inquit.

568 777 677 824 cor,
709 771 755 813 et
794 763 974 814 anima
1016 780 1122 815 una
1158 765 1211 826 5;
1246 772 1306 817 ut
1333 773 1587 832 tanquam
1619 782 1684 819 ex
1709 767 1942 839 diversis
1966 786 2135 824 mein-

568 847 682 904 bris
725 867 894 904 unum
937 867 1135 919 corpus
1165 859 1278 904 tum
1317 865 1481 916 esset,
1523 865 1639 907 tum
1681 869 2018 924 cerneretur,
2055 861 2136 929 ip-

567 953 798 1007 sumque
839 940 976 993 adeo
1018 941 1193 1009 reipsa
1234 942 1472 1007 Christo,
1503 945 1594 1012 qui
1632 961 1820 1000 verum
1860 960 1944 1003 est
1969 962 2132 1018 caput

563 1033 836 1090 nostrum,
877 1027 1134 1095 dignum;
1165 1028 1226 1080 In
1268 1046 1388 1097 quo,
1432 1032 1508 1082 ait
1559 1032 1777 1086 divinus
1817 1035 2127 1103 Apostolus,

567 1131 669 1166 non
712 1124 786 1168 est
841 1117 1105 1169 masculus
1150 1132 1312 1185 neque
1356 1119 1580 1186 fortuna,
1631 1138 1724 1174 nec
1766 1123 2004 1191 Juda’us,
2037 1143 2130 1178 nec

565 1202 795 1266 Graecus,
843 1219 934 1255 nec
979 1205 1318 1268 circumcisio,
1378 1223 1542 1274 neque
1591 1214 1920 1278 pra'putium,
1966 1232 2128 1284 neque

563 1290 837 1353 barbarus,
871 1307 1036 1360 neque
1080 1291 1292 1361 Scytha,
1340 1310 1429 1345 nec
1473 1311 1669 1361 servus,
1720 1315 1811 1355 nec
1849 1300 1994 1365 liber,
2038 1309 2128 1356 sed

561 1385 735 1436 omnia
768 1392 817 1436 et
848 1386 900 1437 in
934 1387 1172 1439 omnibus
1202 1389 1310 1444 ipse
1334 1390 1384 1451 ιι,
1413 1390 1506 1457 qui
1542 1406 1639 1458 per
1667 1410 1827 1448 unam
1866 1399 2126 1467 simplicis

562 1469 822 1526 bonitatis
893 1474 1158 1528 inﬁnitam
1244 1479 1597 1549 eamdemque
1675 1486 2124 1553 sapientissimum

561 1559 689 1624 vim,
725 1563 778 1615 in
808 1564 988 1632 seipso
1013 1566 1195 1618 omnia
1235 1569 1511 1624 concludit
1542 1571 1732 1642 (veluti
1760 1587 2032 1643 centrum,
2057 1597 2124 1634 ex

559 1665 668 1717 quo
691 1653 935 1719 pendent
955 1663 1116 1708 recta:
1142 1656 1386 1724 quaedam
1411 1658 1613 1728 linem),
1636 1664 1936 1718 secundum
1961 1682 2123 1722 unam

559 1739 862 1808 simplicem
907 1758 971 1797 ac
1013 1745 1343 1812 singularem
1386 1763 1604 1803 causam
1653 1767 1717 1805 ac
1764 1763 2118 1824 potestatem;

1748 385 1807 442 S.
1851 385 2133 444 ΜΛΧΙΜΙ
2169 387 2673 448 CONFESSOIUS

570 505 695 549 ctus
735 495 825 556 sit,
867 495 1076 548 cunctis
1120 496 1377 548 nimirum
1419 496 1560 551 inter
1591 513 1647 551 se
1677 500 2109 554 coalescentibus

2239 502 2617 579 συνημμένων,
2651 504 2790 557 κατὰ
2823 506 2917 574 τὴν
2949 507 3076 574 μίαν
3113 505 3288 575 ἁπλῆν
3331 524 3388 558 τε
3423 503 3789 574 κσΥάδιαέρεο

3686 395 3791 455 (Μ

2237 611 2326 644 τον
2355 594 2452 662 τῆς
2483 594 2717 656 πίστεως
2757 595 2913 663 χάριν
2946 595 3040 647 xui
3077 586 3321 663 δῆνᾰμιν.
3348 591 3596 665 Ἶινγὰρ
3635 596 3786 647 πάν-

2235 699 2370 744 των,
2407 684 2590 754 φησὶν,
2625 686 2663 751 ἡ
2691 684 2899 751 καρδία
2927 686 3024 738 καί
3051 687 3088 753 ἠ
3120 686 3287 753 ψυχὴ
3306 687 3411 752 μία
3434 700 3446 713 ’
3474 685 3549 747 ὡς
3587 688 3654 737 ὲκ
3673 685 3782 737 δια-

2238 773 2418 840 φόρων
2451 773 2645 841 μελῶν,
2684 774 2842 842 σῶμα
2886 775 2943 826 ἓν
2978 775 3074 827 xui
3115 772 3249 827 εἶναι
3279 776 3373 826 καὶ
3404 775 3660 843 ὁρᾶσθαι,
3696 773 3784 827 xui

2233 861 2394 913 αὐτοῦ
2418 864 2460 893 ⁸³
2497 863 2733 931 Χριστοῦ
2772 866 2869 932 τῆς
2915 863 3168 933 ἀληῦινῆς
3221 864 3376 932 ἡμῶν
3421 862 3665 930 κεφαλῆς
3701 863 3783 914 ὗν-

2231 969 2336 1014 τως
2382 953 2557 1018 ἄξιον
2593 953 2688 1004 Ἐν
2728 952 2793 1015 ᾧ,
2831 953 2990 1020 φησὶν
3041 953 3070 1003 ὁ
3114 952 3269 1013 θεῖος-
3298 952 3641 1014 ’Δπόστολο;,
3679 954 3781 1004 civit

2229 1041 2402 1094 ἐστιν
2427 1041 2607 1108 ᾶρῤεν
2637 1041 2777 1094 οὐδὲ
2807 1040 2982 1108 θῆλυ,
3013 1043 3148 1095 οὔτε
3175 1041 3461 1105 Ἰουδαῖος
3487 1042 3627 1092 οὔτε
3649 1040 3778 1092 Ἕλ-

2227 1135 2364 1196 λην,
2405 1132 2542 1184 οὔτε
2570 1128 2851 1198 περιτομὴ
2888 1131 3025 1183 οὔτε
3052 1131 3433 1198 ἀκροϐυστία,
3457 1131 3596 1182 οὔτε
3631 1128 3780 1194 ,ϐάρ-

2229 1223 2403 1285 ϐαρος
2429 1219 2565 1273 οὔτε
2579 1222 2837 1285 Σκύθης·
2872 1221 3008 1273 οὔτε
3033 1220 3272 1285 δοῦλος,
3296 1221 3432 1272 οὔτε
3451 1220 3777 1285 ἐλεύθεροςο

2227 1309 2385 1362 ἀλλὰ
2431 1308 2629 1362 πάντα
2660 1310 2756 1361 καὶ
2795 1309 2864 1360 ἐν
2902 1307 3088 1362 πᾶσιν
3129 1309 3331 1373 αὐτὸς,
3365 1311 3394 1360 ὀ
3427 1309 3607 1360 πάντα
3647 1309 3780 1360 κατὰ

2231 1398 2357 1466 μίαν
2395 1398 2573 1467 ἁπλῆν
2616 1399 2713 1467 τῆς
2761 1398 3094 1466 ἀγαθότητος
3149 1400 3515 1468 ἁπειρόσοφον
3556 1398 3780 1468 δύναμιν

2226 1487 2402 1556 ἐαυτῷ
2452 1479 2796 1558 περικλείων,
2841 1489 3029 1558 ῶσπερ
3075 1488 3295 1558 κέντρον
3345 1489 3579 1541 εῦοειῶν
3622 1507 3779 1542 τινων

2226 1578 2547 1647 ἐξημμένων
2597 1577 2784 1641 αὐτοῦ,
2833 1578 2975 1630 κατὰ
3029 1579 3158 1648 μίαν
3196 1579 3374 1647 ἁπλῆν
3434 1579 3529 1631 καὶ
3577 1580 3779 1632 ἑνιαίαν

2225 1669 2404 1720 αἰτίαν
2457 1668 2553 1720 xui
2599 1667 2828 1737 δύναμιν
2853 1685 2865 1699 ·
2921 1669 3017 1731 τὰς
3075 1670 3247 1749 ἀρχὰς
3295 1669 3406 1722 τῶν
3452 1670 3623 1721 ὄντων
3673 1671 3778 1732 τοῖς

2225 1757 2455 1829 πέρασιν
2474 1758 2706 1826 οῦκηὲῶν
2730 1758 3184 1826 συναφίστασθαι,
3211 1759 3394 1828 κύκλῳ
3421 1759 3775 1828 περιγράςων

557 1843 667 1880 non
706 1830 890 1885 sitiens
917 1839 977 1884 ut
999 1848 1104 1886 una
1133 1848 1257 1887 cum
1287 1833 1486 1889 ﬁnibus
1509 1838 1780 1908 principia
1808 1857 1990 1897 rerum
2014 1844 2111 1899 dis

2225 1816 2402 1902 αὐτῶν
2431 1850 2528 1912 τὰς
2557 1816 2845 1912 ἐκστάσεις
2863 1816 2927 1912 ἀ,
2961 1852 3053 1903 xui
3083 1816 3218 1918 προς
3248 1816 3438 1902 ἑαυτὸν
3465 1816 3616 1917 ἄιγων
3654 1851 3779 1912 τοὺς

552 1919 874 1988 junguntur,
920 1937 1108 1977 earum
1181 1925 1379 1980 ductus
1421 1943 1484 1982 ac
1530 1933 1922 1998 porrectiones,
1974 1937 2126 1990 velut

555 2008 718 2062 ducta
744 2011 797 2064 in
828 2013 1015 2065 orbein
1047 2015 1188 2068 linea
1216 2016 1674 2074 eireumscribens
1703 2038 1714 2072 :
1743 2031 1905 2090 atque
1929 2039 2120 2078 eorum

553 2113 675 2166 quae
713 2111 861 2163 sunt,
889 2102 1114 2171 ipsoque
1140 2112 1363 2159 auctore
1390 2116 1518 2160 sunt
1548 2107 1709 2174 facta,
1741 2110 2140 2170 distinctiones

552 2187 619 2241 ad
654 2203 712 2242 se
743 2188 1033 2255 reducens,
1062 2207 1129 2245 ne
1153 2196 1377 2248 omnino
1402 2195 1577 2249 aliena
1603 2212 1664 2250 ac
1685 2199 1841 2267 quasi
1864 2200 1968 2253 alia
1997 2201 2118 2258 aliis

551 2277 762 2332 infensa
804 2291 1004 2341 essent.
1039 2283 1202 2338 unius
1245 2285 1340 2338 Dei
1370 2285 1583 2352 eﬁ‘ecta,
1625 2287 1850 2358 ipsoque
1892 2302 2115 2348 auctore

549 2368 766 2421 condita
799 2384 986 2438 opera,
1018 2373 1219 2440 quibus
1263 2375 1496 2439 deesset,
1528 2393 1632 2446 qua
1668 2379 1723 2431 in
1772 2396 1852 2445 re,
1895 2397 1958 2436 ac
1993 2383 2106 2450 ubi,

548 2458 839 2511 amicitiam
871 2469 927 2513 et
954 2477 1163 2530 pacem,
1187 2465 1542 2534 eamdemque
1579 2467 1725 2521 inter
1754 2485 1812 2523 se
1841 2473 2105 2528 rationem

2223 1941 2332 1994 τῶν
2373 1941 2544 1994 ὄντων
2595 1943 2690 1995 xui
2729 1943 2820 1994 ὑπ’
2871 1942 3036 1994 αὑτοῦ
3078 1943 3385 2012 γενομένων
3437 1943 3773 2012 διορισμούς·

2224 2029 2311 2081 ἵνα
2345 2030 2419 2098 μὴ
2469 2029 2710 2099 ἀλλήλων
2742 2031 3102 2084 παντάπασιν.
3123 2032 3384 2102 ἀλλότρια
3484 2034 3578 2084 xui
3615 2032 3777 2102 ἐχθρὰ

2223 2118 2289 2171 τὰ
2319 2118 2411 2171 τοῦ
2446 2119 2563 2183 ἑνὸς
2593 2119 2728 2173 Θεοῦ
2758 2123 3032 2191 κτίσματα
3055 2123 3147 2174 xui
3164 2124 3465 2192 natijuutu‘
3497 2123 3600 2176 οὐκ
3627 2123 3775 2193 ἔχονο

2220 2226 2287 2263 τα
2310 2211 2437 2280 περὶ
2463 2210 2516 2262 τί
2541 2212 2633 2263 xui
2664 2213 2786 2266 ὅποι
2811 2214 2855 2244 ¹⁵
2883 2214 2943 2267 τὸ
2979 2214 3132 2282 φίλον
3169 2231 3221 2265 τι
3258 2214 3350 2265 καὶ
3375 2214 3652 2283 εἰρηνικὸν
3685 2216 3774 2266 καὶ

2215 2300 2411 2352 ταυτὸν
2445 2300 2579 2370 πρὸς
2604 2301 2809 2372 ἄλληλα
2845 2302 3059 2367 suam;
3079 2321 3093 2332 ο
3126 2303 3219 2355 καὶ
3247 2303 3566 2374 κινδυνεύσῃ
3596 2305 3774 2366 αὐτοῖς

2210 2389 2304 2440 xui
2325 2389 2458 2442 αὐτὸ
2485 2391 2546 2442 τὸ
2575 2387 2902 2454 εἷναι-εἰςντὸ
2932 2393 3007 2463 μὴ
3039 2393 3102 2445 ὃν
3139 2395 3488 2462 μεταπεσεῖν,
3519 2394 3615 2446 τοῦ
3637 2392 3770 2446 Θεοῦ

2206 2478 2585 2549 χωριζόμενον.

548 2547 934 2614 ostenderent;
1001 2553 1166 2622 inque
1214 2555 1511 2612 discrimen
1563 2557 1996 2630 adducerentur,
2043 2581 2111 2621 ne
2149 2547 2326 2639 ipsum
2351 2572 2404 2626 id
2429 2572 2573 2640 quod
2601 2581 2780 2629 sunta
2803 2575 2915 2631 Deo
2965 2578 3296 2647 sejunctum,
3321 2579 3428 2654 eis.
3461 2579 3517 2634 in
3543 2582 3768 2636 nihilum

548 2641 785 2696 cederet.

618 2729 789 2797 Igitur
827 2731 924 2783 Dei
967 2732 1153 2802 imago
1191 2743 1298 2799 est,
1353 2738 1498 2792 sicut
1523 2740 1731 2795 dictum
1777 2751 1890 2812 est,
1927 2756 2118 2801 saneta

548 2818 644 2871 Dei
687 2819 953 2882 Ecclesia,
988 2824 1236 2877 eamdem
1272 2841 1441 2894 prope
1483 2843 1544 2880 ac
1580 2830 1724 2883 Deus
1763 2848 1889 2901 erga
1930 2835 2117 2891 ﬁdeles

549 2909 806 2962 unionem
837 2921 1128 2978 praestans,-
1155 2915 1368 2968 tametsi
1396 2919 1826 2984 proprietatibus
1846 2922 2113 2989 distincti,

547 3000 894 3068 diversisque
925 3001 1060 3055 locis
1087 3003 1330 3066 oriundi,
1360 3015 1522 3073 atque
1553 3008 1673 3084 aliis
1699 3010 1927 3079 aliisque
1953 3015 2119 3067 mori-

2288 2751 2465 2803 Εἰκὼν
2499 2753 2596 2821 μὲν
2633 2749 2728 2806 οῦν
2767 2756 2883 2806 ἐστι
2926 2755 3020 2807 τοῦ
3057 2754 3215 2819 Θεοῦ,
3245 2755 3429 2818 καθὼς
3471 2746 3768 2826 εἷρηται,ἧ

2217 2839 2347 2904 ἁγία
2395 2842 2707 2910 Ἐκκλησία,
2737 2843 2813 2905 ὼς
2865 2843 2964 2914 τὴν
3003 2845 3172 2914 αὐτὴν
3210 2847 3288 2914 τῷ
3333 2847 3452 2916 Θεῷ
3489 2851 3617 2917 περὶ
3650 2851 3769 2912 τοὺς

2217 2928 2443 2988 πιστοὺς
2485 2929 2782 2999 ἐνεργοῦσα
2815 2930 3030 2994 ἕνωσιν,
3065 2933 3169 2997 κᾶν
3199 2933 3446 3004 διάφοροι
3493 2939 3602 2999 τοῖς
3638 2938 3769 2990 ἰδιῶ-

2219 3008 2347 3083 μασι
2401 3017 2494 3068 καὶ
2537 3019 2601 3070 ὲκ
2645 3018 2916 3090 διαφόρων
2967 3021 3063 3074 xui.
3112 3021 3292 3075 τόπων
3327 3026 3420 3076 καὶ
3451 3025 3687 3095 τρόπων,
3720 3031 3766 3080 οἰ

545 3088 648 3141 bus
672 3089 801 3153 sint,
831 3090 923 3158 qui
959 3084 1059 3158 per
1085 3091 1247 3147 ﬁdem
1276 3095 1330 3147 in
1360 3110 1422 3148 ea
1451 3104 1578 3150 sunt
1605 3098 1759 3151 uniti.
1793 3100 1939 3154 llane
1969 3103 2111 3157 circa

2217 3105 2336 3156 κατ’
2367 3106 2537 3176 αὐτὴν
2564 3107 2651 3160 διὰ
2675 3111 2783 3180 ’τῆς
2815 3110 3050 3173 πίστεως
3095 3114 3501 3185 ὲνοποιούμενοι
3535 3117 3766 3187 τύχωσιν

543 3191 730 3229 rerum
762 3180 1027 3232 essentias
1055 3181 1312 3236 unionem
1346 3187 1560 3252 Operari
1594 3188 1738 3241 Deus
1774 3189 1886 3258 ipse
1916 3203 2112 3259 prtesto

544 3263 965 3337 liabet;"'-arum
997 3269 1431 3338 distinctionem,
1465 3285 1524 3328 ut
1557 3286 1837 3332 ostensum
1871 3291 1973 3348 est,
2003 3300 2109 3353 qua

542 3353 610 3405 ad
651 3355 826 3421 ipsum
865 3367 925 3409 ut
956 3373 1175 3411 causam
1211 3370 1267 3413 et
1299 3364 1633 3432 principium
1671 3384 1734 3421 ac
1767 3370 1928 3424 ﬁnem
1965 3375 2110 3428 rel‘e-

543 3451 762 3506 runtur,
802 3445 1016 3514 ipsique
1055 3453 1343 3515 uniuntur,
1381 3455 1648 3522 tantisper
1684 3459 1896 3513 leniens
1940 3470 2014 3524 et,
2051 3472 2112 3516 ut

545 3528 781 3598 idipsum
807 3533 1093 3598 exsistant,
1120 3536 1380 3590 eliieiens.

1058 3719 1222 3790 496
1257 3719 1481 3776 CAPUT
1518 3725 1580 3779 η.

543 3791 827 3868 Quomodo,
856 3817 903 3859 et
937 3826 1167 3877 quanam
1203 3813 1408 3864 ratione
1433 3825 1616 3868 sancta
1647 3814 1741 3869 Dei
1770 3817 2005 3873 Ecclesia
2037 3824 2105 3874 s'it

609 3876 782 3958 imago
829 3876 1010 3930 ttmndi
1058 3895 1118 3958 ea:
1167 3881 1500 3958 substantiis,
1540 3901 1654 3952 qua:
1701 3879 2098 3958 subraspeitum

609 3945 822 4027 radunt,
839 3957 896 4027 net
922 3964 1038 4016 qua:
1069 3949 1460 4017 inuspectabiles
1485 3945 1627 4014 sunt,
1652 3945 1920 4010 constituti
1943 3945 2099 4027 atque

609 4016 822 4080 con/luti
836 4015 860 4065 Ζ)

612 4118 855 4174 Ecclesia:
886 4129 1118 4190 partium
1148 4129 1321 4182 altera
1352 4132 1703 4187 sacerdotibus
1734 4153 1796 4187 ac
1826 4137 2097 4202 ministris,

544 4211 709 4263 altera
765 4213 914 4267 laicis
965 4221 1241 4275 attributa.
1288 4223 1634 4278 Consecratur
1680 4232 1975 4283 sacrarium
2028 4235 2103 4285 rei

534 4314 699 4352 sacrm
726 4302 778 4353 in
809 4318 867 4354 eo
893 4311 1369 4374 consummatione;
1397 4314 1520 4373 ναὸς
1569 4315 1713 4384 (ipsa
1759 4321 1905 4371 navis
1945 4322 2104 4374 eccle-

535 4388 646 4456 sia')
683 4390 1034 4445 inchoatione.
1063 4425 1132 4432 —
1161 4395 1470 4450 Secundum
1501 4412 1680 4455 autem
1716 4405 1944 4458 alterum
1976 4425 2102 4462 sen-

2212 3193 2389 3258 ὅντεςο
2425 3197 2491 3267 ἢν
2537 3200 2666 3267 περὶ
2711 3200 2812 3263 τὰς
2873 3197 3061 3265 ὀῦσίας
3102 3204 3212 3258 τῶν
3254 3207 3424 3259 ὅντων
3453 3210 3766 3278 ἁσυγχύτως

2212 3284 2372 3348 αὐτὸς
2407 3280 2649 3362 ἐνεργεῖν
2675 3291 2914 3359 πέφυκεν
2946 3296 2974 3345 ὁ
2999 3293 3130 3356 Θεὸς
3155 3310 3167 3324 '
3209 3296 3270 3349 τὸ
3301 3299 3431 3372 περὶ
3457 3299 3626 3362 αὐτὰς
3655 3300 3764 3352 διὰ-

2213 3390 2399 3442 φορον,
2426 3378 2499 3440 ὡς
2537 3378 2830 3444 δέδεικται,
2872 3386 2936 3450 τῇ
2971 3384 3105 3452 πρὸς
3131 3386 3321 3438 ἑαυτὸν
3353 3388 3429 3449 ὡς
3472 3390 3650 3442 αἰτίαν
3675 3393 3764 3443 καὶ

2214 3463 2387 3531 ἀρχὴν
2439 3467 2531 3516 xui
2581 3467 2752 3530 τέλος,
2793 3470 3040 3540 ἀναφορᾷ
3071 3491 3129 3524 τε
3176 3477 3269 3527 xui
3297 3476 3487 3530 ὲνώσει
3516 3497 3762 3550 παραμυ-

2215 3551 2474 3621 θούμενός
2508 3573 2564 3607 τε
2596 3557 2687 3610 xui
2715 3563 3220 3632 ταυτοποιούμενος.

2805 3740 3057 3795 ΚΕΦΑΛ.
3101 3742 3177 3794 Β’.

2203 3825 2340 3902 Hegi
2370 3827 2495 3902 τοῦ,
2524 3832 2826 3902 ίτῶςηκᾳί
2880 3836 3018 3902 τίνα
3048 3835 3272 3902 τρόπον
3299 3837 3474 3890 εἰκών
3505 3839 3633 3894 ἐστι
3656 3842 3756 3896 τοῦ

2271 3897 2338 3957 ἐξ
2368 3897 2596 3976 ὁρατῶν
2615 3899 2717 3976 ,καί
2751 3899 3022 3976 ἀρρᾴτων
3041 3897 3268 3976 ρξύσιῶν
3289 3908 3631 3976 ὑφεστῶτος
3658 3915 3758 3965 κό-

2270 3982 2425 4032 σμου
2457 3967 2501 4021 ri.
2527 3967 2665 4035 ἁγία
2697 3969 2809 4022 τοῦ
2841 3971 3002 4023 Θεοῦ,
3041 3967 3386 4028 Ἐκκλησία.

2269 4139 2424 4190 Κατὰ
2455 4139 2714 4206 δευτέραν
2740 4140 2797 4192 δὲ
2827 4140 3056 4210 θεωρίας
3085 4141 3362 4212 ἐπιϐολὴν,
3390 4143 3486 4194 τοῦ
3516 4144 3755 4212 σύμπαν-

2197 4240 2289 4284 τος
2325 4223 2532 4292 κόσμου
2586 4225 2682 4276 τοῦ
2738 4225 2798 4290 ἐξ
2843 4227 3054 4293 ὁρατῶν
3118 4228 3213 4280 xui
3259 4229 3510 4298 ἀοράτων
3561 4232 3755 4284 οὐσιῶν

2199 4315 2528 4381 ὑφεστῶτος,
2560 4311 2698 4367 εἶναι
2732 4315 2899 4368 τύπον
2944 4317 3041 4369 xui
3073 4319 3280 4383 εἰκόνα,
3323 4319 3421 4389 τὴν
3465 4321 3628 4387 ἁγίαν
3658 4321 3752 4374 τοῦ

2199 4403 2332 4456 Θεοῦ
2373 4405 2719 4474 Ἐκκλησίαν,
2755 4393 2990 4474 ἔφασκεν
3011 4424 3024 4438 ·
3048 4408 3122 4470 ὡς
3152 4408 3251 4478 τὴν
3278 4411 3449 4477 αὐτὴν
3484 4411 3634 4482 αὐτῷ
3659 4413 3754 4464 καὶ

532 4478 627 4529 ἐπιδ
656 4478 918 4547 Spiritalis
947 4483 1190 4544 modum,
1219 4486 1466 4559 universi,
1500 4490 1711 4554 mundi,
1741 4509 1808 4545 ex
1842 4496 2097 4550 substan-

2215 4494 2414 4557 ἕνωσιν,
2460 4495 2555 4547 xui
2593 4495 2864 4565 διάκρισιν
2921 4496 3335 4567 ἐπιδεχομένην.
3382 4478 3619 4569 Ὥσπερ-
3647 4499 3753 4566 γὰρ

535 4567 652 4633 tiis,
688 4587 808 4638 qua:
857 4573 909 4624 in
959 4585 1239 4642 aspectum
1284 4578 1517 4651 cadunt,
1552 4591 1607 4634 et
1649 4598 1770 4650 quae
1814 4596 2092 4652 aspectum

532 4653 764 4728 fugiunt,
783 4665 1086 4721 constituti.
1108 4667 1335 4736 ﬁguram
1359 4686 1478 4724 esse
1503 4687 1567 4725 ac
1588 4672 1880 4742 imaginem
1907 4675 2090 4731 aiebat

530 4745 770 4827 sanctum
813 4750 907 4803 Dei
952 4753 1282 4821 Ecclesium;
1329 4767 1389 4811 ut
1421 4776 1544 4827 qua:
1588 4763 1802 4817 scilicet
1843 4765 2088 4820 eamdem

531 4762 658 4799 sane
686 4764 770 4800 um
813 4755 907 4803 Dei
952 4755 1282 4821 Ecclesium;
1329 4767 1389 4811 ut
1421 4776 1544 4827 qua:
1588 4763 1802 4817 scilicet
1843 4765 2085 4820 eamdem

531 4851 593 4888 ac
633 4755 722 4910 ifle
767 4853 890 4891 cum
935 4843 1192 4896 unionem
1242 4849 1487 4916 recipiat,
1526 4860 1639 4905 tum
1683 4853 2085 4912 discretionem.

528 4927 995 4988 Quemadmodum
1040 4934 1186 4986 enim
1229 4937 1372 5004 ipsa,
1410 4957 1534 4993 cum
1579 4943 1942 5001 aediﬁcatione
1984 4965 2089 5003 una

530 5016 724 5070 domus
762 5019 862 5085 sit;
906 5022 1139 5090 quadam
1184 5034 1364 5081 tamen
1403 5033 1737 5098 proprietate
1778 5036 2091 5101 distinctio-

533 5119 654 5157 nem
692 5109 907 5177 recipit,
938 5110 1205 5178 ejusmodi
1243 5114 1475 5179 scilicet,
1507 5135 1627 5186 qute
1661 5121 1713 5174 in
1750 5121 1917 5192 ﬁgura
1951 5126 2088 5179 situ-

533 5209 636 5260 que
683 5201 961 5264 consistit,
997 5201 1128 5256 dum
1173 5203 1439 5258 dividitur
1486 5201 1706 5263 incum
1749 5213 1957 5277 locum,
1993 5217 2089 5283 qui

533 5285 665 5339 Boiis
692 5291 1068 5347 sacerdotibus
1093 5309 1155 5348 ac
1178 5290 1447 5361 ministris
1472 5299 1766 5356 attributus
1791 5315 1895 5366 est,
1923 5321 2084 5374 quem

533 5375 833 5432 sacrarium
884 5397 1178 5450 vocamus;
1237 5401 1507 5454 cumque,
1557 5387 1610 5441 in
1663 5407 1824 5458 quem
1875 5396 2089 5448 cunctis

607 5513 632 5550 ⁸
655 5515 769 5567 Act.
794 5534 865 5580 Iv,
889 5520 976 5573 32.
1047 5523 1073 5561 ἒ·
1095 5522 1267 5577 Galat.
1295 5540 1370 5587 Ill,
1392 5525 1488 5587 9.8;
1515 5525 1721 5579 (loloss.
1749 5545 1824 5588 Ill,
1853 5531 1935 5583 ll.

2201 4583 2338 4650 αὕτη
2368 4584 2507 4636 κατὰ
2539 4586 2637 4654 τὴν
2667 4587 2958 4662 οἰκοδομὴν
2989 4582 3069 4650 εἷς
3098 4583 3246 4650 οἶκος
3287 4587 3625 4656 ὑπάρχουσα,
3654 4589 3750 4656 τὴν

2199 4673 2338 4724 κατὰ
2368 4675 2464 4743 τὴν
2497 4675 2644 4728 Οέσιν
2670 4677 2763 4728 τοῦ
2809 4679 3084 4746 σχήματος
3111 4678 3241 4746 ποιᾷ
3271 4676 3517 4742 ἰδιότητι,
3545 4678 3745 4741 δέξεται

2197 4760 2479 4829 διαφορὰν,
2506 4765 2854 4836 διαιρουμένη
2891 4767 2971 4828 εἷς
2997 4782 3056 4817 τε
3096 4766 3186 4816 τὸν
3221 4765 3403 4834 μόνοις
3441 4767 3644 4835 ἱερεῦσί
3671 4782 3734 4818 τε

2195 4852 2290 4903 xui
2319 4851 2650 4924 λειτουργοῖς
2674 4856 2981 4924 ἀπόκληρον
3010 4853 3194 4917 τόπον,
3217 4853 3277 4906 ὃν
3304 4853 3574 4923 καλοῦμεν
3596 4859 3744 4926 tepu-

2195 4944 2336 4994 τεῖον
2355 4959 2368 4973 ο
2411 4933 2504 5000 xui
2534 4945 2625 4997 τὸν
2665 4946 2798 4997 πᾶσι
2829 4947 2942 5006 τοῖς
2972 4946 3186 5005 πιστοῖς
3219 4942 3365 5005 λαοῖς
3391 4946 3528 5014 πρὸς
3556 4945 3751 5004 ἐπίϐα-ν

2186 5050 2271 5086 σιν
2303 5035 2509 5098 ἄνετον,
2541 5037 2600 5088 ὃν
2634 5036 2902 5104 καλοῦμεν
2934 5035 3078 5088 ναόν.
3126 5025 3295 5088 Πάλιν
3324 5037 3422 5105 μία
3452 5037 3568 5089 ἐστὶ
3604 5035 3744 5088 κατὰ

2180 5125 2280 5193 τὴν
2315 5125 2628 5186 ὑπόστασιν,
2657 5127 2717 5177 οῦ
2753 5125 3202 5194 συνδιαιρουμένη
3243 5129 3357 5188 τοῖς
3404 5127 3598 5195 ἑαυτῆς
3643 5123 3730 5192 μὲ-

2185 5233 2324 5286 ρεσι,
2360 5217 2448 5268 διὰ
2487 5215 2584 5285 τὴν
2619 5215 2827 5267 ἑαυτῶν
2867 5215 3002 5283 πρὸς
3045 5214 3247 5286 ἄλληλα
3276 5216 3386 5268 τῶν
3425 5215 3598 5286 μερῶν
3622 5213 3740 5264 δια-

2184 5306 2375 5374 φοράνο
2408 5305 2540 5358 ἀλλὰ
2565 5307 2657 5358 xui
2680 5306 2816 5358 αὐτὰ
2837 5307 2904 5375 τῇ
2940 5305 3072 5376 πρὸς
3105 5307 3166 5359 τὸ
3194 5307 3251 5359 ἓν
3279 5308 3472 5376 ἑαυτῆς
3496 5303 3738 5370 ἀναφορᾷ

2185 5395 2249 5447 τὰ
2286 5395 2448 5464 μέρη,
2488 5394 2586 5462 τῆς
2617 5395 2672 5446 ἐν
2702 5397 2767 5464 τῇ
2799 5395 2983 5464 κλήσει
3011 5395 3269 5464 διαφορᾶς
3292 5394 3614 5458 ἀπολύουσα,
3634 5387 3736 5442 καὶ

1824 5619 2047 5672 ιπΑΙιῑιιιί
2092 5618 2481 5671 ΙιιδῖἰῖτίυΝἰδΗ.

620 5691 655 5722 ’³⁸
683 5697 861 5760 αυιοῑς.
894 5697 971 5750 Δρ
997 5712 1043 5753 ct
1085 5704 1168 5757 l’r.

1252 5708 1287 5738 "
1315 5706 1560 5770 ἐκτάσεις
1593 5723 1639 5759 ι’.
1671 5707 1731 5760 Λ.
1762 5709 1847 5760 1·ἰ”.
1931 5713 1969 5739 ¹⁵
1998 5712 2125 5762 ὅπου
2151 5712 2233 5763 Η.
