3958 6338
126 428 207 492 δερ
1049 473 1056 479 .
1319 485 1360 504 ν
1445 421 1916 482 MYSTAGOGIA
1929 468 1942 482 .
3197 416 3302 478 670

124 540 284 593 τιυτὺν
307 538 552 604 ἀλλήλοις
581 525 747 607 ἄμφω
790 535 1110 590 δεικνύουσα
1129 551 1142 564 ·
1173 534 1268 587 καὶ
1295 534 1518 602 θάτερον
1544 518 1639 586 θα-

1766 535 1997 589 idelibus
2025 533 2242 603 populis
2271 533 2411 586 liber
2435 540 2585 601 patet
2613 531 2816 592 aditus,
2846 546 3007 596 quem
3043 532 3305 598 templum

126 630 246 697 τέρῳ
264 628 378 679 κατ’
405 626 714 694 ἐπαλλαγὴν
748 625 1013 694 ὑπάρχον,
1053 625 1189 692 ὅπερ
1222 624 1482 692 ἑκάτερον
1516 624 1647 674 ἐαυ-

1766 625 1893 677 ναὸν
1913 622 2121 691 Graece)
2149 623 2402 677 dicimus.
2430 623 2640 676 Rursus
2663 629 2844 674 autem
2872 635 2978 673 una
3009 631 3093 673 est
3115 636 3306 673 secum

126 716 186 780 τῷ
209 713 531 784 καθέστηκεν
573 712 632 765 ὅν
667 713 1072 782 ἀποφαίνουσα·
1114 713 1379 780 ἱερατεῐον
1425 711 1522 780 μὲν
1557 709 1650 762 τὸν

1766 715 1879 774 lum
1911 714 2292 776 substantiam,
2319 701 2592 781 modoque
2619 712 2939 773 exsistendi,
2970 721 3029 764 ut
3054 727 3174 779 quae
3199 725 3310 763 non

128 804 228 856 ναὸν
256 804 389 857 κατὰ
415 805 516 874 τὴν
541 802 790 872 δύναμιν,
825 805 892 872 τῇ
935 794 1077 874 πρὸς
1107 801 1170 853 τὸ
1206 801 1380 871 πέρας
1404 800 1651 870 ἀναφορᾷ

1766 821 1859 859 ma
1888 821 2027 889 cumI
2054 805 2168 858 suis
2203 805 2452 874 partibus
2484 803 2781 867 dividatur,
2816 811 3036 871 propter
3069 804 3309 870 ipsarum

127 892 206 959 τῆς
249 893 629 960 μυσταγωγίας
706 889 1192 961 ἱερουργούμενον·
1256 889 1352 942 καὶ
1418 887 1652 957 ἔμπαλιν

1773 907 1896 952 nter
1919 914 1976 951 se
2006 887 2242 965 partium
2274 897 2710 960 distinctionem;
2749 894 2843 949 sed
2875 904 2930 948 et
2959 904 3140 963 partes
3173 893 3315 961 ipsas

129 981 229 1033 vzbv
254 981 310 1033 τὸ
344 983 632 1050 ἱερατεῖον,
659 981 801 1033 κατὰ
834 981 929 1048 τὴν
957 980 1238 1048 ἐνέργειαν
1263 977 1362 1047 τῆς
1395 977 1530 1039 ιδίας
1554 977 1653 1028 αύ-

1766 989 1836 1041 sui
1867 987 1933 1040 ad
1965 1002 2133 1040 unum
2165 987 2454 1049 relatione,
2483 1001 2510 1038 a
2541 985 2912 1048 distinctione,
2937 999 3058 1051 qua:
3087 983 3138 1035 in
3171 999 3313 1034 nun-

127 1072 199 1123 τὸν
224 1070 334 1141 ἔχον
375 1072 768 1142 μυσταγωγιας
816 1071 1012 1141 ἀρχὴν,
1062 1070 1161 1138 μία
1196 1069 1263 1120 δι’
1299 1069 1503 1137 ἀμφοῖν
1556 1065 1653 1136 καὶ

1766 1076 2044 1145 :upatione
2067 1083 2153 1129 est
2174 1075 2485 1148 absolvens,
2515 1084 2678 1142 atque
2708 1073 2896 1127 ambas
2920 1074 3063 1125 inter
3089 1089 3144 1125 se
3171 1072 3312 1127 idem

131 1166 156 1231 ἡ
181 1164 302 1232 αὐτὴ
333 1164 600 1234 διαμένει.
648 1162 804 1216 Οὕτω
835 1162 931 1215 καὶ
953 1163 982 1214 ό
1013 1163 1077 1214 ὲκ
1100 1160 1241 1214 Θεοῦ
1272 1159 1416 1212 κατὰ
1439 1159 1652 1227 γένεσιν

1766 1179 1871 1218 esse
1915 1163 2244 1226 ostendens,
2285 1163 2624 1230 alteramque
2666 1160 2827 1213 alteri
2871 1159 3110 1212 vicissim
3161 1172 3312 1221 esse,

132 1258 443 1328 παρηγμένος
473 1257 696 1327 σύμπας
726 1257 836 1309 τῶν
863 1256 1030 1309 ὅντων
1071 1255 1291 1324 κόσμος,
1341 1254 1655 1324 διαιρούμεά

1766 1253 1901 1323 ῃυοει
1927 1254 2032 1307 sibi
2067 1254 2182 1321 ipsa
2212 1261 2446 1321 utraque
2475 1259 2561 1306 est
2586 1252 2801 1320 (nempe
2834 1249 3094 1318 templum
3127 1257 3317 1316 poten-

134 1366 200 1410 νος
242 1349 314 1410 εἷς
357 1365 415 1400 τε
466 1349 558 1419 τὸν
598 1349 789 1416 νοητὸν
833 1348 1057 1417 κόσμον,
1106 1345 1196 1398 τὸν
1236 1347 1298 1397 ὲκ
1325 1342 1526 1413 νοερῶν
1561 1343 1656 1394 καὶ

1766 1345 1830 1396 tia
1872 1344 2194 1408 sacrarium,
2227 1343 2375 1411 quod
2420 1341 2688 1396 relatione
2733 1341 2787 1392 in
2827 1340 2986 1394 ﬁnem
3030 1338 3108 1392 rei
3153 1351 3318 1391 saerze

133 1427 400 1507 ἀσωμάτων
484 1437 682 1490 οὐσιῶν
786 1435 1310 1505 συμπληρούμενον·
1389 1433 1484 1486 καὶ
1566 1433 1656 1484 τὸν

1766 1431 1892 1484 illud
1922 1439 2298 1490 consecretur,
2325 1431 2680 1498 vicissimque
2707 1427 3004 1482 sacrarium
3034 1426 3316 1494 templum,

131 1512 352 1594 αἰσθητὸν
409 1525 601 1584 τοῦτον
649 1528 741 1578 καὶ
798 1526 1130 1594 σωματικὸν,
1193 1524 1285 1577 ml.
1331 1525 1396 1575 ὲκ
1438 1521 1656 1588 πολλῶν

1766 1518 1936 1586 ipsum
1981 1519 2036 1571 in
2082 1526 2205 1570 actu
2257 1517 2337 1570 rei
2388 1532 2586 1576 sacrae,
2626 1532 2747 1584 quae
2790 1515 2844 1568 in
2894 1529 2960 1567 eo
3009 1513 3316 1587 peragitur,

135 1615 453 1683 μεγαλοφυῶς
505 1616 917 1685 συνυφασμένον
967 1603 1122 1667 εἱδῶν
1168 1631 1226 1666 τε
1276 1615 1369 1666 καὶ
1401 1613 1653 1681 φύσεων·

1766 1607 1970 1661 habens
2012 1605 2435 1676 principatum),
2479 1621 2584 1659 una
2627 1615 2789 1673 atque
2833 1604 3024 1658 eadem
3060 1604 3320 1672 ‘utrisque

132 1703 239 1773 ἄλλη
265 1720 380 1768 πως
409 1705 672 1775 ὑπάρχων
724 1705 1135 1775 ἀχειροποίητος
1199 1702 1516 1770 Ἐκκλησία,
1569 1699 1657 1752 διὰ

1766 1703 2090 1766 perseveret.
2126 1694 2218 1749 Sic
2262 1703 2320 1749 et
2357 1694 2450 1763 qui
2491 1695 2769 1748 creatione
2808 1693 3098 1746 universus
3138 1706 3320 1744 rerum

135 1791 302 1860 ταύτης
346 1779 458 1862 τῆς
488 1797 873 1866 χειροποιήτου
924 1794 1103 1862 σοφῶς
1138 1790 1530 1859 ὑποφαίνεται·
1564 1790 1658 1842 καὶ

1766 1784 2000 1838 mundus
2025 1785 2191 1838 αἱ)οο
2223 1783 2526 1852 productus
2552 1793 2656 1847 est,
2683 1782 3056 1848 dividiturque
3087 1779 3140 1831 in
3167 1794 3325 1831 mun-

132 1880 360 1946 ἕερατεῐον
393 1883 495 1953 μὲν
513 1884 705 1954 ὥσπερ
737 1885 874 1953 ἔχων
903 1884 994 1936 τὸν
1020 1883 1132 1936 ἅνω
1163 1881 1389 1946 κόσμον,
1423 1879 1514 1932 καὶ
1538 1881 1656 1939 ταῖς

1766 1873 1889 1928 dum
1942 1872 2373 1942 intelligibilem,
2405 1888 2567 1942 quem
2617 1880 2828 1925 mentes
2875 1872 3325 1938 incorporezeque

132 1963 221 2018 ἄνω
243 1972 740 2040 προσνενεμημένον
773 1973 1033 2041 δυνάμεσι
1058 1991 1068 2001 ·
1102 1969 1228 2022 ναὸν
1256 1969 1333 2033 δὲ,
1367 1968 1456 2020 τὸν
1486 1967 1654 2027 κάτω,

107 2055 208 2128 ,καὶ
228 2061 328 2120 τοῖς
351 2057 420 2112 δι’
450 2059 758 2131 αἰσθήσεως
801 2061 899 2130 ζῇν
931 2060 1152 2129 λαχοῦσι
1191 2058 1656 2128 προσκεχωρημέ-

128 2158 218 2197 νον.

1764 1965 2081 2020 substantia:
2124 1965 2431 2033 complent;
2480 1964 2645 2032 inque
2685 1963 2833 2027 lmnc
2875 1959 3130 2014 sensibus
3170 1959 3325 2026 obje-

1764 2065 1914 2110 ctum
1959 2072 2024 2110 ac
2070 2071 2419 2124 corporeum,
2452 2069 2628 2123 exque
2672 2052 2921 2122 pluribus
2970 2067 3094 2104 cum
3136 2048 3328 2102 formis

1767 2156 1882 2202 tum
1920 2146 2135 2201 naturis
2175 2145 2460 2215 magniﬁce
2497 2153 2839 2210 contextum;
2884 2159 3008 2197 cum
3049 2143 3153 2196 alia
3191 2156 3326 2210 quo-

128 2237 381 2292 dammodo
427 2256 536 2294 non
589 2243 901 2298 manufacta
953 2243 1198 2299 Ecclesia
1247 2241 1503 2304 exsistat,
1549 2255 1648 2308 per
1684 2242 1828 2294 hanc
1858 2241 2226 2296 manufactam
2290 2244 2569 2311 sapienter
2599 2253 2726 2312 typo
2787 2244 3324 2312 designatumrtut,

129 2331 253 2402 velut
299 2333 516 2400 quidem
578 2335 806 2388 sacrarii
862 2334 1022 2400 loco.
1075 2347 1334 2400 superum
1387 2331 1651 2384 mundum
1691 2333 2004 2393 babeat,ac
2033 2334 2291 2404 supernis
2351 2335 2713 2401 potestatibus
2763 2335 3074 2397 addictum;
3140 2337 3326 2404 templi

127 2430 283 2474 autem
313 2421 447 2482 vice,
475 2420 688 2493 huncce
722 2417 983 2483 inferum,
1009 2435 1075 2474 ac
1099 2431 1265 2486 quem
1295 2417 1496 2472 adeant
1528 2416 1661 2486 ipsis
1695 2417 1967 2485 pervium,
1999 2418 2200 2487 quibus
2232 2415 2430 2489 obtigit
2494 2420 2548 2473 id
2613 2420 2736 2474 vita:
2766 2435 2957 2490 genus,
2983 2426 3128 2489 quod
3163 2437 3326 2477 sensu
3368 2426 3373 2432 '

126 2512 452 2580 transigatur.

187 2624 338 2676 Πάλιν
368 2621 452 2684 εἷς
479 2625 597 2674 ἐστι
622 2621 828 2689 κόσμος
855 2623 964 2682 τοῖς
992 2620 1192 2672 ἑαυτοῦ
1231 2620 1304 2688 μὴ
1329 2617 1664 2689 σὺνδιαιρούο

135 2731 275 2779 μενος
305 2715 490 2783 μέρεσι
517 2731 530 2743 ·
573 2711 884 2764 τούναντίον
910 2711 987 2772 δὲ,
1020 2710 1112 2763 καὶ
1139 2709 1316 2762 αὐτῶν
1346 2711 1452 2761 τῶν
1481 2711 1665 2780 μερῶν

128 2803 209 2871 την
238 2804 292 2868 ἐξ
336 2805 592 2872 ἰδιότητος
637 2803 874 2871 φυσικῆς
925 2802 1210 2870 διαφορὰν,
1244 2804 1308 2870 τῇ
1342 2803 1480 2870 πρὸς
1507 2801 1570 2855 τὸ
1599 2801 1661 2866 ἒν

127 2893 298 2944 ἑαυτοῦ
355 2895 443 2946 καὶ
493 2894 798 2962 ἀδιαίρετον
849 2893 1096 2960 ἀναφορᾷ
1144 2893 1539 2961 περιγράφων·
1572 2892 1669 2944 καὶ

127 2981 300 3033 ταυτὸν
336 2966 507 3050 ἑαυτῷ
544 2999 602 3033 τε
650 2983 741 3034 καί
784 2981 1030 3050 ἀλλήλοις
1075 2981 1395 3049 ἀσυγχύτως
1439 2981 1667 3047 ἐναλλὰξ

126 3066 266 3130 ὄντας
294 3085 308 3100 ·
344 3071 433 3121 καὶ
468 3070 681 3138 θατέρῳ
728 3069 951 3138 θάτερον
1005 3069 1123 3120 ὅλον
1173 3070 1278 3136 ὅλῳ
1318 3069 1532 3130 δεικνὺς
1570 3071 1668 3138 ἐμ-

127 3157 405 3226 ϐεϐηκότα·
445 3161 538 3212 καὶ
579 3159 747 3227 ἄμφω
785 3159 904 3210 ὅλον
934 3160 1096 3226 αὑτὸν
1113 3161 1188 3220 ὼς
1219 3160 1358 3228 μέρη
1391 3160 1492 3210 ἕνα
1535 3177 1668 3228 συμ-

127 3249 461 3317 πληροῦντας,
493 3251 586 3302 καὶ
613 3248 731 3300 κατ’
760 3250 921 3301 αὑτὸν
962 3249 1036 3311 ὡς
1073 3251 1192 3300 ὅλον
1238 3249 1377 3318 μέρη
1420 3249 1664 3312 ἐνοειδῶς

123 3352 173 3388 τε
197 3341 281 3391 καὶ
306 3341 502 3403 ὑλικῶς
543 3341 762 3411 συμπλη
773 3359 866 3410 ρου
876 3342 1086 3410 μένους.
1115 3341 1274 3402 Ὄλος
1293 3342 1400 3411 γὰρ
1421 3342 1449 3392 ὁ
1477 3342 1668 3411 νοητὸς

1832 2619 2044 2675 Rursus
2074 2636 2217 2675 unus
2248 2630 2332 2675 est
2363 2621 2623 2685 mundus,
2652 2637 2755 2677 nec
2787 2637 2895 2675 una
2927 2637 3048 2675 cum
3082 2625 3330 2691 partibus

1762 2711 1879 2764 suis
1919 2711 2213 2776 dividitur;
2263 2721 2456 2766 contra
2495 2729 2647 2776 vero,
2679 2728 2843 2781 quam
2891 2715 3060 2783 ipsam
3113 2715 3217 2769 illa:
3263 2731 3331 2770 ex

1763 2802 1944 2854 nativa
1975 2817 2072 2856 sua
2104 2799 2442 2869 proprietate
2466 2801 2627 2873 497
2656 2796 3067 2858 distinctionem
3103 2807 3329 2871 habent,

1750 2892 2034 2963 relatione
2067 2892 2134 2945 ad
2170 2909 2321 2946 suam
2355 2894 2409 2947 in
2441 2910 2499 2968 se
2535 2895 2799 2948 unitatem
2842 2911 2904 2949 ac
2946 2896 3332 2951 indivisioncm

1767 2981 2070 3044 deﬁniens,
2095 2990 2210 3035 tum
2255 2996 2440 3035 secum
2483 2997 2624 3044 esse,
2661 2991 2772 3036 tum
2814 2982 3046 3036 invicem
3091 2984 3332 3036 vicissim

1767 3069 2052 3122 inconfuse
2083 3085 2276 3131 unum,
2302 3085 2366 3123 ac
2396 3071 2540 3122 idem
2575 3071 2770 3122 ambos
2797 3085 2948 3133 esse;
2987 3071 3332 3138 alterumque

1763 3161 2029 3222 alterum,
2070 3174 2136 3212 ac
2189 3167 2360 3211 totum
2408 3168 2582 3212 totum
2631 3159 2985 3222 inscendere,
3031 3160 3331 3226 ambosque

1766 3255 1938 3301 totum
1993 3247 2172 3316 ipsum
2231 3252 2486 3316 tanquam
2546 3244 2730 3316 partes
2787 3263 2956 3301 unum
3016 3249 3329 3316 complere,

1769 3341 2057 3398 monstrat,
2083 3344 2252 3403 atque
2275 3337 2329 3389 in
2356 3351 2422 3389 eo
2453 3345 2514 3390 ut
2541 3344 2658 3390 toto
2684 3346 2868 3405 partes
2897 3337 3248 3393 uniformiter
3271 3355 3334 3393 ac

125 3429 308 3496 κόσμος
337 3432 441 3501 ὅλῳ
471 3433 553 3501 τῷ
583 3432 827 3503 αἰσθητῷ
873 3434 1148 3503 μυστικῶς
1186 3436 1298 3496 τοῖς
1319 3433 1664 3502 συμϐολικοῖς

1771 3427 1884 3496 ipsa
1943 3427 2112 3482 totius
2168 3429 2490 3498 integraque
2549 3429 2762 3483 ratione
2822 3430 3108 3499 compleri.
3161 3430 3334 3484 Totus

122 3514 267 3568 εἴδεσι
315 3521 652 3588 τυπούμενος
693 3521 943 3587 φαίνεται
992 3524 1103 3584 τοῖς
1150 3523 1281 3591 ὀρᾷν
1315 3522 1661 3590 δυναμένοις·

123 3605 203 3656 καὶ
224 3606 339 3669 ὅλος
377 3611 481 3678 ὅλῳ
515 3609 593 3678 τῷ
619 3611 792 3679 νοητῷ
819 3613 847 3663 ὁ
873 3612 1130 3681 αἰσθητὸς
1163 3614 1479 3678 γνωστικῶς
1525 3614 1670 3666 κατᾶ

120 3694 228 3745 νοῦν
272 3701 384 3760 τοῖς
417 3701 592 3765 λόγοις
641 3700 983 3768 ἀπλούμενος
1029 3703 1352 3772 ἐνυπάρχων
1376 3703 1542 3756 ἐστίν.
1581 3705 1667 3755 Ἐν

121 3785 297 3854 ἐκείνῳ
348 3789 478 3857 γὰρ,
520 3785 673 3852 οὗτος
713 3793 846 3852 τοῖς
880 3792 1058 3858 λόγοις
1110 3793 1261 3843 ἐστί·
1307 3794 1559 3854 κάκεῖνος
1608 3796 1667 3845 ὲν

119 3874 294 3944 τούτῳ,
326 3880 444 3943 τοῖς
488 3878 710 3940 τύποις·
739 3879 832 3930 καὶ
863 3879 924 3930 τὸ
966 3879 1123 3948 ἔργον
1174 3881 1352 3932 αὐτῶν
1379 3880 1455 3944 ἓν,
1486 3880 1668 3942 καθὼς

120 3963 177 4015 ἂν
215 3967 296 4035 εἴη
344 3969 562 4036 τροχὸς
611 3969 679 4021 ἐν
722 3966 802 4031 τῷ
856 3967 1065 4036 τροχῷ,
1097 3970 1260 4038 φησὶν
1287 3971 1315 4022 ὁ
1358 3969 1667 4038 θαυμαστὸς

118 4054 213 4106 τῶν
257 4059 522 4126 μεγάλων
557 4059 753 4129 θεατὴς
808 4057 1090 4127 ’1εζεχιὴλ,
1124 4061 1254 4129 περὶ
1307 4048 1414 4128 τῶν
1460 4058 1554 4115 δύο
1581 4063 1671 4115 κό-

123 4159 281 4212 σμων,
307 4144 485 4217 οἶμαι,
515 4150 709 4217 λέγων.
739 4151 848 4202 Καὶ
877 4146 1054 4202 πάλιν·
1078 4149 1153 4203 Τὰ
1178 4153 1286 4219 γὰρ
1311 4153 1530 4219 ἀόρατα
1561 4156 1668 4206 αὑ-

120 4236 212 4290 τοῦ
239 4238 353 4292 ἀπὸ
384 4240 637 4302 κτίσεως
659 4241 890 4306 κόσμου
918 4241 1037 4305 τοῖς
1065 4241 1352 4310 ποιήμασι
1379 4245 1671 4313 νοούμενα

121 4329 448 4394 καθορᾶται,
490 4329 653 4398 φησὶν
683 4333 710 4381 ὁ
744 4330 882 4392 θεῖος
928 4332 1271 4395 Ἀπόστολος.
1301 4335 1414 4386 Καὶν
1453 4338 1500 4388 εἰ
1540 4338 1672 4392 καθτ

119 4418 295 4483 agitat
319 4419 411 4471 διὰ
425 4419 532 4471 τῶν
563 4420 901 4486 φαινομένων
929 4422 996 4472 τὰ
1029 4422 1102 4491 μὴ
1136 4423 1456 4491 φαινόμενα,
1490 4427 1673 4491 καθὼς

119 4506 437 4575 γέγραπται,
483 4508 669 4578 πολλῷ,
698 4506 762 4577 δὴ
801 4510 896 4561 καὶ
934 4509 1021 4562 διὰ
1068 4511 1175 4562 τῶν
1211 4513 1286 4581 μὴ
1318 4517 1660 4584 φαινομένων

118 4595 218 4654 τοῖς
246 4594 453 4668 θεωρίᾳ
481 4598 823 4665 πνευματικῇ
845 4597 1247 4675 προσανέχρυσι
1272 4601 1342 4652 τὰ
1367 4605 1669 4672 φαινόμενα

1766 3521 1914 3576 enim
1947 3521 2184 3576 mundus
2213 3521 2597 3592 intelligihilis,
2630 3511 2745 3574 I'oto
2777 3520 2873 3573 illo
2902 3521 2994 3588 qui
3028 3521 3081 3572 in
3113 3536 3332 3574 sensum

1768 3612 1913 3667 cadit
1940 3614 2166 3682 mystice
2193 3613 2508 3683 symbolicis
2533 3612 2727 3666 formis
2757 3611 3040 3682 ﬁguratus,
3069 3611 3134 3666 iis
3165 3605 3333 3675 lucet,

1768 3704 1970 3771 quibus
2000 3713 2060 3756 ut
2081 3704 2303 3758 videant
2325 3713 2699 3772 comparatum
2725 3710 2839 3766 est;
2876 3710 3132 3769 totusque
3164 3703 3210 3755 is
3236 3705 3331 3770 qui

1766 3808 1929 3845 sensu
1959 3794 2281 3860 percipitur,
2308 3794 2361 3844 in
2391 3801 2508 3845 toto
2537 3792 2630 3844 illo
2652 3791 2746 3859 qui
2775 3799 2959 3845 mente
2985 3791 3330 3858 intelligitur,

1768 3881 1993 3935 scientia
2041 3897 2106 3934 ac
2153 3881 2528 3949 speculatione
2577 3880 2764 3934 animo
2812 3890 2973 3934 tenus
3022 3881 3332 3934 rationibus

1769 3970 2000 4040 simplex
2041 3972 2201 4025 inest.
2236 3973 2294 4024 In
2335 3972 2432 4026 illo
2474 3972 2643 4036 enim,
2677 3983 2863 4026 noster
2900 3966 2990 4026 hic
3031 3973 3333 4027 rationibus

1737 4074 1885 4129 ,est;
1924 4079 1986 4116 ac
2022 4065 2133 4147 ille,
2164 4065 2217 4117 in
2253 4074 2442 4118 nostro
2477 4065 2581 4117 hoc
2617 4065 2804 4134 ﬁguris
2837 4064 3053 4117 exsistit
3089 4082 3102 4116 :
3140 4075 3333 4133 estque
3419 4110 3422 4112 .

1710 4221 1715 4227 ,
1771 4170 1938 4206 unum
1971 4154 2189 4208 illorum
2217 4171 2376 4224 opus,
2402 4173 2463 4208 ac
2487 4155 2532 4209 si
2560 4165 2730 4208 rotam
2759 4157 2814 4208 in
2841 4166 2958 4210 rota
2988 4157 3004 4195 ί
3039 4171 3159 4209 esse
3184 4157 3334 4211 dixe-

1755 4245 1867 4308 'ris,
1899 4245 1976 4298 ait
2005 4246 2278 4299 mirabilis
2311 4239 2642 4316 magnarum
2665 4262 2846 4299 rerum
2881 4257 3160 4315 spectator
3193 4249 3332 4303 Eze-

1771 4336 1934 4401 chiel,
1961 4349 2084 4388 cum
2109 4337 2177 4388 de
2203 4337 2418 4390 duobus
2450 4347 2583 4415 puto
2611 4337 2832 4390 mundis
2859 4337 2935 4391 illi
2963 4353 3143 4391 sermo
3167 4347 3331 4400 esset,

1772 4427 2083 4495 lterumque
2119 4426 2196 4479 ait
2228 4427 2449 4481 divinus
2481 4419 2778 4497 Apostolus
2817 4445 2829 4480 :
2864 4428 3156 4508 Invisibilia
3197 4430 3335 4480 enim

1771 4518 1954 4586 ipsius,
1983 4534 2015 4569 a
2044 4525 2289 4570 creatura
2319 4517 2522 4580 mundi,
2553 4534 2634 4584 per
2673 4534 2734 4569 ea
2761 4534 2876 4586 qua:
2905 4519 3043 4586 facta
3077 4524 3217 4580 sunt,
3251 4519 3333 4569 in-

1773 4607 1978 4660 tellecta
2012 4600 2415 4676 conspiciuntur
2438 4606 2482 4658 i.
2515 4607 2712 4673 Atqui,
2742 4607 2785 4660 si
2823 4623 2920 4673 per
2951 4623 3013 4658 ea
3048 4622 3168 4674 quae
3208 4616 3337 4661 sunt

120 4685 450 4754 νοηθήσεται.
492 4689 610 4740 Τῶν
634 4687 742 4758 γὰρ
771 4686 977 4757 νοητῶν
998 4690 1031 4756 ή
1053 4689 1141 4742 διὰ
1162 4688 1270 4741 τῶν
1295 4692 1506 4759 ὁρατῶν
1529 4711 1666 4763 συμ-

1773 4698 2092 4766 conspicua,
2121 4711 2184 4748 ea
2209 4711 2330 4763 qua:
2358 4685 2583 4748 minime
2613 4696 2909 4763 conspicua
2938 4704 3086 4757 sunt,
3116 4697 3336 4764 conspi-

121 4773 292 4845 δολιχὴ
338 4777 572 4848 θεωρία,
603 4779 713 4832 τῶν
760 4779 1053 4850 ὁρωμένων
1082 4780 1200 4832 ἐστὶ
1229 4780 1318 4833 διὰ
1352 4781 1460 4834 τῶν
1502 4787 1666 4852 ἀορά-

1766 4787 2007 4848 ciuntur,
2033 4785 2110 4838 uti
2141 4786 2404 4853 scriptum
2432 4794 2544 4850 est;
2576 4786 2774 4854 potiori
2806 4786 2966 4853 longe
2996 4787 3205 4839 ratione
3239 4803 3338 4854 per

118 4881 214 4914 των
242 4871 599 4938 πνευματικὴ
637 4867 916 4949 ἐπιστήμη
968 4872 1059 4923 καὶ
1101 4871 1301 4940 νόησις.
1338 4873 1428 4924 Δεῖ
1457 4873 1565 4943 γὰρ
1601 4875 1666 4927 τὰ

1766 4891 1831 4929 ca
1867 4890 1988 4944 quae
2025 4891 2132 4928 non
2173 4884 2302 4928 sunt
2337 4876 2655 4944 conspicua,
2689 4892 2753 4929 ea
2791 4892 2913 4945 qua:
2955 4885 3083 4930 sunt
3119 4877 3337 4944 conspi-

121 4953 344 5023 ἀλλήλων
374 4956 515 5010 ὄντα
555 4959 847 5028 δηλωτικὰ,
879 4961 1092 5024 πάντως
1112 4961 1333 5031 ἀληθεῖς
1364 4965 1458 5014 καὶ
1485 4963 1666 5034 ἀριδή·

1768 4979 1892 5034 cua,
1929 4965 1997 5019 iis
2035 4965 2431 5035 intelligentur,
2467 4967 2560 5035 qui
2609 4968 2844 5037 spiritali
2885 4966 3338 5035 contemplationi

120 5042 231 5106 λους
273 5046 374 5108 τὰς
424 5047 680 5116 ἀλλήλων
710 5051 854 5120 ἔχειν
884 5052 1175 5122 ἐμφάσεις,
1213 5053 1307 5107 καὶ
1341 5053 1438 5124 τὴν
1471 5055 1558 5107 ἐπ’
1580 5057 1666 5110 αὑ·

1773 5058 2014 5112 animum
2038 5059 2352 5112 attendunt.
2377 5059 2684 5129 Symbolica
2710 5060 2856 5113 enim
2888 5057 3334 5126 intelligibiliur‘n,

121 5137 225 5196 ταῖς
249 5136 436 5206 σχέσιν
468 5135 772 5207 ἀλὼὁητον.
1279 5168 1282 5169 ν

1775 5165 1873 5218 per
1920 5165 1984 5204 ea
2034 5167 2156 5220 quae
2203 5152 2256 5204 in
2311 5151 2590 5220 aspectum
2637 5151 2864 5213 cadunt,
2914 5149 3333 5216 contemplatio,

123 5241 287 5280 rerum
333 5226 788 5296 aspectabilium,
852 5231 952 5300 'per
994 5248 1087 5287 eas
1125 5248 1247 5303 quae
1286 5233 1706 5304 inaspectabiles
1741 5249 1890 5302 sunt,
1963 5242 2232 5310 spiritalis
2277 5243 2507 5296 scientia
2553 5258 2617 5296 ac
2667 5242 3023 5310 intelligentia
3064 5242 3334 5293 noscitur.

123 5316 331 5386 Oportet
352 5322 534 5383 enim,
561 5335 799 5388 quorum
852 5334 1041 5379 mutua
1094 5327 1422 5396 signiﬁcatio
1451 5338 1556 5388 est.
1578 5345 1736 5384 veras
1773 5333 1998 5386 omnino
2029 5349 2092 5387 ac
2120 5335 2438 5404 perspicuas
2467 5334 2609 5388 inter
2636 5351 2693 5388 se
2725 5333 2953 5386 invicem
2983 5341 3339 5398 repraasenta-

124 5413 285 5466 tiones
305 5412 548 5475 habere,
569 5421 626 5464 et
646 5427 765 5466 eam
789 5429 910 5482 quae
933 5428 1017 5471 est
1040 5434 1096 5471 In
1117 5418 1254 5488 ipsis
1279 5421 1679 5481 habitudinem.
1719 5439 1814 5479 seu
1843 5426 2185 5490 relationem,
2234 5428 2384 5482 nulla
2438 5442 2503 5481 ex
2529 5433 2680 5496 parte
2707 5431 2766 5477 ut
2790 5423 3098 5492 integritate
3126 5421 3339 5475 minua-

127 5507 221 5565 tur,
237 5501 548 5570 quidquam
577 5499 696 5553 lardi
720 5515 899 5567 posse.

161 5715 396 5772 .il'Izccb
448 5731 485 5767 ε.
522 5713 606 5766 l6.
688 5713 699 5760 1
734 5712 886 5768 lion].
914 5716 1070 5780 1,90-
