3958 6338
657 416 754 481 οτι

1254 534 1477 590 CAPUT
1528 536 1616 590 Ill.

659 625 836 679 Etiam
867 624 1026 677 solius
1058 625 1255 687 mundi,
1288 627 1375 694 qui
1410 628 1462 696 in
1496 643 1704 696 sensum
1734 628 1892 690 cadit,
1926 627 2206 696 imaginem

1003 708 1109 746 esse
1143 703 1384 748 sanctam
1417 695 1514 748 Dei
1550 695 1856 749 Ecclesium.

676 798 689 806 ’
727 803 1043 871 Rursusque
1090 803 1261 858 solius
1307 804 1497 857 mundi
1544 805 1638 872 qui
1691 805 1744 857 in
1792 817 2012 858 sensum
2061 800 2208 856 cadit

659 893 954 948 secundum
989 910 1074 956 se,
1107 909 1169 947 ac
1203 895 1429 954 seorsim
1465 894 1722 962 Spectati,
1750 894 2054 964 symbolum
2088 905 2209 944 esse

658 983 841 1035 aiebat
867 993 1110 1037 sanetam
1141 984 1236 1036 Dei
1272 984 1593 1048 Ecclesiam,
1620 993 1681 1038 ut
1708 998 1828 1052 quze
1861 984 2059 1038 coelum
2090 981 2212 1049 qui-

657 1073 813 1136 dem,
856 1073 1102 1127 divinum
1151 1075 1477 1139 sacrarium;
1532 1084 1734 1128 terram
1778 1083 1989 1136 autem,
2032 1070 2216 1140 templi

658 1161 911 1216 decorem
943 1164 1212 1238 obtineat.
1245 1159 1510 1218 Similiter
1543 1173 1723 1218 autem
1758 1165 1922 1219 etiam
1956 1161 2217 1216 mundum

658 1267 777 1304 esse
803 1253 1120 1317 Ecclesiam,
1142 1255 1234 1322 qui
1258 1255 1457 1308 emlum
1483 1256 1727 1323 quidem.
1746 1256 1984 1314 sacrario
2009 1253 2214 1318 simile,

663 1350 823 1396 terra:
851 1354 1031 1397 autem
1062 1353 1337 1408 ornatum,
1365 1347 1568 1414 templo
1595 1345 1809 1399 amnem
1837 1345 2055 1398 habeat.

1165 1547 1330 1618 (.93
1364 1547 1587 1603 CAPUT
1621 1549 1708 1603 ιν.

661 1635 1026 1709 Quomodo,_et
1060 1655 1174 1709 qua;
1197 1642 1399 1692 ratione
1433 1641 1692 1692 hominem
1721 1639 1996 1708 symbolice
2027 1639 2218 1706 referat

730 1717 906 1778 sancta
932 1706 1026 1778 Dei
1052 1706 1306 1773 Ecclesia,
1330 1709 1602 1778 ipsamque
1625 1706 1848 1762 vicissim
1881 1717 1934 1761 ut
1960 1709 2217 1761 hominem

727 1777 877 1827 horno
906 1775 1117 1843 referat.

730 1887 938 1941 Rursus
982 1887 1146 1942 etiam
1194 1890 1496 1943 secundum
1539 1889 1799 1959 Spiritalis
1843 1887 2215 1958 intelligentia:

662 1975 902 2039 modum,
939 1978 1213 2033 hominem
1249 1996 1370 2036 esse
1405 1981 1584 2034 aiebat
1614 1989 1857 2035 sanctam
1890 1980 1985 2033 Dei
2020 1979 2210 2032 Eccle-

660 2063 794 2118 siam
842 2083 854 2118 :
901 2083 1020 2134 quze
1064 2071 1299 2122 animam
1343 2070 1595 2141 quidem,
1634 2071 1936 2125 sacrarium
1981 2069 2210 2132 habeat,

661 2164 1023 2226 mentemque,
1053 2160 1298 2212 divinum
1341 2163 1534 2224 altare,
1565 2177 1628 2214 ac
1668 2175 1886 2227 corpus,
1918 2158 2209 2226 templum;

660 2254 721 2298 ut
758 2264 877 2314 quze
922 2250 1134 2303 scilicet
1171 2253 1292 2320 ejus
1335 2252 1512 2321 imago
1556 2267 1619 2305 ac
1654 2250 1980 2315 similitudo,
2015 2249 2107 2319 qui
2145 2249 2213 2302 ad

660 2336 948 2404 imaginem
980 2354 1042 2392 ac
1068 2340 1689 2396 similitudinem'l‘actus
1715 2350 1798 2394 est
1824 2339 2085 2410 (hominis
2109 2338 2215 2392 sci-

658 2425 808 2492 licet)
839 2428 1082 2482 exsistat.
1109 2428 1237 2494 Quaz
1265 2431 1523 2484 nimirum
1553 2447 1652 2500 per
1681 2430 1942 2499 templum
1969 2429 2209 2499 quidem,
2255 2434 2262 2440 '

659 2518 808 2569 velut
865 2536 962 2588 per
1011 2536 1245 2590 corpus,
1295 2524 1554 2578 moralem
1613 2521 1914 2592 praetendat
1968 2522 2211 2590 pbiloso«

661 2611 873 2676 pbiam;
933 2628 1029 2680 per
1075 2613 1372 2667 sacrarium
1428 2623 1638 2677 autem,
1686 2621 1744 2664 ut
1801 2627 1898 2680 per
1943 2611 2209 2675 animam,

657 2702 958 2754 naturalem
984 2704 1496 2771 contemplationem
1522 2704 1840 2772 spiritaliter
1863 2712 2123 2771 exponat;
2151 2716 2214 2754 ac

658 2789 875 2842 demum
911 2808 1008 2860 per
1037 2792 1284 2846 divinum
1321 2795 1513 2856 altare,
1543 2804 1796 2861 tanquam
1832 2809 1926 2862 per
1952 2802 2210 2857 mentem,

659 2867 938 2946 mysticam
979 2883 1307 2952 theologiam
1347 2885 1606 2951 proferat.
1635 2873 1998 2951 Vicissimque
2035 2883 2211 2936 homi-

658 2983 804 3030 nem,
832 2969 1127 3023 Eeclesiam
1157 2972 1457 3040 mysticam,
1486 2974 1578 3040 qui
1610 2973 1867 3025 nimirum
1894 2987 1990 3040 per
2016 2985 2214 3038 corpus

659 3066 914 3124 tanquam
967 3074 1063 3126 per
1113 3060 1404 3135 templum,
1452 3071 1659 3129 partem
1709 3059 1876 3113 animi
1934 3058 2210 3130 agentem,

657 3149 908 3202 mandata
967 3151 1277 3218 operando,
1331 3165 1429 3220 per
1487 3150 1748 3204 moralem
1811 3139 2211 3219 philosophiam

1797 424 1859 482 s.
1899 423 2182 482 MAXIMI
2220 391 2725 482 eonsnssoms
3133 483 3143 485 _
3748 423 3834 485 ετξ

2902 535 3147 590 ΚΕΦΑΛ.
3185 535 3258 590 1".

2312 629 2439 682 Ὀτι
2465 629 2561 682 καί
2575 630 2763 697 μόνου
2778 628 2882 682 τοῦ
2908 627 3188 697 αἰσθητοῦ
3216 628 3440 694 κόσμου
3472 626 3643 681 ἐστὶν
3668 627 3831 689 δικὼν,

2626 697 2666 763 ’ἡ
2705 697 2840 764 ἁγία
2867 696 2970 750 τοῦ
2998 695 3144 750 Θεοῦ
3182 697 3530 760 Ἐκκλησία.

2381 808 2491 860 Καὶ
2519 801 2672 870 αὖθις
2704 807 2862 876 μόνου
2882 807 2973 858 τοῦ
3007 805 3263 876 αἰσθητοῦ
3308 806 3514 874 κόσμου
3531 803 3649 856 καθ’
3668 803 3834 857 ἑαυτὸν

2315 897 2412 965 τὴν
2466 897 2624 964 ἁγίαν
2692 896 2784 949 τοῦ
2836 896 2968 949 Θεοῦ
3030 895 3348 965 Ἐκκλησίαν
3393 892 3532 947 εἶναι
3579 893 3830 962 σύμϐολον,

2313 987 2547 1053 ἔφασκεν
2567 1004 2579 1017 ·
2609 987 2683 1051 ὼς
2721 988 2944 1057 οὐρανὸν
3003 986 3119 1056 μὲν,
3143 987 3218 1038 ’τὸ
3249 987 3391 1039 θεῖον
3419 986 3680 1055 ἱερατεῖον
3707 983 3833 1052 Exon-

2314 1093 2410 1128 σαν
2433 1090 2448 1106 ⁸
2480 1078 2580 1146 γῆν
2615 1077 2695 1140 δὲ,
2719 1077 2815 1147 τὴν
2844 1077 3171 1146 εὐπρέπειαν
3209 1076 3300 1128 τοῦ
3330 1075 3456 1128 ναοῦ
3496 1075 3831 1143 κεκτημένην.

2326 1165 2593 1228 Ὡσαύτως
2628 1166 2686 1220 δὲ
2724 1168 2816 1219 καὶ
2845 1165 2934 1218 τὸν
2965 1167 3168 1236 κόσμον
3196 1167 3460 1235 ὑπάρχειν
3495 1164 3831 1234 Ἐκκλησίαν·

2317 1252 2565 1323 ἱερατείῳ
2616 1254 2713 1322 μὲν
2747 1254 2959 1307 ἐοικότα
2991 1255 3082 1306 τὸν
3130 1255 3354 1324 οὐρανὸν
3399 1252 3622 1324 ἔχοντα’
3657 1249 3756 1320 ναῷ
3771 1249 3833 1312 δὲ,

2313 1342 2414 1410 τὴν
2443 1343 2583 1396 κατά
2607 1347 2708 1413 γῆν
2737 1343 3110 1414 διακόσμησιν.

2907 1543 3156 1597 ΚΕΦΔΛ.
3200 1548 3269 1597 A'.

2314 1636 2445 1701 Πῶς
2492 1652 2554 1688 rs
2610 1635 2706 1688 καὶ
2755 1635 2903 1699 ποίῳ
2943 1634 3136 1701 τρόπῳ
3182 1634 3556 1702 συμϐολικῶς
3597 1634 3835 1693 εἰκονίῶ

2387 1707 2488 1758 τόν
2533 1704 2842 1770 ἄνθρωπον
2884 1702 2920 1768 ἡ
2971 1703 3104 1770 ἁγία
3157 1703 3262 1755 τοῦ
3324 1704 3469 1757 Θεοῦ
3519 1705 3838 1766 'Exzulnala'

2381 1773 2478 1826 καὶ
2510 1771 2660 1838 αὑτὴ
2709 1773 2790 1835 ὡς
2825 1771 3129 1838 ἄνθρωπος
3153 1774 3253 1824 ὑπ’
3287 1773 3470 1826 αὑτοῦ
3510 1772 3838 1832 εὶκονίζεται.

2381 1885 2486 1938 Καὶ
2517 1884 2675 1937 πάλιν
2717 1883 2834 1936 κατ’
2878 1882 3032 1936 ἄλλον
3067 1883 3263 1952 τρόπον
3292 1881 3517 1951 θεωρίας
3537 1921 3551 1945 ,
3582 1882 3843 1950 ἄνθρωπον

2312 1974 2450 2028 εἶναι
2498 1975 2596 2042 τὴν
2620 1973 2781 2040 ἁγίαν
2817 1971 2910 2025 τοῦ
2936 1961 3071 2024 Θεοῦ
3112 1970 3439 2041 Ἐκκλησίαν
3471 1968 3656 2039 ἔλεγεἱ
3689 1971 3843 2040 ψυχὴν

2316 2061 2412 2131 μὲν
2457 2053 2684 2129 ἔχουσαν
2721 2058 2780 2110 τὸ
2815 2059 3074 2129 ἱερατείον
3093 2075 3106 2090 ·
3137 2059 3231 2111 καὶ
3258 2057 3400 2123 νοῦν,
3439 2058 3498 2110 τδ
3519 2058 3657 2111 θεῖον
3682 2057 3841 2110 θυσια-

2314 2153 2553 2221 στήριον·
2591 2148 2884 2220 καὶσῶμα,
2913 2149 3001 2202 τὸν
3031 2149 3157 2202 ναόν
3179 2165 3193 2178 ⁸
3243 2149 3316 2212 ὡς
3345 2148 3524 2202 εἰκόνα
3551 2148 3646 2201 καὶ
3670 2147 3842 2216 ὁμοίω-

2314 2259 2396 2294 σιν
2439 2241 2786 2313 ὑπάρχουσαν
2828 2239 2920 2294 τοῦ
2967 2241 3085 2293 κατ’
3117 2241 3297 2293 εἰκόνα
3333 2239 3469 2292 Θεοῦ
3503 2240 3593 2292 καὶ
3613 2238 3843 2309 ὁμοίωσιν

2311 2338 2598 2408 γενομένου
2686 2329 2969 2412 ἀνθρώπου
2987 2352 3001 2366 °
3028 2335 3122 2388 καὶ
3157 2335 3242 2388 διὰ
3273 2336 3369 2405 μὲν
3388 2335 3480 2388 τοῦ
3509 2333 3653 2398 ναοῦ,
3677 2335 3746 2396 ὡς
3768 2332 3841 2386 διὰ

2313 2428 2584 2498 σώματος,
2640 2425 2738 2497 τὴν
2774 2425 2966 2496 ἠθικὴν
3021 2425 3335 2495 φιλοσοφίαν
3391 2425 3838 2497 προϐαλλομένην*

2310 2518 2397 2572 διὰ
2454 2519 2510 2570 δὲ
2553 2515 2647 2571 τοῦ
2707 2517 2993 2587 ἱερατείου,
3025 2517 3098 2580 ὡς
3149 2518 3238 2570 διὰ
3281 2517 3478 2588 ψυχῆς,
3505 2518 3598 2587 τὴν
3637 2515 3842 2585 φυσικὴν

2313 2609 2546 2680 Θεωρίαν
2571 2608 2950 2678 πνευματικῶς
2977 2608 3346 2679 ἐξηγουμένην
3369 2626 3382 2639 ο
3420 2610 3514 2662 καὶ
3539 2608 3611 2671 ὡς
3639 2607 3720 2662 διὰ
3744 2606 3842 2667 νοὸς

2312 2697 2404 2750 τοῦ
2429 2697 2572 2750 θείου
2600 2697 3004 2767 θυσιαστηρίου,
3035 2698 3132 2766 τὴν
3175 2698 3439 2767 μυστικὴν
3469 2697 3734 2764 θεολογίαν
3760 2697 3845 2763 ὲμ-

2313 2789 2623 2842 ϐαίνουσαν.
2671 2789 2780 2842 Καὶ
2824 2787 3072 2855 ἔμπαλιν,
3123 2787 3448 2856 Ἐκκλησίαν
3488 2787 3744 2855 μυστικὴν
3767 2783 3842 2836 τὸν

2313 2878 2613 2948 ἄνθρωπον,
2674 2879 2748 2940 ὡς
2779 2878 2865 2930 διά
2889 2877 3016 2931 ναοῦ
3067 2878 3163 2946 μὲν
3204 2879 3295 2929 τοῦ
3328 2878 3592 2946 σώματος,
3644 2877 3701 2928 τὸ
3727 2891 3845 2945 πρα-

2319 2967 2502 3020 κτικὸν
2529 2969 2628 3036 τῆς
2655 2967 2829 3036 ψυχῆς
2877 2969 2992 3028 ταῖς
3029 2967 3136 3019 τῶν
3168 2967 3392 3020 ὲντολῶν
3417 2965 3710 3036 ἐνεργείαις
3726 2963 3844 3017 κατὰ

2313 3058 2411 3127 τὴν
2463 3057 2659 3127 ἠθικὴν
2703 3057 3015 3126 φιλοσοφίαν
3067 3057 3335 3128 ὲναρέτως
3377 3053 3844 3127 φαιδρύνονταοὼς

2311 3149 2379 3202 δι’
2407 3148 2672 3218 ἱερατείου
2730 3149 2787 3202 δὲ
2832 3149 2928 3218 τῆς
2981 3148 3154 3219 ψυχῆς
3189 3149 3315 3212 τοὺς
3342 3150 3463 3202 κατ’
3497 3148 3739 3219 αῐσθησιν
3761 3144 3843 3210 ιλιι

658 3239 919 3291 virtutum
955 3239 1102 3293 cultu
1136 3240 1400 3294 exhilaret
1431 3255 1493 3294 ac
1527 3248 1818 3310 perornet,
1845 3254 1942 3308 per
1979 3240 2214 3294 animam

2315 3255 2465 3306 γους,
2501 3237 2754 3310 καθαρῶς
2778 3239 2836 3292 ὲν
2849 3237 3116 3308 πνεύματι
3131 3241 3229 3308 τῆς
3257 3237 3387 3306 ὕλης
3413 3235 3842 3306 περιτμηθέντας.

657 3340 859 3394 autem,
889 3338 948 3382 nt
986 3317 1306 3395 sacrarium,
1334 3347 1446 3395 eas,
1479 3349 1599 3400 quae
1635 3347 1701 3385 ex
1740 3347 1904 3387 sensu
1944 3331 2215 3386 ducuntur

2314 3329 2453 3384 κατὰ
2480 3332 2578 3399 τὴν
2613 3327 2854 3404 ἱφυσικὴν
2892 3321 3118 3398 θεωρίαν
3141 3330 3228 3381 διὰ
3257 3329 3415 3396 λόγου
3455 3327 3532 3398 τῷ
3558 3327 3674 3396 Θεῷ
3699 3339 3845 3394 προσ·

659 3417 917 3470 rationes.
949 3433 1081 3483 pure
1111 3419 1165 3470 in
1196 3419 1413 3486 spiritu,
1446 3430 1724 3488 amputata
1759 3422 1826 3475 ab
1855 3422 1933 3477 eis
1970 3422 2214 3485 materia,

2314 3417 2643 3491 κομίζοντα¹’
2678 3405 2773 3472 καὶ
2809 3420 2885 3482 ὡς
2931 3420 3017 3472 διὰ
3056 3418 3441 3489 θυσιαστηρίου
3471 3418 3562 3470 τοῦ
3591 3415 3724 3478 νοὸς,
3763 3413 3845 3482 τὴν

659 3507 887 3559 naturali
921 3509 1292 3574 speculatione
1324 3526 1419 3576 per
1449 3514 1716 3581 rationem
1746 3511 1857 3562 Deo
1890 3511 2082 3563 oll‘erat
2111 3529 2122 3562 :
2156 3526 2215 3564 ac

2314 3513 2371 3562 ὲν
2409 3509 2618 3573 ἀδύτοις
2655 3509 3026 3579 πολυύμνητρν
3065 3509 3164 3576 τῆς
3193 3508 3430 3576 ἀφανοῦς
3459 3507 3552 3558 καὶ
3597 3503 3848 3573 ἀγνώστου

661 3596 894 3663 denique
920 3612 1018 3665 per
1041 3607 1298 3660 mentem,
1327 3607 1384 3650 ut
1411 3599 1603 3660 altare,
1626 3597 2059 3652 laudatis’simum
2085 3599 2215 3651 illud

2319 3600 2724 3669 μεγαλοφωνίας
2779 3599 2936 3668 σιγὴν
2974 3600 3070 3668 τῆς
3118 3598 3387 3667 θεότητος,
3419 3597 3486 3649 δι’
3519 3595 3683 3664 ἄλλης
3708 3592 3847 3646 λάλου

660 3685 804 3754 quod
838 3686 891 3738 in
924 3687 1293 3754 penetralibus
1324 3695 1429 3753 est,
1457 3687 1677 3741 Obscuri
1713 3688 1986 3756 ignutique
2013 3689 2214 3741 clamo-

2315 3702 2374 3737 τε
2400 3686 2493 3738 καὶ
2529 3684 2902 3751 πολυφθόγγου
2933 3684 3090 3752 σιγῆς
3120 3683 3597 3755 προσκαλούμενον
3624 3699 3636 3712 ·
3674 3681 3758 3734 καὶ
3787 3679 3847 3739 ὡς

660 3777 735 3830 ris
775 3777 1048 3830 silentium
1091 3778 1330 3842 deitatis,
1367 3795 1463 3848 per
1503 3779 1650 3832 aliud
1696 3779 1892 3848 loquax
1932 3779 2213 3833 vocalissi-

2319 3775 2539 3844 ἐφικτὸν
2595 3774 2885 3844 ἀνθρώπῳ,
2933 3775 3069 3828 κατά
3119 3775 3386 3846 μυστικὴν
3433 3774 3704 3842 θεολογίαν
3729 3771 3846 3838 αὐτῇ

659 3869 1220 3936 ιηυιιιιμιερείιρηιὶυιη
1251 3871 1506 3935 asciscat;
1544 3886 1625 3935 ac,
1651 3870 1831 3938 quoad
1860 3870 1978 3939 ejus
2009 3869 2214 3923 homini

2314 3866 2728 3936 συγγινόμενον⁶
2774 3866 2866 3919 καὶ
2907 3865 3142 3919 τοιοῦτον
3193 3867 3493 3936 γινόμενον,
3551 3859 3662 3919 οἷον
3723 3861 3850 3922 εἰκὸς

653 3974 976 4014 concessum
1009 3972 1110 4024 est,
1144 3979 1242 4031 per
1273 3963 1552 4032 mysticam
1594 3962 1921 4032 theologiam
1962 3961 2038 4014 illi
2083 3955 2215 4031 coh-

2314 3955 2448 4012 εϊναι
2480 3957 2560 4010 δεῖ
2601 3959 2691 4010 τὸν
2723 3957 3014 4026 ἐπιδημίας
3055 3955 3348 4021 ἀξιωθέντα
3401 3955 3570 4022 Θεοῦ,
3615 3957 3706 4009 καὶ
3745 3953 3851 4012 ταῖς

659 4053 896 4114 ευρςρπι,
931 4051 1158 4119 talisque
1205 4051 1315 4116 ﬁat,
1345 4053 1562 4120 qualem
1605 4066 1731 4106 eum
1771 4066 1890 4105 esse
1928 4059 2215 4105 consenta-

2314 4048 2475 4101 αὑτοῦ
2504 4049 2820 4118 παμφαέσιν
2848 4047 3053 4116 αἷγλαις
3075 4044 3498 4116 ἐνστημανθέντα.

661 4156 819 4192 neum
844 4150 946 4203 est,
965 4143 1057 4210 qui
1088 4143 1270 4197 divina
1297 4143 1402 4196 frui
1431 4144 1721 4212 prmsentia
1746 4141 1970 4205 meruit,
1993 4142 2220 4210 ejusque
2269 4171 2277 4184 ι

661 4231 817 4298 longe
845 4226 1163 4286 clarisSimis
1191 4234 1492 4301 fulgoribus
1521 4234 1814 4302 insignitus
1839 4241 1938 4284 est.
1967 4223 1976 4234 ’

2237 4341 2304 4350 ———

1271 4411 1491 4466 CAPUT
1530 4413 1595 4465 V.

663 4501 943 4565 Quomodo,
973 4516 1032 4551 ac
1061 4517 1292 4568 quanam
1325 4518 1503 4553 rursus
1529 4503 1754 4563 ratione,
1781 4501 1969 4552 anima:
1994 4498 2207 4568 scorsim

724 4578 1002 4636 separatw,
1024 4567 1195 4639 imago
1215 4572 1282 4622 sit
1307 4587 1368 4622 ac
1392 4580 1542 4639 typus
1563 4583 1743 4623 sancta
1766 4568 1860 4622 Dei
1882 4567 2133 4622 Ecclesia.

729 4747 909 4814 Neque
935 4746 1256 4808 verototius
1282 4746 1538 4810 hominis,
1568 4748 1660 4815 qui
1697 4762 1762 4800 ex
1797 4748 1976 4800 anima
2007 4753 2062 4798 et
2088 4760 2208 4798 cor-

662 4851 790 4903 pore
823 4838 1185 4910 constituitur
1220 4843 1345 4906 (qua
1384 4839 1595 4892 scilicet
1630 4839 1839 4891 ratione
1877 4838 2213 4905 compositus

659 4927 759 4992 est)
813 4913 968 4998 desse
1016 4927 1279 4980 duntaxat
1324 4943 1444 4981 esse
1492 4927 1780 4996 imaginem
1829 4935 2069 4980 sanctam
2116 4927 2211 4978 Dei

663 5013 977 5078 licclcsiatli,
1013 5016 1270 5080 docebat;
1314 5033 1502 5070 verum
1545 5019 1708 5071 etiam
1753 5005 1946 5069 anima:
1985 5015 2211 5069 seorsim

662 5123 756 5174 per
794 5107 1060 5161 rationem
1100 5107 1456 5162 considerata:
1499 5125 1511 5159 :
1549 5109 1759 5175 quippe
1783 5098 1873 5175 qui
1906 5122 1970 5160 ex
2006 5107 2208 5160 intelli-

662 5197 808 5263 genti
846 5205 901 5249 et
933 5195 1152 5249 animali
1188 5194 1445 5248 facultate
1479 5195 1777 5249 universim
1810 5196 2042 5248 animam
2077 5211 2208 5250 eon-

663 5295 805 5339 stare
831 5287 1029 5348 aiebat,
1059 5302 1121 5340 ac
1147 5286 1251 5339 vim
1277 5285 1497 5352 quidem
1526 5285 1911 5353 intelligentem
1946 5287 2116 5340 libere
2145 5301 2225 5365 ea

661 5377 937 5429 voluntate
961 5375 1124 5446 499
1148 5375 1379 5437 moveri;
1405 5375 1690 5426 animalem
1712 5384 1892 5428 autem
1917 5377 1994 5429 uti
2019 5387 2228 5429 natura.

667 5465 739 5516 illi
766 5477 1135 5535 comparatum
1161 5475 1244 5519 est
1268 5465 1405 5518 citra
1432 5466 1594 5518 ullam
1617 5465 1958 5530 elﬁctionem,
1984 5476 2216 5520 motum-

665 5569 769 5619 que
801 5554 1055 5618 liber'um,
1089 5555 1160 5608 ita
1191 5569 1430 5607 manere.
1462 5554 1779 5621 Rursusque
1807 5554 1873 5606 ad
1907 5554 2212 5621 intelligen-

583 5661 585 5663 ί
671 5650 775 5693 tem
801 5644 1016 5710 quidem
1051 5645 1358 5699 facultatem
1385 5655 1648 5713 spectare,
1676 5653 1784 5697 tum
1812 5642 2211 5711 contemplandi

635 5749 638 5754 ·
672 5731 797 5794 vim,
822 5735 932 5784 tum
963 5734 1151 5800 agendi
1185 5752 1194 5786 :
1229 5745 1387 5803 atque
1414 5733 1518 5786 vim
1545 5733 1762 5802 quidem
1789 5731 2211 5800 contemplandi,

2911 4400 3158 4454 ΚΕΦΑΛ.
3181 4401 3254 4456 Ε’.
3648 4445 3649 4448 η

2311 4491 2443 4563 Πῶς
2475 4492 2570 4544 καὶ
2604 4491 2750 4563 ποίῳ
2773 4491 2963 4558 τρόπῳ
2989 4491 3172 4563 πτίλων·
3199 4490 3304 4558 τῆς
3324 4489 3525 4563 ψυχῆς
3561 4489 3695 4563 καθ’Δ
3731 4488 3850 4563 ἑαυ;

2383 4561 2496 4627 τὴν
2519 4561 2846 4629 νοουμένης
2864 4603 2879 4624 ,
2917 4559 3090 4614 εἰκών
3103 4577 3164 4613 τε
3189 4563 3284 4613 καὶ
3327 4559 3510 4625 tuaac
3539 4560 3577 4627 ἡ
3600 4559 3733 4626 ἁγία
3762 4559 3850 4608 τοῦ

2388 4630 2534 4684 Θεοῦ
2580 4631 2924 4696 Ἐκκλησία.

2378 4741 2485 4792 Καὶ
2505 4739 2600 4807 οὐχ
2624 4739 2742 4791 ὅλου
2772 4739 2867 4807 μὲν
2897 4735 2990 4790 τοῦ
3012 4735 3321 4805 ἀνθρώπου,
3343 4733 3441 4786 τοῦ
3488 4734 3550 4784 ἐκ
3573 4732 3749 4801 ψυχῆς
3772 4732 3849 4782 καὶ

2310 4831 2556 4900 σώματος
2609 4829 2750 4882 κατὰ
2809 4828 3054 4894 σύνθεσίν
3103 4843 3242 4895 φημι
3289 4824 3648 4886 συνεστῶτος,
3691 4825 3850 4876 εἰκόνα

2313 4923 2470 4990 μόνον
2530 4917 2664 4973 εἴναι
2715 4919 2968 4980 δύνασθαι
3009 4918 3104 4985 τὴν
3148 4916 3306 4982 ἁγίαν
3351 4915 3675 4984 Ἐκκλησίαν
3694 4917 3848 4970 ἐδίδα-

2314 5029 2440 5064 σκεν
2465 5029 2478 5043 ·
2531 5011 2676 5064 ἀλλά
2715 5014 2808 5064 καὶ
2851 5011 3016 5077 αὐτῆς
3057 5007 3154 5074 τῆς
3178 5005 3352 5075 ψυχῆς
3396 5007 3517 5060 καθ’
3564 5008 3755 5079 ἑαυτὴν
3785 5005 3850 5075 τῷ

2315 5102 2454 5171 λόγῳ
2500 5086 2893 5171 θεωρουμένης.
2976 5097 3190 5167 Ἐπειδὴ
3249 5097 3356 5167 γὰρ
3417 5099 3483 5152 ὲκ
3531 5103 3718 5171 νοερᾶς
3771 5097 3848 5151 καὶ

2316 5192 2548 5262 ζωτικῆς
2570 5174 2853 5259 δυνάμεως
2874 5187 3169 5250 καθολικῶς
3194 5189 3540 5244 συνίστασθαι
3566 5192 3662 5262 τὴν
3691 5189 3848 5259 ψυχὴν

2307 5283 2554 5349 ’ἔφασκεο
2612 5281 2704 5332 καὶ
2741 5279 2840 5346 τῆς
2887 5279 2982 5348 μὲν
3029 5280 3238 5349 νοερᾶς·
3264 5279 3682 5344 ὲξουσιαστικῶς
3725 5277 3848 5332 κατά

2321 5372 2570 5438 βούλησιν
2620 5369 2966 5439 κινουμένης,
3019 5369 3111 5439 τῆς
3159 5371 3214 5423 δὲ
3258 5372 3493 5442 ,ζωτικῆς
3529 5371 3664 5424 κατά
3707 5366 3848 5440 φύσιν

2318 5462 2714 5532 ἀπροαιρέτως,
2760 5462 2834 5522 ὡς
2885 5461 3014 5530 ἔχει,
3047 5463 3329 5533 μενούσης.
3405 5465 3512 5517 Καὶ
3560 5465 3738 5527 πάλιν,
3763 5461 3846 5524 τῆς

2319 5556 2417 5623 μὲν
2466 5554 2655 5621 νοερᾶς
2709 5548 2846 5604 εἶναι
2899 5554 2956 5604 τό
3000 5571 3057 5605 τε
3098 5554 3444 5626 θεωρητικὸν,
3489 5558 3577 5610 καὶ
3613 5557 3674 5608 τὸ
3714 5568 3844 5622 ,πρα-

2315 5640 2498 5692 κτικόν
2521 5657 2533 5670 '
2559 5641 2646 5691 καὶ
2667 5639 2723 5690 τὸ
2749 5640 2844 5708 μὲν
2875 5641 3217 5712 θεωρητικὸν,
3242 5644 3652 5697 καλεῖσθαινοῦν
3681 5643 3845 5703 ἔλεγε·

2315 5731 2369 5781 τδ
2399 5729 2453 5781 δὲ
2487 5729 2800 5798 πρακτικὸν,
2834 5732 2984 5800 λόγον
3004 5750 3015 5764 ·
3046 5734 3137 5788 καὶ
3165 5736 3256 5803 τῆς
3281 5734 3376 5802 μὲν
3393 5717 3576 5806 νοερᾶς
3589 5733 3847 5799 δυνάμεως
