3958 6338
175 417 285 484 573

1536 421 1586 478 Μ
1598 421 1920 479 YSTAGOG
1935 421 2002 478 ῙΛ
2015 465 2027 478 .

3280 403 3383 486 (sit

178 523 462 595 κινητικὸν
495 522 633 578 εἶναι
665 523 753 576 τὸν
789 524 950 578 νοῦν·
983 525 1079 594 τῆς
1111 524 1162 578 δὲ
1187 522 1420 594 ζωτικῆς
1460 543 1743 596 προνοητις

1846 537 2080 580 mentem
2101 528 2316 582 diccbat
2339 531 2626 598 appellari;
2651 534 2840 602 agendi
2866 543 3045 588 autem
3064 535 3191 593 vim,
3207 537 3385 590 vocari

179 614 276 665 κδν
334 613 608 681 ὑπάρχειν
637 613 728 665 τὸν
763 613 956 680 λόγον’
1006 617 1099 666 καὶ
1132 613 1222 666 τδν
1271 615 1366 683 μὲν
1400 612 1537 667 εἶναί
1563 631 1622 666 τε
1652 616 1744 666 καὶ

178 701 480 755 καλεῖσθαι
510 703 736 772 σοφίαν]
784 705 926 774 φημὶ⁸
975 705 1030 756 δὲ
1084 705 1174 756 τὸν
1225 705 1370 768 νοῦν,
1413 706 1537 757 ὃταν
1581 722 1747 757 παντ-

181 794 398 846 άπασιν
420 795 721 868 ἁτρέπτορς
745 795 936 847 ἑαυτοῦ
957 795 1285 864 διαφυλάττῃ
1311 798 1354 827 ⁸⁸
1374 796 1470 856 τὰς
1495 794 1626 865 πρὸς
1655 795 1745 846 τὸν

178 883 316 934 Θεὸν
347 886 593 952 κινήσεις
621 899 633 911 ·
663 884 752 936 τὸν
801 885 857 936 δὲ
892 884 1044 953 λόγον
1073 884 1328 946 ὡσαύτως
1367 886 1624 955 φρόνησιν
1655 885 1746 937 καὶ

181 968 322 1024 εῐναι
346 974 442 1025 καὶ
476 973 772 1036 καλεῖσθαι,
829 975 955 1026 ὅταν
989 972 1279 1041 σωφρόνως
1331 977 1429 1042 τὴν
1463 977 1552 1027 ὑπ’
1579 976 1744 1028 αὐτοῦ

181 1065 324 1117 κατὰ
369 1065 623 1134 πρόνοιαν
672 1065 1050 1136 διοικουμένην
1097 1067 1329 1138 ζωτικὴν
1369 1067 1594 1137 δύναμιν
1629 1071 1773 1130 ταῖς-

182 1152 490 1220 ἐνεργείαις
517 1153 760 1220 συνάψας
785 1154 862 1222 τῷ
899 1155 991 1222 νῷ,
1030 1154 1252 1218 δείξειεν
1293 1157 1580 1228 ἀδιάφορον
1601 1175 1614 1189 ο
1647 1159 1746 1225 τὴν

182 1241 357 1307 αὐτὴν
386 1241 532 1308 αὐτῷ
554 1242 648 1316 καί
668 1244 857 1310 ὁμοίαν
877 1245 941 1295 δι’
972 1247 1167 1313 ἀρετῆς
1193 1246 1427 1314 ἔμφασιν
1456 1247 1548 1299 τοῦ
1589 1247 1744 1300 Θείου

183 1330 465 1398 φέρουσαν
497 1348 513 1363 ⁸
548 1331 614 1402 ῆν
644 1333 736 1384 καὶ
784 1334 1194 1404 ὲπιμερίζεσθαι
1241 1338 1317 1405 τῷ
1347 1354 1403 1389 τε
1437 1337 1510 1406 νῷ
1548 1339 1640 1390 καὶ
1671 1338 1747 1406 τῷ

185 1418 328 1486 λόγῳ
347 1419 606 1485 ,φυσικῶς
635 1419 816 1487 ἔλεγεν
839 1436 850 1450 ·
886 1421 958 1483 ὡς
992 1419 1129 1482 εἷναι
1156 1423 1352 1493 μᾶλλον
1380 1425 1474 1474 καὶ
1503 1441 1748 1476 συνιστα-

186 1511 359 1577 μένην
392 1509 701 1564 δείκνυσθαι
741 1513 1156 1581 προηγουμένως
1183 1514 1281 1582 τὴν
1305 1513 1501 1582 ψυχὴν,
1541 1513 1603 1564 ὲκ
1651 1511 1744 1564 τοῦ

181 1600 275 1652 νοῦ
320 1602 416 1655 καὶ
471 1601 562 1654 τοῦ
606 1602 786 1669 λόγου,
837 1603 910 1665 ὡς
940 1605 1131 1672 νοεράν
1167 1622 1225 1657 τε
1257 1607 1348 1658 καὶ
1367 1606 1589 1676 λογικήν
1615 1607 1745 1674 ’τῆς

185 1690 428 1759 ζωτικῆς
462 1692 550 1742 ἐπ’
593 1694 794 1761 ἀμφοῖν
821 1693 960 1745 κατὰ
1001 1697 1062 1746 τὸ
1102 1698 1222 1761 ᾆσον
1251 1696 1524 1765 δηλονότι,
1557 1695 1648 1748 νοῦ
1688 1713 1746 1748 τε

181 1780 277 1831 καὶ
297 1781 462 1847 λόγου
479 1784 639 1850 φημὶ,
664 1781 1038 1854 θεωρουμένης
1050 1783 1347 1854 δυνάμεως
1371 1784 1478 1838 οὐδ’
1493 1786 1746 1853 ὁπότερον

179 1869 289 1938 γὰρ
319 1869 528 1924 τούτων
544 1871 685 1940 ζωῆς
701 1874 923 1942 ἄμοιρον
948 1868 1257 1941 εἷναιθέμις
1278 1877 1492 1933 ἐννοεῖν,
1531 1874 1623 1926 καὶ
1651 1874 1741 1926 ὑπ’

181 1961 392 2028 ἀμφοῖν
435 1961 817 2032 διειλημμένης
876 1964 937 1994 ¹⁷·
968 1963 1035 2015 δι’
1079 1960 1146 2034 ἧς
1195 1965 1222 2016 ὁ
1255 1965 1353 2033 μὲν
1385 1964 1524 2028 νοῦς,
1562 1965 1620 2016 ὃν
1658 1967 1750 2017 καὶ

181 2051 379 2118 σοφίαν
438 2051 644 2119 ἔφαμεν
687 2052 987 2112 καλεῖσθαι,
1035 2055 1099 2120 τῇ
1149 2051 1449 2121 θεωρητικῇ
1489 2052 1598 2116 ἕξει
1632 2052 1747 2107 κατ’

180 2129 501 2210 ἀπόρῤῆτον
533 2143 691 2209 σιγήν
721 2159 780 2194 τε
815 2143 908 2194 καὶ
935 2143 1132 2209 γνῶσιν
1158 2142 1570 2212 ὲξαπλούμενος,
1615 2145 1748 2212 πρὸς

180 2229 280 2298 τὴν
325 2231 585 2298 ἀλήθειαν
629 2231 695 2282 δι’
723 2232 951 2298 ἀλήστου
978 2249 1037 2284 τε
1075 2235 1166 2317 καὶ
1197 2234 1568 2301 ἁκαταλήγτου
1610 2235 1748 2300 γνὼ-

183 2333 327 2380 σεως
346 2317 542 2386 ἄγεται
565 2336 578 2348 ·
611 2321 650 2372 ὑ
685 2320 740 2373 δὲ
769 2321 941 2387 λόγος,
975 2322 1033 2374 ὃν
1079 2317 1416 2393 ἐκαλέσαμεν
1462 2322 1740 2392 φρόνησιν,

179 2409 248 2477 τῇ
281 2397 569 2478 πρακτικῇ
622 2409 732 2474 ἕξει
767 2413 1092 2480 σωματικῶς
1140 2415 1258 2466 κατ’
1313 2413 1510 2480 ἀρετὴν
1571 2415 1648 2475 εἰς
1681 2413 1744 2467 τὸ

181 2496 391 2563 ἀγαθον
446 2497 534 2550 διὰ
574 2501 804 2561 πίστεως
852 2502 1147 2571 καταλήγει
1175 2519 1188 2532 °
1222 2503 1280 2568 ἐξ
1321 2497 1393 2554 ὧν
1421 2503 1741 2571 ἀμφοτέρων

181 2589 216 2655 ἠ
243 2585 455 2657 αληθὴς
484 2586 592 2639 τῶν
619 2607 677 2642 τε
705 2591 860 2644 θείων
888 2594 980 2644 καὶ
1005 2591 1113 2643 τῶν
1137 2591 1486 2662 ἀνθρωπίνων
1515 2593 1739 2663 επιστή-
1776 2605 1798 2648 ¹.

183 2694 261 2747 μη
288 2677 584 2748 συνέστηκε
613 2682 945 2751 πραγμάτων
969 2697 983 2756 ᾖ
1023 2684 1056 2751 ὴ
1085 2682 1250 2743 ὅντως
1281 2681 1576 2744 ἄπταιστος
1601 2683 1740 2749 γνῶ-

184 2783 292 2832 σις,
352 2770 448 2820 καὶ
493 2770 672 2837 πάσης
723 2771 823 2841 τῆς
859 2772 1000 2826 κατὰ
1061 2769 1418 2840 Χριστιανοὺς
1460 2771 1740 2848 θειοτατης

184 2857 518 2926 φιλοσοφίας⁵
533 2859 720 2929 πέρας.
1196 2858 1197 2861 “

1843 616 2128 668 rationem.
2154 617 2228 668 Ac
2253 618 2452 670 mentis
2476 619 2694 686 quidem
2723 623 2957 688 partium
2983 638 3123 687 esse,
3151 635 3208 677 ιιι
3234 626 3386 678 intel-

1842 705 2045 774 ligendi
2079 705 2383 759 facultatem
2419 718 2658 772 moveat;
2699 707 2924 765 rationis
2951 729 3100 774 vero,
3128 723 3184 766 ut
3218 714 3387 769 facul-

1846 796 1940 848 tati
1985 796 2152 857 vitali,
2182 812 2276 849 seu
2315 797 2534 850 animali
2577 801 2857 866 provideat
2899 819 2910 853 :
2953 811 3116 870 atque
3157 806 3384 856 alterum

1844 884 2063 952 quidem
2101 892 2212 936 tum
2242 899 2388 946 esse,
2420 893 2532 936 tum
2568 887 2826 954 appellari
2861 890 3175 956 sapientiam
3213 894 3379 957 (men-

1846 982 1954 1028 tem
1987 975 2211 1033 scilicet.
2241 984 2375 1038 tum,
2401 992 2524 1029 eum
2557 985 2734 1030 motus
2761 979 2960 1044 quibus
2991 981 3042 1031 in
3076 981 3242 1031 Deum
3276 981 3385 1033 fer-

1846 1076 1935 1120 tur
1962 1065 2266 1118 immobiles
2297 1066 2518 1118 oumino
2548 1068 2822 1136 scrvarit),
2851 1083 2914 1120 ac
2940 1069 3190 1121 similiter
3221 1071 3384 1122 ratio-

1846 1171 1969 1208 nem
2007 1165 2120 1208 tum
2156 1170 2293 1214 esse,
2326 1165 2436 1206 tum
2481 1157 2740 1223 appellari
2781 1159 3140 1224 prudentiam,
3171 1161 3388 1226 quando

1846 1245 2284 1307 vimanimalem,
2306 1261 2464 1312 quam
2491 1248 2840 1314 propensiore
2864 1249 2915 1299 in
2941 1264 3057 1299 eam
3080 1265 3208 1299 cura
3232 1249 3384 1316 regit.

1846 1336 2146 1404 prudenter
2183 1336 2589 1404 operationibus
2625 1339 2904 1403 copulans.
2941 1339 3088 1391 nullo
3135 1355 3163 1390 a
3209 1351 3388 1391 tuente.

1848 1426 2164 1480 discrimine
2208 1426 2425 1494 abjungi
2475 1427 2804 1489 ostenderit,
2845 1429 3100 1481 nimirum
3143 1429 3386 1482 eamdem

1845 1533 1967 1570 cum
2000 1518 2112 1586 ipsa
2145 1533 2242 1586 per
2270 1518 2546 1582 virtutem,
2577 1518 2791 1571 deitatis
2817 1518 3074 1575 ferentem
3108 1522 3338 1588 speciem
3373 1539 3384 1572 :

1845 1623 2006 1675 quam
2044 1609 2207 1662 etiam
2239 1608 2303 1661 ad
2339 1617 2572 1660 mentem
2607 1608 2807 1676 pariter
2835 1625 2895 1661 ac
2930 1612 3194 1663 rationem
3230 1597 3382 1663 natu-

1847 1698 2033 1750 raliter
2069 1697 2286 1751 dicebat
2325 1706 2590 1766 spectare,
2628 1708 2686 1751 ut
2726 1699 2890 1767 magis
2932 1715 3071 1760 esse,
3109 1701 3388 1767 primoque

1848 1803 1912 1842 ex
1936 1797 2115 1842 mente
2145 1804 2206 1841 ac
2233 1789 2465 1852 ratione,
2494 1797 2748 1856 tauquam
2780 1789 3112 1857 intelligendi
3143 1806 3205 1842 ac
3231 1792 3390 1842 ratio-

1843 1876 1930 1930 nis
1976 1877 2028 1928 vi
2079 1876 2324 1944 prardita,
2361 1878 2536 1930 anima
2578 1880 2894 1932 ostendatur
2939 1879 3266 1945 consistere,
3320 1882 3388 1934 ita

1848 1963 2060 2017 scilicet
2088 1972 2146 2015 ut
2175 1963 2229 2015 in
2265 1973 2493 2032 utraque
2523 1981 2588 2017 ex
2619 1981 2777 2034 :equo
2814 1969 3012 2036 (mente
3043 1967 3297 2021 nimirum
3330 1985 3391 2021 ac

1846 2052 2075 2122 ratione)
2120 2055 2242 2107 vitae
2293 2054 2544 2116 facultas,
2584 2070 2679 2108 seu
2729 2056 2976 2110 animalis
3017 2049 3392 2111 conSideretur

1848 2141 2022 2211 (nefas
2053 2143 2197 2196 enim
2230 2144 2500 2197 utrumvis
2529 2144 2720 2197 horum
2753 2145 2876 2198 vita:
2907 2161 3098 2214 expers
3131 2148 3388 2216 cogitare)

1846 2249 1909 2288 ac
1942 2249 2109 2303 penes
2138 2244 2364 2301 utraque
2396 2234 2672 2287 dividatur
2702 2252 2713 2286 :
2751 2250 2846 2302 per
2874 2251 3056 2302 quam,
3085 2251 3237 2288 mens
3266 2237 3390 2303 qni-

1844 2321 1966 2395 dem
1993 2321 2172 2389 (quam
2199 2321 2436 2374 diximus
2466 2323 2650 2375 vocari
2681 2323 3021 2392 sapientiam)
3052 2325 3386 2391 contempla-

1844 2398 2009 2466 tionis
2039 2410 2248 2473 liabitu,
2281 2412 2463 2463 arcani
2506 2427 2627 2464 cum
2665 2413 2891 2474 silentii,
2920 2422 3031 2466 tum
3066 2414 3305 2467 scientia:
3339 2415 3386 2466 vi

1843 2497 2188 2565 simplicitate
2223 2499 2502 2563 provecta,
2530 2511 2626 2564 per
2657 2497 2937 2550 scientiam
2970 2500 3116 2551 nulla
3153 2515 3387 2567 unquam

1843 2587 2115 2642 oblivione
2145 2585 2554 2648 delendam,aut
2584 2587 3067 2648 intermorituram,
3091 2587 3156 2640 ad
3185 2589 3384 2640 verita-

1843 2685 1950 2731 tem
1974 2677 2226 2740 ducitur;
2255 2675 2390 2728 ratio
2414 2686 2594 2735 autem
2620 2678 2801 2744 (quam
2834 2675 3172 2744 prudentiam
3200 2679 3384 2744 appel-

1837 2767 2101 2831 lavimus)
2147 2766 2376 2844 actionis
2416 2766 2640 2850 haQitu,
2684 2767 3040 2835 corporaliter
3085 2767 3390 2835 praestando

1842 2856 2122 2916 virtutem,
2150 2856 2204 2908 in
2240 2855 2443 2908 bonum
2481 2855 2684 2908 desinit
2711 2872 2808 2924 per
2839 2855 2996 2910 ﬁdem
3040 2873 3053 2908 :
3093 2873 3156 2910 ex
3191 2857 3391 2937 quilips

183 2951 458 3006 ambobus
498 2968 622 3006 vera
667 2968 790 3007 cum
831 2955 1170 3028 divinarum,
1218 2964 1332 3008 tum
1377 2955 1738 3009 humanarum
1776 2965 1959 3006 rerum
1995 2949 2244 3003 consistit
2278 2949 2532 3015 scientia;
2601 2966 2730 3004 vera
2768 2951 2975 3004 scilicet
3007 2951 3116 3010 illa,
3177 2966 3237 3002 ae
3272 2950 3393 3005 sine

185 3056 381 3096 errore
404 3042 616 3108 notitia,
641 3058 866 3112 quaeque
890 3045 1238 3098 divinissimze
1263 3044 1440 3098 omnis
1465 3043 1899 3098 Christianorum
1930 3039 2287 3108 philosophiae
2317 3040 2581 3093 terminus
2609 3039 2836 3109 ﬁnisque
2866 3043 3107 3094 exsistat.

257 3136 373 3187 Καὶ
419 3135 744 3204 σαφέστερον
793 3138 921 3206 περὶ
956 3138 1156 3190 τούτων
1179 3141 1383 3190 εἰπεῖν’
1428 3141 1523 3206 τῆς
1547 3137 1740 3205 ψυχῆς,

1915 3133 2119 3187 Anima:
2157 3134 2340 3201 prima:
2375 3134 2527 3194 vires,
2564 3141 2611 3184 et
2654 3136 2996 3200 operationes,
3033 3151 3094 3188 ac
3131 3139 3385 3190 secundm.

183 3227 246 3281 τὸ
287 3228 388 3296 μὲν
406 3228 554 3296 ἔλεγε
576 3222 712 3279 εἶναι
733 3227 1080 3298 θεωρητικὸν,
1105 3228 1282 3291 καθὼς
1316 3229 1526 3294 εἴρηται
1551 3245 1564 3257 ·
1586 3227 1646 3279 τὸ
1667 3227 1742 3289 δὲ,

185 3317 516 3388 πρακτικὸν,
576 3314 667 3368 καὶ
695 3315 754 3367 τὸ
789 3316 886 3383 μὲν
931 3317 1484 3388 θεωρητικὸν,ὲκάλει·
1508 3317 1662 3368 νοῦν’
1684 3317 1746 3369 τὸ

183 3405 242 3457 δὲ
279 3407 599 3475 πρακτικὸν,
646 3405 800 3471 λόγον
825 3421 837 3434 ·
871 3406 944 3468 ὡς
996 3409 1213 3476 πρώτας
1261 3406 1456 3476 δηλαδὴ
1492 3405 1743 3473 δυνάμεις

182 3496 286 3564 τῆς
319 3493 532 3564 ψυχῆςο
589 3497 682 3548 καὶ
723 3494 883 3546 πάλιν
911 3495 999 3548 τὸν
1036 3497 1161 3550 νοῦν
1185 3537 1200 3560 ,
1255 3497 1444 3565 σοφίαν
1469 3511 1482 3524 ·
1543 3495 1635 3546 τὸν
1686 3494 1743 3545 δὲ

187 3583 364 3650 λόγον.
410 3585 686 3654 φρόνησιν,
721 3585 795 3646 ὡς
821 3583 1036 3654 πρώτας
1080 3587 1374 3655 ἐνεργείας.
1435 3582 1743 3646 Διεξοδικῶς

183 3672 241 3725 δὲ
277 3673 460 3736 πάλιν,
494 3673 592 3743 τῆς
634 3673 810 3742 ψυχῆς
861 3673 1096 3740 ἔφασκεν
1143 3669 1301 3734 εἶναι,
1348 3675 1488 3728 κατὰ
1546 3674 1640 3742 μὲν
1682 3675 1742 3724 τὸ

184 3762 396 3830 νοερὸν,
425 3753 516 3813 τὸν
542 3762 686 3824 νοῦν,
709 3763 806 3830 τὴν
830 3761 1038 3830 σοφίαν,
1070 3762 1166 3832 τὴν
1209 3762 1458 3832 θεωρίαν,
1486 3763 1582 3832 τὴν
1602 3762 1742 3829 γνῶ-

188 3865 295 3910 σιν,
318 3850 420 3917 τὴν
479 3852 708 3915 ἁληστον
756 3850 955 3917 γνῶσιν
979 3867 994 3882 ·
1054 3851 1256 3903 τούτων
1317 3851 1374 3903 δὲ
1428 3852 1577 3914 τέλος
1605 3847 1741 3903 εἶναι

183 3940 284 4006 τὴν
315 3937 577 4006 ἀλήθειαν
604 3954 617 3967 ·
665 3939 804 3990 κατὰ
837 3939 893 3990 δὲ
931 3940 993 3990 τὸ
1034 3939 1268 4006 λογικὸν,
1311 3939 1402 3991 τὸν
1433 3941 1608 4008 λόγον,
1643 3939 1741 4009 τὴν

184 4029 468 4099 φρόνησιν,
533 4025 629 4096 τὴν
679 4028 898 4096 πρᾶξιν,
951 4029 1049 4094 τὴν
1103 4029 1322 4098 ἀρετὴν,
1377 4030 1474 4100 τὴν
1518 4031 1739 4083 πίστιν·

182 4117 392 4189 τούτων
427 4115 484 4167 δὲ
503 4114 652 4176 τέλος
673 4109 808 4166 εἶναι
833 4116 893 4166 τὸ
917 4114 1135 4180 ἀγαθόν.
1171 4116 1279 4184 Τὴν
1290 4117 1545 4185 ἀλήθειαν
1565 4118 1622 4169 δὲ
1648 4118 1740 4171 καὶ

184 4206 244 4259 τὸ
272 4205 496 4273 ἀγαθὸν,
521 4204 610 4256 τὸν
625 4205 753 4256 Θεὸν
791 4204 938 4272 ἔλεγε
967 4204 1185 4274 δηλοῦν·
1218 4205 1353 4257 ἀλλὰ
1379 4207 1476 4273 τὴν
1508 4206 1582 4274 μὴ
1611 4205 1742 4276 ἀλή-

185 4295 358 4358 θειαν,
381 4292 508 4345 ὅταν
535 4295 598 4345 ὲκ
616 4293 713 4362 τῆς
736 4293 923 4356 οὐσίας
942 4293 1004 4345 τὸ
1031 4294 1184 4346 Θεῖον
1205 4293 1563 4362 σημαίνεσθαι
1580 4295 1730 4365 δοκῇο

183 4383 390 4436 ἁπλοῦν
441 4381 567 4452 γὰρ,
622 4386 714 4435 καὶ
771 4384 960 4452 μόνον,
1002 4385 1094 4435 καὶ
1147 4383 1225 4448 ἓν,
1270 4385 1364 4436 καὶ
1392 4385 1605 4449 ταυτὸν,
1647 4387 1740 4438 καὶ

1845 3223 1980 3277 Deus
2024 3232 2235 3276 actuum
2277 3224 2467 3283 animae
2495 3220 2646 3288 ﬁnis,
2678 3232 2734 3273 ut
2776 3238 2951 3274 verum
2997 3224 3214 3286 bonum;
3255 3228 3389 3278 vocis

1842 3313 2040 3381 ἀγαθόν
2080 3312 2462 3380 interpretatio.
2493 3341 2564 3349 —
2602 3310 2775 3378 Atque
2819 3319 2876 3363 ut
2915 3313 3156 3378 apertius
3195 3315 3261 3366 de
3306 3314 3390 3367 his

1842 3403 2052 3471 loquar,
2074 3403 2268 3455 anima:
2290 3409 2497 3470 partem
2522 3401 2745 3454 alteram
2772 3400 2988 3454 dicebat
3007 3416 3124 3456 esse
3149 3413 3389 3456 contem—

1842 3494 2023 3560 plaudi
2047 3494 2178 3556 vim,
2205 3493 2344 3546 sicut
2372 3493 2577 3545 dictum
2611 3501 2721 3556 est;
2755 3492 3000 3552 alteram,
3024 3493 3129 3545 vim
3153 3493 3344 3560 agt'lltli
3372 3511 3385 3545 :

1841 3596 1906 3635 ac
1961 3581 2181 3649 quidem
2237 3580 2638 3649 contemplandi
2695 3581 2838 3645 vim,
2888 3596 2984 3634 seu
3043 3581 3387 3649 speculandi,

1841 3669 2145 3737 appellabat
2179 3679 2445 3732 mentem;
2484 3671 2605 3746 viur
2633 3677 2816 3722 autem
2855 3669 3072 3736 agendi,
3099 3670 3385 3732 rationem,

1843 3763 2098 3824 tanquam
2127 3756 2351 3810 scilicet
2387 3757 2579 3810 anima:
2617 3757 2820 3824 primas
2855 3756 3137 3810 facultates
3176 3776 3189 3810 :
3227 3767 3390 3826 atque

1841 3843 2038 3898 iterum
2082 3853 2340 3907 mentem,
2373 3844 2717 3911 sapientiam;
2763 3846 3026 3898 rationem
3069 3860 3218 3908 vero,
3253 3863 3386 3914 pru-

1839 3932 2110 3993 dentiam,
2151 3935 2301 3986 velut
2348 3933 2552 4000 primas
2594 3934 2958 4001 operationes.
3005 3935 3212 3989 Rursus
3254 3951 3386 3990 vero

1839 4023 2016 4078 fusius
2039 4023 2377 4092 explicando,
2400 4025 2465 4077 ad
2497 4023 2731 4076 animam
2757 4033 3004 4092 spectare
3026 4026 3258 4089 dicebat,
3280 4043 3385 4094 qua

1839 4124 1990 4184 parte
2040 4114 2199 4183 500
2250 4123 2333 4167 est
2381 4115 2710 4184 intelligens,
2746 4106 3007 4178 mentem,
3043 4116 3383 4184 sapientiam,

1839 4205 2376 4273 contemplationem,
2402 4205 2706 4268 scientiam,
2733 4207 2878 4258 nulla
2907 4205 3176 4258 oblivione
3201 4206 3386 4260 delen-

1839 4297 1961 4350 dam
2009 4297 2301 4364 jugemquc
2351 4297 2665 4358 scientiam;
2717 4296 2914 4346 horum
2961 4302 3142 4346 autem
3191 4295 3381 4361 ﬁnem,

1838 4398 1957 4436 esse
1999 4383 2287 4436 veritatem
2335 4399 2347 4432 :
2390 4374 2505 4450 qua'
2537 4390 2690 4450 parte
2732 4389 2912 4434 autem
2952 4390 3035 4435 est
3075 4385 3381 4450 rationalis,

183 4475 413 4542 ἀμερὲς,
430 4475 524 4526 καὶ
553 4474 832 4544 ἄτρεπτον,
857 4476 948 4527 καὶ
970 4475 1174 4538 ἀπαθὲς
1203 4477 1343 4544 πρᾶγ
1357 4477 1483 4544 μαή
1517 4476 1738 4543 ἀλήθεια

1843 4470 2122 4532 rationem,
2158 4471 2520 4538 prudentiam,
2553 4470 2840 4532 actionem,
2871 4470 3157 4535 virtutem,
3193 4473 3382 4539 ﬁdem;

184 4565 277 4616 καὶ
301 4563 592 4632 ἀλάθητον,
617 4564 709 4616 καῖ.
752 4563 1022 4625 παντελῶς
1062 4565 1374 4618 ἀδιάστατον
1399 4580 1412 4592 '
1445 4564 1504 4615 τὸ
1526 4563 1583 4615 δὲ
1606 4566 1745 4630 ἀγα-

184 4651 296 4714 θδν,
345 4652 481 4704 ὅταν
527 4653 593 4708 ἐκ
631 4652 729 4718 τῆς
788 4653 1082 4718 ἐνεργείας.
1141 4651 1495 4720 Εὑεργετικὸν
1549 4653 1656 4722 γὰρ
1685 4654 1747 4706 τὸ

183 4740 421 4808 ἀγαθὸν,
467 4741 561 4792 καὶ
597 4740 950 4807 προνοητικὸν
999 4740 1105 4792 τῶν
1166 4740 1226 4803 ἐξ
1284 4740 1447 4792 αὑτοῦ
1507 4743 1744 4806 πάντων,

182 4832 275 4884 καὶ
320 4831 685 4900 φρουρητικόν
715 4847 728 4858 ⁸
778 4830 886 4882 ἀπὸ
935 4831 1026 4901 τοῦ
1073 4832 1225 4898 ἄγαν
1249 4831 1292 4863 ⁸⁸
1313 4828 1484 4894 εἶναι,
1517 4833 1747 4900 ἥτεθεῖ-

181 4923 344 4982 σθαι,
385 4921 420 4990 ἢ
473 4922 725 4984 θέσινη,
778 4923 916 4974 κατὰ
967 4921 1062 4992 τὴν
1108 4921 1214 4973 τῶν
1273 4922 1736 4990 ὲτυμολογούντων

182 5010 364 5078 δόξαν.
396 5011 532 5064 πᾶσι
585 5013 700 5074 τοῖς
746 5008 863 5064 οὖσι
902 5011 995 5064 τοῦ
1035 5007 1289 5066 εἶναικαὶ
1325 5011 1598 5081 διαμένειν
1645 5012 1737 5064 καὶ

183 5098 452 5154 κινεῖσθαι
476 5103 785 5170 χαριστικὸν
809 5102 873 5156 ’⁸.

1841 4559 2036 4612 horum
2076 4575 2206 4613 vero
2244 4561 2466 4620 bonum,
2496 4572 2614 4610 esse
2658 4559 2839 4611 linem.
2874 4561 3042 4614 Porro
3080 4564 3382 4628 veritatem,

1839 4649 2180 4718 bonumque,
2227 4650 2395 4702 Deum
2444 4647 2626 4702 aiebat
2670 4648 3006 4718 signiﬁcare;
3056 4652 3158 4707 hoc
3207 4663 3383 4706 tamen

1841 4738 2172 4800 discrimine,
2200 4741 2397 4789 unum
2424 4737 2644 4804 quidem
2671 4741 2874 4794 veritas
2899 4742 3066 4794 Deum
3095 4741 3381 4809 signiﬁcet,

1842 4844 1964 4881 cum
1992 4829 2036 4880 is
2059 4843 2124 4878 ex
2151 4825 2385 4881 essentia
2409 4827 2682 4898 designari
2708 4829 2926 4883 videtur
2950 4834 3056 4902 (est
3078 4831 3220 4884 enim
3241 4829 3385 4881 veri-

1841 4925 1922 4968 tas
1962 4915 2090 4982 quid
2134 4915 2361 4983 simplex
2398 4932 2460 4970 ac
2500 4918 2794 4986 singulare,
2826 4935 3102 4987 unumque
3139 4934 3200 4971 ac
3241 4919 3382 4971 idem

1841 5007 1982 5073 quod
2024 5006 2384 5072 indivisibile,
2418 5009 2786 5073 immutabile,
2821 5010 3149 5079 impatibile,
3182 5007 3380 5062 indele-

1843 5095 1952 5148 bile
1984 5095 2074 5156 sit,
2102 5097 2370 5165 nullisquc
2395 5099 2619 5151 omnino
2648 5100 2947 5153 intervallis
2974 5106 3066 5152 aut
3087 5097 3380 5150 dimensio-

184 5196 354 5251 nibus
381 5194 616 5266 disjungi
645 5197 859 5266 possit),
890 5197 1090 5268 bonum
1121 5203 1323 5254 autem,
1386 5209 1509 5246 cum
1578 5209 1644 5245 ex
1710 5190 2048 5257 Operatione.
2111 5190 2317 5244 Bonum
2355 5192 2501 5245 enim
2537 5193 2800 5262 ejusmodi
2837 5201 2938 5255 est,
2965 5199 3024 5243 ut
3061 5190 3381 5252 benefaciat,

186 5301 353 5360 atque
383 5289 452 5342 iis
477 5305 598 5358 quae
618 5305 684 5344 ex
744 5292 864 5359 ipso
888 5299 1014 5344 sunt
1077 5288 1390 5356 prospiciat,
1417 5275 1809 5350 cons'ervetque
1841 5297 1905 5334 ea
1944 5299 2006 5337 ac
2048 5292 2300 5348 tueatur;
2341 5285 2470 5338 hinc
2505 5286 2705 5340 Graecis
2742 5286 2946 5338 dictum
2985 5285 3203 5350 ἀγαθὸν,
3237 5290 3383 5354 quod

187 5390 271 5436 est
297 5379 436 5447 ἄγαν
480 5375 705 5452 εἷναι,,ἢ
737 5380 1022 5442 τεθεῖσθαι,
1055 5379 1088 5446 ἢ
1124 5377 1283 5429 θέειν·
1319 5391 1420 5429 nos
1461 5376 1736 5434 dicamus,

1843 5373 2105 5438 Ideesse,
2138 5376 2222 5428 vel
2284 5376 2448 5428 ﬁxum
2518 5391 2658 5437 esse,
2692 5377 2778 5428 vel
2815 5390 3033 5429 currere
3075 5379 3154 5445 (ut
3188 5377 3223 5428 ii
3261 5381 3378 5447 opi-

1516 5480 1747 5536 ἾΑΒΙᾹΞ
1785 5482 2189 5538 LECTIONES.

258 5588 306 5620 ιι
339 5580 678 5647 δφφυλάττοι
712 5596 760 5634 c.
786 5582 848 5635 Α.
927 5582 968 5611 ⁸⁷
1001 5578 1390 5648 διειλημμέννως
1413 5591 1463 5629 c.
1497 5575 1560 5648 Α,
1642 5574 1681 5604 ’⁸
1711 5575 1819 5648 καὶλ
1853 5578 1930 5645 τῷ
1973 5579 2110 5644 ἄγαν
2142 5595 2170 5631 c
2195 5581 2257 5630 Α.
2303 5589 2357 5632 et
2401 5579 2487 5648 Fr.
2529 5568 2534 5576 ’
2563 5578 2606 5648 ‘_’
2638 5577 2777 5628 θέειν
2809 5593 2856 5630 e.
2900 5581 2971 5648 A.
3041 5577 3084 5608 ²⁰
3110 5577 3198 5630 Fr.
3230 5577 3383 5631 ’Ἐστι

186 5657 297 5725 γὰρ
317 5643 413 5706 καὶ
433 5643 494 5701 εὖ
525 5651 639 5700 ἐστι
668 5652 760 5701 καὶ
791 5651 877 5702 ἀεί
913 5652 1055 5700 ἐστιν
1105 5643 1436 5725 diu}:thth
1462 5647 1590 5696 πᾶσι
1625 5648 1734 5708 τοῖς
1765 5643 1914 5697 eam
1946 5648 2166 5715 ὑπάρχει
2192 5647 2520 5717 χαριστικὸν.
2558 5646 2646 5699 Est
2672 5649 2827 5712 enim,
2854 5656 2927 5699 est
2955 5647 3078 5699 bene
3115 5655 3161 5698 et
3183 5663 3384 5716 semper

187 5717 285 5791 ἐκ,
321 5735 439 5791 qua:
466 5719 640 5771 omnia
671 5721 866 5770 cunctis
901 5718 1048 5769 rebus
1078 5717 1313 5785 prabet.’
