  <div class='ocr_page' id='page_1' title='image "/cluster/home/n/w/nwhite01/storage/ocr_20150623/91/pst.000005712977/361.png"; bbox 0 0 3958 6338; ppageno 0'>
   <div class='ocr_carea' id='block_1_1' title="bbox 638 405 743 469">
    <p class='ocr_par' dir='ltr' id='par_1_1' title="bbox 638 405 743 469">
     <span class='ocr_line' id='line_1_1' title="bbox 638 405 743 469; baseline 0.01 -1"><span class='ocrx_word' id='word_1_1' title='bbox 638 405 743 469; x_wconf 76' lang='grc'><strong>675</strong></span> 
     </span>
    </p>
   </div>
   <div class='ocr_carea' id='block_1_2' title="bbox 1781 397 3823 463">
    <p class='ocr_par' dir='ltr' id='par_1_2' title="bbox 1781 397 3823 463">
     <span class='ocr_line' id='line_1_2' title="bbox 1781 397 3823 463; baseline 0 -4"><span class='ocrx_word' id='word_1_2' title='bbox 1781 401 1840 460; x_wconf 90' lang='lat' dir='ltr'><strong>S.</strong></span> <span class='ocrx_word' id='word_1_3' title='bbox 1883 398 2166 458; x_wconf 79' lang='lat' dir='ltr'><strong>MAXIMI</strong></span> <span class='ocrx_word' id='word_1_4' title='bbox 2203 397 2705 458; x_wconf 80' lang='lat' dir='ltr'><strong>CONFESSORIS</strong></span> <span class='ocrx_word' id='word_1_5' title='bbox 3735 399 3823 463; x_wconf 73' lang='lat'><strong>676</strong></span> 
     </span>
    </p>
   </div>
   <div class='ocr_carea' id='block_1_3' title="bbox 642 493 3818 584">
    <p class='ocr_par' dir='ltr' id='par_1_3' title="bbox 642 493 3818 584">
     <span class='ocr_line' id='line_1_3' title="bbox 642 493 3818 584; baseline -0.001 -16"><span class='ocrx_word' id='word_1_6' title='bbox 642 525 842 568; x_wconf 88' lang='lat' dir='ltr'><strong>uantur</strong></span> <span class='ocrx_word' id='word_1_7' title='bbox 885 508 991 584; x_wconf 73' lang='lat' dir='ltr'><strong>qui&#39;</strong></span> <span class='ocrx_word' id='word_1_8' title='bbox 1026 527 1208 567; x_wconf 81' lang='lat' dir='ltr'><strong>veram</strong></span> <span class='ocrx_word' id='word_1_9' title='bbox 1287 511 1566 565; x_wconf 89' lang='lat' dir='ltr'><strong>nominum</strong></span> <span class='ocrx_word' id='word_1_10' title='bbox 1615 509 1881 562; x_wconf 86' lang='lat' dir='ltr'><strong>rationem</strong></span> <span class='ocrx_word' id='word_1_11' title='bbox 1927 493 2232 576; x_wconf 74' lang='lat' dir='ltr'><strong>inquirunt,</strong></span> <span class='ocrx_word' id='word_1_12' title='bbox 2305 505 2384 559; x_wconf 90' lang='lat' dir='ltr'><strong>sie</strong></span> <span class='ocrx_word' id='word_1_13' title='bbox 2433 523 2627 577; x_wconf 91' lang='lat' dir='ltr'><strong>nempe</strong></span> <span class='ocrx_word' id='word_1_14' title='bbox 2671 518 3065 578; x_wconf 88' lang='lat' dir='ltr'><strong>comparatum,</strong></span> <span class='ocrx_word' id='word_1_15' title='bbox 3101 521 3160 562; x_wconf 88' lang='lat' dir='ltr'><strong>ut</strong></span> <span class='ocrx_word' id='word_1_16' title='bbox 3201 509 3364 564; x_wconf 83' lang='lat' dir='ltr'><strong>rebus</strong></span> <span class='ocrx_word' id='word_1_17' title='bbox 3410 509 3660 564; x_wconf 86' lang='lat' dir='ltr'><strong>omnibus</strong></span> <span class='ocrx_word' id='word_1_18' title='bbox 3697 527 3818 575; x_wconf 81' lang='lat' dir='ltr'><strong>esse,</strong></span> 
     </span>
    </p>
   </div>
   <div class='ocr_carea' id='block_1_4' title="bbox 640 603 1514 668">
    <p class='ocr_par' dir='ltr' id='par_1_4' title="bbox 640 603 1514 668">
     <span class='ocr_line' id='line_1_4' title="bbox 640 603 1514 668; baseline -0.008 -8"><span class='ocrx_word' id='word_1_19' title='bbox 640 607 1031 668; x_wconf 75' lang='lat' dir='ltr'><strong>consistereac</strong></span> <span class='ocrx_word' id='word_1_20' title='bbox 1055 604 1261 658; x_wconf 77' lang='lat' dir='ltr'><strong>moveri</strong></span> <span class='ocrx_word' id='word_1_21' title='bbox 1292 603 1514 657; x_wconf 89' lang='lat' dir='ltr'><strong>tribuat.</strong></span> 
     </span>
    </p>
   </div>
   <div class='ocr_carea' id='block_1_5' title="bbox 715 679 2201 761">
    <p class='ocr_par' dir='ltr' id='par_1_5' title="bbox 715 683 2186 761">
     <span class='ocr_line' id='line_1_5' title="bbox 715 683 2186 761; baseline -0.01 -13"><span class='ocrx_word' id='word_1_22' title='bbox 715 694 934 750; x_wconf 72' lang='lat' dir='ltr'><strong>Animae.</strong></span> <span class='ocrx_word' id='word_1_23' title='bbox 966 692 1159 761; x_wconf 81' lang='lat' dir='ltr'><strong>Deique</strong></span> <span class='ocrx_word' id='word_1_24' title='bbox 1190 692 1600 760; x_wconf 83' lang='lat' dir='ltr'><strong>conjugationes.</strong></span> <span class='ocrx_word' id='word_1_25' title='bbox 1632 688 1805 742; x_wconf 78' lang='lat' dir='ltr'><strong>Decus.</strong></span> <span class='ocrx_word' id='word_1_26' title='bbox 1828 686 2045 756; x_wconf 77' lang='lat' dir='ltr'><strong>mystica</strong></span> <span class='ocrx_word' id='word_1_27' title='bbox 2079 683 2186 750; x_wconf 79' lang='lat' dir='ltr'><strong>spi—</strong></span> 
     </span>
    </p>
   </div>
   <div class='ocr_carea' id='block_1_6' title="bbox 2300 679 3822 761">
    <p class='ocr_par' dir='ltr' id='par_1_6' title="bbox 2361 679 3822 757">
     <span class='ocr_line' id='line_1_6' title="bbox 2361 679 3822 757; baseline 0.005 -24"><span class='ocrx_word' id='word_1_28' title='bbox 2361 683 2470 745; x_wconf 82' lang='grc' dir='ltr'><strong>Τὰς</strong></span> <span class='ocrx_word' id='word_1_29' title='bbox 2495 679 2587 736; x_wconf 77' lang='grc' dir='ltr'><strong>οὖν</strong></span> <span class='ocrx_word' id='word_1_30' title='bbox 2617 687 2745 754; x_wconf 78' lang='grc' dir='ltr'>περὶ</span> <span class='ocrx_word' id='word_1_31' title='bbox 2777 686 2874 756; x_wconf 78' lang='grc' dir='ltr'>τὴν</span> <span class='ocrx_word' id='word_1_32' title='bbox 2899 685 3073 755; x_wconf 69' lang='grc' dir='ltr'>ψυχὴν</span> <span class='ocrx_word' id='word_1_33' title='bbox 3094 688 3384 754; x_wconf 77' lang='grc' dir='ltr'>νοουμένας</span> <span class='ocrx_word' id='word_1_34' title='bbox 3414 691 3571 739; x_wconf 79' lang='grc' dir='ltr'>πέντε</span> <span class='ocrx_word' id='word_1_35' title='bbox 3591 688 3822 757; x_wconf 75' lang='grc' dir='ltr'><strong>συζυγίας</strong></span> 
     </span>
    </p>
   </div>
   <div class='ocr_carea' id='block_1_7' title="bbox 646 775 2190 851">
    <p class='ocr_par' dir='ltr' id='par_1_7' title="bbox 646 775 2190 851">
     <span class='ocr_line' id='line_1_7' title="bbox 646 775 2190 851; baseline -0.006 -17"><span class='ocrx_word' id='word_1_36' title='bbox 646 785 814 838; x_wconf 73' lang='lat' dir='ltr'><strong>ritalis</strong></span> <span class='ocrx_word' id='word_1_37' title='bbox 842 782 1098 851; x_wconf 79' lang='lat' dir='ltr'><strong>psalterii.</strong></span> <span class='ocrx_word' id='word_1_38' title='bbox 1125 780 1352 844; x_wconf 86' lang='lat' dir='ltr'><strong>—Quas</strong></span> <span class='ocrx_word' id='word_1_39' title='bbox 1382 795 1512 848; x_wconf 85' lang='lat' dir='ltr'><strong>ergo</strong></span> <span class='ocrx_word' id='word_1_40' title='bbox 1544 779 1598 831; x_wconf 91' lang='lat' dir='ltr'><strong>in</strong></span> <span class='ocrx_word' id='word_1_41' title='bbox 1627 778 1807 830; x_wconf 90' lang='lat' dir='ltr'><strong>anima</strong></span> <span class='ocrx_word' id='word_1_42' title='bbox 1839 775 2190 844; x_wconf 68' lang='lat' dir='ltr'><strong>intelligimus</strong></span> 
     </span>
    </p>
   </div>
   <div class='ocr_carea' id='block_1_8' title="bbox 640 865 2192 942">
    <p class='ocr_par' dir='ltr' id='par_1_8' title="bbox 640 865 2192 942">
     <span class='ocr_line' id='line_1_8' title="bbox 640 865 2192 942; baseline -0.008 -15"><span class='ocrx_word' id='word_1_43' title='bbox 640 875 881 942; x_wconf 82' lang='lat' dir='ltr'><strong>quinque</strong></span> <span class='ocrx_word' id='word_1_44' title='bbox 929 872 1362 942; x_wconf 88' lang='lat' dir='ltr'><strong>conjugationes,</strong></span> <span class='ocrx_word' id='word_1_45' title='bbox 1405 869 1553 922; x_wconf 89' lang='lat' dir='ltr'><strong>circa</strong></span> <span class='ocrx_word' id='word_1_46' title='bbox 1598 866 1810 920; x_wconf 88' lang='lat' dir='ltr'><strong>unicam</strong></span> <span class='ocrx_word' id='word_1_47' title='bbox 1856 865 2032 928; x_wconf 84' lang='lat' dir='ltr'><strong>illam,</strong></span> <span class='ocrx_word' id='word_1_48' title='bbox 2073 877 2192 932; x_wconf 79' lang='lat' dir='ltr'><strong>qua:</strong></span> 
     </span>
    </p>
   </div>
   <div class='ocr_carea' id='block_1_9' title="bbox 643 956 2190 1032">
    <p class='ocr_par' dir='ltr' id='par_1_9' title="bbox 643 956 2190 1032">
     <span class='ocr_line' id='line_1_9' title="bbox 643 956 2190 1032; baseline -0.007 -15"><span class='ocrx_word' id='word_1_49' title='bbox 643 966 810 1017; x_wconf 79' lang='lat' dir='ltr'><strong>Deum</strong></span> <span class='ocrx_word' id='word_1_50' title='bbox 845 962 1135 1032; x_wconf 80' lang='lat' dir='ltr'><strong>significat,</strong></span> <span class='ocrx_word' id='word_1_51' title='bbox 1162 961 1368 1015; x_wconf 89' lang='lat' dir='ltr'><strong>versari</strong></span> <span class='ocrx_word' id='word_1_52' title='bbox 1410 960 1610 1012; x_wconf 90' lang='lat' dir='ltr'><strong>aiebat.</strong></span> <span class='ocrx_word' id='word_1_53' title='bbox 1636 956 2059 1026; x_wconf 89' lang='lat' dir='ltr'><strong>Conjugationes</strong></span> <span class='ocrx_word' id='word_1_54' title='bbox 2088 970 2190 1010; x_wconf 87' lang='lat' dir='ltr'><strong>au-</strong></span> 
     </span>
    </p>
   </div>
   <div class='ocr_carea' id='block_1_10' title="bbox 643 1043 2189 1121">
    <p class='ocr_par' dir='ltr' id='par_1_10' title="bbox 643 1043 2189 1121">
     <span class='ocr_line' id='line_1_10' title="bbox 643 1043 2189 1121; baseline -0.006 -14"><span class='ocrx_word' id='word_1_55' title='bbox 643 1064 749 1108; x_wconf 89' lang='lat' dir='ltr'><strong>tem</strong></span> <span class='ocrx_word' id='word_1_56' title='bbox 794 1055 847 1106; x_wconf 91' lang='lat' dir='ltr'><strong>in</strong></span> <span class='ocrx_word' id='word_1_57' title='bbox 891 1053 1305 1121; x_wconf 65' lang='lat' dir='ltr'><strong>praesentiarum</strong></span> <span class='ocrx_word' id='word_1_58' title='bbox 1344 1065 1500 1113; x_wconf 88' lang='lat' dir='ltr'><strong>voco,</strong></span> <span class='ocrx_word' id='word_1_59' title='bbox 1538 1059 1772 1103; x_wconf 93' lang='lat' dir='ltr'><strong>mentem</strong></span> <span class='ocrx_word' id='word_1_60' title='bbox 1811 1043 1865 1100; x_wconf 87' lang='lat' dir='ltr'><strong>et</strong></span> <span class='ocrx_word' id='word_1_61' title='bbox 1902 1047 2189 1110; x_wconf 86' lang='lat' dir='ltr'><strong>rationem,</strong></span> 
     </span>
    </p>
   </div>
   <div class='ocr_carea' id='block_1_11' title="bbox 641 1135 2193 1208">
    <p class='ocr_par' dir='ltr' id='par_1_11' title="bbox 641 1135 2193 1208">
     <span class='ocr_line' id='line_1_11' title="bbox 641 1135 2193 1208; baseline -0.006 -14"><span class='ocrx_word' id='word_1_62' title='bbox 641 1141 962 1208; x_wconf 77' lang='lat' dir='ltr'><strong>sapientiam</strong></span> <span class='ocrx_word' id='word_1_63' title='bbox 1023 1148 1078 1193; x_wconf 86' lang='lat' dir='ltr'><strong>et</strong></span> <span class='ocrx_word' id='word_1_64' title='bbox 1136 1138 1518 1206; x_wconf 86' lang='lat' dir='ltr'><strong>prudentiam,</strong></span> <span class='ocrx_word' id='word_1_65' title='bbox 1570 1135 2082 1204; x_wconf 74' lang='lat' dir='ltr'><strong>contemplationem</strong></span> <span class='ocrx_word' id='word_1_66' title='bbox 2137 1139 2193 1186; x_wconf 87' lang='lat' dir='ltr'><strong>et</strong></span> 
     </span>
    </p>
   </div>
   <div class='ocr_carea' id='block_1_12' title="bbox 640 1225 2191 1310">
    <p class='ocr_par' dir='ltr' id='par_1_12' title="bbox 640 1225 2191 1310">
     <span class='ocr_line' id='line_1_12' title="bbox 640 1225 2191 1310; baseline -0.007 -25"><span class='ocrx_word' id='word_1_67' title='bbox 640 1232 931 1310; x_wconf 65' lang='lat' dir='ltr'><strong>acuonem,</strong></span> <span class='ocrx_word' id='word_1_68' title='bbox 967 1229 1249 1282; x_wconf 84' lang='lat' dir='ltr'><strong>scientiam</strong></span> <span class='ocrx_word' id='word_1_69' title='bbox 1293 1235 1347 1280; x_wconf 91' lang='lat' dir='ltr'><strong>et</strong></span> <span class='ocrx_word' id='word_1_70' title='bbox 1388 1227 1668 1288; x_wconf 78' lang='lat' dir='ltr'><strong>virtutem,</strong></span> <span class='ocrx_word' id='word_1_71' title='bbox 1703 1225 1984 1280; x_wconf 81' lang='lat' dir='ltr'><strong>scientiam</strong></span> <span class='ocrx_word' id='word_1_72' title='bbox 2030 1238 2191 1292; x_wconf 90' lang='lat' dir='ltr'><strong>quam</strong></span> 
     </span>
    </p>
   </div>
   <div class='ocr_carea' id='block_1_13' title="bbox 640 1313 2188 1384">
    <p class='ocr_par' dir='ltr' id='par_1_13' title="bbox 640 1313 2188 1384">
     <span class='ocr_line' id='line_1_13' title="bbox 640 1313 2188 1384; baseline -0.004 -13"><span class='ocrx_word' id='word_1_73' title='bbox 640 1320 789 1372; x_wconf 89' lang='lat' dir='ltr'><strong>nulla</strong></span> <span class='ocrx_word' id='word_1_74' title='bbox 855 1318 1234 1370; x_wconf 89' lang='lat' dir='ltr'><strong>inohscurahit</strong></span> <span class='ocrx_word' id='word_1_75' title='bbox 1285 1316 1488 1369; x_wconf 88' lang='lat' dir='ltr'><strong>oblivio</strong></span> <span class='ocrx_word' id='word_1_76' title='bbox 1547 1317 1839 1384; x_wconf 84' lang='lat' dir='ltr'><strong>jugemque</strong></span> <span class='ocrx_word' id='word_1_77' title='bbox 1893 1324 1950 1368; x_wconf 84' lang='lat' dir='ltr'><strong>et</strong></span> <span class='ocrx_word' id='word_1_78' title='bbox 2007 1313 2188 1367; x_wconf 87' lang='lat' dir='ltr'><strong>ﬁdem.</strong></span> 
     </span>
    </p>
   </div>
   <div class='ocr_carea' id='block_1_14' title="bbox 637 1404 2190 1479">
    <p class='ocr_par' dir='ltr' id='par_1_14' title="bbox 637 1404 2190 1479">
     <span class='ocr_line' id='line_1_14' title="bbox 637 1404 2190 1479; baseline -0.003 -17"><span class='ocrx_word' id='word_1_79' title='bbox 637 1410 1090 1479; x_wconf 76' lang='lat' dir='ltr'><strong>Conjugationem</strong></span> <span class='ocrx_word' id='word_1_80' title='bbox 1121 1415 1302 1460; x_wconf 86' lang='lat' dir='ltr'><strong>autem</strong></span> <span class='ocrx_word' id='word_1_81' title='bbox 1329 1421 1449 1474; x_wconf 68' lang='lat' dir='ltr'><strong>qua:</strong></span> <span class='ocrx_word' id='word_1_82' title='bbox 1474 1407 1643 1459; x_wconf 90' lang='lat' dir='ltr'><strong>Deum</strong></span> <span class='ocrx_word' id='word_1_83' title='bbox 1673 1404 1961 1473; x_wconf 81' lang='lat' dir='ltr'><strong>signiticet,</strong></span> <span class='ocrx_word' id='word_1_84' title='bbox 1987 1405 2190 1458; x_wconf 81' lang='lat' dir='ltr'><strong>verita-</strong></span> 
     </span>
    </p>
   </div>
   <div class='ocr_carea' id='block_1_15' title="bbox 643 1494 2194 1566">
    <p class='ocr_par' dir='ltr' id='par_1_15' title="bbox 643 1494 2194 1566">
     <span class='ocr_line' id='line_1_15' title="bbox 643 1494 2194 1566; baseline -0.003 -15"><span class='ocrx_word' id='word_1_85' title='bbox 643 1509 749 1551; x_wconf 89' lang='lat' dir='ltr'><strong>tem</strong></span> <span class='ocrx_word' id='word_1_86' title='bbox 781 1515 843 1551; x_wconf 90' lang='lat' dir='ltr'><strong>ac</strong></span> <span class='ocrx_word' id='word_1_87' title='bbox 877 1498 1109 1561; x_wconf 87' lang='lat' dir='ltr'><strong>bomnu;</strong></span> <span class='ocrx_word' id='word_1_88' title='bbox 1145 1497 1347 1566; x_wconf 88' lang='lat' dir='ltr'><strong>quibus</strong></span> <span class='ocrx_word' id='word_1_89' title='bbox 1379 1496 1508 1552; x_wconf 87' lang='lat' dir='ltr'><strong>dum</strong></span> <span class='ocrx_word' id='word_1_90' title='bbox 1541 1494 1720 1546; x_wconf 89' lang='lat' dir='ltr'><strong>anima</strong></span> <span class='ocrx_word' id='word_1_91' title='bbox 1752 1509 2040 1563; x_wconf 88' lang='lat' dir='ltr'><strong>progressu</strong></span> <span class='ocrx_word' id='word_1_92' title='bbox 2074 1511 2194 1549; x_wconf 90' lang='lat' dir='ltr'><strong>mo-</strong></span> 
     </span>
    </p>
   </div>
   <div class='ocr_carea' id='block_1_16' title="bbox 645 1583 2194 1652">
    <p class='ocr_par' dir='ltr' id='par_1_16' title="bbox 645 1583 2194 1652">
     <span class='ocr_line' id='line_1_16' title="bbox 645 1583 2194 1652; baseline -0.001 -13"><span class='ocrx_word' id='word_1_93' title='bbox 645 1593 823 1648; x_wconf 89' lang='lat' dir='ltr'><strong>vetur,</strong></span> <span class='ocrx_word' id='word_1_94' title='bbox 858 1588 1236 1642; x_wconf 87' lang='lat' dir='ltr'><strong>universorqu</strong></span> <span class='ocrx_word' id='word_1_95' title='bbox 1278 1587 1388 1639; x_wconf 88' lang='lat' dir='ltr'><strong>Deo</strong></span> <span class='ocrx_word' id='word_1_96' title='bbox 1427 1585 1644 1648; x_wconf 87' lang='lat' dir='ltr'><strong>unitur;</strong></span> <span class='ocrx_word' id='word_1_97' title='bbox 1687 1599 1806 1651; x_wconf 72' lang='lat' dir='ltr'><strong>qua:</strong></span> <span class='ocrx_word' id='word_1_98' title='bbox 1844 1599 1941 1652; x_wconf 90' lang='lat' dir='ltr'><strong>per</strong></span> <span class='ocrx_word' id='word_1_99' title='bbox 1981 1583 2194 1637; x_wconf 85' lang='lat' dir='ltr'><strong>ﬁrmum</strong></span> 
     </span>
    </p>
   </div>
   <div class='ocr_carea' id='block_1_17' title="bbox 643 1667 2246 1743">
    <p class='ocr_par' dir='ltr' id='par_1_17' title="bbox 643 1667 2246 1743">
     <span class='ocr_line' id='line_1_17' title="bbox 643 1667 2246 1743; baseline -0.001 -13"><span class='ocrx_word' id='word_1_100' title='bbox 643 1677 882 1740; x_wconf 85' lang='lat' dir='ltr'><strong>scilicet,</strong></span> <span class='ocrx_word' id='word_1_101' title='bbox 910 1693 973 1730; x_wconf 89' lang='lat' dir='ltr'><strong>ac</strong></span> <span class='ocrx_word' id='word_1_102' title='bbox 1017 1677 1302 1735; x_wconf 85' lang='lat' dir='ltr'><strong>stabilem,</strong></span> <span class='ocrx_word' id='word_1_103' title='bbox 1345 1668 1787 1742; x_wconf 78' lang='lat' dir='ltr'><strong>iiumobilemque</strong></span> <span class='ocrx_word' id='word_1_104' title='bbox 1834 1667 1887 1726; x_wconf 89' lang='lat' dir='ltr'><strong>iu</strong></span> <span class='ocrx_word' id='word_1_105' title='bbox 1939 1689 2006 1727; x_wconf 92' lang='lat' dir='ltr'><strong>eo</strong></span> <span class='ocrx_word' id='word_1_106' title='bbox 2049 1675 2194 1743; x_wconf 88' lang='lat' dir='ltr'><strong>quod</strong></span> <span class='ocrx_word' id='word_1_107' title='bbox 2242 1677 2246 1679; x_wconf 61' lang='grc'><strong>“</strong></span> 
     </span>
    </p>
   </div>
   <div class='ocr_carea' id='block_1_18' title="bbox 643 1764 2198 1834">
    <p class='ocr_par' dir='ltr' id='par_1_18' title="bbox 643 1764 2198 1834">
     <span class='ocr_line' id='line_1_18' title="bbox 643 1764 2198 1834; baseline -0.001 -14"><span class='ocrx_word' id='word_1_108' title='bbox 643 1767 934 1821; x_wconf 88' lang='lat' dir='ltr'><strong>honestum</strong></span> <span class='ocrx_word' id='word_1_109' title='bbox 993 1769 1096 1831; x_wconf 89' lang='lat' dir='ltr'><strong>sit,</strong></span> <span class='ocrx_word' id='word_1_110' title='bbox 1151 1767 1337 1820; x_wconf 85' lang='lat' dir='ltr'><strong>liberae</strong></span> <span class='ocrx_word' id='word_1_111' title='bbox 1394 1764 1688 1818; x_wconf 82' lang='lat' dir='ltr'><strong>voluntatis</strong></span> <span class='ocrx_word' id='word_1_112' title='bbox 1744 1765 2044 1830; x_wconf 82' lang='lat' dir='ltr'><strong>habitum,‘</strong></span> <span class='ocrx_word' id='word_1_113' title='bbox 2078 1767 2198 1834; x_wconf 82' lang='lat' dir='ltr'><strong>ejus</strong></span> 
     </span>
    </p>
   </div>
   <div class='ocr_carea' id='block_1_19' title="bbox 641 1855 2195 1925">
    <p class='ocr_par' dir='ltr' id='par_1_19' title="bbox 641 1855 2195 1925">
     <span class='ocr_line' id='line_1_19' title="bbox 641 1855 2195 1925; baseline 0.001 -16"><span class='ocrx_word' id='word_1_114' title='bbox 641 1858 891 1910; x_wconf 71' lang='lat' dir='ltr'><strong>essentia:</strong></span> <span class='ocrx_word' id='word_1_115' title='bbox 918 1872 981 1909; x_wconf 89' lang='lat' dir='ltr'><strong>ac</strong></span> <span class='ocrx_word' id='word_1_116' title='bbox 1007 1855 1344 1925; x_wconf 87' lang='lat' dir='ltr'><strong>operationis</strong></span> <span class='ocrx_word' id='word_1_117' title='bbox 1377 1855 1870 1909; x_wconf 88' lang='lat' dir='ltr'><strong>immutabilitatem</strong></span> <span class='ocrx_word' id='word_1_118' title='bbox 1899 1873 1962 1910; x_wconf 91' lang='lat' dir='ltr'><strong>ac</strong></span> <span class='ocrx_word' id='word_1_119' title='bbox 1987 1857 2195 1911; x_wconf 77' lang='lat' dir='ltr'><strong>benefi-</strong></span> 
     </span>
    </p>
   </div>
   <div class='ocr_carea' id='block_1_20' title="bbox 643 1945 2196 2016">
    <p class='ocr_par' dir='ltr' id='par_1_20' title="bbox 643 1945 2196 2016">
     <span class='ocr_line' id='line_1_20' title="bbox 643 1945 2196 2016; baseline 0.001 -16"><span class='ocrx_word' id='word_1_120' title='bbox 643 1946 876 2001; x_wconf 85' lang='lat' dir='ltr'><strong>centiam</strong></span> <span class='ocrx_word' id='word_1_121' title='bbox 926 1947 1186 1998; x_wconf 83' lang='lat' dir='ltr'><strong>imitetur.</strong></span> <span class='ocrx_word' id='word_1_122' title='bbox 1228 1946 1311 2009; x_wconf 87' lang='lat' dir='ltr'><strong>Et,</strong></span> <span class='ocrx_word' id='word_1_123' title='bbox 1375 1954 1434 1998; x_wconf 89' lang='lat' dir='ltr'><strong>ut</strong></span> <span class='ocrx_word' id='word_1_124' title='bbox 1473 1945 1665 1998; x_wconf 90' lang='lat' dir='ltr'><strong>horum</strong></span> <span class='ocrx_word' id='word_1_125' title='bbox 1708 1946 1958 2016; x_wconf 78' lang='lat' dir='ltr'><strong>exiguam</strong></span> <span class='ocrx_word' id='word_1_126' title='bbox 2003 1963 2196 2016; x_wconf 89' lang='lat' dir='ltr'><strong>quam-</strong></span> 
     </span>
    </p>
   </div>
   <div class='ocr_carea' id='block_1_21' title="bbox 641 2033 2193 2099">
    <p class='ocr_par' dir='ltr' id='par_1_21' title="bbox 641 2033 2193 2099">
     <span class='ocr_line' id='line_1_21' title="bbox 641 2033 2193 2099; baseline 0.002 -13"><span class='ocrx_word' id='word_1_127' title='bbox 641 2035 789 2099; x_wconf 90' lang='lat' dir='ltr'><strong>dam,</strong></span> <span class='ocrx_word' id='word_1_128' title='bbox 823 2034 1162 2088; x_wconf 86' lang='lat' dir='ltr'><strong>commodam</strong></span> <span class='ocrx_word' id='word_1_129' title='bbox 1187 2042 1379 2086; x_wconf 90' lang='lat' dir='ltr'><strong>’tamen</strong></span> <span class='ocrx_word' id='word_1_130' title='bbox 1415 2033 1850 2088; x_wconf 82' lang='lat' dir='ltr'><strong>observationem</strong></span> <span class='ocrx_word' id='word_1_131' title='bbox 1886 2036 2142 2089; x_wconf 88' lang='lat' dir='ltr'><strong>misceam</strong></span> <span class='ocrx_word' id='word_1_132' title='bbox 2180 2054 2193 2089; x_wconf 89' lang='lat'>:</span> 
     </span>
    </p>
   </div>
   <div class='ocr_carea' id='block_1_22' title="bbox 643 2123 2194 2195">
    <p class='ocr_par' dir='ltr' id='par_1_22' title="bbox 643 2123 2194 2195">
     <span class='ocr_line' id='line_1_22' title="bbox 643 2123 2194 2195; baseline 0.001 -18"><span class='ocrx_word' id='word_1_133' title='bbox 643 2125 758 2178; x_wconf 75' lang='lat' dir='ltr'><strong>lucc</strong></span> <span class='ocrx_word' id='word_1_134' title='bbox 786 2125 1010 2178; x_wconf 83' lang='lat' dir='ltr'><strong>fortasse</strong></span> <span class='ocrx_word' id='word_1_135' title='bbox 1040 2134 1124 2176; x_wconf 81' lang='lat' dir='ltr'><strong>est</strong></span> <span class='ocrx_word' id='word_1_136' title='bbox 1151 2123 1460 2175; x_wconf 76' lang='lat' dir='ltr'><strong>divinarum</strong></span> <span class='ocrx_word' id='word_1_137' title='bbox 1491 2124 1820 2177; x_wconf 83' lang='lat' dir='ltr'><strong>chordarum</strong></span> <span class='ocrx_word' id='word_1_138' title='bbox 1847 2125 2032 2187; x_wconf 67' lang='lat' dir='ltr'><strong>decas,</strong></span> <span class='ocrx_word' id='word_1_139' title='bbox 2057 2128 2194 2195; x_wconf 81' lang='lat' dir='ltr'><strong>ejus,</strong></span> 
     </span>
    </p>
   </div>
   <div class='ocr_carea' id='block_1_23' title="bbox 641 2212 2197 2282">
    <p class='ocr_par' dir='ltr' id='par_1_23' title="bbox 641 2212 2197 2282">
     <span class='ocr_line' id='line_1_23' title="bbox 641 2212 2197 2282; baseline 0.003 -17"><span class='ocrx_word' id='word_1_140' title='bbox 641 2214 790 2282; x_wconf 84' lang='lat' dir='ltr'><strong>quod</strong></span> <span class='ocrx_word' id='word_1_141' title='bbox 816 2224 994 2266; x_wconf 80' lang='lat' dir='ltr'><strong>mente</strong></span> <span class='ocrx_word' id='word_1_142' title='bbox 1027 2212 1369 2279; x_wconf 76' lang='lat' dir='ltr'><strong>intelligitur,</strong></span> <span class='ocrx_word' id='word_1_143' title='bbox 1395 2212 1638 2279; x_wconf 87' lang='lat' dir='ltr'><strong>psalterii</strong></span> <span class='ocrx_word' id='word_1_144' title='bbox 1663 2213 1857 2266; x_wconf 69' lang='lat' dir='ltr'><strong>animae</strong></span> <span class='ocrx_word' id='word_1_145' title='bbox 1879 2214 1902 2251; x_wconf 77' lang='grc' dir='ltr'><strong>ιί</strong></span> <span class='ocrx_word' id='word_1_146' title='bbox 1928 2215 2197 2269; x_wconf 85' lang='lat' dir='ltr'><strong>rationem</strong></span> 
     </span>
    </p>
   </div>
   <div class='ocr_carea' id='block_1_24' title="bbox 644 2300 2196 2370">
    <p class='ocr_par' dir='ltr' id='par_1_24' title="bbox 644 2300 2196 2370">
     <span class='ocr_line' id='line_1_24' title="bbox 644 2300 2196 2370; baseline 0.004 -17"><span class='ocrx_word' id='word_1_147' title='bbox 644 2303 853 2355; x_wconf 82' lang='lat' dir='ltr'><strong>habens</strong></span> <span class='ocrx_word' id='word_1_148' title='bbox 883 2301 1096 2369; x_wconf 84' lang='lat' dir='ltr'><strong>spiritui</strong></span> <span class='ocrx_word' id='word_1_149' title='bbox 1130 2300 1470 2353; x_wconf 88' lang='lat' dir='ltr'><strong>insonantem</strong></span> <span class='ocrx_word' id='word_1_150' title='bbox 1497 2316 1593 2370; x_wconf 90' lang='lat' dir='ltr'><strong>per</strong></span> <span class='ocrx_word' id='word_1_151' title='bbox 1619 2302 1776 2355; x_wconf 89' lang='lat' dir='ltr'><strong>aliam</strong></span> <span class='ocrx_word' id='word_1_152' title='bbox 1809 2303 2017 2356; x_wconf 87' lang='lat' dir='ltr'><strong>beatam</strong></span> <span class='ocrx_word' id='word_1_153' title='bbox 2047 2320 2196 2359; x_wconf 90' lang='lat' dir='ltr'><strong>mau-</strong></span> 
     </span>
    </p>
   </div>
   <div class='ocr_carea' id='block_1_25' title="bbox 644 2391 2196 2461">
    <p class='ocr_par' dir='ltr' id='par_1_25' title="bbox 644 2391 2196 2461">
     <span class='ocr_line' id='line_1_25' title="bbox 644 2391 2196 2461; baseline 0.003 -16"><span class='ocrx_word' id='word_1_154' title='bbox 644 2392 894 2445; x_wconf 90' lang='lat' dir='ltr'><strong>datorum</strong></span> <span class='ocrx_word' id='word_1_155' title='bbox 938 2391 1227 2454; x_wconf 83' lang='lat' dir='ltr'><strong>decadem,</strong></span> <span class='ocrx_word' id='word_1_156' title='bbox 1266 2391 1644 2459; x_wconf 81' lang='lat' dir='ltr'><strong>pcrfectosquc</strong></span> <span class='ocrx_word' id='word_1_157' title='bbox 1689 2405 1850 2461; x_wconf 90' lang='lat' dir='ltr'><strong>atque</strong></span> <span class='ocrx_word' id='word_1_158' title='bbox 1898 2398 2196 2449; x_wconf 88' lang='lat' dir='ltr'><strong>concinnos</strong></span> 
     </span>
    </p>
   </div>
   <div class='ocr_carea' id='block_1_26' title="bbox 643 2481 2198 2546">
    <p class='ocr_par' dir='ltr' id='par_1_26' title="bbox 643 2481 2198 2546">
     <span class='ocr_line' id='line_1_26' title="bbox 643 2481 2198 2546; baseline 0.004 -15"><span class='ocrx_word' id='word_1_159' title='bbox 643 2495 706 2531; x_wconf 88' lang='lat' dir='ltr'><strong>ac</strong></span> <span class='ocrx_word' id='word_1_160' title='bbox 739 2491 1057 2532; x_wconf 79' lang='lat' dir='ltr'><strong>numerosos</strong></span> <span class='ocrx_word' id='word_1_161' title='bbox 1089 2494 1272 2538; x_wconf 90' lang='lat' dir='ltr'><strong>sonos,</strong></span> <span class='ocrx_word' id='word_1_162' title='bbox 1300 2481 1499 2546; x_wconf 88' lang='lat' dir='ltr'><strong>quibus</strong></span> <span class='ocrx_word' id='word_1_163' title='bbox 1526 2481 1670 2534; x_wconf 90' lang='lat' dir='ltr'><strong>Deus</strong></span> <span class='ocrx_word' id='word_1_164' title='bbox 1699 2483 1972 2546; x_wconf 88' lang='lat' dir='ltr'><strong>laudatur,</strong></span> <span class='ocrx_word' id='word_1_165' title='bbox 2000 2485 2198 2538; x_wconf 87' lang='lat' dir='ltr'><strong>intelli—</strong></span> 
     </span>
    </p>
   </div>
   <div class='ocr_carea' id='block_1_27' title="bbox 643 2548 2198 2636">
    <p class='ocr_par' dir='ltr' id='par_1_27' title="bbox 643 2548 2198 2636">
     <span class='ocr_line' id='line_1_27' title="bbox 643 2548 2198 2636; baseline 0.003 -18"><span class='ocrx_word' id='word_1_166' title='bbox 643 2548 791 2634; x_wconf 69' lang='lat' dir='ltr'><strong>gibili</strong></span> <span class='ocrx_word' id='word_1_167' title='bbox 828 2575 1093 2619; x_wconf 81' lang='lat' dir='ltr'><strong>concentu</strong></span> <span class='ocrx_word' id='word_1_168' title='bbox 1131 2565 1327 2628; x_wconf 88' lang='lat' dir='ltr'><strong>edens;</strong></span> <span class='ocrx_word' id='word_1_169' title='bbox 1367 2575 1425 2618; x_wconf 88' lang='lat' dir='ltr'><strong>ut</strong></span> <span class='ocrx_word' id='word_1_170' title='bbox 1457 2567 1668 2619; x_wconf 86' lang='lat' dir='ltr'><strong>scilicet</strong></span> <span class='ocrx_word' id='word_1_171' title='bbox 1698 2583 1819 2636; x_wconf 82' lang='lat' dir='ltr'><strong>ego,</strong></span> <span class='ocrx_word' id='word_1_172' title='bbox 1847 2584 2090 2635; x_wconf 70' lang='lat' dir='ltr'><strong>quaenam</strong></span> <span class='ocrx_word' id='word_1_173' title='bbox 2127 2570 2198 2622; x_wconf 88' lang='lat' dir='ltr'><strong>sit</strong></span> 
     </span>
    </p>
   </div>
   <div class='ocr_carea' id='block_1_28' title="bbox 642 2654 2195 2724">
    <p class='ocr_par' dir='ltr' id='par_1_28' title="bbox 642 2654 2195 2724">
     <span class='ocr_line' id='line_1_28' title="bbox 642 2654 2195 2724; baseline 0.003 -17"><span class='ocrx_word' id='word_1_174' title='bbox 642 2657 762 2724; x_wconf 87' lang='lat' dir='ltr'><strong>ejus</strong></span> <span class='ocrx_word' id='word_1_175' title='bbox 796 2656 1015 2708; x_wconf 88' lang='lat' dir='ltr'><strong>decadis</strong></span> <span class='ocrx_word' id='word_1_176' title='bbox 1053 2654 1209 2716; x_wconf 90' lang='lat' dir='ltr'><strong>ratio,</strong></span> <span class='ocrx_word' id='word_1_177' title='bbox 1246 2669 1366 2722; x_wconf 73' lang='lat' dir='ltr'><strong>quze</strong></span> <span class='ocrx_word' id='word_1_178' title='bbox 1404 2655 1568 2718; x_wconf 91' lang='lat' dir='ltr'><strong>canit,</strong></span> <span class='ocrx_word' id='word_1_179' title='bbox 1602 2664 1658 2708; x_wconf 86' lang='lat' dir='ltr'><strong>et</strong></span> <span class='ocrx_word' id='word_1_180' title='bbox 1688 2672 1807 2723; x_wconf 78' lang='lat' dir='ltr'><strong>qua:</strong></span> <span class='ocrx_word' id='word_1_181' title='bbox 1843 2659 2078 2719; x_wconf 82' lang='lat' dir='ltr'><strong>eanitur,</strong></span> <span class='ocrx_word' id='word_1_182' title='bbox 2112 2659 2195 2711; x_wconf 89' lang='lat' dir='ltr'><strong>in-</strong></span> 
     </span>
    </p>
   </div>
   <div class='ocr_carea' id='block_1_29' title="bbox 646 2744 2196 2816">
    <p class='ocr_par' dir='ltr' id='par_1_29' title="bbox 646 2744 2196 2816">
     <span class='ocr_line' id='line_1_29' title="bbox 646 2744 2196 2816; baseline 0.003 -20"><span class='ocrx_word' id='word_1_183' title='bbox 646 2746 910 2814; x_wconf 79' lang='lat' dir='ltr'><strong>telligam;</strong></span> <span class='ocrx_word' id='word_1_184' title='bbox 956 2754 1118 2815; x_wconf 87' lang='lat' dir='ltr'><strong>atque</strong></span> <span class='ocrx_word' id='word_1_185' title='bbox 1158 2753 1218 2798; x_wconf 89' lang='lat' dir='ltr'><strong>ut</strong></span> <span class='ocrx_word' id='word_1_186' title='bbox 1254 2745 1417 2797; x_wconf 86' lang='lat' dir='ltr'><strong>decas</strong></span> <span class='ocrx_word' id='word_1_187' title='bbox 1455 2744 1645 2798; x_wconf 83' lang='lat' dir='ltr'><strong>dccadi</strong></span> <span class='ocrx_word' id='word_1_188' title='bbox 1687 2749 1909 2816; x_wconf 77' lang='lat' dir='ltr'><strong>mystice</strong></span> <span class='ocrx_word' id='word_1_189' title='bbox 1948 2750 2095 2801; x_wconf 86' lang='lat' dir='ltr'><strong>unita</strong></span> <span class='ocrx_word' id='word_1_190' title='bbox 2135 2765 2196 2802; x_wconf 89' lang='lat' dir='ltr'><strong>ac</strong></span> 
     </span>
    </p>
   </div>
   <div class='ocr_carea' id='block_1_30' title="bbox 641 2823 2190 2904">
    <p class='ocr_par' dir='ltr' id='par_1_30' title="bbox 641 2823 2190 2904">
     <span class='ocr_line' id='line_1_30' title="bbox 641 2823 2190 2904; baseline 0.003 -16"><span class='ocrx_word' id='word_1_191' title='bbox 641 2837 913 2903; x_wconf 87' lang='lat' dir='ltr'><strong>copulata,</strong></span> <span class='ocrx_word' id='word_1_192' title='bbox 945 2836 1126 2889; x_wconf 77' lang='lat' dir='ltr'><strong>Jesum</strong></span> <span class='ocrx_word' id='word_1_193' title='bbox 1170 2836 1388 2904; x_wconf 89' lang='lat' dir='ltr'><strong>quidem</strong></span> <span class='ocrx_word' id='word_1_194' title='bbox 1426 2837 1592 2889; x_wconf 91' lang='lat' dir='ltr'><strong>Deum</strong></span> <span class='ocrx_word' id='word_1_195' title='bbox 1633 2853 1810 2890; x_wconf 91' lang='lat' dir='ltr'><strong>meum</strong></span> <span class='ocrx_word' id='word_1_196' title='bbox 1851 2853 1914 2891; x_wconf 92' lang='lat' dir='ltr'><strong>ac</strong></span> <span class='ocrx_word' id='word_1_197' title='bbox 1950 2823 2190 2892; x_wconf 68' lang='lat' dir='ltr'><strong>Salvam-</strong></span> 
     </span>
    </p>
   </div>
   <div class='ocr_carea' id='block_1_31' title="bbox 644 2917 2195 3001">
    <p class='ocr_par' dir='ltr' id='par_1_31' title="bbox 644 2917 2195 3001">
     <span class='ocr_line' id='line_1_31' title="bbox 644 2917 2195 3001; baseline 0.002 -25"><span class='ocrx_word' id='word_1_198' title='bbox 644 2939 779 2987; x_wconf 88' lang='lat' dir='ltr'><strong>rem,</strong></span> <span class='ocrx_word' id='word_1_199' title='bbox 805 2940 900 2992; x_wconf 90' lang='lat' dir='ltr'><strong>per</strong></span> <span class='ocrx_word' id='word_1_200' title='bbox 928 2939 1010 3001; x_wconf 86' lang='lat' dir='ltr'><strong>me</strong></span> <span class='ocrx_word' id='word_1_201' title='bbox 1035 2924 1128 2992; x_wconf 92' lang='lat' dir='ltr'><strong>qui</strong></span> <span class='ocrx_word' id='word_1_202' title='bbox 1156 2925 1358 2978; x_wconf 79' lang='lat' dir='ltr'><strong>salutis</strong></span> <span class='ocrx_word' id='word_1_203' title='bbox 1373 2941 1570 2978; x_wconf 90' lang='lat' dir='ltr'><strong>munus</strong></span> <span class='ocrx_word' id='word_1_204' title='bbox 1599 2917 1923 2993; x_wconf 78' lang='lat' dir='ltr'><strong>consequar,</strong></span> <span class='ocrx_word' id='word_1_205' title='bbox 1952 2927 2195 2993; x_wconf 89' lang='lat' dir='ltr'><strong>comple-</strong></span> 
     </span>
    </p>
   </div>
   <div class='ocr_carea' id='block_1_32' title="bbox 645 3010 2196 3082">
    <p class='ocr_par' dir='ltr' id='par_1_32' title="bbox 645 3010 2196 3082">
     <span class='ocr_line' id='line_1_32' title="bbox 645 3010 2196 3082; baseline 0 -16"><span class='ocrx_word' id='word_1_206' title='bbox 645 3025 782 3078; x_wconf 90' lang='lat' dir='ltr'><strong>tum,</strong></span> <span class='ocrx_word' id='word_1_207' title='bbox 813 3015 879 3065; x_wconf 91' lang='lat' dir='ltr'><strong>ad</strong></span> <span class='ocrx_word' id='word_1_208' title='bbox 917 3010 986 3066; x_wconf 76' lang='lat' dir='ltr'><strong>se’</strong></span> <span class='ocrx_word' id='word_1_209' title='bbox 1010 3015 1254 3073; x_wconf 77' lang='lat' dir='ltr'><strong>reduc‘at,</strong></span> <span class='ocrx_word' id='word_1_210' title='bbox 1286 3029 1500 3082; x_wconf 88' lang='lat' dir='ltr'><strong>semper</strong></span> <span class='ocrx_word' id='word_1_211' title='bbox 1533 3015 1926 3081; x_wconf 89' lang='lat' dir='ltr'><strong>plenissimum,</strong></span> <span class='ocrx_word' id='word_1_212' title='bbox 1960 3031 2060 3069; x_wconf 91' lang='lat' dir='ltr'><strong>nec</strong></span> <span class='ocrx_word' id='word_1_213' title='bbox 2095 3032 2196 3068; x_wconf 91' lang='lat' dir='ltr'><strong>un-</strong></span> 
     </span>
    </p>
   </div>
   <div class='ocr_carea' id='block_1_33' title="bbox 641 3100 2197 3169">
    <p class='ocr_par' dir='ltr' id='par_1_33' title="bbox 641 3100 2197 3169">
     <span class='ocr_line' id='line_1_33' title="bbox 641 3100 2197 3169; baseline 0.003 -15"><span class='ocrx_word' id='word_1_214' title='bbox 641 3116 805 3169; x_wconf 80' lang='lat' dir='ltr'><strong>quam</strong></span> <span class='ocrx_word' id='word_1_215' title='bbox 831 3102 1099 3154; x_wconf 90' lang='lat' dir='ltr'><strong>valentem</strong></span> <span class='ocrx_word' id='word_1_216' title='bbox 1134 3100 1285 3169; x_wconf 77' lang='lat'><strong>501</strong></span> <span class='ocrx_word' id='word_1_217' title='bbox 1315 3103 1608 3162; x_wconf 78' lang='lat' dir='ltr'><strong>excedere;</strong></span> <span class='ocrx_word' id='word_1_218' title='bbox 1644 3119 1728 3157; x_wconf 90' lang='lat' dir='ltr'><strong>me</strong></span> <span class='ocrx_word' id='word_1_219' title='bbox 1760 3120 1889 3157; x_wconf 86' lang='lat' dir='ltr'><strong>vero</strong></span> <span class='ocrx_word' id='word_1_220' title='bbox 1920 3105 2197 3159; x_wconf 85' lang='lat' dir='ltr'><strong>hominem</strong></span> 
     </span>
    </p>
   </div>
   <div class='ocr_carea' id='block_1_34' title="bbox 647 3191 2194 3260">
    <p class='ocr_par' dir='ltr' id='par_1_34' title="bbox 647 3191 2194 3260">
     <span class='ocr_line' id='line_1_34' title="bbox 647 3191 2194 3260; baseline 0.003 -17"><span class='ocrx_word' id='word_1_221' title='bbox 647 3192 969 3244; x_wconf 86' lang='lat' dir='ltr'><strong>mirabiliter</strong></span> <span class='ocrx_word' id='word_1_222' title='bbox 1001 3191 1352 3260; x_wconf 86' lang='lat' dir='ltr'><strong>mihimetipsi</strong></span> <span class='ocrx_word' id='word_1_223' title='bbox 1387 3193 1669 3256; x_wconf 80' lang='lat' dir='ltr'><strong>restituat;</strong></span> <span class='ocrx_word' id='word_1_224' title='bbox 1710 3194 1818 3246; x_wconf 90' lang='lat' dir='ltr'><strong>imo</strong></span> <span class='ocrx_word' id='word_1_225' title='bbox 1850 3195 2031 3260; x_wconf 90' lang='lat' dir='ltr'><strong>potius</strong></span> <span class='ocrx_word' id='word_1_226' title='bbox 2063 3195 2194 3259; x_wconf 91' lang='lat' dir='ltr'><strong>Deo,</strong></span> 
     </span>
    </p>
   </div>
   <div class='ocr_carea' id='block_1_35' title="bbox 645 3281 2264 3367">
    <p class='ocr_par' dir='ltr' id='par_1_35' title="bbox 645 3281 2264 3367">
     <span class='ocr_line' id='line_1_35' title="bbox 645 3281 2264 3367; baseline 0.002 -34"><span class='ocrx_word' id='word_1_227' title='bbox 645 3281 734 3334; x_wconf 91' lang='lat' dir='ltr'><strong>cui</strong></span> <span class='ocrx_word' id='word_1_228' title='bbox 766 3281 815 3332; x_wconf 89' lang='lat' dir='ltr'><strong>id</strong></span> <span class='ocrx_word' id='word_1_229' title='bbox 840 3281 980 3349; x_wconf 89' lang='lat' dir='ltr'><strong>quod</strong></span> <span class='ocrx_word' id='word_1_230' title='bbox 1014 3296 1130 3333; x_wconf 91' lang='lat' dir='ltr'><strong>sum</strong></span> <span class='ocrx_word' id='word_1_231' title='bbox 1158 3291 1436 3349; x_wconf 88' lang='lat' dir='ltr'><strong>acceptum</strong></span> <span class='ocrx_word' id='word_1_232' title='bbox 1463 3283 1596 3344; x_wconf 81' lang='lat' dir='ltr'><strong>fero,</strong></span> <span class='ocrx_word' id='word_1_233' title='bbox 1621 3292 1676 3335; x_wconf 90' lang='lat' dir='ltr'><strong>et</strong></span> <span class='ocrx_word' id='word_1_234' title='bbox 1698 3283 1763 3335; x_wconf 93' lang='lat' dir='ltr'><strong>ad</strong></span> <span class='ocrx_word' id='word_1_235' title='bbox 1789 3299 1948 3352; x_wconf 89' lang='lat' dir='ltr'><strong>quem</strong></span> <span class='ocrx_word' id='word_1_236' title='bbox 1979 3284 2192 3347; x_wconf 81' lang='lat' dir='ltr'><strong>festino,</strong></span> <span class='ocrx_word' id='word_1_237' title='bbox 2223 3312 2264 3367; x_wconf 68' lang='grc' dir='ltr'>ο</span> 
     </span>
    </p>
   </div>
   <div class='ocr_carea' id='block_1_36' title="bbox 647 3368 2193 3440">
    <p class='ocr_par' dir='ltr' id='par_1_36' title="bbox 647 3368 2193 3440">
     <span class='ocr_line' id='line_1_36' title="bbox 647 3368 2193 3440; baseline 0.004 -19"><span class='ocrx_word' id='word_1_238' title='bbox 647 3379 706 3422; x_wconf 80' lang='grc' dir='ltr'>ιιι</span> <span class='ocrx_word' id='word_1_239' title='bbox 741 3368 1021 3423; x_wconf 81' lang='lat' dir='ltr'><strong>beatitudo</strong></span> <span class='ocrx_word' id='word_1_240' title='bbox 1057 3369 1184 3421; x_wconf 91' lang='lat' dir='ltr'><strong>olim</strong></span> <span class='ocrx_word' id='word_1_241' title='bbox 1219 3370 1523 3422; x_wconf 88' lang='lat' dir='ltr'><strong>desiderata</strong></span> <span class='ocrx_word' id='word_1_242' title='bbox 1557 3371 1774 3423; x_wconf 89' lang='lat' dir='ltr'><strong>demqu</strong></span> <span class='ocrx_word' id='word_1_243' title='bbox 1809 3385 2193 3440; x_wconf 88' lang='lat' dir='ltr'><strong>consequatur.</strong></span> 
     </span>
    </p>
   </div>
   <div class='ocr_carea' id='block_1_37' title="bbox 647 3459 2196 3530">
    <p class='ocr_par' dir='ltr' id='par_1_37' title="bbox 647 3459 2196 3530">
     <span class='ocr_line' id='line_1_37' title="bbox 647 3459 2196 3530; baseline 0.003 -19"><span class='ocrx_word' id='word_1_244' title='bbox 647 3459 776 3511; x_wconf 87' lang='lat' dir='ltr'><strong>Eam</strong></span> <span class='ocrx_word' id='word_1_245' title='bbox 808 3475 918 3510; x_wconf 89' lang='lat' dir='ltr'><strong>rem</strong></span> <span class='ocrx_word' id='word_1_246' title='bbox 948 3460 1032 3512; x_wconf 93' lang='lat' dir='ltr'><strong>cui</strong></span> <span class='ocrx_word' id='word_1_247' title='bbox 1064 3475 1223 3512; x_wconf 89' lang='lat' dir='ltr'><strong>nosse</strong></span> <span class='ocrx_word' id='word_1_248' title='bbox 1249 3476 1566 3513; x_wconf 86' lang='lat' dir='ltr'><strong>concessum</strong></span> <span class='ocrx_word' id='word_1_249' title='bbox 1601 3470 1705 3523; x_wconf 87' lang='lat' dir='ltr'><strong>est,</strong></span> <span class='ocrx_word' id='word_1_250' title='bbox 1738 3478 1804 3528; x_wconf 80' lang='lat' dir='ltr'><strong>eo</strong></span> <span class='ocrx_word' id='word_1_251' title='bbox 1834 3465 1977 3530; x_wconf 88' lang='lat' dir='ltr'><strong>quod</strong></span> <span class='ocrx_word' id='word_1_252' title='bbox 2007 3480 2196 3518; x_wconf 90' lang='lat' dir='ltr'><strong>eorum</strong></span> 
     </span>
    </p>
   </div>
   <div class='ocr_carea' id='block_1_38' title="bbox 646 3547 2196 3619">
    <p class='ocr_par' dir='ltr' id='par_1_38' title="bbox 646 3547 2196 3619">
     <span class='ocr_line' id='line_1_38' title="bbox 646 3547 2196 3619; baseline 0.004 -21"><span class='ocrx_word' id='word_1_253' title='bbox 646 3564 767 3616; x_wconf 76' lang='lat' dir='ltr'><strong>qua:</strong></span> <span class='ocrx_word' id='word_1_254' title='bbox 804 3547 1060 3600; x_wconf 87' lang='lat' dir='ltr'><strong>dicuntur</strong></span> <span class='ocrx_word' id='word_1_255' title='bbox 1101 3549 1402 3619; x_wconf 85' lang='lat' dir='ltr'><strong>perieulum</strong></span> <span class='ocrx_word' id='word_1_256' title='bbox 1441 3549 1648 3610; x_wconf 83' lang='lat' dir='ltr'><strong>iecerit,</strong></span> <span class='ocrx_word' id='word_1_257' title='bbox 1677 3551 1902 3606; x_wconf 85' lang='lat' dir='ltr'><strong>omnino</strong></span> <span class='ocrx_word' id='word_1_258' title='bbox 1941 3551 2052 3618; x_wconf 85' lang='lat' dir='ltr'><strong>ipsa</strong></span> <span class='ocrx_word' id='word_1_259' title='bbox 2089 3553 2196 3619; x_wconf 87' lang='lat' dir='ltr'><strong>jam</strong></span> 
     </span>
    </p>
   </div>
   <div class='ocr_carea' id='block_1_39' title="bbox 647 3618 2197 3712">
    <p class='ocr_par' dir='ltr' id='par_1_39' title="bbox 647 3618 2197 3712">
     <span class='ocr_line' id='line_1_39' title="bbox 647 3618 2197 3712; baseline 0.001 -22"><span class='ocrx_word' id='word_1_260' title='bbox 647 3637 929 3706; x_wconf 86' lang='lat' dir='ltr'><strong>perspicue</strong></span> <span class='ocrx_word' id='word_1_261' title='bbox 970 3639 1198 3694; x_wconf 73' lang='lat' dir='ltr'><strong>edoctus</strong></span> <span class='ocrx_word' id='word_1_262' title='bbox 1236 3618 1589 3712; x_wconf 54' lang='lat' dir='ltr'><strong>Experientia,</strong></span> <span class='ocrx_word' id='word_1_263' title='bbox 1620 3653 1771 3689; x_wconf 87' lang='lat' dir='ltr'><strong>suam</strong></span> <span class='ocrx_word' id='word_1_264' title='bbox 1814 3639 1984 3704; x_wconf 87' lang='lat' dir='ltr'><strong>ipsius</strong></span> <span class='ocrx_word' id='word_1_265' title='bbox 2019 3639 2197 3708; x_wconf 78' lang='lat' dir='ltr'><strong>digiti-</strong></span> 
     </span>
    </p>
   </div>
   <div class='ocr_carea' id='block_1_40' title="bbox 651 3723 2199 3795">
    <p class='ocr_par' dir='ltr' id='par_1_40' title="bbox 651 3723 2199 3795">
     <span class='ocr_line' id='line_1_40' title="bbox 651 3723 2199 3795; baseline 0.003 -16"><span class='ocrx_word' id='word_1_266' title='bbox 651 3735 810 3779; x_wconf 86' lang='lat' dir='ltr'><strong>tatem</strong></span> <span class='ocrx_word' id='word_1_267' title='bbox 848 3727 1128 3795; x_wconf 82' lang='lat' dir='ltr'><strong>intelliget,</strong></span> <span class='ocrx_word' id='word_1_268' title='bbox 1153 3743 1258 3794; x_wconf 89' lang='lat' dir='ltr'><strong>qua</strong></span> <span class='ocrx_word' id='word_1_269' title='bbox 1294 3723 1549 3779; x_wconf 85' lang='lat' dir='ltr'><strong>nimirum</strong></span> <span class='ocrx_word' id='word_1_270' title='bbox 1590 3727 1818 3790; x_wconf 87' lang='lat' dir='ltr'><strong>ratione,</strong></span> <span class='ocrx_word' id='word_1_271' title='bbox 1855 3727 1904 3779; x_wconf 90' lang='lat' dir='ltr'><strong>id</strong></span> <span class='ocrx_word' id='word_1_272' title='bbox 1939 3731 2080 3795; x_wconf 82' lang='lat' dir='ltr'><strong>quod</strong></span> <span class='ocrx_word' id='word_1_273' title='bbox 2116 3739 2199 3783; x_wconf 85' lang='lat' dir='ltr'><strong>est.</strong></span> 
     </span>
    </p>
   </div>
   <div class='ocr_carea' id='block_1_41' title="bbox 646 3817 2197 3887">
    <p class='ocr_par' dir='ltr' id='par_1_41' title="bbox 646 3817 2197 3887">
     <span class='ocr_line' id='line_1_41' title="bbox 646 3817 2197 3887; baseline 0.002 -18"><span class='ocrx_word' id='word_1_274' title='bbox 646 3817 713 3869; x_wconf 88' lang='lat' dir='ltr'><strong>ad</strong></span> <span class='ocrx_word' id='word_1_275' title='bbox 747 3817 1054 3886; x_wconf 82' lang='lat' dir='ltr'><strong>imaginem,</strong></span> <span class='ocrx_word' id='word_1_276' title='bbox 1090 3817 1305 3885; x_wconf 90' lang='lat' dir='ltr'><strong>imagini</strong></span> <span class='ocrx_word' id='word_1_277' title='bbox 1340 3817 1626 3877; x_wconf 85' lang='lat' dir='ltr'><strong>reddatur;</strong></span> <span class='ocrx_word' id='word_1_278' title='bbox 1661 3817 1933 3883; x_wconf 90' lang='lat' dir='ltr'><strong>quomodo</strong></span> <span class='ocrx_word' id='word_1_279' title='bbox 1968 3820 2197 3887; x_wconf 89' lang='lat' dir='ltr'><strong>principi</strong></span> 
     </span>
    </p>
   </div>
   <div class='ocr_carea' id='block_1_42' title="bbox 648 3904 2196 3975">
    <p class='ocr_par' dir='ltr' id='par_1_42' title="bbox 648 3904 2196 3975">
     <span class='ocr_line' id='line_1_42' title="bbox 648 3904 2196 3975; baseline 0.002 -17"><span class='ocrx_word' id='word_1_280' title='bbox 648 3906 834 3960; x_wconf 74' lang='lat' dir='ltr'><strong>forum:</strong></span> <span class='ocrx_word' id='word_1_281' title='bbox 867 3907 1044 3959; x_wconf 86' lang='lat' dir='ltr'><strong>honor.</strong></span> <span class='ocrx_word' id='word_1_282' title='bbox 1067 3908 1355 3969; x_wconf 85' lang='lat' dir='ltr'><strong>habeatur;</strong></span> <span class='ocrx_word' id='word_1_283' title='bbox 1389 3919 1634 3972; x_wconf 74' lang='lat' dir='ltr'><strong>quzeuam</strong></span> <span class='ocrx_word' id='word_1_284' title='bbox 1663 3904 1730 3956; x_wconf 88' lang='lat' dir='ltr'><strong>sit</strong></span> <span class='ocrx_word' id='word_1_285' title='bbox 1755 3905 1926 3958; x_wconf 87' lang='lat' dir='ltr'><strong>virtus</strong></span> <span class='ocrx_word' id='word_1_286' title='bbox 1956 3909 2196 3975; x_wconf 75' lang='lat' dir='ltr'><strong>mysterii</strong></span> 
     </span>
    </p>
   </div>
   <div class='ocr_carea' id='block_1_43' title="bbox 2295 772 3820 846">
    <p class='ocr_par' dir='ltr' id='par_1_43' title="bbox 2295 772 3820 846">
     <span class='ocr_line' id='line_1_43' title="bbox 2295 772 3820 846; baseline 0.005 -21"><span class='ocrx_word' id='word_1_287' title='bbox 2295 772 2419 841; x_wconf 75' lang='grc' dir='ltr'>περὶ</span> <span class='ocrx_word' id='word_1_288' title='bbox 2468 774 2563 842; x_wconf 82' lang='grc' dir='ltr'>τὴν</span> <span class='ocrx_word' id='word_1_289' title='bbox 2612 774 2738 846; x_wconf 71' lang='grc' dir='ltr'>μίαν</span> <span class='ocrx_word' id='word_1_290' title='bbox 2785 775 2884 844; x_wconf 81' lang='grc' dir='ltr'>τὴν</span> <span class='ocrx_word' id='word_1_291' title='bbox 2939 775 3029 827; x_wconf 84' lang='grc' dir='ltr'><strong>τοῦ</strong></span> <span class='ocrx_word' id='word_1_292' title='bbox 3061 774 3192 826; x_wconf 82' lang='grc' dir='ltr'>Θεοῦ</span> <span class='ocrx_word' id='word_1_293' title='bbox 3226 775 3559 846; x_wconf 78' lang='grc' dir='ltr'>σημαντικὴν</span> <span class='ocrx_word' id='word_1_294' title='bbox 3594 778 3820 846; x_wconf 77' lang='grc' dir='ltr'><strong>συζυγίαν</strong></span> 
     </span>
    </p>
   </div>
   <div class='ocr_carea' id='block_1_44' title="bbox 2292 863 3820 935">
    <p class='ocr_par' dir='ltr' id='par_1_44' title="bbox 2292 863 3820 935">
     <span class='ocr_line' id='line_1_44' title="bbox 2292 863 3820 935; baseline 0.006 -23"><span class='ocrx_word' id='word_1_295' title='bbox 2292 863 2444 928; x_wconf 79' lang='grc' dir='ltr'>ἔλεγε</span> <span class='ocrx_word' id='word_1_296' title='bbox 2465 864 2904 930; x_wconf 83' lang='grc' dir='ltr'>καταγίγνεσθαι.</span> <span class='ocrx_word' id='word_1_297' title='bbox 2936 865 3202 930; x_wconf 80' lang='grc' dir='ltr'>Συζυγὶαν</span> <span class='ocrx_word' id='word_1_298' title='bbox 3227 865 3282 916; x_wconf 82' lang='grc' dir='ltr'>δέ</span> <span class='ocrx_word' id='word_1_299' title='bbox 3319 883 3459 935; x_wconf 78' lang='grc' dir='ltr'>φημι</span> <span class='ocrx_word' id='word_1_300' title='bbox 3491 865 3584 920; x_wconf 90' lang='grc' dir='ltr'><strong>νῦν</strong></span> <span class='ocrx_word' id='word_1_301' title='bbox 3606 868 3688 920; x_wconf 80' lang='grc' dir='ltr'><strong>τὸν</strong></span> <span class='ocrx_word' id='word_1_302' title='bbox 3717 868 3820 921; x_wconf 88' lang='grc' dir='ltr'>νοῦν</span> 
     </span>
    </p>
   </div>
   <div class='ocr_carea' id='block_1_45' title="bbox 2293 951 3821 1028">
    <p class='ocr_par' dir='ltr' id='par_1_45' title="bbox 2293 951 3821 1028">
     <span class='ocr_line' id='line_1_45' title="bbox 2293 951 3821 1028; baseline 0.006 -28"><span class='ocrx_word' id='word_1_303' title='bbox 2293 953 2384 1002; x_wconf 79' lang='grc' dir='ltr'>καὶ</span> <span class='ocrx_word' id='word_1_304' title='bbox 2411 951 2680 1018; x_wconf 77' lang='grc' dir='ltr'>τὸνλόγον</span> <span class='ocrx_word' id='word_1_305' title='bbox 2702 971 2716 983; x_wconf 71' lang='grc' dir='ltr'>ι</span> <span class='ocrx_word' id='word_1_306' title='bbox 2758 954 2856 1024; x_wconf 77' lang='grc' dir='ltr'><strong>τὴν</strong></span> <span class='ocrx_word' id='word_1_307' title='bbox 2891 954 3083 1022; x_wconf 74' lang='grc' dir='ltr'>σοφίαν</span> <span class='ocrx_word' id='word_1_308' title='bbox 3126 956 3222 1006; x_wconf 78' lang='grc' dir='ltr'>καὶ</span> <span class='ocrx_word' id='word_1_309' title='bbox 3270 955 3369 1024; x_wconf 78' lang='grc' dir='ltr'><strong>τὴν</strong></span> <span class='ocrx_word' id='word_1_310' title='bbox 3410 956 3696 1026; x_wconf 69' lang='grc' dir='ltr'>φρόνησιν’</span> <span class='ocrx_word' id='word_1_311' title='bbox 3737 959 3821 1028; x_wconf 83' lang='grc' dir='ltr'><strong>τὴν</strong></span> 
     </span>
    </p>
   </div>
   <div class='ocr_carea' id='block_1_46' title="bbox 2295 1039 3819 1116">
    <p class='ocr_par' dir='ltr' id='par_1_46' title="bbox 2295 1039 3819 1116">
     <span class='ocr_line' id='line_1_46' title="bbox 2295 1039 3819 1116; baseline 0.004 -26"><span class='ocrx_word' id='word_1_312' title='bbox 2295 1039 2524 1110; x_wconf 83' lang='grc' dir='ltr'>θεωρίαν</span> <span class='ocrx_word' id='word_1_313' title='bbox 2565 1042 2659 1094; x_wconf 72' lang='grc' dir='ltr'><strong>καὶ</strong></span> <span class='ocrx_word' id='word_1_314' title='bbox 2678 1042 2776 1112; x_wconf 84' lang='grc' dir='ltr'>τὴν</span> <span class='ocrx_word' id='word_1_315' title='bbox 2799 1043 3013 1111; x_wconf 74' lang='grc' dir='ltr'>πρᾶξινο</span> <span class='ocrx_word' id='word_1_316' title='bbox 3035 1041 3133 1113; x_wconf 84' lang='grc' dir='ltr'>τὴν</span> <span class='ocrx_word' id='word_1_317' title='bbox 3151 1043 3347 1110; x_wconf 81' lang='grc' dir='ltr'>γνῶσιν</span> <span class='ocrx_word' id='word_1_318' title='bbox 3371 1046 3466 1101; x_wconf 70' lang='grc' dir='ltr'><strong>καὶ</strong></span> <span class='ocrx_word' id='word_1_319' title='bbox 3497 1045 3592 1115; x_wconf 82' lang='grc' dir='ltr'><strong>τὴν</strong></span> <span class='ocrx_word' id='word_1_320' title='bbox 3617 1045 3819 1116; x_wconf 73' lang='grc' dir='ltr'>ἀρετήν’</span> 
     </span>
    </p>
   </div>
   <div class='ocr_carea' id='block_1_47' title="bbox 2292 1130 3821 1202">
    <p class='ocr_par' dir='ltr' id='par_1_47' title="bbox 2292 1130 3821 1202">
     <span class='ocr_line' id='line_1_47' title="bbox 2292 1130 3821 1202; baseline 0.005 -20"><span class='ocrx_word' id='word_1_321' title='bbox 2292 1130 2390 1201; x_wconf 78' lang='grc' dir='ltr'><strong>τὴν</strong></span> <span class='ocrx_word' id='word_1_322' title='bbox 2429 1132 2658 1200; x_wconf 83' lang='grc' dir='ltr'>ἄληστον</span> <span class='ocrx_word' id='word_1_323' title='bbox 2718 1134 2918 1199; x_wconf 83' lang='grc' dir='ltr'>γνῶσιν</span> <span class='ocrx_word' id='word_1_324' title='bbox 2972 1133 3068 1186; x_wconf 75' lang='grc' dir='ltr'>καὶ</span> <span class='ocrx_word' id='word_1_325' title='bbox 3119 1134 3216 1201; x_wconf 79' lang='grc' dir='ltr'><strong>τὴν</strong></span> <span class='ocrx_word' id='word_1_326' title='bbox 3273 1133 3477 1187; x_wconf 85' lang='grc' dir='ltr'>πίστιν.</span> <span class='ocrx_word' id='word_1_327' title='bbox 3529 1136 3635 1202; x_wconf 78' lang='grc' dir='ltr'><strong>Τὴν</strong></span> <span class='ocrx_word' id='word_1_328' title='bbox 3675 1136 3821 1189; x_wconf 78' lang='grc' dir='ltr'><strong>δὲτοῦ</strong></span> 
     </span>
    </p>
   </div>
   <div class='ocr_carea' id='block_1_48' title="bbox 2293 1221 3824 1293">
    <p class='ocr_par' dir='ltr' id='par_1_48' title="bbox 2293 1221 3824 1293">
     <span class='ocr_line' id='line_1_48' title="bbox 2293 1221 3824 1293; baseline 0.005 -21"><span class='ocrx_word' id='word_1_329' title='bbox 2293 1221 2437 1273; x_wconf 87' lang='grc' dir='ltr'>θείου</span> <span class='ocrx_word' id='word_1_330' title='bbox 2489 1222 2849 1293; x_wconf 80' lang='grc' dir='ltr'>σημαντικὴν,</span> <span class='ocrx_word' id='word_1_331' title='bbox 2891 1223 2988 1293; x_wconf 86' lang='grc' dir='ltr'>τὴν</span> <span class='ocrx_word' id='word_1_332' title='bbox 3012 1222 3269 1293; x_wconf 76' lang='grc' dir='ltr'>ἀλήθειαν</span> <span class='ocrx_word' id='word_1_333' title='bbox 3295 1226 3388 1277; x_wconf 64' lang='grc' dir='ltr'><strong>καί¹</strong></span> <span class='ocrx_word' id='word_1_334' title='bbox 3409 1226 3471 1276; x_wconf 85' lang='grc' dir='ltr'><strong>τὸ</strong></span> <span class='ocrx_word' id='word_1_335' title='bbox 3499 1225 3694 1292; x_wconf 84' lang='grc' dir='ltr'>ἀγαθόν</span> <span class='ocrx_word' id='word_1_336' title='bbox 3717 1243 3729 1257; x_wconf 88' lang='grc'>·</span> <span class='ocrx_word' id='word_1_337' title='bbox 3752 1221 3824 1288; x_wconf 75' lang='grc' dir='ltr'>αἷς</span> 
     </span>
    </p>
   </div>
   <div class='ocr_carea' id='block_1_49' title="bbox 2293 1309 3824 1381">
    <p class='ocr_par' dir='ltr' id='par_1_49' title="bbox 2293 1309 3824 1381">
     <span class='ocr_line' id='line_1_49' title="bbox 2293 1309 3824 1381; baseline 0.002 -20"><span class='ocrx_word' id='word_1_338' title='bbox 2293 1309 2433 1361; x_wconf 80' lang='grc' dir='ltr'>κατὰ</span> <span class='ocrx_word' id='word_1_339' title='bbox 2457 1310 2681 1380; x_wconf 75' lang='grc' dir='ltr'><strong>πρόοδον</strong></span> <span class='ocrx_word' id='word_1_340' title='bbox 2733 1313 2764 1380; x_wconf 81' lang='grc' dir='ltr'><strong>ή</strong></span> <span class='ocrx_word' id='word_1_341' title='bbox 2792 1310 2938 1380; x_wconf 75' lang='grc' dir='ltr'>ψυχὴ</span> <span class='ocrx_word' id='word_1_342' title='bbox 2977 1312 3286 1380; x_wconf 81' lang='grc' dir='ltr'>κινουμένη,</span> <span class='ocrx_word' id='word_1_343' title='bbox 3326 1311 3403 1381; x_wconf 85' lang='grc' dir='ltr'><strong>τῷ</strong></span> <span class='ocrx_word' id='word_1_344' title='bbox 3431 1312 3548 1381; x_wconf 86' lang='grc' dir='ltr'><strong>Θεῷ</strong></span> <span class='ocrx_word' id='word_1_345' title='bbox 3577 1313 3678 1366; x_wconf 83' lang='grc' dir='ltr'>τῶν</span> <span class='ocrx_word' id='word_1_346' title='bbox 3709 1315 3824 1369; x_wconf 78' lang='grc' dir='ltr'>ὅλων</span> 
     </span>
    </p>
   </div>
   <div class='ocr_carea' id='block_1_50' title="bbox 2296 1397 3825 1471">
    <p class='ocr_par' dir='ltr' id='par_1_50' title="bbox 2296 1397 3825 1471">
     <span class='ocr_line' id='line_1_50' title="bbox 2296 1397 3825 1471; baseline 0.003 -23"><span class='ocrx_word' id='word_1_347' title='bbox 2296 1397 2532 1458; x_wconf 79' lang='grc' dir='ltr'>ἑνοῦται,</span> <span class='ocrx_word' id='word_1_348' title='bbox 2561 1399 2871 1468; x_wconf 80' lang='grc' dir='ltr'><strong>μιμουμένη</strong></span> <span class='ocrx_word' id='word_1_349' title='bbox 2922 1398 3086 1451; x_wconf 82' lang='grc' dir='ltr'>αὐτοῦ</span> <span class='ocrx_word' id='word_1_350' title='bbox 3109 1400 3208 1468; x_wconf 82' lang='grc' dir='ltr'><strong>τῆς</strong></span> <span class='ocrx_word' id='word_1_351' title='bbox 3238 1401 3424 1463; x_wconf 82' lang='grc' dir='ltr'>οὐσίας</span> <span class='ocrx_word' id='word_1_352' title='bbox 3451 1402 3544 1454; x_wconf 75' lang='grc' dir='ltr'><strong>καὶ</strong></span> <span class='ocrx_word' id='word_1_353' title='bbox 3574 1403 3666 1471; x_wconf 81' lang='grc' dir='ltr'>τῆς</span> <span class='ocrx_word' id='word_1_354' title='bbox 3689 1405 3825 1470; x_wconf 63' lang='grc' dir='ltr'>ἐνερρ</span> 
     </span>
    </p>
   </div>
   <div class='ocr_carea' id='block_1_51' title="bbox 2294 1487 3826 1558">
    <p class='ocr_par' dir='ltr' id='par_1_51' title="bbox 2294 1487 3826 1558">
     <span class='ocr_line' id='line_1_51' title="bbox 2294 1487 3826 1558; baseline -0.001 -19"><span class='ocrx_word' id='word_1_355' title='bbox 2294 1488 2449 1555; x_wconf 87' lang='grc' dir='ltr'>γείας</span> <span class='ocrx_word' id='word_1_356' title='bbox 2482 1488 2543 1540; x_wconf 77' lang='grc' dir='ltr'><strong>τὸ</strong></span> <span class='ocrx_word' id='word_1_357' title='bbox 2585 1489 2848 1557; x_wconf 76' lang='grc' dir='ltr'><strong>ἄτρεπτον</strong></span> <span class='ocrx_word' id='word_1_358' title='bbox 2876 1491 2968 1540; x_wconf 77' lang='grc' dir='ltr'><strong>καὶ</strong></span> <span class='ocrx_word' id='word_1_359' title='bbox 3007 1489 3370 1558; x_wconf 75' lang='grc' dir='ltr'>εὐεργετικὸν,</span> <span class='ocrx_word' id='word_1_360' title='bbox 3413 1489 3501 1540; x_wconf 80' lang='grc' dir='ltr'>διὰ</span> <span class='ocrx_word' id='word_1_361' title='bbox 3538 1487 3634 1556; x_wconf 80' lang='grc' dir='ltr'>τῆς</span> <span class='ocrx_word' id='word_1_362' title='bbox 3675 1490 3725 1539; x_wconf 82' lang='grc' dir='ltr'><strong>ἐν</strong></span> <span class='ocrx_word' id='word_1_363' title='bbox 3761 1487 3826 1557; x_wconf 74' lang='grc' dir='ltr'>τῷ</span> 
     </span>
    </p>
   </div>
   <div class='ocr_carea' id='block_1_52' title="bbox 2296 1576 3827 1655">
    <p class='ocr_par' dir='ltr' id='par_1_52' title="bbox 2296 1576 3827 1655">
     <span class='ocr_line' id='line_1_52' title="bbox 2296 1576 3827 1655; baseline 0.001 -27"><span class='ocrx_word' id='word_1_364' title='bbox 2296 1576 2446 1655; x_wconf 79' lang='grc' dir='ltr'>καλῷ</span> <span class='ocrx_word' id='word_1_365' title='bbox 2498 1578 2701 1645; x_wconf 85' lang='grc' dir='ltr'>παγίας</span> <span class='ocrx_word' id='word_1_366' title='bbox 2751 1579 2843 1629; x_wconf 71' lang='grc' dir='ltr'><strong>καὶ</strong></span> <span class='ocrx_word' id='word_1_367' title='bbox 2883 1577 3212 1645; x_wconf 80' lang='grc' dir='ltr'><strong>ἀμεταθέτου</strong></span> <span class='ocrx_word' id='word_1_368' title='bbox 3235 1578 3376 1630; x_wconf 69' lang='grc' dir='ltr'>κατὰ</span> <span class='ocrx_word' id='word_1_369' title='bbox 3415 1578 3513 1648; x_wconf 80' lang='grc' dir='ltr'><strong>τὴν</strong></span> <span class='ocrx_word' id='word_1_370' title='bbox 3544 1578 3827 1648; x_wconf 82' lang='grc' dir='ltr'>προαίρεσιν</span> 
     </span>
    </p>
   </div>
   <div class='ocr_carea' id='block_1_53' title="bbox 2296 1665 3828 1741">
    <p class='ocr_par' dir='ltr' id='par_1_53' title="bbox 2296 1665 3828 1741">
     <span class='ocr_line' id='line_1_53' title="bbox 2296 1665 3828 1741; baseline 0.002 -25"><span class='ocrx_word' id='word_1_371' title='bbox 2296 1665 2482 1731; x_wconf 74' lang='grc' dir='ltr'>ἕξεως.</span> <span class='ocrx_word' id='word_1_372' title='bbox 2532 1669 2662 1741; x_wconf 71' lang='grc' dir='ltr'>καὶ,</span> <span class='ocrx_word' id='word_1_373' title='bbox 2693 1667 2779 1720; x_wconf 81' lang='grc' dir='ltr'>ἴνα</span> <span class='ocrx_word' id='word_1_374' title='bbox 2809 1666 3010 1720; x_wconf 81' lang='grc' dir='ltr'>τούτων</span> <span class='ocrx_word' id='word_1_375' title='bbox 3037 1667 3078 1698; x_wconf 76' lang='grc' dir='ltr'>’ί</span> <span class='ocrx_word' id='word_1_376' title='bbox 3110 1666 3303 1737; x_wconf 85' lang='grc' dir='ltr'>μικρόν</span> <span class='ocrx_word' id='word_1_377' title='bbox 3321 1683 3370 1719; x_wconf 86' lang='grc' dir='ltr'><strong>τι</strong></span> <span class='ocrx_word' id='word_1_378' title='bbox 3432 1668 3568 1736; x_wconf 82' lang='grc' dir='ltr'>μίξω</span> <span class='ocrx_word' id='word_1_379' title='bbox 3595 1666 3828 1737; x_wconf 71' lang='grc' dir='ltr'>θεώρημα</span> 
     </span>
    </p>
   </div>
   <div class='ocr_carea' id='block_1_54' title="bbox 2299 1741 3827 1827">
    <p class='ocr_par' dir='ltr' id='par_1_54' title="bbox 2299 1741 3827 1827">
     <span class='ocr_line' id='line_1_54' title="bbox 2299 1741 3827 1827; baseline -0.003 -17"><span class='ocrx_word' id='word_1_380' title='bbox 2299 1741 2624 1827; x_wconf 74' lang='grc' dir='ltr'>πρόσφορον,</span> <span class='ocrx_word' id='word_1_381' title='bbox 2645 1758 2782 1825; x_wconf 84' lang='grc' dir='ltr'><strong>τάχα</strong></span> <span class='ocrx_word' id='word_1_382' title='bbox 2811 1756 2948 1825; x_wconf 84' lang='grc' dir='ltr'>αῦτη</span> <span class='ocrx_word' id='word_1_383' title='bbox 2973 1756 3162 1825; x_wconf 68' lang='grc' dir='ltr'>ἐστὶνὴ</span> <span class='ocrx_word' id='word_1_384' title='bbox 3187 1756 3303 1808; x_wconf 86' lang='grc' dir='ltr'>θεία</span> <span class='ocrx_word' id='word_1_385' title='bbox 3335 1755 3500 1819; x_wconf 83' lang='grc' dir='ltr'>δεκὰς</span> <span class='ocrx_word' id='word_1_386' title='bbox 3527 1756 3630 1807; x_wconf 84' lang='grc' dir='ltr'><strong>τῶν</strong></span> <span class='ocrx_word' id='word_1_387' title='bbox 3648 1756 3827 1824; x_wconf 76' lang='grc' dir='ltr'>χορδῶν</span> 
     </span>
    </p>
   </div>
   <div class='ocr_carea' id='block_1_55' title="bbox 2296 1844 3826 1917">
    <p class='ocr_par' dir='ltr' id='par_1_55' title="bbox 2296 1844 3826 1917">
     <span class='ocr_line' id='line_1_55' title="bbox 2296 1844 3826 1917; baseline -0.001 -19"><span class='ocrx_word' id='word_1_388' title='bbox 2296 1846 2390 1898; x_wconf 86' lang='grc' dir='ltr'><strong>τοῦ</strong></span> <span class='ocrx_word' id='word_1_389' title='bbox 2415 1848 2553 1899; x_wconf 77' lang='grc' dir='ltr'>κατὰ</span> <span class='ocrx_word' id='word_1_390' title='bbox 2586 1847 2760 1917; x_wconf 75' lang='grc' dir='ltr'>ψυχὴν</span> <span class='ocrx_word' id='word_1_391' title='bbox 2783 1844 2972 1915; x_wconf 83' lang='grc' dir='ltr'>νοητοῦ</span> <span class='ocrx_word' id='word_1_392' title='bbox 3001 1844 3301 1915; x_wconf 80' lang='grc' dir='ltr'><strong>ψαλτηρίου</strong></span> <span class='ocrx_word' id='word_1_393' title='bbox 3324 1863 3337 1875; x_wconf 86' lang='grc'><strong>·</strong></span> <span class='ocrx_word' id='word_1_394' title='bbox 3366 1847 3399 1915; x_wconf 81' lang='grc' dir='ltr'><strong>ἠ</strong></span> <span class='ocrx_word' id='word_1_395' title='bbox 3436 1847 3526 1899; x_wconf 86' lang='grc' dir='ltr'><strong>τὸν</strong></span> <span class='ocrx_word' id='word_1_396' title='bbox 3563 1846 3709 1912; x_wconf 84' lang='grc' dir='ltr'>λόγον</span> <span class='ocrx_word' id='word_1_397' title='bbox 3727 1847 3826 1896; x_wconf 61' lang='grc' dir='ltr'><strong>ῦπ-</strong></span> 
     </span>
    </p>
   </div>
   <div class='ocr_carea' id='block_1_56' title="bbox 2303 1926 3827 2005">
    <p class='ocr_par' dir='ltr' id='par_1_56' title="bbox 2303 1926 3827 2005">
     <span class='ocr_line' id='line_1_56' title="bbox 2303 1926 3827 2005; baseline -0.002 -17"><span class='ocrx_word' id='word_1_398' title='bbox 2303 1936 2536 2005; x_wconf 84' lang='grc' dir='ltr'>ηχοῦντα</span> <span class='ocrx_word' id='word_1_399' title='bbox 2565 1936 2646 2005; x_wconf 82' lang='grc' dir='ltr'>τῷ</span> <span class='ocrx_word' id='word_1_400' title='bbox 2661 1935 2952 2003; x_wconf 80' lang='grc' dir='ltr'>πνεύματι,</span> <span class='ocrx_word' id='word_1_401' title='bbox 2976 1926 3063 1988; x_wconf 65' lang='lat' dir='ltr'><strong>aia</strong></span> <span class='ocrx_word' id='word_1_402' title='bbox 3079 1936 3176 2004; x_wconf 82' lang='grc' dir='ltr'>τῆς</span> <span class='ocrx_word' id='word_1_403' title='bbox 3201 1935 3365 2005; x_wconf 81' lang='grc' dir='ltr'>ἄλλης</span> <span class='ocrx_word' id='word_1_404' title='bbox 3379 1935 3487 1987; x_wconf 86' lang='grc' dir='ltr'>τῶν</span> <span class='ocrx_word' id='word_1_405' title='bbox 3505 1934 3722 1987; x_wconf 80' lang='grc' dir='ltr'>ὲντολῶν</span> <span class='ocrx_word' id='word_1_406' title='bbox 3742 1952 3827 2001; x_wconf 80' lang='grc' dir='ltr'>μα·</span> 
     </span>
    </p>
   </div>
   <div class='ocr_carea' id='block_1_57' title="bbox 2299 2024 3826 2094">
    <p class='ocr_par' dir='ltr' id='par_1_57' title="bbox 2299 2024 3826 2094">
     <span class='ocr_line' id='line_1_57' title="bbox 2299 2024 3826 2094; baseline -0.001 -17"><span class='ocrx_word' id='word_1_407' title='bbox 2299 2025 2495 2093; x_wconf 87' lang='grc' dir='ltr'>καρίας</span> <span class='ocrx_word' id='word_1_408' title='bbox 2522 2027 2740 2087; x_wconf 74' lang='grc' dir='ltr'>δεκάδος</span> <span class='ocrx_word' id='word_1_409' title='bbox 2772 2025 2986 2094; x_wconf 81' lang='grc' dir='ltr'>ἔχουσα,</span> <span class='ocrx_word' id='word_1_410' title='bbox 3012 2026 3105 2077; x_wconf 79' lang='grc' dir='ltr'><strong>καὶ</strong></span> <span class='ocrx_word' id='word_1_411' title='bbox 3130 2026 3255 2086; x_wconf 80' lang='grc' dir='ltr'>τοὺς</span> <span class='ocrx_word' id='word_1_412' title='bbox 3295 2024 3526 2085; x_wconf 75' lang='grc' dir='ltr'><strong>ἐντελεῖς</strong></span> <span class='ocrx_word' id='word_1_413' title='bbox 3552 2042 3607 2075; x_wconf 84' lang='grc' dir='ltr'><strong>τε</strong></span> <span class='ocrx_word' id='word_1_414' title='bbox 3635 2027 3722 2081; x_wconf 73' lang='grc' dir='ltr'>καὶ,</span> <span class='ocrx_word' id='word_1_415' title='bbox 3745 2025 3826 2092; x_wconf 87' lang='grc' dir='ltr'><strong>ἁρ-</strong></span> 
     </span>
    </p>
   </div>
   <div class='ocr_carea' id='block_1_58' title="bbox 2301 2111 3821 2182">
    <p class='ocr_par' dir='ltr' id='par_1_58' title="bbox 2301 2111 3821 2182">
     <span class='ocr_line' id='line_1_58' title="bbox 2301 2111 3821 2182; baseline -0.002 -18"><span class='ocrx_word' id='word_1_416' title='bbox 2301 2113 2538 2181; x_wconf 87' lang='grc' dir='ltr'>μονίους,</span> <span class='ocrx_word' id='word_1_417' title='bbox 2561 2114 2682 2176; x_wconf 82' lang='grc' dir='ltr'>τοὺς</span> <span class='ocrx_word' id='word_1_418' title='bbox 2706 2114 2961 2182; x_wconf 79' lang='grc' dir='ltr'><strong>ἐμμελεῖς</strong></span> <span class='ocrx_word' id='word_1_419' title='bbox 2987 2113 3193 2180; x_wconf 84' lang='grc' dir='ltr'>νοητῶς</span> <span class='ocrx_word' id='word_1_420' title='bbox 3216 2112 3548 2165; x_wconf 78' lang='grc' dir='ltr'>ἀποτελοῦσα</span> <span class='ocrx_word' id='word_1_421' title='bbox 3569 2111 3821 2179; x_wconf 79' lang='grc' dir='ltr'>φθόγγους,</span> 
     </span>
    </p>
   </div>
   <div class='ocr_carea' id='block_1_59' title="bbox 2296 2200 3826 2282">
    <p class='ocr_par' dir='ltr' id='par_1_59' title="bbox 2296 2200 3826 2282">
     <span class='ocr_line' id='line_1_59' title="bbox 2296 2200 3826 2282; baseline -0.005 -24"><span class='ocrx_word' id='word_1_422' title='bbox 2296 2207 2362 2258; x_wconf 82' lang='grc' dir='ltr'>δι’</span> <span class='ocrx_word' id='word_1_423' title='bbox 2391 2200 2464 2258; x_wconf 81' lang='grc' dir='ltr'><strong>ὧν</strong></span> <span class='ocrx_word' id='word_1_424' title='bbox 2493 2208 2738 2276; x_wconf 82' lang='grc' dir='ltr'>ὑμνεῖται</span> <span class='ocrx_word' id='word_1_425' title='bbox 2764 2208 2790 2258; x_wconf 85' lang='grc' dir='ltr'>ὁ</span> <span class='ocrx_word' id='word_1_426' title='bbox 2813 2206 2942 2268; x_wconf 81' lang='grc' dir='ltr'>Θεός</span> <span class='ocrx_word' id='word_1_427' title='bbox 2961 2222 2974 2234; x_wconf 92' lang='grc'><strong>·</strong></span> <span class='ocrx_word' id='word_1_428' title='bbox 3001 2205 3064 2256; x_wconf 81' lang='grc' dir='ltr'>ἵν’</span> <span class='ocrx_word' id='word_1_429' title='bbox 3092 2202 3201 2272; x_wconf 80' lang='grc' dir='ltr'><strong>ἐγὼ</strong></span> <span class='ocrx_word' id='word_1_430' title='bbox 3222 2205 3395 2282; x_wconf 78' lang='grc' dir='ltr'>μάθω,</span> <span class='ocrx_word' id='word_1_431' title='bbox 3427 2203 3510 2263; x_wconf 83' lang='grc' dir='ltr'><strong>τίς</strong></span> <span class='ocrx_word' id='word_1_432' title='bbox 3530 2204 3556 2252; x_wconf 87' lang='grc' dir='ltr'>ὁ</span> <span class='ocrx_word' id='word_1_433' title='bbox 3577 2201 3668 2268; x_wconf 79' lang='grc' dir='ltr'>τῆς</span> <span class='ocrx_word' id='word_1_434' title='bbox 3694 2201 3826 2268; x_wconf 56' lang='lat'><strong>460&#39;;-</strong></span> 
     </span>
    </p>
   </div>
   <div class='ocr_carea' id='block_1_60' title="bbox 2297 2291 3822 2366">
    <p class='ocr_par' dir='ltr' id='par_1_60' title="bbox 2297 2291 3822 2366">
     <span class='ocr_line' id='line_1_60' title="bbox 2297 2291 3822 2366; baseline -0.005 -18"><span class='ocrx_word' id='word_1_435' title='bbox 2297 2314 2415 2366; x_wconf 85' lang='grc' dir='ltr'>σης,</span> <span class='ocrx_word' id='word_1_436' title='bbox 2459 2298 2551 2350; x_wconf 70' lang='grc' dir='ltr'><strong>καὶ</strong></span> <span class='ocrx_word' id='word_1_437' title='bbox 2577 2297 2674 2365; x_wconf 84' lang='grc' dir='ltr'>τῆς</span> <span class='ocrx_word' id='word_1_438' title='bbox 2712 2297 2974 2365; x_wconf 81' lang='grc' dir='ltr'>ᾀδομένης</span> <span class='ocrx_word' id='word_1_439' title='bbox 3024 2294 3243 2356; x_wconf 79' lang='grc' dir='ltr'><strong>δεκάδος</strong></span> <span class='ocrx_word' id='word_1_440' title='bbox 3295 2295 3324 2345; x_wconf 84' lang='grc' dir='ltr'><strong>ό</strong></span> <span class='ocrx_word' id='word_1_441' title='bbox 3365 2292 3578 2358; x_wconf 55' lang='grc' dir='ltr'>λόγος’..</span> <span class='ocrx_word' id='word_1_442' title='bbox 3605 2292 3687 2342; x_wconf 77' lang='grc' dir='ltr'><strong>καὶ</strong></span> <span class='ocrx_word' id='word_1_443' title='bbox 3727 2291 3822 2350; x_wconf 65' lang='grc' dir='ltr'>ταῖς</span> 
     </span>
    </p>
   </div>
   <div class='ocr_carea' id='block_1_61' title="bbox 2295 2383 3823 2456">
    <p class='ocr_par' dir='ltr' id='par_1_61' title="bbox 2295 2383 3823 2456">
     <span class='ocr_line' id='line_1_61' title="bbox 2295 2383 3823 2456; baseline -0.005 -17"><span class='ocrx_word' id='word_1_444' title='bbox 2295 2388 2475 2439; x_wconf 82' lang='grc' dir='ltr'>δεκάδι</span> <span class='ocrx_word' id='word_1_445' title='bbox 2516 2387 2676 2448; x_wconf 66' lang='grc' dir='ltr'>δεκὰς</span> <span class='ocrx_word' id='word_1_446' title='bbox 2722 2387 2994 2456; x_wconf 82' lang='grc' dir='ltr'>μυστικῶς</span> <span class='ocrx_word' id='word_1_447' title='bbox 3046 2384 3305 2452; x_wconf 82' lang='grc' dir='ltr'>ὲνουμένη</span> <span class='ocrx_word' id='word_1_448' title='bbox 3353 2399 3411 2434; x_wconf 89' lang='grc' dir='ltr'><strong>τε</strong></span> <span class='ocrx_word' id='word_1_449' title='bbox 3459 2383 3548 2434; x_wconf 75' lang='grc' dir='ltr'>καὶ</span> <span class='ocrx_word' id='word_1_450' title='bbox 3592 2397 3823 2433; x_wconf 80' lang='grc' dir='ltr'>συναπτο-</span> 
     </span>
    </p>
   </div>
   <div class='ocr_carea' id='block_1_62' title="bbox 2299 2471 3823 2544">
    <p class='ocr_par' dir='ltr' id='par_1_62' title="bbox 2299 2471 3823 2544">
     <span class='ocr_line' id='line_1_62' title="bbox 2299 2471 3823 2544; baseline -0.007 -16"><span class='ocrx_word' id='word_1_451' title='bbox 2299 2478 2455 2544; x_wconf 81' lang='grc' dir='ltr'>μένη,</span> <span class='ocrx_word' id='word_1_452' title='bbox 2512 2477 2716 2543; x_wconf 72' lang='grc' dir='ltr'>Ἰησοῦν</span> <span class='ocrx_word' id='word_1_453' title='bbox 2754 2477 2849 2543; x_wconf 80' lang='grc' dir='ltr'>μὲν</span> <span class='ocrx_word' id='word_1_454' title='bbox 2890 2475 2982 2526; x_wconf 82' lang='grc' dir='ltr'><strong>τὸν</strong></span> <span class='ocrx_word' id='word_1_455' title='bbox 3022 2474 3150 2541; x_wconf 80' lang='grc' dir='ltr'>ἐμὸν</span> <span class='ocrx_word' id='word_1_456' title='bbox 3181 2473 3310 2524; x_wconf 83' lang='grc' dir='ltr'>Θεὸν</span> <span class='ocrx_word' id='word_1_457' title='bbox 3355 2473 3447 2524; x_wconf 71' lang='grc' dir='ltr'>καὶ</span> <span class='ocrx_word' id='word_1_458' title='bbox 3473 2471 3684 2540; x_wconf 75' lang='grc' dir='ltr'>Σωτῆρα</span> <span class='ocrx_word' id='word_1_459' title='bbox 3705 2487 3823 2528; x_wconf 81' lang='grc' dir='ltr'>συμ-</span> 
     </span>
    </p>
   </div>
   <div class='ocr_carea' id='block_1_63' title="bbox 2300 2561 3817 2633">
    <p class='ocr_par' dir='ltr' id='par_1_63' title="bbox 2300 2561 3817 2633">
     <span class='ocr_line' id='line_1_63' title="bbox 2300 2561 3817 2633; baseline -0.004 -17"><span class='ocrx_word' id='word_1_460' title='bbox 2300 2565 2647 2633; x_wconf 78' lang='grc' dir='ltr'>πληρωθέντα</span> <span class='ocrx_word' id='word_1_461' title='bbox 2667 2566 2734 2617; x_wconf 71' lang='grc' dir='ltr'>δι’</span> <span class='ocrx_word' id='word_1_462' title='bbox 2765 2565 2897 2632; x_wconf 78' lang='grc' dir='ltr'>ἐμοῦ</span> <span class='ocrx_word' id='word_1_463' title='bbox 2926 2563 3246 2631; x_wconf 80' lang='grc' dir='ltr'>σωζομένου,</span> <span class='ocrx_word' id='word_1_464' title='bbox 3287 2561 3430 2632; x_wconf 73' lang='grc' dir='ltr'>πρὸς</span> <span class='ocrx_word' id='word_1_465' title='bbox 3454 2565 3634 2616; x_wconf 63' lang='grc' dir='ltr'>ἑαυτὸν</span> <span class='ocrx_word' id='word_1_466' title='bbox 3677 2563 3817 2613; x_wconf 78' lang='grc' dir='ltr'>ἐπαν-</span> 
     </span>
    </p>
   </div>
   <div class='ocr_carea' id='block_1_64' title="bbox 2297 2652 3817 2724">
    <p class='ocr_par' dir='ltr' id='par_1_64' title="bbox 2297 2652 3817 2724">
     <span class='ocr_line' id='line_1_64' title="bbox 2297 2652 3817 2724; baseline -0.003 -18"><span class='ocrx_word' id='word_1_467' title='bbox 2297 2656 2418 2720; x_wconf 72' lang='grc' dir='ltr'>άγει</span> <span class='ocrx_word' id='word_1_468' title='bbox 2454 2655 2540 2706; x_wconf 70' lang='grc' dir='ltr'><strong>τὸν</strong></span> <span class='ocrx_word' id='word_1_469' title='bbox 2576 2656 2657 2706; x_wconf 75' lang='grc' dir='ltr'>ἀεὶ</span> <span class='ocrx_word' id='word_1_470' title='bbox 2683 2654 3069 2722; x_wconf 73' lang='grc' dir='ltr'>πληρὲστατον,</span> <span class='ocrx_word' id='word_1_471' title='bbox 3127 2656 3217 2707; x_wconf 66' lang='grc' dir='ltr'>καὶ</span> <span class='ocrx_word' id='word_1_472' title='bbox 3249 2655 3517 2724; x_wconf 81' lang='grc' dir='ltr'>μηδέποτε</span> <span class='ocrx_word' id='word_1_473' title='bbox 3547 2652 3722 2706; x_wconf 80' lang='grc' dir='ltr'>ἑαυτοῦ</span> <span class='ocrx_word' id='word_1_474' title='bbox 3738 2655 3817 2702; x_wconf 80' lang='grc' dir='ltr'><strong>ὲκ-</strong></span> 
     </span>
    </p>
   </div>
   <div class='ocr_carea' id='block_1_65' title="bbox 2297 2744 3822 2814">
    <p class='ocr_par' dir='ltr' id='par_1_65' title="bbox 2297 2744 3822 2814">
     <span class='ocr_line' id='line_1_65' title="bbox 2297 2744 3822 2814; baseline -0.002 -17"><span class='ocrx_word' id='word_1_475' title='bbox 2297 2747 2484 2814; x_wconf 81' lang='grc' dir='ltr'>στῆναι</span> <span class='ocrx_word' id='word_1_476' title='bbox 2521 2746 2845 2812; x_wconf 72' lang='grc' dir='ltr'>δυνάμενονο</span> <span class='ocrx_word' id='word_1_477' title='bbox 2871 2745 2967 2812; x_wconf 82' lang='grc' dir='ltr'>ἐμὲ</span> <span class='ocrx_word' id='word_1_478' title='bbox 3005 2745 3061 2797; x_wconf 80' lang='grc' dir='ltr'>δὲ</span> <span class='ocrx_word' id='word_1_479' title='bbox 3099 2745 3188 2798; x_wconf 77' lang='grc' dir='ltr'><strong>τὸν</strong></span> <span class='ocrx_word' id='word_1_480' title='bbox 3213 2745 3496 2813; x_wconf 76' lang='grc' dir='ltr'>ἄνθρωπον</span> <span class='ocrx_word' id='word_1_481' title='bbox 3537 2744 3822 2812; x_wconf 79' lang='grc' dir='ltr'>θαυμαστῶς</span> 
     </span>
    </p>
   </div>
   <div class='ocr_carea' id='block_1_66' title="bbox 2296 2827 3823 2902">
    <p class='ocr_par' dir='ltr' id='par_1_66' title="bbox 2296 2827 3823 2902">
     <span class='ocr_line' id='line_1_66' title="bbox 2296 2827 3823 2902; baseline -0.002 -17"><span class='ocrx_word' id='word_1_482' title='bbox 2296 2834 2472 2898; x_wconf 81' lang='grc' dir='ltr'>ἑαυτῷ</span> <span class='ocrx_word' id='word_1_483' title='bbox 2493 2834 2917 2901; x_wconf 77' lang='grc' dir='ltr'>ἀποκαθίστησι·</span> <span class='ocrx_word' id='word_1_484' title='bbox 2946 2833 3141 2901; x_wconf 82' lang='grc' dir='ltr'>μᾶλλον</span> <span class='ocrx_word' id='word_1_485' title='bbox 3163 2833 3218 2884; x_wconf 82' lang='grc' dir='ltr'>δὲ</span> <span class='ocrx_word' id='word_1_486' title='bbox 3251 2832 3389 2900; x_wconf 84' lang='grc' dir='ltr'>Θεῷ,</span> <span class='ocrx_word' id='word_1_487' title='bbox 3421 2836 3545 2902; x_wconf 83' lang='grc' dir='ltr'>παρ’</span> <span class='ocrx_word' id='word_1_488' title='bbox 3567 2827 3623 2884; x_wconf 78' lang='grc' dir='ltr'>οὗ</span> <span class='ocrx_word' id='word_1_489' title='bbox 3644 2835 3696 2884; x_wconf 80' lang='grc' dir='ltr'><strong>τὸ</strong></span> <span class='ocrx_word' id='word_1_490' title='bbox 3707 2828 3823 2884; x_wconf 87' lang='grc' dir='ltr'>εἶναι</span> 
     </span>
    </p>
   </div>
   <div class='ocr_carea' id='block_1_67' title="bbox 2296 2915 3822 2991">
    <p class='ocr_par' dir='ltr' id='par_1_67' title="bbox 2296 2915 3822 2991">
     <span class='ocr_line' id='line_1_67' title="bbox 2296 2915 3822 2991; baseline -0.002 -18"><span class='ocrx_word' id='word_1_491' title='bbox 2296 2924 2474 2974; x_wconf 75' lang='grc' dir='ltr'>λαϐὼν</span> <span class='ocrx_word' id='word_1_492' title='bbox 2507 2925 2630 2991; x_wconf 79' lang='grc' dir='ltr'>ἔχω,</span> <span class='ocrx_word' id='word_1_493' title='bbox 2676 2924 2770 2975; x_wconf 70' lang='grc' dir='ltr'><strong>καὶ</strong></span> <span class='ocrx_word' id='word_1_494' title='bbox 2795 2924 2931 2986; x_wconf 67' lang='grc' dir='ltr'>πρὸς</span> <span class='ocrx_word' id='word_1_495' title='bbox 2971 2923 3029 2973; x_wconf 81' lang='grc' dir='ltr'><strong>δν</strong></span> <span class='ocrx_word' id='word_1_496' title='bbox 3060 2915 3371 2988; x_wconf 65' lang='grc' dir='ltr'>ἐπείγομαι,</span> <span class='ocrx_word' id='word_1_497' title='bbox 3408 2923 3677 2991; x_wconf 72' lang='grc' dir='ltr'>πόρρωθεν</span> <span class='ocrx_word' id='word_1_498' title='bbox 3702 2921 3753 2972; x_wconf 78' lang='grc' dir='ltr'>τὸ</span> <span class='ocrx_word' id='word_1_499' title='bbox 3774 2917 3822 2971; x_wconf 75' lang='grc' dir='ltr'>εὖ</span> 
     </span>
    </p>
   </div>
   <div class='ocr_carea' id='block_1_68' title="bbox 2297 3009 3819 3081">
    <p class='ocr_par' dir='ltr' id='par_1_68' title="bbox 2297 3009 3819 3081">
     <span class='ocr_line' id='line_1_68' title="bbox 2297 3009 3819 3081; baseline -0.001 -19"><span class='ocrx_word' id='word_1_500' title='bbox 2297 3009 2432 3064; x_wconf 81' lang='grc' dir='ltr'>εἶναι</span> <span class='ocrx_word' id='word_1_501' title='bbox 2460 3011 2781 3081; x_wconf 77' lang='grc' dir='ltr'>προσλαϐεῖν</span> <span class='ocrx_word' id='word_1_502' title='bbox 2807 3013 3106 3079; x_wconf 79' lang='grc' dir='ltr'>ἐφιέμενος.</span> <span class='ocrx_word' id='word_1_503' title='bbox 3129 3011 3305 3078; x_wconf 81' lang='grc' dir='ltr'>Ὅπερ</span> <span class='ocrx_word' id='word_1_504' title='bbox 3329 3012 3355 3062; x_wconf 78' lang='grc' dir='ltr'>ὁ</span> <span class='ocrx_word' id='word_1_505' title='bbox 3371 3010 3572 3076; x_wconf 80' lang='grc' dir='ltr'>γνῶναι</span> <span class='ocrx_word' id='word_1_506' title='bbox 3589 3010 3819 3079; x_wconf 74' lang='grc' dir='ltr'>δυνηθεὶς,</span> 
     </span>
    </p>
   </div>
   <div class='ocr_carea' id='block_1_69' title="bbox 2297 3103 3824 3172">
    <p class='ocr_par' dir='ltr' id='par_1_69' title="bbox 2297 3103 3824 3172">
     <span class='ocr_line' id='line_1_69' title="bbox 2297 3103 3824 3172; baseline -0.003 -13"><span class='ocrx_word' id='word_1_507' title='bbox 2297 3105 2490 3159; x_wconf 82' lang='grc' dir='ltr'>ὲκ’τοῦ</span> <span class='ocrx_word' id='word_1_508' title='bbox 2525 3105 2716 3158; x_wconf 79' lang='grc' dir='ltr'>παθεῖν</span> <span class='ocrx_word' id='word_1_509' title='bbox 2757 3105 2825 3157; x_wconf 77' lang='grc' dir='ltr'>τὰ</span> <span class='ocrx_word' id='word_1_510' title='bbox 2857 3104 3141 3172; x_wconf 85' lang='grc' dir='ltr'>λεγόμενα,</span> <span class='ocrx_word' id='word_1_511' title='bbox 3191 3104 3393 3154; x_wconf 77' lang='grc' dir='ltr'>εἴσεται</span> <span class='ocrx_word' id='word_1_512' title='bbox 3426 3103 3636 3167; x_wconf 78' lang='grc' dir='ltr'>πάντως</span> <span class='ocrx_word' id='word_1_513' title='bbox 3655 3106 3824 3172; x_wconf 83' lang='grc' dir='ltr'>γνωρί-</span> 
     </span>
    </p>
   </div>
   <div class='ocr_carea' id='block_1_70' title="bbox 2300 3182 3820 3263">
    <p class='ocr_par' dir='ltr' id='par_1_70' title="bbox 2300 3182 3820 3263">
     <span class='ocr_line' id='line_1_70' title="bbox 2300 3182 3820 3263; baseline -0.001 -18"><span class='ocrx_word' id='word_1_514' title='bbox 2300 3212 2395 3257; x_wconf 89' lang='grc' dir='ltr'><strong>σας</strong></span> <span class='ocrx_word' id='word_1_515' title='bbox 2424 3195 2524 3263; x_wconf 73' lang='grc' dir='ltr'><strong>ἠδη</strong></span> <span class='ocrx_word' id='word_1_516' title='bbox 2551 3194 2690 3246; x_wconf 82' lang='grc' dir='ltr'>κατὰ</span> <span class='ocrx_word' id='word_1_517' title='bbox 2709 3194 2806 3263; x_wconf 84' lang='grc' dir='ltr'>τὴν</span> <span class='ocrx_word' id='word_1_518' title='bbox 2827 3195 3017 3263; x_wconf 73' lang='grc' dir='ltr'>πεῖραν</span> <span class='ocrx_word' id='word_1_519' title='bbox 3034 3182 3274 3262; x_wconf 76' lang='grc' dir='ltr'>ἐναργῶς</span> <span class='ocrx_word' id='word_1_520' title='bbox 3294 3193 3354 3244; x_wconf 75' lang='grc' dir='ltr'><strong>τὸ</strong></span> <span class='ocrx_word' id='word_1_521' title='bbox 3379 3195 3575 3244; x_wconf 84' lang='grc' dir='ltr'>οἰκεῖον</span> <span class='ocrx_word' id='word_1_522' title='bbox 3604 3194 3820 3261; x_wconf 79' lang='grc' dir='ltr'>ἀξίωμα·</span> 
     </span>
    </p>
   </div>
   <div class='ocr_carea' id='block_1_71' title="bbox 2299 3278 3824 3350">
    <p class='ocr_par' dir='ltr' id='par_1_71' title="bbox 2299 3278 3824 3350">
     <span class='ocr_line' id='line_1_71' title="bbox 2299 3278 3824 3350; baseline -0.005 -14"><span class='ocrx_word' id='word_1_523' title='bbox 2299 3283 2412 3343; x_wconf 83' lang='grc' dir='ltr'><strong>πῶς</strong></span> <span class='ocrx_word' id='word_1_524' title='bbox 2449 3282 2753 3336; x_wconf 83' lang='grc' dir='ltr'>ἀποδίδοται</span> <span class='ocrx_word' id='word_1_525' title='bbox 2810 3284 2876 3350; x_wconf 83' lang='grc' dir='ltr'>τῇ</span> <span class='ocrx_word' id='word_1_526' title='bbox 2932 3281 3098 3332; x_wconf 84' lang='grc' dir='ltr'>εἰκόνι.</span> <span class='ocrx_word' id='word_1_527' title='bbox 3153 3279 3212 3331; x_wconf 79' lang='grc' dir='ltr'><strong>τὸ</strong></span> <span class='ocrx_word' id='word_1_528' title='bbox 3257 3281 3377 3332; x_wconf 76' lang='grc' dir='ltr'>κατ’</span> <span class='ocrx_word' id='word_1_529' title='bbox 3422 3280 3705 3332; x_wconf 71' lang='grc' dir='ltr'>εξκδναη·</span> <span class='ocrx_word' id='word_1_530' title='bbox 3732 3278 3824 3337; x_wconf 81' lang='grc' dir='ltr'>πῶς</span> 
     </span>
    </p>
   </div>
   <div class='ocr_carea' id='block_1_72' title="bbox 2297 3363 3826 3439">
    <p class='ocr_par' dir='ltr' id='par_1_72' title="bbox 2297 3363 3826 3439">
     <span class='ocr_line' id='line_1_72' title="bbox 2297 3363 3826 3439; baseline -0.007 -17"><span class='ocrx_word' id='word_1_531' title='bbox 2297 3372 2517 3439; x_wconf 83' lang='grc' dir='ltr'>τιμᾶται</span> <span class='ocrx_word' id='word_1_532' title='bbox 2556 3369 2615 3420; x_wconf 82' lang='grc' dir='ltr'>τὺ</span> <span class='ocrx_word' id='word_1_533' title='bbox 2642 3369 2974 3437; x_wconf 74' lang='grc' dir='ltr'>ἀρχέτυπον·</span> <span class='ocrx_word' id='word_1_534' title='bbox 3011 3367 3093 3429; x_wconf 88' lang='grc' dir='ltr'><strong>τίς</strong></span> <span class='ocrx_word' id='word_1_535' title='bbox 3127 3367 3218 3418; x_wconf 84' lang='grc' dir='ltr'><strong>τοῦ</strong></span> <span class='ocrx_word' id='word_1_536' title='bbox 3249 3368 3548 3437; x_wconf 74' lang='grc' dir='ltr'>μυστηρίου</span> <span class='ocrx_word' id='word_1_537' title='bbox 3581 3368 3672 3433; x_wconf 83' lang='grc' dir='ltr'>τῆς</span> <span class='ocrx_word' id='word_1_538' title='bbox 3698 3363 3826 3433; x_wconf 81' lang='grc' dir='ltr'>ἡμῶν</span> 
     </span>
    </p>
   </div>
   <div class='ocr_carea' id='block_1_73' title="bbox 2301 3456 3827 3529">
    <p class='ocr_par' dir='ltr' id='par_1_73' title="bbox 2301 3456 3827 3529">
     <span class='ocr_line' id='line_1_73' title="bbox 2301 3456 3827 3529; baseline -0.005 -17"><span class='ocrx_word' id='word_1_539' title='bbox 2301 3460 2570 3529; x_wconf 80' lang='grc' dir='ltr'>σωτηρίας</span> <span class='ocrx_word' id='word_1_540' title='bbox 2616 3461 2648 3527; x_wconf 82' lang='grc' dir='ltr'>ἠ</span> <span class='ocrx_word' id='word_1_541' title='bbox 2680 3459 2937 3525; x_wconf 66' lang='grc' dir='ltr'>δύναμις,</span> <span class='ocrx_word' id='word_1_542' title='bbox 2979 3459 3068 3511; x_wconf 80' lang='grc' dir='ltr'><strong>καὶ</strong></span> <span class='ocrx_word' id='word_1_543' title='bbox 3114 3459 3249 3527; x_wconf 81' lang='grc' dir='ltr'>ὑπὲρ</span> <span class='ocrx_word' id='word_1_544' title='bbox 3294 3457 3436 3524; x_wconf 84' lang='grc' dir='ltr'>τίνος</span> <span class='ocrx_word' id='word_1_545' title='bbox 3483 3457 3702 3527; x_wconf 80' lang='grc' dir='ltr'>Χριστὸς</span> <span class='ocrx_word' id='word_1_546' title='bbox 3745 3456 3827 3506; x_wconf 80' lang='grc' dir='ltr'><strong>ἁπ-</strong></span> 
     </span>
    </p>
   </div>
   <div class='ocr_carea' id='block_1_74' title="bbox 2300 3543 3828 3614">
    <p class='ocr_par' dir='ltr' id='par_1_74' title="bbox 2300 3543 3828 3614">
     <span class='ocr_line' id='line_1_74' title="bbox 2300 3543 3828 3614; baseline -0.007 -12"><span class='ocrx_word' id='word_1_547' title='bbox 2300 3551 2456 3602; x_wconf 80' lang='grc' dir='ltr'>ἐθανε</span> <span class='ocrx_word' id='word_1_548' title='bbox 2482 3565 2493 3576; x_wconf 92' lang='grc'><strong>·</strong></span> <span class='ocrx_word' id='word_1_549' title='bbox 2550 3547 2666 3607; x_wconf 83' lang='grc' dir='ltr'>πῶς</span> <span class='ocrx_word' id='word_1_550' title='bbox 2698 3563 2755 3598; x_wconf 88' lang='grc' dir='ltr'><strong>τε</strong></span> <span class='ocrx_word' id='word_1_551' title='bbox 2775 3548 2932 3599; x_wconf 82' lang='grc' dir='ltr'>πάλιν</span> <span class='ocrx_word' id='word_1_552' title='bbox 2958 3549 3015 3598; x_wconf 78' lang='grc' dir='ltr'><strong>ἐν</strong></span> <span class='ocrx_word' id='word_1_553' title='bbox 3039 3547 3193 3613; x_wconf 80' lang='grc' dir='ltr'>αὐτῷ</span> <span class='ocrx_word' id='word_1_554' title='bbox 3217 3549 3396 3614; x_wconf 84' lang='grc' dir='ltr'>μεῖναι</span> <span class='ocrx_word' id='word_1_555' title='bbox 3445 3545 3728 3614; x_wconf 81' lang='grc' dir='ltr'>δυνάμεθα,</span> <span class='ocrx_word' id='word_1_556' title='bbox 3753 3543 3828 3593; x_wconf 78' lang='grc' dir='ltr'><strong>καὶ</strong></span> 
     </span>
    </p>
   </div>
   <div class='ocr_carea' id='block_1_75' title="bbox 2302 3632 3828 3706">
    <p class='ocr_par' dir='ltr' id='par_1_75' title="bbox 2302 3632 3828 3706">
     <span class='ocr_line' id='line_1_75' title="bbox 2302 3632 3828 3706; baseline -0.006 -15"><span class='ocrx_word' id='word_1_557' title='bbox 2302 3640 2462 3700; x_wconf 71' lang='grc' dir='ltr'>αὐτὸς</span> <span class='ocrx_word' id='word_1_558' title='bbox 2492 3641 2547 3690; x_wconf 79' lang='grc' dir='ltr'>ὲν</span> <span class='ocrx_word' id='word_1_559' title='bbox 2572 3640 2739 3706; x_wconf 80' lang='grc' dir='ltr'>ἡμῖν,</span> <span class='ocrx_word' id='word_1_560' title='bbox 2787 3636 2966 3698; x_wconf 84' lang='grc' dir='ltr'>καθὼς</span> <span class='ocrx_word' id='word_1_561' title='bbox 3005 3633 3122 3688; x_wconf 75' lang='grc' dir='ltr'>εἷπε</span> <span class='ocrx_word' id='word_1_562' title='bbox 3143 3653 3157 3667; x_wconf 87' lang='grc'><strong>·</strong></span> <span class='ocrx_word' id='word_1_563' title='bbox 3186 3637 3279 3688; x_wconf 75' lang='grc' dir='ltr'><strong>καὶ</strong></span> <span class='ocrx_word' id='word_1_564' title='bbox 3316 3635 3438 3697; x_wconf 73' lang='grc' dir='ltr'>πῶς·</span> <span class='ocrx_word' id='word_1_565' title='bbox 3467 3635 3660 3687; x_wconf 70' lang='grc' dir='ltr'><em>Ἔστιν</em></span> <span class='ocrx_word' id='word_1_566' title='bbox 3680 3632 3828 3695; x_wconf 77' lang='grc' dir='ltr'>εὐθὺς</span> 
     </span>
    </p>
   </div>
   <div class='ocr_carea' id='block_1_76' title="bbox 2301 3720 3828 3793">
    <p class='ocr_par' dir='ltr' id='par_1_76' title="bbox 2301 3720 3828 3793">
     <span class='ocr_line' id='line_1_76' title="bbox 2301 3720 3828 3793; baseline -0.005 -14"><span class='ocrx_word' id='word_1_567' title='bbox 2301 3731 2332 3780; x_wconf 89' lang='lat' dir='ltr'><strong>o’</strong></span> <span class='ocrx_word' id='word_1_568' title='bbox 2369 3728 2547 3793; x_wconf 74' lang='grc' dir='ltr'>λόγος</span> <span class='ocrx_word' id='word_1_569' title='bbox 2597 3725 2702 3777; x_wconf 83' lang='grc' dir='ltr'><strong>τοῦ</strong></span> <span class='ocrx_word' id='word_1_570' title='bbox 2732 3727 2970 3790; x_wconf 63' lang='grc' dir='ltr'>Κιιοίου,</span> <span class='ocrx_word' id='word_1_571' title='bbox 3017 3727 3112 3776; x_wconf 80' lang='grc' dir='ltr'>καὶ</span> <span class='ocrx_word' id='word_1_572' title='bbox 3148 3724 3343 3776; x_wconf 71' lang='grc' dir='ltr'>πάντα</span> <span class='ocrx_word' id='word_1_573' title='bbox 3374 3725 3446 3776; x_wconf 79' lang='grc' dir='ltr'>τὰ</span> <span class='ocrx_word' id='word_1_574' title='bbox 3485 3723 3625 3790; x_wconf 70' lang='grc' dir='ltr'>ἔργα</span> <span class='ocrx_word' id='word_1_575' title='bbox 3672 3720 3828 3776; x_wconf 80' lang='grc' dir='ltr'>αὐτοῦ</span> 
     </span>
    </p>
   </div>
   <div class='ocr_carea' id='block_1_77' title="bbox 2300 3808 3827 3882">
    <p class='ocr_par' dir='ltr' id='par_1_77' title="bbox 2300 3808 3827 3882">
     <span class='ocr_line' id='line_1_77' title="bbox 2300 3808 3827 3882; baseline -0.005 -15"><span class='ocrx_word' id='word_1_576' title='bbox 2300 3817 2369 3868; x_wconf 79' lang='grc' dir='ltr'>ἐν</span> <span class='ocrx_word' id='word_1_577' title='bbox 2394 3817 2611 3868; x_wconf 78' lang='grc' dir='ltr'>πίστει.</span> <span class='ocrx_word' id='word_1_578' title='bbox 2657 3812 2794 3864; x_wconf 81' lang='grc' dir='ltr'>Ἀλλ’</span> <span class='ocrx_word' id='word_1_579' title='bbox 2839 3813 3197 3882; x_wconf 76' lang='grc' dir='ltr'>ἐπανάγωμεν</span> <span class='ocrx_word' id='word_1_580' title='bbox 3235 3813 3370 3880; x_wconf 64' lang='grc' dir='ltr'>προς</span> <span class='ocrx_word' id='word_1_581' title='bbox 3413 3813 3505 3865; x_wconf 74' lang='grc' dir='ltr'>τὸν</span> <span class='ocrx_word' id='word_1_582' title='bbox 3542 3813 3720 3882; x_wconf 70' lang='grc' dir='ltr'>εἱρμὸν</span> <span class='ocrx_word' id='word_1_583' title='bbox 3751 3808 3827 3862; x_wconf 85' lang='grc' dir='ltr'><strong>τοῦ</strong></span> 
     </span>
    </p>
   </div>
   <div class='ocr_carea' id='block_1_78' title="bbox 2302 3900 3825 3974">
    <p class='ocr_par' dir='ltr' id='par_1_78' title="bbox 2302 3900 3825 3974">
     <span class='ocr_line' id='line_1_78' title="bbox 2302 3900 3825 3974; baseline -0.006 -14"><span class='ocrx_word' id='word_1_584' title='bbox 2302 3909 2458 3974; x_wconf 71' lang='grc' dir='ltr'>λόγου</span> <span class='ocrx_word' id='word_1_585' title='bbox 2511 3907 2599 3957; x_wconf 76' lang='grc' dir='ltr'><strong>τὸν</strong></span> <span class='ocrx_word' id='word_1_586' title='bbox 2630 3905 2804 3970; x_wconf 86' lang='grc' dir='ltr'>λόγον,</span> <span class='ocrx_word' id='word_1_587' title='bbox 2855 3904 3061 3966; x_wconf 77' lang='grc' dir='ltr'>τούτοις</span> <span class='ocrx_word' id='word_1_588' title='bbox 3105 3905 3232 3974; x_wconf 79' lang='grc' dir='ltr'>περὶ</span> <span class='ocrx_word' id='word_1_589' title='bbox 3257 3900 3460 3957; x_wconf 76' lang='grc' dir='ltr'>τούτων</span> <span class='ocrx_word' id='word_1_590' title='bbox 3484 3903 3825 3974; x_wconf 78' lang='grc' dir='ltr'>ἀρκεσθέντες,</span> 
     </span>
    </p>
   </div>
   <div class='ocr_carea' id='block_1_79' title="bbox 650 3989 3830 4061">
    <p class='ocr_par' dir='ltr' id='par_1_79' title="bbox 650 3989 3830 4061">
     <span class='ocr_line' id='line_1_79' title="bbox 650 3989 3830 4061; baseline -0.001 -16"><span class='ocrx_word' id='word_1_591' title='bbox 650 4001 850 4045; x_wconf 67' lang='lat' dir='ltr'><strong>nostra:</strong></span> <span class='ocrx_word' id='word_1_592' title='bbox 891 3993 1108 4053; x_wconf 90' lang='lat' dir='ltr'><strong>salutis,</strong></span> <span class='ocrx_word' id='word_1_593' title='bbox 1146 4006 1210 4043; x_wconf 91' lang='lat' dir='ltr'><strong>ac</strong></span> <span class='ocrx_word' id='word_1_594' title='bbox 1254 3993 1410 4057; x_wconf 92' lang='lat' dir='ltr'><strong>cujus</strong></span> <span class='ocrx_word' id='word_1_595' title='bbox 1449 3990 1618 4057; x_wconf 82' lang='lat' dir='ltr'><strong>gratia</strong></span> <span class='ocrx_word' id='word_1_596' title='bbox 1655 3989 1913 4044; x_wconf 83' lang='lat' dir='ltr'><strong>Christus</strong></span> <span class='ocrx_word' id='word_1_597' title='bbox 1957 4003 2216 4049; x_wconf 85' lang='lat' dir='ltr'><strong>mortuus</strong></span> <span class='ocrx_word' id='word_1_598' title='bbox 2239 3996 2312 4049; x_wconf 86' lang='lat' dir='ltr'><strong>sit</strong></span> <span class='ocrx_word' id='word_1_599' title='bbox 2341 4013 2354 4046; x_wconf 92' lang='lat'>:</span> <span class='ocrx_word' id='word_1_600' title='bbox 2381 4008 2489 4061; x_wconf 91' lang='lat' dir='ltr'><strong>quo</strong></span> <span class='ocrx_word' id='word_1_601' title='bbox 2517 3993 2642 4045; x_wconf 85' lang='lat' dir='ltr'><strong>item</strong></span> <span class='ocrx_word' id='word_1_602' title='bbox 2668 4007 2858 4046; x_wconf 89' lang='lat' dir='ltr'><strong>rursus</strong></span> <span class='ocrx_word' id='word_1_603' title='bbox 2883 3992 3044 4045; x_wconf 88' lang='lat' dir='ltr'><strong>modo</strong></span> <span class='ocrx_word' id='word_1_604' title='bbox 3073 3992 3128 4044; x_wconf 90' lang='lat' dir='ltr'><strong>in</strong></span> <span class='ocrx_word' id='word_1_605' title='bbox 3191 4006 3258 4043; x_wconf 92' lang='lat' dir='ltr'><strong>eo</strong></span> <span class='ocrx_word' id='word_1_606' title='bbox 3323 4007 3544 4046; x_wconf 87' lang='lat' dir='ltr'><strong>manere</strong></span> <span class='ocrx_word' id='word_1_607' title='bbox 3568 3993 3830 4060; x_wconf 76' lang='lat' dir='ltr'><strong>possimus,</strong></span> 
     </span>
    </p>
   </div>
   <div class='ocr_carea' id='block_1_80' title="bbox 650 4076 1254 4146">
    <p class='ocr_par' dir='ltr' id='par_1_80' title="bbox 650 4076 1254 4146">
     <span class='ocr_line' id='line_1_80' title="bbox 650 4076 1254 4146; baseline -0.003 -13"><span class='ocrx_word' id='word_1_608' title='bbox 650 4088 704 4134; x_wconf 88' lang='lat' dir='ltr'><strong>ct</strong></span> <span class='ocrx_word' id='word_1_609' title='bbox 740 4079 852 4146; x_wconf 88' lang='lat' dir='ltr'><strong>ipse</strong></span> <span class='ocrx_word' id='word_1_610' title='bbox 898 4079 950 4129; x_wconf 95' lang='lat' dir='ltr'><strong>in</strong></span> <span class='ocrx_word' id='word_1_611' title='bbox 991 4079 1148 4131; x_wconf 89' lang='lat' dir='ltr'><strong>nobis</strong></span> <span class='ocrx_word' id='word_1_612' title='bbox 1214 4076 1254 4138; x_wconf 78' lang='grc' dir='ltr'>ι,</span> 
     </span>
    </p>
   </div>
   <div class='ocr_carea' id='block_1_81' title="bbox 1325 4079 3827 4152">
    <p class='ocr_par' dir='ltr' id='par_1_81' title="bbox 1325 4079 3827 4152">
     <span class='ocr_line' id='line_1_81' title="bbox 1325 4079 3827 4152; baseline 0.001 -24"><span class='ocrx_word' id='word_1_613' title='bbox 1325 4079 1782 4144; x_wconf 82' lang='lat' dir='ltr'><strong>quemadmodum</strong></span> <span class='ocrx_word' id='word_1_614' title='bbox 1823 4081 1986 4144; x_wconf 74' lang='lat' dir='ltr'><strong>dixit;</strong></span> <span class='ocrx_word' id='word_1_615' title='bbox 2033 4085 2409 4152; x_wconf 71' lang='lat' dir='ltr'><strong>ac‘quomodo</strong></span> <span class='ocrx_word' id='word_1_616' title='bbox 2452 4084 2667 4136; x_wconf 82' lang='lat' dir='ltr'><strong>Rectum</strong></span> <span class='ocrx_word' id='word_1_617' title='bbox 2728 4084 2793 4134; x_wconf 74' lang='lat' dir='ltr'><strong>sit</strong></span> <span class='ocrx_word' id='word_1_618' title='bbox 2840 4083 3051 4135; x_wconf 81' lang='lat' dir='ltr'><strong>verbum</strong></span> <span class='ocrx_word' id='word_1_619' title='bbox 3090 4083 3330 4144; x_wconf 84' lang='lat' dir='ltr'><strong>Domini,</strong></span> <span class='ocrx_word' id='word_1_620' title='bbox 3365 4091 3416 4134; x_wconf 76' lang='lat' dir='ltr'><strong>et</strong></span> <span class='ocrx_word' id='word_1_621' title='bbox 3477 4084 3653 4135; x_wconf 85' lang='lat' dir='ltr'><strong>omnia</strong></span> <span class='ocrx_word' id='word_1_622' title='bbox 3695 4096 3827 4150; x_wconf 78' lang='lat' dir='ltr'><strong>opera</strong></span> 
     </span>
    </p>
   </div>
   <div class='ocr_carea' id='block_1_82' title="bbox 651 4158 3564 4241">
    <p class='ocr_par' dir='ltr' id='par_1_82' title="bbox 651 4158 3564 4241">
     <span class='ocr_line' id='line_1_82' title="bbox 651 4158 3564 4241; baseline 0 -20"><span class='ocrx_word' id='word_1_623' title='bbox 651 4171 762 4239; x_wconf 68' lang='lat' dir='ltr'><strong>ejus</strong></span> <span class='ocrx_word' id='word_1_624' title='bbox 808 4169 862 4220; x_wconf 87' lang='lat' dir='ltr'><strong>in</strong></span> <span class='ocrx_word' id='word_1_625' title='bbox 899 4166 1000 4233; x_wconf 64' lang='lat' dir='ltr'><strong>[ille</strong></span> <span class='ocrx_word' id='word_1_626' title='bbox 1023 4177 1080 4218; x_wconf 77' lang='grc' dir='ltr'><strong>ιη.</strong></span> <span class='ocrx_word' id='word_1_627' title='bbox 1115 4158 1331 4220; x_wconf 70' lang='lat' dir='ltr'><strong>Verum&#39;</strong></span> <span class='ocrx_word' id='word_1_628' title='bbox 1361 4167 1429 4218; x_wconf 88' lang='lat' dir='ltr'><strong>ad</strong></span> <span class='ocrx_word' id='word_1_629' title='bbox 1467 4168 1731 4221; x_wconf 89' lang='lat' dir='ltr'><strong>orationis</strong></span> <span class='ocrx_word' id='word_1_630' title='bbox 1769 4169 1966 4222; x_wconf 89' lang='lat' dir='ltr'><strong>seriem</strong></span> <span class='ocrx_word' id='word_1_631' title='bbox 2013 4174 2210 4241; x_wconf 80' lang='lat' dir='ltr'><strong>stylum</strong></span> <span class='ocrx_word' id='word_1_632' title='bbox 2249 4175 2597 4235; x_wconf 88' lang='lat' dir='ltr'><strong>reducamus,</strong></span> <span class='ocrx_word' id='word_1_633' title='bbox 2629 4181 2789 4239; x_wconf 90' lang='lat' dir='ltr'><strong>atque</strong></span> <span class='ocrx_word' id='word_1_634' title='bbox 2815 4171 2930 4226; x_wconf 79' lang='lat' dir='ltr'><strong>haec</strong></span> <span class='ocrx_word' id='word_1_635' title='bbox 2956 4172 3220 4226; x_wconf 89' lang='lat' dir='ltr'><strong>hactenus</strong></span> <span class='ocrx_word' id='word_1_636' title='bbox 3243 4171 3387 4224; x_wconf 80' lang='lat' dir='ltr'><strong>dicta</strong></span> <span class='ocrx_word' id='word_1_637' title='bbox 3434 4171 3564 4223; x_wconf 89' lang='lat' dir='ltr'><strong>sint.</strong></span> 
     </span>
    </p>
   </div>
   <div class='ocr_carea' id='block_1_83' title="bbox 725 4257 2209 4326">
    <p class='ocr_par' dir='ltr' id='par_1_83' title="bbox 725 4257 2209 4326">
     <span class='ocr_line' id='line_1_83' title="bbox 725 4257 2209 4326; baseline 0.002 -13"><span class='ocrx_word' id='word_1_638' title='bbox 725 4258 949 4313; x_wconf 83' lang='lat' dir='ltr'><strong>Dicebat</strong></span> <span class='ocrx_word' id='word_1_639' title='bbox 984 4257 1129 4310; x_wconf 86' lang='lat' dir='ltr'><strong>enim</strong></span> <span class='ocrx_word' id='word_1_640' title='bbox 1161 4265 1397 4309; x_wconf 85' lang='lat' dir='ltr'><strong>mentem</strong></span> <span class='ocrx_word' id='word_1_641' title='bbox 1429 4259 1695 4326; x_wconf 68' lang='lat' dir='ltr'><strong>sapientia</strong></span> <span class='ocrx_word' id='word_1_642' title='bbox 1729 4268 1930 4312; x_wconf 89' lang='lat' dir='ltr'><strong>motam</strong></span> <span class='ocrx_word' id='word_1_643' title='bbox 1965 4261 2030 4314; x_wconf 91' lang='lat' dir='ltr'><strong>ad</strong></span> <span class='ocrx_word' id='word_1_644' title='bbox 2078 4278 2209 4316; x_wconf 91' lang='lat' dir='ltr'><strong>con-</strong></span> 
     </span>
    </p>
   </div>
   <div class='ocr_carea' id='block_1_84' title="bbox 655 4346 2209 4416">
    <p class='ocr_par' dir='ltr' id='par_1_84' title="bbox 655 4346 2209 4416">
     <span class='ocr_line' id='line_1_84' title="bbox 655 4346 2209 4416; baseline 0.002 -15"><span class='ocrx_word' id='word_1_645' title='bbox 655 4349 1061 4416; x_wconf 88' lang='lat' dir='ltr'><strong>templationem</strong></span> <span class='ocrx_word' id='word_1_646' title='bbox 1108 4346 1326 4410; x_wconf 82' lang='lat' dir='ltr'><strong>venire;</strong></span> <span class='ocrx_word' id='word_1_647' title='bbox 1365 4350 1861 4416; x_wconf 56' lang='lat' dir='ltr'><strong>,contemplatione</strong></span> <span class='ocrx_word' id='word_1_648' title='bbox 1911 4351 2111 4413; x_wconf 86' lang='lat' dir='ltr'><strong>media,</strong></span> <span class='ocrx_word' id='word_1_649' title='bbox 2142 4352 2209 4404; x_wconf 89' lang='lat' dir='ltr'><strong>ad</strong></span> 
     </span>
    </p>
   </div>
   <div class='ocr_carea' id='block_1_85' title="bbox 653 4436 2258 4508">
    <p class='ocr_par' dir='ltr' id='par_1_85' title="bbox 653 4436 2258 4508">
     <span class='ocr_line' id='line_1_85' title="bbox 653 4436 2258 4508; baseline -0.003 -14"><span class='ocrx_word' id='word_1_650' title='bbox 653 4440 934 4494; x_wconf 84' lang='lat' dir='ltr'><strong>scientiam</strong></span> <span class='ocrx_word' id='word_1_651' title='bbox 961 4454 973 4498; x_wconf 91' lang='lat'><strong>;</strong></span> <span class='ocrx_word' id='word_1_652' title='bbox 1008 4453 1103 4505; x_wconf 88' lang='lat' dir='ltr'><strong>per</strong></span> <span class='ocrx_word' id='word_1_653' title='bbox 1127 4436 1434 4498; x_wconf 89' lang='lat' dir='ltr'><strong>scientiam,</strong></span> <span class='ocrx_word' id='word_1_654' title='bbox 1494 4437 1561 4489; x_wconf 89' lang='lat' dir='ltr'><strong>ad</strong></span> <span class='ocrx_word' id='word_1_655' title='bbox 1584 4453 1701 4491; x_wconf 89' lang='lat' dir='ltr'><strong>eam</strong></span> <span class='ocrx_word' id='word_1_656' title='bbox 1728 4441 2014 4493; x_wconf 89' lang='lat' dir='ltr'><strong>scientiam</strong></span> <span class='ocrx_word' id='word_1_657' title='bbox 2047 4456 2210 4508; x_wconf 91' lang='lat' dir='ltr'><strong>quam</strong></span> <span class='ocrx_word' id='word_1_658' title='bbox 2254 4484 2258 4489; x_wconf 73' lang='lat'><strong>,</strong></span> 
     </span>
    </p>
   </div>
   <div class='ocr_carea' id='block_1_86' title="bbox 652 4509 2213 4600">
    <p class='ocr_par' dir='ltr' id='par_1_86' title="bbox 652 4509 2213 4600">
     <span class='ocr_line' id='line_1_86' title="bbox 652 4509 2213 4600; baseline 0.003 -19"><span class='ocrx_word' id='word_1_659' title='bbox 652 4529 798 4581; x_wconf 83' lang='lat' dir='ltr'><strong>nulla</strong></span> <span class='ocrx_word' id='word_1_660' title='bbox 831 4528 1088 4580; x_wconf 88' lang='lat' dir='ltr'><strong>obscuret</strong></span> <span class='ocrx_word' id='word_1_661' title='bbox 1118 4528 1325 4582; x_wconf 87' lang='lat' dir='ltr'><strong>oblivio</strong></span> <span class='ocrx_word' id='word_1_662' title='bbox 1352 4544 1415 4582; x_wconf 90' lang='lat' dir='ltr'><strong>ac</strong></span> <span class='ocrx_word' id='word_1_663' title='bbox 1450 4509 1595 4598; x_wconf 70' lang='lat' dir='ltr'><strong>jugis</strong></span> <span class='ocrx_word' id='word_1_664' title='bbox 1621 4538 1972 4595; x_wconf 85' lang='lat' dir='ltr'><strong>perseveret:</strong></span> <span class='ocrx_word' id='word_1_665' title='bbox 2017 4531 2213 4600; x_wconf 90' lang='lat' dir='ltr'><strong>hujus-</strong></span> 
     </span>
    </p>
   </div>
   <div class='ocr_carea' id='block_1_87' title="bbox 2377 4258 3824 4330">
    <p class='ocr_par' dir='ltr' id='par_1_87' title="bbox 2377 4258 3824 4330">
     <span class='ocr_line' id='line_1_87' title="bbox 2377 4258 3824 4330; baseline -0.008 -14"><span class='ocrx_word' id='word_1_666' title='bbox 2377 4265 2478 4316; x_wconf 83' lang='grc' dir='ltr'>Τὸν</span> <span class='ocrx_word' id='word_1_667' title='bbox 2507 4264 2612 4330; x_wconf 82' lang='grc' dir='ltr'><strong>γὰρ</strong></span> <span class='ocrx_word' id='word_1_668' title='bbox 2644 4262 2768 4313; x_wconf 90' lang='grc' dir='ltr'>νοῦν</span> <span class='ocrx_word' id='word_1_669' title='bbox 2811 4262 2908 4313; x_wconf 77' lang='grc' dir='ltr'>διὰ</span> <span class='ocrx_word' id='word_1_670' title='bbox 2927 4261 3026 4328; x_wconf 82' lang='grc' dir='ltr'>τῆς</span> <span class='ocrx_word' id='word_1_671' title='bbox 3057 4259 3246 4326; x_wconf 84' lang='grc' dir='ltr'>σοφίας</span> <span class='ocrx_word' id='word_1_672' title='bbox 3273 4258 3477 4324; x_wconf 76' lang='grc' dir='ltr'>ἔφασκε</span> <span class='ocrx_word' id='word_1_673' title='bbox 3520 4258 3824 4325; x_wconf 76' lang='grc' dir='ltr'>κινούμενον,</span> 
     </span>
    </p>
   </div>
   <div class='ocr_carea' id='block_1_88' title="bbox 2308 4343 3827 4418">
    <p class='ocr_par' dir='ltr' id='par_1_88' title="bbox 2308 4343 3827 4418">
     <span class='ocr_line' id='line_1_88' title="bbox 2308 4343 3827 4418; baseline -0.005 -16"><span class='ocrx_word' id='word_1_674' title='bbox 2308 4353 2386 4412; x_wconf 87' lang='grc' dir='ltr'>εἰς</span> <span class='ocrx_word' id='word_1_675' title='bbox 2420 4350 2647 4418; x_wconf 83' lang='grc' dir='ltr'>θεωρίαν</span> <span class='ocrx_word' id='word_1_676' title='bbox 2691 4348 2824 4400; x_wconf 76' lang='grc' dir='ltr'>ἱέναι</span> <span class='ocrx_word' id='word_1_677' title='bbox 2845 4363 2859 4378; x_wconf 87' lang='grc'><strong>·</strong></span> <span class='ocrx_word' id='word_1_678' title='bbox 2892 4348 2978 4399; x_wconf 78' lang='grc' dir='ltr'><strong>διὰ</strong></span> <span class='ocrx_word' id='word_1_679' title='bbox 3019 4348 3076 4398; x_wconf 84' lang='grc' dir='ltr'>δὲ</span> <span class='ocrx_word' id='word_1_680' title='bbox 3108 4343 3206 4413; x_wconf 85' lang='grc' dir='ltr'>τῆς</span> <span class='ocrx_word' id='word_1_681' title='bbox 3235 4345 3488 4414; x_wconf 83' lang='grc' dir='ltr'>θεωρίας,</span> <span class='ocrx_word' id='word_1_682' title='bbox 3521 4347 3600 4406; x_wconf 84' lang='grc' dir='ltr'><strong>είς</strong></span> <span class='ocrx_word' id='word_1_683' title='bbox 3628 4345 3827 4412; x_wconf 84' lang='grc' dir='ltr'>γνῶσιν·</span> 
     </span>
    </p>
   </div>
   <div class='ocr_carea' id='block_1_89' title="bbox 2308 4434 3826 4510">
    <p class='ocr_par' dir='ltr' id='par_1_89' title="bbox 2308 4434 3826 4510">
     <span class='ocr_line' id='line_1_89' title="bbox 2308 4434 3826 4510; baseline -0.007 -14"><span class='ocrx_word' id='word_1_684' title='bbox 2308 4444 2396 4496; x_wconf 76' lang='grc' dir='ltr'><strong>διὰ</strong></span> <span class='ocrx_word' id='word_1_685' title='bbox 2421 4444 2476 4494; x_wconf 80' lang='grc' dir='ltr'>δὲ</span> <span class='ocrx_word' id='word_1_686' title='bbox 2502 4444 2597 4510; x_wconf 83' lang='grc' dir='ltr'>τῆς</span> <span class='ocrx_word' id='word_1_687' title='bbox 2626 4438 2899 4508; x_wconf 82' lang='grc' dir='ltr'>γνώσεως,</span> <span class='ocrx_word' id='word_1_688' title='bbox 2941 4440 3020 4500; x_wconf 84' lang='grc' dir='ltr'><strong>είς</strong></span> <span class='ocrx_word' id='word_1_689' title='bbox 3046 4439 3142 4508; x_wconf 83' lang='grc' dir='ltr'>τὴν</span> <span class='ocrx_word' id='word_1_690' title='bbox 3169 4438 3401 4507; x_wconf 73' lang='grc' dir='ltr'>ἄλγιστον</span> <span class='ocrx_word' id='word_1_691' title='bbox 3430 4438 3629 4504; x_wconf 84' lang='grc' dir='ltr'>γνῶσιν</span> <span class='ocrx_word' id='word_1_692' title='bbox 3649 4455 3662 4468; x_wconf 88' lang='grc'><strong>·</strong></span> <span class='ocrx_word' id='word_1_693' title='bbox 3687 4436 3762 4488; x_wconf 74' lang='grc' dir='ltr'>διὰ</span> <span class='ocrx_word' id='word_1_694' title='bbox 3784 4434 3826 4485; x_wconf 76' lang='grc' dir='ltr'>δὲ</span> 
     </span>
    </p>
   </div>
   <div class='ocr_carea' id='block_1_90' title="bbox 2309 4525 3828 4602">
    <p class='ocr_par' dir='ltr' id='par_1_90' title="bbox 2309 4525 3828 4602">
     <span class='ocr_line' id='line_1_90' title="bbox 2309 4525 3828 4602; baseline -0.006 -18"><span class='ocrx_word' id='word_1_695' title='bbox 2309 4533 2405 4602; x_wconf 84' lang='grc' dir='ltr'><strong>τῆς</strong></span> <span class='ocrx_word' id='word_1_696' title='bbox 2433 4532 2665 4600; x_wconf 80' lang='grc' dir='ltr'>ἀλήστου</span> <span class='ocrx_word' id='word_1_697' title='bbox 2696 4528 2968 4596; x_wconf 86' lang='grc' dir='ltr'>γνώσεως,</span> <span class='ocrx_word' id='word_1_698' title='bbox 3004 4530 3085 4590; x_wconf 84' lang='grc' dir='ltr'><strong>είς</strong></span> <span class='ocrx_word' id='word_1_699' title='bbox 3125 4530 3222 4597; x_wconf 83' lang='grc' dir='ltr'><strong>τὴν</strong></span> <span class='ocrx_word' id='word_1_700' title='bbox 3253 4528 3507 4599; x_wconf 76' lang='grc' dir='ltr'>ἀλήθειαν</span> <span class='ocrx_word' id='word_1_701' title='bbox 3527 4545 3538 4556; x_wconf 89' lang='grc'><strong>·</strong></span> <span class='ocrx_word' id='word_1_702' title='bbox 3576 4528 3695 4595; x_wconf 80' lang='grc' dir='ltr'>περὶ</span> <span class='ocrx_word' id='word_1_703' title='bbox 3733 4525 3828 4595; x_wconf 70' lang='grc' dir='ltr'>ῆνό</span> 
     </span>
    </p>
   </div>
   <div class='ocr_carea' id='block_1_91' title="bbox 653 4607 2201 4699">
    <p class='ocr_par' dir='ltr' id='par_1_91' title="bbox 653 4617 2201 4688">
     <span class='ocr_line' id='line_1_91' title="bbox 653 4617 2201 4688; baseline 0.005 -20"><span class='ocrx_word' id='word_1_704' title='bbox 653 4617 975 4683; x_wconf 80' lang='lat' dir='ltr'><strong>cemodique</strong></span> <span class='ocrx_word' id='word_1_705' title='bbox 1009 4617 1249 4670; x_wconf 70' lang='lat' dir='ltr'><strong>scientia:</strong></span> <span class='ocrx_word' id='word_1_706' title='bbox 1269 4634 1393 4688; x_wconf 91' lang='lat' dir='ltr'><strong>ope,</strong></span> <span class='ocrx_word' id='word_1_707' title='bbox 1419 4619 1484 4673; x_wconf 91' lang='lat' dir='ltr'><strong>ad</strong></span> <span class='ocrx_word' id='word_1_708' title='bbox 1503 4621 1808 4683; x_wconf 82' lang='lat' dir='ltr'><strong>veritatem,</strong></span> <span class='ocrx_word' id='word_1_709' title='bbox 1844 4622 1895 4674; x_wconf 92' lang='lat' dir='ltr'><strong>in</strong></span> <span class='ocrx_word' id='word_1_710' title='bbox 1921 4638 2026 4688; x_wconf 90' lang='lat' dir='ltr'><strong>qua</strong></span> <span class='ocrx_word' id='word_1_711' title='bbox 2055 4638 2201 4676; x_wconf 85' lang='lat' dir='ltr'><strong>mens</strong></span> 
     </span>
    </p>
   </div>
   <div class='ocr_carea' id='block_1_92' title="bbox 2300 4607 3828 4699">
    <p class='ocr_par' dir='ltr' id='par_1_92' title="bbox 2310 4607 3828 4691">
     <span class='ocr_line' id='line_1_92' title="bbox 2310 4607 3828 4691; baseline -0.002 -16"><span class='ocrx_word' id='word_1_712' title='bbox 2310 4623 2433 4682; x_wconf 81' lang='grc' dir='ltr'>νοῦς</span> <span class='ocrx_word' id='word_1_713' title='bbox 2489 4607 2610 4691; x_wconf 68' lang='grc' dir='ltr'>ὅρον</span> <span class='ocrx_word' id='word_1_714' title='bbox 2667 4621 2767 4688; x_wconf 80' lang='grc' dir='ltr'>τῆς</span> <span class='ocrx_word' id='word_1_715' title='bbox 2813 4622 3074 4689; x_wconf 71' lang='grc' dir='ltr'>κινήσεως</span> <span class='ocrx_word' id='word_1_716' title='bbox 3116 4618 3355 4688; x_wconf 79' lang='grc' dir='ltr'>δέχεται,</span> <span class='ocrx_word' id='word_1_717' title='bbox 3385 4617 3828 4690; x_wconf 72' lang='grc' dir='ltr'>περιγραφομένης</span> 
     </span>
    </p>
   </div>
   <div class='ocr_carea' id='block_1_93' title="bbox 654 4705 2208 4771">
    <p class='ocr_par' dir='ltr' id='par_1_93' title="bbox 654 4705 2208 4771">
     <span class='ocr_line' id='line_1_93' title="bbox 654 4705 2208 4771; baseline 0.004 -12"><span class='ocrx_word' id='word_1_718' title='bbox 654 4717 835 4760; x_wconf 86' lang='lat' dir='ltr'><strong>motus</strong></span> <span class='ocrx_word' id='word_1_719' title='bbox 886 4705 1176 4757; x_wconf 85' lang='lat' dir='ltr'><strong>terminum</strong></span> <span class='ocrx_word' id='word_1_720' title='bbox 1225 4706 1409 4771; x_wconf 89' lang='lat' dir='ltr'><strong>habet,</strong></span> <span class='ocrx_word' id='word_1_721' title='bbox 1465 4708 1611 4761; x_wconf 89' lang='lat' dir='ltr'><strong>illius</strong></span> <span class='ocrx_word' id='word_1_722' title='bbox 1654 4725 1775 4761; x_wconf 86' lang='lat' dir='ltr'><strong>cum</strong></span> <span class='ocrx_word' id='word_1_723' title='bbox 1810 4712 2047 4764; x_wconf 82' lang='lat' dir='ltr'><strong>essentia</strong></span> <span class='ocrx_word' id='word_1_724' title='bbox 2095 4721 2208 4765; x_wconf 90' lang='lat' dir='ltr'><strong>tum</strong></span> 
     </span>
    </p>
   </div>
   <div class='ocr_carea' id='block_1_94' title="bbox 654 4794 2217 4864">
    <p class='ocr_par' dir='ltr' id='par_1_94' title="bbox 654 4794 2217 4864">
     <span class='ocr_line' id='line_1_94' title="bbox 654 4794 2217 4864; baseline 0.004 -18"><span class='ocrx_word' id='word_1_725' title='bbox 654 4796 922 4864; x_wconf 78' lang='lat' dir='ltr'><strong>potentia,</strong></span> <span class='ocrx_word' id='word_1_726' title='bbox 972 4794 1272 4863; x_wconf 86' lang='lat' dir='ltr'><strong>habituque</strong></span> <span class='ocrx_word' id='word_1_727' title='bbox 1321 4810 1386 4850; x_wconf 89' lang='lat' dir='ltr'><strong>ac</strong></span> <span class='ocrx_word' id='word_1_728' title='bbox 1447 4797 1764 4863; x_wconf 87' lang='lat' dir='ltr'><strong>operatione</strong></span> <span class='ocrx_word' id='word_1_729' title='bbox 1809 4815 1902 4853; x_wconf 90' lang='lat' dir='ltr'><strong>seu</strong></span> <span class='ocrx_word' id='word_1_730' title='bbox 1938 4807 2063 4852; x_wconf 87' lang='lat' dir='ltr'><strong>actu</strong></span> <span class='ocrx_word' id='word_1_731' title='bbox 2107 4800 2217 4853; x_wconf 82' lang='lat' dir='ltr'><strong>cir-</strong></span> 
     </span>
    </p>
   </div>
   <div class='ocr_carea' id='block_1_95' title="bbox 655 4883 1017 4950">
    <p class='ocr_par' dir='ltr' id='par_1_95' title="bbox 655 4883 1017 4950">
     <span class='ocr_line' id='line_1_95' title="bbox 655 4883 1017 4950; baseline -0.003 -15"><span class='ocrx_word' id='word_1_732' title='bbox 655 4883 1017 4950; x_wconf 86' lang='lat' dir='ltr'><strong>cumseriptis.</strong></span> 
     </span>
    </p>
   </div>
   <div class='ocr_carea' id='block_1_96' title="bbox 726 4971 2216 5042">
    <p class='ocr_par' dir='ltr' id='par_1_96' title="bbox 726 4971 2216 5042">
     <span class='ocr_line' id='line_1_96' title="bbox 726 4971 2216 5042; baseline 0.002 -19"><span class='ocrx_word' id='word_1_733' title='bbox 726 4971 893 5023; x_wconf 84' lang='lat' dir='ltr'><strong>Motus</strong></span> <span class='ocrx_word' id='word_1_734' title='bbox 958 4973 1096 5024; x_wconf 83' lang='lat' dir='ltr'><strong>circa</strong></span> <span class='ocrx_word' id='word_1_735' title='bbox 1157 4971 1322 5025; x_wconf 86' lang='lat' dir='ltr'><strong>Deum</strong></span> <span class='ocrx_word' id='word_1_736' title='bbox 1360 4973 1623 5042; x_wconf 81' lang='lat' dir='ltr'><strong>perennis,</strong></span> <span class='ocrx_word' id='word_1_737' title='bbox 1684 4980 1733 5024; x_wconf 82' lang='lat' dir='ltr'><strong>et</strong></span> <span class='ocrx_word' id='word_1_738' title='bbox 1794 4975 2216 5026; x_wconf 75' lang='lat' dir='ltr'><strong>terminatus.—</strong></span> 
     </span>
    </p>
   </div>
   <div class='ocr_carea' id='block_1_97' title="bbox 732 5059 2203 5129">
    <p class='ocr_par' dir='ltr' id='par_1_97' title="bbox 732 5059 2203 5129">
     <span class='ocr_line' id='line_1_97' title="bbox 732 5059 2203 5129; baseline 0.002 -19"><span class='ocrx_word' id='word_1_739' title='bbox 732 5059 952 5111; x_wconf 88' lang='lat' dir='ltr'><strong>Diccbat</strong></span> <span class='ocrx_word' id='word_1_740' title='bbox 975 5059 1120 5111; x_wconf 91' lang='lat' dir='ltr'><strong>enim</strong></span> <span class='ocrx_word' id='word_1_741' title='bbox 1145 5061 1463 5129; x_wconf 88' lang='lat' dir='ltr'><strong>sapientiam</strong></span> <span class='ocrx_word' id='word_1_742' title='bbox 1495 5076 1616 5114; x_wconf 87' lang='lat' dir='ltr'><strong>esse</strong></span> <span class='ocrx_word' id='word_1_743' title='bbox 1640 5061 1836 5115; x_wconf 66' lang='lat' dir='ltr'><strong>mentis</strong></span> <span class='ocrx_word' id='word_1_744' title='bbox 1870 5061 2203 5123; x_wconf 79' lang='lat' dir='ltr'><strong>facultatem,</strong></span> 
     </span>
    </p>
   </div>
   <div class='ocr_carea' id='block_1_98' title="bbox 660 5144 2204 5218">
    <p class='ocr_par' dir='ltr' id='par_1_98' title="bbox 660 5144 2204 5218">
     <span class='ocr_line' id='line_1_98' title="bbox 660 5144 2204 5218; baseline 0.002 -19"><span class='ocrx_word' id='word_1_745' title='bbox 660 5161 755 5200; x_wconf 86' lang='lat' dir='ltr'><strong>seu</strong></span> <span class='ocrx_word' id='word_1_746' title='bbox 800 5147 1120 5214; x_wconf 89' lang='lat' dir='ltr'><strong>potentiam,</strong></span> <span class='ocrx_word' id='word_1_747' title='bbox 1157 5147 1454 5217; x_wconf 85' lang='lat' dir='ltr'><strong>ipsamque</strong></span> <span class='ocrx_word' id='word_1_748' title='bbox 1497 5151 1634 5203; x_wconf 88' lang='lat' dir='ltr'><strong>adeo</strong></span> <span class='ocrx_word' id='word_1_749' title='bbox 1675 5159 1913 5204; x_wconf 87' lang='lat' dir='ltr'><strong>mentem</strong></span> <span class='ocrx_word' id='word_1_750' title='bbox 1953 5144 2204 5218; x_wconf 87' lang='lat' dir='ltr'><strong>potentia</strong></span> 
     </span>
    </p>
   </div>
   <div class='ocr_carea' id='block_1_99' title="bbox 661 5238 1842 5309">
    <p class='ocr_par' dir='ltr' id='par_1_99' title="bbox 661 5238 1842 5309">
     <span class='ocr_line' id='line_1_99' title="bbox 661 5238 1842 5309; baseline 0.005 -20"><span class='ocrx_word' id='word_1_751' title='bbox 661 5238 978 5303; x_wconf 75' lang='lat' dir='ltr'><strong>sapientiam</strong></span> <span class='ocrx_word' id='word_1_752' title='bbox 1065 5253 1223 5302; x_wconf 88' lang='lat' dir='ltr'><strong>esse;</strong></span> <span class='ocrx_word' id='word_1_753' title='bbox 1304 5241 1842 5309; x_wconf 86' lang='lat' dir='ltr'><strong>contemplationem,</strong></span> 
     </span>
    </p>
   </div>
   <div class='ocr_carea' id='block_1_100' title="bbox 735 5480 1668 5547">
    <p class='ocr_par' dir='ltr' id='par_1_100' title="bbox 735 5480 1668 5547">
     <span class='ocr_line' id='line_1_100' title="bbox 735 5480 1668 5547; baseline 0.004 -15"><span class='ocrx_word' id='word_1_754' title='bbox 735 5480 758 5519; x_wconf 76' lang='grc' dir='ltr'><strong>ιι</strong></span> <span class='ocrx_word' id='word_1_755' title='bbox 783 5480 920 5532; x_wconf 83' lang='lat' dir='ltr'><strong>Psal.</strong></span> <span class='ocrx_word' id='word_1_756' title='bbox 945 5495 1116 5545; x_wconf 81' lang='lat' dir='ltr'><strong>cxun,</strong></span> <span class='ocrx_word' id='word_1_757' title='bbox 1142 5483 1194 5536; x_wconf 89' lang='lat'><strong>9.</strong></span> <span class='ocrx_word' id='word_1_758' title='bbox 1279 5483 1474 5539; x_wconf 79' lang='lat' dir='ltr'><strong>l.loan.</strong></span> <span class='ocrx_word' id='word_1_759' title='bbox 1501 5500 1590 5547; x_wconf 66' lang='lat' dir='ltr'><strong>xv,</strong></span> <span class='ocrx_word' id='word_1_760' title='bbox 1616 5484 1668 5538; x_wconf 70' lang='grc'><strong>4.</strong></span> 
     </span>
    </p>
   </div>
   <div class='ocr_carea' id='block_1_101' title="bbox 1915 5240 2208 5303">
    <p class='ocr_par' dir='ltr' id='par_1_101' title="bbox 1915 5240 2208 5303">
     <span class='ocr_line' id='line_1_101' title="bbox 1915 5240 2208 5303; baseline -0.007 -9"><span class='ocrx_word' id='word_1_761' title='bbox 1915 5240 2163 5294; x_wconf 88' lang='lat' dir='ltr'><strong>habitum</strong></span> <span class='ocrx_word' id='word_1_762' title='bbox 2192 5257 2208 5303; x_wconf 93' lang='lat'><strong>;</strong></span> 
     </span>
    </p>
   </div>
   <div class='ocr_carea' id='block_1_102' title="bbox 663 5322 2214 5401">
    <p class='ocr_par' dir='ltr' id='par_1_102' title="bbox 663 5322 2214 5401">
     <span class='ocr_line' id='line_1_102' title="bbox 663 5322 2214 5401; baseline 0.003 -23"><span class='ocrx_word' id='word_1_763' title='bbox 663 5325 966 5390; x_wconf 81' lang='lat' dir='ltr'><strong>scientiam,</strong></span> <span class='ocrx_word' id='word_1_764' title='bbox 1001 5322 1409 5396; x_wconf 80' lang='lat' dir='ltr'><strong>Operationem;</strong></span> <span class='ocrx_word' id='word_1_765' title='bbox 1447 5330 1730 5384; x_wconf 88' lang='lat' dir='ltr'><strong>scientiam</strong></span> <span class='ocrx_word' id='word_1_766' title='bbox 1768 5332 1912 5385; x_wconf 91' lang='lat' dir='ltr'><strong>illam</strong></span> <span class='ocrx_word' id='word_1_767' title='bbox 1931 5332 2117 5401; x_wconf 80' lang='lat' dir='ltr'><strong>jugem</strong></span> <span class='ocrx_word' id='word_1_768' title='bbox 2150 5344 2214 5382; x_wconf 85' lang='lat' dir='ltr'><strong>ac</strong></span> 
     </span>
    </p>
   </div>
   <div class='ocr_carea' id='block_1_103' title="bbox 1743 5485 2215 5548">
    <p class='ocr_par' dir='ltr' id='par_1_103' title="bbox 1743 5485 2215 5548">
     <span class='ocr_line' id='line_1_103' title="bbox 1743 5485 2215 5548; baseline -0.004 -10"><span class='ocrx_word' id='word_1_769' title='bbox 1743 5493 1781 5520; x_wconf 73' lang='grc' dir='ltr'>ω</span> <span class='ocrx_word' id='word_1_770' title='bbox 1805 5485 1947 5538; x_wconf 83' lang='lat' dir='ltr'><strong>Psal.</strong></span> <span class='ocrx_word' id='word_1_771' title='bbox 1971 5501 2134 5548; x_wconf 73' lang='grc' dir='ltr'>χχχιι,</span> <span class='ocrx_word' id='word_1_772' title='bbox 2159 5485 2215 5542; x_wconf 75' lang='grc'><strong>4.</strong></span> 
     </span>
    </p>
   </div>
   <div class='ocr_carea' id='block_1_104' title="bbox 2310 4704 3828 4781">
    <p class='ocr_par' dir='ltr' id='par_1_104' title="bbox 2310 4704 3828 4781">
     <span class='ocr_line' id='line_1_104' title="bbox 2310 4704 3828 4781; baseline -0.002 -17"><span class='ocrx_word' id='word_1_773' title='bbox 2310 4712 2458 4781; x_wconf 82' lang='grc' dir='ltr'>αὐτῷ</span> <span class='ocrx_word' id='word_1_774' title='bbox 2500 4713 2597 4780; x_wconf 75' lang='grc' dir='ltr'>τῆς</span> <span class='ocrx_word' id='word_1_775' title='bbox 2641 4727 2700 4762; x_wconf 88' lang='grc' dir='ltr'><strong>τε</strong></span> <span class='ocrx_word' id='word_1_776' title='bbox 2744 4712 2929 4771; x_wconf 80' lang='grc' dir='ltr'>οὐσίας</span> <span class='ocrx_word' id='word_1_777' title='bbox 2980 4710 3074 4763; x_wconf 69' lang='grc' dir='ltr'>καὶ</span> <span class='ocrx_word' id='word_1_778' title='bbox 3118 4709 3219 4778; x_wconf 81' lang='grc' dir='ltr'>τῆς</span> <span class='ocrx_word' id='word_1_779' title='bbox 3268 4711 3572 4779; x_wconf 80' lang='grc' dir='ltr'>δυνάμεως,</span> <span class='ocrx_word' id='word_1_780' title='bbox 3621 4711 3706 4761; x_wconf 81' lang='grc' dir='ltr'>καὶ</span> <span class='ocrx_word' id='word_1_781' title='bbox 3749 4704 3828 4770; x_wconf 74' lang='grc' dir='ltr'><strong>τῆς</strong></span> 
     </span>
    </p>
   </div>
   <div class='ocr_carea' id='block_1_105' title="bbox 2311 4799 3067 4870">
    <p class='ocr_par' dir='ltr' id='par_1_105' title="bbox 2311 4799 3067 4870">
     <span class='ocr_line' id='line_1_105' title="bbox 2311 4799 3067 4870; baseline 0 -16"><span class='ocrx_word' id='word_1_782' title='bbox 2311 4803 2478 4866; x_wconf 77' lang='grc' dir='ltr'>ἕξεως</span> <span class='ocrx_word' id='word_1_783' title='bbox 2511 4803 2606 4854; x_wconf 74' lang='grc' dir='ltr'><strong>καὶ</strong></span> <span class='ocrx_word' id='word_1_784' title='bbox 2633 4803 2732 4869; x_wconf 80' lang='grc' dir='ltr'>τῆς</span> <span class='ocrx_word' id='word_1_785' title='bbox 2769 4799 3067 4870; x_wconf 45' lang='grc' dir='ltr'>ψεργείας.</span> 
     </span>
    </p>
   </div>
   <div class='ocr_carea' id='block_1_106' title="bbox 2381 4964 3829 5042">
    <p class='ocr_par' dir='ltr' id='par_1_106' title="bbox 2381 4964 3829 5042">
     <span class='ocr_line' id='line_1_106' title="bbox 2381 4964 3829 5042; baseline -0.007 -16"><span class='ocrx_word' id='word_1_786' title='bbox 2381 4974 2492 5028; x_wconf 89' lang='grc' dir='ltr'>Νοῦ</span> <span class='ocrx_word' id='word_1_787' title='bbox 2540 4974 2650 5042; x_wconf 77' lang='grc' dir='ltr'><strong>γὰρ</strong></span> <span class='ocrx_word' id='word_1_788' title='bbox 2696 4972 2846 5038; x_wconf 76' lang='grc' dir='ltr'>ἔλεγε</span> <span class='ocrx_word' id='word_1_789' title='bbox 2893 4971 3118 5041; x_wconf 82' lang='grc' dir='ltr'>δύναμιν</span> <span class='ocrx_word' id='word_1_790' title='bbox 3169 4968 3306 5024; x_wconf 73' lang='grc' dir='ltr'>εἶναι</span> <span class='ocrx_word' id='word_1_791' title='bbox 3354 4971 3453 5040; x_wconf 79' lang='grc' dir='ltr'><strong>τὴν</strong></span> <span class='ocrx_word' id='word_1_792' title='bbox 3499 4971 3708 5037; x_wconf 76' lang='grc' dir='ltr'>σοφίαν,</span> <span class='ocrx_word' id='word_1_793' title='bbox 3754 4964 3829 5017; x_wconf 81' lang='grc' dir='ltr'>καὶ</span> 
     </span>
    </p>
   </div>
   <div class='ocr_carea' id='block_1_107' title="bbox 2315 5050 3828 5127">
    <p class='ocr_par' dir='ltr' id='par_1_107' title="bbox 2315 5050 3828 5127">
     <span class='ocr_line' id='line_1_107' title="bbox 2315 5050 3828 5127; baseline -0.009 -13"><span class='ocrx_word' id='word_1_794' title='bbox 2315 5063 2473 5114; x_wconf 81' lang='grc' dir='ltr'>αὐτὸν</span> <span class='ocrx_word' id='word_1_795' title='bbox 2523 5057 2662 5112; x_wconf 75' lang='grc' dir='ltr'>εἶναι</span> <span class='ocrx_word' id='word_1_796' title='bbox 2707 5058 2798 5112; x_wconf 81' lang='grc' dir='ltr'><strong>τὸν</strong></span> <span class='ocrx_word' id='word_1_797' title='bbox 2847 5058 2968 5112; x_wconf 84' lang='grc' dir='ltr'>νοῦν</span> <span class='ocrx_word' id='word_1_798' title='bbox 3011 5057 3238 5127; x_wconf 77' lang='grc' dir='ltr'>δυνάμει</span> <span class='ocrx_word' id='word_1_799' title='bbox 3267 5056 3460 5121; x_wconf 83' lang='grc' dir='ltr'>σοφίαν</span> <span class='ocrx_word' id='word_1_800' title='bbox 3479 5071 3491 5083; x_wconf 94' lang='grc'><strong>·</strong></span> <span class='ocrx_word' id='word_1_801' title='bbox 3519 5054 3613 5123; x_wconf 80' lang='grc' dir='ltr'>τὴν</span> <span class='ocrx_word' id='word_1_802' title='bbox 3643 5053 3694 5104; x_wconf 77' lang='grc' dir='ltr'>δὲ</span> <span class='ocrx_word' id='word_1_803' title='bbox 3712 5050 3828 5102; x_wconf 81' lang='grc' dir='ltr'>θεω-</span> 
     </span>
    </p>
   </div>
   <div class='ocr_carea' id='block_1_108' title="bbox 2319 5133 3828 5220">
    <p class='ocr_par' dir='ltr' id='par_1_108' title="bbox 2319 5133 3828 5220">
     <span class='ocr_line' id='line_1_108' title="bbox 2319 5133 3828 5220; baseline -0.007 -19"><span class='ocrx_word' id='word_1_804' title='bbox 2319 5152 2460 5220; x_wconf 85' lang='grc' dir='ltr'>ρίαν,</span> <span class='ocrx_word' id='word_1_805' title='bbox 2493 5148 2638 5212; x_wconf 79' lang='grc' dir='ltr'>ἓξιν·</span> <span class='ocrx_word' id='word_1_806' title='bbox 2684 5148 2782 5216; x_wconf 81' lang='grc' dir='ltr'>τὴν</span> <span class='ocrx_word' id='word_1_807' title='bbox 2824 5147 2881 5199; x_wconf 81' lang='grc' dir='ltr'>δὲ</span> <span class='ocrx_word' id='word_1_808' title='bbox 2923 5133 3492 5220; x_wconf 73' lang='grc' dir='ltr'>γνῶσιν,’ὲνέργειαν·</span> <span class='ocrx_word' id='word_1_809' title='bbox 3525 5143 3620 5212; x_wconf 78' lang='grc' dir='ltr'>τὴν</span> <span class='ocrx_word' id='word_1_810' title='bbox 3645 5140 3697 5194; x_wconf 75' lang='grc' dir='ltr'>δὲ</span> <span class='ocrx_word' id='word_1_811' title='bbox 3723 5138 3828 5202; x_wconf 75' lang='grc' dir='ltr'><strong>ἁλη-</strong></span> 
     </span>
    </p>
   </div>
   <div class='ocr_carea' id='block_1_109' title="bbox 2321 5218 3826 5314">
    <p class='ocr_par' dir='ltr' id='par_1_109' title="bbox 2321 5218 3826 5314">
     <span class='ocr_line' id='line_1_109' title="bbox 2321 5218 3826 5314; baseline -0.009 -24"><span class='ocrx_word' id='word_1_812' title='bbox 2321 5218 2443 5291; x_wconf 84' lang='grc' dir='ltr'>στον</span> <span class='ocrx_word' id='word_1_813' title='bbox 2470 5237 2687 5304; x_wconf 78' lang='grc' dir='ltr'>γνῶσιν,</span> <span class='ocrx_word' id='word_1_814' title='bbox 2733 5237 2922 5305; x_wconf 79' lang='grc' dir='ltr'>σοφίας</span> <span class='ocrx_word' id='word_1_815' title='bbox 2947 5252 3007 5287; x_wconf 89' lang='grc' dir='ltr'><strong>τε</strong></span> <span class='ocrx_word' id='word_1_816' title='bbox 3050 5218 3144 5286; x_wconf 76' lang='grc' dir='ltr'>καὶ</span> <span class='ocrx_word' id='word_1_817' title='bbox 3172 5231 3405 5301; x_wconf 78' lang='grc' dir='ltr'>θεωρίας</span> <span class='ocrx_word' id='word_1_818' title='bbox 3441 5233 3534 5314; x_wconf 76' lang='grc' dir='ltr'>καὶ</span> <span class='ocrx_word' id='word_1_819' title='bbox 3576 5228 3826 5314; x_wconf 48' lang='grc' dir='ltr'>γνὼσεωςξ</span> 
     </span>
    </p>
   </div>
   <div class='ocr_carea' id='block_1_110' title="bbox 2320 5312 3828 5398">
    <p class='ocr_par' dir='ltr' id='par_1_110' title="bbox 2320 5312 3828 5398">
     <span class='ocr_line' id='line_1_110' title="bbox 2320 5312 3828 5398; baseline -0.01 -18"><span class='ocrx_word' id='word_1_820' title='bbox 2320 5328 2486 5398; x_wconf 72' lang='grc' dir='ltr'>ἠγουν</span> <span class='ocrx_word' id='word_1_821' title='bbox 2521 5327 2794 5397; x_wconf 83' lang='grc' dir='ltr'>δυνάμεως</span> <span class='ocrx_word' id='word_1_822' title='bbox 2821 5327 2912 5379; x_wconf 71' lang='grc' dir='ltr'><strong>καὶ</strong></span> <span class='ocrx_word' id='word_1_823' title='bbox 2940 5323 3226 5388; x_wconf 74' lang='grc' dir='ltr'>ἒξεως’καὶ</span> <span class='ocrx_word' id='word_1_824' title='bbox 3255 5312 3534 5393; x_wconf 79' lang='grc' dir='ltr'>ἐνεργείας</span> <span class='ocrx_word' id='word_1_825' title='bbox 3553 5338 3564 5350; x_wconf 67' lang='grc' dir='ltr'><strong>ο</strong></span> <span class='ocrx_word' id='word_1_826' title='bbox 3596 5320 3687 5388; x_wconf 77' lang='grc' dir='ltr'>τὴν</span> <span class='ocrx_word' id='word_1_827' title='bbox 3728 5312 3828 5380; x_wconf 76' lang='grc' dir='ltr'>περὶ</span> 
     </span>
    </p>
   </div>
   <div class='ocr_carea' id='block_1_111' title="bbox 1931 5580 2620 5679">
    <p class='ocr_par' dir='ltr' id='par_1_111' title="bbox 1931 5580 2620 5679">
     <span class='ocr_line' id='line_1_111' title="bbox 1931 5580 2620 5679; baseline -0.012 -7"><span class='ocrx_word' id='word_1_828' title='bbox 1931 5617 2164 5672; x_wconf 61' lang='lat' dir='ltr'><strong>vanum</strong></span> <span class='ocrx_word' id='word_1_829' title='bbox 2195 5580 2620 5679; x_wconf 56' lang='lat' dir='ltr'><strong>tumeat-:5.</strong></span> 
     </span>
    </p>
   </div>
   <div class='ocr_carea' id='block_1_112' title="bbox 733 5707 1864 5781">
    <p class='ocr_par' dir='ltr' id='par_1_112' title="bbox 733 5707 1864 5781">
     <span class='ocr_line' id='line_1_112' title="bbox 733 5707 1864 5781; baseline 0.004 -22"><span class='ocrx_word' id='word_1_830' title='bbox 733 5709 774 5737; x_wconf 74' lang='lat'><strong>&quot;-</strong></span> <span class='ocrx_word' id='word_1_831' title='bbox 799 5707 886 5760; x_wconf 72' lang='lat' dir='ltr'><strong>Fr.</strong></span> <span class='ocrx_word' id='word_1_832' title='bbox 916 5709 1138 5772; x_wconf 79' lang='grc' dir='ltr'>τούτοις.</span> <span class='ocrx_word' id='word_1_833' title='bbox 1217 5712 1260 5742; x_wconf 77' lang='grc'><strong>³⁸</strong></span> <span class='ocrx_word' id='word_1_834' title='bbox 1286 5710 1376 5764; x_wconf 71' lang='lat' dir='ltr'><strong>lite</strong></span> <span class='ocrx_word' id='word_1_835' title='bbox 1405 5711 1650 5781; x_wconf 81' lang='lat' dir='ltr'><strong>Gregorii</strong></span> <span class='ocrx_word' id='word_1_836' title='bbox 1690 5728 1864 5767; x_wconf 83' lang='lat' dir='ltr'><strong>voces.</strong></span> 
     </span>
    </p>
   </div>
  </div>
