3958 6338
189 407 298 474 ΓΠ

1567 411 2065 483 msmeoeu.

3317 406 3423 471 673
3463 375 3477 387 ’

183 508 243 557 =7)
266 505 521 573 γνωσιδν
557 505 618 559 τὸ
648 506 789 576 ὑπὲρ
815 505 994 558 πᾶσαν
1024 504 1120 574 τὴν
1148 502 1348 570 γνῶσιν
1378 500 1753 569 -ἆκατέληκεον

1859 514 2017 567 quam
2056 498 2203 550 nulla
2230 498 2461 551 infuscat
2493 498 2722 564 oblivio,
2749 500 3050 569 sapientite.
3083 500 3421 568 contempla-

182 593 281 647 καὶ
334 595 569 665 ἐκτικίςν
596 595 937 663 ἁεικινησίαν
959 612 972 623 ·
1001 589 1069 664 ἧς
1103 593 1271 661 πέρας
1307 590 1474 651 ἐστὶν,
1506 588 1580 650 ὡς
1624 588 1758 641 ἁλά-

183 679 359 749 θητον
388 681 653 749 γνωστδν,
694 682 727 753 ἡ
765 682 991 752 ἀλήθεια
1013 698 1027 712 ο
1056 682 1085 733 ὅ
1115 680 1211 732 καὶ
1246 678 1546 746 θαυμάζειν
1574 677 1722 742 ἄξιον
1741 690 1757 706 ·

182 770 300 832 πῶς
330 772 399 823 τὸ
430 770 663 837 ἄληπτον
690 772 846 844 λήγει
886 773 1357 843 περιγραφόμενον
1377 810 1392 832 ,
1447 770 1495 837 ﬂ‘
1520 769 1760 838 δηλονότι

182 858 256 917 ('0:
282 858 414 927 Θεῷ
440 861 506 928 τῇ
536 859 766 931 ἀληθείᾳ
795 860 1230 933 περατούμενονς
1263 858 1395 919 Θεὸς
1425 858 1532 928 γὰρ
1564 858 1600 927 ἡ
1632 857 1765 926 ἀλή-

185 947 333 1010 θεια,
372 950 505 1016 περὶ
535 947 594 998 ὃν
627 948 1027 1020 ἀκαταλήκτως
1068 966 1129 1001 τε
1169 949 1260 1000 καὶ
1290 949 1539 1017 ἀλήστως
1583 946 1766 1000 κινού-

187 1053 358 1103 μενος
400 1035 431 1085 δ
465 1035 611 1100 νοῦς,
642 1036 829 1104 λήγειν
867 1036 967 1090 οὐκ
1015 1035 1124 1107 ἔχει
1173 1036 1301 1090 ποτὲ
1333 1036 1433 1105 τῆς
1477 1037 1765 1105 κινήσεως.

186 1124 261 1194 μὴ
292 1125 572 1194 εὑρίσκων
605 1126 774 1192 πέρας
804 1126 932 1179 ἔνθα
971 1128 1045 1197 μὴ
1085 1127 1201 1181 ἔστι
1234 1125 1528 1196 διάστημα.
1561 1127 1636 1177 Τὸ
1661 1127 1770 1195 γὰρ

194 1214 520 1282 θαυμαστὸν
567 1214 797 1282 μέγεθος
841 1215 940 1281 τῆς
970 1214 1122 1277 θείας
1153 1216 1429 1289 ἀπειρίας.
1478 1215 1678 1271 art-036v
1717 1216 1770 1268 τί

187 1302 299 1353 ἐστι
331 1303 431 1353 καὶ
460 1302 665 1371 ἀμερὲς
700 1304 792 1354 καὶ
837 1302 1112 1363 παντελῶς
1152 1304 1507 1357 ἁδιάστατοψ
1539 1305 1636 1356 καὶ
1666 1302 1765 1371 τὴν

187 1389 407 1442 οἱανοῦν
454 1392 590 1458 πρὸς
617 1391 678 1442 τὸ
703 1390 1036 1458 γνωσθῆναι,
1071 1391 1100 1442 ὃ
1126 1390 1178 1443 τί
1204 1391 1333 1442 ποτέ
1362 1393 1478 1443 ἐστι
1521 1393 1640 1444 κατ’
1673 1392 1763 1444 οὖ-

191 1478 341 1540 σίαν,
372 1478 687 1548 φθάνουσαν
712 1481 872 1533 αὐτὸν
912 1481 1014 1533 οὑκ
1061 1480 1183 1550 ἔχον
1228 1480 1558 1549 κατάληψιν.
1594 1481 1681 1532 ’Τὸ
1706 1481 1764 1532 δὲ

194 1569 267 1637 μὴ
295 1569 431 1638 ἕχον
453 1570 727 1639 διάστημα
747 1571 781 1640 ἢ
813 1568 1117 1640 κατάληψιν
1147 1569 1270 1623 καθ’
1297 1568 1497 1633 ὁτιοῦν,
1527 1568 1625 1621 οὐκ
1647 1566 1762 1621 ἐστι

188 1663 291 1710 τινὶ
325 1661 585 1729 περατόν.

1858 589 2046 649 tionis,
2068 588 2343 650 scientiam
2372 589 2488 642 sive
2517 590 2799 657 potentim,
2828 588 3048 642 habitus
3080 596 3345 657 actusque
3366 597 3423 642 ιιι

1857 678 2191 745 operationis
2216 678 2360 731 circa
2392 693 2506 731 rem
2528 679 2857 733 noseendant
2879 679 3029 731 omni
3057 678 3214 747 longe
3248 678 3425 732 scien-

1861 768 1935 820 tia
1979 767 2341 841 superiorem,
2375 783 2496 838 qua:
2533 783 2813 837 nunquam
2837 768 3071 829 desinat,
3118 782 3183 820 ac
3226 766 3411 819 habitu

1861 857 1955 918 sit,
1987 858 2134 926 jugis
2170 865 2351 911 motus
2387 859 2761 927 agitationem,
2813 858 2974 926 cujus
3002 855 3293 915 tertninu's.
3328 872 3423 909 ve-

1864 946 2131 1013 ritasest,
2179 957 2438 1015 tanquam
2488 963 2609 1014 qua:
2639 957 2908 1015 perpetuo
2956 946 3179 1000 scienda
3207 946 3422 1014 objecta

1861 1034 1951 1086 sit.
1987 1032 2143 1097 Quod
2171 1043 2226 1087 et
2266 1037 2389 1103 jure
2417 1033 2833 1087 admirationem
2881 1033 3113 1094 habeat;
3146 1029 3422 1100 quomodo

1861 1122 2008 1191 quod
2062 1124 2210 1176 nulla
2253 1125 2530 1177 oblivione
2573 1123 2833 1178 infuscari
2885 1131 3085 1191 potest,
3141 1117 3422 1189 aeperpe-

1864 1222 2015 1266 tamn
2044 1222 2146 1274 est,
2191 1213 2669 1281 circumscriptum
2704 1213 2940 1266 desinat.
2970 1215 3049 1265 An
3079 1227 3187 1264 non
3222 1211 3415 1277 utique.

1866 1302 2010 1363 ideo,
2068 1303 2214 1370 quod
2264 1303 2665 1357 Deus,veritas
2709 1303 2791 1355 illi
2846 1301 3115 1355 terminus
3154 1299 3423 1352 exsistat?

1861 1390 2075 1444 Veritas
2105 1405 2339 1459 namque
2369 1391 2515 1444 Deus
2542 1399 2649 1452 est,
2682 1392 2828 1444 circa
2858 1404 3023 1457 quem
3068 1404 3221 1441 mens
3250 1388 3424 1440 int-cs-

1860 1487 2044 1534 santer
2071 1481 2298 1550 jugique
2330 1489 2480 1535 motu
2515 1480 2736 1550 agitata,
2770 1495 3048 1547 nunquam
3084 1494 3298 1532 cessare
3324 1493 3421 1545 po-

1861 1577 1985 1632 test,
2020 1570 2233 1623 nullum
2261 1569 2546 1625 inveniens
2587 1580 2768 1624 motus
2801 1571 3118 1631 terminum,
3150 1568 3242 1622 ubi
3276 1566 3423 1619 nulla

1859 1649 2122 1710 distantia
2150 1672 2214 1711 ac
2253 1659 2490 1727 spatium
2531 1668 2636 1713 est.
2677 1660 3014 1713 Admiranda
3046 1659 3193 1712 enim
3224 1657 3426 1709 divinae

192 1748 489 1802 inﬁnitatis
535 1750 875 1820 magnitudo,
906 1750 1065 1804 molis
1090 1764 1285 1819 expers
1312 1757 1416 1809 est,
1451 1761 1554 1801 nec
1620 1744 1794 1798 dividi
1831 1753 2032 1813 potest,
2065 1759 2128 1799 ac
2174 1747 2321 1821 omni
2357 1762 2586 1815 prorsus
2644 1748 2985 1802 dimensione
3010 1756 3181 1821 caret,
3208 1760 3308 1797 nec
3338 1745 3422 1796 ul-

192 1836 298 1890 lam
346 1839 901 1906 comprehensionem
946 1855 1120 1908 Ipsam
1175 1839 1531 1909 attingentcm
1582 1837 1764 1899 habet,
1805 1843 1866 1889 ut
1916 1820 2247 1890 noverimus
2281 1839 2392 1890 ullo
2455 1839 2621 1892 modo
2665 1838 2797 1907 quid
2832 1838 3048 1892 tandem
3106 1820 3204 1906 per
3238 1851 3424 1897 essen-

194 1926 322 1982 tiam
352 1936 464 1982 est.
502 1928 695 1995 Porro,
760 1930 918 2001 502
971 1932 1121 2001 quod
1185 1932 1390 1986 nullam
1437 1930 1838 1984 dimensionem
1876 1926 2064 1991 habet,
2116 1945 2218 1983 nec
2267 1932 2377 1984 ullo
2413 1932 2575 1985 modo
2610 1940 2789 2000 potest
2829 1929 3242 1999 comprehendi,
3290 1924 3416 1981 nulli

193 2014 533 2084 permeabile
560 2025 668 2071 est.

259 2106 370 2158 Τὸν
403 2105 463 2159 δὲ
505 2105 663 2174 λόγον
704 2107 967 2170 ὡσαύτως
993 2108 1080 2161 διὰ
1108 2106 1205 2178 τῆς
1236 2111 1546 2180 φρονήσεως
1580 2107 1758 2160 κινού-

1928 2103 2192 2159 Similiter
2225 2106 2492 2158 rationem
2516 2103 2808 2173 prudentia
2837 2114 3037 2157 motam
3057 2103 3125 2157 ad
3146 2103 3419 2157 actionem

196 2213 382 2264 μενον,
433 2197 512 2259 εις
542 2198 641 2266 τὴν
691 2197 890 2267 πρᾶξιν
923 2198 1090 2250 ίέναι’
1120 2197 1206 2250 διὰ
1242 2198 1308 2257 δὲ
1351 2199 1450 2265 τῆς
1492 2199 1760 2275 πράξεως,

194 2285 275 2346 είς
306 2284 520 2355 ἀρετήν
540 2299 554 2313 ³
585 2284 675 2338 διὰ
704 2285 760 2338 δὲ
806 2283 906 2354 τῆς
952 2285 1266 2354 ἀρετῆςιείς
1297 2284 1395 2352 τὴν
1436 2285 1638 2347 πίστιν,
1666 2285 1764 2351 τὴν

199 2370 370 2434 ὅντως
418 2372 641 2441 βεϐαίαν
687 2372 786 2425 καὶ
829 2373 1078 2425 ἄπτωτον
1121 2371 1228 2424 τῶν
1284 2371 1441 2423 θείων
1494 2371 1763 2438 πληροξο-

160 2450 164 2459 ’
198 2460 354 2527 ρίαν·
396 2462 472 2530 ἣν
509 2462 732 2531 πρώτην
767 2461 902 2530 ἔχων
941 2460 1169 2528 δυνάμει
1199 2459 1338 2512 κατὰ
1379 2460 1476 2528 τὴν
1504 2459 1761 2527 ψρὸνησιν

193 2551 223 2599 ὁ
248 2548 432 2616 λόγος,
463 2548 687 2620 ὕστερον
720 2551 971 2619 ἐνεργείᾳ
1015 2551 1155 2602 κατὰ
1184 2549 1279 2620 τὴν
1314 2549 1514 2617 ἀρετὴν
1559 2547 1760 2611 ἐπιδεξ-

200 2654 416 2702 κνυται,
466 2639 555 2692 διὰ
600 2639 701 2709 τὴν
734 2640 820 2693 ἐπ’
875 2640 1051 2708 ἔργων
1095 2640 1142 2671 ⁸³
1172 2639 1497 2708 φανέρωσιν.
1544 2638 1604 2689 Ἠ
1656 2639 1761 2707 γὰρ

198 2728 376 2795 χωρὶς
400 2727 589 2795 ἔργων
627 2730 830 2788 πίστις
867 2729 1085 2796 νεκράν
1117 2729 1163 2760 ’⁸
1207 2746 1282 2791 τι,
1339 2727 1518 2790 καθὼς
1561 2729 1761 2796 γέγρα-

194 2833 360 2871 πται·
394 2818 502 2870 πᾶν
534 2817 594 2870 δὲ
615 2820 808 2887 νεκρὸν
835 2818 929 2871 καὶ
973 2819 1352 2888 ἀνενέργητον.
1383 2819 1481 2871 οὐκ
1529 2820 1592 2873 ἄν
1616 2818 1762 2870 εποτὲ

197 2922 280 2969 τις
302 2902 365 2960 εὖ
402 2906 614 2977 φρονῶν
646 2910 757 2969 τοῖς
779 2907 963 2970 καλοῖς
991 2910 1035 2940 ’⁵
1064 2905 1204 2962 εἶναι
1233 2908 1554 2979 θαρσήσειεν
1588 2899 1761 2961 εἰπεῖν

198 2998 509 3069 ἐνάριθμον.
543 2997 642 3049 Διὰ
670 2998 723 3049 δὲ
758 2998 858 3065 τῆς
888 2999 1127 3060 πίστεως
1169 3002 1249 3061 είς
1279 3000 1340 3052 τὸ
1375 3000 1596 3067 ἀγαθὸν,
1635 3001 1763 3069 περὶ

194 3087 226 3141 ὃ
262 3088 479 3157 δέχεται
524 3088 695 3151 τέλος,
730 3088 1035 3155 παυόμενος
1075 3089 1183 3141 τῶν
1229 3089 1443 3141 οἰκείων
1472 3079 1761 3157 ἐνεργειῶν

194 3178 227 3231 ὁ
253 3177 431 3245 λόγος,
466 3178 948 3249 περιγραφομένης
972 3177 1135 3230 αὐτοῦ
1159 3179 1256 3247 τῆς
1283 3195 1341 3230 τε
1369 3178 1647 3248 δυνάμεως
1670 3182 1761 3232 καὶ

198 3263 296 3334 τῆς
320 3264 489 3328 ῑξεως
513 3267 608 3319 καὶ
634 3267 733 3335 τῆς
759 3267 1055 3335 ἐνεργείας.

268 3351 443 3419 Λόγου
493 3356 603 3425 γὰρ
660 3356 898 3424 ἔφασκεν
927 3357 974 3389 ⁸⁸
1022 3354 1160 3412 εἶναι
1215 3341 1440 3426 δῦναμιν
1478 3353 1574 3425 τὴν
1630 3357 1760 3425 φρό-

201 3418 390 3508 νησιν’
415 3418 518 3496 καί
538 3418 858 3498 αθτδν-εἶναι
882 3444 1105 3514 δυνάμει
1138 3447 1232 3499 τὸν
1264 3418 1438 3514 λόγον,
1466 3418 1722 3517 φρόνησιν
1742 3464 1755 3477 °
1784 3418 1829 3477 ο

198 3527 312 3592 ἕξιν
335 3529 421 3588 δὲ,
462 3531 562 3600 τὴν
586 3531 783 3600 πρᾶξιν
804 3549 819 3564 ο
850 3533 1133 3604 ἐνέργειαν
1156 3535 1236 3597 δὲ.
1263 3536 1360 3607 τὴν
1386 3539 1586 3607 ἀρετήν
1605 3555 1619 3569 ·
1659 3540 1759 3609 τὴν

198 3617 256 3669 ἃ
286 3617 471 3670 πίστιν
503 3620 817 3688 φρονήσεώς
862 3638 922 3674 τε
972 3623 1065 3675 καὶ
1117 3624 1366 3692 πράξεως
1395 3627 1489 3679 καὶ
1534 3611 1758 3699 ἀρετῆς,

200 3705 365 3775 ἤγουν
392 3705 866 3777 δυνάμεως,ἒξεώς
906 3725 966 3761 τε
1012 3712 1107 3764 καὶ
1148 3714 1428 3782 ἐνεργείας
1458 3716 1760 3772 ἐνδιάθετον

202 3792 363 3858 πῆξιν
400 3793 494 3847 καὶ
531 3795 891 3849 ἀναλλοίωτον
913 3811 928 3827 ⁸
970 3792 1037 3868 ἧς
1082 3801 1255 3870 πέρας
1304 3803 1528 3873 ἔσχατόν
1555 3810 1671 3861 ἐστι
1699 3810 1786 3862 τὸ·

199 3880 425 3945 ἀγαθὸν,
473 3884 600 3951 ’περὶ⁵
636 3885 665 3937 δ
707 3887 1030 3956 καταλήγων
1074 3893 1173 3959 τῆς
1215 3894 1483 3961 κινήσεως
1526 3897 1554 3945 ὁ
1605 3896 1761 3959 λόγος

201 3965 450 4021 παύεται.
478 3967 609 4031 Θεὸς
634 3971 743 4039 γάρ
774 3975 891 4025 ἐστι
922 3974 983 4024 τὸ
1024 3975 1247 4040 ἀγαθὸν,
1295 3972 1339 4043 ᾦ
1370 3980 1579 4045 πέφυκε
1611 3982 1759 4034 πᾶσα

200 4055 294 4108 καὶ
318 4057 521 4118 παντὸς
548 4058 707 4125 λόγου
758 4061 1119 4132 «sparo-300a:
1149 4064 1397 4134 δύναμις.
1426 4068 1548 4132 Πῶς
1578 4071 1634 4122 δὲ
1666 4074 1760 4124 καὶ

195 4148 320 4199 τίνα
346 4148 545 4216 τρόπον
593 4147 796 4201 τούτων
840 4149 1070 4204 ἕκαστον
1115 4156 1492 4224 κατορθοῦται,
1551 4161 1645 4212 καὶ
1679 4148 1760 4224 εἰς

199 4236 479 4307 ἐνέργειαν
505 4239 702 4306 ἄγεται
718 4257 734 4272 ο
760 4245 855 4295 καὶ
879 4244 1003 4297 τίνα
1025 4246 1228 4300 τούτων
1254 4250 1469 4320 ἑκάστῳ
1494 4252 1758 4320 ἠναντίω-

198 4340 307 4390 ται,
339 4327 374 4396 ἢ
405 4330 841 4398 προσιρκείωται,
873 4333 969 4386 καὶ
997 4334 1089 4388 ἐπὶ
1117 4337 1303 4402 πόσον,
1333 4318 1558 4407 διαιρεῖν
1580 4359 1637 4394 τε
1663 4346 1758 4396 καὶ

198 4411 399 4472 λέγειν.
444 4418 506 4469 οὐ
553 4419 651 4487 τῆς
706 4422 987 4493 παρούσης
1026 4426 1174 4478 ἐστὶν
1222 4427 1570 4494 ὑποθέσεωςο
1619 4433 1757 4502 πλὴν

198 4502 310 4567 τοῦ,
343 4506 467 4559 ὅσον
505 4509 850 4576 γιγνώσκειν,
880 4515 962 4567 ὅτι
998 4518 1145 4568 πᾶσα
1177 4517 1324 4588 ψυχὴ
1350 4522 1513 4589 ἡνίκα
1544 4522 1633 4574 διὰ
1657 4524 1757 4591 τῆς

197 4594 415 4665 χάριτος
438 4597 534 4650 τοῦ
558 4600 717 4664 ἁγίου
749 4602 1081 4671 Πνεύματος,
1112 4606 1204 4656 καὶ
1239 4607 1343 4675 ’τῆς
1368 4608 1570 4669 οἰκείας
1604 4610 1754 4676 φιλο-

1861 2196 2083 2260 venire;
2139 2212 2239 2264 per
2292 2197 2563 2249 actionem
2603 2195 2670 2248 ad
2709 2195 2991 2257 virtutem,
3035 2210 3133 2262 per
3165 2195 3420 2247 virtutem

1861 2284 1930 2337 ad
1958 2283 2141 2347 fidem,
2180 2283 2394 2337 ﬁrmam
2442 2285 2589 2337 illam
2618 2298 2806 2337 revera
2833 2298 2898 2336 ac
2936 2283 3253 2336 inoffensam
3284 2282 3423 2334 divi—

1860 2389 2056 2427 norum
2091 2375 2511 2427 certitudinent:
2544 2390 2706 2442 quam
2741 2374 2974 2441 primam
3009 2374 3146 2425 ratio
3172 2389 3268 2441 per
3294 2388 3425 2441 pru-

1860 2464 2100 2516 dentiam
2137 2464 2382 2530 putentia
2411 2462 2636 2527 habens,
2669 2472 2791 2514 actu
2818 2471 3005 2528 postea
3040 2477 3136 2528 per
3158 2462 3421 2515 virtutem

1859 2552 2121 2615 ostendit,
2148 2568 2254 2627 qua
2291 2552 2551 2620 operibus
2582 2550 2921 2603 manifestam
2950 2550 3095 2602 facit.
3125 2550 3257 2602 Nam
3288 2549 3419 2616 ﬁdes
3477 2593 3483 2599 .

1859 2658 1975 2711 qua:
2009 2643 2118 2694 sine
2147 2643 2386 2704 operibus
2412 2650 2521 2709 esu
2538 2642 2661 2709 quid
2700 2649 2963 2693 mortuum
2997 2650 3070 2692 est
3097 2650 3142 2701 η,
3180 2640 3256 2692 uti
3288 2641 3421 2693 scri-

1861 2739 2011 2799 ptum
2035 2738 2140 2782 est.
2159 2729 2435 2798 Quidquid
2464 2738 2645 2799 attttem
2667 2738 2939 2781 mortttum
2967 2743 3029 2781 ac
3049 2730 3284 2781 otiosum
3309 2736 3416 2792 est,

1861 2835 2021 2873 nemo
2057 2833 2302 2888 unquam
2340 2836 2486 2873 same
2527 2819 2727 2873 mentis
2774 2820 2919 2872 inter
2948 2835 3008 2871 ea
3035 2835 3156 2887 qute
3188 2819 3419 2873 honesut

1860 2918 1988 2963 sunt
2018 2892 2220 2963 dixerit
2266 2898 2665 2963 numerandum
2714 2925 2857 2963 esse.
2887 2910 2991 2962 Per
3043 2908 3202 2961 fidem
3233 2918 3415 2962 autem

1860 2999 1929 3052 ad
1963 2998 2189 3061 bonum,
2237 3000 2290 3051 in
2317 3016 2425 3067 quo
2450 3000 2588 3053 ratio
2627 3000 2786 3053 linem
2820 2999 3037 3067 accipit,
3068 2999 3355 3066 quiescens
3387 3013 3419 3052 a
3449 2993 3457 3004 ’

1860 3088 1975 3142 suis
2004 3088 2436 3157 operationibus.
2477 3091 2600 3159 ejus
2635 3104 2829 3156 nempe
2862 3096 2976 3141 tum
3006 3087 3263 3141 facultate
3299 3097 3415 3140 tum

1861 3172 2312 3245 habitu‘tumque
2338 3179 2656 3246 operatione
2689 3177 3139 3245 circumscriptis.

1929 3353 2178 3406 Rationis
2213 3353 2361 3406 enim
2412 3352 2725 3407 facultatem
2765 3349 2983 3403 dicebat
3012 3365 3131 3403 esse
3179 3346 3416 3417 pruden-

1862 3442 2025 3504 tiam;
2073 3443 2353 3510 ipsamque
2420 3441 2687 3494 rationem
2754 3440 2995 3508 potentia
3066 3439 3413 3509 prudentimu

1860 3549 2017 3595 esse;
2045 3533 2313 3595 habitum,
2342 3532 2611 3586 actionem
2636 3549 2652 3597 ;
2696 3531 3092 3599 operationem,
3123 3531 3412 3594 virtutem;

1861 3626 2141 3687 virtutem,
2167 3623 2362 3686 fidem;
2397 3623 2560 3676 ﬁdem
2602 3623 2861 3691 denique,
2896 3622 3221 3690 prudentize,
3251 3622 3419 3675 actio-
3516 3658 3519 3661 -

1860 3716 1969 3779 nis,
1992 3715 2234 3778 virtutis,
2269 3715 2384 3768 sive
2415 3712 2696 3782 potentize,
2725 3713 2948 3765 habitus
2972 3728 3034 3765 ac
3057 3711 3413 3779 operationis,

1864 3806 2074 3858 firmam
2104 3805 2308 3865 animo,
2351 3804 2609 3871 nullaque
2642 3804 2907 3856 varietate
2939 3812 3220 3855 nutantem
3277 3816 3411 3853 con-

1857 3893 2136 3952 stantiam,
2169 3895 2326 3961 cujus
2358 3892 2584 3944 ultimus
2634 3890 2756 3943 linis
2806 3890 3007 3943 bonum
3052 3896 3137 3942 est
3166 3905 3179 3952 ;
3219 3888 3271 3940 in
3305 3904 3415 3956 quo

1858 3982 2040 4035 omnis
2084 3996 2148 4036 ac
2177 3982 2443 4050 cujusque
2472 3980 2700 4032 rationis
2724 3979 2807 4031 vis
2863 3986 3055 4046 suapte
3086 3986 3281 4030 natura
3308 3985 3417 4030 ter-

1858 4072 2068 4125 minum
2121 4071 2340 4140 accipit.
2388 4069 2674 4136 Quomodo
2719 4078 2924 4131 autem,
2955 4084 3021 4123 ac
3062 4084 3167 4138 qua
3205 4067 3415 4122 ratione

1858 4161 2055 4215 lterum
2106 4161 2395 4231 quodlibet
2432 4171 2724 4229 praestetur
2752 4175 2922 4227 reque
2971 4162 3086 4227 ipsa
3110 4157 3409 4222 cllieialur;

1856 4268 1920 4308 ac
1957 4268 2208 4322 quaenam
2247 4252 2447 4319 cuique
2497 4250 2694 4304 borum
2741 4250 3123 4311 adversentur,
3190 4249 3273 4302 vel
3302 4248 3414 4302 sint

1856 4342 2058 4407 aﬂinia,
2126 4349 2518 4412 quantumque,
2554 4356 2679 4393 eum
2716 4338 2982 4402 dividere,
3035 4347 3145 4391 tum
3174 4353 3413 4405 pronun-

1856 4436 2015 4499 tiare,
2043 4434 2189 4488 baud
2231 4434 2517 4502 prtesentis
2549 4431 2785 4485 instituti
2813 4441 2918 4493 cst,
2950 4439 3179 4498 excepto
3210 4430 3411 4502 dunta-

1856 4532 1947 4576 xat
1974 4531 2034 4577 ut
2060 4522 2379 4576 noverimus
2421 4521 2568 4581 fore,
2612 4504 2673 4572 tit
2698 4519 2878 4571 onmis
2905 4519 3109 4582 anima,
3142 4534 3267 4573 cum
3302 4501 3411 4589 per

1854 4614 2087 4681 gratiam
2129 4611 2302 4666 sancti
2327 4610 2589 4678 Spiritus,
2624 4623 2893 4678 suumque
2916 4610 3031 4678 ipsa
3067 4609 3309 4681 laborem
3346 4626 3412 4668 ae

196 4683 384 4746 πονίας
411 4686 504 4737 καὶ
545 4686 782 4756 σπουδῆς
810 4688 1058 4758 ἀλλήλοις
1083 4691 1518 4768 ταῦταλσυνάψαι
1558 4712 1618 4747 τε
1660 4697 1755 4749 καὶ

1859 4699 2194 4768 diligentiam
2222 4699 2337 4752 hate
2355 4698 2460 4751 alia
2500 4697 2624 4752 aliis
2640 4700 2882 4769 jungere
2912 4701 3154 4768 potuerit
3178 4715 3241 4753 ac
3273 4716 3411 4756 con-

199 4774 553 4844 ἱστουργῆσαι
574 4776 776 4847 δυνηθῇ
800 4793 813 4807 ·
858 4778 948 4831 τὸν
974 4778 1132 4846 λόγον
1159 4762 1302 4850 φημὶ
1325 4781 1403 4851 τῷ
1432 4783 1530 4852 νῷ,
1564 4786 1659 4857 καὶ
1684 4788 1750 4857 τῇ

198 4864 358 4934 σοφίᾳ
383 4865 478 4935 τὴν
512 4867 793 4936 φρόνησιν,
820 4863 915 4921 καὶ
944 4872 1021 4940 τῇ⁴
1044 4870 1247 4942 θεωρίᾳ
1275 4872 1374 4942 τὴν
1406 4854 1622 4944 πρᾶξιν,
1658 4854 1752 4931 καὶ.

194 4957 259 5025 τῇ
288 4956 487 5021 γνώσει
514 4957 616 5027 τὴν
658 4957 878 5030 ἀρετὴν,
926 4963 1021 5014 καὶ
1062 4964 1129 5033 τῇ
1177 4963 1394 5034 ἀλήστῳ
1428 4965 1623 5031 γνώσει
1652 4948 1749 5037 τὴν

197 5045 399 5108 πίστιν,
417 5047 626 5111 οὐδενὸς
651 5049 1045 5120 ἐλαττουμένου
1076 5052 1214 5123 πρὸς
1237 5052 1297 5106 τδ
1323 5053 1507 5124 ἕτερον
1539 5058 1570 5125 ἢ
1595 5057 1750 5111 πλεο-

195 5133 461 5199 νάζοντος,
483 5139 665 5207 πάσης
693 5141 877 5204 αὐτοῖς
905 5144 1296 5214 περικοπείσης
1322 5146 1626 5217 ὑπερϐολῆς
1654 5151 1746 5202 καὶ

192 5221 509 5292 ἐλλείψει-κ’
546 5228 662 5290 καὶ,
693 5228 779 5281 ῑνα
804 5230 1035 5285 συνελὼν
1063 5233 1220 5295 εἴπω,
1257 5232 1461 5305 μονάδα
1494 5236 1593 5305 τὴν
1621 5238 1746 5289 ἑαυ-

192 5311 291 5383 τῆς
333 5312 531 5368 δεκάδα
577 5317 802 5386 ποιῆσαι
827 5335 840 5347 °
889 5320 1313 5389 τηνικαῦτακαὶ
1338 5302 1476 5375 arm
1515 5302 1593 5393 τῷ
1624 5326 1745 5397 Θεῷ

259 5455 289 5485 ι
304 5447 423 5503 Jac.
447 5464 504 5515 ιι,
518 5448 608 5506 20.

1854 4802 2041 4843 serere
2068 4805 2082 4851 ;
2110 4787 2377 4842 rationem
2425 4784 2637 4843 scilicet
2670 4789 2841 4842 menti
2911 4790 3411 4859 nectere,.sapicn-

1817 4907 1824 4915 ι
1851 4878 2338 4947 ιίαγρτιιάθηιίιιηι,
2363 4880 2813 4948 contemplationi
2839 4881 3129 4941 actionem,
3163 4881 3409 4936 scientia!

1849 4966 2135 5031 virtutem,
2176 4969 2295 5038 jugi
2359 4968 2437 5021 illi
2486 4960 2889 5022 ae‘indclebili
2945 4967 3188 5021 scientia:
3244 4965 3407 5020 ﬁdem

1850 5073 2168 5126 apponere;
2216 5059 2290 5111 ita
2334 5074 2466 5111 sane
2525 5067 2585 5110 ut
2632 5057 2769 5110 nihil
2828 5058 3026 5110 horum
3081 5065 3192 5125 prae
3229 5055 3405 5109 altero

1851 5147 2102 5210 deficiat,
2149 5156 2245 5200 aut
2309 5146 2574 5210 abundet,
2621 5147 2773 5200 omni
2822 5161 3050 5200 excessu
3098 5153 3262 5212 atque
3302 5144 3402 5198 (Ιο-

1850 5238 2000 5293 fectu
2032 5239 2102 5291 ab
2130 5239 2213 5291 eis
2236 5246 2540 5307 amputato.
2577 5250 2653 5304 et,
2688 5248 2749 5292 ut
2768 5251 2982 5298 summa
3021 5236 3223 5291 dicam.
3245 5251 3402 5291 suam

1852 5329 2116 5391 unitatem
2150 5326 2413 5384 dccadem
2444 5328 2677 5389 fecerit;
2717 5337 2849 5382 tunc
2889 5340 3109 5396 quoque
3147 5326 3265 5395 ipsa
3288 5325 3403 5383 Deo

1042 5590 1072 5605 -
1456 5569 1533 5622 V5
1550 5571 1685 5627 “1le
1719 5570 2119 5627 LECTIONES.

270 5668 314 5705 ⁸³
336 5669 432 5728 Fr.
460 5672 544 5727 ἐπ’
572 5672 773 5747 ἔργοις.
847 5678 890 5710 ¹’⁶
916 5679 1005 5735 Fr.
1057 5667 1267 5750 νεκρά(
1323 5685 1367 5716 ³⁸
1410 5685 1616 5753 Nempe
1656 5685 1815 5740 bonis
1838 5687 2098 5754 perfectis
2127 5689 2480 5744 ctabsolute.
2558 5690 2602 5719 "
2637 5688 2726 5742 Fr.
2759 5688 2958 5755 Ξσρασκε
2991 5687 3238 5757 δύναμιν.

3032 5846 3072 5882 ο
