3958 6338
587 373 691 435 679

1702 368 1759 425 5.
1796 365 2075 427 MAXIM!
2114 364 2614 424 CONFESSORIS

3674 365 3769 425 ὗὲθ

584 495 719 534 vero
749 494 811 531 ac
836 478 1001 540 bono,
1032 476 1240 545 unique
1279 492 1341 530 ac
1371 477 1473 530 soli
1510 476 1747 539 uniatur,
1777 475 2000 543 pulchra
2029 488 2122 540 pa-

2230 472 2456 541 ἀληθινῷ
2499 490 2557 523 τε
2596 470 2688 524 καὶ
2715 470 2923 542 ἀγαθῷ,
2970 472 3060 525 καὶ
3092 472 3168 524 ἐνὶ
3210 472 3297 524 καλ
3334 472 3475 541 μόνῳ
3508 471 3769 540 ἐνωθήσε-

585 578 723 622 riter
769 584 831 621 ae
878 562 1180 636 magnifica,
1206 568 1567 637 prmelareque
1607 566 1625 635 (
1654 566 1831 634 quoad
1866 566 1982 633 ejus
2014 563 2127 616 ﬁeri

583 658 801 726 potest)
857 658 932 710 illi
980 657 1197 720 similis,
1229 658 1565 725 generalium
1598 665 1833 723 quatuor
1863 654 2144 716 virtutum,

584 747 987 813 complemento
1016 744 1244 799 effecta:
1285 761 1405 813 quae
1430 745 1714 807 nimirum,
1752 742 1986 795 divinam
2010 756 2129 809 quae

585 836 640 887 in
666 836 845 887 anima
870 845 952 888 est
977 835 1235 888 decadem
1266 833 1594 902 signiﬁcent,
1630 833 1947 898 beatamque
1970 831 2127 883 aliam

587 924 966 976 mandatorum
991 923 1252 976 decadem
1271 914 1607 975 contineant.
1634 919 1931 984 Quaternio
1956 918 2125 987 enim,

588 1011 749 1062 decas
782 1018 865 1061 est
891 1009 1157 1076 potentia,
1193 1008 1260 1061 ab
1300 1008 1505 1060 unitate
1545 991 2129 1073 secundum-progres-

584 1115 703 1153 sum
756 1102 897 1152 serie
940 1100 1171 1167 quadam
1228 1098 1382 1167 503
1446 1098 1767 1165 composita.
1814 1096 2128 1162 Rursusque

584 1188 794 1252 eadem,
823 1190 1000 1241 unitas
1032 1197 1135 1250 est,
1167 1204 1262 1255 per
1298 1188 1589 1241 coitionem
1613 1188 1813 1240 bonum
1846 1185 2128 1237 monadice

587 1280 677 1348 (id
705 1288 787 1334 est
810 1281 1193 1347 Singularium
1217 1280 1462 1347 ratione)
1497 1278 1801 1338 continens,
1828 1275 2130 1341 divinaaque

585 1370 923 1437 operationis
979 1369 1381 1436 simplicitatem
1422 1366 1484 1420 ac
1528 1365 2020 1418 indivisibilitatem
2075 1363 2129 1415 in

586 1450 763 1527 sei'psa
798 1460 1029 1516 indivise
1069 1460 1295 1514 divisam
1335 1458 1662 1520 ostendens;
1700 1456 1899 1524 quibus
1924 1455 2124 1518 anima,

579 1550 727 1617 ,quod
763 1551 1063 1619 proprium-
1100 1559 1203 1612 est,
1240 1559 1461 1604 strenue
1496 1563 1559 1601 ac
1589 1553 1900 1601 constanter
1926 1543 2150 1621 bonum"

584 1640 830 1700 tutando,
868 1640 1013 1707 quod
1039 1640 1298 1701 alienum,
1333 1634 1548 1691 fortiter
1580 1636 1869 1704 utqmalum
1896 1632 2124 1701 rejeeit;

585 1737 648 1781 ut
668 1744 785 1796 qua:
809 1737 1006 1791 mente,
1040 1730 1208 1796 probe
1233 1744 1298 1781 ex
1326 1729 1534 1780 ratione
1555 1725 1870 1801 composita,
1893 1724 2125 1791 polleat;

584 1818 873 1886 sapientia,
908 1818 1197 1886 prudentia
1247 1827 1477 1879 ornata;
1526 1815 2003 1883 contemplatione,
2040 1826 2128 1866 ac—

585 1911 763 1973 tione;
796 1909 1023 1962 seientia
1056 1909 1245 1961 virtuti
1289 1910 1608 1974 conjuncta;
1651 1907 1977 1984 demutnque
2008 1919 2130 1971 per-

584 2006 746 2067 petua
783 2000 879 2051 illa
916 2014 979 2051 ac
1010 1998 1292 2051 indelebili
1330 1997 1642 2050 ﬁdelissima
1679 1995 1953 2060 simulque
1982 1993 2132 2044 inva—

585 2089 762 2141 riabili
792 2089 1019 2141 scientia
1046 2105 1059 2152 ;
1091 2103 1153 2139 ac
1196 2088 1347 2139 velut
1384 2101 1506 2153 quas
1554 2084 1751 2144 causis,
1789 2082 2013 2146 ell‘ecta;
2048 2079 2129 2134 fa-

584 2176 1009 2243 cultatibusque,
1035 2176 1377 2243 operationes
1400 2175 1630 2228 solerter
1655 2173 1991 2240 conjunctas,
2018 2170 2129 2224 Deo

586 2264 885 2328 obtulerit;
940 2264 1243 2332 horumque
1296 2264 1539 2332 prtcmio,
1586 2260 1949 2330 Simplicitatis
1991 2260 2127 2314 elle-

586 2354 813 2407 etrieem
850 2354 1250 2409 deiﬁeationem
1296 2354 1564 2407 retulerit.

655 2443 923 2495 Est-enim
978 2444 1116 2496 ratio
1148 2442 1344 2495 mentis
1373 2446 1618 2511 Operatio
1647 2458 1709 2495 ac
1741 2440 2149 2503 manifestatio,
2221 2438 2249 2518 ‘_

583 2533 735 2586 velut
768 2534 976 2587 scilicet
1000 2549 1174 2586 causa:
1241 2533 1497 2596 effectus,
1520 2532 1796 2600 sapientia:
1814 2531 2126 2600 prudentia,

538 2660 541 2661 ν
585 2624 1061 2690 contemplationis
1100 2624 1272 2686 actio,
1337 2623 1579 2676 scientiae
1637 2624 1832 2687 virtus,
1880 2623 2128 2692 jugisque

2229 578 2317 612 ται
2344 578 2357 591 ·
2393 562 2527 629 καλή
2557 577 2615 613 τε
2646 563 2739 613 καὶ
2770 561 3200 630 μεγαλοπρεπὴς,
3232 562 3326 612 καὶ
3352 560 3497 629 αὐτῷ
3527 559 3692 629 [κατὰ
3718 558 3772 613 τὺ

2228 648 2466 719 ἐφικτὸν]
2522 650 2760 719 ἐμφερὴς
2811 649 3095 717 γενομένη,
3130 651 3197 717 τῇ
3244 648 3627 716 συμπληρώσει
3672 648 3771 700 τῶν

2227 739 2506 807 τεσσάρων
2532 739 2759 805 γενικῶν
2787 739 2993 809 ἀρετῶν
3013 754 3026 767 ·
3065 737 3181 789 ,τῶν
3213 737 3519 805 δηλωτικῶν
3550 737 3651 804 μὲν
3678 726 3768 805 τῆς

2229 827 2367 880 κατά
2418 828 2598 896 ψυχὴν
2661 829 2807 891 θείας
2857 829 3093 890 δεκάδος,
3162 825 3519 895 περιεκτικῶν
3573 825 3631 876 δὲ
3680 825 3773 892 τῆς

2228 918 2391 985 ἄλλης
2422 919 2528 969 τῶν
2576 917 2799 968 ἐντολῶν
2852 918 3124 986 μακαρίας
3170 915 3405 976 δεκάδος.
3452 915 3623 976 Δεκάς
3672 914 3775 983 γάρ

2227 996 2448 1078 δυνάμει
2495 1009 2641 1059 ἐστὶν
2697 1009 2729 1077 ἡ
2776 1009 2985 1077 τετράς,
3035 1007 3139 1058 ἀπὸ
3186 1006 3283 1073 τῆς
3334 1005 3554 1073 μονάδος
3604 1003 3775 1073 εἰρμῷ

2229 1098 2367 1150 κατά
2399 1097 2622 1166 πρόοδον
2649 1097 3017 1164 συντιθεμένη.
3050 1097 3156 1147 Kal.
3179 1095 3336 1148 πάλιν
3364 1094 3529 1162 μονὰς
3559 1097 3590 1163 ή
3618 1094 3771 1161 αὐτὴ,

2230 1187 2368 1238 κατά
2399 1185 2609 1237 σύνοδον
2649 1185 2707 1237 τὸ
2738 1185 2937 1253 ἀγαθὸν
2969 1184 3265 1255 μοναδικῶς
3294 1183 3637 1253 περιέχουσα,
3686 1183 3773 1235 καὶ
3818 1232 3822 1236 .

2228 1277 2286 1329 τὸ
2313 1277 2514 1329 ἁπλοῦν
2543 1278 2634 1330 καὶ
2680 1276 2883 1346 ἀμερὲς
2906 1276 3003 1345 τῆς
3034 1276 3180 1337 θείας
3213 1275 3511 1343 ἐνεργείας,
3542 1274 3625 1338 ἐφ’
3650 1275 3771 1324 ἐαν⁴

2228 1368 2327 1435 τῆς
2383 1367 2638 1436 ἀτμήτως
2691 1367 3084 1436 μεμερισμένον
3143 1366 3489 1417 δεικνύουσα·
3550 1358 3671 1426 αἷς,
3716 1362 3773 1415 τὸ

2231 1458 2327 1528 μὲν
2356 1460 2547 1518 οἰκεῖον
2582 1458 2806 1519 εὐτόνως
2852 1457 3305 1532 ἀπερεγχείρητον
3343 1458 3374 1525 ὴ
3424 1455 3567 1530 ψυχὴ
3600 1455 3772 1525 διετη-

2230 1565 2392 1617 ρησεν
2413 1564 2430 1594 !
2461 1548 2607 1600 τὸ-δὲ
2639 1548 2911 1614 ἀλλότριον
2936 1546 3198 1617 ἀνδρικῶς
3238 1546 3312 1608 ὡς
3349 1545 3579 1615 πονηρὸν
3609 1546 3773 1614 ἀπερ-

2231 1641 2484 1710 ράπισεν·
2516 1639 2586 1701 ὡς
2623 1640 2745 1691 νοῦν
2792 1639 3007 1706 εὔλογον
3056 1638 3270 1707 ἔχουσα,
3312 1637 3405 1690 καὶ
3436 1638 3625 1704 σοφίαν
3676 1636 3771 1705 ἐμο

2229 1747 2415 1799 φρονα,
2460 1731 2553 1781 καὶ
2596 1730 2822 1799 θεωρίαν
2856 1730 3186 1799 ἔμπρακτον,
3227 1732 3320 1781 καὶ
3364 1728 3561 1795 γνῶσιν
3591 1728 3773 1797 ἐνάρε-

2228 1837 2340 1883 τον,
2369 1821 2461 1871 καὶ
2486 1820 2582 1887 τὴν
2609 1820 2692 1871 ἐπ’
2724 1821 2911 1900 αὐτειῖς
2935 1820 3160 1888 ἀληστον
3193 1820 3408 1883 γνῶσιν,
3447 1819 3772 1885 πιστοτάτην

2227 1908 2364 1977 ὁμοῦ
2398 1910 2491 1960 καὶ
2525 1909 2907 1976 ἀμετάπτωτον
2927 1924 2940 1937 ·
2972 1909 3063 1959 καὶ
3095 1907 3167 1968 ὡς
3196 1910 3308 1969 τοῖς
3352 1908 3543 1968 αἰτίοις
3587 1906 3656 1958 τά
3696 1907 3777 1959 αἱ-

2227 1999 2407 2063 τιατά,
2436 1999 2529 2050 καὶ
2570 2000 2689 2061 ταῖς
2736 1999 2991 2067 δυνάμεσι
3035 1999 3132 2061 τὰς
3165 1998 3439 2069 ἐνεργείας
3489 1997 3775 2067 σωφρόνως

2233 2088 2598 2156 συνημμένας,
2643 2087 2759 2157 Θεῷ
2797 2088 3239 2157 προσκομίσασα·
3287 2088 3380 2140 καὶ
3419 2086 3773 2140 ἀντιλαῦοὗσα

2228 2176 2432 2230 τούτων
2481 2176 2579 2246 τὴν
2609 2178 2894 2245 ποιητικὴν
2922 2176 3021 2246 τῆς
3057 2176 3355 2246 ἁπλότητος
3388 2175 3601 2229 θέωσιν.

2312 2444 2588 2514 Ἐνέργεια
2614 2444 2719 2513 γάρ
2749 2444 2862 2496 ἐστι
2904 2442 2995 2495 καὶ
3026 2442 3325 2511 φανέρωσις
3350 2456 3362 2471 ·
3398 2440 3490 2493 τοῦ
3520 2440 3617 2510 μὲν
3660 2438 3768 2504 νοῦ,

2230 2538 2257 2588 ὁ
2286 2536 2460 2602 λόγος,
2495 2536 2568 2597 ὡς
2596 2535 2773 2597 αἰτίας
2801 2533 3037 2586 αἰτιατόν
3056 2550 3070 2563 ο
3105 2534 3195 2585 καὶ
3231 2533 3329 2600 τῆς
3358 2534 3547 2599 σοφίας
3584 2533 3617 2599 ή
3642 2532 3767 2601 φρόι

2230 2642 2403 2695 νησις,
2434 2625 2526 2677 καὶ
2549 2624 2647 2691 τῆς
2674 2624 2900 2689 θεωρίας
2932 2626 2964 2693 ὴ
3002 2622 3218 2692 πρᾶξις,
3252 2623 3344 2674 καὶ
3388 2622 3483 2690 τῆς
3525 2620 3769 2688 γνώσεως

586 2713 732 2767 illius
782 2730 843 2767 ac
886 2711 1197 2769 indelebilis
1230 2713 1474 2768 scientiae
1520 2713 1652 2767 ﬁdes
1677 2733 1690 2777 ;
1719 2730 1784 2767 ex
1810 2715 2010 2782 quibus
2042 2713 2128 2766 illa

2230 2717 2260 2783 ἠ
2297 2714 2482 2784 ἁρετὴ,
2513 2715 2608 2765 καὶ
2640 2713 2732 2781 τῆς
2763 2713 2989 2779 άλήστου
3018 2713 3267 2780 γνώσεως
3293 2714 3325 2780 ή
3362 2712 3569 2772 πίστις·
3605 2710 3663 2775 ἐξ
3700 2704 3768 2761 ὦν

584 2805 767 2856 animo
794 2806 1029 2873 reposita
1054 2806 1389 2873 interiorque
1420 2804 1485 2857 ad
1511 2806 1793 2858 veritatem
1818 2806 2133 2872 bonumque

2230 2804 2263 2871 ἡ
2313 2801 2608 2863 ἐνδιάθετος
2652 2802 2783 2872 πρός
2816 2819 2873 2854 τε
2902 2802 3000 2870 τὴν
3035 2800 3290 2873 ἀλήθειαν
3332 2802 3425 2852 καὶ
3466 2800 3526 2851 τὸ
3554 2798 3768 2865 ἀγαθὸν,

588 2879 815 2959 (nempe
848 2893 1057 2959 Deum)
1095 2902 1415 2960 procreatur
1437 2893 1686 2957 aﬂ‘eetio;
1728 2908 1889 2961 quam
1912 2893 2130 2945 dicebat

2231 2893 2370 2960 φημί¹
2396 2892 2453 2943 δὲ
2481 2892 2567 2943 τὸν
2598 2891 2746 2953 Θεὸν,
2777 2890 2957 2958 σχέσις
2984 2891 3425 2961 δημιουργεῖται·
3451 2891 3518 2958 ἢν
3544 2889 3771 2955 ἔφασκεν

587 2996 705 3035 esse
730 2982 964 3034 divinam
990 2982 1293 3045 scientiam,
1333 2983 1589 3049 omnique
1616 2997 1803 3035 errore
1848 2989 2129 3034 vacantem

2230 2978 2369 3034 εἶναι
2415 2981 2562 3034 θείαν
2603 2982 2925 3050 ἐπιστήμην,
2959 2984 3053 3034 καὶ
3101 2982 3297 3049 γνῶσιν
3331 2982 3644 3041 ἄπταιστον,
3683 2978 3773 3032 καὶ

586 3072 833 3125 notitiam
870 3083 925 3125 et
969 3073 1317 3126 dilectionem
1360 3081 1415 3126 et
1454 3087 1673 3140 pacem;
1720 3073 1774 3124 in
1802 3070 2035 3147 quibus,
2066 3086 2129 3125 ae

2233 3070 2450 3140 ἀγάπην
2476 3072 2569 3123 καὶ
2616 3071 2857 3140 εἰρήνην,
2892 3073 2948 3123 ἐν
2994 3064 3080 3133 αἶς
3130 3074 3223 3125 καὶ
3252 3070 3317 3123 δι’
3361 3063 3436 3123 ὧν
3460 3071 3513 3143 ,ἡ
3544 3070 3767 3132 θέωσις·

586 3175 683 3229 per
726 3150 859 3229 quas
908 3162 1184 3215 deilicatio
1212 3171 1336 3216 est:
1367 3163 1649 3216 scientiam
1692 3162 1912 3231 quidem
1944 3159 2128 3214 Graec

2230 3162 2325 3233 τὴν
2359 3162 2458 3231 μὲν
2507 3160 2855 3232 [ἐπιστήμην]
2908 3161 2982 3224 ὡς
3030 3162 3417 3231 συμπλήρωσιν
3462 3159 3640 3227 πάσης
3678 3160 3771 3227 τῆς

587 3252 911 3319 ἐπιστήμην,
937 3251 1084 3303 velut
1136 3252 1593 3319 complementum
1649 3251 1766 3319 ejus
1790 3249 1968 3303 omnis
1991 3250 2131 3303 noti-

587 3340 695 3403 tiae,
729 3354 889 3406 quam
929 3338 995 3390 de
1026 3340 1137 3391 Deo
1164 3354 1228 3391 ac
1255 3338 1456 3391 divinis
1502 3338 1753 3392 homines
1791 3337 2006 3406 assequi
2035 3352 2128 3391 va-

586 3426 721 3487 lent,
789 3427 1159 3494 virtutumque
1228 3426 1600 3480 inviolabilem
1666 3428 2125 3494 complexionem:

588 3516 859 3573 notitiam,
888 3500 1068 3568 Grmee
1118 3517 1348 3581 γνῶσινν
1374 3524 1580 3591 atquae
1612 3514 1893 3569 veritatem
1921 3515 2131 3569 sincere

588 3604 934 3666 inscendens,
974 3606 1194 3659 deitatis
1234 3607 1667 3674 experimentum
1705 3617 1967 3676 quantum
2002 3609 2133 3662 satis

589 3696 678 3756 sit,
716 3696 989 3763 praebeat:
1027 3696 1403 3760 dilectionem,
1443 3706 1501 3751 ut
1534 3714 1654 3766 qua:
1685 3708 1795 3751 tota
1830 3699 2130 3753 secundum

589 3786 862 3851 allectum,
894 3788 1090 3842 divina:
1123 3789 1293 3858 tqtius
1332 3790 1638 3844 dulcedinis
1676 3784 2129 3859 particeps'exsi-

591 3885 736 3939 stat;
770 3892 955 3943 pacem
991 3879 1246 3946 denique,
1281 3891 1339 3934 ut
1360 3881 1445 3934 eui
1474 3882 1661 3935 eadem
1688 3890 1851 3949 atque
1890 3883 2001 3936 Deo
2030 3898 2130 3935 usu

589 3964 829 4026 veniant,
862 3962 1167 4031 efﬁciatque
1203 3977 1275 4039 [ut
1311 3975 1365 4019 et
1394 3967 1461 4019 iis
1500 3969 1592 4035 qui
1622 3970 1921 4022 secundum
1960 3972 2130 4039 ipsam

592 4053 894 4105 meruerint
939 4052 1097 4117 allici,
1126 4054 1340 4126 ’eadem
1374 4056 1489 4124 ipsa
1539 4058 1813 4123 eveniant.
1851 4058 2132 4126 Siquidem

590 4143 734 4195 enim
775 4142 950 4197 deitas
996 4145 1215 4211 penitus
1263 4147 1557 4201 immobilis
1605 4156 1708 4224 est,
1759 4139 1819 4201 ut
1873 4151 1960 4203 eui
1995 4151 2133 4203 nihil

594 4235 699 4285 ulla
745 4250 810 4287 ex
862 4245 1015 4301 parte
1063 4237 1367 4291 molestiam
1427 4238 1588 4292 faciat
1665 4238 1840 4308 (quid
1880 4240 2025 4293 enim
2066 4240 2133 4293 ad

593 4321 739 4374 illius
770 4325 1039 4390 speculam
1066 4319 1387 4395 septumque
1418 4329 1813 4398 evadat”.an
1847 4340 2025 4383 autem
2048 4331 2133 4383 in-

2230 3251 2456 3319 ὲφικτῆς
2501 3249 2806 3321 ἀνθρώποις
2848 3251 2975 3320 περὶ
3022 3250 3153 3303 Θεοῦ
3201 3252 3293 3303 καὶ
3320 3250 3425 3301 τῶν
3454 3249 3609 3302 θείων
3639 3247 3773 3315 γνὼ-

2231 3357 2386 3405 σεως,
2418 3342 2512 3393 καὶ
2546 3339 2652 3392 τῶν
2696 3341 2903 3410 ἀρετῶν
2944 3340 3200 3409 περιοχὴν
3235 3340 3558 3394 ἄπταιστον
3598 3339 3695 3406 τὴν
3719 3338 3776 3405 δὲ,

2230 3427 2516 3498 [γνώμην],
2571 3428 2645 3489 ὡς
2694 3427 2958 3481 ἐπιϐᾶσαν
3000 3429 3233 3497 γνησίως
3274 3430 3338 3497 τῇ
3391 3427 3634 3495 ἀληθείᾳ,
3685 3426 3774 3477 καὶ

2232 3520 2422 3585 πεῖραν
2437 3500 2535 3568 τοῦ
2568 3518 2709 3569 θείου
2738 3518 2932 3586 διαρκῆ
2960 3517 3365 3586 παρεχομένην·
3409 3515 3506 3583 τὴν
3537 3515 3591 3566 δὲ
3621 3515 3774 3584 [ἀγά-

2232 3605 2361 3676 πην]
2395 3606 2469 3669 ὡς
2509 3606 2779 3675 ὄληςτοῦ,
2805 3606 2937 3658 Θεοῦ
2988 3607 3128 3660 κατά
3165 3607 3423 3667 διάθεσιν,
3473 3605 3600 3673 ὃλην
3648 3622 3773 3675 μετ-

2232 3695 2462 3765 έχουσαν
2490 3695 2589 3763 τῆς
2624 3695 2980 3766 τερπνότητος
3000 3712 3014 3725 ο
3062 3695 3158 3763 τὴν
3207 3696 3261 3747 δὲ
3291 3693 3577 3765 [εἰρήνην],
3605 3695 3680 3758 ὡς
3709 3696 3777 3749 τά

2232 3785 2369 3838 αὐτὰ
2418 3785 2493 3853 τῷ
2548 3785 2666 3854 Θεῷ
2715 3787 3043 3859 πάσχουσαν,
3076 3785 3168 3838 καὶ
3214 3783 3440 3854 πάσχειν
3486 3785 3611 3848 τοὺς
3659 3781 3779 3833 κατ’

2231 3878 2397 3946 αὐτὴν
2452 3876 2776 3941 ἀξιωθέντας
2837 3876 3086 3944 γενέσθαι
3127 3876 3666 3947 παρασκευάζουσαν.
3714 3876 3775 3930 El

2230 3967 2334 4038 γὰρ
2389 3966 2450 4019 τὸ
2495 3966 2637 4040 θεῖον
2686 3965 2957 4029 παντελῶς
3009 3967 3280 4035 ἀκίνητον,
3316 3968 3389 4029 ὡς
3436 3967 3496 4019 τὺ
3539 3968 3775 4036 διοχλοῦν

2232 4060 2353 4109 καθ’
2381 4057 2555 4110 ὁτιοῦν
2599 4059 2699 4110 οὐκ
2730 4057 2851 4127 ἔχον
2914 4057 3001 4123 (Τί
3043 4058 3151 4124 γὰρ
3179 4060 3269 4109 καὶ
3315 4058 3377 4109 τὸ
3421 4056 3619 4125 φθάνον
3664 4056 3777 4109 ἐστὶ
3819 4046 3823 4049 ἦ

2231 4146 2329 4213 τὴν
2357 4145 2560 4198 ἐκείνου
2615 4143 3030 4215 περιωπήν;)τή
3072 4143 3136 4196 ,δὲ
3184 4144 3406 4212 εἰρήνη,
3454 4142 3777 4209 σταθερότης

2235 4236 2380 4286 ἐστὶν
2415 4235 2701 4304 ἀκλόνητός
2731 4251 2790 4285 τε
2819 4233 2917 4285 καὶ
2953 4232 3205 4301 ἀκίνητος
3227 4248 3241 4261 ο
3292 4231 3423 4297 πρὸς
3453 4230 3527 4293 δὲ,
3560 4229 3655 4281 καὶ
3688 4232 3778 4282 ἀν·

2236 4324 2511 4394 ενόχλητος
2537 4308 2835 4393 εὐφροσύνη
2858 4336 2871 4351 ’
2908 4318 3015 4391 ἄρα
3053 4321 3120 4373 τὰ
3144 4321 3260 4372 θεῖα
3291 4320 3349 4371 οὗ
3383 4319 3580 4387 πάσχει
3612 4321 3653 4349 ⁸⁷
3688 4318 3778 4371 καὶ

593 4426 854 4481 concussa
878 4423 979 4478 est,
1008 4430 1069 4484 ae
1091 4416 1386 4491 immobilis
1409 4418 1633 4473 ﬁrmitas
1657 4437 1669 4471 :
1704 4421 1769 4473 ad
1796 4422 1908 4487 haze
1926 4436 2055 4474 vero
2080 4432 2133 4475 et

2236 4415 2383 4466 πᾶσα
2412 4412 2575 4481 ψυχὴ,
2628 4415 2660 4480 ἡ
2708 4411 2803 4482 τὴν
2845 4411 2992 4463 θείαν
3025 4402 3417 4473 καταξιωθεῖσα
3454 4406 3778 4481 κομίσασθαι

595 4500 799 4559 laetitia,
849 4516 1006 4567 quam
1056 4505 1203 4556 nulla
1232 4506 1561 4561 interturbet
1602 4510 1880 4573 molestia;
1921 4525 2051 4562 num
2080 4521 2137 4565 et

593 4588 768 4642 cuivis
820 4590 1012 4643 anima:
1057 4591 1241 4644 divina
1292 4611 1395 4647 usu
1428 4597 1685 4661 veniunt,
1728 4613 1848 4666 quae
1898 4598 2135 4651 divinam

592 4692 710 4732 eam
736 4694 920 4760 pacem
954 4675 1193 4735 nancisci
1225 4685 1523 4735 meruerit?
1553 4670 1903 4754 quippeiqutn
1935 4686 2136 4739 nedum

594 4770 714 4821 vitii
744 4778 799 4821 et
835 4771 1172 4838 ignorantiae,
1206 4770 1587 4840 mendaciique
1626 4790 1687 4827 ac
1714 4775 1990 4859 nequitite,
2017 4792 2135 4844 qua:

596 4857 734 4908 mala
769 4859 981 4919 virtuti,
1005 4859 1266 4923 scientias,
1299 4851 1628 4928 veritatique
1656 4877 1719 4920 ac
1749 4851 1893 4915 bono
1922 4874 2138 4918 contra-

596 4946 696 5007 ria,
734 4946 1134 5001 innatnralibus
1152 4950 1355 5003 animat
1374 4950 1613 5003 motibus
1638 4967 1737 5004 eeu
1760 4952 1997 5006 stolones
2021 4955 2141 5021 qui-

596 5034 719 5087 dam
741 5024 1151 5101 adnascuntur;
1194 5040 1287 5091 sed
1313 5042 1423 5107 jam
1474 5042 1646 5110 ipsius
1677 5058 1891 5112 quoque
1923 5044 2141 5099 virtutis

556 5196 561 5201 ‘
596 5137 660 5174 ae
690 5123 952 5187 scientiae,
982 5125 1335 5193 Veritatisque
1363 5142 1423 5179 ac
1447 5128 1728 5195 bonitatis,
1751 5146 1886 5200 quas
1911 5132 2011 5200 ipsi
2043 5149 2141 5186 no-

595 5212 792 5273 vimus,
826 5212 991 5279 (pace
1021 5215 1171 5269 verbi
1206 5216 1476 5285 dixerim)
1528 5219 1661 5275 Ilnes
1692 5232 1996 5291 trangressa
2040 5223 2130 5285 sit,

492 5298 498 5303 ’
566 5314 659 5352 -ιο
686 5315 847 5367 supra
886 5317 1044 5369 quam
1082 5305 1240 5375 504
1278 5298 1581 5367 verissimo.
1627 5326 1993 5379 perquamque
2033 5327 2131 5377 op-

597 5388 730 5442 timo
780 5391 873 5443 Dei
913 5391 1102 5456 cubili,
1154 5396 1305 5462 juxta
1338 5398 1483 5452 illius
1536 5400 1872 5453 verissimam
1901 5402 2133 5473 promis-

597 5476 825 5542 sionem,
852 5484 1299 5550 arcanaquadam
1320 5503 1381 5540 ae
1412 5490 1591 5557 ignota
1621 5488 2131 5542 rationeinsederit:

2232 4506 2488 4573 εἰρήνην;
2537 4502 2611 4563 ὡς
2659 4504 2733 4570 μὴ
2770 4502 2927 4569 μόνον
2975 4501 3171 4562 κακίας
3202 4502 3293 4551 καὶ
3326 4500 3617 4565 ἀγνωσίας,
3648 4496 3777 4567 ψεύ-

2231 4596 2350 4656 δους
2378 4611 2435 4645 τε
2468 4593 2556 4645 καὶ
2592 4591 2871 4661 πονηρίας,
2909 4591 3016 4643 τῶν
3052 4593 3115 4659 τῇ
3147 4593 3313 4659 ἀρετῇ
3345 4591 3439 4641 καὶ
3472 4588 3687 4653 γνώσει,
3714 4589 3775 4655 τῇ

2231 4700 2290 4734 τε
2321 4682 2540 4750 ἀληθείᾳ
2569 4680 2660 4733 καὶ
2691 4681 2768 4748 τῷ
2794 4666 2984 4748 ἀγαθῷ
3031 4679 3415 4747 ἀντικειμένων
3458 4675 3687 4737 κακιῶν,
3724 4675 3777 4727 αι

2231 4772 2350 4829 ταῖς
2378 4767 2525 4836 παρὰ
2548 4766 2704 4833 φύσιν
2718 4767 2826 4833 ,τῆς
2851 4766 3024 4833 ψυχῆς
3040 4768 3282 4834 κινήσεσι
3311 4766 3776 4832 παρυφίστανται⁹

2232 4857 2346 4911 ἀλλ’
2378 4857 2477 4926 ἤδη
2517 4858 2609 4907 καὶ
2638 4854 2836 4936 ἀρετῆς
2882 4854 3052 4921 αὐτῆς
3085 4855 3178 4905 καὶ
3224 4853 3496 4920 γνώσεως,
3525 4852 3778 4921 ἀληθείας

2218 4963 2291 4997 ,τε
2340 4941 2405 4997 αὖ
2437 4944 2529 4995 καὶ
2558 4942 2887 5021 ἀγαθότητος
2926 4941 3033 4993 τῶν
3061 4943 3190 5010 ἡμῖν
3217 4940 3621 5009 διεγνωσμένων
3656 4940 3779 5001 τοὺς

2233 5040 2409 5109 ὅρους,
2445 5038 2493 5088 εἰ
2517 5036 2672 5105 θέμις
2702 5036 2891 5095 εἰπεῖν,
2923 5032 3224 5103 ὑπερδᾶσα,
3257 5032 3348 5085 καὶ
3393 5034 3458 5100 τῇ
3509 5030 3779 5100 ὑπεραλη-

2237 5126 2467 5195 θεστάτῃ
2502 5126 2606 5183 καὶ
2654 5121 2977 5192 ὑπεραγάθῳ
3005 5119 3159 5189 κοίτῃ
3201 5118 3291 5171 τοῦ
3332 5117 3491 5181 Θεοῦ,
3520 5116 3662 5168 κατά
3687 5114 3779 5182 τὴν

2238 5216 2636 5283 ἀψευδεστάτην
2679 5212 2841 5265 αὑτοῦ
2891 5197 3234 5278 ἐπαγγελίαν,
3281 5210 3538 5278 ἀρρήτως
3581 5221 3640 5255 τε
3692 5203 3780 5254 καὶ

2238 5305 2528 5371 ἀγνώστως
2567 5303 2757 5371 ἑαυτὴν
2796 5302 3194 5353 κατευνάσασα·
3231 5299 3306 5359 ὡς
3343 5297 3509 5366 μηδὲν
3533 5295 3655 5345 ’τῶν
3702 5292 3778 5343 δι-

2240 5395 2413 5463 οχλεῖν
2456 5396 2589 5461 αὐτῇ
2626 5392 2938 5459 πεφυκότων
2966 5390 3148 5443 λοιπὸν
3172 5389 3365 5459 ἔχουσα
3397 5384 3591 5453 φθάνον
3612 5381 3777 5447 αὐτῆς

2239 5487 2335 5553 τὴν
2363 5489 2418 5537 ἐν
2444 5484 2559 5553 Θεῷ
2588 5484 2944 5553 κρυφιότητα·
2976 5482 3092 5535 καθ’
3128 5482 3192 5549 ἣν
3228 5477 3497 5547 μακαρίαν
3525 5472 3623 5525 καὶ
3650 5487 3779 5524 παν·

1862 5602 2091 5655 VARI!!!)
2122 5599 2513 5657 LECTIONES.

666 5656 709 5685 ²⁷
734 5656 823 5710 Fr.
851 5660 953 5729 ἄρα
980 5662 1043 5714 τὰ
1061 5664 1173 5716 θεῖα
1205 5666 1417 5734 πάσχει.
