3958 6338
114 470 194 535 681

1464 460 1936 534 MYSTAGOGIA
1948 515 1964 531 .

3207 471 3316 534 682

111 580 250 649 αγίσν
292 580 505 652 κοίτην,
537 579 600 632 τὸ
647 577 872 658 φρικτὸν
905 578 1080 630 ἐκεῖνο
1107 577 1204 647 τῆς
1241 578 1377 646 ὑπὲρ
1409 575 1532 629 νοῦν
1563 578 1656 630 καὶ⁵

1764 577 1837 630 sic
1869 577 2130 631 nimirum
2174 588 2511 648 comparata,
2568 589 2626 633 ut
2674 595 2865 634 eorum
2911 595 3029 650 quae
3059 580 3317 649 sitttper-

109 671 244 739 λόγον
283 671 539 741 ἓνότητος
586 671 882 740 μυστήριον
930 667 1284 720 ἐπιτελεῖται·
1333 668 1400 720 δι’
1435 661 1496 722 οὗ
1551 669 1652 736 μία

112 762 230 832 σὰρξ
256 762 345 814 καὶ
393 761 452 813 ἓν
506 759 739 828 πνεῦμα,
790 761 818 812 ὅ
855 775 914 811 τε
950 748 1082 820 Θεὸς
1120 757 1256 828 πρὸς
1289 755 1385 827 τὴν
1423 757 1650 826 Ἐκπλη-

113 831 234 915 σίαν,
263 851 361 920 τὴν
392 848 572 918 ψυχὴν
614 849 681 910 ’⁸,
711 847 805 901 καὶ
847 851 878 917 ἡ
911 847 1056 916 ψυχὴ
1093 847 1227 916 πρὸς
1256 845 1378 921 τὸν,
1397 831 1529 898 Θεδν
1559 862 1650 913 γε-

110 939 307 1007 νήσεται
329 955 340 966 ·
371 931 418 990 ὦ
446 939 565 1000 πῶς
589 955 647 990 σε
677 937 817 992 ⁸⁹⁶³⁰.
849 933 1072 1006 Χριστὲ,
1102 934 1366 1002 θαυμάσιε)
1385 934 1484 1003 τῆς
1509 935 1648 999 ἀγα-

111 1027 329 1097 θότητος,
357 1028 420 1079 οὐ
451 1028 559 1095 γὰρ
589 1027 894 1096 ἁνυμνῆσαι
933 1026 1094 1093 φάναι
1122 1026 1393 1094 τολμήσω,
1437 1025 1464 1074 ὁ
1511 1024 1646 1092 μήτε
1687 1066 1690 1069 .

109 1117 226 1186 πρὸς
253 1118 309 1169 τὸ
337 1117 643 1186 θαυμάζειν
681 1115 840 1178 ἀξίως
892 1114 1165 1183 ἀρκοῦσαν
1194 1114 1331 1183 ἔχων
1360 1113 1456 1182 τὴν
1484 1113 1644 1164 δύνα-

111 1222 218 1278 μιν·
253 1210 538 1262 Ἔσονται
563 1207 670 1275 γὰρ
701 1207 756 1257 οἱ
784 1203 891 1256 δύο
929 1206 1014 1269 εἷς
1043 1202 1240 1270 σάρκα
1269 1203 1447 1270 μίαν·
1484 1203 1547 1254 τὸ
1581 1200 1648 1254 δὲ

106 1301 420 1370 μυστήριον
465 1297 642 1352 τοῦτο
675 1295 826 1365 μέγα
867 1295 1075 1350 ἐστίν·
1121 1294 1234 1364 ἐγὼ
1265 1293 1334 1370 δὲ
1367 1292 1523 1362 λέγω
1569 1296 1655 1359 εις

110 1393 342 1459 Χριστδν
395 1390 494 1443 καί
529 1392 615 1454 εἰς
655 1387 771 1455 τὴν
822 1387 1211 1454 Ἐκκλησίαν,
1243 1385 1406 1456 φησὶν
1437 1385 1465 1436 ό
1513 1382 1657 1447 θεῖος

119 1468 437 1542 Ἀπόστολος.
473 1479 591 1532 Καὶ⁴
616 1478 802 1531 πάλιν·
846 1476 899 1529 '0
924 1477 1298 1544 κολλώμενος
1333 1473 1410 1540 τῷ
1441 1474 1653 1542 Κιιοίῳ,

110 1570 168 1624 ἔικ-
192 1571 421 1640 πινεῦμά
455 1571 584 1623 ἐστι
596 1612 607 1623 .

1755 665 2048 730 turbando,
2101 667 2423 736 possintque
2459 671 2782 725 molestiam
2826 670 3038 732 facere,
3085 669 3202 739 ejus
3259 669 3314 735 in

1754 755 1866 809 Deo
1915 764 2186 810 secretum
2231 757 2459 827 attingat
2507 761 2666 824 nihil,
2727 777 2790 815 ac
2821 771 3317 830 assequatur;quo

1755 844 1812 898 in
1842 845 2003 899 beato
2049 862 2113 901 ac
2147 848 2496 902 sanctissimo
2536 851 2704 903 cubili
2756 853 3102 906 tremendum
3154 852 3311 918 illud,

1750 936 1870 1006 ejus
1901 937 2128 990 unitatis
2153 953 2273 1006 quae
2314 939 2513 992 mentis
2551 956 2768 1013 omnem
2822 944 3116 1012 cogitatum
3146 950 3316 1002 ratio-

1752 1041 1988 1096 nemque
2020 1035 2242 1095 superat
2287 1044 2347 1082 ac
2388 1045 2713 1097 sermonem,
2751 1034 3068 1102 mysterium
3103 1037 3317 1105 peragi-

1758 1123 1881 1177 tur;
1916 1117 2071 1184 cujus
2091 1118 2284 1185 gratia,
2337 1133 2444 1171 una
2472 1133 2599 1172 caro
2628 1136 2880 1190 unusque
2912 1123 3158 1190 spiritus,
3190 1141 3314 1180 cum

1756 1206 1902 1259 Deus
1939 1208 2064 1260 cum
2113 1206 2355 1261 Ecclesia
2397 1209 2633 1278 (nempe
2686 1211 2906 1282 anima)
2969 1222 3085 1266 tum
3133 1217 3312 1270 anima

1753 1311 1879 1350 cum
1907 1295 2020 1350 Deo
2047 1294 2332 1351 eﬁlcictur.
2363 1297 2407 1352 Ο
2435 1285 2710 1368 quomodo
2741 1312 2913 1366 tuam,
2945 1303 3186 1371 Christe,
3219 1308 3314 1362 bo-

1750 1390 1979 1445 nitatem
2009 1392 2323 1446 demirabor
2355 1408 2417 1446 ac
2452 1383 2778 1460 suspiciam!
2819 1395 2936 1449 Non
2965 1398 3110 1456 enim
3139 1402 3314 1453 ausim

1752 1480 1963 1545 dicere,
1992 1481 2260 1549 Laudabo,
2302 1484 2393 1552 qui
2423 1490 2600 1552 neque
2644 1485 2710 1538 ad
2738 1485 2901 1554 digne
2934 1488 3312 1544 admirandum

1752 1573 1995 1645 satisque
2019 1575 2426 1643 suspiciendum
2451 1574 2752 1629 sufﬁciente
2783 1576 3084 1631 instructus
3118 1580 3316 1633 virtute

112 1659 382 1718 exsistam:
423 1663 596 1716 Erunt
632 1661 780 1716 enim
840 1661 941 1714 duo
974 1662 1030 1716 in
1054 1673 1214 1715 carne
1255 1677 1383 1713 una.
1421 1657 1822 1716 Sacrameutum
1852 1665 1947 1717 hoc
1978 1682 2229 1735 magnum
2261 1673 2335 1718 est
2356 1681 2373 1728 ;
2410 1679 2501 1732 ego
2547 1676 2721 1718 autem
2757 1667 2870 1719 dico
2930 1669 2984 1719 in
3008 1669 3231 1733 Christo,
3267 1679 3318 1722 et

110 1757 152 1806 in
174 1755 426 1818 Ecclesia,
465 1755 644 1823 inquit
676 1754 896 1808 divinus
924 1753 1222 1822 Apostolus
1259 1759 1304 1803 °.
1344 1752 1411 1806 Et
1449 1753 1646 1805 iterum
1682 1770 1694 1804 :
1738 1752 1838 1818 Qui
1861 1753 2092 1808 adhaeret
2134 1755 2261 1820 Deo,
2301 1773 2435 1809 unus
2465 1757 2685 1823 spirit-us
2713 1766 2785 1809 est
2809 1768 2853 1810 r.

163 1846 312 1901 Οὖτω
347 1846 476 1913 γοῦν
509 1845 711 1914 ἐνοειδῆ
764 1845 1062 1912 γενομένην
1111 1841 1323 1912 ψυχὴν,
1373 1843 1466 1895 καὶ
1524 1842 1656 1912 πρὸς

1829 1843 1932 1900 Ubi
1962 1845 2131 1923 igitur
2170 1846 2351 1899 anima
2390 1845 2470 1898 sic
2503 1845 2800 1900 uniformis
2847 1849 3107 1911 evaserit,
3141 1865 3204 1903 ac
3237 1866 3319 1903 se-

113 1936 288 2005 ἐαυτὴν
317 1937 413 1990 καὶ
437 1936 530 1990 τδν
571 1934 714 1988 Θεὸν
759 1933 1132 2005 συναχθεῖσαν,
1167 1934 1267 1987 οὐκ
1303 1933 1457 1987 ἔσται
1504 1936 1531 1986 ό
1573 1936 1652 1996 είς

114 2026 261 2080 πολλὰ
311 2027 434 2080 κατ’
492 2027 733 2080 ἐπίνοιαν
785 2026 953 2096 αὐτὴν
986 2025 1065 2077 ἔτι
1109 2024 1330 2095 διαιρῶν
1370 2024 1545 2091 λόγος,
1578 2023 1655 2093 τῷ

111 2119 292 2189 πρώτῳ
346 2117 444 2172 καὶ
493 2117 637 2186 μόνῳ
685 2118 778 2169 καὶ
823 2116 904 2168 ἑνὶ
940 2115 1098 2184 Λόγῳ
1144 2130 1204 2165 τε
1244 2114 1336 2167 καὶ
1368 2113 1486 2183 Θεῷ
1521 2131 1652 2166 κατ-

70 2236 81 2241 -
111 2212 432 2282 εστεμμένην
461 2209 560 2280 τὴν
591 2207 866 2276 κεφαλήνο
889 2207 946 2258 ὲν
967 2200 1010 2273 ᾧ
1029 2205 1167 2257 κατὰ
1205 2207 1331 2274 μίαν
1367 2206 1656 2274 ἀπερινόη-
1694 2212 1707 2213 “

111 2315 192 2352 τον
234 2298 508 2371 ἁπλότητα
541 2295 741 2358 πάντες
777 2295 828 2348 oi.
878 2294 986 2348 τῶν
1025 2293 1192 2348 ὄντων
1220 2293 1364 2359 λόγοι
1410 2293 1655 2355 ὲνοειδῶς

114 2390 198 2443 καὶ
223 2390 324 2442 εἰσὶ
355 2371 450 2442 καὶ
475 2387 864 2458 ὑφεστήκασιν,
899 2385 974 2447 ὡς
1001 2381 1318 2454 δημιουργῷ
1346 2380 1454 2434 τῶν
1487 2381 1654 2434 ὄντων

113 2481 197 2532 καὶ
256 2481 486 2550 ποιητῇ·
545 2471 589 2544 ᾧ
653 2475 1060 2540 ενατενίζουσα,
1117 2472 1217 2525 οὐκ
1271 2469 1425 2545 ἐκτὸς
1484 2468 1656 2537 αὐτῆς

111 2571 244 2633 δντι,
303 2570 418 2625 ἀλλ’
480 2572 539 2623 ὲν
601 2551 704 2640 ’ὅλῃ
755 2566 889 2637 ὅλῳ,
938 2563 1078 2620 κατὰ
1122 2563 1298 2628 ἁπλῆν
1352 2558 1657 2631 προσϐολὴν

111 2664 296 2718 εἴσεται
344 2665 436 2716 καὶ
483 2662 621 2730 αὐτὴ
670 2663 795 2724 τοὺς
846 2661 952 2711 τῶν
982 2659 1151 2712 ὅντων
1198 2658 1384 2724 λόγους
1423 2655 1514 2708 καὶ
1561 2653 1659 2715 τὰς

112 2755 293 2818 αίτίας,
321 2754 386 2807 δι’
417 2754 511 2815 οὓς
540 2752 697 2820 τυχὸν
728 2753 854 2820 πρὶν
881 2747 1254 2818 νυμφευθῆναι
1285 2745 1360 2814 τῷ
1379 2744 1542 2813 ’Λόγῳ
1569 2744 1658 2796 καὶ

111 2846 218 2913 Θεῷ
244 2849 360 2908 ταῖς
393 2844 745 2913 διαιρετικαῑς
788 2843 1028 2911 ὑπήγετο
1067 2839 1339 2909 μεθόδοις·
1380 2837 1657 2899 σωστικῶς

111 2953 165 2988 τε
206 2937 267 2989 δι’
303 2933 610 2990 αὐτῶνκαὶ
643 2931 971 3001 ὲναρμονίως
1002 2929 1135 2999 πρὸς
1167 2925 1329 2981 αὐτὸν
1359 2925 1654 2996 φερομένη,

113 3029 196 3080 τὸν
240 3029 435 3090 παντὸς
464 3027 624 3094 λόγου
657 3025 748 3083 atati.
787 3024 963 3093 πάσης
1009 3020 1186 3083 αἰτίας
1217 3015 1560 3089 περιεκτικόν
1599 3033 1658 3069 τε

112 3120 198 3172 καὶ
225 3121 464 3188 ποιητήν.

188 3295 394 3364 Ἐπειδὴ
439 3290 614 3348 ταῦτα
655 3292 832 3345 τοίνυν
873 3293 972 3361 τῆς
998 3289 1175 3360 ψυχῆς
1225 3287 1380 3352 εἰσιν,
1416 3285 1490 3348 ὡς
1520 3285 1654 3353 ἔφα-

83 3374 86 3378 ’
116 3405 230 3454 μεν,
266 3391 400 3441 κατὰ
433 3386 560 3441 νοῦν
594 3385 692 3453 μὲν
717 3385 941 3452 ἐχούσης
971 3381 1196 3450 δυνάμει
1223 3381 1318 3448 τὴν
1351 3378 1559 3446 σοφίαν,
1595 3377 1656 3429 ἐκ

113 3478 167 3529 δὲ
197 3483 285 3548 τῆς
315 3478 501 3547 σοφίας
533 3477 630 3544 τὴν
658 3473 909 3544 θεωρίαν,
965 3476 1029 3524 ὲκ
1070 3471 1128 3524 δὲ
1160 3471 1361 3538 ταύτης
1388 3469 1484 3538 τὴν
1514 3468 1656 3535 γνῶ-

116 3584 224 3621 σιν·
255 3572 314 3624 ἐκ
340 3571 393 3622 δὲ
424 3572 524 3638 τῆς
548 3567 801 3636 γνώσεως
831 3564 928 3636 τὴν
955 3564 1184 3634 ἄληστον
1214 3562 1415 3630 γνῶσιν
1435 3577 1446 3589 ·
1495 3559 1561 3612 δι’
1593 3553 1660 3630 ἧς

111 3661 246 3730 ’πρὸς
292 3662 386 3733 τὴν
431 3661 688 3732 ἀλήθειαν
736 3658 812 3722 ὡς
841 3659 1010 3727 πέρας
1041 3656 1134 3709 καὶ
1162 3655 1316 3715 τέλος
1359 3648 1523 3706 οὖσαν
1553 3651 1660 3702 τῶν

115 3753 253 3804 κατὰ
276 3754 392 3806 νοῦν
421 3751 644 3820 ἀγαθῶν
689 3751 876 3818 ἄγεται
897 3765 910 3778 ·
946 3748 1085 3800 κατὰ
1121 3747 1178 3798 δὲ
1202 3745 1292 3798 τὸν
1321 3744 1476 3810 λόγον
1505 3739 1661 3810 ὲχού-
1698 3763 1703 3768 -

116 3857 214 3908 σης
243 3843 332 3910 τὴν
359 3843 641 3910 φρόνησιν,
683 3843 746 3891 ἐκ
788 3839 846 3890 δὲ
891 3839 1091 3906 ταύτης
1117 3835 1213 3904 τὴν
1257 3833 1476 3903 πρᾶξιν,
1504 3833 1568 3884 ὲκ
1607 3829 1662 3882 δὲ

113 3931 213 4001 τῆς
251 3933 490 4003 πράξεως
527 3932 625 3999 τὴν
656 3929 874 3999 ἀρετὴν,
899 3931 962 3980 ὲκ
1002 3928 1058 3978 δὲ
1095 3927 1296 3994 ταύτης
1323 3926 1421 3994 τὴν
1451 3922 1627 3975 πίστιν
1648 3961 1660 3984 ,

118 4021 239 4074 καθ’
266 4023 324 4090 ἢν
354 4023 432 4083 εἰς
474 4019 534 4072 τὸ
576 4018 776 4085 ἀγαθὸν
803 4017 876 4079 ὡς
903 4015 1058 4076 τέλος
1097 4015 1360 4080 μκᾶριον
1389 4011 1497 4064 τῶν
1524 4011 1665 4077 λογι-

115 4112 232 4164 κῶν
261 4111 511 4183 ἒνεργιῶν
550 4107 848 4177 Ξιαταλήγει
871 4122 885 4136 ·
915 4105 1002 4158 ·δι’
1035 4098 1108 4156 ὧν
1144 4104 1176 4171 ἡ
1224 4101 1333 4155 τῶν
1360 4102 1518 4154 θείων
1549 4105 1666 4154 ὲπι-

121 4204 316 4274 στήμη,
345 4183 483 4256 κατὰ
513 4200 729 4254 σύνοδον
765 4199 863 4268 τῆς
891 4197 1026 4266 πρὸς
1062 4194 1265 4264 ἄλληλα
1294 4192 1496 4247 τούτων
1538 4192 1667 4244 ὲνὼ-

119 4308 279 4356 σεως,
306 4294 620 4360 συλλέγεται
639 4307 652 4322 ο
687 4290 825 4361 πρὸς
868 4288 1038 4342 ταῦτα
1066 4287 1242 4340 πάντα
1272 4283 1456 4351 σαφῶς
1496 4282 1667 4351 ἁρμὸν

118 4381 292 4445 (erat,
323 4383 461 4436 κατὰ
491 4382 589 4451 τὴν
613 4382 841 4452 θεωρίαν
869 4376 1192 4448 εἰκαζομένη
1218 4379 1282 4445 τῇ
1306 4375 1449 4443 ψυχῇ
1479 4374 1510 4440 ἡ
1541 4371 1694 4438 ἁγία,

1757 1949 1880 1988 eum
1937 1935 2073 2004 ipsa,
2110 1942 2165 1987 et
2191 1934 2469 1995 cumDeo
2517 1934 2743 1988 collecta
2786 1935 2975 1999 fuerit,
3027 1936 3169 1990 haud
3202 1938 3313 2006 jam

1756 2026 1863 2079 erit
1901 2026 2059 2087 ratio,
2088 2041 2207 2094 quae
2235 2024 2431 2080 subtili.
2461 2039 2578 2078 eam
2612 2025 2852 2094 cogitatu
2887 2025 2939 2077 in
2967 2028 3139 2079 multa
3172 2027 3318 2080 divi-

1757 2115 1880 2180 dat;
1917 2115 2116 2185 quippe
2141 2130 2265 2169 cum
2285 2115 2461 2182 prima
2487 2117 2710 2184 solaque
2744 2131 2806 2169 ac
2837 2131 2941 2169 una
2962 2114 3052 2169 illa
3081 2118 3314 2177 ratione,

1757 2206 1976 2275 Deoqne
1995 2214 2318 2260 coronatum
2342 2214 2504 2275 caput
2529 2206 2728 2259 haheat
2753 2223 2766 2270 ;
2795 2205 2848 2259 in
2874 2218 3006 2274 quo,
3039 2221 3135 2274 per
3153 2223 3318 2260 unam

1756 2311 1876 2362 qua:
1903 2296 2198 2366 cogitatum
2231 2312 2446 2350 omnem
2467 2306 2715 2367 supcrat,
2745 2297 3172 2366 simplicitatem,
3201 2289 3337 2350 om?

1756 2401 1856 2440 nes
1887 2400 2068 2441 rerum
2121 2387 2360 2442 rationes
2404 2388 2754 2443 uniformiter
2787 2397 3042 2458 tanquam
3089 2391 3141 2442 in
3175 2391 3319 2458 ipsa—

1757 2492 1878 2532 rum
1913 2485 2136 2532 auctore
2177 2493 2239 2533 ac
2283 2477 2499 2547 opiﬁce,
2543 2479 2818 2532 exsistunt
2861 2478 3318 2545 consistuntque;

1759 2567 1812 2622 in
1842 2582 2027 2638 quem,
2068 2571 2162 2638 qui
2191 2584 2298 2622 non
2343 2581 2496 2624 extra
2550 2569 2743 2638 ipsam,
2807 2567 2900 2622 sed
2938 2569 2991 2620 in
3023 2575 3134 2622 tota
3173 2576 3319 2622 totus

1757 2662 2002 2726 exsistat,
2041 2661 2276 2732 simplici
2305 2672 2502 2718 conatu
2529 2677 2592 2716 ac
2619 2663 2821 2716 intuitu
2860 2660 3173 2726 intendens,
3206 2662 3362 2730 ipsaf

1757 2758 1974 2820 quoque
1991 2768 2175 2806 rerum
2205 2755 2446 2807 rationes
2463 2769 2761 2822 causasque
2782 2752 3068 2819 intelliget,
3099 2752 3168 2804 ob
3186 2767 3321 2820 quas

1757 2842 1897 2897 forte
1943 2851 2236 2911 antequam
2275 2845 2449 2898 Verbo
2502 2861 2565 2897 ac
2597 2845 2707 2897 Deo
2745 2853 2894 2896 esset
2921 2844 3208 2908 desponsa,
3241 2842 3324 2893 di-

1758 2930 1985 2988 visionis
2028 2933 2113 2987 via
2163 2948 2226 2987 ac
2278 2930 2490 2987 ratione
2533 2931 2953 3009 pelliciebatur;
3001 2946 3064 2983 ac
3120 2929 3323 2998 quibus

1760 3015 1882 3081 cum
1930 3025 2124 3089 salute,
2166 3039 2567 3093 numeroseque
2605 3039 2668 3078 ac
2711 3023 2978 3077 concinne
3013 3021 3078 3076 ad
3118 3022 3319 3090 ipsum,

1761 3114 1857 3186 qui
1896 3131 2115 3170 omnem
2161 3116 2452 3178 rationem,
2505 3129 2835 3183 omnemque
2893 3127 3110 3167 causam
3144 3111 3323 3165 conti-

1761 3216 1874 3268 net,
1910 3216 2207 3274 auctorque
2239 3207 2432 3259 harum
2463 3205 2694 3280 exsistit,
2738 3203 3033 3270 ferebatur.

1824 3294 1960 3360 Quia
1980 3285 2153 3363 igitur
2205 3295 2339 3354 haec,
2375 3304 2435 3346 ut
2477 3293 2737 3355 diximus,
2783 3293 2978 3344 animm
3024 3299 3171 3352 sunt,
3204 3306 3325 3358 qum

1757 3377 1819 3440 in'
1841 3393 2022 3440 mente
2047 3387 2289 3454 poten‘tia
2320 3384 2642 3454 sapientiam
2667 3371 2884 3447 habeat,
2914 3397 3086 3449 exque
3111 3384 3325 3450 sapien-

1758 3473 1833 3527 tia
1863 3473 2412 3541 contemplationctn,
2445 3480 2610 3540 atque
2658 3487 2725 3524 ex
2757 3471 2847 3524 illa
2896 3469 3215 3533 scientiam;
3259 3483 3326 3520 ex

1759 3565 1992 3620 scicntia
2037 3565 2276 3634 denique
2325 3560 2678 3618 indelebilem
2719 3563 2866 3617 illam
2913 3577 2977 3615 ac
3005 3569 3325 3630 perpetuam

1760 3661 2064 3722 scientiam,
2104 3676 2210 3730 qua
2256 3659 2322 3714 ad
2370 3661 2656 3714 veritatem
2689 3658 2913 3719 ducitur
2956 3665 3014 3710 ut
3057 3656 3326 3708 bonorum

1761 3749 1926 3802 animi
1964 3751 2254 3816 terminum
2287 3765 2349 3803 ac
2387 3750 2582 3808 tinem;
2638 3750 2800 3816 inque
2837 3749 3045 3802 ratione
3085 3747 3329 3814 pruden-

1765 3841 1915 3901 tiam,
1945 3838 2107 3908 atque
2138 3856 2203 3893 ex
2236 3841 2327 3892 illa
2370 3841 2664 3902 actionem,
2698 3855 2765 3892 ex
2794 3839 3010 3891 actione
3044 3838 3328 3892 virtutem.

1761 3945 1936 3999 exque
1969 3931 2058 3983 illa
2089 3929 2282 3994 ﬁdem;
2317 3931 2476 3997 cujus
2509 3943 2736 3983 munere
2769 3928 2821 3980 in
2873 3927 3039 3989 bono,
3073 3934 3328 3994 tanquam

1767 4021 1926 4075 beato
1973 4019 2078 4074 line
2127 4020 2511 4089 operationum
2561 4018 2792 4072 rationis
2834 4017 3034 4071 desinit
3082 4028 3146 4070 ac
3195 4032 3329 4069 con-

1767 4112 2030 4183 quiescit;
2063 4127 2160 4180 per
2183 4127 2304 4180 qua:
2329 4111 2640 4165 divinorum
2674 4111 2764 4165 illa
2790 4108 3019 4164 scientia
3042 4123 3109 4161 ex
3136 4107 3331 4160 horum

1771 4204 1915 4256 inter
1944 4216 2001 4254 se
2031 4201 2253 4254 unionis
2284 4215 2560 4254 concursu
2587 4200 2867 4268 colligitur
2895 4213 2960 4251 ac
2991 4196 3148 4267 505
3174 4211 3333 4265 para-

1771 4303 1891 4355 tur;
1945 4291 2012 4343 ad
2068 4291 2184 4344 haec
2225 4290 2411 4341 omnia
2461 4297 2653 4355 aperte
2694 4287 2986 4356 quadrabit
3032 4286 3334 4341 secundum

1773 4376 2074 4449 spiritalem
2119 4378 2536 4447 intelligentiam
2574 4378 2768 4430 animae
2817 4377 3117 4430 assimilata
3152 4389 3338 4431 sancta
3389 4359 3398 4368 ’

119 4471 214 4522 τοῦ
270 4472 394 4524 Θεοῦ
432 4471 760 4540 Ἐκκλησίαο.
791 4471 858 4523 τὰ
898 4470 998 4540 μὲν
1026 4469 1169 4521 κατᾶ
1217 4467 1341 4520 νοῦν
1374 4465 1550 4517 πάντα
1578 4464 1665 4514 καὶ

1778 4471 1873 4524 Dei
1904 4467 2173 4532 Ecclesia;
2209 4483 2330 4536 quae
2359 4483 2423 4520 ea
2452 4482 2573 4535 quae
2620 4467 2674 4519 in
2708 4475 2912 4529 mente,
2942 4481 3119 4543 exque
3155 4475 3338 4519 mente

123 4563 188 4611 ἐκ
230 4563 317 4613 τοῦ
356 4564 441 4616 νοῦ
474 4561 616 4628 κατὰ
663 4560 886 4629 πρόοδον
932 4555 1070 4611 εἶναι
1113 4558 1412 4626 δειχθέντα,
1452 4555 1539 4608 διὰ
1582 4551 1676 4605 τοῦ

125 4657 388 4722 ἱερατείου
425 4654 764 4724 σημαίνουσα
783 4664 796 4678 ⁸
833 4648 900 4701 τὰ
936 4647 990 4699 δὲ
1021 4646 1162 4699 κατὰ
1188 4648 1278 4697 τὸν
1307 4647 1462 4711 λόγον
1488 4644 1580 4695 καὶ
1619 4644 1682 4694 ὲκ

121 4743 218 4797 τοῦ
253 4743 406 4810 λόγου
438 4744 580 4797 κατὰ
613 4738 903 4810 ¹διαστολὴν
944 4731 1082 4788 εἶναι
1114 4734 1442 4803 δηλωθέντα,
1473 4734 1559 4788 διὰ
1587 4731 1680 4786 τοῦ

122 4833 257 4887 ναοῦ
292 4835 676 4902 σαφηνίζουσα·
730 4830 821 4884 καὶ
875 4828 1046 4880 πάντα
1093 4824 1400 4890 συνάγουσα
1447 4822 1582 4891 πρὸς
1623 4822 1684 4877 τὸ

121 4922 441 4990 τελούμενον
489 4923 582 4974 ἐπὶ
628 4916 896 4995 τοῦθείου
927 4914 1309 4985 θυσιαστηρίου
1345 4913 1674 4982 μυστήριονο

117 5017 265 5082 ὅπερ
295 5013 376 5065 διὰ
396 5012 502 5066 τῶν
541 5013 685 5064 κατὰ
712 5012 810 5082 τὴν
851 5007 1172 5076 Ἐκκλησίαν
1198 5003 1629 5070 ἐπιτελουμένων
1653 5005 1681 5055 6

119 5102 374 5173 δυνηθεὶς
419 5100 723 5170 ἐμφρόνως.
757 5099 852 5151 καὶ
899 5097 1074 5164 σοφῶς
1121 5093 1410 5164 μυηθῆναι,
1454 5091 1681 5159 Ἐκκλη-

123 5197 250 5249 σίαν
278 5193 436 5253 ὅντως
465 5189 624 5248 Θεοῦ,
657 5186 761 5262 καὶ,
783 5187 928 5239 θείαν
957 5187 1054 5258 τὴν
1093 5183 1287 5238 ἑαυτοῦ
1333 5181 1510 5252 ψυχὴν
1554 5198 1684 5234 κατ-

123 5265 424 5348 εστήσατοο
472 5282 536 5334 δι’
584 5280 651 5347 ἢν
701 5278 850 5337 ίσως,
899 5278 990 5328 καὶ
1019 5271 1083 5347 ἦς
1115 5275 1556 5347 ἡχειροποίητος
1593 5271 1682 5322 ὲκο

124 5374 334 5444 πλησία
358 5373 526 5440 σοφῶς
566 5368 654 5420 διὰ
694 5365 795 5434 τῆς
824 5365 882 5415 ὲν
907 5355 1042 5436 αὐτῇ
1080 5365 1186 5419 τῶν
1217 5365 1374 5418 θείων
1413 5362 1683 5426 ποικιλίας

198 5534 227 5563 ⁸
253 5527 447 5596 Ephes.
472 5545 522 5589 ν,
546 5525 634 5578 32.
665 5583 675 5591 ,
715 5520 779 5574 Pl
809 5518 938 5572 Cor.
960 5535 1033 5581 vr,
1060 5520 1171 5575 17..

1778 4555 2077 4610 secundum
2124 4570 2445 4625 processum
2496 4555 2764 4610 exsistere
2833 4555 3087 4609 universa
3149 4563 3338 4609 osten-

1777 4645 1979 4708 dimus,
2023 4661 2122 4716 per
2169 4647 2474 4700 sacrarium
2527 4645 2833 4715 signiﬁcet;
2886 4661 3006 4714 qua:
3059 4654 3238 4698 autem
3284 4645 3338 4698 in

1779 4738 2012 4802 ratione,
2067 4753 2240 4806 exque
2297 4737 2511 4790 ratione
2575 4736 2876 4790 secundum
2933 4736 3343 4790 distractionem

1780 4840 1902 4880 esse
1947 4835 2249 4880 monstrata
2281 4825 2567 4894 sunt,'per
2603 4826 2866 4893 templum
2907 4825 3182 4889 declaret;
3208 4841 3346 4879 cun-

1785 4924 1980 4984 ctaque
2019 4932 2186 4985 penes
2223 4918 2542 4986 mysterium
2571 4915 2716 4982 quod
2747 4915 2800 4968 in
2827 4915 3013 4967 divino
3039 4915 3196 4967 altari
3226 4931 3347 4982 per-

1786 5003 1985 5074 agitur,
2007 4995 2258 5077 colligat:
2287 5005 2430 5076 quod
2455 5005 2705 5074 quisquis
2739 5019 2805 5057 ex
2832 5003 2898 5056 iis
2924 5017 3045 5071 quae
3073 5003 3128 5056 in
3156 5003 3346 5058 Eccle-

1789 5093 1869 5146 sia
1893 5095 2252 5150 celebrantur
2281 5098 2515 5149 solerter
2539 5109 2601 5148 ac
2633 5095 2912 5162 sapienter
2938 5091 3126 5146 doceri
3146 5077 3345 5160 potuit,

1789 5181 1883 5234 Dei
1917 5197 2108 5236 revera
2136 5185 2456 5249 Eoclesiam,
2486 5185 2840 5253 divinamque
2863 5198 3016 5237 suam
3065 5182 3180 5251 ipse
3235 5184 3342 5238 ani-

1769 5287 1931 5325 mam
1991 5271 2264 5339 reddidit;
2315 5279 2395 5329 in;
2425 5279 2580 5345 cujus
2611 5276 2751 5331 forte
2795 5277 3048 5346 gratiam,
3081 5290 3145 5330 ac
3197 5277 3349 5346 cujus

1788 5361 2086 5430 symbolice
2108 5366 2386 5433 exemplar
2421 5367 2729 5420 manufacta
2763 5366 3015 5430 ecclesia,
3041 5379 3138 5434 per
3159 5379 3345 5420 eorum

1389 5667 1623 5746 vtam
1663 5665 2059 5722 LECTIONES.
2154 5629 2160 5635 ’

206 5793 255 5826 ⁵⁸
301 5791 388 5848 Fr.
417 5791 716 5863 ἰκκλησίαν
742 5788 1048 5859 ψυχήν.¹⁹³⁰
1091 5801 1255 5854 γραφ.
1290 5787 1382 5838 καὶ
1410 5786 1526 5840 σοῦ.

373 5886 630 5947 Paxaea.
665 5887 781 5946 Gn;
819 5882 979 5943 XCI.

2960 5875 3045 5936 22
