3958 6338
681 466 779 528 (83

1830 464 1887 525 S.
1932 465 2215 524 MAXIMI
2254 465 2757 525 CONFESSORIS
3786 471 3863 531 αςί

675 587 796 640 qua:
825 573 878 625 in
919 590 982 627 ea
1007 574 1191 628 divina
1225 584 1581 645 peraguntur,
1626 574 1967 641 varietatem,
2025 574 2242 644 sapien-

2355 574 2483 627 κατὰ
2516 576 2780 646 σύμϐολον
2809 571 2942 628 οὖσα
2975 579 3344 651 παράδειγμα,
3383 582 3515 649 πρὸς
3560 581 3763 650 ὁδηγίαν
3794 582 3861 633 τοῦ

678 673 761 716 ter
791 667 969 727 nobis,
1008 677 1067 720 ut
1096 667 1161 719 ad
1196 668 1489 721 honestum
1532 668 1811 733 Deumque
1847 665 2097 733 duceret,
2130 675 2241 720 tra-

678 754 789 809 dita
819 767 921 810 est.

1287 862 1512 918 CAPUT
1551 864 1637 918 VI.

679 974 969 1039 Quomodo,
1021 996 1063 1028 ιε
1087 993 1319 1051 quanam
1350 982 1555 1051 ratione
1584 982 1742 1032 etiam
1773 996 1929 1034 sacra
1975 979 2251 1051 Scriptura

1258 1048 1409 1099 homo
1445 1048 1670 1100 dicatur.

749 1156 1029 1226 Scriptura
1102 1158 1254 1211 homo
1337 1161 1605 1227 mysticus.
1659 1190 1728 1201 —-
1776 1160 2251 1226 Quemadmodum

678 1259 859 1303 autem
897 1248 1210 1317 anagogica,
1259 1263 1565 1317 sensusque
1612 1252 1969 1305 remotissimi
2007 1261 2255 1307 contem-

600 1400 601 1405 η
678 1340 943 1408 platione,
987 1339 1288 1392 Ecclesiam
1357 1340 1578 1394 dicebat
1633 1356 1754 1395 esse
1806 1342 2085 1396 hominem
2139 1342 2254 1412 spi-

680 1431 929 1496 ritalem;
977 1428 1257 1484 hominem
1314 1442 1521 1495 autem,
1576 1432 1862 1502 mysticam
1912 1432 2251 1497 Ecclesiam;

679 1521 754 1573 ita
817 1520 983 1583 etiam
1060 1520 1376 1573 universam
1450 1535 1562 1574 uno
1624 1522 2255 1597 complexu'simulque

680 1617 951 1676 sumptam
1023 1607 1401 1677 Scripturam,
1476 1611 1759 1665 hominem
1829 1627 1951 1666 esse
2018 1613 2249 1678 aiebat;

680 1712 800 1764 qua:
856 1695 1117 1748 nimirum
1181 1696 1351 1749 Vetus
1403 1697 1838 1763 Testamentum,
1883 1714 2086 1769 corpus
2146 1700 2249 1753 ha-

680 1788 836 1852 beat;
875 1787 1087 1839 Novum
1140 1796 1348 1851 autem,
1382 1788 1642 1853 animam,
1692 1789 1946 1857 spiritum
1998 1800 2053 1845 et
2094 1806 2252 1845 men-

680 1888 811 1929 tem.
871 1878 949 1931 Ac
982 1892 1197 1939 rursus,
1236 1878 1406 1932 totius
1456 1879 1758 1947 Scriptura:
1788 1895 1979 1944 sacrm,
2034 1880 2253 1935 Veteris

678 1967 884 2035 pariter
926 1982 988 2019 ac
1031 1967 1167 2021 Novi
1211 1967 1548 2022 Testamenti
1577 1970 1818 2024 litteram
1851 1970 1919 2025 ad
1962 1972 2251 2027 historiam

677 2065 1019 2125 spectantem
1055 2072 1259 2126 corpus
1284 2074 1440 2124 esse;
1476 2074 1698 2113 sensum
1737 2077 1869 2115 VCFO
1902 2076 2097 2115 eorum
2130 2077 2252 2130 qua:

678 2149 991 2216 conscripta
1022 2157 1173 2213 sunt,
1206 2163 1269 2202 ac
1301 2165 1527 2218 scopum
1556 2150 1611 2203 in
1656 2167 1818 2219 quem
1845 2152 1937 2206 ille
1962 2152 2248 2217 collineat,

678 2241 939 2292 animant.
972 2238 1067 2293 llis
1099 2252 1200 2308 ego
1231 2239 1454 2305 auditis,
1495 2242 1576 2293 sic
1612 2249 1928 2294 accuratam
1960 2256 2250 2310 compara-

681 2330 885 2383 tionem
922 2344 1271 2399 summopere
1296 2331 1623 2393 admiratus,
1661 2346 1789 2384 eum
1814 2333 1907 2399 qui
1934 2348 2035 2400 pro
2070 2332 2253 2386 meriti

680 2419 894 2474 ratione
938 2422 1139 2488 cuique
1200 2418 1343 2472 dona
1392 2434 1633 2488 congrue
1686 2420 1936 2490 largitur,
1987 2430 2254 2490 quantum

682 2510 843 2562 licuit
897 2525 996 2579 per
1030 2510 1367 2574 facultatem,
1398 2508 1637 2563 laudavi.
1674 2510 1827 2565 Sicut
1877 2512 2025 2565 enim
2068 2520 2256 2565 noster

681 2601 771 2654 nic
824 2601 1012 2667 homo,
1069 2602 1189 2671 ejus
1226 2601 1436 2656 ratione
1471 2601 1618 2671 quod
1668 2602 1843 2656 oculis
1895 2602 2255 2672 conspicuum

680 2699 786 2753 est,
820 2690 1070 2743 mortalis
1099 2705 1225 2742 cum
1276 2690 1384 2755 sit;
1421 2691 1541 2759 ejus
1582 2690 1795 2745 ratione
1826 2690 1973 2759 quod
2009 2707 2119 2743 non
2170 2699 2257 2745 est

680 2778 1064 2845 conspicuum,
1116 2777 1445 2830 immortalis
1478 2777 1727 2842 exsistit;
1784 2779 1863 2831 sic
1902 2793 2123 2846 quoque
2167 2778 2255 2831 di-

682 2865 809 2917 vina
856 2866 1164 2934 Scriptura,
1213 2881 1334 2933 qua:
1386 2867 1628 2919 litteram
1695 2868 1943 2936 quidem,
1995 2884 2118 2937 qua:
2170 2878 2281 2923 est.

2350 668 2655 737 κρείττονος
2699 670 2831 740 ἡμῖν
2862 669 3150 741 παρεδόθη.

2936 864 3190 919 ΚΕΦΑΛ.
3227 867 3316 933 ς’.

2349 970 2481 1037 Πῶς
2528 972 2627 1025 καὶ
2673 974 2824 1038 ποίῳ
2870 977 3066 1051 τροπῳ
3102 977 3414 1051 ᾅᾲνθρωᾳτος
3451 983 3680 1051 λέγεται
3717 982 3797 1034 καί
3832 981 3859 1046 ἠ

2924 1045 3065 1113 ἁγία
3101 1047 3331 1115 ι’ραφή.

2421 1150 2633 1222 Ὥσπερ
2664 1154 2719 1206 δὲ
2748 1158 2814 1226 τῇ
2844 1157 2984 1209 κατὰ
3018 1156 3312 1230 ἀναγωγὴν
3337 1160 3541 1231 θεωρίᾳ
3567 1161 3660 1233 τὴν
3685 1162 3864 1229 Ἐκκλη-

2351 1239 2474 1293 σίαν
2503 1241 2685 1307 ἔλεγεν
2711 1245 2992 1314 ἄνθρωπον
3022 1242 3161 1302 εἴναι
3212 1252 3613 1319 πνευματικὸν,
3642 1252 3864 1320 μυστικὴν

2349 1327 2406 1381 δὲ
2432 1328 2757 1399 Ἐκκλησίαν
2784 1333 2875 1385 τὸν
2898 1335 3183 1404 ἄνθρωπον
3205 1353 3218 1367 ·
3238 1337 3381 1390 οὕτω
3409 1339 3472 1408 δὴ
3504 1343 3596 1392 καὶ
3620 1341 3711 1409 τὴν
3737 1340 3866 1407 ἁγίαν

2351 1419 2530 1472 πᾶσαν
2566 1421 2705 1473 κατὰ
2740 1423 3045 1493 συναίρεσιν
3073 1425 3314 1496 Γραφὴν,
3350 1426 3632 1497 ἄνθρωπον
3668 1429 3868 1495 ἔφασκεν

2353 1503 2494 1561 εἶναι
2516 1525 2530 1537 ·
2573 1509 2672 1579 τὴν
2704 1510 2803 1579 μὲν
2849 1514 3087 1567 Παλαιὰν
3113 1516 3408 1587 Διαθήκην,
3457 1518 3680 1587 ἔχουσαν
3708 1517 3867 1588 σῶμα·

2351 1598 2528 1669 ψυχὴν
2562 1599 2617 1651 δὲ
2664 1602 2759 1653 καὶ
2803 1603 3018 1672 πνεῦμα
3063 1608 3157 1658 καὶ
3202 1607 3346 1671 νοῦν,
3384 1607 3479 1677 τὴν
3527 1610 3742 1677 Καινήν.
3782 1609 3871 1660 Καὶ

2354 1692 2533 1752 πάλιν,
2591 1691 2719 1760 ὅλης
2754 1693 2852 1761 τῆς
2904 1695 3062 1761 ἁγίας
3108 1697 3348 1766 Γραφῆς,
3388 1698 3628 1762 Παλαιᾶς
3668 1700 3723 1751 τέ
3758 1715 3871 1767 φημι

2350 1784 2445 1835 καὶ
2471 1783 2618 1846 Νέας
2646 1824 2661 1849 ,
2695 1784 2755 1836 τὸ
2796 1786 2917 1838 καθ’
2950 1789 3188 1858 ἱστορίαν
3216 1792 3467 1860 γράμμα,
3502 1774 3681 1860 σῶμα*
3718 1792 3798 1843 τὸν
3828 1790 3873 1842 δὲ

2350 1871 2475 1922 νοῦν
2505 1872 2610 1924 τῶν
2646 1874 3070 1943 γεγραμμένων,
3104 1878 3199 1929 καὶ
3238 1878 3329 1929 τὸν
3359 1861 3577 1943 σκοπὸν,
3617 1879 3745 1949 πρὸς
3774 1878 3823 1929 ὃν
3852 1880 3873 1927 6

2351 1961 2473 2024 νοῦς
2518 1963 2903 2027 άποτέτακται,
2939 1966 3137 2037 ψυχήν.
3164 1968 3339 2039 Ὅπερ
3368 1969 3603 2031 ἀκούσας
3631 1967 3753 2035 ἐγὼ,
3790 1968 3872 2037 μά-

2350 2052 2506 2105 λιστα
2548 2054 2646 2123 τῆς
2688 2055 2939 2118 εἰκασίας
2984 2058 3232 2129 ἠγάσθην
3273 2060 3334 2111 τὸ
3380 2060 3637 2133 ἀκριϐὲς,
3682 2061 3769 2111 καὶ
3805 2059 3872 2108 τὸν

2352 2145 2471 2197 κατ’
2497 2144 2654 2207 ἀξίαν
2687 2146 2903 2215 ἑκάστῳ
2944 2148 3269 2218 διανέμοντα
3299 2152 3612 2220 χαρίσματα
3633 2190 3647 2215 ,
3682 2151 3874 2208 δεόντως

2351 2233 2638 2303 ἀνύμνησα
2665 2236 2807 2288 κατὰ
2828 2220 3079 2307 δύναμιν.
3104 2240 3191 2302 Ὠς
3218 2240 3325 2311 γὰρ
3347 2240 3537 2308 θνητὸς
3564 2244 3592 2293 6
3620 2240 3735 2294 καθ’
3759 2241 3873 2310 ἡμᾶς

2351 2323 2660 2393 ἄνθρωπος,
2688 2325 2829 2379 κατὰ
2865 2329 2926 2379 τὸ
2957 2328 3309 2398 φαινόμενον,
3343 2331 3484 2381 κατὰ
3508 2327 3565 2380 δὲ
3596 2328 3655 2380 τδ
3686 2330 3753 2397 μὴ
3774 2344 3874 2394 φαι-

2352 2415 2595 2485 νόμενον,
2632 2415 3107 2481 ἀθάνατος-ὀὓτω
3150 2420 3245 2472 καὶ
3274 2421 3305 2489 ἠ
3335 2419 3464 2487 ἁγία
3492 2419 3698 2490 Γραφὴ,
3722 2418 3775 2470 τὸ
3798 2417 3874 2485 μὲν

2353 2507 2676 2575 φαινόμενον
2698 2509 2935 2578 γράμμα
2952 2546 2967 2572 ,
3004 2510 3414 2580 παρερχόμενον
3432 2509 3474 2540 ³⁸
3501 2510 3727 2579 ἔχουσα·
3749 2505 3801 2558 τὸ
3831 2504 3875 2556 δὲ

2352 2597 2727 2666 κρυπτόμενον
2768 2598 2846 2668 τῷ
2893 2600 3178 2670 γράμματι
3225 2600 3477 2669 πνεῦμα,
3516 2599 3768 2669 μηδέποτε
3801 2594 3873 2647 τοῦ

2353 2681 2492 2739 εἶναι
2533 2688 2858 2757 παυόμενον,
2889 2689 3062 2758 ἀληθῆ
3094 2690 3184 2741 τὸν
3213 2688 3369 2757 λόγον
3402 2692 3499 2758 τῆς
3530 2688 3745 2759 θεωρίας
3774 2702 3875 2736 σνν-

2356 2777 2552 2846 ίστησι.
2584 2778 2694 2831 Καὶ
2738 2777 2927 2847 ὥσπερ
2958 2774 3113 2842 οὗτος
3167 2783 3195 2831 6
3243 2779 3364 2832 καθ’
3400 2781 3548 2849 ἡμᾶς
3594 2778 3873 2847 ἄνθρωπος,

2354 2868 2642 2940 φιλοσοφίᾳ.
2670 2871 2889 2940 κρατῶν
2913 2870 3012 2940 τῆς
3049 2869 3328 2941 ὲμπαθοῦς
3350 2870 3581 2942 ὀρέξεως
3609 2886 3667 2923 τε
3700 2870 3783 2921 καὶ
3804 2870 3877 2934 ὁρ-

681 2955 1003 3024 consliicua,
1036 2965 1409 3009 transeuntem
1464 2957 1685 3021 habeat,
1733 2958 2000 3013 latentem
2027 2974 2158 3013 vero
2192 2960 2250 3013 in

2358 2960 2483 3029 μῆς,
2518 2960 2769 3029 μαραίνει
2798 2960 2897 3029 τὴν
2930 2961 3136 3029 σάρκα·
3170 2960 3311 3013 οὕτω
3342 2962 3435 3013 καὶ
3479 2962 3513 3029 ἠ
3556 2960 3682 3027 ἆγία
3718 2956 3875 3027 Γραφῇ

682 3047 866 3099 littera
894 3047 1151 3115 spiritum
1185 3046 1277 3115 qui
1310 3063 1595 3115 nunquam
1619 3063 1740 3102 esse
1784 3048 2024 3113 desinat,
2061 3064 2249 3102 veram

682 3155 801 3192 esse
826 3139 1092 3208 Spiritalis
1119 3140 1266 3193 illius
1293 3155 1490 3194 sensus
1542 3141 1816 3193 rationem
1867 3138 2132 3195 ostendit.
2173 3140 2250 3194 Ac

682 3229 826 3284 sicut
856 3231 1158 3283 hicnoster
1184 3231 1371 3295 homo,
1415 3230 1764 3300 philosOphia
1812 3230 1952 3284 duce
2005 3229 2251 3284 libidinis

683 3320 1043 3390 cupiditatem
1098 3336 1163 3375 ac
1214 3322 1519 3391 appetitum
1569 3321 1671 3373 sub
1734 3321 1969 3389 imperio
2032 3328 2248 3384 tenens,

683 3424 902 3465 carnem
932 3421 1169 3465 macerat
1192 3421 1247 3465 et
1280 3412 1628 3483 elanguidam
1657 3410 1822 3476 facit;
1879 3410 1957 3464 sic
1992 3420 2048 3463 et
2105 3409 2250 3464 Scri-

684 3510 846 3571 ptura
882 3517 1037 3556 sacra
1078 3503 1403 3571 spiritaliter
1432 3502 1595 3572 506
1622 3502 1928 3563 intellecta,
1966 3516 1993 3553 a
2026 3500 2252 3554 selitte-

682 3609 801 3646 ram
849 3603 1097 3664 amputat
1141 3611 1204 3647 ac
1240 3595 1618 3649 circumcidit.
1674 3594 1767 3647 Ait
1820 3592 1969 3646 enim
2025 3606 2254 3661 magnus

680 3683 1013 3749 Apostolus:
1046 3682 1312 3747 Quantum
1338 3692 1513 3736 noster
1539 3684 1710 3747 homo,
1739 3684 1827 3751 qui
1855 3683 1982 3750 [oris
2016 3690 2112 3746 est,
2132 3698 2251 3735 cor-

659 3771 983 3838 rumpitur;
1015 3778 1221 3822 tantum
1250 3772 1315 3833 is,
1347 3772 1434 3838 qui
1458 3771 1601 3823 intus
1627 3779 1723 3835 est,
1766 3778 2051 3822 renovatur
2087 3769 2148 3820 de
2170 3768 2254 3820 die

683 3862 735 3912 in
760 3862 893 3913 diem
920 3865 987 3913 ρ’.
1024 3861 1081 3914 ld
1104 3876 1324 3930 quoque
1359 3861 1426 3915 de
1461 3860 1747 3930 Scriptura
1796 3876 1949 3915 sacra
1983 3861 2256 3930 intelliga—

684 3960 796 4013 tur,
826 3966 889 4004 ac
912 3950 1149 4015 dicatur,
1177 3966 1297 4019 qua:
1330 3952 1614 4006 moraliter
1654 3953 1818 4005 homo
1846 3952 2251 4006 consideratur.

682 4041 801 4105 Quo
823 4043 973 4095 enim
996 4044 1165 4112 magis
1192 4044 1375 4096 littera
1401 4044 1471 4096 ab
1494 4059 1558 4096 ea
1583 4043 1935 4110 subducitur,
1974 4059 2041 4099 eo
2074 4043 2255 4096 abun-

686 4134 778 4187 dat
810 4134 1081 4202 spiritus;
1117 4150 1180 4187 ac
1230 4144 1497 4204 quantum
1539 4136 1879 4204 temporanei
1913 4137 2098 4189 cultus
2137 4150 2257 4188 um-

686 4224 799 4278 bra:
831 4233 1140 4289 transeunt,
1170 4235 1379 4278 tantum
1405 4224 1847 4294 splendidissima
1883 4226 2256 4281 lucidissima-

2356 3053 2618 3122 νοουμένη
2674 3054 3075 3122 πνευματικῶς,
3121 3054 3182 3105 τὸ
3220 3055 3454 3125 γράμμα
3508 3051 3701 3119 ἑαυτῆς
3752 3064 3877 3116 περι-

2355 3142 2563 3211 τέμνει.
2593 3144 2733 3211 Φησὶ
2765 3146 2872 3215 γὰρ
2901 3147 2930 3197 6
2962 3145 3102 3207 θεῖος
3146 3145 3489 3207 Ἀπόστολος,
3522 3144 3707 3196 ’Ὅσον
3734 3143 3761 3193 ό
3785 3137 3878 3198 ἔξω

2356 3232 2526 3299 ἡμῶν
2557 3232 2868 3301 ἄνθρωπος
2917 3233 3315 3302 διαφθείρεται
3338 3275 3352 3300 ,
3403 3232 3694 3287 τοσοῦτον
3726 3234 3755 3283 ὀ
3783 3229 3879 3280 ἔσω

2355 3324 2782 3378 ἀνακαινοῦται
2806 3325 3000 3393 ἡμέρᾳ
3031 3326 3132 3379 καί
3155 3327 3364 3394 ἡμέρᾳ.
3384 3325 3554 3379 Τοῦτο
3574 3320 3786 3377 νοείσθω
3808 3316 3881 3369 καὶ

2355 3413 2601 3481 λεγέσθω
2632 3414 2726 3467 καὶ
2761 3416 2853 3466 ἐπὶ
2877 3417 2975 3484 τῆς
3005 3416 3165 3484 ἁγίας
3193 3415 3439 3486 Γραφῆς,
3471 3414 3751 3485 ἀνθρώπου
3777 3423 3881 3477 τρο-

2357 3503 2533 3565 πικῶς
2566 3503 2882 3574 νοουμένης.
2911 3506 3076 3558 Ὅσον
3103 3504 3209 3575 γάρ
3243 3505 3412 3573 αὐτῆς
3437 3503 3499 3556 τὸ
3524 3503 3749 3572 γράμμα
3773 3500 3883 3551 ὐπο-

2357 3598 2545 3664 χωρεῖ.
2570 3596 2823 3648 τοσοῦτον
2863 3595 2924 3648 τὸ
2958 3595 3173 3665 πνεῦμα
3200 3594 3539 3647 πλεονεκτεῖ·
3578 3594 3670 3646 καὶ
3696 3593 3810 3645 ὅσον
3840 3584 3885 3637 αἱ

2362 3687 2513 3737 σκιαὶ
2538 3688 2637 3756 τῆς
2661 3687 2994 3757 προσκαίρου
3015 3685 3267 3756 λατρείας
3292 3685 3713 3756 παρατρέχουσι,
3730 3677 3887 3733 τοσοῦ-

2357 3793 2447 3828 τον
2475 3778 2507 3845 ἡ
2545 3776 2767 3846 ἀλήθεια
2812 3780 2910 3848 τῆς
2939 3777 3170 3840 πίστεως
3202 3778 3236 3846 ἡ
3267 3778 3532 3846 παμφαὴς
3576 3791 3634 3827 τε
3677 3775 3767 3827 καὶ
3794 3770 3886 3823 ὁλο-

2360 3867 2580 3936 λαμπὴς
2610 3868 2705 3919 καὶ
2732 3867 2919 3928 ἄσκιος
2948 3868 3355 3937 ἐπεισέρχεταιο
3383 3865 3587 3935 καθ’ἥν
3608 3866 3701 3919 καὶ
3724 3864 3786 3916 δι’
3836 3860 3890 3927 ῆν

2360 3957 2787 4027 προηγουμένως
2818 3957 2914 4009 καὶ
2956 3956 3071 4008 ἔστι
3100 3958 3193 4009 καὶ
3232 3958 3572 4027 γέγραπται,
3602 3955 3695 4007 καὶ
3728 3947 3892 4023 Γραςὴ

2360 4047 2609 4115 λέγεται,
2639 4046 2717 4116 τῷ
2739 4046 2815 4116 νῷ
2836 4046 2923 4099 διά
2950 4047 3168 4117 χάριτος
3190 4046 3563 4116 πνευματικῆς
3595 4048 3893 4115 ἐγχαραττο-

2364 4139 2531 4209 μένηο
2568 4137 2758 4209 ὥσπερ
2806 4138 2902 4191 καὶ
2939 4140 2967 4191 6
3011 4137 3136 4190 καθ’
3167 4138 3313 4207 ἡμᾶς
3353 4137 3656 4205 ἄνθρωπος,
3682 4133 3783 4207 κδιά
3817 4129 3893 4196 τὴν

2359 4230 2537 4299 ψυχὴν
2584 4229 2683 4299 τὴν
2730 4229 2955 4299 λογικήν
2999 4245 3059 4281 τε
3104 4229 3198 4281 καὶ
3238 4228 3448 4299 νοερὰν,
3500 4226 3893 4298 προηγουμένως

658 4330 793 4394 .que
827 4331 890 4369 ac
936 4332 1058 4386 qua:
1099 4316 1295 4376 umbra
1339 4325 1545 4379 careat,
1591 4316 1718 4371 ﬁdei
1756 4316 1962 4370 veritas
2008 4316 2254 4381 invadit;

2362 4319 2645 4387 ἄνθρωπος
2702 4319 2935 4387 μάλιστα
2966 4318 3061 4370 καὶ
3109 4316 3353 4369 ἐστικαὶ
3402 4317 3651 4384 λέγεται·
3702 4315 3815 4367 καθ’
3842 4312 3893 4380 ἣν

686 4404 989 4457 secundum
1020 4419 1209 4471 quam,
1242 4418 1305 4455 ac
1337 4404 1391 4455 in
1416 4404 1573 4473 cujus
1599 4404 1827 4471 gratiam
1874 4402 2257 4471 principaliter

687 4501 801 4547 tum
856 4504 958 4557 est,
1005 4502 1119 4547 tum
1170 4493 1370 4561 scripta
1419 4501 1525 4557 est,
1569 4500 1908 4562 vocaturque
1952 4494 2257 4563 Scriptura,

686 4585 951 4652 Spiritalis
977 4586 1164 4653 gratia:
1196 4599 1424 4638 munere
1451 4584 1619 4637 menti
1669 4585 1963 4652 impressa:
1998 4585 2260 4653 quemad-

690 4676 909 4731 modum
962 4678 1132 4731 eliam
1176 4676 1269 4745 qui
1325 4676 1381 4729 in
1428 4674 1590 4729 nobis
1651 4684 1735 4729 est
1788 4676 1978 4737 homo,
2032 4688 2257 4746 pr0pter

2363 4411 2458 4462 καὶ
2491 4407 2558 4460 δι’
2603 4410 2670 4477 ἣν
2700 4405 2863 4459 εἰκών
2907 4423 2966 4459 τε
3011 4408 3104 4460 καὶ
3149 4406 3405 4476 ὁμοίωσίς
3458 4409 3573 4459 ἐστι
3621 4405 3790 4467 Θεοῦ,
3818 4399 3892 4454 τ’λῦ

2364 4497 2691 4565 ποιήσαντος
2741 4495 2931 4546 αὐτόν’
2979 4496 3074 4547 καὶ
3105 4495 3212 4547 τῶν
3245 4495 3446 4547 λοιπῶν
3480 4495 3633 4559 ζώων
3681 4489 3895 4561 φυσικῶς

2361 4576 2753 4654 ἀποδιῶρισται
2778 4625 2791 4648 ,
2833 4583 3101 4653 μηδεμίαν
3129 4583 3263 4654 πρὸς
3303 4584 3442 4637 αὐτὰ
3474 4585 3727 4653 executi};
3764 4578 3893 4633 δυνά·

2363 4693 2507 4746 μεως
2530 4675 2628 4743 τὴν
2660 4673 2873 4726 οἱανοῦν
2901 4673 3137 4742 ἔμφασιν
3172 4674 3329 4745 ἔχων.

687 4767 924 4820 animam
950 4768 1159 4821 ratione
1191 4781 1254 4819 ac
1304 4773 1485 4819 mente
1532 4765 1841 4833 praeditam,
1874 4766 2052 4834 primo
2116 4768 2351 4823 maxime
2384 4767 2551 4820 homo
2609 4772 2715 4829 est,
2750 4779 2816 4818 ac
2874 4764 3218 4833 appellatur;
3268 4780 3367 4834 per
3428 4780 3614 4834 quam,
3655 4780 3718 4817 ac
3761 4741 3891 4830 Eujus

688 4873 850 4912 causa
903 4860 1082 4928 imago
1129 4867 1233 4923 est,
1298 4874 1361 4912 ac
1414 4858 1717 4913 similitudo
1774 4858 1891 4922 Dei,
1930 4859 2023 4927 qui
2072 4860 2251 4929 ipsum
2288 4859 2518 4922 ereavit,
2575 4842 3049 4926 atqueareliquis
3106 4864 3301 4909 natura
3326 4855 3699 4909 animantibus
3719 4853 3892 4906 discre'

691 4961 778 5005 tus
803 4960 907 5015 est,
934 4951 1141 5003 nullam
1170 4951 1251 5003 eis
1290 4948 1505 5003 aﬂinem
1540 4950 1822 5003 relationis
1846 4951 1978 5015 vim,
2012 4966 2075 5005 ac
2126 4968 2253 5006 cum
2291 4952 2373 5006 eis
2402 4948 2696 5020 genuinam
2731 4948 2866 5003 satis
2899 4947 3317 5001 similitudinem
3347 4947 3574 5000 habens.

1288 5068 1513 5125 CAPUT
1558 5069 1665 5124 Vll.

693 5182 958 5245 Quomodo
1006 5185 1159 5236 homo
1206 5183 1429 5235 mundus
1481 5184 1709 5244 dicatur,
1777 5200 1837 5235 ac
1893 5201 1999 5253 qua
2059 5186 2263 5237 ratione

1157 5256 1317 5305 etiam
1352 5254 1503 5305 homo
1554 5254 1794 5305 mundus.

733 5341 985 5395 'Mnndus
1017 5343 1167 5394 homo
1209 5344 1437 5410 mystice,
1469 5351 1516 5395 et
1551 5344 1699 5395 homo
1741 5346 1985 5396 mundus.
2020 5374 2083 5383 —-
2113 5344 2264 5397 Mun-

692 5434 787 5488 dus
850 5432 1065 5487 visibilis
1133 5443 1419 5486 moriturus
1496 5446 1708 5502 tumque
1783 5435 2139 5487 suscitandus.
2194 5462 2262 5474 —-

768 5573 811 5620 Ρ·
835 5567 877 5621 Π
908 5568 1036 5621 (lor.
1061 5583 1131 5629 tv,
1166 5570 1245 5620 lt}.

2960 5067 3209 5121 unum.
3250 5064 3323 5140 z_'.

2361 5182 2491 5244 Πῶς
2564 5187 2595 5236 ὁ
2657 5182 2882 5250 κόσμος
2930 5180 3236 5250 ἄνθρωπος
3296 5180 3558 5250 λέγεται·
3622 5181 3718 5234 καὶ
3772 5176 3891 5237 ποίῳ

2642 5249 2837 5319 τρόπῳ
2862 5250 2958 5302 καί
2982 5253 3013 5303 ὁ
3041 5249 3647 5317 ἄνθρωπος-,κόσμοᾳ

2430 5344 2582 5396 Κατὰ
2612 5342 2812 5411 ταύτην
2846 5343 2903 5394 δὲ
2937 5339 3097 5395 πάλιν
3124 5340 3445 5411 εὖμιμήτως
3471 5345 3571 5410 τὴν
3599 5342 3797 5403 είκόνα,
3818 5338 3889 5389 καὶ

2360 5434 2451 5485 τὸν
2480 5435 2684 5502 κόσμον
2709 5433 2828 5485 ὅλον
2856 5432 2946 5485 τὸν
2974 5431 3032 5499 ἐξ
3060 5432 3267 5502 ὁρατῶν
3290 5433 3384 5486 καὶ
3405 5433 3655 5503 ἀοράτων
3680 5432 3891 5487 συνιστά-

1976 5652 2201 5709 VARle
2235 5651 2631 5708 LECTIONES.

764 5752 802 5783 ³¹
833 5754 1189 5823 παρξχᾶμενοι
1224 5766 1270 5804 C.
1293 5750 1352 5803 Α.
