3958 6338
177 497 272 567 6κῆ

1520 490 2012 551 MYSTAGOGIA.

3266 489 3374 552 686

182 618 339 671 μενον,
385 600 670 672 ἄνθρωπον
696 599 995 652 ὑπέὗαλὶεν
1031 597 1200 651 εἶναι·
1248 600 1338 651 καὶ
1381 598 1581 666 κόσμον
1610 598 1708 649 αὒ-

1821 599 1969 653 luxta
2012 598 2261 653 eamdem
2298 615 2491 654 rursus
2547 601 2682 653 scita
2714 601 3016 656 imitatione
3056 599 3371 655 similitudi-

177 692 265 755 οις,
290 689 383 741 τὸν
431 692 494 741 ἑκ
538 689 714 757 ψυχῆς
766 690 859 741 καὶ
890 689 1139 757 σώματος
1186 687 1496 756 ἄνθρωπον·
1540 688 1715 756 ψυχῆς

177 780 266 849 γὰρ
291 781 450 847 λόγον
498 781 714 848 ἐπέχειν
758 779 909 846 ἔλεγε
935 820 949 845 ,
994 777 1065 831 τὰ
1112 779 1307 848 νοητά·
1341 779 1527 850 ὥσπερ
1558 781 1649 830 καὶ
1679 781 1712 846 ὴ

179 871 299 940 ψυχὴ
327 910 342 933 ,
376 871 487 923 τῶν
531 871 764 939 νοητῶν·
821 872 914 924 καί
966 871 1221 940 σώματος
1242 871 1471 924 τύπον³²
1501 873 1717 941 ἐπέχειν

180 961 236 1012 τὰ
278 961 537 1029 αἰσθητά·
587 960 774 1028 ὥσπερ
821 962 912 1013 καὶ
957 962 1083 1012 τῶν-
1110 959 1379 1029 αἰσθητῶν
1424 962 1482 1013 τὸ
1535 962 1713 1031 σῶμα.

183 1051 273 1103 Καὶ
293 1050 473 1119 ψυχὴν
506 1049 602 1118 μὲν
625 1045 759 1102 εἶναι
782 1050 890 1101 τῶν
913 1050 1207 1119 αἰσθητῶν,
1239 1051 1306 1102 τά
1330 1052 1495 1118 νοητὰ
1514 1044 1719 1120 ,σῶμα

178 1141 225 1192 δὲ
260 1140 366 1192 τῶν
392 1140 619 1208 νοητῶν,
662 1139 731 1199 τὰ
755 1140 1007 1209 αἰσθητά.
1042 1142 1152 1193 Καὶ
1179 1140 1254 1201 ὡς
1280 1140 1455 1209 ψυχὴν
1494 1140 1718 1193 ἐνοῦσαν

186 1227 411 1296 σώματι,
462 1228 539 1298 τῷ
584 1229 829 1299 αἰσθητῷ
863 1230 1053 1298 κόσμῳ
1080 1230 1171 1282 τὸν
1201 1230 1388 1301 νοητὸν
1421 1227 1559 1284 εἶναι
1579 1248 1592 1261 ·
1626 1233 1718 1284 καὶ

178 1318 243 1387 τῷ
270 1318 444 1389 νοητῷ
479 1319 570 1370 τὸν
602 1318 876 1387 αἰσθητὸν,
920 1320 995 1382 ὡς
1028 1320 1185 1387 σῶμα
1211 1322 1279 1389 τῇ
1310 1320 1454 1391 ψυχῇ
1488 1338 1719 1389 συγκρο-

178 1407 447 1475 τούμενον·
480 1408 574 1458 καὶ
615 1407 711 1458 ἕνα
754 1406 815 1470 ἐξ
857 1409 1060 1477 ἀμφοῖν
1091 1405 1228 1461 εἶναι
1279 1410 1498 1479 κόσμον,
1528 1409 1717 1481 ὥσπερ

181 1497 262 1548 καί
292 1497 555 1567 ἔκυψυχῆς
580 1497 674 1547 καὶ
710 1494 955 1565 σώματος
984 1498 1267 1568 ἄνθρωπον
1290 1499 1405 1561 ἕνα,
1443 1500 1565 1568 μηδ’
1596 1500 1716 1551 ἐτέ-

180 1602 258 1653 ρου
288 1586 492 1637 τούτων
512 1624 526 1648 ,
556 1584 664 1637 τῶν
697 1585 943 1654 ἀλλήλοις
988 1587 1108 1639 καθ’
1149 1587 1338 1640 ἕνωσιν
1370 1588 1719 1657 συμπεφυκό-

177 1689 289 1737 των,
316 1674 543 1744 θάτερον
569 1676 904 1744 ἀρνουμένου
931 1678 1023 1729 καὶ
1058 1678 1239 1730 ἀποπὲ
1249 1695 1502 1747 μποντος,
1519 1679 1605 1731 διὰ
1627 1679 1716 1730 τὸν

177 1761 256 1813 τοῦ
283 1762 640 1834 συνδήσαντος
674 1765 838 1832 νόμον
857 1780 870 1794 ·
902 1764 1025 1817 καθ’
1050 1765 1108 1817 ὃν
1150 1767 1247 1835 τῆς
1290 1767 1537 1820 ἑνοποιοῦ
1562 1768 1718 1820 δυνά-

182 1868 308 1918 μεως
328 1856 357 1905 ὅ
385 1854 539 1920 λόγος
564 1854 893 1924 ἐνέσπαρται
910 1855 975 1919 ³³,
1031 1857 1119 1927 μὴ’
1136 1859 1432 1927 συγχωρῶν
1456 1859 1552 1929 τὴν
1594 1859 1715 1911 καθ’

1816 705 1962 752 nem,
1988 704 2112 741 cum
2142 689 2465 744 universqu
2509 690 2799 754 mundum,
2853 691 2922 744 iis
2948 706 3013 745 ex
3066 690 3229 744 rebus
3254 704 3373 757 qua

1817 783 1873 833 in
1900 789 2181 851 aspectum
2218 768 2442 844 eadunt,
2469 788 2528 834 et
2548 796 2669 849 qua:
2698 796 2806 834 non
2849 781 3075 844 cadunt,
3102 781 3369 834 constitu-

1817 883 1955 936 tum,
2018 872 2297 926 hominem
2354 886 2473 925 esse
2543 872 2947 941 subjungebat;
3000 882 3114 925 tum
3184 885 3376 923 rursus

1816 962 2094 1017 hominem
2128 963 2396 1015 exanima
2436 976 2498 1015 ac
2542 976 2773 1029 corpore
2814 969 3179 1015 constantem.
3220 974 3378 1012 mun-

1816 1051 1968 1105 dum.
1997 1051 2339 1105 lntellectilia
2362 1052 2531 1113 enim,
2558 1050 2753 1103 anima:
2782 1049 3049 1103 rationem
3081 1047 3372 1116 prmferre;

1816 1140 1897 1195 uti
1931 1150 1986 1194 ct
2030 1142 2291 1202 animam,
2348 1140 2780 1193 intellectilium:
2842 1147 3006 1206 atque
3050 1152 3113 1190 ea
3159 1151 3281 1203 quae
3319 1136 3375 1189 in

1818 1246 2040 1286 sensum
2097 1230 2324 1293 cadunt,
2381 1229 2634 1296 corporis
2673 1227 2932 1296 prteferre
2985 1236 3204 1296 typum;
3231 1232 3293 1277 ut
3320 1232 3379 1277 et

1817 1334 2039 1387 corpus,
2099 1332 2293 1371 eorum
2357 1330 2479 1385 quze
2540 1320 2595 1368 in
2648 1330 2867 1369 sensum
2927 1314 3149 1367 cadunt.
3200 1312 3381 1380 Atque

1817 1407 2155 1463 intellectilia
2193 1406 2568 1474 quidem-esse
2616 1403 2901 1460 sensilium
2930 1402 3196 1461 animam;
3249 1415 3378 1453 scn-

1816 1498 1940 1552 silia
1977 1512 2127 1561 vero,
2150 1493 2800 1564 corpusintellcetilium.
2835 1491 3082 1560 Denique
3113 1489 3377 1543 mundum

1816 1584 2220 1657 intelligibilcm
2252 1585 2457 1639 mundo
2498 1585 2628 1639 huic
2669 1584 2858 1638 sensili
2887 1584 2967 1637 sic
2998 1583 3197 1645 inesse,
3230 1581 3382 1635 velut

1814 1678 1997 1732 anima
2054 1686 2138 1730 est
2193 1677 2247 1729 in
2295 1691 2563 1744 corpore;
2616 1674 2983 1740 sensilemque
3021 1669 3376 1739 lntelligibili,

1817 1774 2070 1835 tanquam
2099 1781 2302 1834 corpus
2356 1765 2688 1818 instructum
2740 1763 2957 1816 anima:
2990 1775 3271 1828 unumque
3311 1776 3382 1814 ex

1815 1857 2082 1912 ambobus
2111 1866 2329 1910 exstare
2357 1855 2649 1917 mundum,
2693 1854 2839 1908 sicut
2880 1853 3047 1907 etiam
3076 1867 3143 1905 ex
3194 1849 3380 1904 anima

180 1941 459 1996 ὑπόστασιν
502 1946 594 1997 ἐπὶ
622 1948 688 2015 τῇ
724 1945 913 1998 ἑνώσει
944 1946 1250 2017 ταυτότητα
1282 1947 1487 2001 τούτων
1514 1950 1711 2020 ἀγνοη-

1821 1955 1873 2001 et
1902 1962 2132 2015 corpore
2160 1962 2302 2001 unus
2325 1946 2539 2001 exsistit
2566 1945 2752 2009 homo,
2793 1952 2991 1997 neutro
3025 1958 3091 1996 ex
3118 1942 3225 2005 his,
3258 1952 3383 2009 qua

180 2029 334 2098 θῆναι,
365 2033 453 2087 διά
478 2036 577 2105 τὴν
605 2035 838 2103 φυσικὴν
866 2036 1163 2106 ἑτερότητα
1182 2054 1196 2069 ·
1233 2038 1355 2106 μηδ’
1394 2033 1533 2090 εῖναι
1554 2039 1716 2091 δυνα-

177 2121 399 2190 τωτέραν
426 2123 562 2194 πρὸς
600 2123 878 2177 διάστασίν
916 2141 974 2176 τε
1021 2126 1117 2177 καὶ
1158 2128 1424 2196 μερισμὸν
1456 2128 1556 2197 τὴν
1587 2130 1718 2182 ἔκα-

180 2224 287 2263 στον
322 2211 524 2267 τούτων
574 2212 752 2283 ἑαυτῷ
805 2216 1251 2286 περιγράφουσαν
1312 2199 1565 2286 ἰδιότητα,
1619 2219 1716 2287 τῆς

179 2302 439 2365 μυστικῶς
488 2303 610 2356 καθ’
660 2304 854 2357 ἕνωσιν
905 2304 1098 2381 αὐτοῖς·
1140 2305 1449 2377 ὲγτεθείσης
1500 2289 1731 2377 φιλικῆς,

179 2393 484 2456 συγγενείας
502 2432 516 2455 ,
542 2394 920 2476 ἀποφανθῆναι
940 2413 954 2425 ·
990 2394 1110 2448 καθ’
1138 2392 1226 2464 ἢν,
1253 2396 1280 2447 ὁ
1312 2396 1432 2449 καθ’
1461 2397 1583 2449 ὅλου
1623 2398 1719 2449 καί.

175 2472 247 2541 εἷς
274 2481 469 2550 τρόπος
493 2484 596 2552 τῆς
626 2472 857 2547 ἐν’ὅλοις
888 2486 1127 2555 ἀφανοῦς
1156 2488 1248 2540 καὶ
1275 2485 1552 2553 ἀγνώστου
1580 2506 1720 2557 παρ·
1762 2489 1767 2495 ’

175 2569 346 2632 ουσίας
391 2570 489 2639 τῆς
531 2571 640 2623 τῶν
676 2572 844 2626 ὅντων
877 2578 1201 2645 συνεκτικῆς
1248 2576 1429 2639 αἰτίας
1462 2578 1719 2639 ποικίλως

178 2654 327 2707 πᾶσιν
350 2656 692 2726 ἐνυπάρχων,
721 2662 815 2712 καὶ
850 2661 972 2714 καθ’
990 2663 1158 2715 ἑαυτά
1191 2665 1285 2715 καὶ
1308 2665 1365 2716 ὲν
1384 2664 1630 2732 ἀλλήλοις

174 2742 260 2795 ὅλα
290 2744 596 2816 συνίστησιν
630 2748 847 2817 ἇφυρτα
875 2753 968 2804 καὶ
998 2752 1305 2822 ἀδιαίρετα·
1342 2756 1435 2806 καὶ
1477 2754 1720 2823 ἀλλήλων

176 2835 383 2901 μᾶλλον,
426 2836 460 2906 ἧ
506 2837 714 2890 ἑαυτῶν
753 2841 891 2892 κατὰ
919 2842 1018 2909 τὴν
1062 2842 1302 2895 ἑνοποιὸν
1337 2843 1544 2911 σχέσιν,
1569 2843 1718 2906 ὅντα,

175 2925 453 2996 παρίστησι
473 2943 487 2957 ·
506 2928 700 2998 μέχρις
729 2924 792 2982 οὗ
816 2929 974 2983 λῦσαι
998 2935 1246 3002 παραστῇ
1276 2932 1352 3003 τῷ
1378 2934 1718 3003 συνδήσαντι,

176 3008 408 3085 μείζονος
432 3020 594 3071 ἕνεκα
622 3021 718 3072 καὶ
754 3021 1164 3091 μυστικωτὲρας
1191 3023 1503 3092 οἰκονομίας
1526 3063 1540 3088 ,
1582 3024 1721 3077 κατὰ

171 3104 253 3157 τὸν
292 3109 479 3177 καιρὸν
506 3110 609 3178 τῆς
651 3109 1007 3179 ἐλπιζομένης
1051 3111 1341 3181 καθολικῆς
1374 3112 1682 3174 συντελείας
1703 3129 1717 3143 ·

175 3196 285 3247 καθ’
326 3199 390 3265 ἢν
427 3200 520 3251 καὶ
552 3200 581 3250 ό
610 3198 837 3267 κόσμος,
874 3199 949 3261 ὡς
990 3200 1291 3269 ἄνθρωπος,
1324 3201 1432 3253 τῶν
1457 3202 1718 3269 φαινομέ-

172 3285 325 3337 my”
374 3286 724 3356 τεθνήξεται,
768 3287 863 3339 καὶ
908 3289 1069 3339 πάλιν
1111 3288 1471 3357 ἀναστήσεται
1510 3289 1626 3349 νέος
1656 3290 1719 3340 ὲκ
1744 3272 1787 3327 C

173 3375 564 3443 γεγηρακότος,
604 3375 746 3427 κατὰ
773 3375 873 3443 τὴν
908 3376 1241 3444 παραυτίκα,
1271 3377 1723 3446 προσδοκωμένην

171 3461 467 3515 ἀνάστασιν·
503 3463 669 3533 ἡνίκα
696 3463 791 3515 καὶ
818 3464 845 3515 ό
879 3463 999 3517 καθ’
1025 3465 1171 3533 ἡμᾶς
1195 3452 1497 3534 ἅνθρωπος,
1518 3465 1592 3526 ὼς
1627 3464 1722 3532 μὲ-

177 3564 259 3615 ρος
276 3551 352 3619 τῷ
371 3550 472 3622 ὅλῳ
486 3554 613 3619 ,καὶ
637 3553 831 3623 μικρὸς
848 3554 891 3585 ³⁸
905 3553 984 3623 τῷ
1007 3555 1247 3623 μεγάλῳ,
1269 3558 1726 3625 συναναστήσεται

172 3638 483 3713 νόσμῳ,τὴν
505 3644 643 3714 πρὸς
664 3645 725 3696 τὸ
749 3646 948 3714 μηκέτι
964 3644 1224 3699 δύνασθαι
1245 3645 1561 3715 φθείρεσθαι
1579 3663 1727 3715 κομι·
1750 3662 1758 3670 ’

172 3729 394 3798 σάμενος
413 3733 661 3803 δύναμιν·
693 3735 821 3786 ὅταν
862 3724 1077 3804 ἐμφερῆ
1101 3737 1167 3805 τῇ
1194 3752 1252 3788 τε
1272 3736 1415 3806 ψυχῇ
1446 3737 1507 3788 τὸ
1538 3736 1715 3804 σῶμα,

172 3820 260 3871 καὶ
294 3825 403 3884 τοῖς
439 3825 648 3893 νοητοῖς
687 3824 754 3875 τά
790 3824 1053 3893 αἰσθητά,
1100 3816 1217 3877 κατ’
1260 3826 1591 3896 εὐπρέπειαν
1630 3826 1722 3876 καὶ

171 3905 321 3970 δόξαν
343 3911 625 3978 γενήσεται
650 3946 667 3971 ,
702 3912 832 3977 μιᾶς
872 3912 1011 3971 ὅλοις
1038 3913 1157 3965 κατ’
1184 3914 1388 3981 ἐναργῆ
1419 3930 1476 3964 τε
1512 3914 1602 3978 καὶ
1633 3914 1721 3963 ὲν-

175 3998 328 4077 ςργδν
346 3999 391 4031 ³⁸
419 4000 751 4071 παρουσίαν,
782 4000 1061 4067 ἀναλόγως
1088 3988 1302 4071 ἑκάστῳ
1333 4002 1479 4064 θείας
1511 4004 1726 4067 ἐπιφαι-

171 4087 396 4157 νομένης
417 4089 731 4159 δυνάμεως,
772 4090 865 4142 καὶ
894 4090 960 4142 δι’
987 4091 1185 4160 ἑαυτῆς
1223 4092 1314 4144 τὸν
1348 4092 1448 4159 τῆς
1478 4090 1722 4154 ὲνώσεως

172 4174 359 4231 ἄλυτον
378 4181 453 4243 εἰς
469 4182 594 4242 τοὺς
612 4180 875 4249 ἀπείρους
897 4180 1099 4243 αἰῶνας
1118 4181 1487 4251 συντηρούσης
1504 4180 1719 4249 δεσμόν.

1818 2055 1916 2107 per
1958 2038 2264 2093 unitionem
2307 2039 2541 2091 alterum
2584 2035 2741 2090 alteri
2798 2035 3090 2104 conjuncta
3145 2041 3273 2087 sunt
3316 2044 3382 2087 ac

1818 2128 2165 2191 coaluerunt,
2216 2127 2449 2182 alterum
2492 2126 2772 2180 inﬁciante
2809 2140 2872 2179 ac
2924 2123 3275 2193 repudiante,
3306 2120 3381 2176 ob

1819 2216 1968 2269 illius
2013 2216 2108 2284 qui
2155 2216 2424 2280 devinxit,
2470 2217 2687 2286 legem;
2746 2230 2875 2284 qua,
2917 2214 3141 2267 virtutis
3171 2211 3385 2267 uniilca:

1818 2305 2066 2372 inspersa
2121 2306 2258 2359 ratio
2298 2314 2403 2371 est,
2454 2321 2567 2359 non
2598 2306 2809 2368 sinens,
2848 2314 2910 2357 ut
2967 2304 3165 2357 horum
3207 2301 3388 2356 subsi-

1818 2390 1998 2444 stendi
2030 2392 2244 2447 ratione
2298 2392 2626 2445 inunitione
2674 2392 2937 2445 identitas
2985 2392 3040 2444 in
3088 2392 3384 2455 obscurum

1819 2492 1909 2535 cat
1938 2483 2009 2536 ob
2056 2482 2487 2536 distinctionem.
2520 2482 2869 2545 naturalem;
2915 2494 3096 2548 neque
3150 2488 3210 2531 ut
3260 2494 3387 2546 pro-

1821 2572 2048 2641 prietas,
2093 2572 2253 2642 507
2302 2572 2499 2624 horum
2551 2571 2808 2639 quodque
2853 2569 2958 2622 sibi
3009 2568 3188 2637 ipsum
3246 2565 3386 2620 deli‘

1820 2661 2000 2726 niens,
2047 2662 2171 2730 plus
2224 2660 2408 2715 valere
2458 2659 2539 2713 all
2588 2660 2919 2713 divisionem
2974 2657 3139 2725 inque
3201 2663 3388 2724 partes

1821 2750 2147 2802 scissionem
2182 2748 2474 2812 allirmans,
2496 2760 2659 2816 quam
2686 2748 2860 2801 amica
2894 2748 3121 2815 mystice
3167 2747 3248 2799 eis
3288 2760 3386 2813 per

1822 2839 2132 2893 unitionem
2175 2838 2349 2892 indita
2378 2852 2635 2907 cognatio
2684 2851 2749 2890 ac
2774 2836 3042 2899 aﬂinitas;
3076 2851 3203 2903 qua,
3260 2834 3386 2888 uni-

1823 2929 2052 2983 versalis
2095 2920 2345 2997 unusque
2391 2928 2641 2982 obscura:
2700 2935 2865 2995 atque
2918 2927 3116 2994 ignota:
3150 2927 3204 2978 in
3263 2915 3390 2979 uni-

1821 3019 1995 3073 versis
2018 3021 2323 3088 prwsentiae
2349 3018 2549 3074 modus
2580 3033 2757 3072 causa:
2810 3032 2992 3072 rerum
3020 3015 3390 3071 conservatri-

1821 3109 1901 3162 cis
1929 3110 2081 3162 varie
2116 3109 2171 3162 in
2203 3109 2465 3163 omnibus
2521 3109 2816 3170 cxsistens,
2865 3123 2989 3161 cum
3041 3108 3153 3175 ipsa
3182 3123 3280 3175 per
3326 3122 3388 3163 so

1824 3208 1958 3263 tota,
1997 3210 2114 3253 tum
2153 3202 2372 3254 interse
2392 3200 2679 3253 inconfusa
2704 3198 3045 3265 indivisaque
3071 3197 3387 3263 constituit;

1821 3288 2100 3356 magisque
2124 3289 2358 3341 aliorum
2384 3287 2642 3352 invicem,
2670 3302 2831 3355 quam
2864 3300 2959 3338 sua
3010 3285 3250 3352 ipsorum
3289 3298 3392 3353 per

1819 3378 2074 3431 uniiicam
2108 3378 2253 3431 illam
2296 3377 2679 3431 habitudinem
2729 3392 2850 3430 esse
2903 3376 3175 3439 ostendit;
3213 3374 3391 3430 donec

1821 3467 1896 3525 illi
1927 3467 2031 3536 ipsi
2066 3467 2160 3535 qui
2201 3466 2473 3531 devinxit,
2514 3466 2730 3521 solvere
2759 3466 2938 3520 visum
2974 3464 3163 3529 fuerit,
3213 3466 3390 3535 majo-

1823 3566 1899 3619 ris
1932 3565 2402 3635 abstrusiorisque
2437 3565 2800 3635 providentia:
2829 3580 2893 3619 ac
2940 3565 3156 3619 consilii
3192 3566 3388 3635 gratia,

1823 3667 1933 3719 quo
1983 3661 2230 3720 tempore
2287 3652 2619 3706 universalis
2669 3651 2761 3704 illa
2817 3652 3220 3705 consummatio
3272 3650 3391 3705 fore

1825 3746 2211 3806 exspectatur;
2248 3737 2473 3806 quando
2518 3746 2577 3790 et
2607 3735 2848 3789 mundus
2888 3736 2978 3789 hic
3010 3751 3194 3788 rerum
3231 3751 3390 3804 aspe-

1825 3825 2109 3877 ctabilium
2131 3840 2280 3878 more
2301 3824 2546 3878 hominis
2570 3824 2860 3883 morietur.
2890 3838 3190 3890 rursusque
3214 3838 3391 3877 novus

1823 3928 1889 3966 ex
1914 3922 2161 3967 veterato
2196 3921 2470 3981 resurget,
2506 3912 2561 3965 in
2591 3910 2996 3965 resurrectione
3046 3928 3212 3980 quam
3264 3927 3391 3965 mox

1822 4001 2085 4071 deinceps
2139 4003 2380 4056 futuram
2416 4017 2735 4073 speramus:
2776 4001 2998 4070 quando
3043 4002 3173 4056 item
3205 4012 3392 4057 noster

1822 4092 2009 4156 homo,
2044 4095 2195 4148 velut
2236 4109 2364 4162 pars
2394 4110 2517 4148 cum
2549 4101 2685 4159 toto,
2734 4109 2939 4163 parvus
2983 4094 3223 4148 mundus
3265 4110 3389 4149 cum

1823 4198 2020 4252 magno
2052 4184 2431 4248 suscitabitur,
2464 4182 2518 4236 id
2569 4193 2923 4248 consecutus,
2964 4195 3025 4237 ut
3068 4185 3205 4238 nihil
3235 4185 3387 4239 deiu-

169 4278 292 4334 ceps
352 4268 601 4324 interitui
661 4285 925 4339 noxasque
986 4272 1360 4340 corruptionis
1389 4273 1620 4326 exsistat
1658 4268 1967 4336 obnoxius;
2017 4272 2241 4340 quando
2294 4281 2411 4325 tum
2468 4287 2673 4340 corpus
2727 4274 2952 4336 animae,
3002 4286 3118 4328 tum
3168 4276 3391 4330 sensilia

171 4354 598 4424 intellectilibus,
626 4360 846 4417 decoris
867 4361 1119 4430 partibus
1141 4378 1205 4417 ac
1241 4362 1509 4418 claritatis
1562 4379 1724 4433 quam
1764 4362 2042 4415 similiima
2067 4360 2398 4422 eﬂicientur,
2454 4376 2562 4414 una
2624 4361 2677 4414 in
2715 4362 2989 4417 universis
3034 4381 3133 4433 per
3166 4367 3393 4423 eviden-

171 4452 275 4497 tem
312 4462 378 4501 ac
402 4449 675 4504 emcacem
698 4453 1068 4519 prasentiam,
1092 4470 1192 4523 pro
1219 4457 1489 4525 cujusque
1544 4454 1768 4509 modulo
1803 4467 1867 4506 ac
1927 4460 2112 4520 captu,
2157 4451 2409 4505 elucente
2441 4450 2628 4505 divina
2662 4452 2928 4521 potentia,
2961 4442 3167 4522 suaque
3218 4457 3389 4524 ipsius

172 4538 221 4591 vi
268 4541 561 4597 insolubile
617 4543 882 4598 unitionis
930 4547 1216 4601 vinculum
1261 4550 1729 4603 conservante'in
1764 4547 1963 4602 sa-eula
1995 4545 2229 4600 inﬁnita.

238 4629 306 4681 Εἰ
330 4646 415 4692 τις
434 4627 525 4685 οὖν
552 4633 802 4701 βούλεται
826 4635 920 4687 καί.
952 4634 1063 4702 βίον
1085 4639 1180 4688 καὶ
1203 4638 1359 4704 λόγον
1384 4638 1605 4708 θεοφιλῆ
1633 4642 1723 4693 καὶ

1899 4618 2108 4707 Siquis
2156 4637 2322 4708 igitur
2370 4638 2532 4691 trium
2561 4678 2575 4701 ,
2622 4653 2761 4707 quos
2803 4639 3059 4702 diximus,
3107 4640 3386 4696 hominum

172 4716 455 4789 θεάρεστον
504 4722 670 4791 ἔχειν,
702 4724 813 4776 τῶν
841 4724 1007 4794 τριῶν
1040 4726 1243 4779 τούτων
1272 4729 1603 4799 ἀνθρώπων·
1635 4732 1727 4783 τοῦ

171 4808 377 4877 κόσμου
403 4808 459 4860 τέ
492 4826 638 4880 φημι
662 4852 677 4876 ,
720 4816 815 4867 καὶ
861 4816 959 4885 τῆς
1000 4816 1162 4884 ἁγίας
1205 4816 1459 4887 Γραφῆς,
1506 4821 1599 4871 καὶ
1636 4822 1729 4873 τοῦ

172 4897 290 4949 καθ’
316 4899 482 4967 ἡμᾶς,
514 4900 585 4952 τὰ
625 4904 860 4970 κρείττω
892 4909 1020 4977 περὶ
1048 4907 1242 4960 πολλοῦ
1268 4907 1489 4960 ποιείτω
1519 4911 1611 4961 καὶ
1647 4927 1729 4961 τι-

176 4983 437 5055 μιώτερα.
465 4987 658 5058 Ψυχῆς
684 4991 805 5059 μὲν,
832 4995 932 5065 ὅση
966 4996 1195 5066 δύναμις
1229 4994 1611 5067 ἐπιμελείσθω
1635 5000 1731 5066 τῆς

170 5073 435 5130 ἀθανάτου
452 5081 543 5131 καὶ
570 5079 719 5141 θείας
746 5084 843 5135 καὶ
866 5084 1397 5158 θεοποιηθησομένης
1416 5088 1472 5153 ἐξ
1497 5090 1723 5157 ἀρετῶν·

172 5166 263 5217 καὶ
310 5172 509 5240 σαρκὸς
552 5175 962 5241 καταφρονείτω
993 5177 1091 5245 τῆς
1137 5179 1502 5247 ὑποκειμένης
1554 5178 1730 5247 φθορᾷ

172 5255 261 5307 καὶ
286 5257 521 5342 θανάτῳ,
554 5263 649 5317 καὶ
680 5262 738 5314 τὸ
765 5263 864 5331 τῆς
891 5264 1068 5333 ψυχῆς
1089 5268 1458 5338 ἀμελούμενον
1482 5268 1729 5338 ρυπῶσαι

1831 4728 2043 4797 (mundi
2074 4728 2309 4793 scilicet,
2333 4727 2632 4795 Scriptura
2680 4743 2868 4793 sacrm,
2914 4731 3195 4799 nostrique
3225 4731 3388 4801 hujus

1830 4820 2091 4887 hominis)
2114 4816 2378 4892 vitam'ac
2413 4821 2679 4874 rationem
2712 4820 2817 4889 piis
2870 4821 3176 4876 institutam
3224 4825 3390 4877 mori-

1831 4910 1954 4974 bus,
1989 4926 2053 4964 ac
2084 4912 2195 4964 Deo
2223 4918 2434 4980 gratam
2460 4909 2663 4962 habere
2694 4911 2987 4979 velit,qua3
3025 4922 3154 4967 sunt
3175 4914 3387 4982 potiora

1831 5015 1894 5053 ac
1924 5000 2194 5054 nobiliora
2226 5000 2450 5069 plurimi
2481 4999 2664 5052 faciat.
2697 4999 2904 5053 Anima:
2947 5001 3191 5067 quidem,
3221 5019 3391 5071 quan-

1834 5099 1949 5143 tum
1980 5105 2077 5158 per
2116 5091 2428 5144 facultatem
2460 5090 2703 5153 licuerit,
2755 5105 2940 5143 curam
2964 5097 3107 5159 agat,
3130 5106 3250 5158 qua:
3285 5092 3389 5146 im-

1834 5180 2079 5233 mortalis
2120 5189 2284 5248 atque
2344 5181 2550 5244 divina,
2597 5182 2971 5249 virtutumque
3036 5196 3141 5249 ope
3190 5181 3390 5237 deitate

1834 5268 2089 5322 donanda
2121 5268 2226 5332 sit;
2250 5283 2471 5323 carnem
2506 5278 2690 5324 autem
2739 5278 2989 5350 spernat,
3014 5285 3136 5337 qua:
3155 5270 3228 5322 sit
3251 5271 3391 5326 intc-

1454 5381 1685 5434 VARIzE
1745 5378 2035 5435 LECTION
2045 5379 2147 5432 ES.

241 5483 286 5514 ⁸⁸
320 5485 482 5540 τόπον
506 5505 556 5544 c.
594 5491 658 5546 Α.
706 5502 763 5546 et
814 5492 903 5546 Fr.
980 5493 1023 5523 ³³

1068 5493 1333 5574 ξσπαρται
1365 5514 1425 5574 c._
1552 5499 1640 5574 Fr.
1687 5499 1839 5574 Iheb
1866 5496 2229 5574 97:03:55:st
2258 5497 2432 5574 δόγμα
2462 5500 2833 5574 ἀξιοτῄρητον,
2879 5506 2972 5557 καὶ
3006 5508 3129 5574 περὶ
3169 5508 3265 5574 τῆς
3298 5511 3394 5564 τοῦ

418 5560 724 5642 συντελείας
751 5602 766 5625 ,
803 5563 897 5642 καὶ
923 5563 1007 5641 ὅτι
1046 5563 1145 5629 τῆς
1186 5550 1431 5642 ἑνοποιοῦ
1455 5550 1737 5642 ὅυνᾶμεως
1827 5566 1981 5642 λόγος
2016 5550 2575 5642 πᾶσινὶνέσπαρτᾶιί

173 5619 811 5715 ξςροεειαδὶἐωρεηοηα
842 5619 1204 5715 doctrina-iet
1234 5634 1295 5685 de
1327 5637 1504 5688 mundi
1531 5619 2005 5715 consummatione;
2031 5635 2267 5713 quodque
2293 5619 2487 5715 uni/iri:
2517 5619 2721 5693 virtutis
2756 5619 2892 5694 rai'io
2924 5619 3392 5715 alltglis'}21;';):’r;:

175 5698 268 5738 tu.
345 5690 511 5769 "Et;
531 5690 608 5769 τῷ
644 5701 970 5769 φαινομένῳ.
1006 5768 1009 5769 ν
1048 5702 1092 5731 ³³
1122 5700 1294 5755 llomo

175 5770 331 5820 gnua.
404 5757 449 5789 ⁸⁸
474 5760 560 5815 Fr.
579 5757 841 5836 ὶνέργῆτέ
871 5757 965 5823 καὶ
988 5768 1155 5838 ἔργοι.

1334 5718 1533 5770 parvus
1570 5705 1826 5771 mundus,
1854 5718 1953 5758 nec
1993 5704 2097 5755 nisi
2135 5711 2319 5758 errore
2352 5706 2405 5758 in
2430 5706 2691 5776 Gregorio
2728 5719 2783 5763 et
2826 5704 3250 5785 interpretibus;
3281 5734 3395 5769 m1-
