3958 6338
126 417 218 484 689
1463 401 1969 490 MYSTAGOGIA,

3207 425 3312 489 6.00

127 537 193 595 είς
218 530 510 598 ἐπίγνωσιν
553 531 684 586 Θεοῦ
732 533 1062 605 ἐπιστροφὴν
1116 535 1226 589 τῶν
1263 536 1528 600 ἀπίστων,
1570 539 1653 588 καΊ

1764 545 2197 599 convertuntur;
2229 535 2485 604 quodque
2519 533 2706 588 ﬁdeles
2757 548 2786 586 a
2836 532 3100 602 pravitate
3136 547 3198 587 ac
3227 533 3315 587 in-

124 623 210 693 τὴν
232 622 336 675 ἀπὸ
371 623 569 685 κακίας
598 625 690 677 καὶ
723 625 994 693 ἀγνωσίας
1024 629 1102 689 είς
1137 627 1336 698 ἀρετὴν
1375 628 1468 680 καὶ
1521 628 1659 694 γνῶ-

128 731 216 774 σιν,
260 715 550 783 μετάθεσιν
601 717 710 769 τῶν
753 717 960 770 πιστῶν
995 720 1300 788 σημαίνειν,
1335 720 1362 772 6
1395 719 1658 788 μακάριος

127 803 260 870 ἔλεγε
311 805 510 873 γέρων.
558 807 633 858 Οὐ
670 807 779 876 γὰρ
815 809 974 877 μόνον
1016 809 1114 878 τὴν
1152 809 1244 861 ἑπὶ
1270 810 1360 862 τὸν
1408 809 1658 878 ἀληθινὸν

126 894 241 946 Θεὸν
274 896 610 967 ἐπιστροφὴν
652 897 759 948 τῶν
803 897 1044 950 ἀπίστων
1073 900 1106 968 ή
1136 901 1214 961 είς
1241 899 1338 969 τὴν
1365 899 1660 968 ἐκκλησίαν

128 985 304 1047 εῐσοδος
341 985 671 1056 παραδηλοῖ·
704 987 836 1039 ἀλλά
881 990 971 1040 καὶ
993 989 1223 1042 ἑκάστου
1259 990 1411 1059 ήμῶν
1439 990 1546 1042 τῶν
1573 1006 1658 1049 πις-

131 1072 401 1125 στευόντων
425 1071 542 1142 μὲν,
566 1073 892 1126 ἀθετοῦντων
924 1074 979 1126 δὲ
996 1075 1091 1138 τὰς
1107 1077 1319 1138 ἑντολάς
1339 1076 1430 1129 τοῦ
1456 1077 1657 1147 Κυρίου

127 1163 180 1214 δι’
207 1164 417 1231 ἀγωγῆς
432 1162 725 1216 ἀκολάστου
741 1164 830 1216 καὶ
858 1165 1160 1234 ἀσχήμονος
1185 1165 1318 1234 βίου,
1337 1165 1431 1235 τὴν
1456 1167 1541 1218 διὰ
1564 1183 1657 1235 με·

127 1251 316 1314 τανοίας
331 1250 634 1318 διόρθωσιν.
649 1251 757 1314 Πᾶς
772 1251 874 1322 γὰρ
889 1251 982 1305 ἀνθ
992 1268 1188 1320 ρωπος,
1202 1251 1304 1303 εἴτε
1323 1253 1532 1319 φονεὺς,
1549 1251 1657 1303 εἴτε

239 1341 290 1381 λ·
380 1342 457 1370 ὀρ
582 1358 622 1370 -—
697 1359 718 1371 ρ
845 1341 998 1372 ρ·’--
1053 1342 1065 1358 ο
1223 1358 1244 1370 ι
1534 1338 1585 1363 ν*

132 1357 312 1408 μοιχις,
347 1358 458 1392 ειυς
482 1340 868 1410 κλὲ..τη.,,εῐτς
900 1358 1264 1410 υκερηφανος,
1297 1342 1403 1392 εἴτε
1423 1341 1655 1404 ἀλαςων,

129 1425 156 1493 ἢ
183 1425 456 1495 ὑϐριστὴς,
499 1427 531 1496 ἢ
566 1427 885 1496 πλεονέκτης
907 1466 921 1490 ,
951 1429 984 1497 ἦ
1026 1427 1376 1496 φιλάργυρος,
1403 1427 1435 1494 ἢ
1489 1427 1657 1479 κατά-

127 1515 341 1584 λαλος,ἢ
399 1517 753 1585 μνησίκακος.
817 1517 850 1587 ἢ
910 1516 1047 1586 πρὸς
1111 1518 1280 1585 θυμὸν
1341 1517 1434 1569 καὶ
1490 1516 1659 1586 ὀργὴν

128 1605 398 1674 εὐάγωγος,
432 1609 464 1678 ἦ
506 1607 760 1679 λοίδορος,
791 1609 822 1678 ἢ
857 1609 1214 1678 συκοφάντης,
1263 1608 1295 1676 ἢ
1343 1607 1588 1676 ψίθυρος,
1625 1606 1656 1675 ἦ

129 1696 284 1765 φθόνῳ
329 1697 676 1770 εὐχείρωτος,
711 1699 742 1768 ἢ
801 1698 1032 1768 μέθυσος
1054 1714 1067 1727 ·
1095 1700 1188 1752 καὶ
1218 1699 1425 1763 ἁπλῶς,
1462 1699 1550 1750 ἵνα
1583 1699 1656 1767 μὴ

131 1788 284 1841 πάντα
324 1788 392 1842 τά
419 1791 516 1858 τῆς
559 1789 755 1852 κακίας
779 1789 893 1859 είδη
920 1788 1395 1858 ἀπαριθμούμενος
1434 1788 1657 1858 μηκύνω

1763 627 1918 681 scitia
1948 626 2015 680 ad
2042 626 2299 678 virtutem
2328 639 2392 678 ac
2420 625 2702 678 scientiam
2731 622 3107 687 traducuntur,
3123 621 3317 676 beatus

1765 715 1852 769 illc
1879 731 2045 768 senex
2091 714 2398 784 signiﬁcare
2426 714 2628 768 aiebat.
2674 714 2886 768 Nedum
2943 715 3088 770 enim
3120 713 3312 767 inﬁde-

1763 803 1896 856 lium
1939 801 2006 855 ad
2054 818 2245 856 verum
2308 803 2592 870 solumque
2646 803 2838 865 Deum,
2904 803 3313 857 conversionem

1765 889 2031 958 signiﬁcat
2057 889 2145 943 ille
2182 889 2237 942 in
2295 890 2580 944 ecclesiam
2627 890 2940 960 ingressus;
2989 891 3084 946 sed
3115 901 3170 944 ct
3215 906 3314 943 no-

1765 988 1941 1032 strum
1992 980 2274 1048 cujusque,
2314 979 2407 1047 qui
2462 979 2739 1034 credimus
2789 979 3032 1048 quidem,
3079 981 3316 1050 alboque

1765 1069 2004 1122 ﬁdelium
2040 1085 2234 1122 nomen
2259 1069 2529 1133 dedimus,
2561 1069 2655 1123 sed
2677 1085 2910 1130 morum
2959 1071 3180 1124 lascivia
3203 1080 3316 1123 tur-

1764 1158 1927 1226 pique
1964 1158 2073 1212 vita
2105 1157 2382 1212 Dominica
2409 1159 2676 1214 violantes
2703 1147 3059 1224 mandatam}:
3087 1162 3316 1216 facimus

1765 1245 1941 1308 irrita,
1972 1247 2306 1314 pmnitentiae
2333 1248 2615 1302 laboribus
2645 1249 2950 1304 institutam
2972 1251 3313 1307 emendatio-

1721 1337 1733 1347 ⁴
1763 1352 1909 1392 nem.
1932 1336 2122 1390 Omnis
2149 1337 2292 1390 enim
2325 1337 2441 1405 sive
2476 1339 2770 1403 homicida,
2790 1341 2903 1394 sive
2945 1341 3182 1406 adulter,
3201 1343 3316 1396 sive

1763 1427 1869 1490 fur,
1903 1427 2016 1480 sive
2043 1425 2329 1494 superbus,
2356 1427 2469 1479 sive
2514 1443 2794 1496 arrogans,
2833 1436 2926 1481 aut
2959 1431 3318 1484 contumelio-

1764 1532 1875 1581 sus,
1914 1524 2010 1569 aut
2035 1516 2198 1570 alieni
2224 1517 2517 1585 appetitor,
2541 1520 2633 1570 aut
2650 1534 2868 1584 avarus,
2893 1530 2988 1574 aut
3011 1520 3308 1584 detractor,

1763 1617 1857 1662 aut
1894 1609 2214 1677 injuriarum
2244 1624 2470 1674 memor,
2510 1619 2604 1662 aut
2634 1609 2952 1676 iracundus,
3005 1623 3099 1667 aut
3123 1613 3316 1666 convi-

1762 1698 1947 1762 tiator,
2004 1705 2098 1751 aut
2155 1699 2536 1762 calumniator,
2584 1707 2677 1751 aut
2729 1715 2976 1770 susurro,
3029 1712 3123 1756 aut
3151 1719 3316 1771 quem

1765 1789 1968 1841 invidia
2001 1789 2158 1842 facile
2191 1797 2433 1858 superet,
2465 1800 2558 1844 aut
2593 1790 2841 1844 ebriosus
2867 1808 2881 1855 ;
2908 1793 3017 1856 vel,
3059 1800 3117 1845 ut
3148 1795 3315 1848 semel

128 1878 202 1930 τὸν
229 1879 400 1948 λόγον,
430 1882 578 1942 ὅστις
607 1882 696 1949 ὑφ’
735 1882 1054 1950 οἱασδήποτε
1097 1880 1293 1942 κακίας
1315 1880 1652 1949 ἐνεχόμενος,

1757 1879 1933 1932 dicam
1961 1881 2050 1948 (ne
2084 1889 2281 1934 cuncta
2302 1881 2560 1935 vitiorum
2590 1899 2790 1951 genera
2821 1898 3148 1937 enumerans
3190 1899 3316 1953 pro-

129 1970 240 2023 ἑπὸν
266 1972 355 2025 τοῦ
387 1973 653 2034 ἑκουσίως
686 1975 805 2024 κατ’
835 1972 1177 2042 ἐπιτήδευσιν
1227 1970 1503 2040 ἐνέχεσθαι
1559 1968 1653 2022 καὶ

1756 1969 1915 2025 lixior
1938 1968 2086 2039 sim),
2119 1970 2371 2038 quisquis
2395 1972 2506 2024 ullo
2528 1973 2662 2026 vitio
2686 1972 2998 2036 tenebatur,
3023 1982 3311 2042 postquam

129 2061 344 2131 ἑνεργεῖν
368 2062 507 2116 κατά
530 2061 786 2130 πρόθεσιν
817 2062 1094 2125 παύσοιτο,
1124 2062 1218 2114 καὶ
1245 2061 1537 2128 μεταϐαλοῖ
1569 2061 1653 2114 τὸν

1756 2069 1947 2128 sponte
1975 2074 2071 2113 sua
2097 2059 2348 2114 consulto
2376 2059 2463 2114 bis
2499 2061 2731 2129 amplius
2774 2062 2968 2126 teneri,
3017 2077 3081 2116 ac
3115 2063 3312 2116 volun-

132 2146 229 2214 βίον
249 2149 334 2200 ἐπὶ
367 2149 426 2201 τὸ
457 2152 723 2218 κρεῖττον,
752 2150 850 2218 τῆς
881 2150 1077 2213 κακίας
1100 2150 1198 2219 τὴν
1237 2150 1438 2219 ἀρετὴν
1467 2149 1653 2202 ἀνθαι-

1756 2158 1862 2203 tate
1891 2149 2109 2218 operari
2136 2148 2386 2212 desierit,
2420 2149 2648 2218 vitiique
2691 2150 2813 2203 loco
2843 2151 3103 2205 virtutem
3137 2167 3312 2220 [πίθοι

131 2238 364 2308 ρούμενος
387 2256 398 2269 ·
426 2241 456 2292 6
476 2241 716 2303 τοιοῦτος
738 2241 943 2309 κυρίως
979 2256 1037 2292 τε
1067 2231 1165 2311 ,καὶ
1195 2239 1409 2308 ἀληθῶς
1434 2237 1653 2308 Χριστῷ

1756 2249 1912 2309 ptans
1943 2240 2157 2294 meliori
2191 2240 2345 2310 fruge
2385 2241 2552 2294 vitam
2597 2243 2924 2307 mutaverit;
2985 2243 3032 2295 is
3091 2243 3314 2311 proprie

128 2330 195 2397 τῷ
224 2329 338 2398 ¹Θεῷ
367 2331 460 2383 καὶ
493 2331 738 2401 ἀρχιερεῖ
769 2328 993 2383 νοείσθω
1017 2346 1076 2383 τε
1125 2330 1214 2382 καὶ
1259 2329 1500 2397 λεγέσθω
1532 2347 1653 2382 συν-

1756 2347 1820 2386 ac
1852 2348 1978 2387 vere
2014 2348 2135 2386 cum
2161 2332 2380 2387 Christo
2409 2335 2521 2386 Deo
2555 2349 2618 2386 ac
2652 2333 2928 2402 pontiﬁce,
2957 2335 3011 2387 in
3032 2333 3312 2398 virtutem,

130 2421 329 2471 εισιέναι
387 2421 464 2483 είς
532 2421 633 2490 τὴν
692 2421 934 2491 ἀρετήν,
1000 2419 1322 2490 Ἐκκλησίαν
1383 2421 1653 2491 τροπικῶς

1757 2438 1876 2490 quae
1908 2421 2098 2476 morali
2131 2422 2491 2491 intelligentia
2524 2424 2762 2478 Ecclesia
2789 2433 2896 2488 est,
2953 2425 3113 2480 simul
3147 2425 3314 2478 intro-

128 2523 230 2559 voou
239 2509 300 2578 μέ
305 2526 397 2578 νην
405 2550 417 2562 .

1759 2511 1865 2565 isse
1891 2511 2228 2582 intelligatur
2258 2521 2419 2580 atque
2449 2512 2686 2567 dicatur.

2361 2613 2584 2679 (MPUT
2622 2621 2687 2675 Χ.

1893 2732 2254 2797 Quorumnam
2281 2731 2467 2786 divina?
2503 2733 2745 2787 lectiones
2775 2736 2878 2786 sint
2911 2735 3169 2804 symbola.

697 2621 945 2673 ΚΕΦΑΛ.
1002 2623 1060 2676 l’.

192 2733 361 2786 Τι’-νων
384 2731 500 2785 elei
539 2731 844 2800 σύμϐολον
884 2733 954 2786 τὰ
983 2732 1106 2786 θεῖα
1135 2731 1583 2803 ἁναγνώσματιι.

185 2839 285 2904 τάξ
317 2842 370 2895 δὲ
415 2841 568 2904 θείας
605 2841 712 2893 τῶν
755 2842 1026 2910 πανιέρων
1064 2841 1257 2910 βίϐλων
1304 2841 1653 2909 ἀναγνώσεις,

1823 2836 2042 2898 Divinas
2062 2853 2241 2896 autem
2271 2842 2765 2896 sacratissimorum
2805 2843 3073 2897 librorum
3121 2845 3311 2898 lectio-

135 2933 219 2997 τὰς
245 2933 385 2997 θείας
419 2935 512 2986 καὶ
550 2933 822 3003 μακαρίας
857 2933 948 2984 τοῦ
983 2933 1246 3000 παναγίου
1281 2932 1413 2984 Θεοῦ
1465 2931 1653 3001 βουλή-

1756 2947 1870 2997 nes,
1905 2932 2117 2986 divinas
2161 2931 2453 3000 beatasque
2481 2933 2811 2988 sanctissimi
2853 2933 2948 2986 Dei
3000 2934 3311 2989 voluntates

132 3037 229 3086 σεις
250 3024 289 3056 ³⁸
316 3041 371 3076 τε
397 3024 489 3076 καὶ
523 3021 714 3091 βουλὰς
739 3022 1116 3091 ὑπεμφαίνειν,
1140 3022 1322 3089 ἑλεγεν
1352 3024 1379 3074 6
1399 3021 1652 3074 διδάσκα-

1759 3036 1822 3076 ac
1852 3020 2077 3074 consilia
2100 3018 2457 3083 subinnucre,
2477 3021 2658 3074 aiebat
2681 3021 2969 3090 magister;
3001 3037 3065 3074 cx
3109 3023 3309 3091 quibus

130 3111 233 3174 λοςο
259 3113 322 3165 δι’
349 3107 420 3165 ὧν
448 3117 546 3176 τὰς
580 3114 858 3183 ὑποθήκας
897 3113 1004 3164 τῶν
1036 3113 1343 3181 πρακτέων,
1377 3112 1653 3178 ἀναλόγως

1756 3111 2084 3182 agendorum
2119 3110 2446 3164 documenta
2477 3127 2538 3166 ac
2575 3121 2872 3181 praecepta,
2910 3128 3008 3181 pro
3031 3128 3128 3166 suo
3162 3114 3309 3180 quis-

130 3200 330 3266 ἕκαστος
360 3205 537 3273 ήμῶν,
570 3203 708 3257 κατά
755 3205 854 3273 τὴν
899 3203 1139 3256 ὑποῦσαν
1201 3203 1347 3272 αὑτῷ
1404 3203 1650 3270 δύναμιν,

1756 3217 1858 3271 que
1901 3210 2085 3269 captu,
2131 3216 2194 3253 ac
2231 3202 2350 3270 ejus
2393 3217 2514 3269 quae
2556 3202 2697 3256 inest
2754 3202 3026 3256 facultatis
3061 3203 3135 3265 vi,
3169 3203 3310 3256 acci-

130 3289 486 3361 λαμδάνομενο
532 3294 624 3346 καὶ
682 3294 809 3354 τοὺς
861 3294 968 3345 τῶν
1005 3293 1163 3345 θείων
1207 3294 1300 3344 καὶ
1370 3293 1652 3361 μακαρίων

1756 3292 1964 3360 pimus;
2030 3290 2454 3356 divinorumque
2504 3304 2567 3342 ac
2619 3291 2902 3344 beatorum
2949 3292 3305 3344 certaminum

118 3380 328 3447 ,ἀγώνων
370 3384 562 3452 νόμους
633 3383 972 3452 μανθάνομεν
1003 3399 1016 3412 ·
1070 3381 1191 3434 καθ’
1247 3379 1340 3442 οὓς
1411 3381 1653 3449 νομίμως

1756 3383 1896 3449 leges
1923 3379 2203 3444 discimus,
2235 3396 2335 3449 pro
2360 3396 2592 3449 quarum
2649 3381 2860 3434 ratione
2911 3380 3152 3448 legitime
3190 3395 3307 3433 cer-

130 3471 411 3537 ἁθλοῦντες,
461 3474 569 3527 τῶν
622 3473 1047 3543 ἀξιονίκων.ιτῆς
1095 3471 1330 3544 Χριστοῦ
1382 3471 1653 3540 βασιλείας

1756 3481 1949 3535 tantes,
1979 3469 2279 3541 condignas
2329 3469 2532 3526 Christi
2579 3485 2746 3541 regno
2790 3471 3046 3526 victrices
3077 3484 3306 3524 coronas

132 3561 406 3634 ἁξιοὺμεθα
432 3567 729 3635 στεφάνων.

1756 3560 2161 3633 consequimur.

668 3679 914 3733 ΚΕΦΑΔ.
969 3680 1071 3732 ῐΑ’.

241 3787 396 3851 Τίνος
421 3788 551 3840 ἐστὶ
587 3788 895 3856 σύμϐολον
927 3789 971 3820 ³³
1014 3789 1083 3843 τὰ
1120 3787 1244 3842 θεῖα
1274 3787 1528 3855 ᾄσματα.

2261 3674 2420 3745 510
2455 3675 2677 3732 CAPUT
2717 3677 2809 3730 χι.

1950 3786 2185 3851 Quorum
2206 3786 2497 3856 symbolum
2527 3787 2631 3838 sint
2662 3787 2837 3838 divina
2863 3789 3088 3840 cantica.

189 3895 284 3963 Τὴν
315 3896 367 3947 δὲ
399 3896 771 3966 πνευματικὴν
805 3897 912 3948 τῶν
948 3896 1104 3948 θείων
1143 3897 1396 3967 ᾀσμάτων
1427 3894 1652 3964 τερπνό-

129 3999 277 4050 τητα,
313 3986 407 4054 τὴν
451 3983 788 4052 ἑμφαντικὴν
843 3983 1034 4050 δηλοῦν
1074 3984 1297 4050 ἔφασκε,
1339 3981 1446 4034 τῶν
1493 3979 1651 4031 θείων

131 4073 296 4142 ἡδονὴν
349 4073 599 4143 ἀγαθῶν⁹
658 4073 754 4140 τὴν
814 4071 911 4133 τὰς
957 4070 1136 4139 ψυχὰς
1197 4071 1331 4139 πρὸς
1402 4069 1499 4138 μὲν
1558 4068 1650 4120 τὸν

97 4166 374 4236 ,ἀκήρατον
441 4163 533 4218 τοῦ
603 4161 737 4216 Θεοῦ
802 4162 895 4215 καὶ
961 4162 1228 4231 μακάριον
1289 4157 1650 4212 ἀνακινοῦσαν

131 4252 282 4322 ιρωτα
305 4272 316 4284 ·
349 4257 480 4327 πρὸς
501 4256 557 4310 δὲ
589 4255 648 4308 τδ
686 4257 839 4326 μῖσος
880 4253 975 4323 τῆς
1001 4251 1288 4322 ἁμαρτίας,
1317 4250 1476 4304 πλέον
1506 4248 1650 4318 ἑγεί-

133 4356 322 4409 ροῦσαν.

1821 3895 2131 3964 Spiritalem
2171 3901 2351 3947 autem
2387 3893 2695 3946 divinorum
2752 3895 3087 3947 canticorum
3122 3899 3304 3950 suavi-

1752 3993 1916 4041 tatem
1951 3983 2257 4053 signiﬁcare
2287 3983 2488 4047 aiebat,
2516 3983 2852 4051 voluptatem
2881 3984 3150 4038 bonorum
3170 3987 3307 4040 divi-

1755 4087 1949 4127 norum
1982 4088 2225 4139 sensum,
2259 4073 2478 4140 vimque
2518 4072 3070 4144 exprimentem;qua:
3093 4077 3306 4130 animos

1756 4163 1975 4232 quidem
2006 4163 2072 4216 ad
2100 4162 2400 4230 perfectum
2431 4163 2756 4232 beatumque
2782 4163 2874 4218 Dei
2893 4180 3133 4219 amorem
3157 4181 3305 4218 eom-

1757 4259 1991 4317 moveat,
2025 4253 2191 4320 inque
2216 4251 2401 4306 odium
2432 4254 2638 4322 peccati
2661 4255 2830 4322 magis
2855 4257 3077 4310 excitet.

2346 4448 2568 4502 CAPUT
2601 4447 2715 4502 Xll.

1991 4560 2128 4625 Quid
2156 4559 2448 4630 signiﬁcent
2480 4562 2622 4629 pacis
2653 4559 3073 4613 acclamationes.

680 4457 923 4510 ΚΕΦΑΛ.
968 4453 1066 4510 IB'.
1680 4461 1726 4515 Β

137 4560 186 4612 Τί
220 4565 609 4629 σημαίνουσιν
639 4567 697 4616 al
728 4564 839 4632 τῆς
883 4565 1127 4631 εἰρήνης
1168 4563 1649 4632 προσφωνήσας.

188 4668 271 4720 Διά
313 4669 365 4721 δὲ
398 4671 504 4722 τῶν
543 4671 843 4740 γινομένων
887 4671 1093 4724 ἔνδοθεν
1133 4676 1196 4724 ἑκ
1247 4675 1340 4725 τοῦ
1383 4675 1647 4741 ίερατείου

129 4754 344 4809 κελεύσει
376 4759 469 4811 τοῦ
498 4759 818 4828 ἀρχιερέως,
867 4760 952 4828 ἐφ’
1000 4761 1213 4829 ἑκάστῳ
1265 4761 1646 4828 ἁναγνώσματι

131 4847 212 4913 τῆς
276 4852 488 4918 εἰρήνης
543 4850 976 4919 ὑποφωνήσεων·
1034 4853 1132 4912 τὰς
1192 4851 1278 4902 διὰ
1324 4851 1430 4904 τῶν
1480 4852 1649 4916 ἁγίων

132 4935 347 5001 ἀγγέλων
373 4940 826 5009 διακομιζομὲνας
856 4939 1000 5002 θείας
1024 4939 1290 5007 ἁποδοχάς
1336 4939 1645 5007 δηλοῦσθαι,

131 5025 311 5093 ὁσοφὺς
333 5031 631 5098 διωρίζετο·
670 5030 738 5082 δι’
762 5024 834 5083 ὧν
853 5031 880 5082 6
908 5030 1038 5092 θεὸς
1065 5029 1234 5099 ὁρίζει
1272 5030 1379 5082 τῶν
1406 5034 1648 5100 νομίμως

133 5113 250 5183 ὑπὲρ
275 5118 370 5185 τῆς
394 5121 649 5189 ἀληθείας
677 5121 809 5192 πρὸς
841 5120 937 5182 τὰς
984 5121 1360 5190 ἀντικειμένας
1395 5123 1650 5192 δυνάμεις

133 5201 405 5258 ἀθλούντων
448 5212 572 5272 τοὺς
627 5209 862 5275 ἀγῶνας,
907 5211 1002 5272 τὰς
1035 5201 1651 5280 ἀοράτουςςσυμπλοκάς

1821 4676 1926 4730 Per
1957 4674 2313 4742 pacisautem
2347 4673 2786 4733 acclamationes,
2828 4688 2947 4741 qum
2996 4673 3191 4724 intuse
3218 4686 3301 4724 sa-

1751 4764 1928 4818 crario
1952 4763 2006 4814 in
2029 4777 2350 4830 unaquaque
2380 4761 2613 4815 lectione
2649 4763 2906 4814 antistitis
2943 4763 3095 4831 jussu
3144 4759 3300 4825 ﬁunt,

1747 4870 1840 4908 eas
1886 4870 2007 4922 quze
2052 4868 2148 4920 per
2179 4862 2394 4906 sanctos
2439 4853 2660 4921 angelos
2729 4853 3050 4908 deferuntur
3089 4851 3300 4904 divinas

1746 4945 1958 5006 laudes,
1982 4943 2304 5010 favoresque
2331 4942 2647 5009 signiﬁcari,
2681 4945 2764 4997 vir
2815 4946 2901 4998 ille
2942 4943 3156 5012 sapiens
3188 4954 3297 5010 sta-

1747 5033 1964 5096 tuebat;
1992 5031 2194 5100 quibus
2223 5031 2366 5084 Deus
2395 5046 2583 5084 eorum
2613 5034 2706 5102 qui
2737 5028 2976 5104 legitime
3008 5049 3104 5101 pro
3152 5032 3296 5085 vcric

1746 5132 1854 5176 tate
1878 5132 2066 5176 contra
2088 5121 2428 5175 adversarias
2452 5131 2748 5191 potestates
2795 5126 2938 5177 lucta
2992 5123 3290 5191 defunguu-

1744 5221 1850 5274 tur,
1877 5211 2174 5264 certamina
2203 5211 2342 5276 ﬁnit,
2391 5213 2689 5267 invisibiles
2743 5213 3156 5280 congressioncs
3189 5213 3297 5266 dis-

1337 5383 1565 5436 vanm
1602 5342 1999 5436 Lucriosns.

283 5511 384 5589 “fa
409 5527 580 5589 marg.
609 5513 875 5589 βουληθείς
898 5515 1040 5589 ἑστιν
1071 5517 1248 5589 θρεξις
1277 5521 1608 5589 φανταστικὴ
1639 5518 1742 5589 τῶν
1783 5521 1870 5589 ἐφ’,
1889 5521 2040 5588 ἡμῖν,
2067 5522 2162 5573 καὶ
2183 5522 2280 5574 οὐκ
2310 5523 2391 5586 ἐφ’
2423 5522 2552 5588 ἡμῖν
2579 5535 2590 5546 ⁸
2625 5520 2656 5589 ἢ
2683 5519 2808 5571 ποία
2832 5517 3032 5589 φυσικὴ
3058 5517 3293 5589 Oﬁlium}.

135 5574 209 5660 Fr:
232 5578 388 5660 βουλὴ
411 5574 572 5660 ita}:
607 5574 884 5660 βούλευσίς
901 5585 1058 5660 ἐστιν.
1073 5574 1249 5652 ὄρεξ;ς
1280 5574 1542 5660 ζητητικὴ
1571 5574 1695 5653 περί
1723 5605 1786 5660 τι⁸
1807 5574 2182 5660 τῷεί’ἑφ”ήζλ.ἶν
2215 5574 2472 5660 πρακτῶν
2501 5574 2779 5657 γινομένη.
2814 5574 2893 5639 ’έά
2913 5587 2966 5638 δὲ
3005 5574 3094 5660 τοῦ
3123 5574 3289 5650 Θεοῦ,

137 5647 756 5725 ξιξ-ῦπὲρτ-αῦταιπάντα
787 5667 800 5680 ν
831 5653 924 5725 καὶ
947 5647 1196 5725 gadium;
1234 5647 1570 5725 καὶ’θέ>.ησξς
1632 5647 1723 5706 καὶ
1765 5647 2114 5725 βουλήςτκάῖ
2168 5647 2269 5712 ὅσα
2327 5659 2456 5712 ἀλλα
2512 5647 2636 5710 ’ἐπ“ι’
2667 5647 2800 5710 Θεοῦ
2845 5647 3286 5722 κατσράσκεταιζ

137 5711 173 5747 ³³
202 5711 352 5769 Τίνων
383 5719 817 5789 εισισύμεολαο.
852 5721 912 5772 Α.
945 5711 1276 5789 Τίνωνέστί.
1308 5725 1396 5775 Fr.
1470 5711 1479 5724 ’
1552 5711 1565 5718 ’
1765 5711 1774 5725 '
1881 5754 1885 5758 ι
