3958 6338
111 391 203 455 633
1454 391 1666 449 MYSTI

1769 389 1946 450 )GIA.

3215 390 3320 453 θοι

110 498 203 549 τῶν
231 495 464 558 ἀναξίων
492 494 591 562 τῆς
640 493 787 556 θείας
825 493 931 545 τῶν
983 496 1416 564 δειχίησομένων
1451 515 1655 568 μυστη-

1769 498 1858 559 1ἰι,
1888 505 2002 551 tum
2029 492 2569 561 catechaureuorum,
2623 510 2687 549 ac
2724 495 3081 564 reliquorum,
3110 501 3201 567 qui
3237 501 3319 554 in-

114 587 228 652 ρίων
259 582 512 654 θεωρίας,
541 583 801 646 ἀπόλυσίς
829 599 887 635 τε
909 584 1003 635 καὶ
1026 584 1221 653 ἐκϐολὴ
1272 585 1360 638 διὰ
1411 587 1517 637 τῶν
1548 587 1658 638 λει-

112 674 339 744 τουργῶν
362 673 633 740 γίγνεται·
688 673 1028 743 σημαίνουσα
1056 676 1150 726 καὶ
1204 676 1482 744 προτυποῦ
1494 694 1559 728 σα
1589 676 1657 727 δι’

115 765 295 831 ἑαυτῆς
340 763 437 829 τὴν
467 759 829 834 ἁλήθειαν,ἦς
854 762 1013 816 εἰκὼν
1060 764 1292 833 ὑπάρχει
1341 765 1436 816 καὶ
1467 766 1655 828 τύπος,

117 854 198 905 καὶ
228 847 336 904 οἷον
360 855 416 905 ἐν
443 853 655 914 τούτοις
687 852 884 920 βοῶσα,
920 855 1001 905 ὅτι
1059 856 1196 923 μετά
1227 854 1287 905 τὸ
1316 854 1659 923 κηρυχθῆναι

117 943 169 993 τδ
198 940 550 1008 Εὑαγγέλιον,
578 941 761 1003 καθὼς
790 941 1127 1011 γέγραπται,
1164 944 1265 1012 τῆς
1297 944 1571 1013 βασιλείας
1602 946 1659 996 ἐν

119 1032 205 1101 ὅλῃ
235 1034 297 1100 τῇ
340 1029 653 1099 οἰκουμένῃ,
686 1031 763 1092 είς
799 1030 1094 1099 μαρτύριον
1133 1034 1268 1084 πᾶσι
1303 1035 1414 1095 τοῖς
1462 1032 1658 1092 ἔθνεσι,

118 1121 227 1173 τότε
247 1120 361 1189 ἥξει
382 1118 444 1172 τὸ
482 1119 633 1181 τέλος
666 1135 680 1150 ’
724 1121 1158 1189 παραγινομένου
1187 1122 1328 1173 κατά
1351 1122 1447 1191 τὴν
1482 1122 1663 1174 δευτέ-

124 1229 214 1281 ραν
274 1209 432 1262 αὐτοῦ
480 1208 820 1277 παρουσίαν,
874 1210 934 1273 ἐξ
986 1210 1226 1281 οὐρανῶν
1268 1212 1486 1279 δηλαδὴ,
1525 1210 1664 1279 μετά

121 1300 260 1367 ὥξης
288 1299 484 1365 πολλῆς
528 1298 624 1349 τοῦ
656 1299 893 1368 μεγάλου
937 1299 1071 1352 Θεοῦ
1106 1301 1200 1353 καὶ
1228 1301 1482 1370 Σωτῆρος
1510 1301 1665 1369 ἡμῶν

132 1390 288 1458 Ἰησοῦ
332 1389 568 1457 Χριστοῦ
601 1406 615 1421 ·
656 1390 849 1455 Αὐτὸς
901 1390 1010 1459 γὰρ
1048 1392 1081 1443 ὁ
1125 1392 1339 1458 Κύριος
1387 1392 1457 1443 ἐν
1494 1388 1665 1458 φωνῇ

123 1479 473 1548 ἀρχαγγέλου
504 1478 602 1531 καί
648 1479 719 1530 ἐν
768 1480 1055 1549 σάλπιγγι
1090 1482 1237 1536 Θεοῦ
1267 1482 1665 1547 καταϐήσεται

124 1570 214 1623 ἀπ’
239 1568 515 1635 οἰιρανοῦ,
546 1568 709 1636 φησὶν
734 1570 762 1620 ὁ
789 1569 929 1631 θεῖος
968 1571 1289 1631 ’Λπόστολος
1306 1588 1318 1599 ο
1339 1573 1432 1624 καὶ
1450 1572 1663 1624 ποιοῦν-

124 1676 203 1721 τος
234 1657 593 1726 ὲκδίκησιν’ὲν
636 1658 748 1719 τοῖς
783 1658 1142 1723 ὑπεναντίοις,
1180 1662 1272 1713 καὶ
1301 1659 1657 1730 ἀφορίζοντος

125 1748 205 1802 διὰ
233 1748 333 1802 τῶν
361 1748 533 1815 ἁγίων
563 1748 815 1815 ἀγγέλων
860 1749 986 1810 τοὺς
1018 1752 1238 1811 πιστοὺς
1272 1750 1379 1802 ἀπὸ
1407 1751 1515 1802 τῶν
1543 1752 1667 1804 ἀπί-

1760 588 1909 658 digni
1943 588 2054 641 sint
2085 596 2145 640 ut
2175 574 2364 641 divino
2389 585 2774 656 mysteriorum
2813 586 2866 639 in
2906 596 3157 657 apertum
3186 606 3317 659 pro-

1760 679 2136 734 ducendorum
2167 687 2386 748 aspectu
2419 678 2685 752 fruamur,
2734 677 2983 732 dimissio
3029 678 3087 732 ﬁt
3119 695 3181 734 ac
3212 684 3324 751 eje-

1760 771 1870 824 ctio
1898 785 1995 839 per
2031 770 2337 833 ministros;
2358 785 2478 838 qua:
2513 784 2621 831 res,
2648 773 2839 836 "stopie
2866 767 2979 835 ipsa
3006 769 3322 839 grnio,ejus

1760 861 2009 930 designat
2062 861 2463 929 praesignatque
2511 848 2798 914 veritatem
2836 858 2992 929 Qlljlls
3047 858 3225 929 imago
3262 876 3323 915 ac

1761 950 1933 1020 ﬁgura
1965 952 2214 1015 exsistit;
2243 950 2441 1019 vixque
2475 937 2585 1004 non
2614 950 2834 1014 clamat,
2870 943 3323 1019 liis‘qazegerun-

1762 1048 1851 1092 tur
1881 1058 1891 1091 :
1923 1040 2036 1093 fore
2071 1041 2354 1105 nimirum,
2382 1049 2443 1093 ut
2473 1050 2759 1110 postquam
2782 1040 3141 1109 prmdieatum
3161 1039 3323 1097 luerit

1763 1130 2117 1199 Evangelium
2145 1132 2299 1199 regni
2323 1132 2377 1184 in
2404 1131 2663 1185 universo
2682 1132 2838 1194 orbe,
2871 1132 2925 1184 in
2952 1132 3327 1187 testimonium
3351 1134 3379 1149 ’⁷
3408 1164 3418 1172 -

1762 1222 1976 1275 cunctis
2008 1222 2281 1290 gentibus,
2326 1222 2469 1275 sicut
2504 1224 2771 1291 scriptum
2826 1230 2928 1286 est,
2960 1228 3091 1275 tunc
3146 1223 3331 1276 veniat

1765 1312 1887 1365 ﬁnis
1907 1322 1933 1360 γ
1957 1329 1971 1376 ;
2002 1310 2326 1365 adveniente
2348 1312 2559 1365 scilicet
2600 1313 2654 1365 in
2672 1313 2916 1367 secundo
2940 1312 3181 1365 adventu
3205 1327 3324 1376 suo,

1764 1417 1794 1455 e
1834 1402 1990 1456 cmlis
2014 1417 2139 1455 cum
2165 1402 2413 1457 claritate
2442 1418 2660 1472 magna,
2702 1418 2897 1473 magno
2929 1405 3040 1457 Deo
3064 1419 3128 1458 ac
3149 1403 3328 1458 Salva-

1768 1498 1884 1542 torc
1919 1498 2113 1543 nostro
2135 1491 2262 1545 Jcsu
2287 1491 2507 1545 Christo
2534 1501 2553 1527 τ
2579 1510 2591 1543 :
2622 1491 2739 1561 Ipse
2764 1494 2900 1545 enim
2946 1492 3218 1557 Dominus,
3249 1494 3329 1547 in-

1764 1580 1884 1647 quit
1929 1580 2149 1635 divinus
2188 1581 2503 1650 Apostolus,
2547 1584 2602 1635 in
2647 1599 2767 1636 voce
2816 1585 3143 1653 archangeli,
3189 1593 3238 1637 et
3277 1586 3331 1638 in

1766 1670 1888 1722 tuba
1916 1668 2008 1722 Dei
2030 1672 2299 1724 descendet
2316 1674 2378 1726 de
2403 1672 2528 1726 cwlo
2550 1686 2608 1740 a;
2634 1675 2798 1743 inque
2825 1674 3152 1728 adversariis
3172 1674 3328 1744 512

1766 1757 2003 1814 faciente
2050 1761 2372 1825 vindictam,
2430 1778 2495 1816 ac
2538 1780 2637 1832 per
2695 1772 2915 1819 sanctos
2952 1767 3173 1834 angelos
3203 1781 3330 1820 suos

128 1857 272 1902 στων,
323 1840 416 1891 καὶ
455 1838 563 1891 ἀπὸ
604 1838 712 1890 τῶν
751 1838 972 1892 δικαίων
1006 1841 1129 1900 τοὺς
1159 1840 1396 1899 ἀδίκους,
1436 1842 1663 1894 καὶτῶν

1769 1858 2086 1919 scgregante
2112 1850 2301 1905 ﬁdeles
2323 1852 2390 1905 ab
2411 1852 2750 1919 inﬁdelibus,
2784 1865 2838 1909 et
2858 1871 2886 1909 a
2908 1857 3071 1926 justis
3091 1856 3329 1926 iniquos.

128 1930 277 1995 ἁγίων
305 1929 427 1991 τοὺς
461 1930 679 1994 ἐναγεῖς
701 1945 714 1959 ⁸
746 1931 840 1982 καὶ
876 1930 1082 1993 ἁπλῶς,
1116 1930 1201 1983 ἵνα
1238 1930 1472 1983 συνελὼν
1503 1934 1661 1994 εἴπω,

126 2019 217 2071 τῶν
246 2018 520 2087 Πνεὺματι
549 2016 687 2070 Θεοῦ
716 2019 1143 2087 στοιχησάντων,
1168 2019 1292 2080 τοὺς
1318 2018 1494 2070 ὀπίσω
1520 2036 1663 2088 ¹σαρ-

129 2105 210 2167 κὸς
258 2104 621 2175 πορευθέντας
649 2119 663 2132 ·
721 2105 813 2157 καὶ
848 2104 935 2157 ἐπ’
982 2104 1144 2156 αἰῶσι
1190 2105 1439 2172 ἀπείροις
1478 2122 1535 2157 τε
1571 2106 1668 2158 καί⁵

128 2195 499 2263 ἀτελευτήτοις,
530 2194 605 2256 ὼς
636 2195 670 2263 ἡ
699 2193 807 2246 τῶν
847 2193 1007 2247 θείων
1029 2192 1225 2259 λογίων
1255 2193 1483 2263 ἀλήθειά
1511 2210 1663 2262 φησι,

128 2287 232 2337 κατ’
260 2286 409 2351 ἀξίαν
438 2286 547 2337 τῶν
581 2284 928 2354 βεϐιωμένων
990 2284 1203 2353 ἑκάστῳ
1240 2284 1452 2337 δικαίαν
1479 2286 1667 2338 amat.

127 2374 285 2436 δόντος
304 2375 400 2443 τὴν
432 2374 685 2443 ἀμοιϐήν.

672 2486 935 2541 ⁸ΚΕΦΑΛ.
977 2484 1055 2537 1Ε¹
1075 2510 1090 2525 ο

134 2598 283 2659 Τίνος
322 2596 633 2663 σύμϐολόν
664 2594 795 2648 ἐστι
841 2595 880 2661 ἡ
915 2595 1145 2659 κλεῖσις
1179 2594 1298 2647 τῶν
1334 2596 1526 2661 θυρῶν
1560 2595 1670 2661 τῆς

186 2666 344 2731 ἁγίας
383 2665 737 2731 ἐκκλησίας,
768 2663 806 2729 ἡ
834 2664 982 2732 μετὰ
997 2665 1059 2716 τὸ
1087 2665 1257 2732 ἅγιον
1298 2663 1667 2732 Εὑαγγέλιον
1705 2690 1722 2705 ι

186 2734 511 2803 γιγνομένη-

193 2845 253 2896 ’Π
288 2845 342 2896 δὲ
366 2846 503 2915 μετά
534 2844 632 2914 τὴν
663 2844 812 2913 ίεράν
841 2843 1142 2911 ἀνάγνωσιν
1172 2841 1264 2895 τοῦ
1298 2842 1453 2910 ἁγίου
1488 2841 1668 2910 Εὐαγ-

1769 1949 1931 2007 atque
1963 1955 1992 1993 a
2026 1940 2230 1995 sanctis
2250 1942 2545 1997 sceleratos
2585 1952 2640 1997 et
2684 1945 2768 2013 (ut
2802 1947 2969 1999 semel
2997 1947 3231 2015 dicam):
3264 1948 3332 2000 ab

1771 2027 1840 2081 iis
1883 2029 1977 2097 qui
2036 2029 2245 2099 Spiritu
2289 2033 2387 2086 Dei
2438 2033 2887 2099 ambulaverunt,
2940 2051 3036 2090 eos
3079 2038 3173 2104 qui
3212 2044 3333 2105 post

1772 2129 1992 2168 carnem
2025 2118 2322 2185 abierunt;
2354 2136 2560 2190 perque
2609 2124 2803 2177 saecula
2837 2122 3069 2188 inﬁnita,
3103 2139 3166 2177 ac
3193 2140 3333 2177 nun-

1771 2219 1933 2271 quam
1990 2203 2252 2269 ﬁnienda,
2285 2219 2346 2261 ut
2392 2224 2519 2263 vere
2556 2211 2743 2265 divino
2793 2212 3070 2281 proditum
3111 2213 3332 2267 oraculo

1771 2300 1873 2353 est,
1904 2292 2104 2359 justam
2133 2294 2363 2363 singulis
2388 2312 2486 2365 pro
2499 2301 2765 2369 cujusque
2782 2302 3104 2356 meritorum
3126 2302 3333 2356 ratione

1770 2381 2189 2436 retributionem
2211 2385 2493 2441 reddente.

2355 2497 2581 2553 CAPUT
2616 2500 2725 2555 XV.

1764 2605 2059 2683 Cujufnam
2086 2608 2496 2683 symbolumsit,
2527 2613 2664 2680 quod
2704 2623 2902 2666 sancta:
2931 2614 3160 2668 ecclesia:
3199 2617 3332 2683 {ores

1860 2674 2205 2748 clauduntur,
2231 2686 2345 2746 post
2380 2674 2572 2733 lectum
2591 2692 2831 2735 sanctum
2860 2674 3230 2752 Evangeliuni.

1841 2850 1995 2916 Quod
2017 2860 2201 2907 autem
2232 2862 2355 2921 post
2407 2854 2609 2906 lectum
2662 2864 2912 2909 sanctum
2959 2856 3336 2926 Evangelium,

133 2934 315 3001 γελίου,
362 2937 454 2987 καὶ
490 2934 593 3003 τὴν
644 2932 874 3003 ἐκϐολὴν
926 2933 1032 2986 τῶν
1061 2934 1482 3003 κατηχουμένων
1526 2950 1666 3000 γινο·

1774 2944 2085 3013 ejectosque
2135 2944 2598 3009 catechumenos,
2651 2953 2852 3000 sancte
2902 2947 3149 3001 ecclesiae
3196 2947 3337 3001 fores

134 3025 251 3093 μένη
278 3024 476 3087 κλεῖσις
507 3026 617 3078 τῶν
671 3022 849 3093 θυρῶν
889 3022 988 3091 τῆς
1037 3024 1197 3091 ἀγίας
1246 3024 1341 3076 τοῦ
1386 3023 1523 3076 Θεοῦ
1579 3025 1672 3076 ἐκ·

131 3113 353 3182 κλησίας,
383 3116 484 3183 τήν
524 3131 583 3166 τε
604 3115 711 3167 τῶν
734 3113 927 3167 ὑλικῶν
946 3113 1094 3182 δηλοῖ
1122 3114 1355 3183 πάροδον
1378 3155 1393 3178 ,
1428 3100 1535 3167 καί
1571 3114 1668 3185 τὴν

132 3204 473 3273 γενησομένην
542 3205 678 3272 μετὰ
722 3204 813 3257 τὸν
861 3203 1088 3273 φοϐερὸν
1133 3204 1338 3255 ἐκεῖνον
1369 3205 1670 3273 ἀφορισμδν

133 3296 212 3347 καὶ
234 3295 328 3365 τὴν
360 3293 740 3363 φοϐερωτέραν
776 3294 974 3363 ψῆφον,
1002 3294 1081 3355 είς
1110 3292 1201 3345 τὸν
1222 3292 1409 3360 νοητὸν
1446 3292 1668 3360 κόσμον,

133 3382 235 3451 ἦτοι
268 3383 361 3436 τὸν
386 3381 650 3451 νυμφῶνα
673 3375 767 3433 τοῦ
805 3383 1070 3453 Χριστοῦ,
1102 3381 1208 3435 τῶν
1228 3380 1395 3447 ἀξίων
1425 3382 1626 3435 εἴσοδον
1652 3400 1665 3413 ·

134 3472 215 3525 καὶ
239 3474 332 3543 τὴν
388 3476 449 3527 ἐν
488 3475 606 3534 ταῖς
638 3471 922 3541 αἰσθήσεσι
974 3476 1075 3545 τῆς
1121 3474 1261 3527 κατά
1312 3473 1412 3543 τὴν
1457 3474 1671 3543 ἀπάτην

134 3563 385 3633 ἐνεργείας
415 3564 625 3616 τελείαν
658 3560 952 3632 ἀποϐολήν.

664 3675 917 3728 nam.
954 3738 963 3747 ,
998 3674 1113 3743 ις’.
1614 3740 1619 3744 ,

172 3792 225 3842 τι
256 3791 529 3860 σημαίνει
560 3790 599 3859 ἠ
626 3787 744 3841 τῶν
772 3787 953 3856 ἁγίων
983 3790 1335 3857 μυστηρίων
1374 3790 1631 3855 εἴσοδος.

204 3901 263 3952 Ἥ
296 3900 480 3955 δὲ’τῶν
516 3900 687 3973 ἁγίων
710 3898 805 3952 καὶ
834 3900 1045 3951 παπ-τῶν
1101 3903 1417 3971 μυστηρίων
1448 3901 1666 3964 εἴσοδος,

132 3990 258 4061 ἀρχὴ
306 3994 399 4047 καὶ
446 3991 730 4063 προοίμιόν
780 3987 927 4044 ἐστιν
971 3990 1089 4060 (ὡς
1154 3994 1184 4045 ὁ
1247 3994 1419 4061 μέγας
1464 3994 1670 4055 ἐκεῖνος

138 4076 324 4147 {quis
350 4084 556 4154 γέρων)
590 4084 690 4153 τῆς
720 4082 1085 4153 γενησομένης
1116 4085 1174 4134 ἐν
1203 4085 1452 4153 οὐρανοῖς
1482 4085 1675 4153 καινῆς

1776 3035 2145 3099 claudundur,
2179 3034 2475 3104 signiﬁcat,
2509 3043 2621 3089 tum
2669 3036 2996 3090 transituras
3038 3053 3124 3091 res
3166 3046 3337 3091 terre»
3379 3084 3383 3088 .

1772 3140 1890 3185 nas.
1918 3135 2033 3178 tum
2066 3125 2202 3189 fore,
2239 3134 2300 3179 ut
2328 3132 2452 3192 post
2486 3125 2786 3179 terribilem
2824 3126 2970 3179 illam
3004 3129 3338 3197 segregatio-

1769 3225 1918 3273 nem,
1952 3226 2017 3264 ac
2050 3211 2437 3265 terribiliorem
2469 3212 2821 3274 sententiam,
2851 3220 2912 3265 ut
2936 3214 3336 3281 intelligibilem

1770 3301 2027 3368 deinceps
2048 3300 2336 3365 mundum,
2366 3301 2422 3354 id
2449 3310 2553 3367 est,
2576 3299 2783 3356 Christi
2811 3301 3131 3367 thalamum,
3153 3303 3336 3371 ingre-

1771 3389 2014 3455 diantur,
2037 3391 2135 3462 qui
2184 3391 2336 3463 digni
2368 3400 2571 3457 erunt;
2624 3400 2680 3448 et
2706 3401 2768 3446 ut
2798 3393 3052 3463 operatio
3109 3394 3334 3457 erroris,

1772 3495 1892 3549 qua:
1920 3480 1976 3535 in
2011 3482 2267 3537 sensibus
2303 3483 2525 3548 accidit,
2552 3482 2796 3554 perfecte
2812 3485 3126 3553 abjiciatur.

2352 3680 2576 3735 CAPUT
2608 3664 2748 3735 x‘vr.

1807 3794 1943 3858 Quid
1976 3802 2283 3848 sanctorum
2319 3796 2688 3863 mysteriorum
2728 3794 2975 3846 introitus
3021 3795 3297 3863 signiﬁcet.

1838 3903 2165 3959 Sanctorum
2193 3912 2374 3957 autem
2404 3918 2468 3957 ac
2504 3903 2907 3957 venerabilium
2950 3905 3334 3974 mysteriorum

1722 4015 1734 4022 ο
1770 3994 2050 4057 introitus,
2078 3990 2295 4044 initium
2335 4001 2420 4046 est
2448 3991 2811 4046 aeexordium
2838 3992 2940 4063 (uti
2989 4007 3217 4063 magnus
3247 3994 3337 4047 ille

1771 4099 1937 4138 senex
1964 4080 2422 4151 dicebaﬁfulurze
2454 4082 2508 4135 in
2531 4083 2687 4138 caelis
2729 4099 2886 4138 novre
2934 4083 3203 4139 doctrinae
3238 4083 3335 4138 Dei

134 4170 452 4237 διδασκαλίας
508 4175 637 4245 περὶ
684 4177 782 4244 τῆς
812 4173 1122 4243 οἰκονομίας
1149 4174 1242 4226 τοῦ
1272 4174 1406 4227 Θεοῦ
1597 4176 1666 4238 εἰς

1771 4176 1829 4229 in
1856 4190 1978 4239 nos,
2004 4173 2326 4242 impensiori
2372 4175 2627 4241 consilio,
2676 4175 3069 4245 providentia,
3106 4188 3334 4233 nostra:-

134 4264 296 4330 ἡμᾶς,
340 4266 434 4319 καὶ
476 4264 816 4334 ἀποκάλυψις
850 4250 943 4318 τοῦ
1000 4266 1057 4317 ἐν
1102 4264 1314 4328 ἀδύτοις
1364 4269 1463 4335 τῆς
1528 4266 1666 4328 θείας

1770 4279 1899 4333 que,
1924 4264 1984 4317 in
2016 4261 2188 4316 divini
2213 4261 2410 4317 secreti
2443 4263 2620 4334 adytis
2651 4264 2875 4328 occulti,
2903 4266 3096 4320 salutis
3132 4278 3335 4337 myste-

135 4353 468 4426 κρυφιότητος
518 4355 669 4418 ὄντος
707 4355 1007 4425 μυστηρίου
1036 4356 1136 4424 τῆς
1180 4356 1335 4426 ἡμῶν
1374 4358 1666 4427 σωτηρίας.

1773 4354 1840 4407 rii
1882 4350 2271 4407 manifestatio.
2329 4352 2423 4407 Ait
2464 4368 2699 4423 namque
2738 4354 2882 4408 Deus
2901 4369 2964 4408 ac
2991 4354 3234 4408 Verbum
3267 4357 3334 4409 ad

138 4446 208 4495 οὐ
248 4446 350 4513 γὺρ
402 4446 489 4516 μὴ
527 4448 803 4516 πίω,φησὶ
857 4448 991 4517 πρὸς
1046 4448 1174 4508 τοὺς
1204 4447 1397 4501 ἑαυτοῦ
1426 4449 1666 4519 μαθητὰς

1770 4441 2073 4511 discipulos
2093 4457 2266 4497 suos:
2306 4443 2424 4497 Non
2479 4444 2651 4497 bibam
2695 4445 2885 4497 amodo
2940 4444 3003 4497 dc
3053 4446 3146 4497 hoc
3192 4447 3336 4513 geni-

134 4532 159 4579 ὁ
177 4531 296 4596 Θεὸς
334 4539 427 4587 καὶ
476 4521 670 4602 Λόγος,
707 4538 810 4589 ἀπ’
850 4537 982 4603 ἄρτι
1022 4537 1091 4589 ἐκ
1141 4538 1252 4592 τοῦ
1305 4541 1666 4607 γεννήματος

1770 4533 1910 4584 mine
1941 4532 2269 4605 uitis,usque
2290 4536 2347 4588 in
2370 4535 2511 4587 diem
2536 4533 2711 4600 illum,
2730 4551 2849 4588 cum
2879 4534 3015 4589 illud
3045 4534 3215 4587 bibam
3247 4550 3336 4588 vo-

134 4618 230 4687 τῆς
242 4622 528 4690 ἀμπέλου,
556 4623 664 4688 ἕως
685 4623 795 4690 τῆς
819 4623 1039 4692 ἡμέοας
1055 4626 1289 4693 ἐκείνης
1312 4671 1329 4692 ,
1359 4627 1504 4680 ὅταν
1527 4626 1666 4679 αὐτὸ

1769 4623 1963 4678 hiscum
1988 4641 2180 4680 novum
2200 4628 2254 4679 in
2283 4642 2444 4696 regno
2470 4625 2650 4680 Patris
2674 4628 2775 4680 mei
2792 4627 2841 4680 ιτ.

133 4707 267 4761 πίνω
281 4711 406 4777 μεθ’
422 4709 588 4782 ὑμῶν
598 4712 809 4764 καινὸν
832 4711 904 4764 ἐν
916 4711 991 4781 τῇ
1009 4715 1298 4781 ,βασιλείᾳ
1321 4717 1427 4769 τοῦ
1444 4714 1671 4780 Πατρός

133 4798 263 4866 ἐμοῦ
278 4800 344 4862 εδ.

675 4905 923 4974 imam.
988 4923 1090 4975 ιζ’.

228 5028 387 5093 πνος
417 5030 547 5085 ἐστι
588 5034 898 5103 σύμϐολον
932 5038 966 5088 ὁ
1007 5034 1166 5101 θεῖος
1213 5034 1560 5106 ἀσπασμός.

204 5134 326 5189 Ὀδὶ
356 5139 491 5193 πᾶσι
524 5144 1010 5216 προσφωνοῦμενος
1029 5146 1395 5214 πνευματικὸς
1423 5148 1470 5179 ⁸⁸
1486 5148 1666 5201 ἀσπα-

1840 5148 1972 5213 Qua:
1999 5155 2186 5201 autem
2209 5147 2468 5203 omnibus
2490 5149 2824 5204 acclamatur
2866 5142 3132 5215 spiritalis
3154 5143 3325 5197 oseuii

139 5225 383 5297 σμδς,τὴν
396 5230 661 5302 ἐσομένην
670 5226 888 5289 πάντων
907 5237 1385 5309 πρδςάλλήλουςέν
1402 5238 1481 5308 τῷ
1491 5240 1666 5309 καιρῷ

1772 5236 2051 5301 salutatio,
2074 5235 2315 5291 futuram
2349 5238 2662 5309 pratﬁgurat
2683 5253 2747 5291 ac
2774 5234 3063 5305 prmsignat
3082 5233 3326 5288 onmimn

2342 4921 2565 4975 CAPUT
2594 4921 2755 4976 XVII.

1699 5028 1702 5030 Ὺ
1770 4998 2063 5109 Cujiumam
2096 5041 2305 5109 signum
2342 5036 2409 5089 sit
2448 5037 2683 5092 divinum
2706 5036 2941 5093 osculum
2962 5051 3024 5088 ac
3046 5028 3325 5099 salutatio.

199 5384 227 5424 1
242 5378 675 5463 umidam".
749 5394 775 5421 ³
792 5385 905 5441 Tit.
928 5405 989 5455 ιι,
1011 5390 1098 5453 13.
1172 5401 1200 5431 ι
1223 5390 1246 5443 l
1268 5388 1462 5450 Thess.
1485 5392 1557 5453 iv,
1582 5390 1665 5443 15.

1769 5409 1770 5418 ι
1790 5386 1979 5443 Matth.
2017 5404 2161 5454 xxvi,
2181 5389 2275 5446 29.

1382 5538 1617 5596 unus
1646 5524 2046 5599 LECTIONES.

204 5680 250 5713 “
278 5682 381 5737 τῶν
408 5682 649 5754 οὐρανιῖιν
669 5700 718 5737 c.
746 5684 812 5741 Α.
888 5687 932 5718 ³⁸
960 5690 1098 5760 θεῖος
1128 5693 1416 5762 ἀσπασμδς
1446 5694 1538 5746 καὶ
1564 5693 1927 5761 πνευματικός
1950 5712 1997 5747 c.
2021 5698 2081 5749 Δ.
2122 5728 2123 5731 η
