3958 6338
112 428 199 492 ωδ
802 396 805 399 ’
1446 424 1936 485 MYS’I‘AGOGIA.

3206 425 3311 488 θθί

112 535 199 585 τῶν
226 532 454 595 ἀναξίων
482 531 582 599 τῆς
630 530 778 592 Θείας
815 530 921 581 τῶν
974 532 1407 601 δειχθησομένων
1441 551 1646 604 μυστη-

1766 534 1850 595 lit,
1879 542 1993 586 tum
2020 528 2559 597 catechumenorum,
2615 545 2679 583 ac
2715 530 3073 599 reliquorum,
3101 536 3192 601 qui
3228 536 3310 589 in-

115 624 222 689 ρίων
252 620 503 690 θεωρίας,
532 619 792 682 ἁπόλυσίς
820 636 877 671 τε
899 620 993 672 καὶ
1016 620 1211 690 ἐκϐολὴ
1262 621 1351 673 διὰ
1401 623 1508 673 τῶν
1538 623 1649 674 λει-

113 712 330 781 τουργῶν
353 710 624 777 γίγνεται·
680 710 1018 779 σημαίνουσα
1046 712 1140 762 καὶ
1195 712 1550 780 προτυποῦσα
1580 712 1648 763 δι’

114 802 287 868 ἑαυτῆς
332 800 427 866 τὴν
458 799 729 869 ἀλήθειαν,
752 795 820 870 ἦς
844 799 1004 852 εἰκὼν
1050 801 1283 869 ὑπάρχει
1332 802 1426 853 καὶ
1458 802 1647 864 τύπος,

116 890 189 942 καὶ
220 884 327 940 οἷον
351 892 407 942 ὲν
433 889 645 951 τούτοις
678 888 875 957 βοῶσα,
910 891 992 941 ὅτι
1050 892 1186 959 μετᾶ
1217 890 1277 942 τὸ
1307 890 1649 959 κηρυχθῆναι

116 980 162 1030 τὸ
190 977 541 1044 Εὑαγγέλιον,
570 978 753 1040 καθὼς
782 977 1118 1047 γέγραπται,
1155 980 1256 1048 τῆς
1288 980 1562 1049 βασιλείας
1594 982 1650 1032 ὲν

118 1069 197 1138 ὅλῃ
227 1071 287 1136 τῇ
330 1065 644 1135 οἰκουμένῃ,
677 1067 754 1129 εἰς
790 1066 1085 1135 μαρτύριον
1124 1070 1259 1120 πᾶσι
1294 1071 1406 1131 τοῖς
1453 1068 1649 1128 ἔθνεσι,

118 1158 219 1210 τότε
239 1157 351 1225 ἥξει
372 1154 435 1208 τὸ
473 1156 624 1217 τέλος
658 1172 671 1186 ·
716 1158 1149 1225 παραγινομένου
1178 1158 1319 1209 κατὰ
1342 1158 1439 1227 τὴν
1474 1158 1655 1210 δευτέ-

123 1266 205 1317 ραν
265 1245 423 1299 αὐτοῦ
472 1245 811 1313 παρουσίαν,
866 1247 924 1309 ἐξ
976 1246 1218 1317 οὐρανῶν
1260 1248 1478 1315 δηλαδὴ,
1517 1246 1655 1315 μετά

120 1338 251 1403 ὥξης
278 1335 475 1402 πολλῆς
520 1334 616 1386 τοῦ
648 1336 883 1404 μεγάλου
928 1336 1062 1389 Θεοῦ
1098 1338 1191 1389 καὶ
1220 1338 1473 1406 Σωτῆρος
1501 1337 1656 1405 ήμῶν

131 1426 278 1495 Ἰησοῦ
324 1425 560 1493 Χριστοῦ
593 1442 607 1457 ·
647 1426 840 1491 Αὐτὸς
892 1427 1001 1495 γὰρ
1040 1429 1072 1479 ὁ
1117 1429 1331 1494 Κύριος
1378 1428 1448 1479 ἐν
1485 1425 1657 1494 φωνῇ

124 1516 464 1585 ἀρχαγγέλου
495 1514 594 1567 καὶ
640 1515 710 1567 ὲν
759 1516 1045 1585 σάλπιγγι
1082 1518 1228 1572 Θεοῦ
1258 1518 1656 1583 καταϐήσεται

125 1608 201 1660 ἀπ’
226 1605 507 1672 οἰιραγοῦ,
538 1605 701 1673 φησὶν
725 1606 753 1657 ὁ
780 1605 921 1668 θεῖος
960 1607 1280 1667 Ἀπόστολος
1298 1623 1309 1635 ·
1331 1610 1422 1660 καὶ
1442 1607 1655 1660 ποιοῦν-

125 1714 193 1758 τος
222 1694 585 1762 ἐκδίκησινὲν
628 1695 739 1756 τοῖς
774 1694 1133 1759 ὑπεναντίοις,
1171 1698 1263 1749 καί
1292 1696 1650 1767 ἀφορίζοντος

127 1786 197 1838 διὰ
223 1785 325 1839 τῶν
354 1785 525 1851 ἁγίων
555 1784 805 1851 ἀγγέλων
851 1786 978 1847 τοὺς
1009 1788 1230 1847 πιστοὺς
1264 1786 1371 1838 ἀπὸ
1399 1787 1507 1839 τῶν
1535 1789 1659 1841 ἀπί-

1751 624 1900 693 digni
1934 623 2045 677 sint
2076 632 2135 676 ut
2166 610 2355 676 divino
2381 621 2765 691 mysteriorum
2804 622 2858 674 in
2898 631 3147 692 apertum
3178 641 3309 694 pro-

1750 715 2127 770 ducendorum
2158 724 2376 783 aspectu
2410 714 2677 788 imitmur,
2725 712 2974 767 dimissio
3020 714 3078 767 ﬁt
3110 730 3172 769 ac
3203 718 3315 785 eje-

1751 806 1861 859 ctio
1889 820 1987 874 per
2022 805 2328 869 ministros;
2349 820 2469 873 qum
2504 820 2612 867 res,
2640 808 2830 869 saepte
2857 801 2971 869 ipsa
2997 803 3314 874 grnio,cjus

1751 897 2002 965 designat
2054 897 2453 965 praesignatque
2502 883 2790 949 veritatem
2826 893 2983 964 cujus
3038 893 3216 964 imago
3253 911 3314 949 ac

1752 985 1924 1056 ﬁgura
1956 987 2205 1051 exsistit;
2234 986 2432 1054 vixque
2467 973 2575 1039 non
2606 985 2826 1048 clamat,
2863 978 3313 1055 liis'q‘a'egerun-

1752 1084 1843 1128 tur
1872 1094 1883 1127 :
1914 1075 2028 1128 fore
2062 1077 2345 1140 nimirum,
2373 1085 2434 1130 ut
2465 1085 2750 1145 postquam
2774 1076 3132 1145 praedicatum
3152 1074 3313 1131 luerit

1753 1166 2108 1235 Evangelium
2136 1167 2290 1235 regni
2315 1168 2367 1219 in
2395 1166 2654 1220 universo
2673 1167 2829 1229 orbe,
2862 1167 2915 1219 in
2943 1162 3350 1222 testimonium"
3398 1197 3408 1206 ~

1754 1257 1967 1311 cunctis
2000 1258 2273 1325 gentibus,
2317 1257 2460 1310 sicut
2495 1259 2762 1325 scriptum
2817 1266 2919 1321 est,
2952 1263 3082 1310 tunc
3137 1258 3323 1311 veniat

1756 1348 1879 1401 ﬁnis
1898 1357 1926 1395 γ
1949 1365 1962 1411 ;
1994 1346 2318 1401 adveniente
2340 1347 2550 1401 scilicet
2592 1348 2645 1400 in
2663 1348 2907 1401 secundo
2932 1347 3173 1401 adventu
3196 1362 3315 1411 suo,

1756 1452 1785 1491 e
1826 1438 1981 1492 cmlis
2005 1453 2131 1491 cum
2156 1438 2405 1493 claritate
2434 1453 2651 1507 magna,
2693 1453 2889 1509 magno
2920 1440 3031 1493 Deo
3056 1454 3119 1493 ac
3140 1438 3319 1493 Salva—

1759 1534 1876 1578 tore
1910 1534 2104 1579 nostro
2126 1527 2253 1581 Jcsu
2278 1526 2499 1580 Christo
2525 1536 2545 1563 τ
2570 1544 2582 1579 :
2612 1526 2730 1596 Ipse
2756 1528 2891 1580 enim
2936 1527 3209 1591 Dominus,
3240 1528 3321 1581 in-

1756 1616 1876 1683 quit
1920 1616 2141 1671 divinus
2180 1618 2494 1685 Apostolus,
2538 1618 2593 1670 in
2639 1634 2758 1671 voce
2807 1620 3135 1688 archangeli,
3181 1628 3229 1671 et
3269 1620 3323 1673 in

1758 1706 1879 1758 tuba
1908 1704 2000 1758 Dci
2023 1707 2291 1760 descendet
2308 1710 2369 1761 de
2395 1708 2519 1761 caelo
2542 1721 2599 1774 α;
2626 1710 2789 1777 inque
2817 1708 3144 1763 adversariis
3164 1709 3320 1779 512

1759 1793 1996 1850 faciente
2042 1797 2363 1859 vindictam,
2422 1814 2486 1851 ac
2530 1815 2629 1867 per
2686 1808 2907 1853 sanctos
2944 1802 3165 1869 angelos
3195 1816 3322 1855 suos

129 1894 263 1939 στων,
316 1876 408 1927 καὶ
447 1875 555 1928 ἀπὸ
595 1874 703 1926 τῶν
743 1875 964 1927 δικαίων
998 1876 1121 1936 τοὺς
1150 1876 1388 1936 ἀδίκους,
1428 1878 1522 1929 καὶ
1547 1879 1654 1930 τῶν

1766 1894 2079 1955 segregante
2105 1885 2293 1940 ﬁdeles
2316 1888 2382 1940 ab
2403 1888 2741 1953 inﬁdelibus,
2776 1900 2830 1945 et
2850 1906 2877 1944 a
2901 1892 3063 1961 justis
3083 1890 3321 1960 iniquos.

130 1967 269 2031 ἁγίων
298 1966 420 2028 τοὺς
453 1967 670 2030 ἐναγεῖς
692 1982 705 1995 ·
737 1967 832 2017 καὶ
868 1967 1074 2030 ἁπλῶς,
1107 1967 1193 2019 ἵνα
1231 1966 1463 2019 συνελὼν
1495 1970 1653 2030 εἴπω,

128 2056 214 2108 τῶν
240 2055 512 2123 ῐΙνεύματι
540 2053 679 2106 Θεοῦ
708 2055 1135 2123 στοιχησάντων,
1159 2055 1284 2116 τοὺς
1310 2054 1486 2106 ὀπίσω
1512 2072 1655 2124 ¹σαρ-

130 2142 207 2203 κὸς
252 2141 613 2211 πορευθέντας
641 2155 654 2168 ·
712 2142 805 2193 καὶ
840 2140 927 2193 ἐπ’
974 2140 1136 2192 αίῶσι
1182 2141 1431 2209 ἀπείροις
1471 2158 1527 2192 τε
1564 2141 1659 2193 καὶ

130 2232 491 2300 ἀτελευτήτοις,
522 2230 597 2293 ὡς
628 2231 662 2299 ἡ
691 2230 798 2282 τῶν
839 2229 999 2284 θείων
1022 2229 1217 2296 λογίων
1248 2230 1475 2299 ἀλήθειά
1504 2246 1655 2297 φησι,

130 2324 228 2374 κατ’
255 2322 402 2387 ἀξίαν
432 2322 539 2374 τῶν
574 2321 920 2390 βεϐιωμένων
982 2320 1195 2390 ἑκάστῳ
1233 2320 1445 2374 δικαίαν
1472 2322 1659 2374 ἀποδι-

130 2411 278 2473 δόντος
298 2412 394 2480 τὴν
425 2410 678 2481 ἀμοιϐήν.

665 2523 928 2577 ΚΕΦΑΛ.
970 2520 1047 2573 1E
1067 2546 1082 2561 -

136 2635 277 2696 Τίνος
316 2633 626 2699 σύμϐολόν
656 2631 787 2684 ἐστι
834 2631 872 2698 ἡ
907 2632 1137 2695 κλεῖσις
1172 2630 1291 2683 τῶν
1326 2631 1519 2696 θυρῶν
1554 2631 1663 2697 τῆς

185 2771 503 2839 γιγνομένη-

191 2880 247 2933 Ἠ
282 2882 337 2934 δὲ
361 2883 497 2951 μετά
527 2880 624 2950 τὴν
656 2880 805 2950 ίεράν
833 2880 1135 2947 ἀνάγνωσιν
1165 2877 1257 2931 τοῦ
1290 2878 1447 2947 ἀγίου
1481 2877 1662 2945 Εὐαγ-

1761 1984 1923 2043 atque
1955 1991 1985 2028 a
2019 1977 2224 2031 sanctis
2243 1978 2537 2033 sceleratos
2577 1988 2632 2032 et
2676 1979 2759 2048 (ut
2794 1982 2962 2034 semel
2989 1981 3223 2050 dicam):
3256 1982 3324 2035 ab

1764 2063 1832 2117 iis
1875 2066 1969 2133 qui
2029 2065 2238 2135 Spiritu
2283 2068 2380 2121 Dei
2430 2069 2878 2134 ambulaverunt,
2933 2086 3028 2125 eos
3071 2072 3164 2139 qui
3204 2078 3325 2139 post

1763 2165 1984 2204 carnem
2017 2154 2315 2220 abierunt;
2347 2171 2553 2225 perque
2601 2159 2796 2211 satcula
2830 2157 3061 2223 inﬁnita,
3094 2174 3158 2211 ac
3185 2175 3325 2212 nun-

1764 2254 1925 2306 quam
1983 2239 2244 2304 ﬁnienda,
2278 2254 2339 2297 ut
2384 2260 2512 2299 vere
2548 2246 2735 2300 divino
2784 2247 3062 2317 proditum
3103 2248 3325 2301 oraculo

1763 2336 1865 2389 est,
1896 2327 2096 2395 justam
2126 2329 2356 2399 singulis
2380 2348 2478 2400 pro
2491 2336 2757 2404 cujusque
2775 2336 3096 2391 meritorum
3118 2337 3325 2390 ratione

1762 2417 2181 2472 retributionem
2204 2421 2486 2476 reddente.

2348 2533 2574 2588 CAPUT
2609 2535 2719 2590 XV.

625 2641 793 2717 ,ἐστξ
834 2641 872 2698 ὴ
907 2641 1137 2717 vegetet;
1172 2641 1519 2717 τῳνηίξυρωις
1542 2641 1663 2717 ,της
1710 2658 1713 2661 ‘
1757 2641 2052 2717 Cujusnam
2079 2644 2489 2717 symbolumgsit,
2520 2648 2657 2715 quod
2696 2657 2895 2701 sancta:
2925 2649 3152 2703 ecclesia:
3192 2652 3325 2717 fores

185 2702 337 2767 ἁγίας
376 2702 729 2767 ἐκκλησίας,
761 2700 799 2767 ὴ
827 2700 974 2768 μετὰ
989 2701 1052 2752 τὸ
1080 2700 1249 2767 ἅγιον
1291 2699 1660 2767 Εὐαγγέλιον
1698 2726 1715 2741 ι

1854 2710 2198 2784 clauduntur,
2224 2722 2337 2781 post
2373 2710 2565 2767 lectum
2584 2727 2824 2769 sanctum
2853 2710 3223 2787 Evangelium.

1834 2886 1988 2952 Quod
2011 2895 2194 2941 autem
2226 2897 2349 2956 post
2400 2889 2601 2942 lectum
2656 2900 2905 2945 sanctum
2953 2890 3329 2961 Evangelium,

135 2970 309 3036 γελίου,
356 2974 447 3024 καὶ
483 2971 585 3040 τὴν
636 2969 866 3039 ἐκϐολὴν
918 2969 1025 3022 τῶν
1054 2970 1475 3039 κατηχουμένων
1519 2985 1660 3036 γινο-

1767 2980 2079 3049 ejectosque
2128 2979 2591 3044 catechumenos,
2644 2988 2846 3035 sancta:
2895 2982 3142 3036 ecclesiae
3188 2982 3330 3036 fores

134 3061 247 3129 μένη
273 3060 469 3124 κλεῖσις
500 3062 609 3114 τῶν
664 3058 841 3129 θυρῶν
881 3059 981 3127 τῆς
1030 3060 1190 3127 ἁγίας
1240 3060 1334 3112 τοῦ
1380 3058 1516 3111 Θεοῦ
1572 3060 1665 3111 ὲκ-

134 3150 347 3218 κλησίας,
378 3152 477 3220 τήν
517 3168 576 3203 τε
596 3151 704 3203 τῶν
726 3149 920 3203 ὑλικῶν
939 3150 1087 3218 δηλοῖ
1116 3150 1348 3219 πάροδον
1372 3190 1387 3214 ,
1421 3150 1516 3203 καὶ
1564 3149 1661 3220 τὴν

134 3241 467 3309 γενησομένην
535 3241 671 3309 μετά
714 3240 805 3293 τὸν
854 3239 1081 3309 φοϐερὸν
1126 3240 1331 3291 ἐκεῖνον
1362 3240 1663 3309 ἁφορισμὸν

134 3332 209 3382 καὶ
230 3331 322 3401 τὴν
355 3330 733 3401 φοϐερωτέραν
768 3331 967 3399 ψῆφον,
995 3330 1074 3391 είς
1103 3328 1194 3381 τὸν
1214 3329 1402 3397 νοητὸν
1440 3328 1661 3396 κόσμον,

134 3418 232 3486 ἦτοι
264 3420 355 3473 τὸν
380 3418 641 3488 νυμφῶνα
666 3413 759 3470 τοῦ
798 3420 1063 3489 Χριστοῦ,
1096 3418 1201 3471 τῶν
1222 3416 1389 3483 ἀξίων
1419 3418 1619 3471 εἴσοδον
1646 3436 1659 3449 ι

134 3508 211 3560 καὶ
234 3510 326 3579 τὴν
383 3512 443 3563 ἐν
481 3512 600 3571 ταῖς
630 3508 915 3578 αἰσθήσεσι
967 3512 1067 3581 τῆς
1114 3511 1253 3563 κατά
1306 3510 1405 3579 τὴν
1451 3510 1665 3579 ἀπάτην

135 3599 379 3669 ἐνεργείας
409 3600 618 3653 τελείαν
651 3597 945 3668 ἀποϐολήν.

656 3712 911 3765 ΚΕΦΑΛ.
948 3774 956 3783 _
991 3710 1107 3779 ις’.
1610 3776 1611 3779 γ

171 3827 221 3877 Ti
250 3828 521 3895 σημαίνει
554 3826 593 3895 ἡ
619 3824 737 3878 τῶν
765 3824 946 3893 ἁγίων
976 3826 1329 3894 μυστηρίων
1369 3826 1625 3890 εἴσοδος.

200 3936 257 3987 Ἡ
290 3937 473 3992 δὲτῶν
509 3937 681 4009 ἁγίων
702 3935 798 3988 καὶ
827 3937 1039 3988 σεπτῶν
1095 3939 1411 4007 μυστηρίων
1442 3936 1660 4000 εἴσοδος,

130 4026 251 4096 ἀρχὴ
299 4030 392 4083 καὶ
440 4027 723 4099 προοίμιόν
773 4024 921 4080 ἔστιν
965 4027 1083 4096 (ὡς
1147 4031 1177 4081 ὁ
1241 4030 1413 4098 μέγας
1457 4030 1664 4090 ἐκεῖνος

136 4113 316 4183 εφασθὶε
343 4122 549 4190 γέρων)
584 4120 683 4189 τῆς
713 4118 1080 4189 γενησομένης
1111 4121 1168 4171 ὲν
1197 4121 1445 4189 οὐρανοῖς
1476 4121 1669 4189 καινῆς

132 4206 446 4273 διδασκαλίας
502 4212 630 4281 περὶ
677 4212 775 4280 τῆς
806 4209 1116 4279 οἰκονομίας
1143 4210 1236 4263 τοῦ
1265 4211 1400 4264 Θεοῦ
1591 4212 1671 4274 εἰς

131 4298 288 4365 ἡμᾶς,
333 4302 428 4355 καὶ
471 4301 810 4371 ἀποκάλυψις
844 4300 937 4354 τοῦ
994 4303 1051 4353 ὲν
1096 4300 1308 4364 ἀδύτοις
1358 4306 1457 4372 τῆς
1522 4302 1670 4365 θείας

1770 3070 2139 3134 claudundur,
2173 3070 2467 3140 signiﬁcat,
2502 3078 2614 3125 tum
2662 3071 2990 3126 transituras
3030 3088 3117 3125 res
3159 3080 3330 3125 terrc-
3374 3118 3377 3123 .

1765 3176 1883 3221 nas,
1912 3170 2027 3214 tum
2060 3160 2196 3224 fore,
2233 3169 2293 3214 ut
2321 3166 2445 3228 post
2479 3160 2779 3215 terribilem
2817 3161 2963 3214 illam
2996 3163 3331 3231 segregatio-

1763 3261 1911 3309 ncm,
1946 3262 2010 3299 ac
2044 3246 2431 3300 terribiliorem
2462 3247 2814 3309 sententiam,
2844 3256 2905 3300 ut
2929 3249 3329 3317 intelligibilem

1763 3337 2021 3403 deinceps
2041 3336 2330 3401 mundum,
2360 3336 2415 3389 id
2442 3345 2546 3401 est,
2570 3335 2775 3392 Christi
2805 3336 3124 3401 thalamum,
3146 3337 3329 3407 ingre-

1764 3425 2008 3491 diantur,
2031 3427 2129 3497 qui
2178 3428 2330 3498 digni
2362 3435 2565 3493 erunt;
2617 3435 2673 3483 et
2700 3436 2761 3481 ut.
2791 3428 3045 3498 operatio
3102 3429 3327 3492 erroris,

1765 3530 1886 3585 qua:
1913 3516 1969 3571 in
2004 3517 2261 3573 sensibus
2297 3518 2519 3583 accidit,
2545 3517 2789 3589 perfecte
2805 3519 3119 3589 abjiciatur.

2345 3715 2570 3771 CAPUT
2602 3700 2742 3771 1m.

1800 3829 1937 3894 Quid
1970 3837 2277 3883 sanctorum
2313 3832 2681 3898 mysteriorum
2722 3830 2969 3881 introitus
3014 3830 3291 3898 signiﬁcet.

1833 3939 2159 3995 Sanctorum
2187 3947 2369 3992 autem
2398 3953 2461 3991 ac
2498 3938 2901 3992 venerabilium
2944 3940 3328 4009 mysteriorum

1717 4051 1727 4058 -
1764 4030 2044 4092 introitus,
2072 4026 2289 4080 initium
2329 4036 2415 4081 est
2442 4026 2804 4081 aeexordium
2832 4026 2934 4099 (uti
2983 4042 3211 4098 magnus
3241 4029 3331 4082 ille

1765 4135 1931 4175 senex
1958 4116 2196 4186 dicebat)
2215 4116 2417 4173 futura:
2448 4118 2502 4170 in
2526 4118 2681 4173 caelis
2723 4134 2879 4173 nova:
2928 4118 3197 4174 doctrinze
3232 4118 3329 4173 Dei

1765 4212 1823 4265 in
1851 4226 1972 4274 nos,
1999 4209 2320 4278 impensiori
2367 4210 2622 4275 consilio,
2671 4211 3063 4279 providentia,
3100 4224 3329 4268 nostra:—

1763 4315 1893 4369 que,
1918 4299 1978 4353 in
2011 4297 2183 4351 divini
2207 4297 2405 4353 secreti
2437 4299 2614 4369 adytis
2646 4299 2869 4363 occulti,
2897 4301 3091 4355 salutis
3126 4312 3329 4371 myste-

132 4389 463 4462 ιρυτιότητος
510 4392 663 4455 ὄντος
701 4392 1001 4461 μυστηρίου
1030 4393 1130 4460 τῆς
1174 4392 1329 4463 ἡμῶν
1368 4394 1660 4463 σωτηρίας.

1767 4390 1835 4443 rii
1876 4386 2265 4443 manifestatio.
2324 4387 2416 4442 Ait
2458 4404 2694 4458 namque
2733 4390 2876 4442 Deus
2895 4404 2957 4443 ac
2984 4390 3227 4443 Verbum
3262 4391 3328 4443 ad

134 4481 201 4530 Ob
241 4481 343 4549 τὺρ
395 4482 483 4553 μὴ
520 4485 797 4564 ,πίωμφησὶ
851 4484 986 4553 πρὸς
1040 4485 1168 4545 τοὺς
1198 4483 1391 4537 ἑαυτοῦ
1420 4484 1668 4555 μαθητάς

131 4567 287 4632 ὁΘεδς
326 4575 420 4624 καὶ
472 4574 664 4639 Λόγος,
701 4575 804 4626 ἀπ’
844 4574 976 4640 ἄρτι
1016 4574 1086 4626 ἐκ
1135 4575 1245 4629 τοῦ
1299 4577 1668 4644 γεννήματος

1764 4477 2066 4546 discipulos
2087 4493 2260 4532 suos:
2301 4479 2418 4533 Non
2473 4480 2646 4532 bibam
2689 4479 2879 4532 amodo
2934 4479 2997 4532 de
3047 4482 3140 4531 hoc
3187 4482 3330 4547 geni-

1764 4569 1905 4620 mine
1935 4568 2076 4634 vitis,
2095 4585 2263 4639 usque
2284 4572 2341 4623 in
2364 4570 2506 4623 diem
2532 4569 2843 4634 illum,cum
2874 4568 3009 4623 illud
3040 4569 3210 4622 bibam
3242 4584 3331 4622 oo-

130 4654 223 4721 τῆς
234 4658 523 4726 ἀμπέλου,
550 4660 659 4725 ἕως
679 4659 788 4727 τῆς
812 4660 1033 4729 ὴμέοας
1050 4662 1283 4730 ἐκείνης
1306 4708 1322 4728 ,
1353 4664 1498 4717 ὅταν
1521 4662 1660 4715 αῠτό

1766 4659 1958 4713 biscum
1982 4677 2175 4715 novum
2194 4663 2248 4715 in
2278 4677 2439 4731 regno
2465 4660 2644 4715 Patris
2668 4662 2770 4714 mei
2786 4662 2835 4714 δ.

130 4744 259 4797 πίνω
273 4747 397 4813 μεθ’
416 4746 804 4819 ὑμῶνκαινόν
826 4747 899 4800 ἐν
911 4748 986 4818 τῇ
1003 4752 1292 4817 ,ϐασιλείᾳ
1315 4753 1421 4806 τοῦ
1438 4750 1665 4817 Πατρός

129 4834 255 4902 ἐμοῦ
271 4836 335 4891 ⁸⁵.

668 4942 917 5010 imam.
982 4960 1085 5011 ιε’.

221 5064 378 5130 Τίνος
407 5067 543 5121 ἐστι
582 5072 892 5139 σύμϐολον
926 5074 961 5124 ὁ
1001 5070 1161 5137 θεῖος
1207 5071 1555 5141 ἀσπασμός.

198 5171 317 5225 ὀδδ
347 5176 485 5229 πᾶσι
521 5180 1004 5251 προσφωνοῦμενος
1024 5182 1389 5251 πνευματικὸς
1417 5184 1464 5215 ⁸⁸
1480 5185 1662 5237 ἀσπα-

137 5262 372 5333 ⁶μιδςιτῆν
386 5267 655 5338 ἐσομένην
664 5262 883 5325 πάντων
902 5274 1379 5346 πρδςὰλλήλουςὲν
1396 5274 1474 5345 τῷ
1486 5276 1662 5345 καιρῷ

2336 4956 2559 5011 CAPUT
2588 4956 2750 5011 XVII.

1764 5032 2058 5145 Cujitsnam
2091 5076 2300 5144 signum
2336 5071 2404 5125 sit
2442 5071 2677 5127 divinum
2701 5071 2936 5129 osculum
2957 5086 3019 5124 ac
3041 5063 3320 5122 salutatio.

1834 5184 1966 5249 Qua:
1994 5190 2181 5237 autem
2204 5182 2462 5239 omnibus
2485 5184 2819 5239 acclamatur
2861 5178 3127 5251 spiritalis
3149 5177 3320 5231 osculi

1766 5272 2046 5337 salutatio,
2069 5271 2310 5327 futuram
2343 5273 2656 5345 pratﬁgurat
2678 5288 2741 5326 ac
2768 5270 3058 5340 praesignat
3076 5268 3321 5325 omnium

195 5415 669 5493 ’lattthlbi.
744 5430 769 5458 ²
788 5421 900 5477 Tit.
922 5426 1093 5492 11,13.
1167 5438 1195 5467 ι
1218 5426 1241 5479 Ι
1262 5424 1457 5486 Thess.
1480 5441 1551 5490 Iv,
1576 5426 1659 5479 l5.
1735 5424 1765 5463 δ
1784 5422 1973 5479 Matth.
2012 5440 2156 5489 xm,
2176 5425 2270 5481 ‘29.

1378 5574 1612 5631 unus;
1641 5560 2042 5634 LEC‘I'IONES.

201 5716 245 5750 “
271 5719 371 5774 τῶν
398 5719 644 5793 οὐρανῶν
663 5737 713 5774 c.
740 5720 807 5778 Α.
882 5724 927 5755 ³³
955 5726 1093 5789 Gaio;
1123 5730 1410 5798 ἀσπασμὸς
1441 5730 1532 5782 καὶ
1560 5730 1922 5798 πνευματικὰ
1946 5748 1992 5784 c.
2016 5735 2077 5786 Α.
2115 5765 2119 5767 -
