3958 6338
567 367 671 432 639

1728 374 1785 431 S.
1830 364 2111 433 MAXIMI
2153 373 2656 433 CONFESSORIS
3711 376 3745 439 τ

567 484 772 538 tionem
790 481 1159 551 (tranquillam
1186 483 1331 535 illam
1354 498 1416 535 ac
1445 481 1511 536 ab
1540 482 1689 536 omni
1726 483 2039 538 turbatione
2067 484 2114 536 li

2241 484 2474 553 ἀληθοῦς
2526 484 2682 552 ἡμῶν
2722 481 2854 533 Θεοῦ
2896 484 2988 535 καὶ
3033 484 3331 552 ἀρχιερέως
3373 487 3804 560 εἰσερχομένην·

564 572 778 637 beram)
805 587 914 623 una
948 588 1073 625 cum
1113 573 1288 625 Verbo
1309 613 1321 633 ,
1352 572 1638 641 Verbaque
1666 572 1786 641 ipso
1829 589 2028 643 magno
2067 588 2114 626 at

2229 574 2322 625 καὶ
2355 574 2430 635 ὡς
2465 574 2552 625 διὰ
2584 571 2867 641 συμϐόλων
2895 572 3001 625 τῶν
3027 574 3328 641 γινομένων
3368 575 3532 629 θείων
3559 578 3806 642 ἀναγνω·

564 680 695 718 vero
715 665 827 717 Deo
844 673 1033 717 nostro
1056 680 1119 718 ac
1151 664 1407 733 pontiﬁce
1432 665 1681 726 ductore,
1701 665 2127 734 ingredientem;

563 772 793 825 quaeque
829 768 889 811 ut
911 773 1009 824 per
1032 756 1275 826 symbala
1300 773 1487 811 rerum
1519 773 1795 813 sacrarum
1820 755 2129 826 aenigmata,

562 860 661 911 per
694 861 786 898 eas
809 861 928 914 qure
960 846 1231 899 habentur
1263 846 1476 899 divinas
1507 847 1794 910 lectiones,
1830 862 2017 901 rerum
2051 861 2133 898 ra-

563 934 739 989 tiones
762 936 1053 1000 doceatur,
1086 937 1529 1005 stupendumque
1568 953 1632 992 ac
1662 952 1939 1003 magnum,
1985 937 2125 1004 ejus,

559 1042 678 1091 qua:
722 1028 775 1080 in
807 1027 924 1097 lege
961 1038 1016 1081 et
1058 1029 1345 1097 prophetis
1394 1029 1729 1091 declaratur,
1763 1028 2130 1097 providentia:

2230 664 2473 732 σμάτων,
2504 664 2629 724 τοὺς
2670 661 2778 715 τῶν
2812 661 2980 715 ὄντων
3025 663 3424 732 διδασκομένην
3461 665 3690 731 λόγους,
3717 665 3805 718 καὶ

2228 754 2286 805 τὸ
2317 753 2626 822 θαυμαστὸν
2663 754 2777 805 καλε
2800 753 2948 823 μέγα
2973 754 3070 821 τῆς
3108 756 3164 805 ὲν
3185 754 3338 822 νόμῳ
3365 753 3462 805 καὶ
3492 756 3804 821 προφήταις

2227 844 2560 913 δηλουμένης
2604 843 2752 906 θείας
2788 843 3042 912 προνοίας
3079 843 3395 912 μυστήριον·
3425 843 3551 894 καθ’
3576 842 3802 909 ἕκαστόν

2234 954 2291 988 τε
2320 936 2640 1007 δεξαμένην,
2676 937 2813 1005 ὑπὲρ
2844 937 2941 1005 τῆς
2970 938 3027 989 ἐν
3054 936 3265 998 τούτοις
3294 936 3467 1003 καλῆς
3496 935 3801 1004 μαθητείας

2235 1026 2417 1080 θεόθεν
2444 1027 2528 1079 διὰ
2566 1028 2673 1079 τῶν
2724 1028 2894 1094 ἁγίων
2945 1026 3249 1095 δυνάμεων,
3286 1024 3491 1097 νοερῶς
3526 1025 3675 1076 κατὰ
3701 1025 3800 1076 διά·

557 1117 758 1171 ιίίνὶηίο
788 1120 1141 1187 mysterium;
1178 1119 1344 1187 inque
1379 1119 1642 1186 singulis,
1679 1120 1927 1187 pulchra:
1960 1120 2013 1172 in
2044 1119 2114 1171 bis

2229 1134 2379 1170 νοιαν
2408 1118 2544 1187 αὐτῇ
2569 1118 2982 1186 διαλεγομένων,
3013 1116 3113 1178 τὰς
3140 1114 3534 1185 εἰρηνοδὼρους
3565 1112 3797 1183 σημειώ-

556 1208 862 1275 disciplina:
889 1224 952 1261 ac
985 1210 1283 1277 diligentiae
1320 1210 1569 1276 praemio,
1602 1210 1872 1263 divinitus
1912 1219 2129 1263 saneta-

2231 1225 2364 1269 σεις,
2394 1209 2530 1276 μετὰ
2550 1210 2649 1277 τῆς
2679 1207 2950 1275 ρωστικῆς
2976 1208 3071 1258 καὶ
3108 1205 3512 1275 συντηρητικῆς
3544 1205 3794 1267 θέλξεως,

554 1312 677 1348 rum
714 1297 1051 1350 Potestatum
1098 1313 1285 1366 opera,
1325 1298 1749 1368 intelligentium
1794 1316 1946 1353 more
1981 1299 2114 1352 intus

2228 1298 2325 1366 τῆς
2360 1297 2510 1359 θείας
2541 1299 2634 1349 καὶ
2658 1296 2923 1366 διαπύρου
2957 1298 3098 1373 κατὰ
3126 1297 3259 1349 Θεὸν
3287 1296 3549 1362 ὲερέσεως,
3587 1295 3676 1345 διὰ
3705 1292 3796 1359 τῆς

556 1386 743 1439 animo
787 1387 1221 1455 alloquentium,
1276 1391 1426 1457 pacis
1490 1406 1721 1443 munera
1778 1390 2132 1458 designantes

553 1477 754 1531 laudes
788 1478 1071 1547 faustaque
1104 1488 1231 1533 vota
1257 1481 1513 1547 accipiat,
1550 1496 1657 1533 una
1682 1494 1806 1533 cum
1837 1478 2011 1533 divini
2038 1493 2131 1532 ac-

2234 1388 2512 1457 μυστικῶς
2536 1388 2876 1458 ὑπᾳδομένης
2903 1389 3039 1457 αὐτῇ
3072 1388 3277 1458 νοητῶς
3296 1388 3405 1440 τῶν
3425 1388 3590 1440 θείων
3624 1381 3795 1454 ᾀσμά-

2231 1487 2339 1529 των
2368 1478 2581 1547 ἡδονῆς.

553 1570 815 1637 censique.
855 1569 1016 1639 516
1042 1570 1217 1624 divini
1249 1570 1511 1623 desiderii
1552 1570 1847 1623 roborante
1894 1583 1958 1621 ac
2022 1578 2383 1622 conservante
2444 1567 2723 1631 illecebra,
2754 1583 2854 1636 per
2880 1583 3021 1631 eam,
3051 1584 3170 1636 qua:
3234 1566 3463 1635 mystice
3498 1566 3573 1618 illi
3615 1565 3796 1618 animo

551 1662 877 1725 suecinitur,
902 1661 1217 1715 divinorum
1250 1662 1591 1715 canticorum
1625 1663 1981 1731 voluptatem.

619 1754 869 1822 Tumque
900 1754 1101 1806 iterum
1144 1769 1212 1807 ex
1242 1753 1331 1807 bis
1366 1761 1766 1830 transeuntem,
1806 1753 1973 1821 inque
2012 1765 2114 1804 una

2295 1745 2467 1799 Πάλιν
2516 1746 2581 1798 ἐκ
2634 1744 2839 1798 τούτων
2880 1744 3330 1813 μεταϐαίνουσαν,
3365 1746 3460 1798 καὶ⁵
3494 1747 3795 1817 συναγομέ·

548 1859 614 1897 ac
644 1846 781 1907 solo,
818 1844 1029 1912 hosque
1065 1844 1218 1898 unite
1263 1860 1325 1897 ac
1364 1844 1720 1913 singulariter
1757 1840 2121 1910 comprehcn-

547 1935 712 1988 dentc
745 1950 1050 1999 sermones,
1080 1950 1143 1989 ac
1170 1935 1417 1989 rationes
1445 1935 1673 1998 vertice,
1706 1948 1825 1987 sese
1855 1931 2121 1999 colligen-

545 2035 687 2089 ttm;
742 2041 940 2095 nempe
992 2034 1182 2080 sancto
1213 2026 1508 2095 Evangelio
1540 2026 1592 2078 in
1620 2040 1729 2092 quo
1761 2037 1952 2076 omnes
1994 2035 2118 2073 cum

543 2116 925 2184 providentia,
958 2125 1072 2169 tum
1114 2132 1320 2178 rerum,
1358 2116 1519 2169 unius
1543 2114 1861 2182 complexus
1885 2112 1961 2173 vi,
1990 2109 2119 2163 uni-

544 2208 799 2263 formiter
831 2207 1218 2275 praccxsistunt
1244 2207 1506 2259 rationes.
1531 2205 1649 2269 Quo
1680 2203 1943 2272 perlecto,
1982 2201 2121 2254 divi-

545 2311 618 2349 no
660 2310 853 2349 rursus
886 2309 1049 2346 sensu
1072 2293 1263 2347 videre
1299 2293 1485 2355 liceat,
1526 2290 2119 2365 religiosisinturbatis

546 2387 747 2440 mentis
779 2384 974 2447 oculis,
1007 2384 1185 2452 ipsum
1221 2384 1459 2437 Verbum
1502 2398 1566 2437 ac
1608 2383 1783 2435 Deum
1816 2381 2039 2435 coalitus
2063 2381 2115 2434 ei

545 2476 967 2539 advenientem,
1000 2475 1077 2529 uti
1121 2475 1332 2529 scilicet
1362 2474 1640 2543 pontiﬁcis
1701 2490 1731 2528 e
1787 2472 2117 2527 sacerdotali

543 2567 675 2621 sede
696 2564 1233 2628 descensusindicat,
1251 2579 1315 2617 ac
1332 2564 1572 2633 perfecte
1591 2565 1710 2633 ejus
1730 2563 2114 2632 cogitationes,

542 2656 869 2725 qure‘adbuc
895 2670 1138 2719 sensum,
1163 2670 1226 2709 ac
1257 2670 1378 2724 quae
1416 2670 1513 2723 pro
1549 2655 1669 2723 ejus
1711 2654 1924 2707 ratione
1979 2652 2120 2708 divi-

542 2747 651 2799 dua
684 2754 849 2808 sunt,
906 2745 1187 2815 conceptis
1218 2744 1549 2814 imaginibus
1602 2744 1787 2797 animo
1826 2743 2114 2812 elIingunt,

542 2836 1064 2891 catechumenorum
1114 2836 1221 2887 ritu
1272 2842 1681 2903 segregantem;
1723 2834 1961 2901 indeque
1990 2849 2116 2885 rur-

543 2941 700 2992 sum,
747 2926 914 2979 rebus
968 2927 1024 2979 in
1091 2940 1311 2979 sensum
1349 2925 1678 2979 cadentibus
1735 2925 2114 2990 excedentem,

541 3034 651 3087 qua
696 3017 908 3071 ratione
944 3025 1147 3070 sanctae
1204 3016 1301 3069 Dei
1356 3015 1619 3095 Ecclesiae
1670 3014 1818 3068 fores
1858 3014 2112 3078 occlusae,

541 3106 958 3177 intelligendum
986 3107 1304 3170 admonent,
1334 3105 1404 3160 ad
1428 3121 1569 3169 eam,
1610 3120 1731 3173 qua:
1755 3120 1853 3173 per
1881 3098 2113 3157 arcano-

539 3212 661 3251 rum
694 3197 1083 3267 mysteriorum
1130 3196 1419 3249 introitum
1468 3193 1835 3264 signiﬁcatur,
1884 3192 2113 3247 materia

536 3302 683 3344 caret
711 3297 839 3349 tem,
889 3287 1229 3355 simplicem,
1288 3285 1704 3349 invariabilem,
1760 3283 2109 3345 deiformem,

535 3376 800 3445 omnique
831 3375 1136 3428 absolutam
1170 3373 1344 3427 forma
1371 3388 1435 3426 ac
1484 3371 1686 3441 ﬁgura,
1721 3384 1914 3425 eorum
1936 3409 1951 3432 ,
1989 3383 2112 3437 qua:

536 3464 654 3519 sola
684 3472 868 3516 mente
900 3458 1306 3532 percipiuntur,
1331 3459 1617 3513 scientiam
1638 3458 1930 3511 ducentem
1959 3462 2109 3524 (qua,

538 3554 594 3606 in
639 3552 819 3619 seipsa
876 3565 1005 3604 suas
1043 3550 1159 3617 ipsa
1189 3549 1356 3610 vires,
1412 3562 1579 3615 seque
1632 3548 1801 3615 ipsam
1835 3548 1892 3600 in
1930 3548 2113 3602 Verbo

536 3642 822 3712 colligens,
882 3639 1193 3713 mentisque
1244 3637 1452 3700 osculo,
1485 3636 1677 3701 unitis,
1728 3653 1850 3705 qua
1886 3636 1954 3689 ad
1992 3638 2112 3705 ejus

538 3738 792 3799 spectant
836 3729 1071 3782 salutem
1110 3724 1417 3779 rationibus
1459 3724 1669 3793 pariter
1705 3740 1769 3780 ac
1801 3724 2005 3794 modis)
2043 3724 2110 3777 ad

538 3822 718 3891 ipsum
752 3819 959 3883 evadit,
1007 3835 1105 3887 per
1148 3817 1276 3871 ﬁdei
1322 3816 1643 3888 Symbolum
1678 3824 1834 3887 grato
1866 3825 1922 3872 et
1963 3814 2110 3870 ﬁdeli

536 3914 725 3969 animo
752 3913 1003 3969 conﬁteri
1030 3912 1338 3967 docentem.

604 4003 736 4057 Post
769 4003 886 4057 bmc
907 4014 1092 4057 autem
1118 4018 1311 4057 rursus
1340 4014 1402 4057 ut
1430 4020 1551 4073 quae
1579 4005 1689 4073 jam
1721 4004 1986 4091 deinceps
2013 4018 2112 4073 per

535 4093 856 4162 potentiam_
887 4093 1218 4163 simplicem,
1252 4095 1707 4165 individuatnque
1757 4094 2023 4149 doctrina:
2057 4095 2111 4148 vi

536 4193 907 4252 comparatam
941 4186 1245 4250 scientiam,
1281 4197 1395 4242 tum
1434 4202 1615 4241 rerum
1653 4202 1775 4255 qua:
1800 4186 1856 4240 in
1886 4201 2107 4240 sensum

536 4275 784 4333 cadunt.
837 4284 953 4329 tum
990 4292 1110 4344 qua:
1163 4286 1343 4332 mente
1392 4278 1802 4348 intelliguntur,
1865 4278 2109 4331 rationes

2223 1857 2321 1908 νην
2342 1842 2432 1891 ἐπὶ
2458 1840 2555 1908 τὴν
2586 1839 2716 1907 μίαν
2737 1838 2830 1890 καὶ
2862 1838 3029 1908 μόνην
3057 1838 3153 1890 καὶ
3177 1838 3387 1901 ἐνιαίως
3418 1839 3643 1903 τούτους
3674 1840 3793 1893 συλ-

2222 1929 2608 1996 λαμϐάνουσαν
2652 1924 2777 1989 τοὺς
2821 1928 3014 1995 λόγους
3063 1930 3348 1998 κορυφήψ
3397 1929 3543 1997 λέγω
3602 1930 3681 1993 δὲ,
3732 1930 3792 1983 τὸ

2224 2019 2381 2085 ἆγιον
2416 2014 2766 2085 Εὐαγγέλιον,
2809 2020 2865 2070 ἐν
2894 2011 2936 2084 ᾧ
2962 2020 3159 2083 πάντες
3200 2020 3296 2090 τῆς
3324 2038 3382 2072 τε
3412 2021 3674 2090 προνοίας
3700 2020 3790 2073 καὶ

2221 2110 2328 2161 τῶν
2385 2108 2553 2161 ὄντων
2604 2111 2653 2161 οἱ
2699 2108 2847 2176 λόγοι
2878 2110 3017 2162 κατὰ
3066 2111 3195 2179 μίαν
3225 2104 3511 2181 ¹’περιοχῆς
3555 2110 3789 2180 δύναμιν

2222 2201 2466 2263 ἑνοειδῶς
2498 2202 2967 2271 προϋφεστήκασι.
2997 2202 3132 2254 Μεθ’
3152 2203 3181 2254 ὃ
3209 2203 3329 2256 κατ’
3353 2202 3610 2269 αἴσθησιν
3640 2203 3787 2255 θείαν

2221 2290 2383 2343 αὑτὸν
2438 2291 2570 2361 ὁρᾷν
2621 2290 2797 2343 ἔνεστι
2843 2290 3006 2342 πάλιν
3062 2290 3280 2360 θεμιτὸν
3330 2292 3443 2352 τοῖς
3495 2290 3783 2357 φιλοθέοις.

2220 2378 2551 2449 ἀταρϐήτοις
2600 2380 2718 2443 νοὸς
2768 2379 2979 2449 ὄμμασι
3017 2379 3453 2449 παραγινόμενον
3494 2380 3787 2450 οὐρανόθεν

2219 2470 2357 2540 αὐτῇ
2394 2469 2483 2522 τὸν
2527 2470 2702 2537 Λόγον
2737 2470 2830 2522 καὶ
2867 2470 3017 2534 Θεὸν,
3047 2470 3122 2531 ὼς
3167 2471 3198 2538 ὴ
3231 2467 3325 2520 τοῦ
3350 2470 3649 2539 ἀρχιερέως
3681 2472 3809 2524 ἁπδη

2220 2560 2309 2611 τοῦ
2344 2559 2533 2629 θρόνου
2584 2557 2679 2612 τοῦ
2730 2558 3003 2629 ἱερατικοῦ
3041 2558 3297 2625 σημαίνει
3330 2560 3654 2622 κατάϐασις·
3689 2561 3783 2612 καὶ

2218 2650 2421 2703 τέλειον
2449 2650 2617 2720 αὐτῆς
2639 2650 2979 2721 διακρίνοντα
3009 2649 3430 2717 κατηχουμένων
3461 2651 3615 2720 δίκην
3660 2652 3787 2712 τοὺς

2220 2743 2298 2794 ἔτι
2340 2743 2439 2811 τὴν
2464 2740 2739 2811 αἴσθησιν,
2772 2742 2869 2793 καὶ
2915 2740 2976 2793 τὸ
3012 2740 3132 2792 κατ’
3161 2740 3330 2810 αὐτὴν
3370 2742 3626 2812 μεριστὸν
3651 2758 3784 2808 φαν-

2217 2831 2607 2899 τασιουμένους
2657 2830 2972 2898 λογισμούς.
3019 2832 3329 2884 Κάντεῦθεν
3360 2834 3521 2886 πάλιν
3548 2832 3655 2897 ἔξω
3688 2847 3785 2898 γε-

2220 2922 2449 2989 νομένην
2493 2920 2601 2971 τῶν
2636 2920 2931 2987 αἰσθητῶν,
2971 2920 3046 2983 ὡς
3076 2922 3107 2989 ἡ
3137 2920 3245 2973 τῶν
3290 2922 3468 2989 θυρῶν
3497 2921 3595 2990 τῆς
3619 2921 3781 2986 ἁγίας

2219 3009 2311 3061 τοῦ
2349 3009 2483 3061 Θεοῦ
2535 3009 2830 3079 ἐκκλησίας
2880 3003 3019 3060 νοεῖν
3064 3010 3377 3065 ὑποτίθεται
3420 3012 3645 3072 κλεῖσιςο
3690 3013 3783 3063 ἐπὶ

2216 3102 2313 3167 τὴν
2340 3099 2677 3168 δηλουμένην
2722 3098 2809 3151 διὰ
2856 3102 2956 3168 τῆς
3006 3101 3214 3153 εἰσόδου
3265 3102 3370 3154 τῶν
3408 3102 3659 3172 ἀρρήτων
3689 3120 3782 3171 μυ·

2216 3191 2474 3260 στηρίων,
2527 3190 2688 3242 άῦλον
2747 3189 2843 3241 καὶ
2900 3189 3076 3259 ἁπλῆν
3120 3191 3215 3243 καὶ
3278 3192 3633 3244 ἀναλλοίωτον
3687 3192 3781 3243 καὶ

2214 3274 2441 3350 θεοειδῆ,
2474 3279 2569 3334 καὶ
2614 3280 2811 3342 παντὸς
2846 3280 3137 3349 ἐλευθέραν
3166 3281 3338 3343 εἴδους
3368 3282 3460 3333 καὶ
3492 3281 3773 3348 σχήματος

2212 3372 2524 3439 ἐπιστήμην
2564 3370 2673 3422 τῶν
2703 3370 2908 3440 νοητῶν
2938 3370 3162 3437 ἄγοντα·
3198 3370 3317 3423 καθ’
3348 3370 3413 3436 ἣν
3442 3368 3779 3434 συναγαγοῦο

2215 3471 2312 3506 σαν
2336 3456 2473 3524 πρὸς
2510 3455 2607 3523 μὲν
2654 3456 2852 3523 ἑαυτῆς
2882 3454 2981 3518 τὰς
3014 3455 3219 3517 οἰκείας
3246 3453 3523 3522 δυνάμειςο
3554 3452 3690 3521 πρὸς
3724 3453 3780 3504 δὲ

2211 3545 2303 3596 τὸν
2377 3546 2573 3612 Λόγον,
2657 3524 2855 3615 ἑαυτὴν
2913 3548 3152 3616 καταντᾷ
3176 3584 3193 3609 ,
3264 3544 3352 3597 διὰ
3428 3543 3523 3597 τοῦ
3590 3544 3779 3613 νοεροῦ

2211 3634 2506 3702 ἀσπασμοῦ
2542 3634 2823 3690 ἐνώσασαν
2842 3637 2966 3709 τοὺς
2999 3638 3129 3705 περὶ
3156 3634 3356 3703 ἑαυτὴν
3384 3635 3657 3705 άρῤήτους
3680 3636 3780 3703 τῆς

2214 3723 2488 3792 σωτηρίας
2514 3724 2605 3775 καὶ
2632 3723 2824 3790 λόγους
2852 3724 2946 3777 καὶ
2972 3726 3230 3793 τρόπους,
3266 3724 3355 3777 διὰ
3382 3725 3475 3777 τοῦ
3508 3724 3779 3795 συμϐόλου

2212 3812 2309 3883 τῆς
2342 3813 2580 3877 πίστεως
2621 3814 2959 3884 εὐχαρίστως
2986 3815 3268 3885 ὁμολογεῖν
3305 3816 3709 3885 ἐκδιδάσκοντα.

2294 3990 2416 4043 Ἐπὶ
2451 3989 2663 4053 τούτοις
2700 3990 2757 4043 δὲ
2798 3991 2984 4055 πάλιν,
3033 3992 3108 4056 ὡς
3164 3992 3265 4063 ἥδη
3302 3994 3488 4047 λοιπὸν
3520 3994 3663 4047 κατά
3688 3993 3772 4045 δύο

2209 4100 2371 4154 ναμιν
2409 4082 2454 4113 ⁸⁸
2490 4082 2666 4152 ἁπλῆν
2700 4082 2795 4136 καὶ
2827 4083 3134 4153 ἀδιαίρετον
3163 4083 3252 4137 διὰ
3279 4084 3600 4152 μαθητείας,
3631 4082 3775 4150 γνὼ-

2211 4192 2313 4237 σει,
2346 4172 2744 4242 περιλαϐοὖσαν
2776 4173 2903 4234 τούς
2943 4190 3005 4225 τε
3046 4174 3157 4227 τῶν
3208 4173 3483 4242 αἰσθητῶν
3527 4173 3623 4225 xui.
3666 4172 3778 4224 τῶν

2208 4263 2413 4334 νοητῶν
2444 4263 2659 4331 λόγους,
2696 4264 2789 4314 ἐπὶ
2831 4263 2930 4331 τὴν
2956 4264 3159 4329 γνῶσιν
3184 4265 3285 4333 τῆς
3314 4263 3582 4332 ἐκφανοῦς
3608 4263 3777 4333 αὐτὴν

534 4367 819 4434 complexa
853 4364 956 4429 sit,
981 4364 1046 4416 ad
1070 4364 1231 4419 clara:
1258 4381 1320 4419 ac
1349 4367 1650 4421 manifesta:
1668 4382 1788 4421 eam
1822 4366 2107 4437 theologia:

2215 4358 2410 4424 ἄγοντα
2442 4353 2737 4421 θεολογίας,
2774 4352 2909 4420 μετὰ
2957 4352 3055 4422 τὴν
3097 4354 3316 4406 πάντων
3367 4352 3639 4421 διάϐασιν⁹
3680 4355 3775 4407 καὶ

536 4456 848 4539 scientiam,
877 4464 1004 4523 post
1026 4455 1208 4508 omnia
1234 4464 1489 4523 superata
1505 4458 1919 4524 provehentem,
1943 4466 2109 4526 atque

536 4563 725 4619 parem
758 4547 988 4618 angelis,
1021 4544 1201 4615 quoad
1236 4544 1453 4613 assequi
1480 4545 1643 4608 licet,
1692 4548 2108 4617 intelligentiam

536 4638 903 4709 praebentem,
950 4655 1125 4708 eaque
1172 4637 1320 4691 illam
1366 4636 1658 4706 sagacitate
1691 4636 2008 4703 docentem,
2048 4650 2109 4694 ut

538 4743 709 4781 unum
739 4728 911 4781 Deum
935 4729 1094 4790 sciat,
1127 4743 1293 4781 unam
1328 4725 1649 4787 essentiam,
1682 4733 1795 4778 tres
1822 4740 2106 4794 personas,

535 4818 791 4889 essentia
831 4820 1096 4873 unitatem
1125 4820 1272 4873 trine
1309 4818 1722 4881 subsistentem,
1774 4832 1841 4889 ac
1864 4818 2106 4872 consub-

529 4882 851 5011 stal+ialem
897 4923 1257 4975 personarum
1316 4909 1620 4962 trinitatem
1672 4926 1687 4962 :
1732 4886 2001 4963 unitatem
2056 4908 2107 4961 in

540 4998 807 5063 trinitate,
846 5006 904 5052 et
938 4998 1238 5052 trinitatem
1271 5000 1327 5053 in
1365 5003 1603 5067 unitate;
1637 5017 1747 5055 non
1778 5001 1939 5055 aliam
1964 5040 1980 5065 ,
2024 5010 2109 5053 at-

536 5104 647 5157 que
669 5089 874 5155 aliam;
916 5103 1097 5157 neque
1142 5088 1308 5141 aliam
1352 5099 1553 5158 praeter
1588 5092 1774 5152 aliam.
1812 5100 1909 5146 aut
1944 5091 2107 5145 aliam

537 5194 637 5247 per
658 5179 845 5243 aliam,
889 5179 1006 5233 sive
1024 5194 1126 5248 per
1160 5178 1320 5231 aliam
1359 5164 1546 5243 aliam,
1574 5191 1669 5235 aut
1698 5184 1862 5237 aliam
1896 5184 1949 5237 in
1976 5183 2110 5247 alia,

534 5266 621 5317 vel
673 5281 740 5319 cx
786 5266 895 5319 alia
926 5267 1125 5331 aliam;
1157 5262 1255 5319 sed
1300 5265 1557 5319 eamdem
1591 5268 1646 5322 in
1689 5271 1889 5339 seipsa,
1916 5280 1971 5325 et
2008 5287 2105 5341 per

536 5354 793 5424 seipsam,
826 5373 1003 5427 penes
1046 5356 1397 5431 semetipsam
1419 5354 1523 5422 sibi
1550 5358 1651 5425 ipsi
1688 5360 1934 5414 eamdem
1978 5377 2103 5415 cum

542 5444 849 5513 unitatem,
903 5458 1018 5503 tum
1080 5449 1403 5512 trinitatem,
1452 5448 1603 5501 omni
1651 5458 1766 5502 tum
1820 5460 2103 5507 vacantem

2211 4448 2311 4518 τὴν
2350 4446 2471 4515 ἴσην
2498 4447 2611 4507 τοῖς
2649 4443 2898 4511 ἀγγέλοις
2932 4445 3073 4496 κατὰ
3107 4444 3167 4497 τὸ
3211 4443 3430 4513 ἐφικτὸν
3459 4444 3597 4516 αὐτῇ
3630 4462 3772 4515 παρ-

2214 4538 2474 4606 εχόμενον
2504 4534 2710 4605 νόησιν·
2738 4532 2832 4586 καὶ
2858 4533 3110 4586 τοσοῦτον
3133 4533 3452 4588 διδάσκοντα
3482 4518 3772 4607 σωφρόνως

2212 4627 2400 4696 αὐτὴν,
2436 4626 2559 4677 ὅσον
2603 4622 2801 4675 εἰδέναι
2829 4621 2962 4675 Θεὸν
2990 4623 3107 4689 ἕνα,
3147 4623 3275 4694 μίαν
3297 4625 3505 4690 οὐσίαν,
3538 4625 3772 4679 ὑποστά-

2215 4735 2326 4779 σεις
2352 4717 2521 4787 τρεῖς
2552 4713 2755 4783 μονάδα
2789 4712 2976 4776 οὐσίας
3019 4714 3467 4785 τρισυπόστατον,
3501 4718 3595 4770 καὶ
3616 4716 3777 4787 Τριά-

2211 4808 2277 4860 δα
2320 4806 2669 4858 ύποστάσεων
2724 4804 3030 4871 ὁμοούσιον·
3089 4806 3290 4874 μονάδα
3336 4806 3399 4858 ὲν
3438 4808 3639 4878 τριάδι,
3681 4808 3775 4861 καὶ

2206 4898 2400 4965 τριάδα
2443 4898 2499 4949 ὲν
2537 4897 2722 4964 μονάδι
2752 4896 2949 4949 ’κούκ
2989 4897 3157 4967 ἄλλην
3191 4900 3285 4951 καὶ
3325 4899 3514 4970 ἄλλην,
3551 4901 3666 4953 οὐδ’
3689 4898 3776 4954 άλ-

2206 4988 2304 5055 λην
2340 4986 2470 5055 παρέ
2498 4980 2684 5055 ἄλλην,
2715 4987 2834 5039 οὐδὲ
2862 4987 2929 5039 δι’
2957 4986 3125 5055 άλλης
3145 4988 3313 5057 ἄλλην
3330 5029 3345 5050 ,
3379 4990 3486 5042 οὐδ’
3521 4990 3692 5059 ἄλλην
3713 4988 3773 5041 ὲν

2204 5076 2501 5154 ἄλλῃτοδδὲ
2540 5077 2599 5141 ἐξ
2620 5078 2785 5145 ἄλλης
2807 5078 2995 5145 ἄλλην
3028 5076 3166 5130 ἀλλὰ
3182 5078 3281 5148 τὴν
3305 5078 3474 5147 αὐτὴν
3499 5081 3561 5134 ἓν
3582 5080 3768 5148 ἑαυτῇ,

2205 5172 2301 5224 καὶ
2319 5171 2439 5224 καθ’
2466 5171 2666 5239 ἑαυτὴν
2695 5169 2780 5238 ἐφ’
2802 5157 3019 5239 ἑαυτὴν.
3048 5171 3213 5241 ἑαυτῇ
3240 5170 3446 5240 ταύτὴν
3476 5172 3522 5204 ⁸⁸
3557 5174 3655 5239 καὶ
3678 5187 3783 5240 po,

2136 5270 2141 5275 "
2208 5254 2339 5316 νάδα
2372 5261 2469 5315 καὶ
2496 5260 2690 5331 τριάδα
2735 5259 3040 5328 ἀσύγχυτόν
3067 5277 3127 5312 τε
3165 5263 3263 5315 καὶ
3309 5262 3637 5331 ἀσυγχύτως
3674 5259 3770 5329 τὴν

2208 5354 2400 5407 ἕνωσιν
2414 5355 2457 5385 ⁵⁸
2480 5352 2729 5422 ἔχουσαν,
2750 5351 2843 5404 καὶ
2862 5349 2958 5420 τὴν
2977 5348 3247 5421 διάκρισιν
3272 5351 3578 5422 ἀδιαίρετόν
3594 5367 3651 5403 τε
3675 5346 3770 5400 καὶ

2208 5448 2543 5518 ἀμέριστον
2577 5444 2783 5516 μονάδα
2819 5442 2919 5513 μὲν
2959 5441 3100 5496 κατὰ
3134 5442 3227 5497 τδν
3264 5444 3364 5513 τῆς
3399 5443 3609 5507 οὐσίας,
3652 5439 3767 5507 ἦτοι

1835 5560 2067 5615 VARle
2102 5562 2506 5617 LECTIONES.

616 5669 662 5743 ’ξ
694 5672 833 5743 κα·ςὰ
857 5672 980 5743 νοῦν
1013 5690 1062 5728 c.
1101 5676 1162 5728 Α.
1236 5677 1283 5707 ⁸⁸
1297 5677 1500 5732 Eadem
1530 5676 1585 5730 in
1607 5674 1758 5730 Orat.
1791 5675 2149 5738 Dominiram,
2181 5677 2272 5729 ubi
2307 5679 2469 5730 etiam
2499 5678 2835 5743 singulorum
2878 5675 3121 5729 rationes
3149 5673 3411 5743 assignat.

3488 5671 3530 5700 "
3562 5662 3761 5719 Ταυτδι

517 5794 521 5799 .
549 5750 604 5794 c.
635 5740 699 5792 Δ.
728 5732 828 5783 ”¹ι⁹ι
859 5742 1150 5797 ἀσύνθετον
1191 5744 1245 5797 τε
1280 5748 1370 5800 καὶ
1404 5746 1710 5815 άσύγχυτον
1740 5746 1839 5814 τὴν
1871 5746 2063 5799 ἕνωσιν
2102 5732 2149 5799 (ί
2189 5746 2227 5799 Α
2288 5756 2335 5798 et
2375 5748 2458 5799 Fr.
