3958 6338
158 393 249 458 τοι

1489 406 1982 467 MYSTAGOGIA.

3251 416 3356 479 7C9

156 503 239 556 τὸν
258 502 353 556 τοῦ
393 498 527 555 εἶναι
577 503 752 571 λόγον’
795 505 907 558 ἀλλ’
953 508 1013 560 οὑ
1053 510 1193 562 κατά
1231 511 1538 582 σύνθεσινῆ
1579 532 1696 566 συν-

1808 515 2241 587 compositione,
2302 527 2413 571 tum
2449 519 2790 573 inconfusam
2857 521 3015 591 517
3063 522 3356 582 habentem

159 593 438 664 αἱρεσιν,ἢ
477 594 576 664 τὴν
621 593 831 648 οἱανοῢν
872 596 1148 666 σύγχυσιν·
1198 601 1391 670 τριάδα
1445 603 1522 665 δὲ,
1566 605 1703 656 κατά

159 684 238 735 τὸν
255 682 350 735 τοῦ
529 685 793 754 ὑπάρχειν
823 688 916 739 καὶ
963 689 1257 755 ὑφεστάναι
1290 689 1610 760 λόγονάλλ’
1641 694 1700 745 οὑ

157 772 282 824 κατά
326 772 591 842 διαίρεσιν
626 774 658 843 ἢ
693 775 1062 845 ἀλλοτρίωσιν,
1101 779 1133 850 ἢ
1175 781 1268 833 τὸν
1299 781 1504 835 οἱονοῦν
1553 800 1705 853 μερι-

159 864 299 927 σμόν.
336 864 414 916 Οὐ
445 865 551 933 γὰρ
583 866 910 936 μεμέρισται
959 871 1079 932 ταῖς
1125 871 1484 926 ὑποστάσεσιν
1523 877 1554 942 ἠ
1606 892 1703 943 μο-

155 950 258 1015 νάς,
295 952 421 1004 οὑδὲ
455 953 717 1022 σχετικῶς
750 953 922 1007 ἔνεστι
945 956 1040 1009 καὶ
1064 958 1456 1028 ἐπιθεωρείται
1489 964 1698 1026 αὑταῖς·

154 1042 260 1095 οὐδὲ
288 1042 661 1094 συντέθεινται
695 1043 771 1103 είς
796 1042 1015 1097 Μονάδα
1055 1046 1108 1098 αἱ
1132 1046 1482 1111 ὑποστάσεις,
1522 1049 1556 1118 ἦ
1580 1066 1703 1101 συνο

155 1133 348 1202 αιρέσει
386 1131 555 1200 αὐτὴν
594 1131 977 1200 ἐκπληροῦσινο
1021 1135 1156 1188 ἀλλά
1195 1137 1293 1207 τὴν
1322 1139 1492 1207 αὑτὴν
1535 1141 1702 1211 ἑαυτῇ

153 1220 350 1282 ταύτὸν,
389 1219 565 1281 ἄλλως
621 1220 806 1289 μέντοι
840 1221 936 1273 καὶ
989 1221 1187 1286 ἄλλωςσ
1219 1215 1402 1296 μονὰς
1449 1213 1702 1297 γάρ’ὲστι

157 1306 445 1375 ἀσύγχυτος
477 1309 540 1376 τῇ
574 1307 751 1378 οὐσίᾳ,
779 1309 872 1361 καὶ
907 1308 984 1378 τῷ
1011 1311 1133 1363 κατ’
1163 1314 1333 1385 αὐτὴν
1364 1315 1522 1386 ἁπλῴ
1559 1317 1702 1386 λόγῳ

158 1400 187 1466 ἡ
215 1399 336 1465 ἁγία
360 1398 521 1467 τριάς
544 1399 654 1452 τῶν
695 1401 1076 1454 ὑποστάσεων·
1115 1403 1210 1456 καὶ
1242 1405 1400 1476 τριάς
1429 1408 1546 1458 ἐστι
1584 1409 1703 1468 ταῖς

158 1486 471 1538 ὑποστάσεσι
504 1487 598 1538 καὶ
641 1485 938 1557 ’τῷ-τρόπῳ
993 1489 1090 1557 τῆς
1140 1489 1428 1560 ὑπάρξεως
1479 1493 1511 1560 ἡ
1569 1493 1701 1559 ἁγία

159 1579 330 1645 μονάςο
395 1576 493 1646 τὴν
529 1576 698 1648 αὑτὴν
735 1577 862 1648 ὅλην
913 1578 1073 1632 τοῦτο
1123 1583 1342 1635 κάκεῖνο
1387 1583 1700 1652 διαφόρως,

157 1668 260 1719 κατ’
289 1668 450 1721 ἄλλον
490 1668 582 1720 καὶ
606 1668 784 1734 ἀλλον,
819 1669 896 1732 ὡς
923 1672 1156 1740 εἴρηται,
1190 1673 1346 1740 λόγον
1380 1678 1698 1744 νοουμένην·

159 1758 266 1826 μίαν
296 1760 394 1811 καὶ
441 1752 629 1828 μόνην,
679 1761 984 1831 ἀδιαίρετόν
1009 1779 1068 1814 τε
1117 1765 1210 1816 καὶ
1243 1763 1572 1833 ἀσὺγχυτον,
1605 1764 1700 1816 καὶ

1803 609 2079 674 unionem,
2110 608 2510 676 indivisamque
2533 679 2536 687 Ι
2557 625 2621 662 ac
2653 610 2818 664 nullis
2842 613 3062 664 scissam
3091 614 3355 681 partibus,

1803 697 2184 752 discretionem
2212 715 2224 750 :
2256 699 2518 752 unitatem
2552 699 2770 766 quidem
2819 701 3118 754 secundum
3169 717 3357 758 essen-

1806 789 1892 841 tia:
1924 789 2157 858 (essendi
2208 789 2438 857 scilicet)
2486 789 2752 841 rationem
2775 829 2789 851 ,
2825 798 2880 841 at
2912 806 3021 843 non
3057 792 3359 848 secundum

1804 877 2253 944 compositionem
2287 885 2380 930 aut
2404 877 2853 940 contractionem,
2885 879 2998 932 sive
3027 881 3192 932 ullam
3222 897 3356 934 con-

1802 967 2105 1031 fusionem;
2150 967 2452 1021 trinitatem
2491 983 2621 1020 vero
2659 969 2960 1021 secundum
3008 971 3170 1023 talem
3217 973 3361 1025 exsi-

1801 1057 1978 1111 stcndi
2023 1073 2084 1110 ac
2123 1058 2456 1110 subsistendi
2508 1058 2807 1120 rationem;
2837 1073 2948 1110 non
2980 1074 3111 1111 vero
3160 1074 3360 1112 secun-

1801 1144 1933 1198 dum
1959 1145 2286 1200 divisionem
2327 1158 2423 1201 aut
2471 1147 2864 1210 diversitatem,
2908 1149 3140 1202 ullamve
3195 1149 3362 1216 parti-

1801 1244 1889 1289 ttc.
1922 1250 2027 1288 cm.
2078 1236 2200 1290 Non
2258 1238 2404 1290 enim
2455 1238 2638 1291 unitas
2689 1240 2942 1306 personis
3010 1239 3182 1292 divisa
3245 1248 3359 1304 est,

1800 1341 1978 1394 neque
2011 1317 2064 1378 in
2103 1325 2186 1378 eis
2217 1318 2534 1380 'secundum
2582 1328 2960 1382 habitudinem
3005 1331 3166 1391 inest,
3197 1330 3362 1398 inque

1802 1416 1911 1469 illis
1936 1408 2311 1470 consideratur
2338 1433 2350 1467 :
2373 1431 2550 1484 neque
2580 1431 2829 1484 personae
2861 1419 2916 1471 in
2947 1419 3212 1472 unitatem
3236 1434 3361 1472 coa-

1801 1505 2015 1558 lescunt
2060 1503 2482 1572 compositione,
2531 1510 2627 1556 aut
2689 1518 2810 1556 eam
2861 1505 3083 1571 explent
3137 1513 3362 1558 contra-

1802 1595 2016 1657 ctione,
2079 1593 2174 1647 sed
2229 1593 2476 1646 eamdem
2527 1593 2631 1646 sibi
2671 1593 2774 1661 ipsi
2827 1593 2990 1657 idem,
3027 1595 3131 1646 alia
3182 1601 3362 1646 tamen

1801 1693 1962 1752 atque
2000 1684 2104 1736 alia
2158 1683 2393 1737 ratione.
2431 1683 2528 1736 Est
2570 1682 2717 1736 enim
2770 1692 2956 1736 sancta
3004 1697 3359 1750 personarum

1801 1769 2019 1823 trinitas
2053 1769 2356 1824 secundum
2398 1771 2711 1833 essentiam,
2752 1779 2805 1822 et
2849 1770 3081 1837 simplici
3126 1785 3222 1822 sua
3277 1785 3364 1822 ra-

156 1850 311 1920 ἁπλῆν
355 1852 452 1902 καὶ
495 1852 765 1920 ἀμείωτον
815 1856 908 1906 καὶ
965 1855 1386 1925 ἀπαράλλακτον
1443 1856 1696 1926 θεότητα·

1803 1861 1970 1923 tione,
1999 1861 2180 1913 unitas
2205 1859 2488 1912 inconfusa
2514 1875 2527 1921 ;
2561 1866 2857 1926 sanctaque
2883 1859 3067 1911 unitas
3088 1858 3360 1926 personis,

160 1942 340 2011 μονάδα
399 1942 542 1996 κατά
591 1943 694 2012 τὴν
759 1945 948 1998 οὑσίαν
991 1947 1117 2015 ὅλην
1175 1947 1557 2017 ὑπάρχουσαν,
1606 1947 1700 1998 καὶ

153 2035 264 2104 ὅλην
287 2035 481 2105 τριάδα
522 2036 621 2105 τὴν
665 2036 835 2106 αὐτὴν
870 2040 990 2101 ταῖς
1025 2024 1398 2103 ὑποστάσεσι,
1440 2039 1535 2091 καὶ
1571 2038 1710 2108 μίαν.
1740 2042 1744 2047 ’

153 2125 256 2187 ἑνὸς
278 2124 640 2197 τρισσοφαοῦς
681 2128 880 2178 ἀκτῖνα
922 2129 1097 2195 φωτὸς
1126 2129 1416 2197 μονοειδῶς
1451 2129 1692 2197 ἐπιλάμ-

152 2231 361 2268 πουσαν·
398 2216 485 2284 ἐφ’
508 2208 552 2283 ᾧ
593 2215 687 2268 καὶ
724 2215 822 2286 τὴν
841 2215 1043 2285 ψυχὴν,
1077 2217 1356 2287 ὁμοτίμως
1377 2221 1491 2282 τοῖς
1521 2218 1700 2285 ἁγίοις

152 2305 384 2371 ἀγγέλοις
415 2307 540 2369 τοὺς
574 2307 828 2375 ἐκφανεῖς
859 2307 954 2359 καὶ
989 2308 1243 2375 ἑφικτοὺς
1276 2310 1342 2378 τῇ
1367 2309 1543 2362 κτίσει
1573 2308 1698 2378 περὶ

153 2395 385 2464 θεότητος
431 2396 732 2467 δεξαμένην
778 2396 990 2463 λόγους,
1039 2399 1133 2450 καὶ
1172 2398 1479 2468 συμφώνως
1512 2399 1698 2459 αὑτοῖς

151 2485 408 2554 ἀσιγὴτως
453 2487 712 2556 ἀνυμνεῖν
759 2487 1039 2556 μαθοῦσαν
1090 2487 1384 2557 τριαδικῶς
1434 2488 1531 2557 τὴν
1567 2486 1695 2555 μίαν

152 2572 380 2644 θεάτητα,
418 2575 514 2626 ἐπὶ
548 2574 648 2644 τὴν
675 2576 814 2627 κατά
843 2575 1004 2643 χάριν
1048 2575 1113 2627 δι’
1137 2575 1461 2643 ὁμοιότητος
1517 2577 1697 2642 ἐμφε-

152 2660 261 2728 ροῦς
319 2660 589 2714 υἱοθεσίαν
646 2660 900 2730 ἀχθῆναιο
939 2661 1006 2713 δι’
1041 2658 1108 2732 ἧς
1155 2662 1274 2729 μετ’
1311 2662 1358 2692 ⁸³
1395 2662 1562 2730 εὐχὰς
1605 2665 1695 2716 τὸν

149 2749 265 2802 Θεὸν
298 2750 538 2822 Πατέρα,
571 2749 827 2820 μυστικόν
854 2767 913 2802 τε
947 2752 1126 2821 χάριτι
1155 2751 1248 2802 καὶ
1281 2751 1441 2819 μόνον
1471 2751 1691 2820 ἔχουσα,

149 2839 269 2908 πρὸς
305 2841 366 2894 τὸ
403 2841 463 2892 ἓν
517 2841 617 2909 τῆς
661 2838 826 2893 αὑτοῦ
871 2839 1231 2908 κρυφιότητος
1282 2838 1403 2890 κατ’
1439 2838 1694 2894 ἔκστασιν

151 2929 350 3004 πάντων
392 2931 807 3000 συναχθήσεται·
851 2929 943 2982 καὶ
986 2927 1234 2980 τοσοῦτον
1275 2927 1520 2980 πείσεται
1560 2930 1695 2996 μᾶλ-

151 3018 304 3090 ὶον,ἢ
343 3020 614 3088 γνώσεται
640 3020 709 3073 τά
738 3021 877 3073 θεῖαο
907 3020 1028 3072 ὅσον
1073 3020 1147 3090 μὴ
1180 3020 1380 3088 ἑαυτῆς
1410 3014 1548 3072 εἶναι
1581 3018 1696 3089 βού-

1801 1965 1863 2004 ac
1898 1948 2063 2002 modo
2093 1947 2414 2010 exsistendi,
2444 1948 2682 2000 trinitas.
2724 1947 2853 2012 Qum
2879 1947 3070 2000 eadem
3107 1957 3216 2001 tota
3256 1948 3363 2001 hoc

1800 2049 1855 2094 et
1891 2039 2028 2092 illud
2052 2038 2309 2092 distincte
2326 2079 2339 2103 ,
2361 2037 2466 2091 alia
2493 2047 2654 2104 atque
2685 2035 2789 2088 alia
2812 2038 3044 2096 ratione,
3068 2043 3129 2087 ut
3154 2037 3360 2088 dictum

1798 2138 1901 2196 est,
1933 2129 2268 2200 intelligatur
2288 2168 2301 2192 ,
2333 2143 2441 2181 una
2474 2135 2530 2180 et
2556 2125 2843 2195 singularis
2878 2124 3264 2192 individuaqne
3305 2132 3361 2177 et

1799 2221 2104 2284 inconfusa,
2131 2219 2383 2287 simplex,
2417 2216 2629 2285 integra
2653 2223 2709 2269 et
2740 2215 3205 2268 incommutabilis
3233 2215 3360 2267 Dei-

1798 2325 1918 2367 tas:
1949 2329 2071 2381 qua:
2098 2311 2398 2365 secundum
2437 2309 2734 2362 essentiam
2761 2316 2871 2361 tota
2909 2307 3089 2361 unitas
3109 2308 3357 2369 exsistat,

1799 2413 2022 2471 totaque
2068 2402 2258 2455 eadem
2291 2399 2539 2468 personis
2583 2400 2656 2450 sit
2711 2398 2957 2460 trinitas,
3001 2407 3162 2466 atque
3191 2414 3359 2451 unum

1784 2495 1960 2549 .unius
1981 2492 2123 2546 trine
2157 2490 2392 2543 lucentis
2428 2487 2652 2542 luminis
2686 2487 2898 2540 radium
2927 2487 3214 2556 etfulgeat,
3250 2505 3361 2556 quo

1795 2591 1851 2636 et
1884 2583 2086 2644 anima,
2116 2580 2233 2649 pari
2263 2594 2385 2633 cum
2425 2579 2625 2632 sanctis
2661 2578 2866 2648 angelis
2914 2577 3198 2646 dignitate,
3251 2579 3361 2630 cla-

1795 2686 1902 2733 ras,
1929 2686 1992 2723 ac
2022 2655 2160 2738 quas
2185 2676 2437 2726 creatura
2472 2666 2686 2734 assequi
2719 2674 2915 2734 potest,
2943 2665 3162 2718 deitatis
3194 2665 3360 2717 ratio-

1794 2777 1892 2814 nes
1927 2759 2256 2828 suscipiens,
2281 2758 2508 2827 parique
2538 2758 2644 2811 illis
2674 2771 2943 2811 consensu
2979 2755 3127 2808 nullo
3154 2754 3360 2809 indicto

1794 2849 2012 2902 silentio
2061 2858 2155 2902 aut
2203 2846 2393 2917 requie
2458 2862 2622 2900 unam
2670 2847 2811 2900 trine
2867 2845 3131 2899 deitatem
3198 2843 3358 2897 docta

1793 2940 2038 3001 laudare,
2089 2938 2156 2992 ad
2189 2938 2564 3006 adoptionem,
2599 2953 2720 3006 qua:
2751 2938 2850 2989 cst’
2873 2935 3064 3004 gratia,
3091 2949 3360 3002 expressae

1793 3031 1846 3084 vi
1893 3029 2685 3097 similitudinis,promoveat;
2742 3027 2900 3095 cujus
2946 3025 3159 3077 ratione
3215 3024 3360 3075 inter

150 3105 339 3171 λεσθαι,
391 3109 528 3179 μηδὲ
583 3109 642 3174 ἐξ
671 3109 872 3174 ἑαυτῆς
919 3110 1011 3176 ὑφ’
1042 3109 1237 3180 ἑαυτῆς
1287 3109 1320 3179 ἦ
1356 3109 1518 3185 ἄλλου
1549 3110 1694 3172 τινὸς

1798 3122 2130 3191 precandum
2161 3122 2332 3174 Deum
2372 3121 2588 3172 Patrem
2616 3117 2902 3185 mysticum
2939 3123 3102 3180 atque
3122 3113 3358 3166 'unicum

150 3199 430 3269 γνωσθῆναι
475 3199 766 3262 δύνασθαι,
807 3201 839 3270 ἢ
891 3199 1053 3267 μόνου
1090 3199 1186 3252 τοῦ
1227 3200 1358 3268 ὃλην
1392 3199 1694 3268 ἀγαθοπρε-

150 3285 255 3348 πῶς
285 3287 454 3356 αὑτὴν
490 3287 842 3355 ἀνειληφότος
882 3287 1005 3339 ὅλου
1061 3286 1220 3350 Θεοῦ,
1260 3289 1356 3339 καὶ
1389 3288 1508 3339 ὂλον
1553 3289 1688 3357 αὐτῇ

151 3376 449 3447 θεοπρεπῶς
503 3379 602 3450 ὅλῃ
645 3377 786 3448 [ὅλον
843 3378 978 3446 αὐτῇ
1031 3376 1349 3447 θεοπρεπῶς
1395 3376 1556 3448 ὅλως]
1598 3379 1691 3430 καὶ

151 3468 356 3531 ἀπαθῶς
404 3469 595 3522 ἑαυτὸν
644 3450 901 3532 ὲνιὲντος,
942 3467 1036 3520 καὶ
1072 3468 1200 3537 ὅλην
1253 3467 1688 3538 θεοποιήσαντος·

149 3557 214 3620 ὡς
255 3555 412 3624 εἶναι,
460 3558 645 3623 καθώς
691 3575 856 3629 φησιν
901 3559 932 3612 ό
980 3559 1242 3628 πανάγιος
1293 3560 1693 3630 ’Δρεοπαγίτης

150 3647 401 3712 Διονύσιος
422 3689 439 3709 .
485 3647 666 3702 εἰκόνα
700 3649 796 3702 καὶ
829 3649 1134 3719 φανέρωσιν
1169 3649 1266 3702 τοῦ
1299 3649 1540 3718 ἀφανοῦς
1579 3667 1688 3719 φω-

149 3736 256 3803 τὸς,
282 3739 542 3809 ἔσοπτρον
582 3738 906 3809 ἀκραιφνὲς,
933 3738 1328 3802 διειδὲστατον,
1385 3739 1684 3807 άλὼϐητον,

148 3829 411 3897 ἄχραντον,
435 3827 790 3894 ἀκηλίδωτον,
834 3828 1202 3898 είσδεχόμενον
1243 3830 1391 3899 ὃλην,
1435 3832 1484 3882 εἰ
1529 3831 1687 3898 θέμις

1795 3228 1894 3280 per
1911 3211 2141 3278 gratiam
2191 3209 2402 3262 habens
2423 3247 2438 3271 ,
2472 3208 2526 3258 in
2559 3205 2786 3258 occultae
2819 3204 2939 3272 ejus
2973 3201 3192 3255 deitatis
3225 3215 3354 3262 uno,

1763 3298 2040 3352 omnium
2102 3312 2286 3349 rerum
2338 3309 2569 3348 excessu
2597 3333 2611 3356 ,
2657 3291 2944 3360 colligetur
2985 3296 3354 3356 :tantumque

1794 3387 1977 3441 divina
2003 3388 2173 3456 magis
2199 3386 2464 3455 patietur,
2485 3400 2648 3454 quam
2678 3399 2741 3437 ea
2772 3383 2926 3443 sciet,
2945 3388 3006 3433 ut
3036 3396 3104 3434 ne
3133 3377 3355 3448 quidem

1794 3477 1880 3531 sui
1923 3477 2040 3546 ipsa
2067 3492 2189 3532 esse
2227 3477 2378 3542 velit,
2421 3491 2599 3545 neque
2634 3489 2703 3528 ex
2731 3488 2789 3527 se
2831 3489 2860 3526 a
2902 3472 3103 3540 seipsa,
3131 3469 3217 3523 vel
3243 3467 3356 3521 ullo

1794 3568 1901 3623 alio
1930 3569 2182 3638 cognosci
2213 3569 2408 3638 possit,
2436 3578 2800 3638 prmterquam
2826 3581 2890 3620 ex
2923 3565 3041 3633 ipso
3069 3563 3353 3625 duntaxat,

1789 3659 1883 3730 qui
1942 3668 2109 3714 totam
2134 3661 2307 3729 ipsam
2355 3659 2591 3728 benigne
2617 3671 2792 3726 exque
2836 3656 2972 3708 boni
3016 3652 3346 3715 rationibus,

1790 3753 1934 3806 Deus
1959 3755 2107 3805 totus
2144 3751 2408 3818 suscepit,
2435 3759 2719 3815 totumque
2744 3763 2803 3801 se
2836 3746 2912 3797 illi
2946 3745 3066 3808 toti,
3097 3754 3155 3797 ut
3184 3743 3354 3796 Deum

1791 3841 1974 3903 decet,
2003 3841 2142 3893 citra
2173 3840 2340 3892 ullam
2374 3840 2704 3906 passionem,
2737 3835 2958 3898 indidit,
2981 3849 3044 3887 ac
3069 3843 3234 3886 totam
3267 3833 3354 3897 di;-

148 3919 333 3983 ιίπεῖν,
380 3918 482 3988 τὴν
500 3917 861 4001 (ὡραιότητα.
901 3916 996 3969 τοῦ
1068 3917 1409 3985 ἀγαθοτὺποο
1433 3957 1450 3983 ,
1516 3918 1688 3969 θεοει-

1798 3930 2014 3984 vinitate
2063 3929 2295 3993 imbuit,
2351 3927 2489 3981 adeo
2530 3934 2607 3990 ut,
2653 3927 2796 3979 sicut
2841 3925 2928 3978 vir
2975 3923 3354 3979 sanctissimus

147 4009 238 4074 δῶς
263 4011 356 4065 καὶ
403 3998 690 4080 ἀμει-ὠτως
720 3998 1028 4077 ἑπιλάμπον
1081 4010 1141 4061 ὲν
1201 4008 1399 4078 ἑαυτῷ,
1435 4008 1687 4077 καθάπερ

1798 4020 2075 4090 Dionysius
2099 4018 2426 4087 Areopagita
2456 4018 2554 4081 ait,
2587 4015 2767 4085 imago
2789 4014 2862 4068 sit
2893 4029 2956 4070 ac
2986 4013 3352 4068 manifestatio

148 4093 242 4152 οἷόν
288 4099 348 4152 τί
391 4102 528 4163 ἐστι,
578 4098 675 4170 τὴν
717 4098 1028 4167 ἀγαθότητα
1075 4098 1177 4168 τῆς
1224 4100 1282 4152 ὲν
1326 4099 1542 4161 ἀδύτοις
1606 4114 1688 4150 σι-

1798 4111 2199 4181 inaspectabilis
2262 4110 2529 4173 luminis;
2596 4107 2948 4162 verissimum
3021 4106 3348 4174 speculum,

148 4189 252 4258 τῆς.
1791 4201 2303 4271 pellucidissimum,
2335 4200 2605 4269 integrum
2627 4238 2642 4262 ,
2676 4197 3019 4267 impollutum
3039 4238 3053 4258 ,
3085 4196 3232 4250 nulla
3263 4197 3352 4249 fu-

148 4290 334 4337 scatum
355 4283 591 4348 macula,
622 4280 769 4352 quod
801 4286 971 4336 totam
1009 4280 1067 4334 in
1097 4295 1184 4358 se,
1249 4288 1313 4336 nt
1375 4283 1453 4337 ita
1479 4283 1644 4340 liceat
1673 4287 1848 4358 loqui,
1879 4291 2208 4361 exemplaris
2266 4290 2396 4344 boni
2450 4279 2919 4359 pulchritudinem
2965 4287 3165 4355 capiat,
3229 4285 3352 4339 dei-

148 4368 397 4441 l’ormiter,
454 4381 514 4432 et
564 4383 627 4429 ut
669 4372 808 4428 nihil
831 4371 994 4439 desit,
1045 4373 1102 4426 in
1142 4373 1355 4443 seipse,
1388 4391 1491 4445 pro
1524 4393 1593 4433 eo
1623 4395 1688 4436 ac
1721 4396 2046 4438 concessum
2075 4391 2182 4447 est,
2211 4381 2561 4454 ejussilentii
2594 4380 2741 4451 quod
2799 4379 2854 4434 in
2910 4379 3090 4450 adytis
3121 4376 3350 4442 est,bo—

150 4459 355 4517 nitatem
380 4463 674 4534 eﬂ‘ulgens.

638 4569 642 4573 ’
682 4575 930 4628 ΚΕΦΛΛ.
961 4576 1087 4629 KA'.

154 4688 317 4740 τινων
338 4686 512 4762 {mir
534 4670 897 4762 ἐκερπητική
919 4703 984 4740 τε
1012 4687 1111 4762 καὶ
1134 4689 1570 4762 daal-agedum}:
1579 4709 1702 4762 μυ·-

206 4756 478 4830 “aptior,
502 4754 769 4830 eligit?
783 4756 1170 4830 τελουμένων
1193 4760 1342 4830 κατὰ
1373 4759 1490 4828 τὴν
1511 4754 1692 4830 ἀξίαν

205 4821 456 4888 σῶαειν
484 4821 722 4897 θεσμῶν·
771 4824 843 4878 ἐν
889 4821 1008 4897 τοῖς
1053 4827 1289 4893 πιστοῖς
1335 4821 1445 4883 καί
1463 4821 1691 4897 πιοίτῶς

205 4892 648 4967 συναγομένοις,
674 4894 712 4961 ἡ
737 4892 1160 4963 παραμένουσα
1184 4898 1289 4951 τοῦ
1312 4892 1690 4967 ἁτίουΠνεύέ

207 5074 508 5146 τοιγαροῦν
524 5074 662 5144 ᾤετο
683 5075 796 5128 δεῖν
822 5075 852 5126 ό
878 5076 1145 5147 μακάριος
1165 5075 1365 5147 γέρων,
1386 5075 1483 5130 καὶ
1506 5092 1684 5146 παρα-

151 5163 316 5221 κὼῖν
342 5167 447 5219 οὑκ
472 5163 709 5219 ἐπαύετο
735 5167 914 5238 πάντα
937 5167 1263 5238 Χριστιανὸν
1283 5208 1299 5234 ,
1332 5169 1398 5238 τῇ
1423 5167 1556 5236 ἁγίᾳ
1585 5166 1686 5220 τοῦ

148 5253 268 5309 θεοῦ
298 5254 596 5326 Ἐκκλησία
623 5231 932 5324 σχολάζειν,
982 5231 1077 5311 καὶ
1105 5257 1181 5327 μὴ
1209 5231 1682 5325 ἀπολιμπάνεσθαι

153 5351 266 5391 ποτε
288 5339 386 5410 τῆς
412 5342 475 5393 ἐν
496 5341 632 5410 αὑτῇ
655 5341 982 5414 τελουμένης
1012 5343 1171 5412 ἁγίας
1201 5339 1490 5407 συνάξεως.
1511 5341 1602 5407 διά
1620 5359 1681 5394 τε

152 5428 262 5492 πὺξ
284 5430 696 5502 παραμένοντας
722 5433 859 5504 αὑτῇ
887 5435 1083 5502 ἁγίους·
1101 5433 1398 5502 ἀγγέλουςς
1420 5449 1491 5486 κα
1539 5433 1678 5487 ἀποι-

1711 4595 1758 4650 D

2151 4598 2156 4601 ·
2238 4585 2401 4655 513
2433 4566 2892 4639 CAPUT’xxw.

1785 4697 2024 4771 Quorum
2055 4698 2331 4767 operatria:
2367 4703 2532 4771 ptqee
2579 4692 2808 4771 effectrix
2837 4691 3222 4771 mysteriorum,
3253 4705 3347 4757 per

1852 4783 1939 4821 eos
1975 4762 2107 4821 ritus
2139 4784 2202 4820 ac
2217 4762 2553 4820 mmmam
2583 4762 2763 4829 qua'in
2781 4769 2966 4829 sancta
2991 4762 3182 4828 ομνιαπὶ
3201 4775 3347 4826 pera-

1854 4844 2076 4906 guntur,
2114 4837 2176 4906 in,
2214 4831 2477 4906 Ῑὶῤεὶῥαε,
2509 4847 2571 4883 ac
2596 4828 2667 4906 iis
2698 4833 2787 4898 qui
2803 4828 3343 4906 [idepongregautug

1853 4899 1970 4976 ἱιιιω
2003 4899 2462 4972 assistit,Spiritus
2487 4900 2656 4954 sancti
2677 4900 2856 4970 gratia
2886 4899 2976 4952 sit.

1847 5075 2206 5131 Existimabat
2229 5073 2398 5144 igitur
2411 5073 2610 5129 beatus
2637 5073 2728 5128 ille
2756 5087 2944 5136 senex,
2967 5085 3072 5126 nec
3099 5070 3344 5140 singulos

1776 5179 2024 5234 quosque
2051 5161 2396 5219 Christianos
2419 5163 2630 5219 hortari
2655 5161 2908 5219 cessabat
2930 5167 2991 5214 ut
3023 5157 3346 5228 frequentes

1775 5261 1961 5309 essent
2007 5252 2065 5307 in
2107 5263 2297 5309 sancta
2326 5255 2422 5312 Dei
2465 5255 2721 5318 ecclesia,
2778 5267 2883 5306 nec
2914 5263 3157 5317 unquam
3197 5263 3228 5301 a
3280 5263 3344 5303 re

1777 5358 1931 5398 53m
1955 5383 1972 5409 ο
2028 5359 2154 5415 Quae
2183 5345 2244 5399 in
2291 5361 2358 5401 ea
2416 5347 2736 5417 peragitur,
2794 5337 3164 5401 decederent,
3224 5343 3340 5388 tum

1775 5442 2002 5504 propter
2030 5437 2355 5493 assistentes
2385 5435 2629 5507 angelos,
2659 5449 2723 5489 ac
2745 5428 2991 5503 quotidie
3014 5440 3111 5480 eos
3141 5425 3237 5497 qui
3257 5423 3342 5480 in-

1431 5585 1660 5643 VABIE
1691 5587 2092 5649 LECTIONES.

220 5689 262 5722 ⁸³
280 5692 394 5745 κατ’
425 5708 474 5747 c.
503 5693 566 5746 Δ.
589 5701 652 5775 et.
676 5693 765 5747 Fr.
