3958 6338
527 291 540 410 ί
589 340 696 408 n3

1774 345 1831 403 s.
1875 318 2691 403 MAXIMl-CONFESSORIS
2776 395 2779 398 .

3681 334 3765 402 τοι

587 459 732 505 trant
776 451 829 503 in
877 450 1058 503 album
1100 449 1417 513 referentes,
1448 449 1662 516 Deoque
1694 449 2133 510 manifestantes,

2245 447 2622 515 γραφομένους
2673 433 2928 498 ἑκάστοτε
2979 443 3102 509 τοὺς
3145 443 3410 508 εἰσιόντας
3442 446 3534 499 καὶ
3562 446 3760 516 ἐμφανί-

588 553 652 593 ac
679 554 779 607 pro
808 538 887 592 eis
935 553 1121 607 preces
1146 545 1376 605 votaque
1419 537 1715 601 facientes;
1762 546 1877 590 tum
1919 547 2141 606 propter

586 629 824 696 Spiritus
877 628 1048 681 sancti
1095 642 1310 695 semper
1341 627 1562 696 quidem
1619 627 1996 696 inaspectabili
2048 617 2140 680 ra-

586 719 732 770 tione
760 725 1077 786 praesentem
1105 717 1355 785 gratiam,
1390 717 1739 785 peculiariter
1768 729 1950 770 autem
1966 717 2140 769 maxi-

584 823 670 860 me
728 821 837 876 quo
885 815 1131 875 tempore
1187 822 1274 860 res
1315 822 1471 860 sacra
1529 807 1841 875 peragitur,
1897 807 2141 875 singulos

583 910 829 964 quosque
864 895 957 963 qui
1003 885 1362 949 inveniuntur
1397 903 1850 949 transmutantem
1882 897 2141 964 velutque

585 986 1086 1049 transformantem,
1139 1000 1200 1037 ac
1228 999 1356 1042 vere
1405 984 1459 1036 in
1496 984 1549 1036 id
1580 986 1722 1054 quod
1753 985 2137 1061 diviniusest,

582 1089 684 1142 pro
721 1074 961 1141 ipsorum
987 1082 1148 1141 captu
1183 1089 1243 1127 ac
1265 1074 1424 1126 modo
1465 1074 1838 1145 traducentem
1889 1084 2047 1145 atque
2072 1077 2139 1130 ad

583 1164 834 1232 id,=quod
867 1163 1120 1233 mysteria
1167 1178 1287 1233 qum
1314 1173 1650 1233 peraguntur
1685 1167 2017 1236 signiﬁcant,
2045 1167 2141 1221 de-

499 1289 503 1295 ι
579 1255 870 1310 ducentem
921 1255 1045 1326 (etsi
1103 1255 1148 1310 is
1171 1256 1260 1309 cui
1304 1256 1430 1310 talia
1478 1257 1736 1310 accidunt
1778 1257 1924 1311 haud
1975 1273 2136 1312 sensu

578 1344 867 1414 percipiat,
905 1346 948 1398 si
981 1345 1142 1398 modo
1179 1361 1244 1398 ex
1275 1345 1381 1398 illis
1407 1353 1513 1408 est,
1553 1345 1646 1412 qui
1675 1347 1731 1398 in
1762 1345 1981 1398 Christo
2018 1361 2140 1413 par-

579 1435 695 1487 vuli
726 1443 874 1497 sunt,
909 1449 1009 1488 nec
1042 1434 1097 1486 in
1125 1449 1316 1488 eorum
1358 1449 1479 1501 qua:
1511 1433 1649 1486 fiunt
1696 1434 2028 1503 profundum
2056 1433 2142 1488 in-

581 1523 725 1578 tueri
751 1522 1132 1592 valent),quam
1157 1523 1393 1591 denique
1415 1523 1626 1592 singula
1653 1524 1720 1577 iis
1750 1524 1947 1578 ritibus
1977 1524 2140 1577 insti-

581 1620 716 1676 tuta,
736 1613 919 1667 divina
940 1615 1131 1668 salutis
1149 1612 1410 1683 symbola,
1431 1613 1708 1677 utferunt,
1725 1613 1978 1681 gratiam,
1996 1613 2139 1668 serie
2160 1598 2165 1603 ’

577 1704 809 1772 quadam
843 1719 904 1758 ac
934 1704 1147 1768 ordine,
1176 1704 1242 1758 ab
1271 1704 1336 1758 iis
1361 1720 1481 1774 quae
1512 1704 1757 1774 proxima
1791 1709 2002 1762 suntab
2016 1719 2136 1758 om-

577 1793 727 1846 nium
747 1808 916 1862 usque
941 1793 1122 1857 linem,
1151 1794 1204 1846 in
1224 1795 1304 1846 eis
1325 1803 1669 1862 praestantem
1701 1811 1764 1849 ac
1781 1795 2128 1850 emcientem.
2147 1771 2209 1829 -Β

645 1883 822 1951 Atque
862 1883 918 1936 in
964 1883 1141 1952 primo
1204 1871 1427 1952 quidem
1495 1885 1725 1940 introitu
1789 1886 2132 1940 inﬁdelitatis

575 1972 922 2040 ejectionem,
973 1973 1098 2028 lidei
1124 1983 1493 2045 augmentum,
1524 1977 1640 2028 vitii
1669 1979 2129 2041 extenuationem,

574 2060 791 2113 virtutis
810 2061 1197 2122 accretionem,
1226 2062 1544 2129 ignorantiae
1562 2062 1936 2125 abolitionem,
1959 2065 2135 2116 scien-

574 2145 662 2199 tiae
687 2147 1076 2200 accessionem.
1104 2148 1206 2200 Per
1240 2147 1551 2201 divinorum
1576 2157 1758 2202 autem
1791 2149 2132 2218 eloquiorum

573 2237 930 2299 auditionem,
981 2238 1176 2290 horum
1232 2255 1352 2306 quae
1383 2239 1528 2292 dicta
1564 2249 1693 2293 sunt
1723 2239 1870 2311 (fidei
1902 2241 2130 2306 scilicet,

571 2326 792 2378 virtutis
829 2341 891 2379 ac
919 2327 1187 2397 scientiae)
1239 2329 1426 2382 ﬁrmos
1453 2336 1780 2398 tenacesquc
1818 2331 2037 2385 habitus
2071 2347 2135 2386 ac

572 2413 978 2482 dispositiones.
1003 2417 1105 2480 Per
1127 2431 1189 2469 ea
1211 2425 1391 2472 autem
1413 2434 1534 2486 quae
1562 2419 1675 2472 haec
1693 2428 2130 2486 consequuntur,

570 2501 753 2554 divina
782 2505 1012 2566 cantica,
1044 2516 1402 2571 spontaneum
1431 2508 1625 2559 anima:
1659 2507 1712 2559 in
1734 2508 1967 2560 virtutes
2002 2523 2132 2561 con-

571 2593 812 2654 sensum,
857 2609 917 2646 ac
947 2610 1109 2661 quam
1164 2611 1227 2648 ea
1262 2611 1327 2648 ex
1351 2596 1458 2650 illis
1493 2597 1811 2665 spiritalem
1843 2606 2134 2666 menteque

573 2688 730 2735 tenus
758 2683 1085 2750 voluptatem
1130 2685 1298 2763 sumit
1333 2694 1388 2738 et
1415 2687 1838 2754 jucunditatem.
1887 2689 1990 2742 Per
2043 2705 2132 2742 sa-

570 2789 715 2825 eram
729 2788 858 2826 vero
878 2776 1046 2826 sancti
1070 2777 1344 2845 Evangelii
1359 2778 1672 2843 lectionem,
1697 2782 1898 2834 terreni
1919 2795 2130 2846 sensus,

547 2871 828 2930 .tanquam
862 2865 979 2931 ejus
1006 2866 1192 2917 mundi
1220 2868 1312 2936 qui
1341 2882 1503 2923 sensu
1526 2871 1848 2937 percipitur,
1875 2887 2134 2924 consum«

571 2953 886 3006 mationem.
917 2955 1018 3007 Per
1049 2965 1329 3023 portarum
1355 2968 1536 3012 autem
1571 2959 1830 3028 deinceps
1864 2962 2135 3015 occlusio-

2243 538 2434 601 ζοντας
2453 536 2528 606 τῷ
2549 537 2686 605 Θεῷ,
2717 537 2811 589 καὶ
2833 535 2931 599 τὰς
2957 536 3095 606 ὑπὲρ
3119 538 3296 590 αὐτῶν
3315 539 3527 608 δεήσεις
3547 541 3764 608 ποιουμέ·

2243 642 2362 687 νους
2387 642 2399 654 ·
2463 627 2558 677 καὶ
2603 625 2690 677 διὰ
2734 625 2833 694 τὴν
2871 625 3231 694 ἀοράτωςάεὶ
3263 627 3361 695 μὲν
3392 627 3661 697 παροῦσαν
3686 629 3762 682 τοῦ

2243 715 2400 781 ἁγίου
2457 713 2772 783 Πνεῦματος
2828 714 2987 782 χάριν
3016 753 3031 779 ,
3097 713 3410 783 ίδιοτρόπως
3455 715 3511 767 δὲ
3563 715 3760 784 μάλιστα

2242 806 2384 858 κατὰ
2422 805 2515 857 τὸν
2552 804 2742 873 καιρὸν
2774 804 2874 873 τῆς
2898 805 3058 873 ἁγίας
3085 803 3356 869 συνάξεως
3382 844 3397 868 ,
3452 806 3543 858 καὶ
3569 806 3761 858 ἕκαστον

2240 896 2346 949 τῶν
2377 896 2782 966 εὑρισκομένων
2816 895 3214 964 μεταποιοῦσάν
3242 913 3300 948 τε
3341 898 3435 950 καὶ
3465 897 3762 965 μετασκευάο

2241 990 2436 1054 ζουσαν
2461 1029 2475 1053 ,
2525 990 2618 1042 καὶ
2649 988 2847 1058 ἀληθὲς
2862 987 2909 1019 ⁸⁸
2944 987 3420 1057 μεταπλάττουσαν
3455 989 3546 1040 ἐπὶ
3572 989 3626 1040 τὸ
3649 989 3760 1040 θειό-

2237 1093 2394 1145 τερον
2447 1076 2725 1143 ἀναλόγως
2773 1073 2948 1144 ἑαυτῷ
2974 1115 2988 1140 ,
3054 1074 3147 1128 καὶ
3192 1073 3327 1144 πρὸς
3373 1074 3435 1127 τὸ
3472 1075 3761 1144 δηλούμενον

2239 1165 2327 1218 διὰ
2355 1167 2460 1220 τῶν
2490 1166 2827 1236 τελουμένων
2858 1164 3168 1234 μυστηρίων
3191 1165 3431 1231 ἄγουσαν
3457 1181 3471 1194 ·
3509 1164 3606 1217 κάν
3631 1165 3762 1227 αὐτὸς

2221 1255 2316 1326 μὴ
2347 1256 2686 1326 αἰσθάνηται,
2739 1256 2895 1324 εῐπερ
2923 1253 3033 1307 τῶν
3061 1254 3141 1306 ἔτι
3171 1255 3312 1308 κατὰ
3334 1256 3566 1325 Χριστὸν
3589 1255 3762 1324 νηπίων

2241 1347 2374 1399 ἐστί’
2411 1347 2506 1399 καὶ
2534 1349 2613 1408 είς
2641 1346 2701 1398 τὸ
2733 1344 2894 1414 βάθος
2921 1344 3028 1398 τῶν
3051 1345 3348 1413 γινομένων
3374 1347 3505 1414 ὀρᾷν
3528 1346 3761 1407 ἀδυνατεῖ,

2240 1434 2334 1488 καὶ
2383 1435 2482 1504 τὴν
2525 1435 2858 1504 δηλουμένην
2923 1434 2988 1486 δι’
3027 1434 3256 1487 ἑκάστου
3311 1433 3418 1486 τῶν
3465 1434 3764 1501 τελουμένων

2241 1525 2399 1578 θείων
2451 1524 2733 1596 συμΰόλων
2785 1526 2883 1594 τῆς
2926 1525 3198 1595 σωτηρίας
3245 1525 3303 1576 ὲν
3344 1522 3492 1592 αὐτῷ
3527 1524 3669 1594 χάριν
3693 1526 3764 1574 ἐν·

2239 1631 2263 1666 ε
2274 1613 2508 1685 ργοῦσαν
2527 1653 2548 1678 ,
2578 1614 2700 1668 καθ’
2721 1613 2910 1685 εἱρμὸν
2953 1615 3045 1667 καὶ
3075 1613 3223 1678 τάξιν
3253 1613 3361 1667 ἀπὸ
3386 1614 3493 1666 τῶν
3520 1613 3766 1683 xpoanth

2242 1705 2402 1776 μέχρι
2433 1704 2525 1758 τοῦ
2560 1704 2776 1758 πάντων
2804 1705 2991 1767 τέλους
3020 1703 3325 1757 ὁδεύουσαν.

2299 1877 2461 1931 Κατὰ
2493 1877 2594 1946 μὲν
2623 1875 2844 1948 πρώτην
2873 1876 3075 1930 εἴσοδον
3104 1877 3357 1939 ἀπιστίας
3385 1876 3660 1946 ἀποϐολὴν,
3687 1874 3766 1927 πί-

2235 1982 2402 2028 στεως
2446 1966 2702 2037 αὔξησιν,
2761 1966 2956 2029 κακίας
3002 1967 3251 2035 μείωσιν,
3307 1967 3508 2036 ἀρετῆς
3535 1967 3761 2024 ἐπίδοσιν.

2233 2057 2453 2126 ἀγνοίας
2497 2057 2838 2126 ἀφανισμὸν,
2910 2058 3161 2123 γνώσεως
3203 2057 3536 2128 προσθήκην.
3588 2056 3676 2107 Διά
3717 2055 3765 2106 δὲ

2231 2150 2330 2218 τῆς
2362 2149 2679 2219 ἀκροάσεως
2705 2147 2811 2201 τῶν
2838 2146 2997 2200 θείων
3022 2148 3217 2215 λογίων
3241 2189 3254 2210 ,
3312 2148 3412 2209 τὰς
3438 2148 3541 2200 τῶν
3566 2134 3764 2215 εἰρημέ-

2233 2255 2338 2291 νων
2366 2237 2587 2300 τούτων,
2625 2236 2858 2299 πίστεώς
2888 2236 3029 2306 φημι
3061 2237 3154 2289 καὶ
3179 2238 3381 2306 ἀρετῆς
3407 2238 3497 2290 καὶ
3520 2240 3760 2303 γνώσεως,

2235 2328 2439 2394 παγίας
2470 2329 2564 2380 καὶ
2590 2327 2958 2395 ἀμεταθέτους
2982 2327 3121 2389 ἕξεις
3142 2342 3200 2378 τε
3227 2330 3320 2380 καὶ
3341 2306 3610 2386 διαθέσεις.
3626 2325 3764 2378 Διὰδὲ

2233 2417 2339 2469 τῶν
2368 2417 2458 2468 ἐπὶ
2485 2415 2692 2478 τούτοις
2723 2415 2880 2468 θείων
2908 2416 3187 2484 ᾀσμάτων,
3205 2415 3304 2485 τὴν
3331 2417 3466 2486 πρὸς
3487 2416 3575 2477 τὰς
3590 2414 3763 2482 ἀρετάς

2234 2509 2328 2574 τῆς
2354 2506 2532 2576 ψυχῆς
2559 2506 2802 2558 ἑκούσιον
2833 2505 3245 2572 συγκατάθεσιν,
3267 2507 3361 2558 καὶ
3386 2505 3484 2575 τὴν
3504 2504 3762 2564 triuerat;

2235 2597 2588 2665 ὲγγινομένην
2640 2597 2775 2666 αὐτῇ
2829 2596 3016 2665 νοεράν
3067 2595 3258 2666 ἡδονὴν
3311 2598 3404 2648 καὶ
3437 2595 3760 2665 τερπνότητα.

2233 2686 2331 2738 Διὰ
2359 2686 2414 2739 δὲ
2458 2685 2553 2753 τῆς
2584 2686 2732 2754 ἱερᾶς
2761 2684 3115 2752 ἀναγνώσεως
3142 2684 3232 2737 τοῦ
3259 2684 3415 2752 ἁγίου
3441 2684 3761 2752 Εὑαγγελίσυ,

2232 2778 2330 2846 τὴν
2361 2777 2450 2829 τοῦ
2479 2775 2661 2845 χοϊκοῦ
2689 2777 3048 2845 φρονήματος,
3081 2775 3268 2844 ὥσπερ
3289 2775 3542 2844 αἰσθητοῦ
3563 2777 3763 2842 κόσμου,

2237 2867 2563 2920 συντέλειαν.
2615 2867 2713 2918 Διὰ
2741 2867 2798 2918 δὲ
2834 2867 2932 2934 τῆς
2961 2865 3094 2934 μετὰ
3120 2866 3291 2918 ταῦτα
3317 2867 3426 2918 τῶν
3452 2865 3622 2936 θυρῶν
3641 2863 3763 2916 κλεί-

2238 2975 2373 3020 σεως
2399 2999 2414 3023 ,
2470 2957 2566 3027 τὴν
2616 2957 2755 3009 κατὰ
2795 2956 3031 3009 διάθεσιν
3082 2958 3187 3009 ἀπὸ
3213 2957 3401 3009 τούτου
3433 2957 3525 3010 τοῦ
3555 2955 3764 3026 φθαρτοῦ

571 3055 880 3104 nem,cum,
902 3043 995 3109 qui
1019 3043 1318 3097 secundum
1346 3047 1598 3101 affectum
1625 3059 1727 3114 est,
1754 3065 1781 3102 a
1809 3050 2133 3104 mundohoc

2235 3050 2437 3118 κόσμου
2469 3049 2602 3117 πρὸς
2626 3049 2716 3100 τὸν
2739 3049 2924 3116 νοητὸν
2951 3048 3151 3116 κόσμον
3184 3047 3477 3116 μετάϐασιν
3499 3049 3593 3117 τῆς
3611 3047 3766 3116 ψυχῆς

570 3131 1015 3203 εοιτυριίὸὶιί,ειι
1033 3136 1296 3190 mundum
1317 3137 1732 3208 intelligibilem,
1749 3141 1944 3193 anima}
1963 3148 2135 3195 trans-

574 3222 712 3274 itum
759 3237 820 3275 ac
867 3219 1028 3291 519
1089 3226 1520 3293 traductionem;
1573 3229 1625 3282 vi
1669 3231 1824 3299 cujus
1874 3241 2131 3299 tanquam

569 3313 716 3365 fores
740 3326 932 3364 sensus
961 3314 1273 3377 occludens.
1325 3333 1354 3370 a
1386 3321 1594 3386 peccati
1627 3320 1932 3373 simulacris
1973 3336 2132 3372 mun-

558 3403 668 3456 dos
702 3418 795 3456 eos
830 3402 1024 3455 reddit.
1057 3404 1160 3457 Per
1195 3417 1506 3461 sanctorum
1530 3418 1709 3462 autem
1743 3411 2129 3479 mysteriorum

571 3480 905 3558 ingresSum,
951 3491 1332 3557 perfectiorem
1372 3495 1879 3566 abstrusioremquc
1923 3513 1986 3550 ac
2032 3513 2133 3552 no-

571 3593 692 3633 vam
733 3581 824 3632 Dei
880 3581 933 3632 in
975 3588 1221 3635 nostrum
1258 3585 1880 3653 usumdispensationis
1925 3589 2131 3641 doctri-

571 3685 694 3724 nam
726 3687 789 3723 ac
810 3670 1113 3724 scientiam.
1143 3659 1245 3726 Per
1282 3674 1526 3728 divinum
1557 3679 1802 3732 osculum
1839 3696 1901 3733 ac
1927 3681 2129 3735 saluta-

573 3761 798 3824 tionem,
829 3762 1070 3816 omnium
1116 3772 1239 3817 cam
1271 3765 1546 3828 omnibus,
1580 3783 1641 3820 ac
1683 3770 1834 3836 prius
1868 3771 2132 3840 cujusque

573 3865 760 3902 secum
791 3865 851 3902 ac
879 3865 1001 3903 cum
1041 3852 1151 3903 Deo
1175 3853 1481 3906 concordiae
1502 3893 1515 3915 ,
1562 3869 1971 3926 consensusque
2015 3861 2132 3912 ani-

575 3953 786 3991 morum
835 3953 896 3989 ac
952 3939 1264 3992 dilectionis
1301 3941 1546 3995 eamdem
1585 3946 1694 3998 vim
1739 3963 1801 4001 ac
1843 3952 2126 4006 rationem.

573 4030 675 4082 Per
705 4027 943 4095 Symboli
984 4027 1107 4080 ﬁdei
1139 4029 1558 4098 confessionem,
1599 4050 1887 4105 congruam
1931 4043 2133 4109 gratia-

575 4133 693 4170 rmn
726 4117 992 4170 actionem
1037 4118 1107 4170 ob
1138 4117 1412 4173 inauditos
1445 4137 1508 4175 ac
1550 4126 1830 4181 mirabiles
1871 4130 2132 4193 paranda:

571 4216 784 4282 nostrae
822 4207 1013 4259 salutis
1056 4208 1264 4261 modos.
1312 4209 1415 4264 Per
1469 4213 1772 4282 Trisagium
1832 4217 2126 4287 hymnum,

578 4295 830 4347 unionem
878 4311 1000 4348 cum
1036 4299 1239 4350 sanctis
1273 4300 1495 4366 angelis,
1536 4317 1828 4371 paremque
1862 4319 1987 4358 cum
2025 4305 2131 4360 illis

2238 3138 2328 3188 καὶ
2377 3135 2698 3204 μετάθεσιν·
2754 3135 2819 3186 δι’
2841 3128 2908 3204 ἧς
2947 3135 3045 3196 τὰς
3076 3135 3374 3205 αἰσθήσεις,
3411 3136 3587 3205 θυρῶν
3611 3135 3763 3200 δίκην,

2238 3201 2469 3295 μύσασα,
2492 3225 2596 3277 τῶν
2618 3201 3015 3294 καθ’ἁμαρτίαν
3040 3201 3270 3278 εἰδώλων
3295 3201 3534 3295 καθαράς
3552 3223 3766 3292 ἀπεργά-

2236 3317 2404 3379 ζεται.
2467 3316 2565 3368 Διὰ
2609 3317 2665 3368 δὲ
2714 3317 2813 3386 τῆς
2856 3317 3058 3369 εἰσόδου
3109 3316 3214 3369 τῶν
3261 3317 3429 3384 ἁγίων
3463 3315 3764 3385 μυστηρίων,

2234 3406 2329 3474 τὴν
2358 3407 2712 3474 τελειωτέραν
2749 3406 2842 3458 καὶ
2872 3397 3280 3475 μυστικωτέραν
3319 3405 3410 3456 καὶ
3435 3403 3619 3469 καινὴν
3659 3403 3765 3470 περὶ

2234 3498 2329 3565 τὴν
2385 3498 2461 3558 είς
2507 3498 2651 3565 ἡμᾶς
2700 3488 3004 3564 οἰκονομίαν
3037 3495 3127 3548 τοῦ
3158 3493 3289 3545 Θεοῦ
3323 3493 3654 3547 διδασκαλίαν
3689 3493 3766 3544 καὶ

2232 3587 2448 3654 γνῶσιν.
2507 3588 2605 3639 Διὰ
2647 3587 2701 3639 δὲ
2750 3586 2842 3636 τοῦ
2891 3585 3033 3637 θείου
3072 3583 3397 3652 ἀσπασμοῦ,
3452 3584 3548 3652 τὴν
3574 3583 3766 3636 πάντων

2233 3678 2368 3747 πρὸς
2418 3677 2649 3737 πάντας
2682 3669 2962 3744 κάλ’πρὸς
3014 3673 3201 3725 ἑαυτὸν
3255 3675 3482 3726 ἑκάστου
3531 3675 3766 3743 πρότερον

2233 3769 2325 3820 καὶ
2353 3767 2444 3818 τὸν
2473 3767 2625 3829 Θεὸν,
2660 3765 2910 3834 ὁμονοίας
2942 3765 3035 3816 καὶ
3063 3763 3516 3833 ὁμογνωμοσυνης
3541 3765 3628 3816 καὶ
3648 3761 3766 3828 ἁγά·

2234 3874 2342 3924 πης
2367 3857 2685 3927 ταυτότητα.
2721 3855 2816 3909 Διὰ
2833 3855 2887 3907 δὲ
2911 3855 3011 3923 τῆς
3036 3854 3126 3907 τοῦ
3156 3854 3538 3923 συμϐό).ου,τῆς
3561 3855 3766 3912 πίστεως
3817 3859 3819 3861 ’

2232 3947 2535 4016 ὁμολογίας,
2584 3947 2684 4015 τὴν
2711 3946 2802 3998 ἐπὶ
2830 3948 2942 4008 τοῖς
2968 3944 3290 4014 παραδόξοις
3314 3945 3534 4014 τρόποις
3559 3947 3650 4012 τῆς
3677 3959 3766 3993 σω-

2231 4040 2421 4106 τηρίας
2467 4038 2618 4108 ἡμῶν
2665 4039 2972 4106 πρόσφορον
3020 4036 3388 4105 εὐχαριστίαν.
3446 4037 3540 4087 Διά
3583 4035 3637 4086 δὲ
3686 4030 3765 4082 τοῦ

2231 4129 2542 4196 Τρισαγίου,
2575 4127 2672 4194 τὴν
2706 4126 2840 4195 πρὸς
2870 4125 3206 4191 τοὺςκὰγίους
3233 4125 3492 4192 ἀγγέλους
3519 4121 3698 4176 ἕνωσίν
3717 4137 3766 4171 τε

2231 4217 2324 4268 καὶ
2374 4215 2676 4282 ἰσοτιμίαν,
2734 4215 2829 4265 καὶ
2878 4215 2975 4281 τὴν
3021 4216 3294 4266 ἄπαυστον
3338 4215 3433 4283 τῆς
3471 4211 3766 4279 ἁγιαστικῆς

2231 4306 2536 4372 δοξολογίας
2568 4303 2660 4355 τοῦ
2689 4303 2820 4354 Θεοῦ
2859 4302 3144 4371 σύμφωνον
3173 4304 3435 4356 εὐτονίαν.
3489 4302 3581 4353 Διὰ
3610 4301 3660 4354 δὲ
3683 4299 3768 4368 τῆς

575 4385 921 4453 dignitatem,
965 4402 1066 4438 nec
1105 4385 1264 4438 tinem
1297 4403 1532 4455 unquam
1569 4390 1873 4446 habituram
1927 4395 2126 4450 divina:

2234 4394 2556 4463 προσευχῆς,
2577 4391 2643 4443 δι’
2660 4386 2726 4461 ἦς
2756 4391 2972 4459 Πατέρα
2997 4392 3177 4444 καλεῖν
3205 4392 3298 4444 τὸν
3321 4391 3451 4442 Θεὸν
3464 4389 3766 4459 ρξιούμεθα,

575 4475 988 4543 gloriﬁcationis
1034 4475 1366 4529 modulatam
1394 4482 1822 4537 consonantiam.
1863 4485 1964 4538 Per
2000 4501 2126 4537 ora-

574 4565 799 4628 tionem,
833 4579 936 4631 qua
970 4565 1138 4618 Deum
1168 4565 1379 4620 Patrem
1414 4583 1610 4623 vocare
1637 4573 1976 4635 conceditur,
2004 4589 2126 4642 quae

573 4657 630 4710 in
657 4657 852 4725 spiritu
883 4666 993 4722 est,
1026 4658 1365 4712 verissimam
1395 4661 1772 4728 ad0ptionem.
1821 4665 1924 4716 Per
1963 4665 2120 4729 illud,

579 4743 739 4800 Unus
773 4746 992 4799 Sanctus
1021 4789 1034 4811 ,
1070 4758 1125 4802 et
1159 4765 1277 4816 qua:
1331 4760 1652 4818 sequuntur,
1703 4753 1954 4814 uniﬁcam
2003 4770 2125 4807 cum

575 4837 686 4889 Deo
724 4837 976 4889 unionem
1002 4853 1063 4890 ac
1095 4839 1576 4893 necessitudinem.
1623 4841 1724 4892 Per
1756 4856 1985 4908 sacram,
2019 4857 2124 4908 qua

576 4926 872 4994 impollutis
896 4942 966 4978 ac
990 4927 1222 4980 viviticis
1253 4930 1527 4998 mysteriis
1565 4929 1926 4998 impartimur,
1975 4930 2139 4985 com?

576 5021 908 5096 tinunionem,
944 5019 1086 5070 illam
1109 5035 1232 5070 cum
1258 5021 1395 5088 ipso,
1415 5030 1618 5089 quanta
1641 5023 1963 5077 mortalibus
1989 5040 2121 5077 con-

574 5124 721 5162 cessa
741 5101 847 5168 est,
865 5125 930 5161 ex
956 5109 1310 5163 similitudine
1331 5113 1640 5166 societatem
1669 5129 1729 5166 ac
1751 5114 2121 5180 identitatem;

577 5213 676 5266 per
707 5212 867 5264 quam
899 5198 1062 5251 homo
1097 5199 1200 5252 hoc
1225 5201 1593 5269 consequitur,
1632 5212 1689 5255 ut
1717 5220 1782 5256 ex
1820 5204 2037 5257 homine
2068 5207 2120 5258 in

578 5285 745 5336 Deum
790 5284 1161 5339 transferatur.
1217 5288 1345 5350 Quae
1385 5291 1532 5342 enim
1578 5290 1686 5353 hic,
1735 5306 1796 5345 ac
1839 5293 2124 5346 mortalem

578 5381 796 5440 agentes
823 5372 1008 5430 vitam,
1041 5389 1136 5440 per
1175 5378 1398 5442 gratiam
1434 5393 1551 5444 qua:
1598 5379 1649 5431 in
1683 5379 1784 5433 (ide
1813 5388 1914 5442 est,
1947 5382 2124 5449 perci-

584 5473 708 5525 pere
744 5476 842 5513 nes
882 5460 1051 5513 sancti
1086 5459 1321 5529 Spiritus
1353 5463 1491 5517 dona
1517 5467 1822 5531 credimus;
1854 5469 1967 5521 haec
1999 5483 2127 5538 vere

583 5549 637 5603 in
667 5549 852 5603 futuro
899 5552 1115 5618 saeculo,
1167 5563 1220 5607 et
1257 5562 1312 5605 ut
1364 5555 1536 5622 reipsa
1577 5557 1646 5610 ita
1689 5559 1787 5622 sit,
1827 5558 2126 5630 secundum

660 5662 702 5693 ⁵⁸
737 5663 944 5731 ἀληθῶς
973 5683 1017 5720 c.
1048 5669 1109 5722 Α.
1139 5668 1201 5721 Β.
1241 5670 1449 5738 ἀληθῶς
1481 5673 1666 5725 εἰπεῖν.

2226 4483 2323 4550 τὴν
2374 4483 2430 4532 ἐν
2479 4482 2660 4550 χάριτι
2714 4479 2801 4531 τοῦ
2851 4482 3006 4546 ἁγίου
3052 4478 3366 4548 Πνεῦμῖατος
3421 4479 3768 4549 ἀληθεστάτην

2229 4572 2520 4626 υἱοθεσίαν.
2577 4571 2672 4623 Διὰ
2713 4571 2767 4623 δὲ
2814 4569 2927 4633 τοῦ,
2975 4567 3077 4634 Εἷς
3111 4572 3329 4635 Ἄγιος,
3377 4569 3468 4620 καὶ
3505 4570 3608 4620 τῶν
3639 4568 3767 4634 ἑξῆς.

2228 4661 2325 4729 τὴν
2374 4661 2505 4728 πρὸς
2547 4660 2706 4711 αὐτὸν
2744 4659 2832 4711 τὸν
2863 4660 2990 4712 Θεὸν
3025 4658 3266 4712 ἑνοποιὸν
3290 4659 3448 4728 χάριν
3483 4660 3572 4712 καὶ
3594 4657 3769 4711 οίκειὸ-

2226 4769 2383 4820 τητα.
2437 4752 2534 4803 Διά
2571 4753 2626 4803 δὲ
2669 4753 2766 4819 τῆς
2803 4751 2962 4816 ἁγίας
2993 4750 3347 4821 μεταλήψεως
3377 4751 3484 4803 τῶν
3514 4751 3770 4819 ἀχράντων

2227 4844 2319 4893 καὶ
2378 4839 2652 4903 ζωοποιῶν
2707 4844 3053 4910 μυστηρίων,
3119 4840 3212 4906 τὴν
3270 4840 3405 4911 πρὸς
3445 4840 3601 4892 αὐτὸν
3647 4837 3770 4890 κατὰ

2233 4930 2442 5000 μέθεξιν
2510 4931 2857 5001 ἐνδεχομένην
2933 4931 2994 4981 δι’
3045 4930 3355 5000 ὁμοιότητος
3413 4929 3682 4983 κοινωνίαν
3722 4943 3768 4978 τε

2231 5019 2324 5070 καὶ
2373 5018 2672 5088 ταυτότητα
2699 5035 2715 5051 ο
2771 5019 2836 5071 δι’
2873 5012 2940 5088 ἦς
2988 5016 3236 5086 γενέσθαι
3267 5017 3389 5079 θεὸς
3422 5016 3480 5080 ἐξ
3509 5013 3766 5083 ἀνθρώπου

2231 5108 2575 5170 καταξιοῦται
2617 5112 2644 5161 ὁ
2669 5110 2972 5178 ἄνθρωπος.
3006 5101 3106 5158 ΤΩν
3133 5108 3237 5176 γὰρ
3267 5109 3500 5162 ἐνταῦθα
3531 5105 3661 5158 κατά
3685 5105 3767 5170 τὴν

2231 5198 2504 5266 παροῦσαν
2527 5199 2694 5269 ζωὴν,
2730 5199 2819 5250 διὰ
2848 5199 2949 5266 τῆς
2982 5199 3038 5248 εν
3067 5197 3244 5249 πίστει
3276 5187 3517 5266 χάριτοςξ
3541 5194 3768 5247 πιστεύο-

2233 5305 2328 5356 μεν
2402 5291 2777 5358 μετειληφέναι
2829 5288 3044 5357 δωρεῶν
3109 5288 3201 5340 τοῦ
3249 5288 3400 5354 ἁγίου
3449 5286 3768 5356 Πνεῦματος,

2231 5375 2428 5428 τούτων
2481 5377 2536 5429 ἐν
2583 5379 2659 5446 τῷ
2710 5378 2954 5445 μέλλοντι
3006 5377 3160 5429 αίῶνι
3218 5377 3359 5429 κατὰ
3404 5377 3653 5446 ἀλήθειαν
3696 5375 3770 5425 ὲν·

2231 5467 2541 5530 υποστάτως
2590 5467 2737 5535 αὐτῷ
2766 5467 2841 5537 τῷ
2872 5469 3159 5538 πράγματι
3187 5506 3202 5530 ,
3259 5468 3396 5519 κατὰ
3426 5468 3520 5536 τὴν
3547 5469 3771 5521 ἄπτωτον

2232 5556 2420 5608 ἐλπίδα
2450 5559 2548 5626 τῆς
2576 5559 2809 5622 πίστεως
2838 5559 3015 5630 ἡμῶν,
3045 5560 3137 5612 καὶ
3166 5558 3262 5628 τὴν
3293 5558 3384 5612 τοῦ
3410 5556 3777 5628 ἐπαγγειλομέ-

1885 5663 2114 5719 κ’ΛΙιΙίΙΞ
2147 5663 2538 5720 LliC'l‘tuNliS.
