3958 6338
181 481 278 543 705

1391 467 1397 470 ’
1486 473 1983 538 ΜῩΞΤΑΟΟΟῙΑ.

3275 477 3383 542 706

179 608 260 649 νου
287 588 508 658 βεϐαίαν
552 591 647 643 καὶ
673 591 1020 661 ἀπαράϐατον
1049 590 1360 661 ὑπόσχεσιν,
1395 588 1719 658 φυλάξαντες

1827 602 1977 656 spem
2007 586 2216 640 ﬁrmam
2248 596 2450 641 nostra:
2481 587 2628 652 ﬁdei,
2658 604 2720 644 ac
2742 589 2862 659 ejus
2896 587 2986 659 qui
3012 588 3286 659 pollicitus
3301 605 3385 646 est

180 682 301 732 κατὰ
353 681 586 750 δύναμιν
639 682 740 744 τὰς
784 683 999 746 ἐντολὰς
1027 721 1041 746 ,
1115 681 1438 751 πιστεύομεν
1485 679 1724 748 καταλή-

176 771 355 839 ψεσθαι
383 773 447 836 ³⁵,
499 774 912 841 μεταϐαίνοντες
940 775 1048 828 ἀπὸ
1073 775 1168 844 τῆς
1193 774 1251 825 ἐν
1277 771 1454 824 πίστει
1483 771 1722 840 χάριτος,

178 863 246 922 είς
271 863 366 930 τὴν
413 863 532 913 κατ’
553 861 691 925 εἶδος
716 865 875 934 χάριν
901 880 914 894 ·
974 862 1390 934 μεταποιοῦντος
1413 862 1558 930 ἡμᾶς
1587 859 1723 928 πρὸς

176 950 350 1008 ἑαυτὸν
399 951 599 1020 δηλαδὴ
650 953 741 1004 τοῦ
775 951 908 1005 Θεοῦ
957 955 1049 1006 καὶ
1088 953 1336 1022 Σωτῆρος
1365 949 1522 1021 ἡμῶν
1550 947 1721 1017 Ἰησοῦ

175 1040 395 1107 Χριστοῦ
419 1057 431 1069 ·
491 1045 555 1111 τῇ
604 1045 948 1112 περιαιρὲσεις
993 1045 1099 1096 τῶν
1139 1046 1197 1096 ὲν
1231 1046 1362 1115 ἡμῖν
1395 1044 1493 1112 τῆς
1518 1041 1723 1111 φθορᾶς

174 1130 575 1198 γνωρισμάτων,
600 1132 692 1183 καὶ
716 1132 781 1183 τὰ
806 1132 1232 1202 παραδειχθέντα
1252 1133 1340 1184 διὰ
1361 1127 1468 1182 τῶν
1491 1127 1721 1181 ἐνταῦθα

176 1220 429 1287 αἰσθητῶν
494 1222 776 1290 συμϐόλων
834 1225 965 1293 ἡμῖν
1022 1223 1303 1292 ἀρχέτυπα
1359 1221 1718 1292 χαριζομένου

179 1311 453 1380 μυστήρια.

229 1560 315 1612 Διὰ
362 1560 420 1612 δὲ
448 1561 510 1613 τὸ
561 1561 1019 1632 εὐμνημόνευτον,
1071 1564 1118 1616 εἰ
1161 1563 1325 1625 δοκεῖ,
1379 1563 1478 1634 τὴν
1511 1562 1618 1617 τῶν
1644 1564 1721 1616 εί-

175 1650 406 1718 ρημένων
435 1652 667 1720 δύναμιν
694 1653 814 1705 κατ’
837 1653 1098 1724 ἐπιτομὴν
1127 1653 1546 1722 ἐπιδραμόντες.
1577 1651 1716 1705 οὕτω

173 1746 632 1814 κεφαὴιὼσωμεν.
661 1748 814 1798 Ἔστι
849 1749 947 1816 μὲν
973 1745 1065 1801 οὖν
1091 1751 1121 1818 ἡ
1151 1748 1280 1816 ἁγία
1306 1747 1599 1816 Ἐκκλησία
1625 1746 1716 1798 τύ-

173 1855 255 1899 πος
278 1877 290 1898 ,
342 1837 417 1899 ὡς
465 1838 712 1906 εἴρηται,
760 1840 854 1890 καὶ
877 1837 1062 1900 εἰκὼν,
1100 1837 1191 1890 τοῦ
1228 1838 1324 1905 μὲν
1350 1837 1484 1889 Θεοῦ
1509 1839 1544 1865 ·⁴
1581 1837 1714 1889 διότι

1826 678 2330 731 incommutabilem
2350 685 2668 749 certamque
2691 682 2914 735 omnino
2943 683 3382 757 promissionem,

1824 768 1917 821 ubi
1953 784 2052 837 pro
2075 769 2222 822 virili
2260 778 2451 823 nostra
2489 770 2745 827 facultate
2789 774 3043 828 mandata
3086 774 3390 827 servaveri-

1824 874 1967 922 mus,
2007 854 2366 929 percepturos
2409 863 2832 926 noscredimus,
2861 865 2952 932 qui
2983 880 3012 917 a
3059 864 3232 932 gratia
3264 878 3416 932 quae.

1823 949 1879 1010 in
1922 948 2027 1004 ﬁde
2055 958 2161 1013 est,
2185 951 2251 1003 ad
2291 953 2521 1025 grajiam
2545 967 2663 1020 quae
2695 960 2776 1031 est
2801 953 3104 1007 secundum
3143 954 3384 1022 speciem

1823 1041 2106 1093 transituri
2128 1041 2335 1106 simus;
2380 1043 2492 1095 Deo
2525 1043 2736 1096 scilicet
2779 1058 2846 1096 ac
2874 1043 3165 1105 Servatore
3193 1051 3386 1096 nostro

1819 1130 1946 1183 Jesu
1981 1129 2202 1185 Christo
2229 1147 2330 1186 nos
2355 1133 2409 1184 in
2433 1147 2490 1186 se
2518 1119 2944 1196 transmutantc,
2982 1147 3196 1186 necnon
3260 1147 3386 1186 cor-

1821 1219 2094 1288 ruptionis
2132 1221 2490 1291 mortalisque
2525 1223 2582 1276 in
2612 1224 2774 1278 nobis
2801 1224 2927 1278 vitae
2966 1233 3124 1276 notas
3155 1222 3384 1276 abolen-

1821 1309 1912 1373 do,
1963 1324 2063 1378 per
2096 1310 2429 1380 easymbola
2480 1327 2603 1380 qua:
2637 1313 2692 1365 in
2739 1328 2958 1366 sensum
3021 1312 3246 1375 cadunt,
3294 1310 3386 1365 hic

1820 1399 1982 1453 nobis
2014 1402 2282 1469 tantisper
2325 1408 2649 1466 monstrata,
2687 1402 2966 1470 primitiva
3004 1401 3260 1472 mysteria
3285 1399 3382 1454 lar-

1816 1491 2017 1561 giente.

1891 1580 2110 1635 Summa
2162 1582 2418 1636 dictorum
2458 1601 2520 1637 ac
2573 1585 2960 1653 recapituiatio.
2988 1614 3059 1626 —
3096 1585 3166 1641 Ut
3199 1593 3383 1639 autem

1820 1673 2097 1726 memoriae
2155 1674 2518 1738 consulatur",
2575 1676 2620 1729 si
2648 1676 2811 1740 libet,
2850 1691 3042 1730 eorum
3092 1693 3212 1746 quae
3257 1677 3382 1730 data

1817 1771 1944 1815 sunt
1996 1762 2104 1813 vim
2137 1762 2380 1816 breviter
2429 1774 2841 1832 percurrentes,
2885 1767 2962 1819 ita
3010 1767 3063 1818 in
3115 1782 3382 1820 summam

1818 1848 2148 1918 redigamus.
2185 1851 2280 1903 Est
2319 1851 2487 1919 igitur
2534 1860 2722 1905 sancta
2764 1853 3028 1916 Ecclesia,
3071 1854 3380 1907 utidictum

172 1930 226 1998 ἣν
253 1929 531 2000 ἐργάζεται
583 1931 722 1982 κατὰ
769 1929 867 1998 τὴν
908 1931 1131 2000 ἄπειρον
1162 1929 1328 1982 αὑτοῦ
1355 1929 1584 1999 δύναμιν
1623 1929 1716 1981 καὶ

1821 1950 1920 2003 est,
1947 1941 2044 1994 Dei
2079 1941 2301 2010 quidem
2354 1942 2527 2012 ﬁgura
2582 1959 2648 1998 ac
2687 1945 2894 2014 imago;
2942 1945 3086 2015 quod
3117 1946 3382 1999 nimirum

174 2020 363 2088 σοφίαν,
400 2022 528 2090 περὶ
558 2023 655 2084 τὰς
681 2023 970 2091 διαφόρους
1002 2021 1108 2075 τῶν
1135 2021 1301 2074 ὄντων
1326 2020 1514 2083 οὐσίας
1543 2019 1746 2087 ἀσύγυ

173 2128 314 2180 χυτον
364 2114 594 2178 ἕνωσιν,
659 2113 734 2175 ὡς
787 2113 1115 2184 δημιουργὸς
1168 2114 1290 2166 κατ’
1319 2111 1486 2183 ἄκρον
1542 2109 1718 2180 ἐαυτῷ

164 2205 389 2273 συνέχων
413 2222 425 2234 ·
465 2207 557 2256 καὶ
587 2205 729 2257 κατὰ
758 2205 886 2273 μίαν
915 2205 1011 2273 τῆς
1041 2205 1278 2266 πίστεως
1309 2204 1406 2257 καὶ
1435 2203 1593 2272 χάριν
1624 2204 1718 2254 καὶ

175 2295 346 2364 κλῆσιν
378 2298 506 2358 τοὺς
536 2297 762 2358 πιστοὺς
789 2297 1038 2365 ἀλλήλοις
1054 2296 1307 2358 ,ἐνοειδῶς
1330 2296 1676 2348 συνάπτουσα
1701 2311 1712 2322 ·

172 2388 280 2449 τοὺς
317 2388 370 2439 δὲ
415 2391 752 2458 πρακτικοὺς
793 2388 888 2440 καὶ
918 2386 1224 2459 ἐναρέτους,
1255 2387 1398 2441 κατὰ
1427 2389 1555 2457 μίαν
1582 2386 1718 2454 γνὼ-

175 2495 268 2547 μης
291 2482 606 2549 ταυτότητα·
638 2481 764 2542 τοὺς
787 2480 842 2533 δὲ
873 2479 1238 2550 θεωρητικοὺς
1268 2483 1360 2533 καὶ
1385 2481 1718 2547 γνωστικοὺς

173 2573 291 2642 πρὸς
334 2575 542 2634 τούτοις
597 2575 692 2628 καὶ
743 2575 868 2629 καθ’
891 2576 1140 2646 ὁμόνοιαν
1171 2575 1392 2646 ἀρραγῆ
1427 2576 1520 2627 καὶ
1549 2575 1718 2628 ἀδιαί-

175 2679 328 2732 ρετον.

174 2771 258 2824 per
286 2772 442 2809 unam
483 2757 780 2810 voluntatis
837 2757 1253 2824 animorumque
1313 2746 1768 2826 conSensionem;

1821 2047 1984 2100 quam
2039 2033 2127 2085 ille
2160 2033 2372 2088 inﬁnita
2423 2035 2666 2102 potentia
2714 2051 2810 2089 sua
2855 2052 2917 2090 ac
2947 2037 3213 2105 sapientia
3252 2053 3382 2106 erga

1819 2122 2111 2175 distinctas
2149 2139 2335 2176 rerum
2371 2124 2642 2178 essentias
2681 2125 3025 2178 inconfusam
3073 2125 3381 2179 unitionem

1817 2213 1968 2271 facit.
2009 2221 2264 2280 tanquam
2314 2216 2497 2285 opifex
2531 2232 2594 2270 ac
2642 2217 2948 2271 conditoris
2990 2217 3114 2287 jure
3170 2232 3381 2271 summa

1818 2303 1978 2373 520
2025 2304 2261 2372 quadam
2317 2305 2733 2361 necessitudine
2793 2308 2974 2376 seipso
3010 2311 3382 2372 connecte’ns;

1816 2407 1934 2445 eam
1962 2409 2181 2462 quoque
2213 2395 2302 2447 illa
2333 2411 2430 2464 per
2471 2397 2596 2450 ﬁdei
2628 2398 2852 2466 gratiam
2897 2399 2951 2450 in
2984 2398 3234 2453 ﬁdelibus
3249 2414 3383 2468 ope-

1816 2491 1992 2547 retur,
2018 2499 2211 2537 omnes
2241 2483 2466 2553 quidem
2496 2486 2686 2540 ﬁdeles
2710 2502 2892 2540 secum
2925 2489 3072 2555 ipsos
3095 2486 3383 2541 uniformi—

1817 2582 1901 2627 ter
1939 2589 2037 2642 per
2064 2574 2188 2627 ﬁdei
2221 2591 2383 2627 unam
2409 2577 2638 2644 gratiam
2688 2591 2751 2629 ac
2775 2577 3120 2630 vocationem
3151 2580 3382 2648 conjun-

1815 2678 1978 2732 gens;
2016 2677 2111 2716 eos
2132 2673 2325 2717 autem
2350 2663 2442 2732 qui
2475 2663 2744 2717 actionem
2782 2679 2844 2717 ac
2879 2666 3137 2719 virtutem
3168 2667 3376 2732 colunt,

1813 2752 1880 2805 ad
1929 2753 2044 2806 haec
2077 2768 2206 2806 vero
2255 2754 2422 2808 etiam
2472 2770 2568 2810 eos
2605 2755 2698 2824 qui
2742 2756 3258 2824 contemplationem
3315 2773 3380 2812 ac

172 2848 454 2910 scientiam,
491 2864 589 2918 per
637 2846 1032 2910 ﬁrmissimam,
1081 2861 1408 2914 omnemque
1444 2845 1734 2898 divisionis
1771 2858 1833 2897 ac
1855 2842 2007 2896 rima:
2045 2858 2241 2897 noxam
2274 2853 2646 2912 respuentem,
2674 2844 3025 2898 concordiam

233 2940 327 2992 Τοῦ
366 2942 420 2994 δὲ
468 2941 673 3009 κόσμου
700 2978 714 3001 ,
771 2940 863 2992 τοῦ
895 2958 951 2993 τε
985 2938 1174 3009 νοητοῦ
1205 2939 1298 2992 καὶ
1326 2937 1418 2991 τοῦ
1448 2937 1706 3007 αἰσθητοῦ

172 3027 509 3093 τνόποςέστίν·
538 3031 610 3092 ὡς
636 3031 728 3084 τοῦ
757 3032 945 3100 νοητοῦ
973 3033 1175 3102 κόσμου
1201 3031 1261 3084 τὸ
1287 3026 1548 3101 ίερατείον
1572 3029 1709 3100 σύμ-

173 3119 308 3172 εολον
335 3125 550 3192 ἔχουσαι·
586 3122 680 3174 τοῦ
711 3121 966 3192 αἰσθητοῦ
994 3122 1069 3187 δὲ,
1105 3123 1196 3175 τὸν
1219 3123 1362 3176 ναόν.

243 3294 541 3363 Ἀνθρώπου
579 3295 634 3347 δὲ
689 3296 850 3348 πάλιν
884 3297 1044 3348 εἰκών
1072 3298 1246 3359 ἐστιν,
1298 3296 1372 3357 ὡς
1405 3295 1503 3364 τὴν
1532 3293 1708 3362 ψυχὴν

174 3383 249 3436 διὰ
285 3387 372 3437 τοῦ
418 3387 680 3456 ἱερατείου
714 3387 1021 3456 μιμουμένη
1043 3403 1056 3416 ·
1115 3386 1174 3438 τὸ
1199 3388 1256 3439 δὲ
1290 3387 1466 3454 σῶμα,
1500 3385 1586 3438 διὰ
1613 3383 1705 3437 τοῦ

175 3477 287 3528 ναοῦ
315 3478 742 3548 προϐαλλομένη.
778 3477 954 3547 Αὐτῆς
973 3478 1028 3529 δὲ
1053 3478 1150 3548 τῆς
1173 3478 1350 3547 ψυχῆς
1375 3478 1495 3530 καθ’
1513 3478 1709 3547 ἑαυτὴν

175 3570 447 3638 νοουμένης
474 3570 639 3633 τύπος
669 3566 784 3622 ἐστὶ
820 3571 910 3622 καὶ
935 3570 1118 3632 εἰκὼν,
1153 3570 1227 3631 ὼς
1256 3570 1348 3622 τοῦ
1374 3568 1709 3640 θεωρητικοῦ

175 3658 250 3710 διὰ
279 3660 364 3711 τοῦ
396 3661 660 3730 ίερατείου
693 3660 929 3732 φέρουσα
959 3661 1021 3712 τὸ.
1043 3660 1284 3724 ἐπίδοξον
1307 3677 1320 3692 ο
1358 3660 1452 3712 τοῦ
1479 3661 1535 3713 δὲ
1567 3678 1709 3730 πρα-

177 3750 347 3803 κτικοῦ
376 3753 460 3805 διὰ
485 3752 576 3805 τοῦ
603 3752 730 3805 ναοῦ
765 3751 823 3805 τὸ
853 3752 1078 3822 κόσμιον
1109 3751 1322 3822 ἔχουσα.

235 3973 336 4080 Τῆς
364 4011 430 4064 δι’
447 4009 773 4079 τελουμένης
806 4010 864 4062 ὲν
894 4010 1030 4079 αὐτῇ
1057 4010 1214 4077 ἁγίας
1239 4012 1528 4088 συνάξεως,
1555 4013 1586 4082 ἡ
1614 4012 1711 4081 μὲν

178 4101 348 4170 πρώτη
391 4100 591 4162 εἴσοδος
641 4095 874 4166 γενικῶς
915 4098 1010 4165 μὲν
1056 4096 1204 4166 δηλοῖ
1235 4086 1332 4166 τὴν
1363 4098 1584 4167 πρώτην
1617 4100 1709 4150 τοῦ

177 4183 295 4236 Θεοῦ
323 4186 474 4256 ἡμῶν
502 4185 802 4256 παρουσίαν
823 4200 836 4216 ·
899 4183 1074 4246 ίδικῶς
1098 4184 1174 4246 δὲ,
1211 4185 1307 4254 τὴν
1335 4185 1397 4236 δι’
1423 4185 1587 4237 αὑτοῦ
1619 4188 1713 4238 καὶ

179 4277 262 4328 σὺν
284 4279 426 4347 αύτῴ
456 4279 562 4332 τῶν
589 4276 648 4342 ἐξ
667 4277 924 4339 ἀπιστίας
951 4277 1028 4338 εἰς
1051 4275 1253 4339 πίστιν,
1274 4276 1364 4326 καὶ
1385 4277 1492 4327 ἀπὸ
1513 4278 1712 4338 κακίας

177 4365 246 4426 εἰς
272 4368 481 4438 ἀρετὴνδ
517 4370 612 4421 καὶ
643 4369 749 4421 ἀπὸ
779 4367 1050 4435 ἀγνωσίας
1081 4368 1162 4429 εἰς
1189 4366 1388 4434 γνῶσιν
1419 4367 1712 4435 εἰσαγομέ-

176 4471 268 4508 νων
291 4459 635 4529 ἐπιστροςρήν.
1284 4452 1288 4458 ’
1501 4447 1508 4454 ⁸

235 4634 310 4687 Τὰ
333 4636 383 4688 δὲ
416 4637 672 4704 γινόμενα
708 4636 826 4704 μετ’
843 4636 1010 4706 αὐτὴν
1036 4636 1455 4706 ἀναγνώσματα,
1481 4635 1712 4703 γενικῶς

172 4726 284 4794 μὲν,
337 4727 403 4820 τχὰ
451 4727 566 4779 θεῖα
613 4726 890 4794 θελήματά
931 4744 990 4776 τε
1046 4729 1139 4779 καὶ
1174 4727 1506 4797 βουλήματα,
1539 4725 1716 4778 καθ’ἂ.

176 4819 268 4888 χρὴ
318 4816 442 4883 τοὺς
481 4819 683 4880 πάντας
717 4816 1064 4870 παιδεύεσθαί
1098 4834 1156 4869 τε
1201 4819 1292 4869 καὶ
1317 4817 1711 4881 πολιτεύεσθαι,

180 4910 377 4975 μηνύει·
420 4910 597 4972 ἰδικῶς
621 4908 698 4973 δὲ,
733 4907 828 4977 τὴν
859 4906 999 4959 κατὰ
1029 4907 1128 4975 τὴν
1155 4906 1335 4958 πίστιν
1363 4889 1714 4961 διδασκαλίαν

165 4998 261 5048 ,καὶ
308 5003 582 5073 προκοπὴν
634 5001 743 5055 τῶν
797 5000 1232 5051 πιστευσάντων·
1291 4997 1385 5048 καὶ
1436 4997 1542 5046 τῶν
1573 5015 1713 5087 πραο

180 5092 362 5142 κτικῶν
412 5099 509 5160 τὴν
551 5095 672 5147 κατ’
703 5093 900 5164 ἀρετὴν
928 5091 1128 5158 παγίαν
1165 5087 1402 5141 διάθεσιν
1423 5102 1439 5120 θ
1496 5087 1618 5138 καθ’
1649 5090 1714 5159 ἢν

177 5180 244 5251 τῷ
267 5181 389 5251 θείῳ
413 5185 560 5254 νόμῳ
589 5184 924 5254 στοιχοῦντες
973 5183 1078 5235 τῶν
1111 5181 1336 5234 ἐντολῶν
1365 5178 1628 5248 ἀνδρικῶς
1655 5197 1713 5231 τε

181 5272 261 5324 καὶ
305 5273 607 5342 ἀκλονήτως
650 5277 891 5328 ἵστανται
955 5275 1090 5344 πρὸς
1141 5274 1238 5337 τὰς
1293 5270 1568 5343 μεθοδείας
1616 5270 1712 5333 τοῦ

171 5364 404 5440 ,διαϐόλου
424 5405 439 5427 ,
491 5367 578 5418 καὶ
607 5367 706 5430 τὰς
733 5358 1109 5437 ἀντικειμένας
1137 5365 1416 5434 ἐνεργείας
1443 5363 1713 5430 διαδιδρά-

181 5469 374 5509 σκουσιο
428 5457 520 5508 καὶ
543 5457 650 5508 τῶν
673 5459 985 5522 γνωστικῶν
1014 5459 1109 5529 τὴν
1139 5458 1282 5511 κατὰ
1306 5456 1539 5527 θεωρίαν
1566 5455 1705 5520 ’ἐξινο

187 5546 286 5600 καθ’
306 5549 370 5620 ην
415 5547 536 5608 τοὺς
580 5545 695 5597 τῶν.
729 5547 997 5603 αἰσθητῶν
1037 5550 1128 5603 καὶ
1155 5547 1252 5618 τῆς
1277 5547 1362 5599 ἐπ’
1379 5548 1712 5617 αὐτοῖς’προο

1885 2936 2074 2990 Mundi
2108 2945 2314 3000 autem,
2349 2946 2463 2990 tum
2494 2939 2612 3008 ejus
2639 2938 2730 3006 qui
2771 2947 2952 2991 mente
2984 2939 3116 3002 sola,
3148 2947 3260 2991 tum
3285 2935 3383 3006 qui

1812 3040 1976 3080 sensu
2002 3025 2325 3094 percipitur,
2367 3025 2683 3096 ﬁguraest;
2722 3037 2781 3080 ut
2807 3043 2926 3095 quac
2957 3028 3143 3081 mundi
3175 3026 3378 3081 intelli-

1811 3118 1994 3186 gibilis
2025 3118 2349 3177 sacrarium,
2368 3118 2674 3187 symbolum
2717 3118 2948 3182 haheat;
2997 3119 3156 3188 hujus
3191 3126 3375 3172 autem

1683 3215 1688 3219 ’
1735 3254 1777 3308 C
1811 3209 1904 3276 qui
1934 3211 1986 3260 in
2021 3224 2238 3261 sensum
2263 3209 2439 3271 cadit,
2466 3210 2746 3278 templum.

1881 3299 2096 3350 Rursus
2124 3312 2254 3349 vero
2300 3299 2477 3366 imago
2521 3307 2604 3350 est
2652 3298 2910 3358 hominis,
2934 3307 2995 3350 ut
3027 3313 3146 3371 qua:
3180 3298 3374 3353 animm

1810 3403 1908 3458 per
1947 3389 2247 3442 sacrarium
2289 3389 2527 3456 speciem
2557 3388 2795 3453 referat;
2848 3385 2945 3456 per
2972 3389 3231 3456 templum
3279 3405 3374 3444 au-

1809 3484 1919 3530 tem
1958 3491 2160 3544 corpus
2188 3475 2459 3545 praeferat.
2507 3475 2682 3545 Ipsius
2716 3485 2894 3530 autem
2924 3477 3118 3532 animae
3155 3486 3214 3531 ut
3257 3479 3375 3547 ipsa

1810 3567 2116 3622 secundum
2147 3583 2204 3622 se
2232 3584 2294 3621 ac
2344 3582 2591 3621 seorsum
2640 3568 3048 3631 consideratur,
3091 3567 3260 3637 ﬁgura
3289 3578 3375 3623 est

1786 3675 1874 3714 -ac
1916 3659 2122 3726 imago,
2171 3667 2231 3711 ut
2255 3674 2376 3727 qua:
2412 3674 2507 3726 per
2557 3660 2859 3712 sacrarium
2892 3660 3011 3728 ejus
3048 3663 3221 3728 partis
3252 3675 3372 3728 quae

1810 3746 2260 3814 contemplationi
2312 3747 2498 3800 studet
2538 3747 2845 3801 claritatem
2887 3748 3054 3812 ferat;
3105 3764 3204 3817 per
3238 3757 3372 3802 tem-

1811 3838 1959 3906 plum
2009 3844 2192 3889 autem
2233 3837 2353 3904 ejus
2377 3851 2498 3904 qua:
2533 3837 2770 3901 actioni,
2807 3847 3060 3890 ornatum
3092 3838 3370 3892 decorem-

1809 3944 1915 3997 que
1949 3926 2215 3980 obtineat.

1883 4018 2018 4086 Ejus
2039 4025 2219 4070 autem
2241 4016 2432 4085 qutein
2461 4031 2524 4069 ea
2555 4018 2834 4084 peragitur
2869 4031 3036 4070 sacrae
3067 4031 3369 4087 synaxeos;

1809 4109 2017 4177 primus
2052 4109 2272 4176 quidem
2315 4108 2571 4161 introitus
2619 4097 2950 4176 generaliter
2977 4106 3199 4176 quidem
3252 4094 3370 4177 pri-

1811 4213 1959 4250 mum
1993 4197 2194 4250 Christi
2228 4197 2322 4250 Dei
2371 4199 2547 4250 nostri
2595 4198 2888 4252 adventum
2918 4199 3214 4267 signiﬁcat;
3249 4214 3375 4267 pro-

1809 4287 1926 4355 prie
1955 4301 2106 4348 vcro,
2153 4301 2291 4347 eam,
2318 4302 2439 4353 quae
2483 4302 2580 4354 per
2616 4288 2792 4354 ipsum
2824 4327 2837 4348 ,
2874 4289 3099 4357 ipsoque
3151 4290 3373 4356 auspice

1811 4383 1914 4439 est,
1950 4389 2142 4428 eorum
2187 4373 2280 4442 qui
2330 4373 2397 4426 ab
2437 4374 2761 4427 inﬁdelitate
2793 4375 2860 4426 ad
2895 4375 3149 4436 ﬁdem,et
3175 4392 3204 4428 a
3238 4377 3372 4430 vitio

1812 4467 1878 4520 ad
1925 4467 2208 4530 virtutem,
2246 4476 2409 4534 atque
2431 4465 2500 4519 ab
2524 4463 2826 4534 ignorantia
2851 4464 2915 4516 ad
2953 4466 3234 4517 scientiam
3286 4464 3372 4518 in-

1743 4588 1788 4643 D
1816 4557 2098 4611 ducuntur
2125 4557 2570 4638 conversionem.

1885 4646 2015 4712 Qum
2043 4655 2223 4701 autem
2253 4647 2321 4700 ab
2361 4635 2428 4700 eo
2457 4652 2764 4714 sequuntur
2799 4641 3374 4712 lectiones,generali-

1815 4745 1897 4790 ter
1927 4735 2146 4804 quidem
2166 4734 2380 4787 divinas
2398 4735 2706 4787 voluntates
2735 4744 2792 4787 et
2817 4731 3041 4786 consilia
3066 4731 3370 4800 designant,

1809 4843 1876 4882 ex
1911 4826 2144 4894 quorum
2177 4825 2389 4879 ratione
2414 4832 2636 4878 necesse
2671 4833 2775 4886 est,
2809 4835 2868 4877 ut
2901 4839 3091 4876 omnes
3113 4824 3373 4876 erudian-

1812 4927 1901 4970 tur
1930 4916 2206 4983 vitamque
2231 4914 2556 4977 instituant;
2589 4913 2807 4982 proprie
2836 4921 3039 4972 autem,
3065 4926 3252 4963 eorum
3278 4913 3370 4980 qui

1811 5007 2168 5080 crediderunt
2195 5005 2319 5059 lidei
2348 5004 2652 5058 doctrinam
2683 5011 2848 5070 atque
2892 5000 3226 5069 profectum;
3257 5007 3369 5051 tum

1812 5098 2022 5152 scilicet
2047 5112 2260 5160 eorum,
2291 5096 2384 5165 qui
2414 5096 2686 5150 actionem
2718 5093 2923 5155 colunt,
2969 5089 3176 5143 ﬁrmam
3199 5088 3371 5141 virtu-

1812 5184 1880 5236 tis
1905 5184 2346 5251 dispositionem;
2379 5201 2510 5253 qua,
2529 5184 2765 5237 divinam
2793 5182 3167 5235 mandatorum
3199 5179 3368 5246 legem

1794 5278 2098 5334 sectantes,
2121 5272 2268 5324 virili
2295 5273 2636 5341 infractaque
2654 5270 2956 5324 constantia
2971 5266 3230 5320 adversus
3253 5266 3370 5319 dia-

1811 5359 1920 5412 boli
1958 5360 2182 5414 insidias
2213 5362 2540 5425 consistunt,
2572 5374 2871 5429 eorumque
2896 5357 3160 5412 occultam
3183 5356 3291 5408 vim
3311 5371 3374 5410 ac

1816 5451 2335 5505 molitionescavent
2349 5459 2513 5520 atque
2533 5451 2776 5521 fugiunt;
2798 5458 2910 5502 tum
2928 5461 3056 5503 veto
3074 5445 3166 5513 qui
3191 5443 3373 5495 scien-
3434 5490 3438 5496 .

1820 5543 1950 5596 tiam
1987 5541 2176 5596 colunt
2214 5537 2560 5609 studentquc'
2601 5537 2884 5609 sapientiae
2907 5579 2922 5605 ,
2963 5529 3375 5602 contemplatio-

1373 5670 1601 5751 νΑιιιηις
1640 5693 2033 5752 LECTlONES.

239 5812 286 5844 “
318 5812 577 5884 μεταλήψ.
611 5826 659 5866 c.
693 5809 757 5864 A.
787 5819 843 5864 et
868 5810 956 5865 Fr.
