3958 6338
627 503 729 564 707

1808 496 1867 553 S.
1910 495 2194 555 MAXIMI
2234 497 2737 561 CONFESSORIS

3737 508 3831 568 703

626 611 713 663 nis
740 606 1023 670 habitum;
1050 606 1208 674 cujus
1247 619 1498 667 munere,
1532 618 1713 657 rerum
1760 603 1814 655 in
1843 618 2064 657 sensum
2096 618 2189 657 ca-

2303 608 2441 669 νοίας
2482 609 2884 676 πνευματικοῢς
2920 612 3070 664 κατὰ
3108 612 3337 678 δύναμιν
3375 614 3739 680 ouillum»;
3763 616 3830 664 λόο

626 697 878 750 dentium
910 694 1281 763 spiritalisque
1315 692 1372 745 in
1415 693 1496 745 eis
1540 690 1901 760 providentia:
1947 692 2189 744 rationes

627 787 968 855 colligentes,
1000 786 1207 854 absque
1240 798 1431 838 errore
1467 782 1535 836 ad
1563 782 1853 836 veritatem
1878 790 2155 835 currunt;

696 876 902 929 Divina:
919 883 1100 928 autem
1128 874 1469 928 canticorum
1496 872 1923 933 modulationes,
1946 872 2190 924 divinam

623 966 1020 1036 jucunditatem
1052 980 1115 1018 ac
1150 964 1491 1032 voluptatem
1526 963 1768 1015 omnium
1800 960 1998 1014 animis
2035 960 2192 1013 inna-

624 1067 898 1120 scentem;
919 1071 1024 1123 qua
1042 1055 1266 1124 mystice
1290 1053 1550 1115 roborati,
1571 1051 1915 1120 superiorum
1944 1048 2193 1102 omnium

627 1145 784 1215 521
818 1145 1039 1201 virtutis
1067 1144 1219 1197 cultu
1246 1143 1495 1196 laborum
1514 1140 1849 1193 oblivionem
1886 1146 2190 1200 sumentes,

627 1237 696 1288 ad
728 1250 918 1288 eorum
946 1250 1065 1302 qua:
1096 1235 1305 1303 reliqua
1336 1242 1484 1294 sunt,
1513 1231 1827 1285 divinorum
1861 1226 2193 1295 incorrupti-

627 1324 931 1393 biliumque
968 1326 1233 1377 bonorum
1284 1325 1582 1377 vehemens
1638 1328 2075 1386 contentumque
2104 1331 2196 1369 ve-

620 1415 737 1485 .geti
772 1430 835 1469 ae
855 1417 1063 1468 alacres
1092 1414 1470 1468 accenduntur
1503 1411 1862 1465 desiderium.

699 1506 957 1559 Sanctum
998 1516 1179 1557 autent
1210 1503 1583 1571 Evangelium.
1616 1499 1943 1569 generaliter
1974 1496 2197 1566 quidem

629 1596 791 1665 hujus
818 1596 1018 1659 ,szeculi
1066 1594 1551 1649 consummationis
1580 1601 1662 1645 est
1693 1591 2029 1661 symbolum;
2069 1604 2197 1657 pro-

626 1686 745 1754 prie
772 1701 923 1747 vero,
953 1700 1144 1737 eorum
1168 1685 1260 1753 qui
1285 1682 1656 1745 crediderunt,
1683 1680 1919 1750 perfecte
1941 1678 2198 1746 omnique

620 1794 692 1831 ex
720 1785 871 1845 parte
898 1776 1107 1844 antiqui
1133 1774 1336 1828 erroris
1365 1772 1716 1827 abolitionem
1748 1771 2024 1839 designat;
2059 1778 2199 1821 tum-

623 1882 730 1935 que
778 1882 969 1920 eorum
1011 1866 1105 1934 qui
1148 1865 1419 1919 actionem
1457 1864 1665 1924 colunt,
1700 1859 2194 1922 mortiﬁcationem,

543 1963 551 1969 ’
624 1955 867 2024 legisque
899 1972 962 2009 ac
991 1971 1183 2009 sensus
1215 1955 1419 2018 carnis,
1452 1970 1546 2007 seu
1588 1954 1705 2022 ejus
1731 1951 2037 2020 prudentia:
2062 1965 2197 2002 con-

624 2047 1074 2111 summationem;
1109 2055 1221 2099 tum
1261 2061 1452 2099 eorum
1486 2045 1580 2112 qui
1618 2041 1941 2111 sapientiam
1970 2055 2033 2093 ac
2067 2046 2223 2093 con-‘

627 2137 1058 2205 templationem,
1089 2137 1330 2205 plurium
1362 2151 1425 2188 ac
1466 2135 1808 2187 diversarum
1836 2130 2109 2183 rationum
2145 2130 2201 2182 in

625 2226 1017 2292 amplissl'mam
1052 2239 1212 2277 unam
1260 2222 1589 2289 maximique
1622 2220 1874 2273 ambitus.
1906 2218 2198 2281 rationem,

628 2315 1017 2368 coercitionem
1069 2328 1132 2366 ac
1180 2302 1534 2375 relationem;
1587 2325 1781 2377 nempe
1826 2317 2201 2362 consummata

2292 716 2440 764 γους.
2478 701 2731 763 ἀπλανῶς
2764 703 2901 770 πρὸς
2929 702 3026 771 τὴν
3053 698 3307 769 ἀλήθειαν
3336 699 3609 768 φέρονται.

2364 872 2447 924 Τά
2492 872 2549 924 δὲ
2605 873 2724 925 θεῖα
2777 872 2885 925 τῶν
2923 874 3183 942 ᾀσμάτων
3211 872 3679 941 μελίσματα,“τὴν
3700 870 3826 939 Ent-

2297 959 2532 1029 νομένην
2581 964 2702 1022 ταῖς
2745 961 3062 1013 ἁπάντων¹²⁶
3112 959 3311 1028 ψυχαῖς
3358 959 3511 1011 θείαν
3542 958 3721 1029 ἡδονὴν
3753 960 3828 1010 καὶ

2296 1052 2658 1119 τερπνὸτητα’
2696 1051 2817 1102 καθ’
2840 1051 2906 1119 ἣν
2937 1050 3214 1118 μυστικῶς
3246 1049 3607 1119 ρωννύμεναι,
3626 1047 3725 1099 τῶν
3750 1046 3828 1114 μὲν

2256 1138 2684 1208 ’παρελθόντων
2736 1141 2834 1207 τῆς
2893 1140 3091 1210 ἀρετῆς
3141 1139 3588 1193 ἐπιλανθάνονται
3638 1139 3825 1189 πόνων·

2298 1232 2434 1301 πρὸς
2480 1231 2537 1282 δὲ
2587 1231 2684 1301 τὴν
2732 1230 2840 1283 τῶν
2879 1231 3214 1300 λειπομένων
3248 1232 3407 1285 θείων
3453 1233 3547 1285 καὶ
3575 1234 3828 1301 ἀκηράτων

2297 1321 2539 1389 ἀγαθῶν,
2578 1323 2828 1385 νεάζουσι
2859 1321 3070 1375 εὔτονον
3102 1322 3305 1389 ἔφεσιν.

2368 1497 2443 1548 Τὸ
2496 1497 2553 1549 δὲ
2610 1497 2761 1563 ἅγιον
2816 1499 3165 1565 Εὐαγγέλιον,
3206 1499 3438 1565 γενικῶς
3466 1501 3563 1567 μὲν
3599 1499 3832 1567 σύμϐολόν

2300 1585 2412 1635 ἐστι
2458 1584 2555 1652 τῆς
2608 1585 2914 1646 συντελείας
2962 1585 3053 1637 τοῦ
3082 1576 3276 1644 αἰῶνος
3307 1586 3498 1638 τούτου
3529 1603 3541 1615 ·
3578 1587 3744 1649 ίδικῶς
3763 1587 3831 1655 δὲ,

2298 1674 2406 1727 τῶν
2460 1675 2558 1743 μὲν
2617 1676 3026 1728 πιστευσάντων
3073 1677 3223 1745 δηλοῖ
3250 1678 3340 1729 τὸν
3368 1679 3607 1747 παντελῆ
3634 1680 3723 1749 τῆς
3755 1680 3836 1748 ἀρ-

2261 1772 2264 1776 ’
2298 1763 2459 1832 χαίας
2496 1764 2701 1833 πλάνης
2729 1765 3030 1834 ἀσανισμόν
3063 1782 3076 1798 ·
3112 1767 3220 1819 τῶν
3259 1767 3315 1819 δὲ
3375 1768 3705 1837 πρακτικῶν,
3753 1768 3835 1836 τὴν

2300 1855 2564 1922 νέκρωσιν
2615 1856 2708 1907 καὶ
2760 1850 3069 1911 συντέλειαν
3098 1860 3193 1911 τοῦ
3242 1858 3382 1912 κατά
3407 1844 3591 1930 σάρκαί
3612 1860 3759 1929 νόμου
3787 1875 3836 1910 τι

2298 1946 2391 1997 καὶ
2425 1948 2769 2015 φρονήματος
2803 1964 2818 1979 ο
2851 1949 2959 2001 τῶν
2980 1949 3038 2001 δὲ
3067 1949 3405 2018 γνωστικῶν,
3434 1951 3533 2019 τὴν
3590 1951 3715 2019 πρὸς
3761 1949 3837 2000 τὴν

2301 2036 2764 2087 συνεκτικώτατον
2816 2038 2971 2104 λόγον
3025 2039 3133 2091 τῶν
3192 2038 3403 2091 πολλῶν
3455 2039 3549 2091 καὶ
3597 2038 3838 2106 διαφόρων

2299 2123 2471 2191 λόγων
2526 2126 2849 2194 συναγωγήν
2878 2144 2939 2178 τε
2967 2128 3060 2181 καὶ
3086 2128 3385 2196 ἀναφορὰν,
3429 2126 3838 2193 συντελεσθείσης

2301 2220 2480 2281 αὐτοῖς
2536 2219 2630 2271 καὶ
2682 2219 3092 2292 περατωθείσης
3146 2220 3245 2290 ’τῆς
3294 2218 3721 2288 διεξοδικωτέρας
3761 2217 3839 2269 καὶ

2302 2310 2691 2381 ποικιλωτέρας
2722 2314 2955 2382 φυσικῆς
2978 2312 3230 2382 θεωρίας.

628 2406 737 2460 iilis
768 2417 1030 2475 naetaque
1067 2407 1382 2469 terminum,
1408 2419 1529 2472 qua:
1574 2402 1745 2456 fusior
1771 2401 2101 2469 expatiatur,
2132 2416 2197 2455 ac
2231 2406 2401 2473 magis
2467 2408 2615 2459 varia
2675 2417 2779 2471 est,
2818 2408 3051 2462 naturali
3081 2397 3550 2476 contemplatione
3569 2420 3631 2462 ac
3669 2419 3839 2474 Specu-

627 2501 850 2555 latione.

694 2592 973 2646 Pontiﬁcis
1019 2600 1199 2645 autem
1231 2606 1261 2643 e
1294 2589 1424 2643 sedc
1470 2589 1802 2651 descensus,
1844 2602 1907 2641 ac
1946 2587 2204 2641 catechu-

628 2696 913 2733 menorum
939 2681 1153 2749 ejectio,
1185 2680 1514 2748 generaliter
1541 2678 1761 2746 quidem
1795 2677 2085 2746 signiﬁcat,
2115 2692 2204 2730 se-

628 2770 869 2823 cundum
900 2770 1076 2838 magni
1113 2770 1205 2821 Dei
1239 2784 1300 2822 ac
1325 2769 1621 2821 Salvatoris
1647 2768 1819 2823 nostri
1846 2766 1970 2821 Jesu
1995 2767 2203 2821 Christi

627 2874 656 2910 e
683 2859 837 2911 cmlis
862 2858 1178 2919 adventum,
1211 2873 1273 2910 ac
1298 2856 1649 2925 peccatorum
1678 2873 1707 2909 a
1733 2857 1935 2910 sanctis
1961 2870 2205 2925 segrega-

631 2949 857 3011 tionem,
907 2950 1217 3017 justamque
1266 2963 1365 3015 pro
1408 2948 1673 3017 cujusque
1721 2946 1932 2999 meritis
1964 2947 2205 3000 retribu-

632 3037 865 3099 tionem;
900 3036 1113 3104 proprie
1150 3044 1353 3097 autem,
1389 3035 1686 3102 perfectam
1734 3050 1927 3087 eorum
1958 3035 2051 3102 qui
2082 3050 2204 3088 cre-

630 3126 887 3179 diderunt
910 3126 964 3178 in
1002 3126 1103 3178 ﬁde
1132 3110 1539 3186 certitudinem,
1569 3139 1733 3192 quam
1778 3124 1908 3176 facit
1956 3124 2098 3177 Deus
2142 3139 2207 3178 ac

631 3218 868 3271 Verbum
916 3216 1177 3269 invisibili
1226 3214 1433 3267 ratione
1481 3214 1807 3278 adveniens;
1860 3229 1957 3282 per
2000 3228 2198 3281 quam,
2231 3198 2272 3254 C

629 3309 806 3360 omnis
843 3307 950 3360 ullo
995 3306 1157 3358 modo
1206 3303 1519 3358 claudicans
1555 3303 1610 3356 in
1658 3304 1762 3356 ﬁde
1817 3305 2011 3373 (instar
2050 3312 2201 3357 cate-

628 3397 906 3464 cbumeni)
935 3396 1191 3465 cogitatio
1235 3408 1397 3464 atque
1445 3396 1583 3449 ratio
1626 3394 1695 3448 ab
1726 3394 1807 3448 eis
1853 3394 2145 3461 expellitur
2184 3410 2201 3447 :

629 3504 819 3541 eorum
859 3498 1038 3542 autem
1088 3489 1180 3556 qui
1216 3486 1402 3540 colunt
1435 3487 1728 3549 actionem,
1761 3484 2056 3552 perfeclam
2100 3484 2204 3536 im-

633 3579 937 3645 perturbati
971 3578 1137 3630 animi
1185 3576 1655 3643 tranquillitatem,
1686 3589 1783 3642 per
1812 3589 1972 3640 quam
2020 3572 2205 3625 libidiv

634 3684 767 3721 nosa
814 3669 1015 3731 omnis,
1071 3682 1171 3720 nec
1229 3665 1630 3719 illuminatione
1669 3665 1865 3719 donata
1924 3664 2202 3733 cogitatio,

634 3760 702 3813 ab
743 3759 921 3812 anima
963 3758 1215 3822 decedit;
1249 3766 1441 3812 eorum
1482 3772 1612 3810 vero
1642 3757 1735 3825 qui
1782 3756 2108 3824 sapientiam
2143 3770 2208 3808 ac

634 3850 1169 3918 contemplationem,
1201 3848 1451 3902 altiorem
1500 3847 1717 3917 cognita
1749 3846 2032 3914 complexu
2078 3859 2206 3897 con-

638 3940 901 3990 tinentem
938 3937 1243 3997 scientiam,
1280 3937 1436 4003 cujus
1462 3950 1688 3988 munere
1718 3950 1781 3990 ac
1809 3936 1927 3986 luce
1964 3942 2209 3985 terreno-

636 4039 757 4076 rum
791 4025 1082 4077 simulacra
1106 4025 1289 4077 omnia
1313 4025 1380 4077 ab
1411 4026 1589 4076 anima
1616 4023 1921 4092 diffugiant.

705 4113 860 4177 Quod
921 4121 1103 4166 autem
1166 4102 1494 4166 clauduntur
1559 4112 1724 4175 fores,
1788 4103 2209 4180 sanctorumque

634 4204 1019 4273 mysteriorum
1058 4204 1353 4273 ingressus,
1390 4217 1602 4256 necnon
1658 4202 1903 4254 divinum
1936 4201 2204 4267 osculum,

632 4306 696 4347 ac
740 4293 982 4363 Symboli
1030 4294 1156 4348 fidei
1205 4293 1562 4358 exclamatio,
1616 4292 1942 4361 generaliter
1984 4291 2206 4360 quidem

632 4383 957 4453 signiﬁcant,
984 4384 1260 4452 praeterire
1295 4399 1416 4453 qua:
1445 4385 1499 4437 in
1532 4369 1757 4437 sensum?
1780 4381 2001 4446 cadunt,
2033 4398 2207 4449 eaque

633 4474 1027 4529 manifestanda
1051 4491 1169 4544 qua:
1195 4483 1377 4528 mente
1412 4474 1826 4542 intelliguntur;
1855 4487 2051 4525 novam
2074 4473 2203 4525 item

633 4564 805 4617 divini
853 4580 980 4633 erga
1028 4580 1129 4617 nos
1173 4564 1414 4633 mystcrii
1461 4563 1800 4627 doctrinam;
1850 4562 2205 4630 omniumque

633 4667 757 4705 cum
784 4654 1059 4717 omnibus,
1089 4653 1285 4722 scipsis
1317 4653 1521 4721 pariter
1545 4667 1608 4706 ac
1636 4654 1769 4717 Deo,
1806 4637 2043 4707 futuram
2076 4669 2208 4707 eon-

636 4743 835 4797 cordize
862 4759 926 4796 ae
968 4744 1345 4799 consensionis
1390 4760 1455 4798 ac
1499 4744 1811 4799 dilectionis
1849 4745 1957 4797 vim
2008 4759 2203 4809 unam;

634 4833 859 4901 ejusque
889 4834 1077 4887 salutis
1109 4849 1255 4903 ergo,
1290 4850 1453 4903 quam
1497 4834 1563 4887 iis
1599 4833 1775 4887 modis
1803 4836 2083 4887 consecuti
2117 4850 2209 4888 su-

636 4937 778 4983 mus,
809 4924 1108 4990 gratiarum
1141 4924 1433 4975 actionem.
1470 4922 1696 4990 Proprie
1727 4933 1931 4986 autem,
1967 4924 2207 4977 ﬁdelium

634 5012 855 5079 quidem
904 5029 933 5065 a
987 5014 1220 5082 simplici
1273 5013 1377 5065 ﬁde
1423 5004 1490 5066 ad
1536 5013 1851 5082 dogmatum
1902 5014 2207 5087 doctrinam

635 5110 691 5154 et
722 5102 1098 5154 initiationem
1141 5117 1575 5172 consensumque
1606 5102 1765 5172 522
1806 5118 1870 5157 ac
1911 5103 2209 5173 gratiarum

636 5190 927 5254 actionem,
962 5191 1265 5260 profectum
1299 5193 1445 5263 (nam
1477 5196 1711 5264 primum
1760 5195 2032 5265 signiﬁcat
2062 5194 2208 5263 quod

635 5276 964 5330 clauduntur
999 5278 1172 5345 fores;
1201 5281 1457 5345 alterum,
1483 5293 1794 5337 sanctorum
1822 5282 2206 5352 mysteriorum

636 5368 925 5433 introitus;
957 5370 1198 5435 tertium,
1227 5373 1473 5426 osculum
1514 5374 1630 5427 sive
1658 5374 1940 5442 amplexus
1971 5382 2027 5427 et
2056 5374 2231 5426 salu».

637 5459 802 5522 tatio;
830 5467 1106 5526 quartum,
1138 5462 1365 5531 symboli
1391 5463 1730 5533 exclamatio)
1761 5481 1773 5515 :
1799 5479 1988 5518 eorum
2021 5471 2202 5516 autem

636 5544 730 5611 qui
752 5546 936 5599 colunt
958 5548 1247 5630 actionem,
1274 5550 1341 5604 ab
1362 5551 1573 5604 actione
1595 5552 1659 5604 ad
1685 5554 2202 5621 contemplationem

2339 2584 2349 2589 ”
2388 2586 2451 2638 Ἠ
2479 2586 2535 2639 δὲ
2562 2588 2653 2639 τοῦ
2684 2588 2985 2658 ἀρχιερέως
3014 2590 3119 2642 ἀπὸ
3174 2589 3266 2641 τοῦ
3315 2588 3505 2659 θρόνου
3544 2590 3834 2652 κατάϐασις,

2306 2678 2400 2729 καὶ
2446 2680 2478 2744 ή
2510 2679 2635 2731 ,τῶν
2663 2679 3087 2749 κατηχουμένων
3129 2679 3345 2749 ἐκϐολὴ,
3374 2681 3605 2747 γενικῶς
3635 2682 3725 2749 μὲν
3756 2697 3837 2747 ση-

2308 2767 2488 2835 μαίνει
2522 2768 2618 2837 τὴν
2647 2769 2739 2820 ἀπ’
2770 2768 3000 2839 οὐρανοῦ
3035 2769 3291 2839 δευτέραν
3328 2770 3422 2822 τοῦ
3456 2771 3685 2841 μεγάλου
3724 2768 3837 2822 Θεοῦ

2304 2860 2398 2911 καὶ
2427 2859 2674 2928 Σωτῆρος
2700 2860 2858 2928 ἡμῶν
2917 2861 3090 2928 Ἰησοῦ
3108 2860 3363 2930 *Χριστοῦ
3411 2862 3723 2930 παρουσίαν,
3764 2860 3841 2911 καὶ

2303 2948 2393 2999 τὸν
2437 2947 2542 2999 ἀπὸ
2571 2948 2677 2999 τῶν
2708 2949 2878 3015 ἁγίων
2905 2948 3207 3018 ἀφορισμδν
3231 2949 3338 3001 τῶν
3369 2948 3703 3019 ἁμαρτωλῶν
3726 2964 3738 2977 ’
3763 2949 3841 2999 καὶ

2304 3037 2402 3103 τὴν
2433 3035 2649 3088 δικαίαν
2681 3038 2818 3105 πρὸς
2864 3038 2961 3106 τὴν
2994 3038 3223 3090 ἑκάστου
3258 3037 3412 3100 ἀξίαν
3441 3038 3671 3107 ἀμοιϐήν
3702 3054 3714 3065 ·
3738 3036 3741 3037 ⁷
3764 3037 3841 3088 ίδι-

2307 3122 2413 3183 κῶς
2439 3121 2515 3182 δὲ,
2542 3121 2638 3191 τὴν
2670 3124 2883 3175 τελείαν
2917 3126 2974 3175 ὲν
3020 3124 3199 3175 πίστει
3230 3123 3339 3175 τῶν
3377 3126 3769 3178 πιστευσάντων
3802 3122 3839 3154 ⁸⁷

2305 3210 2697 3281 πληροφορίαν,
2759 3214 2824 3283 ἢν
2883 3217 3037 3265 ποιεῖ
3072 3215 3503 3285 παραγινόμενος
3550 3216 3779 3285 ἀοράτως
3817 3215 3841 3265 ὁ

2304 3302 2435 3364 Θεὸς
2480 3303 2573 3356 καὶ
2610 3303 2781 3370 Λόγος
2812 3319 2827 3333 ο
2862 3303 2929 3356 δι’
2962 3298 3028 3375 ἧς
3060 3307 3165 3367 πᾶς
3198 3304 3278 3358 ἔτι
3301 3304 3423 3358 καθ’
3450 3305 3629 3358 ὁτιοῦν
3656 3305 3843 3369 σκάζων

2306 3393 2447 3446 κατά
2473 3393 2569 3461 τὴν
2592 3394 2775 3447 πίστιν
2807 3394 3063 3465 λογισμὸς
3093 3398 3503 3467 κατηχουμένου
3529 3378 3741 3467 τρόπον,
3764 3396 3844 3448 αὖ·

2305 3484 2415 3536 τῶν
2452 3485 2815 3539 ἀπελαύνεται
2848 3502 2863 3517 °
2895 3487 3003 3539 τῶν
3026 3487 3082 3539 δὲ
3127 3489 3466 3559 πρακτικῶν,
3518 3489 3617 3558 τὴν
3659 3487 3843 3541 τελείαν

2307 3573 2594 3633 ἀπάθειαν,
2628 3575 2695 3625 δι’
2730 3570 2796 3643 ἧς
2823 3576 2930 3636 πᾶς
2967 3576 3216 3644 ἐμπαθὴς
3261 3559 3356 3630 καὶ
3386 3576 3686 3649 ἀφώτιστος
3730 3576 3845 3640 λογι-

2309 3664 2443 3732 σμὸς
2467 3664 2565 3730 τῆς
2604 3664 2782 3733 ψυχῆς
2815 3665 3129 3733 ἀπογίνεται
3158 3682 3171 3696 ·
3197 3667 3303 3719 τῶν
3328 3668 3384 3719 δὲ
3411 3668 3743 3735 γνωστικῶν,
3762 3668 3845 3734 τὴν

2310 3757 2629 3823 συνεκτικὴν
2685 3757 2994 3825 ἐπιστήμην
3040 3755 3149 3807 τῶν
3187 3756 3614 3826 ἐπεγνωσμένων
3664 3757 3709 3789 ⁸⁸
3736 3772 3750 3789 ο
3790 3756 3844 3807 δι’

2304 3838 2372 3915 ἧς
2423 3847 2592 3898 πᾶσαι
2636 3845 2743 3897 τῶν
2795 3838 2991 3899 ὑλικῶν
3020 3849 3076 3900 αἱ
3123 3846 3328 3911 εἰκόνες
3351 3849 3447 3919 τῆς
3472 3850 3648 3921 ψυχῆς
3682 3846 3846 3902 ἐκδιώ-

2305 3954 2509 3989 κον-ται.

2390 4109 2454 4159 Ἠ
2485 4109 2541 4160 δὲ
2576 4109 2779 4172 κλεῖσις
2806 4110 2912 4175 τῶν
2951 4110 3153 4182 θυρῶν,
3190 4113 3286 4166 καὶ
3333 4116 3365 4184 ἠ
3404 4115 3512 4168 τῶν
3551 4117 3716 4185 ἁγίων
3757 4133 3843 4185 μυ-

2309 4198 2545 4268 στηρίων
2566 4199 2787 4266 εἴσοδος,
2817 4202 2911 4253 καὶ
2940 4203 2967 4254 ό
2996 4200 3141 4265 θεῖος
3185 4204 3493 4273 ἀσπασμὸς,
3548 4209 3642 4258 καὶ
3687 4209 3719 4276 η
3767 4202 3844 4258 τοῦ

2310 4292 2580 4361 συμόόλου
2600 4356 2601 4359 η
2622 4294 2722 4363 τῆς
2769 4295 3002 4371 πίστεως
3031 4295 3357 4363 ὲκφὼνησις,
3391 4298 3625 4364 γενικῶς
3654 4300 3745 4367 μὲν
3770 4298 3846 4366 δη-

2307 4383 2391 4435 λοῖ
2430 4384 2524 4453 τὴν
2554 4384 2659 4435 τῶν
2688 4383 2961 4453 αἰσθητῶν
2986 4385 3237 4453 πάροδον,
3281 4386 3372 4438 καὶ
3401 4388 3502 4457 τὴν
3528 4390 3634 4442 τῶν
3668 4390 3845 4459 νοητῶν

2311 4473 2632 4539 φανέρωσιν,
2672 4472 2767 4522 καὶ
2817 4473 2916 4541 τὴν
2969 4473 3157 4540 καινὴν
3208 4475 3301 4526 τοῦ
3357 4478 3484 4546 περὶ
3533 4479 3678 4549 ἡμᾶς
3722 4479 3844 4533 θείου

2313 4561 2613 4630 μυστηρίου
2645 4548 2889 4629 διδαχὴν,
2943 4562 3037 4614 καὶ
3083 4562 3178 4633 τὴν
3230 4566 3365 4631 πρὸς
3404 4566 3612 4633 πάντας
3652 4572 3845 4624 πάντων

2306 4651 2529 4713 ἑαυτούς
2579 4668 2637 4704 τε
2682 4654 2776 4705 καὶ
2805 4653 2896 4705 τὸν
2929 4654 3061 4706 Θεὸν
3096 4648 3466 4727 γενησομένην
3495 4660 3739 4729 ὁμονοίας
3768 4661 3844 4712 καὶ

2303 4744 2758 4814 ὁμογνωμοσύνης
2799 4748 2891 4799 καὶ
2932 4748 3151 4818 ἀγάπης
3179 4750 3501 4818 ταυτότητα,
3533 4751 3750 4819 καὶῠτην
3772 4748 3840 4817 ἐφ’

2304 4827 2383 4895 οἷς
2413 4833 2698 4904 ἐσώθημεν
2724 4835 2946 4906 τρόποις
2978 4837 3328 4907 εὐχαριστίαν
3354 4856 3368 4869 ο
3401 4841 3585 4904 ίδικῶς
3630 4842 3704 4904 δὲ,
3753 4841 3843 4892 τῶν

2310 4923 2408 4991 μὲν
2442 4924 2650 4975 πιστῶν
2677 4924 2777 4991 τὴν
2811 4925 2919 4977 ἀπὸ
2944 4929 3040 4996 τῆς
3073 4929 3249 4999 ἁπλῆς
3291 4930 3527 4992 πίστεως
3561 4932 3642 4993 είς
3676 4931 3765 5001 τὴν
3798 4933 3842 4983 ὲν

2307 5011 2539 5080 δόγμασι
2583 5012 2802 5082 διδαχὴν
2849 5015 2945 5067 καὶ
3000 5017 3223 5087 μύησιν,
3272 5022 3366 5072 καὶ
3407 5018 3729 5089 ’ὁμοφωνίαν
3767 5021 3842 5073 καὶ

2308 5100 2609 5162 εὐσέὸειαν,
2646 5105 2927 5174 προκοπήν
2955 5119 2971 5137 ·
2992 5108 3053 5158 τὸ
3080 5108 3189 5176 γάρ
3214 5109 3450 5179 πρῶτον,
3483 5113 3515 5181 ἡ
3544 5112 3654 5164 τῶν
3689 5110 3842 5180 θυρῶν

2308 5190 2455 5258 δηλοῖ
2492 5191 2713 5254 κλεῑσις.
2744 5193 2818 5245 Τὸ
2845 5194 3093 5266 δεύτερον
3115 5198 3189 5260 δὲ,
3223 5199 3256 5267 ἠ
3289 5198 3396 5255 τῶν
3439 5200 3612 5269 ἁγίων
3638 5201 3839 5261 εῐσοδος¹

2306 5281 2369 5332 τὸ
2400 5281 2455 5333 δὲ
2480 5284 2735 5351 τρίτον,’ό
2756 5285 3042 5353 ἀσπασμός
3073 5289 3209 5339 ’καὶ
3240 5287 3300 5340 τὺ
3326 5289 3605 5363 τέταρτον,
3638 5289 3843 5360 sexse-

2310 5387 2463 5438 νησις
2490 5371 2582 5424 τοῦ
2614 5372 2834 5426 σοεόλου
2861 5390 2875 5404 ·
2902 5374 3009 5427 τῶν
3032 5376 3089 5427 δὲ
3113 5380 3448 5453 πρακτικῶν,
3478 5382 3577 5452 τὴν
3600 5381 3703 5436 ἀπὸ
3726 5376 3838 5446 πρά·

2312 5463 2446 5526 ξεως
2483 5465 2562 5527 είς
2606 5463 2840 5535 θεωρίαν
2884 5465 3169 5535 μυσάντων
3200 5467 3298 5530 τάς
3332 5470 3615 5539 αἰσθήσεις
3643 5469 3731 5523 καὶ
3757 5467 3841 5529 ἔξω

2313 5547 2512 5621 σαρκὸς
2537 5554 2631 5606 καὶ
2663 5555 2866 5623 κόσμου
2887 5556 3195 5625 γενομένων
3214 5558 3301 5630 διά
3337 5559 3433 5629 τῆς
3458 5558 3727 5629 ἀποϐολῆς
3753 5554 3841 5610 τιῖιν

1903 5710 2131 5763 VARI/IS
2171 5707 2461 5761 LECTION
2474 5708 2573 5764 ES.

714 5814 758 5846 ‘°
786 5813 872 5867 I"r.
916 5816 1147 5870 πάντων.
1223 5820 1264 5851 ⁸⁷
1302 5821 1666 5872 πιστευόντων
1696 5820 1756 5874 C.
1805 5822 1866 5874 A.
1902 5831 1955 5877 ct
1988 5822 2072 5873 Fr.

2172 5820 2215 5851 "
2250 5821 2601 5889 ἐγνωσμένων
2631 5822 2688 5874 (Σ.
2724 5822 2785 5874 Α.
2825 5834 2877 5877 ct
2902 5824 2987 5877 Fr.
