3958 6338
188 497 275 567 7ης

1525 488 2023 567 MYSTAGOGIA.

3291 482 3398 544 710

190 604 471 666 κατάὐτᾶς
492 601 798 672 ἐνεργειῶν,
843 600 1152 670 μετάθεσιν,
1211 600 1303 651 καὶ
1346 599 1442 668 τὴν
1490 598 1597 650 ἀπὸ
1635 596 1729 648 τοῦ

1863 595 1951 648 ubi
1981 610 2171 648 sensus
2218 594 2572 657 occluserint,
2607 608 2816 647 necnon
2871 608 3054 659 carne,
3089 596 3399 663 mundoque

184 699 361 765 τρόπον
388 694 499 745 τῶν
529 691 761 744 ἐντολῶν
799 691 877 752 είς
911 690 1001 742 τὶν
1028 689 1185 755 λόγον
1215 686 1391 739 αὐτῶν
1425 687 1685 739 ἀνάϐασιν
1720 701 1734 714 ·

187 788 266 838 καὶ
308 786 400 851 τὴν
445 778 625 834 αὐτῶν
666 780 776 831 τῶν
802 777 1031 831 ἐντολῶν
1054 776 1195 829 κατὰ
1218 774 1346 836 τοὺς
1379 773 1611 834 οἰκείους
1646 773 1737 825 λόο

187 890 299 941 γους
351 867 585 937 συγγενῆ
638 866 773 935 πρὸς
802 865 899 927 τὰς
927 865 1182 933 δυνάμεις
1208 865 1304 930 τῆς
1336 862 1513 931 ψυχῆς
1543 862 1740 913 οἰκειό-

186 962 304 1030 τητά
327 974 380 1009 τε
417 957 516 1008 καὶ
547 955 763 1014 ἕνωσιν,
796 955 889 1006 καὶ
930 954 1031 1021 τὴν
1068 952 1203 1022 πρὸς
1236 950 1547 1020 θεολογικὴν
1576 950 1739 1017 εὐχα-

189 1051 374 1121 ριστίαν
403 1047 711 1117 ἐπιτήδειον
731 1045 846 1108 ἕξιν
880 1062 892 1074 ο
916 1044 1025 1096 τῶν
1045 1042 1100 1094 δὲ
1136 1042 1469 1110 γνωστικῶν,
1506 1040 1602 1110 τὴν
1628 1040 1736 1092 ἀπὸ

187 1140 269 1210 τῆς
292 1139 526 1208 φυσικῆς
553 1136 786 1206 θεωρίας
834 1137 914 1196 εἰς
944 1136 1043 1203 τὴν
1070 1134 1175 1185 τῶν
1204 1132 1407 1200 νοητῶν
1433 1131 1608 1199 ἁπλῆν
1634 1147 1735 1181 κα-

188 1231 414 1299 τανόησιν
450 1244 466 1258 ο
502 1226 624 1279 καθ’
655 1227 721 1295 ἢν
752 1224 1000 1292 οὐδαμῶς
1030 1223 1095 1274 δι’
1144 1222 1445 1294 αθίσθήσεως
1500 1221 1533 1287 ἦ
1594 1236 1733 1281 τινος

189 1319 277 1371 τῶν
306 1316 649 1386 φαινομένων
674 1315 753 1366 ἔτι
778 1314 869 1366 τὸν
900 1314 1040 1365 θεῖον
1072 1313 1165 1365 καὶ
1200 1313 1438 1381 ἄρῤητον
1481 1308 1740 1377 μεταδιώ-

192 1427 322 1462 uouet
375 1408 538 1477 λόγον
568 1423 581 1436 ’
635 1407 727 1458 καὶ
778 1405 876 1475 τὴν
933 1404 1068 1474 πρὸς
1109 1404 1206 1473 τὴν
1234 1402 1410 1471 ψυχὴν
1433 1401 1541 1453 τῶν
1570 1402 1740 1469 αὐτῆς

192 1499 445 1567 δυνάμεων
490 1498 706 1558 ἕνωσιν,
763 1497 858 1548 καὶ
907 1494 1006 1563 τὴν
1034 1493 1172 1545 κατὰ
1195 1492 1318 1544 νοῦν
1346 1491 1588 1551 ένοειδῶς
1620 1489 1743 1541 συλς

195 1584 553 1659 λαμϐάνουσαν
586 1588 677 1639 τὸν
706 1587 802 1655 τῆς
844 1583 1100 1654 προνοίας
1126 1582 1281 1651 λόγον
1313 1580 1611 1649 ἁπλότητα.

1835 701 2027 739 eorum
2070 684 2296 754 abjectis
2327 686 2739 753 operationibus
2775 685 3131 750 excesserint)
3168 698 3400 740 transiu-

1836 776 2075 839 tionem;
2108 790 2503 843 ascensumque
2533 790 2564 827 a
2590 758 2969 829 mandatorum
3001 777 3184 840 modo,
3216 779 3281 830 ad
3312 794 3404 830 co-

1837 880 1957 917 rum
1987 868 2289 930 rationem;
2314 881 2527 918 necnon
2578 866 2817 933 ipsorum
2849 867 3229 919 mandatorum
3249 868 3402 935 juxta

1836 954 2088 1023 proprias
2134 956 2374 1009 rationes
2423 954 2635 1008 aﬁincm
2681 971 2805 1009 cum
2836 956 3031 1009 animm
3063 956 3275 1009 viribus
3306 973 3403 1009 ne-

1842 1044 2230 1097 cessitudinem
2268 1059 2330 1097 ac
2374 1045 2708 1109 unitionem;
2740 1053 3034 1113 aptumque
3061 1045 3301 1097 habitum
3336 1045 3404 1098 ad

1841 1149 1983 1197 eam,
2029 1152 2149 1203 qua:
2192 1152 2257 1189 ex
2297 1136 2577 1206 theologia:
2610 1138 2819 1189 ratione
2848 1145 2952 1199 est,
2981 1138 3272 1205 gratiarum
3313 1138 3405 1190 at:-

1846 1222 2047 1276 tionem
2076 1241 2088 1275 :
2114 1239 2304 1277 eorum
2330 1241 2459 1277 vero
2496 1227 2588 1293 qui
2625 1228 2942 1294 sapientiam
2982 1244 3045 1280 ac
3074 1228 3408 1295 contempla-

1849 1312 2072 1374 tionem,
2108 1329 2139 1366 a
2174 1316 2407 1367 naturali
2455 1316 2826 1383 speculatione
2872 1316 2939 1369 ad
2986 1312 3411 1384 intelligibiliutn

1848 1401 2149 1469 simplicem
2185 1404 2383 1458 mentis
2426 1404 2951 1469 considerationem;
3000 1422 3106 1473 qua
3151 1421 3258 1458 non
3295 1421 3413 1459 am-

1849 1491 1994 1560 plius
2027 1497 2285 1545 sensuum
2334 1509 2533 1562 opera,
2588 1494 2817 1547 ulliusve
2868 1509 3057 1546 eorum
3107 1510 3242 1562 ope,
3295 1511 3415 1562 quae

1852 1591 1978 1635 sunt
2007 1582 2183 1636 oculis
2213 1584 2529 1651 conspicua,
2566 1584 2829 1637 divinam‘
2855 1600 3215 1653 arcanumque
3246 1584 3416 1637 ratio-

192 1696 298 1734 nem
343 1686 787 1748 persequuntur;
836 1674 1030 1727 animae
1075 1673 1203 1726 item
1251 1672 1569 1725 facultatum
1618 1684 1741 1722 cum
1779 1668 1895 1737 ipsa
1924 1670 2256 1736 unitionem;
2323 1688 2443 1725 eam
2508 1673 2743 1741 denique
2773 1690 2893 1741 qum
2926 1675 3107 1727 animo
3134 1673 3417 1727 uniformi-

195 1780 265 1826 ter
287 1769 641 1839 providentia:
688 1765 957 1819 rationem
987 1762 1384 1831 complectitur,
1426 1759 1850 1827 simplicitatem.

263 1858 321 1912 Ἦ
350 1858 403 1911 δὲ
429 1856 529 1910 τοῦ
556 1853 853 1924 Τρισαγίου
875 1854 1149 1913 ἄπαυστος
1171 1851 1279 1902 τῶν
1304 1849 1470 1916 ἁγίων
1501 1847 1747 1914 ἀγγέλων

1919 1849 2141 1917 Trisagii
2184 1848 2922 1919 exclamatio.——lrrcquieta
2974 1861 3155 1906 autem
3205 1865 3418 1907 sancto—

196 1946 473 2018 ἁγιαστικὴ
501 1943 804 2011 δοξολογία,
840 1941 1075 2009 γενικῶς
1103 1940 1200 2009 μὲν
1231 1938 1482 2008 σημαίνει
1508 1936 1603 2005 τὴν
1626 1935 1741 2004 ἅμα

195 2058 245 2093 τε
271 2040 440 2093 καὶεὲν
455 2036 638 2106 ταύτῷ
656 2032 1032 2105 γενησομένην
1052 2032 1191 2084 κατὰ
1209 2031 1298 2083 τὸν
1317 2030 1485 2082 αἰῶνα
1504 2029 1593 2080 τὸν
1617 2027 1744 2096 μέλ-

195 2132 335 2184 λοντα
358 2130 465 2182 τῶν
490 2126 759 2196 οὐρανίων
782 2124 875 2176 καὶ
900 2119 1156 2189 ἐπιγείων
1184 2119 1464 2187 δυνάμεων
1492 2117 1611 2183 ἴσην
1653 2116 1745 2167 καὶ

198 2220 452 2275 πολιτείαν
506 2218 600 2271 καὶ
659 2213 883 2283 ἀγωγὴν
932 2211 1027 2263 καὶ
1074 2208 1391 2279 συμφωνίαν
1444 2207 1543 2273 τῆς
1600 2204 1746 2266 Θείας

194 2311 499 2378 δοξολογίας,
537 2301 987 2363 ἅθανατισθέντος
1027 2302 1139 2361 τοῖς
1174 2296 1480 2378 ἀνθρώποις
1508 2294 1601 2346 τοῦ
1638 2292 1745 2346 σώ-

201 2366 618 2469 ματος’δια-τῆς
669 2391 1037 2454 ἀναστάσεως,
1092 2390 1185 2442 καὶ
1231 2366 1426 2457 μηκέτι
1460 2382 1748 2454 βαροῦντος

196 2492 282 2561 τὴν
307 2489 479 2558 ψυχὴν
498 2490 566 2556 τῇ
592 2485 788 2565 φθορᾷ,
808 2482 919 2534 ’καὶ
966 2480 1294 2552 βαρουμένου
1321 2495 1334 2509 ·
1367 2477 1500 2530 ἀλλὰ
1536 2475 1623 2528 διὰ
1651 2474 1750 2544 τῆς

198 2581 268 2642 εἰς
296 2575 594 2647 ἀφθαρσίαν
636 2564 884 2641 γάλλαγῆς
946 2570 1081 2640 πρὸς
1126 2567 1389 2637 ὑποδοχὴν
1451 2564 1752 2635 παρουσίας

197 2668 317 2721 Θεοῦ
365 2655 617 2727 λαϐόντος
650 2664 742 2715 καὶ
772 2663 1001 2730 δύναμιν
1026 2659 1121 2711 καὶ
1154 2657 1563 2727 ἐπιτηδειότητα
1596 2670 1609 2683 °
1652 2653 1750 2705 ίδι-

168 2747 299 2821 ’κῶς
336 2758 410 2822 δὲ,
468 2756 577 2809 τῶν
635 2754 732 2824 μὲν
764 2751 970 2804 πιστῶν
997 2749 1095 2818 τὴν
1144 2748 1281 2817 πρὸς
1322 2746 1583 2814 ἀγγέλους
1610 2742 1753 2796 κατὰ

200 2846 284 2916 τὴν
326 2846 505 2898 πίστιν
536 2842 848 2911 θεολογικην
872 2838 1101 2909 ἅμιλλαν
1134 2855 1148 2868 ·
1182 2838 1289 2889 τῶν
1321 2836 1376 2888 δὲ
1412 2832 1750 2903 πρακτικῶν,

201 2937 287 3007 τὴν
317 2935 620 3006 ίσὰγγελον,
646 2934 720 2997 ὡς
748 2932 965 3002 ἐφικτὸν
996 2930 1321 3000 ἀνθρώποις,
1357 2927 1500 2981 κατὰ
1520 2928 1610 2980 τὸν
1643 2926 1753 2995 βίον

201 3026 563 3098 λαμπρότητα,
600 3025 694 3077 καὶ
728 3023 825 3093 τὴν
852 3021 1093 3074 εὐτονίαν
1120 3020 1217 3088 τῆς
1248 3017 1565 3084 θεολογικῆς
1595 3017 1759 3085 ὐμνο-

201 3116 367 3184 λογίας
404 3135 419 3148 ·
480 3117 589 3170 τῶν
635 3117 693 3168 δὲ
746 3111 1083 3182 γνωστικῶν,
1119 3110 1216 3172 τὰς
1273 3108 1588 3176 ίσαγγέλους
1617 3107 1756 3159 κατὰ

1848 1955 1968 1992 rum
2032 1941 2350 2009 angelorum
2410 1941 2757 1995 sanctiﬁcans
2793 1942 3023 2013 Trisagii
3075 1946 3415 2013 gloriﬁcatio,

1849 2029 2177 2098 generaliter
2210 2030 2430 2097 quidem
2481 2030 2768 2099 signiﬁcat,
2808 2031 2967 2084 simul
2997 2033 3309 2102 pariterque
3337 2036 3421 2087 fu-

1854 2130 2032 2173 turam
2059 2120 2114 2173 in
2147 2121 2344 2174 saeculo
2364 2129 2618 2185 venturo,
2643 2122 2950 2175 cmlestium
2982 2139 3045 2177 ac
3081 2126 3419 2179 terrestrium

1851 2211 2138 2274 virtutum,
2169 2226 2355 2279 parem
2382 2212 2506 2265 vita:
2536 2212 2802 2266 rationem
2827 2228 2890 2265 ac
2919 2214 3314 2269 institutionem
3340 2216 3422 2269 di-

1834 2301 2100 2369 'vin:equc
2124 2300 2532 2370 gloriﬁcationis
2552 2317 2845 2357 consonam
2870 2320 3079 2368 vocem,
3108 2306 3424 2360 hominibus

1854 2406 1954 2460 per
1984 2380 2444 2445 resurrectionem
2478 2393 2771 2446 immortali
2804 2408 3032 2463 corpore
3054 2397 3297 2463 donatis;
3332 2400 3421 2451 tali

1855 2480 2086 2542 scilicet,
2121 2488 2181 2533 ut
2206 2496 2312 2533 non
2344 2481 2598 2548 amplius,
2631 2498 2738 2550 qua
2769 2484 2946 2551 ipsum
2976 2487 3241 2554 gravitate
3271 2487 3423 2538 labo-

1856 2578 1961 2634 rat,
2010 2580 2197 2643 gravet
2248 2571 2482 2624 animam
2526 2558 2899 2645 corruptione,
2956 2574 3051 2627 sed
3093 2584 3424 2629 commutata

1857 2661 2288 2728 incorruptione,
2320 2662 2385 2715 ad
2416 2662 2507 2715 Dei
2540 2664 2941 2743 supeipicndum
2987 2665 3279 2718 adventum
3314 2668 3424 2720 vim

1857 2749 2329 2819 aptitudinemque
2364 2751 2610 2815 obtineat
2638 2756 2900 2822 qproprie
2944 2764 3148 2818 autem,
3184 2755 3426 2810 ﬁdelium

1859 2839 2078 2906 quidem
2114 2856 2237 2894 cum
2285 2843 2490 2911 angelis
2524 2839 2885 2913 theolbgicum
2943 2846 3066 2899 ﬁdei
3116 2855 3427 2911 certamen;

1860 2943 2051 2982 eorum
2081 2939 2260 2983 autem
2293 2932 2400 3000 qui'
2417 2933 2605 2987 colunt
2650 2930 2939 2999 actionem,
2986 2952 3295 3006 comparem
3337 2954 3434 2990 an-

1862 3020 2017 3088 gelis,
2045 3022 2224 3089 quoad
2258 3022 2466 3076 homini
2511 3039 2831 3079 concessum
2875 3036 2977 3089 est,
3017 3029 3136 3081 vita:
3179 3029 3433 3095 splende-

1865 3125 1978 3163 rem
2006 3120 2435 3181 contentumque
2457 3114 2675 3169 dcitatis
2699 3115 2982 3170 laudandae
3004 3118 3244 3171 studium
3270 3127 3433 3185 atque

203 3205 258 3257 τδ
289 3207 507 3260 δυνατὸν
558 3204 867 3274 ἀνθρώποις
903 3203 1030 3274 περὶ
1064 3202 1317 3271 θεότητος
1337 3200 1547 3268 νοήσεις
1572 3214 1630 3250 τε
1666 3198 1756 3251 καὶ

1863 3199 2140 3263 ardorem;
2177 3217 2368 3255 eorum
2415 3219 2545 3257 vero
2589 3206 2681 3272 qui
2718 3208 3037 3274 sapientiam
3084 3224 3147 3261 ac
3191 3218 3433 3261 contem-

202 3292 394 3365 ὕμνησε
407 3312 451 3357 ις
484 3294 576 3346 καὶ
617 3291 980 3362 ἀεικινησίας.

277 3572 340 3625 Ἦ
368 3572 425 3625 δὲ
452 3570 695 3641 μακαρία
724 3567 817 3621 τοῦ
846 3566 1081 3637 μεγάλου
1101 3565 1236 3618 Θεοῦ
1267 3566 1359 3618 καὶ
1390 3565 1602 3632 Πατρός
1635 3563 1759 3614 ἐπί-

205 3662 403 3732 κλησις,
446 3663 541 3714 καὶ
564 3662 597 3730 ἡ
629 3659 748 3723 τοῦ,
776 3653 878 3723 Εἷς
915 3656 1102 3726 ἅγιος,
1140 3654 1232 3707 καὶ
1265 3653 1372 3705 τῶν
1415 3652 1540 3720 ἑξῆς
1576 3651 1758 3721 ἐκφω-

207 3768 349 3819 νησις
378 3769 393 3781 ·
446 3753 541 3802 καὶ
581 3752 614 3818 ἡ
663 3748 771 3801 τῶν
814 3746 985 3814 ἁγίων
1013 3746 1107 3797 καὶ
1147 3738 1421 3807 ζωοποιῶν
1451 3740 1763 3811 μυστηρίων

208 3840 521 3908 μετάληψις,
545 3841 646 3909 τὴν
677 3839 769 3890 ἐπὶ
798 3839 931 3890 πᾶσι
964 3838 1059 3889 καί¹
1086 3836 1179 3888 ἐπὶ
1208 3833 1421 3887 πάντων
1449 3832 1555 3885 τῶν
1598 3830 1763 3895 ἀξίων

208 3929 464 3997 ἐσομένην
505 3928 595 3981 διὰ
632 3927 729 3995 τὴν
773 3925 1087 3995 ἀγαθότητα
1118 3924 1212 3977 τοῦ
1245 3924 1377 3976 Θεοῦ
1406 3923 1563 3992 ἡμῶν
1590 3922 1764 3974 υἱοθε-

209 4016 354 4079 σίαν,
416 4016 607 4069 ἕνωσίν
674 4031 733 4066 τε
788 4016 882 4066 καὶ
932 4013 1271 4083 οἰκειότητα,
1329 4014 1424 4064 καὶ
1479 4012 1766 4081 ὁμοιότητα

210 4106 347 4159 θείαν
372 4109 469 4161 καὶ
505 4107 698 4159 θέωσιν
724 4104 873 4171 δηλοῖ
893 4120 907 4134 ο
937 4102 1004 4155 δι’
1029 4098 1095 4171 ἧς
1134 4103 1312 4156 πάντα
1349 4105 1406 4155 ὲν
1434 4103 1596 4155 πᾶσιν
1618 4102 1767 4154 ἔσται

209 4199 328 4264 τοῖς,
354 4195 684 4267 σωζομένοις
725 4192 884 4255 αὐτὸς
917 4195 946 4245 ό
999 4191 1152 4255 Θεὸς,
1185 4191 1385 4259 ὁμοίως
1410 4206 1424 4221 ο
1464 4190 1539 4252 ὡς
1575 4191 1769 4254 κάλλος

210 4286 510 4355 ἀρχέτυπον
541 4284 664 4340 κατ’
699 4284 875 4337 αἰτίαν
916 4281 1212 4351 ἐμπρέπων
1236 4282 1347 4338 τοῖς
1374 4278 1522 4348 αὐτῷ
1547 4279 1613 4330 δι’
1638 4281 1769 4348 ἀρε-

210 4374 302 4445 τῆς
323 4379 417 4430 καὶ
430 4378 699 4444 ,γνώσεως
732 4374 871 4427 κατὰ
887 4373 1046 4443 χάριν
1073 4370 1268 4440 ὁμοίως
1300 4368 1697 4438 συμπρέπουσι.

299 4549 322 4579 ⁸
345 4549 580 4611 Πιστούς
601 4548 657 4599 δὲ
680 4548 775 4600 καὶ
798 4545 1084 4616 ἐναρέτους
1106 4546 1199 4598 καὶ
1217 4543 1547 4611 γνωπικούς
1571 4543 1771 4605 ἐκάλει,

208 4636 327 4698 τοὺς
382 4638 774 4706 εἰσαγομένους
831 4636 927 4688 καὶ
953 4635 1080 4697 τοὺς
1100 4634 1504 4703 προκόπτοντας
1532 4631 1625 4684 καὶ
1656 4631 1780 4693 τοὺς

210 4722 481 4786 τελείους,
505 4724 674 4792 ἠγουν
710 4721 926 4783 δούλους
963 4722 1057 4774 καὶ
1090 4720 1334 4790 μισθίους
1364 4720 1456 4772 καὶ
1481 4720 1649 4781 υἱούς·
1682 4717 1782 4779 τὰς

210 4816 350 4882 τρεῖς
374 4813 559 4876 τάξεις
579 4813 686 4865 τῶν
713 4811 1054 4879 σωζομένων.
1086 4809 1268 4863 Δοῦλοι
1289 4809 1395 4876 γάρ
1424 4809 1550 4872 εἱσι,
1580 4807 1781 4879 πιστοὶ,

213 4903 259 4953 οἱ
291 4902 445 4971 φόϐῳ
474 4902 578 4955 τῶν
602 4901 981 4971 ἠπειλημένων
1018 4899 1415 4970 ἐκπληροῦντες
1455 4897 1546 4949 τοῦ
1589 4898 1780 4949 δεσπό-
1815 4925 1834 4935 ~

213 5008 300 5045 του
322 4994 422 5055 τὰς
442 4993 679 5055 ἐντολὰς,
704 4992 926 5053 καὶτοῖς
947 4990 1307 5043 πιστευθεῖσιν
1331 4985 1586 5045 εὐνοϊκῶς
1608 4986 1773 5055 ἐπερ-

215 5083 509 5152 γαζὸμενοι
530 5100 545 5115 ο
587 5085 791 5154 μίσθιοι
842 5084 919 5147 δὲ,
968 5085 1015 5136 οἱ
1049 5082 1197 5152 πόθῳ
1224 5081 1330 5133 τῶν
1361 5078 1777 5146 ἐπηγγελμένων

216 5172 435 5242 ἀγαθῶν
473 5173 829 5243 βαστάζοντες
875 5174 992 5242 μεθ’
1046 5171 1321 5242 ὑπομονῆς
1366 5170 1428 5222 τὸ
1484 5168 1644 5237 βάρος
1682 5167 1779 5236 τῆς

217 5265 429 5335 ἡμέρας
474 5265 568 5316 καὶ
609 5266 698 5317 τὸν
753 5264 1006 5317 καύσονα·
1075 5262 1342 5327 τουτέστι,
1389 5260 1490 5331 τὴν
1542 5259 1779 5329 ἔμφυτον

220 5354 311 5409 καὶ
335 5350 772 5422 συνεζευγμένην
800 5355 864 5423 τῇ
896 5352 1143 5423 παρούσῃ
1166 5352 1277 5421 ζωῇ
1325 5353 1389 5405 ἐκ
1435 5355 1532 5422 τῆς
1569 5367 1778 5422 προπα-

219 5443 445 5519 τορικῆς
485 5443 777 5507 καταδίκης
810 5442 1005 5507 θὶίψιν,
1058 5445 1149 5494 καὶ
1194 5445 1320 5501 τοὺς
1360 5441 1445 5493 ἐπ’
1472 5442 1606 5510 αὐτῇ
1640 5438 1779 5508 ὑπὲρ

1861 3288 2177 3356 plationem,
2229 3306 2386 3358 pares
2443 3292 2672 3361 angelis,
2713 3302 2976 3361 quantum
3036 3295 3143 3353 fert
3196 3296 3432 3349 humana

1860 3375 2125 3440 conditio,
2150 3378 2217 3430 de
2246 3377 2450 3432 deitate
2484 3379 2842 3449 cogitationes
2866 3397 2929 3435 ac
2949 3383 3180 3449 cantica,
3205 3398 3267 3436 ac
3288 3384 3433 3452 jugis

1861 3472 2043 3518 motus
2071 3465 2413 3535 agitationes.

1931 3554 2094 3609 Beata
2122 3565 2303 3611 autem
2326 3560 2507 3629 magni
2529 3560 2627 3614 Dei
2645 3576 2710 3616 ac
2728 3562 2906 3616 Patris
2931 3562 3237 3629 invocatio;
3265 3563 3436 3618 illius—

1862 3657 1989 3709 que,
2026 3644 2168 3697 Unus
2205 3657 2441 3711 sanctus,
2474 3656 2530 3701 et
2564 3665 2686 3718 qua:
2727 3660 3053 3720 sequuntur,
3084 3652 3433 3717 exclamatio;

1862 3740 2289 3802 sanctorumque
2323 3751 2388 3789 ac
2436 3738 2778 3792 viviﬁcorum
2822 3742 3203 3809 mysteriorum
3251 3757 3439 3809 perce-

1864 3821 1999 3889 ptio,
2024 3831 2147 3890 post
2172 3824 2374 3886 omnia,
2414 3825 2578 3892 inque
2613 3828 2869 3881 omnibus
2900 3829 3099 3896 dignis,
3131 3829 3227 3881 Dei
3262 3831 3435 3883 nostri

1864 3912 2199 3983 benignitate
2250 3914 2487 3966 futuram
2530 3916 2895 3983 adoptionem,
2931 3918 3343 3988 unitionemque
3375 3937 3441 3975 ac

1867 4002 2327 4072 conjunctionem,
2362 4003 2713 4073 divinamque
2740 4006 3151 4062 similitudinem
3188 4024 3250 4063 ac
3277 4010 3437 4063 deiﬁ—

1868 4096 2138 4149 cationem
2177 4094 2335 4165 523
2366 4096 2673 4162 declarant;
2698 4097 2750 4151 vi
2786 4100 2942 4169 cujus
2990 4101 3106 4168 ipse
3141 4101 3285 4156 Deus
3324 4119 3441 4157 oni-

1868 4185 1959 4238 nia
1988 4184 2043 4237 in
2070 4184 2326 4238 omnibus
2355 4186 2629 4240 similibus
2662 4187 2836 4241 salute
2866 4189 3134 4245 donandis
3174 4192 3299 4257 erit,
3338 4209 3437 4247 ccu

1870 4274 2209 4342 primitivum
2237 4274 2404 4330 decus
2434 4275 2737 4329 secundum
2767 4293 2945 4332 causa:
2986 4280 3250 4334 rationem
3279 4282 3333 4335 in
3361 4285 3441 4338 eis

1872 4378 1971 4430 per
2015 4364 2271 4418 virtutem
2314 4381 2379 4419 ac
2426 4367 2707 4421 scientiam
2735 4378 3026 4436 praestans,
3057 4371 3149 4439 qui
3190 4372 3444 4428 similiter

1804 4493 1847 4546 υ
1874 4466 1999 4504 cum
2032 4467 2098 4505 eo
2123 4462 2444 4519 prtestantcs
2473 4464 2635 4510 erunt
2664 4472 2762 4525 per
2791 4460 3039 4527 gratiam.

1946 4539 2117 4593 Porro
2148 4539 2357 4606 ﬁdeles,
2384 4544 2573 4598 virtuti
2612 4547 2826 4601 deditos
2857 4566 2919 4602 ae
2948 4550 3229 4606 scientiam
3263 4555 3444 4609 colen-

1877 4639 1978 4696 tes,
2011 4630 2262 4694 vocabat,
2310 4635 2403 4701 qui
2449 4635 2785 4691 inducuntur
2822 4642 3075 4709 velutque
3114 4643 3447 4699 rudimenta-

1877 4722 2008 4784 rios,
2054 4720 2402 4790 proﬁcientes
2450 4733 2611 4792 atque
2659 4727 2966 4794 perfectos;
3015 4733 3065 4784 id
3105 4744 3207 4797 est,
3238 4750 3444 4801 servos,

1880 4811 2277 4875 mercenarios,
2332 4810 2503 4876 ﬁlios;
2563 4821 2672 4867 tres
2720 4830 2915 4884 nempe
2959 4820 3182 4873 ordines
3224 4838 3443 4889 eorum,

1881 4902 1974 4968 qui
2005 4901 2180 4954 salute
2226 4901 2519 4954 donantur.
2566 4902 2720 4957 Servi
2762 4906 2906 4958 enim
2951 4918 3079 4962 sunt
3114 4908 3321 4976 ﬁdeles,
3354 4917 3447 4983 qui

1883 4987 2154 5041 minarum
2187 4998 2355 5051 metu,
2386 4990 2598 5043 Domini
2640 4995 2892 5048 mandata
2926 4996 3171 5067 implent,
3201 5010 3255 5053 et
3285 5003 3449 5055 bene-

1884 5080 2005 5133 volc
2046 5097 2108 5134 ac
2149 5082 2385 5136 candore
2416 5084 2584 5137 animi
2632 5085 2684 5139 in
2732 5087 2798 5141 iis
2839 5105 2960 5157 qua:
2994 5090 3216 5145 fuerunt
3242 5094 3447 5147 credita

1884 5178 2195 5222 versantur.
2226 5171 2545 5225 Mercenarii
2576 5184 2778 5240 autem,
2805 5179 2898 5245 qui
2926 5180 3192 5232 bonorum
3221 5182 3451 5246 promis-

1884 5270 2071 5309 sorum
2096 5256 2396 5325 cupiditate
2436 5261 2625 5325 illecti,
2657 5255 2777 5317 eum
2811 5265 3069 5331 patientia
3095 5267 3306 5333 pondus
3341 5270 3450 5322 diei

1882 5353 1939 5399 et
1961 5354 2153 5399 testum
2191 5356 2437 5415 portant;
2471 5365 2590 5402 eam
2620 5353 2829 5405 scilicet
2853 5368 2973 5422 qua:
3003 5365 3256 5409 concreta
3284 5369 3365 5409 est
3391 5374 3454 5415 ac

1887 5436 2113 5490 inolevit
2158 5438 2231 5500 ei,
2285 5455 2447 5507 quam
2493 5442 2704 5509 agimus
2745 5442 2891 5506 vitae,
2936 5445 3163 5514 exprimi
3212 5450 3456 5514 parentis

1492 5572 1721 5628 \‘Alll/E
1762 5569 2158 5626 LECTIONES.

296 5672 344 5703 ”
379 5670 475 5723 Fr.
518 5666 704 5719 Πιστοὶ
732 5666 974 5731 ἐνάρετοι
1000 5681 1013 5693 ⁸
1044 5666 1356 5729 γνωστικοί.
1389 5665 1748 5733 Εἰσαγόμενοι
1782 5682 1796 5695 ·
1832 5663 2239 5735 προκόπτοντες
2276 5681 2288 5694 ·
2322 5666 2545 5735 τέλειοι.
2605 5668 2787 5719 Δοῦλοι
2819 5684 2831 5696 ·
2852 5668 3083 5735 ’μίσθιοι
3117 5684 3129 5696 °

3191 5667 3313 5720 υἱοί.
3367 5668 3457 5722 Fi-

230 5738 386 5800 ἀξια,
416 5739 626 5791 virtutis
646 5734 928 5797 studentes,
969 5736 1230 5801 sapientia
1265 5746 1509 5788 vacantes
1546 5732 1603 5791 et,
1626 5732 1933 5803 spiritales;
1979 5732 2369 5797 rudimentarii,
2410 5737 2757 5803 proﬁcientes,
2795 5732 3025 5804 perfecti,
3062 5738 3213 5801 srrri,
3262 5753 3456 5793 mercc-

231 5811 371 5864 Iurii
399 5806 530 5874 ﬁlii.
