3958 6338
607 448 708 515 ’111

611 646 842 698 lationes
895 645 1228 708 obveniunt;
1277 644 1476 712 quique
1529 643 1691 696 vitam
1735 645 1866 707 vita,
1911 645 2163 712 prmsenti

608 736 869 796 futuram,
906 751 1002 802 per
1026 735 1258 787 liberum
1292 735 1456 787 animi
1503 736 1860 803 propositum,
1894 736 2165 803 sapienter

607 832 957 876 commutant.
1023 825 1140 877 Filii
1203 825 1458 893 denique,
1509 825 1601 894 qui
1662 841 1839 893 neque
1894 825 2163 878 minarum

607 930 775 980 metu,
812 935 911 972 ucc
955 918 1344 987 promissorum
1386 919 1709 986 cupiditate,
1741 919 1835 972 sed
1883 919 2042 972 modo
2075 918 2166 970 illo

606 1025 668 1060 ac
703 1010 911 1070 habitu,
957 1025 1064 1077 quo
1108 1011 1161 1062 in
1207 1011 1410 1078 bonum
1453 1010 1850 1077 honestumque
1897 1025 2165 1078 propensa

605 1098 772 1150 animi
803 1099 1076 1150 voluntate
1121 1099 1367 1162 tendunt,
1395 1114 1423 1150 a
1454 1099 1565 1151 Deo
1596 1113 1870 1166 nunquam
1913 1115 2166 1168 separan-

607 1196 714 1252 tur,
747 1190 894 1241 velut
933 1189 1072 1244 lilius
1108 1189 1216 1250 ille,
1244 1189 1310 1242 ad
1350 1205 1511 1257 quem
1553 1189 1758 1242 dictum
1803 1198 1887 1244 est
1911 1208 1923 1241 :
1951 1190 2071 1251 Fili,
2108 1200 2163 1242 tu

601 1294 806 1342 semper
840 1296 1035 1331 mecum
1073 1296 1144 1339 es,
1173 1287 1220 1330 et
1249 1275 1424 1332 omnia
1461 1295 1577 1332 mea
1633 1287 1722 1332 tua
1765 1288 1886 1333 sunt
1917 1280 1973 1344 d;
2007 1301 2023 1331 ι
2060 1281 2164 1335 hoc

605 1370 778 1436 ipsum
820 1386 914 1439 per
939 1369 1281 1440 adoptionem
1315 1369 1763 1440 [deiﬁcationem],
1792 1388 1911 1439 qua:
1939 1380 2019 1425 est
2045 1387 2164 1440 gra-

606 1459 697 1522 tia,
746 1461 1088 1524 exsistentes,
1141 1463 1317 1528 quoad
1353 1463 1472 1528 ejus
1505 1476 1820 1514 concessum
1867 1471 1968 1522 est,
2017 1460 2164 1528 quod

603 1549 746 1601 Deus
775 1565 870 1616 per
900 1559 1145 1602 naturam
1180 1559 1234 1602 cl.
1263 1565 1437 1603 causa:
1480 1552 1742 1603 rationem
1783 1561 1894 1603 tttm
1937 1561 2020 1604 est
2049 1561 2160 1604 tum

603 1639 844 1689 creditur
877 1655 1013 1692 esse.

674 1727 1074 1795 Frequentantla
1123 1730 1548 1785 adesim—Ne
1595 1747 1727 1800 ergo
1777 1747 1806 1784 a
1849 1742 2031 1785 saneta
2068 1732 2159 1786 Dei

603 1817 840 1870 Ecclesia
885 1820 1071 1872 abesse
1121 1822 1172 1873 in
1209 1822 1447 1874 animum
1483 1823 1822 1886 inducamus,
1852 1838 1971 1891 qua:
2015 1832 2158 1876 tanta

1746 446 1807 508 S.
1845 451 2128 510 MAXIMI
2169 449 2668 511 CONFESSORIS

610 565 783 618 reatu,
811 553 1183 613 at‘ﬂictionem,
1219 569 1280 606 ac
1308 568 1425 621 quae
1456 553 1579 608 inde
1612 553 1827 607 Virtutis
1859 566 2016 608 causa
2051 563 2160 608 ten-

2267 559 2364 624 τῆς
2417 557 2618 625 ἀρετῆς
2673 558 3004 628 πειρασμούς
3037 574 3049 588 ⁸

3110 557 3201 635 καὶ
3250 557 3394 630 ζωῆς
3446 559 3591 629 ζωὴν
3640 563 3792 628 σοφῶς

2266 646 2382 697 κατ’
2437 647 2750 716 αὐθαίρετον
2802 647 3020 719 γνώμην
3041 651 3514 714 ἀνταλλάσσοντες,
3548 655 3642 722 τῆς
3677 669 3786 722 uap-

2264 735 2429 804 ούσης
2479 737 2575 806 τὴν
2631 737 2947 806 μέλλουσαν.
2999 739 3116 792 Υἱοὶ
3153 739 3230 804 δὲ,
3282 741 3333 792 οἱ
3361 742 3498 810 μήτε
3537 740 3682 812 φόϐῳ
3705 742 3792 793 τῶν

2269 827 2665 895 ὴπειλημένων,
2700 829 2834 896 μήτε
2867 828 3013 898 πόθῳ
3055 829 3164 881 τῶν
3188 830 3603 900 ὶπηγγελμὲνων
3635 870 3649 892 ,
3683 831 3792 884 ἀλλὰ

2264 915 2450 983 τρόπῳ
2477 919 2568 968 καὶ
2599 915 2711 980 ἔξει
2739 920 2836 988 τῆς
2868 919 3002 989 πρὸς
3029 919 3090 971 τὸ
3115 918 3277 996 καλον
3305 919 3446 972 κατά
3472 919 3691 989 γνώμην
3712 923 3790 990 τῆς

2263 1005 2438 1075 ψυχῆς
2473 1009 2644 1076 ῥοπῆς
2673 1024 2733 1060 τε
2767 1009 2858 1060 καὶ
2889 1007 3202 1072 διαθέσεως,
3243 1011 3509 1078 μηδέποτε
3553 1009 3646 1062 τοῦ
3679 1010 3788 1063 Θεοῦ

2264 1097 2614 1165 χωριζόμενοι
2639 1114 2652 1127 ο
2683 1099 2801 1151 κατ’
2829 1101 3032 1151 ἐκεῖνον
3058 1097 3146 1152 τὸν
3177 1101 3310 1162 υίὸν,
3339 1101 3474 1170 πρὸς
3505 1101 3564 1152 ὃν
3585 1102 3786 1170 εῖρηται.

2270 1183 2505 1248 Τέκνον,
2551 1184 2632 1238 σὺ
2667 1186 2921 1239 πάντοτε
2961 1186 3086 1254 μετ’
3130 1185 3278 1256 ἐμοῦ
3319 1181 3394 1248 εἴ,
3443 1184 3542 1262 καί
3588 1185 3659 1238 τὰ
3698 1186 3789 1254 ἐμὰ

2268 1274 2461 1326 πάντα
2495 1274 2576 1326 σά
2604 1275 2733 1327 ἐστι
2762 1292 2776 1304 ·
2810 1273 2966 1328 τοῦτο
2993 1275 3129 1328 κατά
3157 1277 3254 1345 τὴν
3297 1276 3353 1328 ὲν
3381 1275 3564 1344 χάριτι
3603 1273 3732 1327 θέσιν
3753 1273 3788 1304 ⁸⁸

2265 1363 2618 1432 ἐνδεχομένως
2654 1366 3004 1436 ὑπάρχοντες,
3037 1366 3170 1434 ὅπερ
3200 1367 3227 1418 ὁ
3255 1367 3383 1428 Θεὸς
3413 1366 3549 1418 κατά
3579 1365 3675 1434 τὴν
3703 1362 3782 1432 φῦ-

2267 1469 2347 1503 σιν
2369 1455 2457 1504 καὶ
2486 1453 2658 1505 αἰτίαν
2688 1456 2781 1506 καὶ
2813 1455 2924 1507 ἔστι
2958 1456 3050 1508 καὶ
3081 1455 3410 1507 πιστεύεται.

2328 1721 2416 1789 Μὴ
2445 1720 2617 1773 τοίνυν
2645 1719 3055 1790 ἀπολειφθῶμεν
3079 1720 3176 1787 τῆς
3209 1704 3369 1786 ἁγίας
3403 1714 3492 1769 τοῦ
3519 1711 3651 1767 Θεοῦ
3707 1704 3800 1760 ῬΣ-⁸

2265 1811 2510 1879 κλησίας,
2545 1808 2780 1862 τοσαῦτα
2804 1809 2942 1861 κατά
2971 1808 3069 1878 τὴν
3116 1807 3222 1860 τῶν
3270 1799 3605 1874 τελούμένων
3653 1802 3791 1856 θείων

604 1905 657 1956 in
705 1905 1012 1958 divinorum
1065 1909 1456 1976 symbolorum,
1502 1927 1621 1977 quae
1664 1912 2029 1974 celebrantur,
2081 1913 2158 1964 ri-

2267 1901 2546 1970 συμϐόλων
2573 1900 2729 1968 ἁγίαν
2760 1899 2999 1964 διάταξιν
3044 1901 3141 1968 τῆς
3187 1897 3454 1966 σωτηρίας
3503 1895 3658 1963 ἡμῶν
3709 1910 3792 1946 πε·

534 2013 545 2025 ο
604 2006 864 2065 tuumque
895 2006 1076 2049 saneta
1107 1997 1466 2062 ordinatione,
1500 2001 1689 2052 salutis
1719 2009 1918 2054 nostrae
1960 2013 2158 2071 myste-

602 2087 678 2138 ria
704 2087 1111 2153 complectitur;
1137 2087 1334 2154 quibus
1365 2091 1578 2157 egregie
1605 2105 1874 2159 quemque
1912 2103 2157 2146 nostrum

601 2179 691 2244 qui
727 2179 888 2229 \‘ilam
935 2179 1133 2232 virtute
1182 2179 1438 2242 instituit,
1483 2196 1582 2248 pro
1627 2197 1691 2234 eo
1729 2198 1791 2235 ac
1821 2184 1996 2250 capit,
2031 2199 2160 2238 con-

602 2273 855 2316 sentanea
886 2265 1102 2318 Christo
1136 2269 1341 2320 ratione
1373 2269 1664 2333 fabricatis,
1698 2272 1842 2340 quod
1891 2288 1988 2341 per
2031 2289 2156 2327 san-

603 2363 745 2405 ctum
773 2353 1035 2420 baptisma
1063 2356 1113 2406 in
1150 2354 1352 2422 Spiritu
1383 2369 1568 2410 sancto
1596 2360 1778 2412 datum
1804 2371 1884 2414 ρει
1916 2363 2160 2431 adoptio-

603 2443 685 2496 nis
717 2459 932 2507 munus,
962 2444 1283 2498 Christianis
1315 2447 1558 2501 moribus
1590 2449 1642 2500 in
1673 2451 1842 2516 palam
1871 2453 2155 2520 producit:

601 2532 692 2584 sed
726 2542 924 2600 quanta
956 2535 1203 2598 facultas,
1233 2538 1488 2605 omnique
1519 2537 1813 2606 diligentia,
1841 2541 2033 2610 dignos
2061 2558 2159 2597 nos

601 2622 800 2676 divinis
825 2626 1142 2679 muneribus
1165 2627 1538 2688 exhibeamus,
1563 2645 1660 2696 per
1684 2629 1824 2684 bona
1852 2646 2014 2700 opera
2039 2634 2158 2702 pla-

601 2722 782 2781 centes
830 2713 971 2774 Deo;
1024 2730 1131 2766 non
1189 2728 1574 2769 conversantes
1621 2720 1753 2770 sicut
1799 2728 1994 2788 gentes.
2045 2739 2160 2789 qua:

527 2840 534 2843 .
603 2799 764 2852 Deum
807 2804 1072 2870 ignorant,
1104 2805 1158 2856 in
1187 2807 1426 2873 passione
1465 2807 1704 2860 desiderii
1739 2820 1760 2847 θ
1806 2825 1869 2863 ac
1896 2799 2172 2876 libidinep

603 2890 695 2942 sed
725 2893 866 2945 sicut
896 2894 970 2944 ait
999 2905 1218 2947 sanctus
1244 2895 1530 2962 Apostolus
1557 2915 1568 2948 :
1602 2897 1970 2964 Morti/icantes
2000 2919 2160 2953 mem-

602 2982 693 3034 bra
732 2998 844 3051 qua:
883 2993 1001 3034 sunt
1042 3000 1196 3052 super
1236 2994 1450 3047 terram,
1489 2986 1903 3054 fomicationem,
1937 2991 2161 3042 immun-

603 3073 805 3135 ditiam,
837 3072 1119 3136 libidinem,
1157 3077 1621 3142 concupiscentiam
1652 3077 1870 3140 malam,
1900 3088 1946 3130 et
1971 3083 2158 3133 avari-

2261 1990 2543 2059 ριεχούσης
2602 1990 2892 2059 μυστήρια,
2938 1988 3003 2042 δι’
3038 1982 3112 2041 ὧν
3162 1986 3391 2040 ἕκαστον
3445 1984 3600 2055 ήμῶν
3639 1983 3794 2044 καλῶς

2263 2078 2493 2148 μάλιστα
2533 2078 2941 2146 πολιτευόμενον
2974 2076 3248 2144 ἀναλόγως
3285 2074 3458 2143 ἑαυτῷ
3506 2074 3643 2126 κατά
3681 2073 3795 2143 Χρι-

2261 2170 2383 2223 στὸν
2440 2169 2863 2240 δημιουργοῦσα,
2910 2169 2970 2222 τὸ
3025 2168 3176 2221 δοθὲν
3207 2169 3294 2221 διά
3325 2165 3417 2220 τοῦ
3441 2166 3593 2234 ἀγίου
3621 2164 3792 2234 βαπτί-

2261 2279 2460 2331 σματος
2491 2264 2546 2314 ἐν
2571 2261 2840 2330 Πνεύματι
2875 2259 3012 2329 ἁγίῳ
3037 2260 3278 2330 χάρισμα
3297 2259 3394 2327 τῆς
3421 2255 3699 2317 υἱοθεσίας,
3728 2254 3795 2315 είς

2260 2353 2564 2422 φανέρωσιν
2607 2351 2728 2419 ἄγει
2770 2351 2908 2404 κατά
2934 2349 3165 2420 Χριστὸν
3197 2347 3606 2416 πολιτευόμενον
3633 2360 3648 2375 ·
3678 2343 3795 2396 ἀλλά

2261 2443 2410 2512 πάσῃ
2445 2442 2669 2510 δυνάμει
2697 2459 2754 2493 τε
2783 2441 2877 2493 καὶ
2899 2441 3098 2510 σπουδῇ
3135 2438 3573 2508 παραστήσωμεν
3594 2435 3794 2496 ἐαυτοῦς

2259 2531 2438 2596 ἀξίους
2469 2531 2576 2583 τῶν
2613 2531 2773 2583 θείων
2826 2515 3193 2600 χαρισμάτων,
3251 2527 3316 2581 δι’
3366 2528 3540 2596 ἔργων
3595 2526 3795 2596 ἀγαθῶν

2260 2619 2681 2690 εὐαρεστοῦντας
2709 2619 2785 2689 τῷ
2814 2618 2932 2687 Θεῷ
2962 2633 2975 2646 ³
3029 2619 3104 2687 μὴ
3161 2617 3619 2686 ἀναστρεφόμενοι
3666 2614 3797 2668 κατὰ

2260 2714 2330 2766 τὰ
2369 2713 2534 2780 ἔθνη,
2568 2713 2638 2768 τὰ
2653 2712 2738 2781 μὴ
2769 2713 2966 2765 είδότα
3004 2711 3172 2775 Θεὸν,
3193 2710 3262 2764 ἐν
3290 2711 3460 2764 πάθει
3483 2711 3793 2779 ἐπιθυμίας

2259 2805 2414 2866 ἀλλὰ,
2445 2803 2628 2866 καθώς
2660 2820 2822 2872 φησιν
2846 2803 2874 2854 ὁ
2908 2803 3061 2870 ἅγιος
3100 2801 3437 2865 ’Δπόστολος,
3469 2799 3797 2867 Νεκρώσανο

2258 2913 2356 2960 τες
2407 2897 2478 2948 τὸ
2521 2894 2674 2963 μέλη
2715 2894 2786 2946 τὰ
2814 2895 2910 2946 ἐπὶ
2937 2893 3047 2961 τῆς
3075 2891 3202 2961 τῆς,
3233 2893 3534 2958 πορνείαν,
3564 2892 3798 2955 ἀκαθαρ-

2259 2989 2420 3047 σίαν,
2458 2986 2665 3051 πάθος,
2688 2986 3006 3052 ἐπιθυμίαν
3033 2983 3250 3048 κακὴν,
3311 2983 3407 3034 καὶ
3455 2982 3569 3048 τὴν
3606 2985 3799 3034 πλεον-

2259 3077 2446 3140 εξίαν,
2470 3075 2608 3140 -ἧτις
2641 3075 2812 3126 ἐστίν
2859 3071 3313 3139 είδωλολατρεία
3339 3085 3352 3100 ⁸
3399 3072 3473 3124 δι’
3513 3070 3550 3124 d
3591 3072 3800 3139 ἔρχεται

605 3166 751 3226 tiam,
794 3180 908 3233 qua:
955 3173 1030 3216 est
1070 3164 1472 3218 simulacrorum
1504 3169 1756 3232 servitus;
1794 3178 2002 3237 propter
2046 3185 2160 3238 gnte

2263 3169 2299 3233 ἡ
2327 3163 2468 3234 ὀργὴ
2494 3165 2589 3218 ἐπί
2612 3164 2752 3228 τοὺς
2777 3164 2944 3229 υἱοὺς
2979 3162 3088 3231 τῆς
3136 3163 3434 3229 ἀπειθείας
3461 3180 3475 3192 ·
3521 3162 3702 3232 ὀργήν
3746 3175 3800 3212 τε

603 3256 738 3306 venit
766 3256 847 3306 ira
885 3255 976 3306 Dei
1011 3257 1061 3307 in
1101 3255 1238 3322 ﬁlios
1267 3266 1629 3320 contumaces;
1666 3257 1824 3328 524
1857 3275 2160 3329 omnemque

605 3343 736 3395 iram
769 3330 816 3394 et
851 3345 1260 3411 indignationem
1291 3354 1336 3396 et
1369 3354 1572 3414 turpmn
1604 3362 1891 3398 sermonem
1931 3355 1980 3398 et
2015 3363 2159 3400 men-

604 3433 808 3485 dacium
841 3433 856 3471 ί
891 3452 902 3484 :
930 3444 1004 3495 et,
1036 3443 1093 3487 ut
1119 3436 1283 3486 semel
1313 3436 1510 3496 dicam,
1547 3445 1716 3488 totum
1745 3448 1966 3490 veterem
1997 3439 2162 3488 Itami-

607 3537 741 3578 nem,
765 3524 851 3587 qui
893 3524 1243 3589 corrumpitur
1283 3523 1563 3573 secundum
1605 3523 1859 3574 desideria
1892 3523 2081 3574 erroris
2112 3525 2156 3584 ε,

604 3610 909 3674 (leponentes
959 3626 1074 3660 cum
1129 3611 1324 3661 actibus
1347 3613 1451 3662 suis
1497 3611 1520 3648 δ
1570 3620 1616 3662 et
1663 3611 1960 3675 desideriis,
2007 3613 2161 3682 digne

605 3696 1106 3760 Deo’ambulemus,
1152 3701 1239 3768 qui
1287 3701 1481 3752 vocavit
1525 3717 1614 3752 nos
1654 3703 1704 3753 in
1741 3719 1894 3754 suum
1947 3719 2159 3771 regnum

603 3797 650 3838 et
676 3787 897 3856 gloriam
942 3786 993 3852 ί,
1046 3790 1319 3842 induentes
1361 3807 1451 3843 nos
1517 3785 1716 3844 viscera
1771 3793 2156 3854 misericordia,

602 3869 985 3947 benignitatem,
1023 3882 1433 3945 submissionem,
1476 3884 1940 3947 mansuetudinem,
1972 3883 2157 3954 longa-

603 3971 926 4032 nimitatem;
968 3980 1334 4039 supportantes
1374 3974 1589 4025 invicem
1634 3975 1688 4025 in
1733 3976 1987 4026 cltaritate
2033 3975 2077 4038 i,
2110 3984 2158 4028 et

601 4051 850 4110 (loncﬁites
888 4060 1284 4126 nobismetipsis,
1313 4064 1357 4112 si
1386 4064 1498 4129 quis
1531 4062 1774 4114 adversus
1808 4064 2034 4131 aliquem
2064 4067 2158 4117 Ita-

600 4147 680 4199 bet
713 4149 1000 4216 querelam,
1023 4151 1152 4201 sicut
1187 4160 1232 4201 et
1264 4151 1514 4204 Dominus
1556 4153 1766 4206 donavit
1799 4155 1961 4208 nobis.
1992 4154 2158 4223 Super

600 4226 796 4301 omnia,
848 4239 1109 4292 vinculum
1170 4240 1304 4293 illud
1351 4242 1699 4310 perfectionis,
1749 4245 2058 4332 cliaritatqm
2109 4259 2155 4300 et

601 4345 801 4396 pacem,
834 4331 887 4381 in
922 4346 1079 4399 quam
1115 4340 1162 4383 et
1195 4333 1358 4384 vocati
1399 4349 1574 4385 sumus
1612 4334 1665 4386 in
1705 4350 1807 4386 uno
1841 4351 2053 4403 corpore
2086 4339 2108 4376 ιί
2140 4356 2152 4389 :

602 4426 681 4484 et,
709 4430 764 4471 ut
792 4436 999 4473 summa
1026 4419 1223 4481 dicam,
1251 4438 1438 4474 novum
1460 4424 1738 4486 hominem,
1764 4426 1851 4492 qui
1878 4433 2156 4476 renovatur

2267 3253 2491 3319 πᾶσαν,
2548 3254 2642 3306 καὶ
2675 3253 2862 3322 θυμὸν
2885 3252 2979 3307 καί
3003 3254 3429 3322 αἰσχρολογίαν
3451 3252 3548 3306 καί
3575 3251 3798 3320 ψεῦδοςο

2268 3346 2380 3408 καὶ,
2420 3345 2696 3415 συντόμως
2732 3346 2924 3407 εἰπεῖν,
2977 3344 3151 3398 πάντα
3184 3343 3290 3396 τὸν
3321 3343 3577 3397 παλαιὸν
3604 3343 3803 3409 ἇνθρω·

2267 3446 2402 3495 πον,
2436 3435 2544 3506 τὸις
2559 3435 2944 3502 φθειρόμενον
2985 3433 3134 3485 κατὰ
3189 3435 3296 3496 τὰς
3345 3431 3657 3501 ἐπιθυμίας
3708 3429 3804 3495 τῆς

2267 3520 2517 3585 ἀπάτης,
2538 3518 2893 3588 ἤποθέμενοι
2918 3522 3040 3576 σὺν
3063 3523 3189 3586 ταῖς
3209 3521 3504 3590 πράξεσιν
3519 3523 3698 3576 αὑτοῦ
3716 3520 3801 3574 καί

2269 3612 2393 3677 ταῖς
2417 3613 2770 3680 ἐπιθυμίαις,
2799 3613 2980 3676 ἀξίως
3003 3612 3106 3664 τοῦ
3134 3611 3281 3664 Θεοῦ
3306 3611 3802 3678 περιπατήσωμεν,

2266 3701 2371 3756 τοῦ
2420 3702 2793 3767 καλέσαντος
2831 3700 2986 3769 ἡμᾶς
3014 3703 3102 3767 είς
3132 3702 3245 3770 τὴν
3271 3690 3470 3777 ἀὐτοῦ
3497 3701 3804 3766 βασιλείαν

2265 3794 2362 3847 καὶ
2401 3793 2588 3856 δόξαν
2617 3809 2630 3821 ·
2675 3792 3069 3860 ἐνδυσάμενοι
3109 3790 3435 3860 σπλάγχνα
3486 3790 3800 3859 οίκτιρμοῦ,

2265 3884 2656 3952 γρηστότητα,
2680 3881 3256 3950 ταπεινοφροσύνην,
3279 3881 3586 3948 πραΰτητα
3613 3881 3678 3947 ⁶¹,
3705 3893 3805 3960 μα-

2263 3974 2586 4040 κροθυμίαν
2609 3988 2624 4001 ·
2653 3973 2999 4040 ἀνεχόμενοι
3023 3970 3309 4033 ἀλλήλων
3339 3970 3410 4022 ἐν
3451 3969 3671 4037 ἀγάπῃ,
3717 3965 3801 4020 καί

2263 4061 2628 4130 χαριζόμενοι
2676 4060 2910 4125 ἑαυτοῖς
2961 4059 3070 4112 ἐάν
3099 4075 3189 4124 τις
3213 4060 3360 4127 πρός
3387 4076 3519 4111 τινα
3537 4060 3646 4126 ἔχῃ
3672 4073 3804 4127 μομ-

2262 4152 2415 4219 φὴν,
2439 4151 2628 4216 καθὼς
2658 4150 2752 4202 καὶ
2781 4153 2814 4203 ό
2841 4152 3050 4218 Κύριος
3074 4151 3118 4182 ⁸⁸
3161 4149 3484 4218 ἐχαρίσατο
3515 4149 3676 4217 ἡμῖν.
3716 4147 3802 4200 ἐπι

2262 4242 2413 4298 πᾶσί
2441 4259 2504 4295 τε
2533 4241 2636 4295 τὸν
2661 4241 3008 4309 σύνδεσμον
3035 4241 3419 4305 τελειότητος,
3454 4240 3565 4303 τὴν
3580 4239 3805 4308 ἀγάπην

2262 4332 2358 4385 καὶ
2391 4331 2506 4398 τὴν
2532 4331 2799 4398 εἰρήνην,
2827 4332 2913 4394 είς
2955 4328 3035 4394 ’ἢν
3083 4329 3180 4381 καὶ
3221 4327 3565 4396 ἐκλήθημεν
3615 4329 3682 4380 ἐν
3723 4326 3804 4380 ἐνί

2262 4419 2482 4493 σώματι
2507 4435 2522 4448 θ
2557 4419 2672 4481 καὶ,
2707 4419 2794 4470 ἵνα
2821 4416 3053 4468 συνελὼν
3081 4416 3238 4479 εἴπω,
3269 4415 3377 4468 τὸν
3419 4416 3560 4469 νέον
3603 4417 3804 4482 ἄνθρω-

602 4510 657 4558 ίιι
687 4509 1018 4574 agnitionem,
1053 4510 1334 4559 secundum
1377 4511 1658 4576 imaginem
1689 4512 1821 4576 ejus,
1851 4514 1936 4578 qui
1964 4515 2155 4563 creavit

2263 4508 3024 4574 πον,τὸνάνακαινούμενον
3037 4508 3123 4571 εις
3138 4505 3461 4574 ἐπίγνωσιν
3480 4505 3604 4559 κατ’
3620 4507 3805 4558 statera

601 4599 751 4648 illum
792 4595 829 4646 ι.
859 4597 994 4648 Dum
1037 4597 1182 4648 cuitu
1217 4597 1294 4650 sic
1319 4597 1441 4649 vitae
1472 4598 1710 4651 rationes
1752 4614 2158 4665 componamus,

601 4685 896 4738 poterimus
931 4686 1113 4754 utique
1137 4687 1189 4738 in
1222 4686 1382 4739 linem
1407 4687 1713 4740 divinarum
1740 4689 2165 4764 promissionum

601 4777 740 4826 bona
767 4788 862 4840 spe
888 4771 1006 4826 fulti
1037 4774 1244 4838 venire,
1275 4783 1320 4828 et
1355 4775 1562 4844 impleri
1587 4779 1850 4846 agnitione
1881 4778 2162 4833 voluntatis

598 4863 732 4926 ejus,
765 4865 818 4914 in
838 4865 979 4916 omni
1007 4866 1266 4932 sapientia
1296 4873 1344 4917 et
1376 4865 1642 4940 intellectu
1675 4867 1922 4936 spiritali,
1947 4870 2163 4936 fructiﬁ-

597 4959 776 5021 cante‘s
801 4960 849 5002 et
887 4961 1167 5005 crescentes
1203 4955 1256 5004 in
1286 4956 1502 5007 scientia
1543 4955 1781 5021 Domini;
1808 4960 1862 5009 in
1889 4962 2027 5011 omni
2057 4963 2160 5012 vir-

602 5050 710 5095 tute
740 5015 1035 5119 cbnﬁrmati
1084 5046 1364 5095 secundum
1415 5050 1698 5107 potentiam
1729 5047 1987 5102 claritatis
2029 5051 2162 5119 ejus,

599 5138 651 5186 in
686 5115 826 5184 omni
853 5133 1103 5200 patientia
1131 5139 1176 5182 et
1217 5133 1613 5201 longanimitate
1652 5153 1764 5188 cum
1793 5141 2002 5206 gaudio,
2037 5115 2163 5208 gra-

602 5223 700 5274 tias
743 5231 953 5291 agentes
1003 5222 1172 5284 Patri,
1224 5223 1310 5289 qni
1356 5223 1563 5276 idoneos
1609 5241 1699 5277 nos
1735 5227 1850 5294 fecit
1881 5230 1932 5280 in
1959 5239 2164 5299 partem

599 5314 754 5364 σονιίσ
783 5322 1080 5365 sanctorum
1112 5314 1164 5364 in
1192 5311 1384 5363 lumine
1413 5304 1472 5366 ni.

667 5510 693 5550 ’ί
726 5511 838 5564 Luc
860 5528 946 5573 xv,
983 5513 1068 5564 51.
1149 5525 1172 5551 ε
1207 5514 1225 5566 1
1255 5514 1444 5566 Thess.
1477 5529 1552 5576 tv,
1601 5513 1652 5567 5.

604 5595 658 5642 ιι,
684 5580 769 5636 12.
823 5580 838 5628 ι
885 5581 1082 5648 Ephes.
1111 5597 1178 5645 IV,
1206 5583 1259 5634 ει..
1338 5583 1359 5620 ιι
1383 5581 1591 5635 Coloss.
1622 5598 1696 5645 ιιι,
1734 5583 1934 5646 12,45.

1771 5515 2024 5571 fColess.
2064 5513 2166 5575 in.~
2201 5512 2337 5571 5-9.

2022 5585 2036 5622 ι
2073 5587 2282 5644 ibid.-9
2336 5585 2419 5638 l0.
2496 5581 2773 5639 m'Coloss.
2808 5597 2842 5643 ι,
2871 5581 3021 5634 9-12.
3353 5612 3357 5616 -

2259 4593 2362 4647 τοῦ
2389 4597 2710 4659 κτίσαντος
2743 4597 2949 4648 αὐτόν.
2977 4593 3131 4646 Οὕτω
3158 4593 3266 4663 γὰρ
3287 4592 3352 4645 ἂν
3373 4592 3635 4662 βιοῦντες,
3658 4592 3804 4658 δυνηο

2261 4685 2377 4753 θείη
2389 4701 2485 4753 μεν
2516 4687 2649 4755 πρὸς
2673 4685 2733 4737 τὺ
2768 4685 2918 4747 τέλος
2947 4684 3118 4736 ἐλθεῖν
3146 4685 3253 4738 τῶν
3269 4683 3437 4740 ,θείων
3460 4680 3802 4750 ἐπαγγελιῶν,

2267 4768 2380 4844 μετ’
2417 4775 2628 4836 ἐλπίδος
2653 4775 2860 4843 ἀγαθῆς
2932 4774 3280 4845 πληρωθῆναί
3317 4789 3377 4825 τε
3403 4774 3498 4840 τήν
3526 4773 3804 4840 ἐπίγνωσιν

2262 4864 2354 4916 τοῦ
2386 4864 2682 4933 θελήμᾱττος
2709 4862 2896 4929 αὐτοῦ,
2947 4866 3040 4919 καὶ
3070 4865 3216 4934 πάσῃ
3262 4865 3424 4934 σοφίᾳ
3466 4863 3558 4915 καὶ
3614 4860 3803 4915 συνέσει

2267 4956 2608 5023 πνευματικῇ
2673 4952 3164 5023 καρποφοροῦντες,
3221 4952 3316 5004 καὶ
3362 4950 3710 5020 αὐξανόμενοι
3746 4947 3802 5018 τῇ

2264 5034 2553 5110 ἐπιγνώσει
2584 5044 2789 5113 Κυρίου
2817 5059 2831 5072 ο
2874 5046 2931 5096 ὲν
2979 5044 3129 5112 πάσῃ
3167 5041 3392 5109 δυνάμει
3427 5041 3802 5110 δυναμούμενοι

2263 5135 2402 5187 κατά
2449 5135 2508 5186 τὸ
2535 5119 2733 5204 κράτος
2763 5137 2860 5202 τῆς
2903 5132 3059 5199 δόξης
3093 5130 3278 5196 αὑτοῦ,
3303 5132 3380 5192 είς
3408 5132 3585 5184 πᾶσαν
3616 5129 3800 5182 οἰκοδο-

2265 5225 2370 5293 μὴν
2400 5224 2444 5255 ⁸³
2466 5225 2555 5276 καὶ
2584 5222 2959 5293 μακροθυμίαν
2988 5220 3123 5290 μετά
3153 5222 3344 5290 χαρᾶς,
3375 5219 3801 5290 εὐχαριστοῦντες

2259 5314 2336 5382 τῷ
2359 5315 2555 5385 Πατρὶ.
2579 5310 3010 5385 τῷἧίκανώσαντι
3043 5313 3187 5380 ἡμᾶς
3219 5311 3300 5373 εἰς
3339 5311 3439 5380 τὴν
3489 5309 3684 5378 μερίδα
3718 5303 3798 5356 τοῦ

2260 5385 2461 5474 κλήρου
2491 5405 2599 5456 τῶν
2630 5402 2794 5469 ἁγίων
2823 5401 2878 5453 ὲν
2902 5399 2978 5470 τῷ
3000 5393 3175 5468 φωτί(

2451 5519 2475 5556 κ
2507 5517 2701 5586 Ephes.
2744 5529 2814 5574 tv,
2848 5510 3031 5586 22η)
3065 5514 3280 5577 Coloss._
3311 5530 3387 5577 ιιι,
3415 5511 3465 5566 9.
3537 5509 3552 5546 ⁸
3581 5508 3796 5564 l'l'hess.

1854 5697 2085 5752 VARl/E
2127 5698 2524 5754 ιιςυτιοΝΕε.
3301 5760 3303 5763 .

675 5779 933 5847 ’σθέωσιν
961 5788 1022 5839 Α.
1057 5787 1117 5841 C.
1151 5797 1205 5841 et
1240 5789 1324 5843 Fr.
1404 5792 1444 5822 ⁶¹
1485 5790 1572 5844 Fr.
1613 5791 1906 5859 πραότητα.
1985 5793 2028 5822 ⁶¹
2082 5792 2160 5853 Χρ

2263 5793 2330 5853 6:.
2369 5793 2428 5846 C.
2491 5795 2548 5845 Α.
2628 5790 2672 5820 ⁸³
2705 5787 2887 5841 Crteea
2939 5786 3141 5839 habent
3202 5779 3491 5852 ὑπομονήν.
