3958 6338
131 445 221 512 ἸῙ3
586 405 596 412 .
987 484 991 491 ι
1451 449 1507 510 Ivi
1518 451 1682 510 YSTA

1785 451 1950 510 ΚΗΛ.

3235 454 3342 519 τῖε-ι

193 560 359 631 Σαφὴς
383 561 440 614 δὲ
470 562 568 631 τῆς
606 563 825 632 χάριτος
875 562 1072 631 ταύτης
1120 562 1264 615 ἐστὶν
1302 562 1594 627 ἀπόδειξις,

1840 566 2060 632 Affectus
2097 582 2247 636 apere
2273 567 2590 637 probandus.
2625 567 2985 634 Beneﬁtcntfa'
3011 569 3102 625 vis.
3133 576 3186 620 ut
3219 569 3339 623 deos

136 655 248 725 πρὸς
274 652 327 705 τὸ
351 654 614 719 συγγενὲς
641 654 708 706 δι’
736 653 945 715 εὐνοίας
995 653 1238 716 ἑκούσιος
1284 654 1616 716 συνδιάθεσις
1653 671 1665 683 ·

135 742 189 815 ἧς
207 744 351 815 ἔργον
385 744 557 807 ἐστὶν,
586 743 660 806 ὡς
692 743 845 806 Θεὸν,
889 742 1217 797 οἰκειοῦσθαι
1270 744 1409 797 κατὰ
1446 742 1673 811 δύναμιν

135 837 207 888 τὸν
232 832 339 887 καθ’
390 832 567 887 ὁτιοῦν
605 834 702 901 τῆς
736 834 891 903 ἡμῶν
930 835 1249 903 ἐπικουρίας
1282 835 1531 904 δεόμενον
1582 834 1673 887 ἄν-

136 929 337 997 θρωπον
356 926 456 978 καὶ
481 928 555 995 μὴ
582 926 677 995 ὲᾷν
699 925 1037 994 ἀτημέλητον
1065 926 1157 975 καὶ
1177 925 1525 994 ἀπρονόητον·
1544 924 1675 976 ἀλλὰ

140 1017 310 1087 σπουδῇ
356 1018 429 1085 τῇ
484 1014 767 1084 πρεπούσῃ
816 1015 934 1067 κατ’
989 1015 1266 1081 ἐνέργειαν
1307 1014 1675 1066 ἐνδείκνυσθαι

138 1107 286 1171 ζῶσαν
306 1104 407 1175 τὴν
428 1106 487 1156 ὲν
514 1106 645 1174 ἡμῖν
669 1104 801 1172 πρὸς
837 1121 897 1157 τε
917 1105 1006 1156 τὸν
1034 1103 1163 1158 Θεὸν
1193 1105 1287 1158 καὶ
1316 1106 1402 1156 τὸν
1451 1105 1675 1173 πλησίον

140 1196 360 1250 διάθεσιν.
415 1196 617 1265 Ἔργον
660 1195 769 1265 γὰρ
808 1194 1084 1260 ἀπόδειξις
1129 1195 1451 1257 διαθέσεως.
1507 1195 1673 1247 Οὐδὲν

143 1288 229 1357 γὰρ
277 1284 399 1339 οὔτε
438 1285 598 1355 ’πρὸς
659 1284 1004 1354 δικαιοσύνην
1054 1284 1195 1338 οὕτω
1265 1286 1441 1356 ῥᾴδιόν
1505 1287 1671 1347 ἐστιν,

149 1376 243 1429 οὔτε
275 1375 404 1453 πρὸς
456 1374 652 1427 θέωσιν
699 1376 791 1443 (ἵν’
843 1373 1014 1437 οὕτως
1050 1376 1209 1437 εἴπω)
1261 1377 1351 1427 καὶ
1394 1375 1490 1443 τὴν
1544 1376 1674 1442 πρὸς

154 1465 259 1518 Θεὸν
277 1466 546 1534 ἐγγύτητα
573 1466 903 1537 καθέστηκεν
940 1469 1259 1538 ἐπιτήδειον,
1294 1469 1367 1531 ὡς
1424 1469 1569 1531 ἕλεος
1614 1471 1675 1520 ὲκ

160 1554 370 1625 ’ἶωχῆςείς
395 1555 522 1616 τοὺς
544 1555 827 1625 δεομένους
856 1557 970 1624 μεθ’
992 1559 1179 1626 ἡδονῆς
1208 1562 1300 1611 καὶ
1321 1561 1491 1629 χαρᾶς
1517 1576 1676 1627 προσ-

170 1644 430 1713 φερόμενος.
492 1647 556 1698 Et
589 1647 695 1716 γὰρ
726 1646 855 1698 Θεὸν
884 1648 910 1698 ὁ
937 1648 1105 1715 Λόγος
1147 1649 1236 1701 τὸν
1271 1646 1328 1701 εὖ
1356 1650 1542 1702 παθέῐν
1573 1650 1677 1701 δεό-

164 1752 283 1803 μενον
323 1737 542 1800 ἔδειξεν.
612 1738 735 1805 Ἐφ’
778 1737 928 1789 ὅσον
958 1738 1065 1807 γὰρ
1113 1740 1455 1803 ἐποιήσατε,
1491 1741 1673 1807 φησιν,

157 1825 223 1876 ἐνί
268 1828 483 1881 τούτων
537 1828 659 1881 τῶν
718 1826 1093 1896 ἐλαχίστων,
1143 1831 1269 1899 ἐμοὶ
1313 1833 1634 1900 ἐποιήσατε
1661 1850 1672 1863 ·

152 1915 257 1978 Θεὸς
276 1916 327 1970 δὲ
356 1920 383 1970 ὁ
413 1916 603 1983 εἰπὼν,
632 1917 810 1986 πολλῴ
844 1919 1038 1987 μᾶλλον
1064 1920 1154 1972 τὸν
1201 1917 1259 1973 εὖ
1304 1924 1476 1973 ποιεῖν
1530 1923 1678 1977 δυνά·
1712 1903 1751 1955 Β

152 2023 289 2076 μενον
315 2010 697 2075 καίνποιοῦντα,
740 2010 901 2074 δείξει
947 2011 1160 2080 άληθῶς
1206 2012 1346 2065 κατὰ
1390 2014 1546 2083 χάριν
1590 2016 1678 2067 καὶ

151 2098 347 2167 μέθεξιν
369 2100 493 2153 ὸντα
518 2101 671 2162 Θεὸν,
709 2101 785 2161 ὡς
812 2101 908 2169 τὴν
930 2101 1092 2153 αὐτοῦ
1117 2102 1213 2170 τῆς
1240 2103 1559 2172 εὐεργεσίας
1588 2106 1678 2156 sfa-

150 2188 385 2257 μιμὴτως
427 2190 813 2258 ἀνειλημμένον
859 2191 1136 2277 ἐνέργειμν
1178 2209 1235 2243 τε
1275 2195 1369 2244 καὶ
1423 2194 1676 2261 ἰδιότητα.

147 2279 245 2332 Καὶ
269 2279 317 2331 εί
346 2278 469 2342 Θεὸς
494 2282 521 2332 ό
545 2281 770 2349 πτωχὸς,
805 2280 892 2333 διὰ
917 2282 1013 2351 τὴν
1038 2283 1131 2334 τοῦ
1164 2283 1230 2336 δι’
1262 2286 1403 2353 ἡμᾶς
1434 2285 1679 2355 πτωχεύ-

147 2387 322 2434 σαντος
342 2370 468 2423 Θεοῦ
500 2358 926 2439 συγκατάὄασιν,
957 2372 1051 2424 καὶ
1073 2375 1151 2433 είς
1200 2376 1391 2429 ἑαυτὸν
1446 2377 1676 2430 ἑκάστου

146 2458 421 2528 συμπαθῶς
449 2460 846 2530 ἀναδεχομένου
881 2460 1050 2531 πάθη,
1083 2462 1177 2514 καὶ
1214 2464 1372 2532 μέχρι
1414 2466 1512 2535 τῆς
1558 2484 1679 2519 συν-

147 2549 332 2611 τελείας
357 2549 448 2602 τοῦ
471 2549 686 2615 αἰῶνος,
718 2551 857 2604 κατὰ
878 2552 975 2622 τὴν
1010 2554 1297 2620 ἀναλογίαν
1326 2553 1421 2608 τοῦ
1458 2559 1516 2612 ἐν
1554 2560 1679 2612 ἑκά-

144 2638 481 2715 στῳπάθους,
512 2641 599 2692 ἀεὶ
620 2638 687 2692 δι’
708 2639 1020 2709 ἀγαθότητα
1046 2641 1342 2709 πάσχοντος
1368 2646 1640 2713 μυστικῶς
1663 2665 1676 2679 ·

152 2725 288 2780 πλέον
311 2728 552 2797 δηλονότι
589 2727 634 2759 ⁸⁵
670 2728 812 2780 κατὰ
846 2728 935 2779 τὸν
961 2729 1144 2782 εἰκότα
1167 2729 1322 2795 λόγον
1349 2730 1497 2784 ἔσται
1527 2734 1678 2798 Θεὸς,

154 2820 179 2870 ὁ
207 2820 324 2872 κατὰ
361 2820 593 2889 μίμησιν
617 2817 725 2882 τοῦ,
746 2817 881 2870 Θεοῦ
914 2817 1002 2870 διὰ
1042 2819 1449 2890 φιλανθρωπίαν
1477 2826 1543 2876 τὰ
1575 2824 1682 2877 τῶν

158 2909 396 2962 παθόντων
429 2908 581 2976 πάθη
609 2909 676 2961 δι’
726 2909 917 2961 ἑαυτοῦ
963 2907 1279 2979 θεοπρεπῶς
1335 2912 1624 2982 ἐξιώμενος
1667 2931 1679 2947 ο

155 3001 232 3053 καὶ
256 3002 339 3072 τὴν
364 3000 533 3072 αὐτὴν
559 3000 637 3070 τῷ
659 3000 791 3070 Θεῷ,
821 3001 962 3053 κατὰ
982 3002 1270 3082 ἀναλογίαν
1294 3007 1392 3074 τῆς
1416 3011 1684 3079 σωστικῆς

146 3098 395 3163 προνοίας,
440 3094 588 3148 κατὰ
619 3092 856 3147 διάθεσιν
894 3093 1032 3162 έχων
1061 3094 1406 3163 δεικνύμενος
1432 3096 1679 3169 δύναμιν.

1780 651 2235 724 faciat—Hujus
2277 668 2458 709 autem
2510 657 2695 725 gratia:
2747 657 2891 709 clara
2936 656 3184 725 probatio
3226 670 3340 722 est,

1781 751 2075 811 spontanea
2108 746 2291 799 animo
2322 746 2460 800 bene
2500 747 2705 800 volenti
2748 760 2872 815 erga
2906 748 3123 816 generis
3155 763 3339 801 ncces.

1779 835 2017 889 situdine
2048 836 2204 890 nobis
2230 838 2567 905 conjunctos,
2592 837 2839 900 affectio;
2869 839 3026 905 cujus
3049 838 3153 891 hoc
3183 854 3341 905 Opus,

1781 928 1885 981 hoc
1913 928 2142 993 facinus,
2177 938 2234 982 ut
2265 929 2511 997 quisquis
2535 928 2816 981 hominum
2855 928 2963 981 ulla
2992 929 3044 980 in
3074 944 3131 981 re
3158 937 3344 981 nostra

1780 1033 1881 1085 ope
1916 1026 2088 1087 egeat,
2126 1016 2269 1071 haud
2319 1032 2478 1072 secus
2522 1032 2586 1071 ac
2616 1017 2787 1070 Deum
2823 1031 2921 1084 pro
2947 1015 3087 1067 virili
3134 1024 3341 1076 nostra,

1780 1107 2051 1161 demereri
2085 1108 2430 1169 Studeamus,
2462 1121 2562 1160 nec
2598 1107 2904 1175 neglectum
2955 1120 3015 1158 ac
3063 1105 3179 1158 sine
3213 1120 3343 1157 cura

1782 1199 2061 1266 prmterire
2086 1214 2187 1253 nos
2217 1214 2341 1252 eum
2384 1199 2625 1252 sinamus
2648 1236 2662 1258 ,
2691 1196 2807 1260 sed,
2838 1212 2943 1265 qua
2981 1212 3077 1265 par
3103 1204 3185 1249 est
3214 1196 3342 1249 dili-

1780 1290 1980 1358 gentia,
2020 1291 2197 1359 reipsa
2234 1290 2286 1344 in
2320 1290 2479 1361 nobis
2512 1289 2693 1342 vivere
2720 1302 2782 1340 ac
2809 1288 3009 1355 vigere,
3035 1302 3143 1354 quo
3173 1286 3340 1338 Deum

1780 1380 2199 1449 proximumque
2239 1380 2638 1449 prosequimur,
2671 1377 2924 1431 affectum
2967 1375 3338 1429 ostendamus.

1780 1460 2021 1523 Affectus
2054 1471 2199 1523 enim
2232 1470 2482 1539 probatio
2537 1477 2621 1538 est
2656 1468 2837 1537 aperis
2873 1466 3157 1520 cxhibitio.
3198 1466 3344 1519 Nihil

1782 1559 1980 1627 quippe
2013 1557 2079 1611 ad
2113 1558 2376 1626 justitiam
2416 1557 2552 1610 adeo
2582 1556 2760 1619 facile,
2789 1555 2974 1624 sicque
3002 1570 3344 1622 consequen-

1782 1646 1907 1699 dam
1934 1646 2190 1699 deitatem
2222 1645 2304 1713 (ut
2335 1645 2413 1698 sic
2435 1644 2647 1712 loquar)
2681 1644 3017 1715 expeditum,
3050 1652 3105 1696 et
3133 1653 3191 1696 ut
3219 1657 3343 1696 eum

1782 1736 1893 1790 Deo
1913 1734 2311 1800 necessitudine
2330 1735 2640 1804 jungamur,
2667 1748 2729 1786 ac
2765 1732 3158 1794 misericordia,
3182 1748 3342 1800 quam

1783 1842 1848 1880 ex
1876 1826 2058 1881 animo
2088 1841 2212 1879 cum
2247 1825 2520 1893 voluptate
2563 1831 2618 1877 et
2661 1823 2859 1892 gaudio
2904 1822 3249 1875 conferamus
3289 1823 3342 1876 in

1782 1933 1895 1980 eos,
1929 1919 2021 1986 qui
2056 1918 2317 1987 indigent.
2368 1916 2644 1985 Siquidem
2686 1915 2831 1967 enim
2876 1913 3176 1981 Scriptura,
3218 1928 3344 1965 eum

1784 2010 1877 2078 qui
1922 2010 2043 2077 opis
2086 1994 2223 2077 eget,
2254 2016 2310 2061 et
2357 2016 2418 2060 ut
2466 2004 2731 2060 beneficio
2781 2003 3151 2072 inipartiatur,
3183 2002 3345 2055 deum

1783 2098 2041 2153 ostendit.
2074 2098 2319 2162 Quandiu
2340 2098 2506 2161 enim,
2532 2096 2726 2164 inquit,
2758 2096 2849 2146 um"
2879 2110 2941 2146 ea:
2968 2094 3195 2146 minimis
3219 2096 3345 2145 meis

1783 2186 1893 2241 istis
1920 2189 2132 2257 fecistis,
2158 2189 2283 2241 mihi
2311 2188 2499 2256 fecistis
2528 2195 2558 2224 ιι
2590 2204 2603 2240 :
2638 2186 2807 2239 Porro
2837 2185 2979 2238 Deus
3020 2191 3101 2237 est
3133 2184 3225 2251 qui
3268 2183 3349 2235 lo-

1784 2283 2012 2351 quitur;
2044 2281 2247 2351 potiori
2295 2281 2454 2349 longe
2499 2278 2731 2342 ratione,
2778 2292 2938 2339 eum,
2992 2276 3079 2329 cui
3130 2275 3348 2328 benefa-

1784 2372 1963 2427 ciendi
2007 2372 2235 2426 facultas
2260 2379 2364 2435 est,
2414 2383 2587 2438 exque
2638 2368 2728 2422 illa
2780 2366 3069 2430 benefacit,
3100 2366 3351 2420 ostendet

1783 2479 1969 2518 revera
1994 2477 2093 2530 per
2113 2460 2340 2531 gratiam
2361 2438 2562 2527 Deique
2584 2459 2998 2528 participatione
3022 2457 3183 2510 deum
3205 2470 3345 2517 esse,

1782 2554 1871 2623 qui
1902 2554 2022 2622 ejus
2060 2549 2454 2635 belieﬁcentife,
2502 2548 2758 2617 praeclare
2797 2545 3080 2608 imitando,
3130 2545 3238 2597 vim
3285 2561 3348 2599 ac

1782 2643 2169 2712 proprietatem
2211 2639 2416 2692 inierit.
2434 2638 2516 2712 με
2544 2636 2812 2705 siquidem
2845 2651 3050 2706 pauper
3080 2634 3217 2689 deus
3243 2644 3346 2697 est,

1786 2733 1993 2788 idcirco
2021 2731 2149 2801 quia
2177 2731 2321 2785 Deus
2345 2726 2503 2799 525
2531 2743 2639 2798 qua
2668 2743 2726 2782 se
2756 2728 2915 2783 nobis
2941 2728 3162 2781 demisit
3186 2742 3249 2780 ac
3269 2726 3351 2779 iu—

1784 2821 2029 2887 clinavit,
2074 2834 2281 2891 egenus
2326 2819 2502 2873 factus
2546 2825 2631 2872 est
2663 2825 2712 2882 ο,
2761 2817 2925 2887 inque
2973 2819 3209 2886 seipsum
3254 2831 3351 2886 per

1786 2927 2054 2969 summam
2097 2909 2504 2965 miserationem
2539 2909 2803 2979 cujusque
2845 2909 3052 2977 recepit
3085 2909 3245 2970 mala,
3289 2922 3353 2961 ac

1785 3020 1961 3077 usque
1992 3002 2059 3058 ad
2106 3000 2289 3057 saeculi
2325 3001 2848 3054 consummationem
2883 3014 2981 3068 pro
3018 3013 3084 3052 eo
3118 3014 3181 3052 ac
3204 2999 3353 3067 quis-

1788 3113 1896 3170 que
1923 3095 2081 3150 malis
2114 3091 2365 3156 afficitur,
2417 3105 2634 3160 semper
2664 3090 2889 3161 mystice
2922 3090 3181 3143 bonitatis
3216 3098 3349 3141 nutu

145 3183 353 3251 patitur;
395 3187 566 3256 magis
610 3184 796 3253 utique
851 3178 1047 3239 merito
1090 3185 1226 3239 deus
1270 3186 1395 3249 erit,
1443 3189 1537 3256 qui
1588 3191 1681 3245 Dei
1725 3190 2025 3248 imitatione
2056 3181 2411 3238 humanitatis
2441 3179 2625 3234 studio
2686 3194 2749 3233 ac
2812 3178 3163 3247 benigniuite,
3199 3176 3352 3230 labe-

140 3279 358 3332 matiam
402 3255 538 3332 mala
581 3294 645 3333 ac
684 3279 1058 3348 aegritudines,
1126 3295 1223 3347 per
1266 3255 1485 3349 sciipse
1532 3284 1715 3341 divine
1753 3286 2084 3344 medicatur;
2150 3274 2509 3343 eamdemque
2549 3286 2673 3327 cum
2701 3272 2813 3326 Deo
2850 3286 2949 3340 pro
2983 3278 3095 3324 rata
3139 3285 3235 3324 sua
3270 3286 3361 3323 rn-

140 3372 279 3426 tione
306 3373 529 3427 salubris
552 3371 910 3442 providentiae
938 3372 1046 3425 vim
1073 3362 1374 3437 secundum
1405 3376 1681 3445 affectum,
1721 3381 1923 3436 habere
1950 3382 2302 3433 monstratur.

197 3460 293 3523 Τίς
314 3458 406 3514 οὖν
437 3461 539 3531 ἄρα
575 3461 712 3532 πρὸς
759 3460 960 3529 ἀρετὴν
1007 3460 1149 3512 οὕτω
1196 3460 1393 3530 βραδύς
1432 3467 1546 3516 ἐστι
1586 3468 1679 3518 καὶ
1707 3476 1751 3533 C

138 3548 454 3622 δυσκίνητος,
484 3551 621 3605 ὥστε
655 3551 728 3622 μὴ
766 3551 1011 3620 ἐφίεσθαι
1045 3551 1319 3621 θεότητος,
1379 3554 1552 3619 οὕτως
1593 3558 1682 3609 εὐ·-

142 3640 272 3695 ώνου
291 3661 345 3695 τε
370 3644 461 3696 καὶ
500 3642 823 3712 εὐπορίστου
860 3642 951 3694 καὶ
984 3642 1169 3712 ῥᾳδίας
1202 3642 1368 3712 οὔσης
1401 3648 1496 3711 τῆς
1536 3649 1675 3717 κτή-

146 3746 305 3795 σεως;
344 3733 611 3801 ’Δσφαλὴς
636 3732 693 3785 δὲ
724 3732 927 3785 τούτων
953 3734 1068 3785 ἐστὶ
1102 3732 1196 3785 καὶ
1225 3734 1418 3798 ἄσυλος
1445 3737 1681 3807 φυλακὴ,

142 3821 225 3871 καὶ
250 3823 484 3892 εὐμαρὴς
530 3823 665 3892 πρὸς
707 3822 977 3893 σωτηρίαν
999 3824 1113 3886 ὁδός
1136 3839 1148 3852 ο
1186 3820 1273 3895 ἦς,
1308 3822 1484 3895 οἶμαι,
1518 3831 1684 3898 χωρὶς

146 3910 247 3961 κατ’
268 3909 519 3979 ἀλήθειαν
554 3910 705 3963 οὐδὲν
735 3909 886 3962 ἔσται
922 3912 1029 3962 τῶν
1072 3912 1290 3976 ἀγαθῶν
1335 3915 1582 3976 ἀϐλαϐῶς
1608 3916 1685 3983 τῷ

152 3998 295 4068 ἔχοντι
348 4000 813 4069 συντηρούμενον
864 4002 897 4068 η
934 4001 1297 4069 αὐτοπραγία,
1348 4005 1519 4053 είτουν
1562 4003 1684 4055 ίδιοο

155 4092 351 4157 πραγία,
377 4091 444 4143 δι’
467 4086 535 4161 ἧς
576 4090 644 4141 τὰ
674 4090 793 4141 καθ’
824 4090 1049 4151 ἑαυτοὺς
1093 4094 1313 4142 σκοπεῖν
1344 4108 1403 4143 τε
1439 4092 1533 4143 καὶ
1573 4093 1684 4145 δια-

154 4179 458 4233 σκέπτεσθαι
504 4181 698 4249 μόνους
766 4179 1147 4249 μανθάνοντες,
1175 4181 1275 4234 ’τοῦ
1342 4185 1468 4252 παρ’
1512 4183 1684 4237 ἄλλων

144 4264 373 4341 διακενῆς
418 4270 624 4341 βλάὗην
662 4270 804 4340 ἔχειν
852 4270 1301 4339 ὲλευθερούμεθα.
1336 4273 1397 4325 Ei
1430 4274 1536 4343 γὰρ
1565 4275 1683 4326 ἑαυ-

148 4358 257 4420 τοὺς
304 4362 493 4430 μόνους
552 4363 684 4431 ὁρᾷν
720 4378 778 4413 τε
824 4362 919 4413 καὶ
960 4361 1171 4423 ἑτάζειν
1224 4362 1507 4431 μάθοιμεν,
1541 4364 1681 4416 οὐδέ-

146 4462 263 4501 ποτε
284 4454 387 4514 τοῖς
412 4453 523 4505 τῶν
538 4452 732 4514 ἄλλων,
766 4453 840 4513 ὡς
878 4451 923 4502 δ’
947 4453 1013 4504 ἂν
1048 4451 1238 4519 ἔχοντα
1264 4452 1527 4519 τύ,;ιυσιν;
1563 4457 1687 4505 ἐπι-

146 4534 432 4607 Θησόμεθα·
466 4541 826 4609 γινώσκοντες
858 4541 953 4592 ἕνα
997 4541 1157 4609 μόνον
1198 4542 1391 4611 κριτὴν
1440 4545 1601 4608 σοφόν
1629 4561 1684 4596 τε

143 4630 226 4681 καὶ
270 4630 477 4684 δίκαιον
520 4631 613 4681 τὸν
665 4630 816 4692 Θεὸν,
863 4630 954 4680 τὸν
1003 4630 1181 4697 σοφῶς
1220 4648 1277 4682 τε
1322 4634 1415 4683 καὶ
1467 4633 1687 4696 δικαίως

147 4719 299 4771 πάντα
341 4721 409 4773 τὰ
458 4721 717 4789 γινόμενα
776 4719 1067 4787 κρίνοντα’
1122 4718 1245 4772 καθ’
1290 4720 1348 4771 ὃν
1396 4706 1685 4792 γεγένηται

1865 3461 2219 3533 Ὶδιοπραγία,
2249 3476 2331 3523 ac,
2365 3459 2502 3531 quod
2552 3475 2665 3529 quis
2703 3473 2800 3511 sua
2835 3464 2976 3510 curet
2998 3453 3233 3525 agatque
3262 3455 3360 3506 do-

1782 3577 1969 3614 norum
2007 3558 2101 3611 Dei
2139 3563 2253 3609 tuta
2292 3556 2349 3619 in
2384 3554 2528 3608 nobis
2557 3549 3053 3616 custodia.—Quis
3074 3534 3151 3604 sic
3186 3550 3351 3618 igitur

1783 3652 1849 3704 ad
1876 3651 2133 3704 virtutem
2165 3647 2372 3710 tardus,
2404 3645 2592 3714 sicque
2620 3652 2769 3698 motu
2797 3643 2976 3711 segnis
3004 3657 3067 3694 ac
3090 3639 3347 3715 diliicilis,

1783 3751 1842 3794 ut
1875 3741 2093 3794 deitatis
2136 3737 2410 3792 desiderio
2441 3752 2549 3789 non
2580 3744 2793 3803 agatur,
2825 3747 2985 3800 quam
3028 3730 3171 3784 facili
3214 3729 3349 3782 adeo

1783 3834 1957 3901 pretio
1983 3844 2233 3882 coemere
2260 3843 2323 3881 ac
2348 3840 2663 3893 comparare
2694 3824 2889 3892 queat?
2920 3823 3057 3875 Tuta
3098 3835 3248 3887 vero,
3284 3835 3347 3873 ac

1784 3918 2113 3972 inviolabilis
2154 3919 2348 3971 horum
2380 3914 2628 3968 custodia
2660 3922 2767 3977 est,
2796 3912 3076 3979 facilisque
3104 3910 3168 3963 ad
3200 3910 3343 3962 salu-

1788 4015 1892 4061 tem
1912 4008 2017 4071 via,
2038 4007 2153 4060 sine
2173 4020 2277 4073 qua
2298 4005 2379 4073 (ut
2399 4019 2500 4073 ego
2516 4002 2736 4071 quidem
2755 4000 3026 4069 existimo)
3048 4013 3206 4052 nemo
3220 4013 3349 4051 vere

1782 4115 1843 4152 ea
1869 4114 1987 4167 quae
2012 4097 2222 4151 obtinet
2247 4096 2409 4160 bona,
2438 4095 2601 4149 illaesa
2634 4092 2950 4153 servaverit,
2979 4098 3035 4144 et
3079 4097 3137 4142 ut
3166 4088 3347 4142 damni

1784 4189 1919 4241 nihil
1952 4188 2203 4257 accipiat,
2235 4187 2319 4239 sui
2353 4186 2440 4238 illa
2469 4184 2677 4253 privata
2707 4190 2809 4245 est,
2838 4196 2899 4234 ac
2923 4195 3101 4233 rerum
3127 4195 3347 4232 suarum

1785 4278 2114 4346 agendarum
2159 4291 2324 4339 cura;
2370 4288 2496 4342 qua,
2544 4280 2729 4326 nostra
2776 4270 3037 4323 duntaxat
3073 4268 3349 4340 dispicere

1784 4368 1928 4421 docti
1978 4382 2042 4420 ac
2086 4365 2456 4426 considerare,
2488 4364 2542 4416 id
2589 4362 2997 4431 consequimur,
3033 4371 3092 4415 ut
3132 4354 3199 4415 ab
3229 4363 3352 4416 aliis

1787 4459 1921 4511 nihil
1965 4456 2166 4510 frustra
2211 4454 2395 4509 damni
2430 4454 2780 4521 accipiamus.
2813 4453 2869 4507 Si
2901 4452 3048 4507 enim
3080 4469 3180 4507 nos
3208 4454 3351 4522 ipsos

1785 4550 1959 4603 solum
2005 4547 2201 4601 intueri
2237 4562 2301 4599 ac
2344 4546 2656 4601 examinare
2690 4546 3024 4609 noverimus,
3072 4560 3350 4613 nunquam

1789 4637 1841 4689 in
1891 4636 1977 4688 illa
2021 4648 2141 4705 qua:
2181 4644 2307 4688 sunt
2340 4636 2594 4697 aliorum,
2626 4636 2999 4703 cujuscunque
3042 4633 3184 4687 modi
3219 4635 3348 4693 sint,

1786 4726 2018 4795 grassari
2064 4725 2220 4778 nobis
2254 4726 2686 4795 indulgehimus;
2720 4722 2812 4792 qui
2843 4724 3098 4776 nimirum
3129 4723 3367 4776 unicum

148 4803 296 4877 λόγον,
347 4810 465 4862 ἀλλ’
538 4809 600 4862 οὐ
650 4808 769 4862 καθ’
814 4809 871 4859 ὸν
937 4810 1315 4879 πεφανέρωται
1354 4812 1585 4881 τρόπον’
1629 4814 1682 4866 ὃν

1785 4816 2021 4885 judicem
2069 4830 2191 4869 cum
2225 4815 2524 4883 sapientem
2569 4823 2681 4867 tum
2724 4815 2953 4883 justum,
2996 4822 3189 4868 cuncta
3232 4830 3351 4881 qua!

145 4896 257 4960 ἴσως
285 4900 350 4952 ἂν
378 4900 626 4952 δύναιντο
654 4900 748 4952 καὶ
785 4898 1058 4968 ἄνθρωποι
1081 4900 1301 4967 κρίνειν,
1328 4901 1579 4971 ἀμυδρῶς
1604 4907 1683 4966 εἰς

139 4986 192 5039 τὸ
214 4992 536 5056 φαινόμενον
584 4991 895 5059 βλέποντες·
931 4991 1056 5060 περὶ
1082 4992 1110 5042 ὂ
1143 4993 1201 5042 οὐ
1236 4992 1447 5055 πάντως
1479 4996 1622 5045 ἐστὶν
1651 4996 1684 5065 ἡ

138 5082 373 5153 ἀλήθεια,
398 5084 523 5135 οὐδὲ
555 5082 662 5135 τῶν
696 5083 993 5149 γινομένων
1014 5082 1041 5133 ὁ
1069 5082 1243 5148 λόγος.
1285 5082 1343 5133 '0
1370 5084 1424 5135 δὲ
1448 5084 1598 5148 Θεὸς,
1626 5086 1685 5136 τὸ

135 5171 325 5239 ἀφανές
352 5191 413 5224 τε
438 5171 641 5240 κίνημα
669 5172 763 5241 τῆς
782 5172 979 5240 ψυχῆς,
1000 5174 1092 5224 καὶ
1118 5174 1215 5242 τὴν
1243 5173 1467 5244 ἀόρατον
1488 5175 1681 5245 ὁρμὴν,

138 5267 219 5316 καὶ
248 5266 340 5315 τὸν
379 5264 536 5329 λόγον
568 5265 749 5324 αὑτὸν,
800 5263 920 5315 καθ’
949 5263 1006 5314 ὃν
1032 5263 1284 5332 ὥρμηται
1320 5267 1350 5334 ή
1387 5265 1551 5334 ψυχὴ,
1590 5268 1684 5319 καὶ

137 5353 213 5404 τὸν
247 5353 340 5404 τοῦ
388 5352 570 5417 λόγου,
607 5352 806 5403 σκοπόν
830 5367 841 5379 ⁸
871 5353 1137 5412 τουτέστι,
1172 5354 1227 5405 τὸ
1277 5356 1473 5417 παντὸς
1509 5357 1683 5423 πράγ-

139 5461 291 5510 ματος
336 5443 831 5513 προεπινοούμενον
848 5442 891 5472 ⁸⁵
922 5443 1074 5505 τέλος
1111 5444 1342 5512 βλέπων,
1385 5446 1557 5514 κρίνει
1607 5447 1682 5498 δι-

196 5585 224 5615 ε
246 5575 441 5632 Matth.
476 5590 594 5639 xxv,
621 5576 713 5631 40.
791 5582 815 5608 ο
852 5574 894 5627 ll
922 5561 1051 5629 Cor:
1079 5591 1109 5627 v
1122 5591 1198 5639 ιιι,
1226 5576 1279 5628 9.

1790 4908 1927 4959 liuut
1980 4906 2254 4974 sapienter
2296 4905 2548 4971 justeque
2591 4906 2923 4972 judicantem
2993 4906 3193 4963 Deum,
3242 4919 3348 4957 non

1789 4996 2128 5064 ignoremus;
2160 5008 2372 5060 nempe,
2404 5008 2508 5061 qua
2542 4995 2751 5045 ratione
2779 4994 2867 5047 illa
2899 4994 3035 5048 facta
3071 5001 3217 5054 sunt,
3242 5009 3350 5044 mm

1788 5104 1853 5140 eo
1887 5088 2048 5140 modo
2078 5102 2186 5155 quo
2224 5085 2471 5153 prodita;
2506 5070 2615 5153 quo
2640 5086 2802 5139 etiam
2838 5086 2976 5139 forte
2998 5084 3353 5151 homincsju-

1791 5178 1973 5230 dieare
2023 5177 2251 5245 possint,
2298 5178 2563 5246 tantisper
2606 5176 2839 5231 obscure
2887 5177 2989 5230 hoc
3031 5183 3352 5229 contuenti-re

1791 5267 1934 5334 quod
1970 5276 2053 5320 est
2096 5267 2470 5334 conspicuum,
2503 5270 2566 5323 ac
2601 5270 2776 5323 oculis
2809 5276 2992 5336 paret;
3027 5266 3077 5318 in
3107 5280 3214 5333 quo
3244 5281 3351 5318 non

1790 5357 2010 5410 omnino
2051 5357 2152 5409 sita
2179 5358 2399 5419 veritas,
2433 5369 2525 5412 aut
2550 5374 2885 5425 eorumqnze
2919 5357 3053 5409 fiunt
3082 5355 3221 5407 ratio
3252 5372 3350 5423 pn-

1789 5454 1890 5503 sita
1932 5455 2034 5502 est.
2066 5449 2207 5501 Deus
2250 5458 2453 5513 autem,
2486 5451 2778 5505 obscurum
2830 5450 3002 5517 ipsum
3035 5447 3201 5499 animi
3238 5463 3354 5499 mo-

1412 5686 1641 5741 VARl/F.
1685 5688 2081 5745 LFCTIONES.

197 5779 241 5812 ιι
274 5778 329 5834 δὲ
358 5776 616 5848 δῆλονὸτι
645 5775 705 5830 ε,
742 5776 789 5829 Α
888 5775 930 5805 ⁸⁸
984 5770 1461 5842 προεπιθοουμένου
1495 5776 1552 5829 C.
1597 5780 1658 5830 A.

532 5870 787 5930 ΡΑτιιοι..
833 5868 946 5929 Ge.
988 5867 1138 5929 XCI.
