3958 6338
44 473 119 535 717

38 589 149 657 λόγῳ
171 587 342 656 ὥσπερ
389 585 579 651 λεπτὰ,
611 587 703 638 τὸν
738 587 876 649 τέως
915 586 1220 657 σύμμετρον
1249 584 1408 653 λόγον
1447 587 1542 639 καὶ
1571 598 1611 653 Α

42 674 203 745 βίον-ἢ
234 673 407 725 πίστιν
452 673 547 726 καὶ
589 672 796 743 ἀγαθὴν
834 672 1165 742 συνείδησιν
1276 673 1387 743 τὴν·
1410 676 1537 744 περὶ

39 769 119 817 τῶν
167 764 390 817 καλῶν⁸⁷
446 764 559 828 ἕξιν
603 765 697 817 καὶ
746 764 1058 837 ἐνέργειαν·
1110 766 1143 834 ἢ
1192 766 1288 834 τὴν
1332 766 1539 828 τούτοις

44 855 295 924 πρόσφορον
323 853 562 924 θεωρίαν
604 855 697 907 καὶ
740 856 937 925 πρᾶξιν
962 872 974 884 ·
1032 856 1065 925 ἢ
1124 857 1226 925 τὴν
1275 856 1538 924 ἀνάλογον

42 946 196 1013 γνῶσιν
232 945 319 997 καὶ
357 946 590 1014 ἀρετήν·
640 944 674 1016 ῆ
715 946 844 1007 τοὺς
891 947 1087 1015 μικρὸν
1153 946 1291 1015 ὑπὲρ
1346 946 1537 1009 ταῦτα,

46 1036 150 1103 φημὶ
185 1035 234 1087 δὲ
273 1037 401 1097 τοὺς
437 1036 494 1087 ὲν
534 1034 611 1105 τῷ
644 1035 863 1105 φυσικῷ
908 1034 1108 1105 καὶτῷ
1138 1036 1366 1107 γραπτῷ
1394 1037 1541 1107 νόμῳ

46 1127 204 1191 Λόγους,
231 1123 316 1186 οὒς
356 1127 394 1195 ἡ
434 1124 578 1195 ψυχὴ
605 1126 935 1195 κεκτημένη,
965 1125 1086 1179 κατ’
1130 1126 1383 1179 ἔκστασιν
1416 1126 1537 1179 τού-

48 1231 121 1266 των
154 1215 234 1267 καὶ
255 1215 447 1283 ἄφεσιν
484 1218 559 1279 ὡς
584 1217 705 1269 ὅλου
748 1217 864 1285 βίου
908 1219 998 1270 καὶ
1033 1217 1147 1286 ζωῆ
1160 1235 1202 1282 ς,
1247 1217 1390 1287 μόνῳ
1421 1234 1516 1270 συν

45 1305 226 1374 αοθῆναι
244 1306 313 1374 τῷ
330 1308 497 1376 Λόγῳ
525 1306 617 1358 καὶ
636 1306 753 1375 Θεῷ
777 1309 1093 1378 βουλομένη,
1114 1308 1391 1378 ’προσάγει
1406 1325 1421 1337 ·
1450 1310 1542 1361 καὶ

48 1395 129 1446 τῶν
158 1396 271 1447 κατὰ
313 1395 478 1463 φύσιν
524 1396 619 1448 καὶ
653 1396 814 1465 νόμον
864 1396 1054 1465 βιαίων
1105 1397 1318 1465 τρόπων
1345 1413 1403 1449 τε
1449 1400 1542 1449 καὶ

51 1484 223 1551 θεσμῶν
246 1485 323 1537 καὶ
352 1483 515 1545 ἐθῶν,
544 1483 731 1555 ὥσπερ
764 1484 970 1554 ἀνδρῶν
1004 1485 1257 1555 χηρεύειν
1298 1485 1537 1555 δέχεται-

56 1574 146 1625 εἴτε
176 1591 217 1625 τι
248 1574 361 1628 ἄλλο
409 1574 615 1628 τούτων
653 1575 1185 1646 πιευματικιέγτερον,
1228 1577 1320 1628 καὶ
1364 1578 1544 1645 μόνοις

62 1663 265 1733 aeterm
308 1668 422 1729 τοῖς
474 1667 727 1737 καθαροῖς
759 1667 857 1738 τὴν
890 1668 1147 1729 διάνοιαν,
1174 1667 1261 1719 διὰ
1301 1667 1393 1719 τοῦ
1424 1669 1543 1720 καθ’

66 1754 242 1823 impiae
272 1757 647 1826 πληρωθέντος
685 1748 1015 1828 γράμματος
1053 1760 1082 1810 ὁ
1119 1757 1275 1823 λόγος
1306 1758 1542 1810 αἰνίττε-

60 1857 135 1893 ται.
162 1844 319 1897 Πάντα
356 1846 467 1916 γὰρ
503 1848 582 1914 τῷ
626 1849 766 1900 κατὰ
803 1846 1077 1915 θεολογίαν
1106 1846 1383 1917 ὲποπτικῷ
1414 1864 1543 1913 συγ-

53 1933 293 2000 κρινόμενα
349 1915 510 2009 λόγῳ,
562 1938 629 1991 τὰ
665 1939 723 1990 ὲν
772 1937 1076 2008 ἀνθρώποις
1113 1915 1370 1989 δοκοῦντα
1424 1940 1545 1989 κατ’
1579 1915 1619 1972 Β

51 2021 207 2092 ἀρετὴν
235 2022 369 2078 εἶναι
400 2027 631 2095 μεγάλα,
660 2028 832 2098 μικρὰ
874 2026 1153 2096 τυγχάνει.
1197 2027 1343 2095 Πλὴν
1371 2042 1436 2093 γε
1463 2028 1545 2079 ὃτι

47 2112 122 2165 κᾶν
159 2116 347 2184 μικρὰ,
384 2117 475 2169 καὶ
513 2119 569 2184 ἐξ
618 2118 750 2188 ὕλης
795 2109 1042 2178 εὐτελοῦς
1076 2118 1170 2169 καὶ
1201 2117 1260 2170 οὐ
1303 2118 1434 2170 πολὺ
1464 2135 1547 2169 τι-

48 2204 174 2271 μίας·
223 2206 335 2258 ἀλλ’
377 2203 467 2260 οῦν
504 2211 610 2271 τοῖς
655 2211 719 2261 ὲκ
766 2207 967 2277 χρυσοῦ
1020 2205 1315 2276 νομίσμασι
1360 2207 1460 2275 τῆς
1491 2210 1546 2259 ὲν

45 2292 162 2358 ibi;
196 2297 537 2368 τιμιωτέρας,
578 2298 613 2351 ἃ
659 2297 1059 2369 προσφέρουσιν
1086 2297 1135 2348 οἱ
1164 2281 1549 2367 εὐπορώτεροι,

48 2389 151 2437 κατὰ
177 2389 234 2439 τὸ
262 2390 369 2441 ἴσον
394 2390 481 2442 τὸν
513 2389 784 2459 βασιλικὸν
807 2388 1125 2458 χαρακτῆρα
1148 2388 1397 2455 φέροντα,
1415 2388 1553 2440 κατὰ

46 2473 133 2541 [καὶ
164 2474 240 2547 τὸ]
278 2478 439 2530 πλέον
487 2482 617 2543 ῐσως
670 2479 861 2550 ἔχοντα
898 2478 995 2546 τῆς
1032 2476 1410 2548 προσαγούσης
1457 2477 1572 2544 τῆν’

50 2563 93 2626 ἒξ
109 2563 217 2633 ὅλης
249 2566 534 2630 διαθέσεως
561 2568 836 2637 πρόθεσιν.

1343 472 1729 532 MYSTAGOG
1742 474 1834 531 IA.

3075 470 3181 539 ἨΒ

1642 603 1855 655 cunque
1904 597 2109 643 tantum
2156 587 2315 642 vidua
2362 586 2495 651 hate,
2542 588 2767 656 ejusque
2824 584 2932 640 duo
2976 586 3185 642 minuta

1638 675 1877 742 fuerint;
1904 676 2018 731 sive
2059 677 2237 729 anima
2265 676 2403 729 vitio
2428 675 2591 728 vidua
2635 689 2697 728 ac
2723 690 2843 744 qua:
2883 672 2986 727 viri
3016 673 3187 727 instar

1640 769 1811 822 veteri
1844 768 2039 822 amissa
2068 769 2205 836 lege,
2235 766 2477 821 nondum
2502 763 2712 820 summa
2743 766 2832 819 illa
2866 781 2929 819 ac
2950 763 3185 834 perfecta

1639 875 1758 912 eum
1793 858 1968 931 verbo
2007 873 2069 912 ac
2111 859 2220 911 Deo
2252 856 2633 926 conjunctione
2680 855 2839 924 digna
2880 862 3057 919 esset;
3099 853 3187 907 cui

1642 960 1821 1024 tamen
1862 949 2185 1003 art-habenis
2233 949 2352 1002 loco
2405 948 2554 1000 velut
2593 945 2701 999 duo
2744 945 2903 1013 527
2950 944 3189 1005 minuta.

1639 1048 2097 1107 contemperatam
2141 1037 2405 1091 rationem
2447 1052 2509 1090 ac
2558 1034 2722 1088 vitam
2769 1033 3025 1113 oﬂ'erret;
3076 1033 3192 1086 sive

1642 1127 1800 1182 ﬁdem
1822 1144 1885 1182 ac
1930 1129 2123 1182 bonam
2147 1126 2700 1189 conscientiam,vsive
2739 1124 2881 1179 circa
2903 1124 3190 1177 honestum
3256 1168 3262 1176 .

1639 1229 1945 1291 versantem
1972 1219 2218 1274 habitum
2267 1227 2323 1274 et
2368 1230 2570 1282 actum,
2612 1218 2726 1271 sive
2769 1215 2854 1268 his
2894 1228 3190 1283 congruam

1640 1310 2147 1378 contemplationem
2177 1320 2233 1365 et
2259 1310 2557 1373 actionem,
2587 1308 2700 1361 sive
2751 1295 2869 1375 qu'm
2899 1304 3006 1358 illis
3044 1312 3192 1358 uaria

1640 1399 1870 1466 quadam
1898 1400 2107 1454 ratione
2143 1398 2489 1468 respondent,
2515 1397 2797 1453 scientiam
2841 1405 3002 1463 atque
3023 1394 3195 1447 virtu-

1643 1497 1787 1552 tem;
1823 1489 1937 1543 sive
1980 1504 2101 1558 qua:
2134 1490 2293 1558 paulo
2324 1489 2428 1542 hoc
2465 1496 2743 1558 superant,
2772 1486 2825 1539 in
2865 1484 3098 1537 naturali
3132 1497 3195 1536 ac

1641 1574 1855 1645 scripta
1882 1578 1998 1647 lege
2036 1580 2241 1646 positas
2281 1578 2551 1642 rationes,
2595 1593 2749 1646 quas,
2798 1591 2916 1646 quae
2959 1573 3199 1644 possidet

1643 1667 1840 1731 anima,
1883 1668 1949 1722 iis
1985 1668 2316 1733 excedenda,
2341 1668 2597 1736 velutque
2640 1666 2998 1720 substantiam
3028 1671 3195 1718 totam

1643 1774 1704 1811 ac
1747 1758 1949 1811 victum
2000 1758 2389 1827 relinquendo,
2445 1757 2543 1811 soli
2580 1756 2759 1810 Verbo
2798 1771 2859 1809 ae
2884 1755 2993 1808 Deo
3032 1768 3201 1823 copu-

1645 1847 1744 1900 lari
1787 1848 2053 1911 ambiens,
2092 1849 2283 1909 oﬂ‘ert,
2319 1848 2599 1916 libensque
2643 1846 2826 1910 habet,
2857 1845 3001 1915 quod
3040 1851 3200 1898 natu-

1649 1937 1852 1993 ralibus
1886 1954 1948 1993 ac
1983 1939 2247 2008 legalibus
2288 1937 2541 1992 violentis
2585 1935 2781 2003 modis,
2812 1935 2985 1998 scitis,
3028 1934 3199 1988 mori-

1650 2030 1769 2094 bus,
1800 2038 2054 2099 tanquam
2079 2030 2227 2090 viris.
2254 2029 2416 2082 vidua
2445 2036 2558 2091 est;
2592 2027 2705 2082 sive
2734 2024 2881 2080 aliud
2903 2024 3200 2094 quidquam

1651 2121 1737 2173 his
1778 2123 2096 2189 spiritalius,
2131 2136 2193 2174 ac
2220 2120 2373 2190 cujus
2403 2114 2503 2174 Soli
2548 2120 2750 2173 mundo
2790 2119 2955 2173 corde
2998 2115 3200 2169 intelli-

1649 2209 1883 2276 gentiam
1923 2217 2298 2277 assequantur,
2330 2225 2428 2277 per
2460 2208 2697 2261 litteram
2727 2207 2903 2276 reipsa
2942 2204 3200 2258 historice

1653 2297 1950 2367 impletam,
1980 2299 2563 2367 Scripturaoccultius
2603 2299 2821 2353 i'ndicat.
2856 2297 3203 2365 Qumcunque

1651 2388 1796 2440 enim
1824 2388 2081 2452 humana,
2109 2390 2211 2443 etsi
2239 2390 2439 2443 Virtute
2459 2406 2649 2460 magna
2678 2390 2985 2453 videantur,
3009 2387 3204 2456 exigua

1652 2486 1799 2539 sunt,
1845 2478 1890 2529 si
1934 2492 2057 2530 cum
2106 2478 2290 2535 divina
2314 2480 2422 2548 jam
2467 2478 2790 2547 inspectrice
2821 2476 3027 2531 ratione
3070 2488 3200 2528 con-

1653 2566 1915 2620 ferantur.
1952 2567 2153 2620 Verum
2201 2560 2328 2622 licet
2358 2569 2571 2638 exigua,
2612 2583 2784 2638 exque
2824 2567 2916 2620 vili
2949 2580 3050 2619 nec
3082 2579 3205 2633 ιπε-

49 2652 153 2708 tios:
207 2657 489 2713 admodum
523 2660 768 2723 materia,
829 2676 983 2729 aeque
1026 2669 1203 2713 tamen
1268 2672 1331 2712 ac
1363 2672 1522 2729 aurea
1558 2662 1884 2714 nomismata
1916 2647 2073 2729 ~(qua
2136 2647 2424 2730 pretiosior
2484 2662 2631 2716 nulla
2689 2661 2932 2730 materia)
2979 2673 3041 2713 ac
3085 2673 3205 2726 qua;

48 2747 369 2813 epulentiores
394 2750 657 2814 oﬂ'erunt,
682 2766 803 2805 cum
831 2742 1172 2819 obsignatam
1190 2748 1390 2817 regiam
1418 2748 1644 2819 ﬁguram
1676 2751 1898 2816 habent,
1946 2761 2058 2806 tum
2106 2752 2245 2807 forte
2278 2733 2440 2826 etiam
2505 2753 2785 2807 oﬂ‘erentis
2842 2768 2910 2808 ex
2974 2761 3087 2833 toto
3122 2753 3204 2807 af-

48 2833 166 2889 fectu
192 2840 450 2907 proposito
479 2848 756 2909 praestant.

107 2932 287 3000 Ταύτην
312 2934 472 3001 κάγὼ
513 2933 841 3004 μιμούμενος
866 2933 965 3005 τὴν
1002 2935 1192 3004 χήραν,
1219 2932 1334 3003 Θεῷ
1366 2949 1424 2985 τε
1455 2932 1547 2985 καὶ

47 3020 167 3086 ύμῖν,
193 3022 546 3094 ἠγαπημένοι,
586 3023 651 3075 τὰ
684 3024 850 3093 μικρά
889 3024 1058 3075 ταῦτα
1103 3024 1195 3080 καὶ
1218 3023 1425 3091 εὐτελῆ,
1461 3023 1552 3074 καὶ

45 3111 87 3173 ἐξ
131 3113 357 3176 εὐτελοῦς
416 3115 514 3166 καὶ
565 3113 785 3183 πτωχῆς
854 3114 1094 3175 διανοίας
1146 3114 1240 3165 καὶ
1300 3113 1551 3180 γλώσσης

51 3206 443 3272 προενηνεγμένα
471 3205 719 3274 νοήματά
747 3221 804 3256 τε
842 3207 937 3256 καὶ
997 3206 1213 3273 ῥήματα
1243 3204 1427 3271 ὥσπερ
1458 3203 1548 3254 λε-

57 3294 140 3353 πτὰ,
170 3296 296 3362 περί
318 3289 395 3346 ὧν
420 3295 761 3357 ἐκελεύσατε,
800 3297 1166 3363 προσενήνοχα
1187 3309 1200 3323 ο
1222 3293 1549 3360 παρακαλῶν
1577 3272 1620 3329 C

48 3379 115 3447 τὴν
156 3383 524 3451 εὐλογημένην
559 3384 711 3452 ὑμῶν
747 3383 843 3435 καὶ
888 3383 1045 3449 ἁγίαν
1094 3383 1269 3452 ψυχήν
1292 3398 1303 3411 ·
1341 3384 1551 3451 πρῶτον

48 3470 134 3534 μὲν,
168 3472 394 3541 μηδενὸς
432 3472 511 3524 ἔτι
539 3473 644 3525 τῶν
673 3473 804 3542 παρ’
851 3471 983 3542 ἐμοῦ
1031 3473 1334 3540 λεγομένων
1364 3474 1556 3544 ἔγγρα-

46 3573 118 3618 ςον
140 3558 359 3628 ζητῆσαι
392 3561 707 3629 σημείωσιν,
732 3560 876 3613 δυοῖν
914 3560 1125 3613 ἕνεκεν·
1164 3562 1279 3623 ἑνὸς
1322 3561 1438 3630 μὲνι
1474 3564 1553 3614 δτι

44 3646 236 3715 μηδέπω
274 3652 360 3703 τὸν
408 3653 573 3720 φόβον
610 3654 928 3722 ἐκτησάμην
952 3653 1043 3704 τοῦ
1092 3652 1225 3704 Θεοῦ
1263 3653 1355 3705 τὸν
1398 3653 1556 3720 ἁγνὸν

45 3740 117 3787 ui
142 3738 465 3807 διαμένοντα,
498 3743 605 3794 οὐδ’
632 3743 831 3811 ἀρετῆς
853 3742 965 3805 ἕξιν
1007 3744 1317 3811 στερέμνιον
1363 3745 1454 3795 καὶ
1487 3744 1558 3795 δι-

46 3828 297 3898 καιοσύνης
335 3832 569 3901 ἀληθοῦς
622 3832 785 3901 πῆξιν
826 3832 1091 3901 σταθερὰν
1119 3834 1211 3884 καὶ
1235 3833 1553 3897 ἀσάλευτον,

48 3914 100 3967 τὰ
134 3924 499 3990 μαρτυροῦντα.
542 3924 775 3992 μάλιστα
818 3927 930 3985 τοῖς
968 3923 1146 3989 λόγοις
1196 3924 1255 3973 τὸ
1304 3922 1551 3990 βέϐαιον·

55 4006 198 4078 ἑτέρου
231 4015 304 4079 δὲ,
348 4017 433 4070 ὅτι
465 4016 652 4085 πολλῷ
685 4016 911 4069 κλύδωνι
939 4017 1125 4068 παθῶν
1155 4015 1234 4068 ἔτι
1264 4017 1419 4085 δίκην
1451 4016 1550 4071 θα·
1585 4058 1593 4061 -

52 4097 432 4178 λὰσπςιάγρίας
478 4108 949 4178 περιδονούμενος,
993 4109 1084 4159 καὶ
1127 4107 1259 4159 πολὺ
1296 4107 1386 4159 τοῦ
1415 4106 1555 4160 θείου

46 4191 267 4261 ἀπαθείας
281 4201 509 4270 ἀπέχων
531 4199 772 4268 λιμένος,
805 4199 897 4252 καί
921 4198 1109 4268 ἄδηλον
1142 4197 1279 4267 ἔχων
1317 4196 1411 4250 τοῦ
1443 4197 1557 4265 βίου

44 4284 89 4333 τὸ
116 4287 284 4356 πέρας,
312 4292 372 4344 οὐ
409 4289 681 4361 βούλομαι
718 4291 855 4358 πρὸς
878 4293 990 4352 τοῖς
1032 4289 1211 4360 ἔργοις
1238 4290 1331 4341 καὶ
1374 4290 1462 4340 τὸν
1504 4291 1559 4341 ἐν

42 4377 291 4447 γράμμασι
334 4384 498 4450 λόγον
551 4382 697 4451 ἔχειν
751 4382 1075 4451 κατήγορον.
1108 4382 1334 4433 Ἔπειτα
1376 4381 1431 4433 δὲ
1462 4380 1560 4449 τῆς

44 4467 310 4533 εὐπειθείας
333 4477 523 4543 χάριν,
559 4475 609 4525 εἰ
634 4472 945 4549 δέοις-ἐστὶν,
981 4470 1390 4539 ἀποδεξάμενοι,
1426 4471 1561 4549 ξίριο

1723 2934 1939 2988 Maximi
1988 2934 2242 2988 modestia
2300 2933 2520 2988 scribere
2563 2934 2922 2987 detrectantis.
2956 2963 3021 2973 —-
3059 2934 3207 2988 Hanc

1652 3042 1869 3095 quoque
1895 3026 2112 3080 viduam
2138 3042 2239 3095 ego
2268 3027 2530 3089 imitatus,
2548 3032 2717 3095 parva
2736 3026 2850 3079 haec
2875 3034 3036 3093 atque
3056 3025 3203 3089 vilia,
3268 3016 3276 3024 ’

1653 3132 1828 3186 exque
1866 3117 1959 3170 vili
1984 3132 2261 3186 egenaque
2294 3127 2474 3170 mente
2502 3131 2567 3168 ac
2594 3116 2776 3184 lingua
2807 3114 3046 3182 profecta
3075 3127 3206 3182 pro-

1653 3209 1871 3277 lataque
1899 3224 2056 3262 sensa
2086 3224 2151 3261 ac
2172 3215 2357 3269 verba,
2392 3207 2543 3260 velut
2578 3206 2807 3267 minuta,
2841 3204 2906 3257 iis
2950 3204 3017 3256 de
3043 3204 3209 3281 rebus

1653 3297 1720 3350 de
1748 3297 1948 3365 quibus
1997 3296 2302 3366 jusseratis,
2354 3284 2467 3349 Deo
2509 3310 2573 3349 ac
2615 3294 2787 3359 vobis,
2841 3291 3205 3357 dilectissimi,

1653 3386 1865 3451 obtuli;
1923 3386 2221 3441 obsecrans
2265 3385 2591 3454 enixiusque
2633 3399 2833 3454 rogans
2863 3382 3208 3437 benedictam

1653 3485 1891 3531 vestram
1922 3492 1987 3532 ac
2016 3487 2254 3532 sanctam
2291 3479 2565 3542 animam;
2603 3476 2839 3546 primum
2873 3475 3114 3544 quidem,
3138 3489 3209 3529 ne

1655 3568 1886 3635 amplius
1916 3584 2037 3637 quze
2071 3584 2212 3622 asine
2240 3567 2495 3622 dicentur
2535 3568 2744 3634 scripto
2772 3581 2857 3620 me
2887 3566 3209 3635 consignare

1655 3661 1931 3728 qureratis,
1968 3660 2172 3728 duplici
2211 3675 2277 3715 ex
2321 3670 2487 3714 causa
2528 3673 2541 3711 :
2588 3659 2759 3713 altera
2793 3658 3037 3727 quidem,
3063 3654 3209 3724 quod

1656 3750 1891 3804 necdum
1948 3750 2046 3804 Dei
2113 3751 2363 3804 timorem
2416 3758 2624 3802 castum
2683 3764 2747 3802 ac
2802 3754 3209 3816 permanentem

1655 3839 1886 3906 adeptus
1938 3839 2039 3891 sim
2066 3850 2112 3899 ⁸,
2179 3854 2280 3891 nec
2335 3838 2557 3892 virtutis
2613 3838 2898 3891 robustum
2939 3837 3206 3902 habitum,

1655 3942 1905 3995 veraque
1928 3927 2155 3997 justitiae
2179 3928 2492 3984 ﬁrmitatem
2528 3943 2593 3982 ac
2616 3929 2992 3981 inconcussam
3040 3927 3210 3981 stabi-

1656 4013 1885 4078 litatem,
1943 4030 2063 4084 qua:
2109 4014 2343 4069 maxime
2388 4016 2474 4070 his
2513 4032 2633 4085 quae
2682 4015 2994 4070 scribuntur
3027 4030 3090 4068 ac
3112 4014 3208 4068 do-

1657 4108 1865 4171 ctrinae,
1899 4108 2277 4163 auctoritatem
2308 4110 2638 4174 conciliant;
2673 4109 2843 4162 altera
2875 4122 3028 4172 vero,
3062 4107 3209 4177 quod

1658 4215 1782 4253 cum
1808 4200 1987 4254 adhuc
2012 4200 2270 4254 vitiorum
2295 4218 2357 4256 ac
2377 4201 2873 4270 perturbationum,
2894 4200 3065 4253 instar
3083 4200 3209 4253 saevi

1626 4286 1843 4356 'maris,
1891 4292 2076 4345 multis
2122 4291 2377 4345 ﬂuetibus
2431 4292 2629 4361 agiter,
2679 4306 2742 4343 ac
2772 4304 2932 4359 quam
2961 4288 3209 4357 procula

1662 4380 1849 4434 divino
1896 4380 2310 4451 tranquillitatis
2351 4381 2539 4445 animi,
2590 4397 2653 4434 ac
2710 4377 3212 4449 imperturbationis

1662 4480 1824 4539 portu
1881 4482 2125 4526 remotus
2171 4472 2293 4535 sint,
2345 4473 2723 4541 incertumque
2756 4471 2881 4524 vita:
2919 4469 3079 4522 ﬁnem
3109 4468 3211 4521 ha-

50 4556 130 4621 στῷ
158 4575 216 4625 με
240 4561 305 4612 δι’
329 4542 515 4632 εύχῶν
545 4542 879 4631 παράθεσθε,
917 4561 993 4630 τῷ
1034 4554 1252 4629 μεγάλῳ
1283 4558 1377 4612 καὶ
1418 4542 1556 4627 μόνῳ

1662 4562 1839 4624 beam,
1867 4562 2035 4615 nolim
2059 4571 2119 4615 ut
2146 4562 2212 4616 ad
2242 4578 2427 4632 opera,
2457 4562 2623 4616 etiam
2666 4561 2868 4629 scripto
2894 4557 3211 4626 consignata

51 4642 136 4713 θεῷ
157 4651 239 4701 καὶ
262 4653 478 4723 Σωτῆρι
511 4651 621 4703 τῶν
643 4652 923 4720 ἡμετέρων
942 4651 1126 4720 ψυχῶν
1146 4668 1159 4681 ο
1188 4646 1231 4717 ᾧ
1260 4653 1291 4719 ἡ
1321 4648 1444 4712 δόξα
1465 4649 1558 4701 καὶ

54 4732 308 4805 τδιράτος.
353 4745 455 4794 σὺν
495 4742 577 4809 τῷ
627 4742 799 4810 Πατρὶ
828 4742 919 4795 καὶ
956 4741 1031 4809 τῷ
1082 4740 1219 4809 ἁγίῳ
1260 4738 1557 4807 Πνεύματι,

51 4824 110 4883 ἐς
138 4830 241 4893 τοῦς
270 4832 502 4893 αἰῶνας.
543 4831 737 4900 Ἀμήν.

1665 4653 1915 4706 doctrina
1941 4652 1996 4705 in
2025 4654 2227 4707 actoris
2252 4663 2461 4721 partem
2518 4651 2757 4705 accedat.
2798 4647 3002 4702 Deinde
3025 4661 3090 4699 eo
3114 4660 3213 4699 no-

1666 4742 1811 4795 mine
1861 4741 2178 4809 probantes,
2240 4739 2507 4808 siquidem
2543 4738 2599 4792 id
2646 4752 2859 4806 mquum
2912 4745 3015 4799 est,
3063 4734 3211 4804 quod
3256 4796 3259 4803 ι

1668 4829 2183 4898 obtemperaverim,
2232 4828 2451 4884 Christo
2488 4843 2573 4883 me
2625 4828 2882 4898 precibus
2932 4840 3210 4881 commen-

42 4919 379 4997 dantqmagno
409 4941 478 4979 ac
509 4924 613 4978 soli
643 4924 775 4986 Deo,
811 4933 1234 4991 nostrarumque
1266 4921 1570 4983 animarum
1607 4920 1895 4987 Salvatori,
1927 4923 2012 4977 cui
2043 4923 2209 4992 gloria
2273 4934 2327 4976 et
2386 4933 2646 4994 potestas,
2672 4939 2795 4977 cum
2837 4923 2995 4977 Patre
3019 4918 3212 4988 etSp-iv

51 5010 127 5061 mu
148 5024 349 5079 sancto,
378 5016 438 5069 in
464 5015 691 5069 saecula.
723 5011 914 5068 Amen.

58 5154 275 5227 Χἔρξαι.
330 5187 490 5236 xvm,
540 5170 627 5223 10.

1276 5229 1507 5317 vAnIA-z
1554 5260 1954 5317 LECTIONES.

76 5344 133 5374 σιτ
178 5348 234 5402 τδ
290 5350 459 5404 καλὸν
508 5349 576 5402 c.
635 5350 699 5403 Α.
751 5359 807 5403 ct
852 5351 939 5404 Fr.
994 5334 999 5337 ⁷
