3958 6338
771 426 874 512 ’119
1915 445 1975 504 s.
2016 444 2301 504 MAXIMI

2355 442 2850 505 3t)NFESSORlS
2872 422 2877 428 ’
3841 444 3918 507 τεο

773 633 3917 667 ,ΒΜ-ἔξω

2876 650 2942 660 0—.

2117 844 2693 938 MONITUM

1540 1086 1644 1148 AD
1685 1085 1953 1148 SANCTI
1993 1051 2274 1145 imum
2309 1080 2708 1143 SERMONES
2748 1081 2899 1141 PER
2942 1082 3223 1152 ELECTA

1638 1251 1736 1309 Ex
1772 1250 1966 1310 sacris
2004 1243 2410 1327 profanisque
2454 1244 2809 1307 auctoribus
2860 1245 3134 1326 collecta.

848 1606 1145 1669 Produxit
1190 1600 1498 1666 Gesnerus
1548 1598 1826 1661 medicus
1857 1598 2046 1660 semel
2085 1603 2145 1659 et
2181 1597 2408 1667 iterum
2456 1611 2596 1655 cum
2649 1596 2917 1658 Antonio
2960 1595 3231 1671 Melissa;
3283 1601 3675 1682 secundaque
3720 1603 3922 1666 editione

775 1686 957 1767 etiam
1000 1722 1139 1768 cum
1189 1706 1425 1767 Joanne
1472 1701 1742 1769 Stobmo,
1777 1699 1883 1778 qui
1928 1698 2148 1760 eodem
2192 1697 2331 1775 ipso
2354 1695 2719 1774 scriptionis
2754 1713 3005 1788 genere,
3045 1697 3109 1759 in
3151 1715 3226 1761 eo
3272 1699 3797 1780 locupletissimus,
3831 1722 3926 1766 usus

774 1815 957 1887 esset.
1006 1810 1075 1868 In
1120 1805 1307 1886 priori
1343 1800 1636 1872 editione,
1676 1815 1892 1881 parum
1941 1802 2108 1875 certe
2156 1794 2417 1866 medice,
2458 1796 2635 1872 quasi
2669 1795 2916 1856 lectoris
2967 1796 3238 1859 laborem
3277 1798 3609 1875 levaturus,
3664 1805 3919 1864 sententias

773 1906 1040 1980 Maximi,
1077 1921 1217 1985 qua)
1250 1903 1483 1967 eisdem
1533 1906 1737 1962 essent
1784 1905 1972 1976 atque
2015 1894 2338 1956 sentcntiae
2389 1894 2645 1955 Melissae
2677 1894 2791 1954 sub
2836 1895 3050 1956 iisdem
3086 1897 3292 1974 titulis,
3332 1917 3555 1962 omnes
3584 1902 3827 1963 obelisco
3849 1920 3923 1963 no-

773 2008 931 2068 tasse
958 2006 1062 2080 ait,
1098 2022 1212 2067 seu
1258 2000 1664 2082 expunxisse;
1711 1996 1876 2077 quod
1914 2002 2079 2058 certe
2114 1993 2316 2074 plagio
2347 1993 2497 2054 mihi
2537 1993 2767 2065 simile;
2804 2012 2943 2056 cum
2996 1998 3333 2081 praesertim
3384 2002 3677 2062 Maximus
3719 2003 3928 2063 Antonio

771 2108 1002 2181 senior,
1038 2114 1096 2169 et
1131 2105 1238 2185 qui
1266 2103 1357 2166 illi
1386 2099 1693 2183 prasiverit
1722 2117 1734 2159 :
1767 2114 1839 2160 ac
1870 2096 2069 2177 palam
2103 2103 2215 2162 est.
2248 2095 2417 2173 quod
2446 2094 2497 2155 is
2521 2097 2701 2185 Joan.
2736 2096 3206 2171 Damascenum,
3239 2100 3531 2161 Photium
3571 2104 3929 2181 patriarcham,

773 2205 1332 2286 Theophylactum,
1372 2188 1791 2263 homines‘sic
1849 2205 2149 2267 recentes,
2206 2194 2439 2255 aliatim
2496 2194 2674 2266 cit-at;
2732 2211 2999 2274 quorum
3038 2197 3186 2257 nihil
3222 2200 3546 2260 Maximus.
3600 2202 3795 2263 Debuit
3824 2214 3941 2279 ergo

772 2312 1038 2375 Maximo
1075 2309 1171 2371 sui
1208 2306 1436 2370 laboris
1463 2304 1595 2366 laus
1621 2302 1809 2382 plena
1846 2304 2316 2371 constare,_non
2344 2298 2478 2376 ejus
2507 2312 2729 2372 magna
2759 2314 2922 2376 pars,
2964 2315 3076 2376 per
3105 2316 3409 2363 summam
3444 2302 3721 2381 injuriam
3754 2305 3809 2365 in
3834 2322 3930 2365 eum

773 2412 1115 2485 transferri,
1153 2410 1260 2491 qui
1289 2409 1454 2470 illius
1488 2405 1664 2467 furtis
1693 2400 2083 2483 profecisset.
2118 2398 2247 2460 Alia
2270 2404 2437 2460 certe
2474 2398 2749 2459 ineunda
2783 2399 2879 2459 via
2909 2401 3041 2479 ejus
3086 2400 3335 2465 levandi
3378 2404 3625 2479 laboris,
3666 2415 3730 2467 ut
3757 2406 3926 2468 scilicet

774 2513 1098 2575 amborum
1133 2522 1499 2573 communes
1541 2501 1877 2566 sententias
1905 2516 2040 2561 esse
2069 2503 2215 2559 nota
2243 2496 2453 2575 aliqua
2480 2496 2860 2557 indicaretur
2898 2514 2910 2555 :
2944 2497 3036 2558 vel
3067 2498 3119 2559 si
3148 2500 3323 2579 cujus
3357 2505 3793 2581 expungendae,
3820 2504 3935 2564 illius

773 2611 985 2693 potius
1022 2605 1477 2689 expungendus,
1514 2603 1623 2683 qui
1670 2601 1838 2663 nulla
1882 2598 1995 2661 alia
2046 2615 2158 2659 sua
2201 2596 2501 2659 industria
2550 2602 2849 2676 parasset,
2903 2598 3014 2659 sed
3058 2615 3133 2660 ex
3166 2604 3479 2682 superiori
3528 2605 3771 2683 digesta,
3814 2606 3935 2667 nulla

775 2711 941 2774 illius
975 2709 1182 2781 laude,
1220 2705 1679 2785 exseripsisset;
1716 2700 1885 2779 quod
1929 2697 2157 2759 Graecis
2198 2697 2381 2758 nimis
2430 2696 2754 2758 familiare.
2798 2698 3033 2769 Quanta
3082 2717 3231 2762 vero
3274 2702 3420 2764 hinc
3472 2706 3725 2767 Maximo
3764 2706 3936 2769 ablata.

776 2812 913 2892 ipse
946 2810 1211 2890 primum
1248 2820 1455 2869 nonus
1493 2820 1696 2866 sermo
1727 2804 2049 2871 monstrat,
2080 2814 2115 2858 a
2145 2814 2271 2877 quo
2319 2796 2545 2876 incipit
2586 2801 2701 2858 ms“.
2741 2798 2993 2859 Maximi
3040 2800 3263 2875 codex,
3308 2802 3460 2863 mihi
3508 2804 3937 2867 humanissimet

718 2923 721 2927 '
778 2911 857 2974 cl.
892 2912 959 2978 ν,
989 2908 1258 2989 ipsoque
1287 2904 1536 2967 erudito
1575 2903 1645 2968 D.
1678 2900 1755 2961 de
1786 2896 2146 2968 Ballesdens
2170 2895 2506 2957 sacerdote
2546 2895 2998 2974 suppeditatus,
3044 2898 3095 2959 si
3132 2899 3281 2978 quid
3320 2900 3466 2964 inde
3518 2904 3585 2965 in
3616 2922 3733 2965 rem
3766 2905 3937 2966 littera-

781 3013 1013 3076 riamra
1051 3025 1149 3070 me
1182 3011 1392 3087 posset
1436 3000 1721 3082 produci,
1772 3014 1910 3058 cum
1962 2994 2327 3058 oblitteratis
2376 2994 2555 3055 initio
2611 2995 2857 3073 ﬁneque
2905 2997 3065 3070 .ibri,
3112 3006 3335 3060 neuter
3385 3013 3590 3064 certus
3643 3013 3809 3077 esset,
3846 3020 3934 3065 eam

754 3111 1023 3176 Maximi
1054 3105 1549 3171 lucubrationem
1579 3101 1688 3163 illo
1717 3097 2047 3161 contineri.
2076 3097 2327 3156 Factum
2360 3092 2464 3155 illo
2495 3096 2715 3174 partim
2748 3096 2892 3156 satis
2922 3097 3074 3158 meis
3103 3100 3279 3173 votis,
3317 3118 3397 3162 ne
3428 3119 3549 3164 una
3570 3105 3815 3165 Gesneri
3839 3103 3932 3188 ﬁde,

780 3212 869 3274 sic
919 3208 1213 3280 sublesta,
1262 3201 1506 3266 Maximi
1564 3214 1723 3277 opus
1769 3193 1890 3257 hoc
1942 3191 2281 3275 vulgarem,
2341 3189 2419 3252 ad
2457 3191 2626 3270 quod
2662 3189 2829 3253 aliud
2882 3193 3035 3254 nihil
3072 3198 3340 3260 subsidii
3398 3207 3585 3273 esset,
3630 3219 3699 3264 ac
3745 3221 3847 3283 quo
3867 3216 3941 3261 sua

689 3362 698 3371 .
744 3374 747 3377 ,
781 3312 1041 3375 Maximo
1080 3322 1475 3388 reponerem.
1512 3304 1661 3364 Nam
1692 3302 2005 3362 Gesnerus
2042 3295 2236 3357 altera
2274 3310 2387 3354 sua
2420 3294 2716 3387 editione,
2750 3302 2811 3357 et
2846 3312 2969 3375 qua
3003 3314 3037 3359 e
3068 3299 3327 3375 regione
3355 3303 3569 3365 Graeca
3611 3304 3819 3367 Latinis
3842 3319 3942 3365 con‘

772 3416 992 3496 juncta
1018 3412 1085 3472 in
1130 3409 1379 3470 Stobaeo
1410 3408 1837 3484 reprmsentat,
1869 3398 1959 3460 sic
1988 3394 2206 3458 miscet
2235 3394 2468 3496 omnia,
2500 3382 2569 3456 ut
2615 3388 2765 3474 quid
2820 3397 3129 3477 cujusque
3182 3401 3283 3475 sit,
3331 3404 3585 3466 Maximi
3629 3423 3705 3468 an
3732 3401 3942 3471 Antonii.

782 3490 969 3574 nemo
1001 3506 1185 3587 plane
1208 3502 1534 3578 intelligat.
1566 3498 1806 3570 Ribitti,
1839 3511 2029 3575 quam
2065 3492 2295 3564 laudat,
2320 3490 2547 3565 versio,
2572 3494 2703 3574 ipsa
2735 3494 3027 3579 distincte
3058 3496 3316 3573 habens,
3341 3518 3482 3578 quas
3511 3516 3711 3567 essent
3736 3501 3942 3573 Maximi,

783 3626 891 3673 sua
929 3604 1302 3670 obscuritate
1334 3600 1422 3661 sic
1472 3614 1633 3678 pene
1664 3594 1931 3666 evanuit,
1954 3592 2033 3655 ut
2069 3608 2184 3653 nec
2225 3591 2495 3653 nancisci
2529 3593 2795 3655 licuerit.
2835 3596 2983 3657 Mihi
3026 3605 3198 3660 certe
3230 3616 3300 3662 ea
3340 3608 3516 3678 parte
3555 3604 3808 3665 Theseus
3842 3602 3942 3678 (non

784 3727 907 3791 qua
938 3708 1053 3769 sibi
1086 3703 1358 3766 venditat
1384 3698 1721 3789 Gesnerus)
1753 3704 1821 3758 ut
1849 3695 1926 3758 ab
1956 3694 2088 3773 ejus
2122 3693 2323 3773 ipsius
2369 3695 2755 3785 confusionis
2784 3698 3143 3795 labyrintho
3178 3720 3276 3765 me
3304 3704 3442 3784 ipse
3472 3708 3837 3788 expedirem,
3862 3718 3942 3765 non

786 3819 853 3873 ut
882 3808 1169 3887 magnum
1202 3802 1438 3884 aliquid
1470 3818 1547 3864 ex
1582 3801 1714 3880 ejus
1743 3799 2031 3862 versione
2067 3798 2404 3861 reddendis
2430 3799 2679 3861 Maximi
2725 3806 3052 3866 sententiis
3069 3808 3342 3885 juvarer.
3385 3812 3677 3874 Causatur
3701 3813 3942 3873 Gesnerus

788 3931 902 3977 nec
938 3928 1111 3973 suam
1156 3925 1270 3971 nec
1308 3905 1521 3968 Ribitti
1559 3906 1907 3966 versionem
1947 3902 2281 3965 admodum
2312 3901 2625 3979 elegantes
2663 3920 2820 3978 esse,
2857 3906 3024 3984 quod
3064 3908 3197 3971 fere
3241 3913 3555 3991 pendente
3584 3914 3756 3995 prelo
3793 3909 3942 3973 reddi-

788 4020 968 4089 derit,
996 4014 1292 4096 quodque
1315 4012 1433 4091 ipsi
1453 4018 1736 4072 auctores
1764 4008 1927 4069 haud
1949 4024 2088 4069 raro
2118 4023 2243 4068 non
2264 4006 2525 4068 multum
2554 4007 2867 4085 elegantes
2894 4009 3037 4073 sint.
3071 4011 3241 4087 Mihi,
3275 4015 3584 4095 quidquid
3605 4017 3767 4079 sitde
3793 4020 3942 4077 aucto.

796 4139 930 4186 rum
958 4118 1262 4197 elegantia
1287 4116 1496 4197 (quam
1523 4114 1612 4175 sic
1630 4112 1901 4191 antiquis
1928 4109 2263 4189 theologis,
2293 4110 2716 4190 philosophis,
2735 4115 3107 4189 oratoribus,
3134 4116 3577 4195 litteratorum,
3607 4130 3667 4183 et
3685 4125 3942 4195 λογιιυτάτωη

788 4232 994 4305 ἀνδρῶν
1024 4220 1197 4283 omni
1223 4217 1461 4291 censui,
1495 4214 1704 4276 nescio
1744 4229 1871 4293 quo
1915 4218 2098 4290 gustu
2153 4209 2418 4283 abdicet,
2461 4216 2521 4270 et
2558 4228 2637 4271 an
2678 4228 2832 4273 sano
2871 4215 3019 4275 satis
3050 4215 3276 4294 capite,
3328 4218 3480 4278 nihil
3524 4219 3668 4299 ipse
3697 4216 3942 4290 theologus

772 4337 1233 4400 'summumque
1263 4315 2062 4396 grammaticusGermanus
2088 4317 2394 4390 ὲτερόδοξος
2423 4310 2723 4389 medicus)
2749 4313 2946 4388 magis
2976 4316 3344 4377 arcessenda
3375 4317 3553 4390 fides,
3579 4336 3714 4397 qua)
3731 4332 3835 4377 una
3857 4326 3942 4391 ptO'

794 4425 942 4484 bum
984 4426 1385 4500 interpretem
1414 4415 1729 4494 insigniat,
1754 4413 1849 4475 vel
1880 4414 1931 4474 si
1956 4413 2182 4474 minori
2213 4410 2571 4491 eloquentia
2598 4427 2713 4471 nec
2732 4413 2916 4473 tantis
2938 4413 3275 4475 luminibus
3310 4414 3452 4477 aliis
3481 4416 3647 4478 dicta
3671 4415 3942 4494 scriptaque

799 4522 1055 4585 reddere
1084 4518 1300 4579 valeat.
1331 4516 1514 4578 Tituli
1545 4518 1994 4589 auctOrumque
2027 4509 2301 4582 nomina,
2331 4507 2502 4588 quod
2553 4508 2744 4569 minio
2794 4509 3022 4589 scripta
3051 4504 3250 4584 erant,
3280 4512 3612 4591 complura
3642 4512 3760 4589 legi
3788 4503 3942 4583 nequit

798 4629 1038 4689 verunt,
1073 4635 1217 4679 cum
1251 4614 1569 4677 sententiae
1598 4614 1750 4691 ipsae
1776 4618 2117 4673 atramento
2149 4609 2417 4687 scriptze,
2464 4625 2683 4687 parum
2727 4618 2835 4671 aut
2882 4609 3035 4671 nihil
3074 4610 3450 4685 laborarent,
3478 4605 3546 4674 in
3574 4611 3826 4680 laudato,
3858 4606 3942 4681 ip54

799 4722 1052 4798 antiquo
1080 4716 1445 4793 eruditaque
1470 4730 1659 4774 manu
1683 4720 1930 4773 exarato
1958 4710 2212 4781 codice;
2248 4726 2323 4769 ex
2354 4709 2528 4786 cujus
2557 4725 2721 4786 pene
2757 4727 2996 4783 norma,
3030 4713 3093 4773 in
3125 4712 3347 4793 primis
3376 4729 3633 4793 quoque
3664 4720 3791 4775 octo
3812 4702 3941 4768 tituli:

800 4841 869 4885 ac
903 4818 1232 4898 capitibus,
1270 4831 1468 4895 pauca
1495 4812 1780 4893 quasdam
1814 4828 1887 4872 ex
1926 4809 2165 4870 Melissa
2203 4807 2381 4869 libuit
2426 4814 2735 4886 repetere,
2769 4818 2827 4872 et
2873 4828 3013 4887 quin
3050 4812 3246 4889 magis
3290 4814 3419 4872 visa
3448 4820 3604 4875 sunt
3653 4829 3723 4873 ex
3769 4804 3938 4869 Marini

803 4939 979 4993 vena,
1014 4936 1090 4980 ne
1123 4920 1257 4997 ipse
1284 4918 1349 4977 in
1376 4915 1519 4989 illis,
1552 4914 1864 4994 explicato
1893 4912 2022 4990 jam
2052 4909 2215 4970 furto
2249 4925 2361 4968 seu
2398 4907 2643 4986 plagio;
2665 4909 2941 4988 jejunior
2987 4912 3207 4973 abiret.
3246 4912 3356 4983 Qui
3392 4912 3596 4986 locos,
3646 4911 3733 4970 sin
3777 4915 3941 4967 οωιῖεδη

804 5028 865 5081 at
900 5023 1055 5079 bene
1086 5014 1333 5086 multos,
1374 5014 1439 5074 in
1482 5015 1686 5075 fontes
1715 5013 2058 5080 reduceret,
2094 5008 2145 5068 is
2178 5024 2324 5068 γε,το
2357 5024 2616 5085 magnus
2647 5017 2830 5083 esset,
2866 5027 3285 5088 magnumque
3318 5009 3559 5089 aliquid
3599 5011 3659 5071 in
3696 5024 3815 5069 rem
3841 5002 3942 5061 litte

807 5119 1026 5180 rariam
1065 5115 1396 5179 conferret.
1432 5117 1580 5176 Eam
1629 5122 1833 5176 tamen
1864 5112 1997 5191 ipse
2034 5108 2424 5189 provinciam
2454 5110 2603 5172 mihi
2639 5129 2765 5172 non
2794 5111 3082 5190 impono;
3117 5110 3217 5171 cui
3249 5110 3459 5171 nescio
3508 5128 3591 5172 an
3621 5111 3691 5169 Η.
3723 5109 3784 5167 Ρ.
3808 5104 3870 5163 Μ.
3893 5097 3942 5155 Pl

808 5217 1037 5281 Nicolai
1087 5217 1281 5280 nostri
1326 5215 1569 5283 humeri
1615 5214 1986 5284 sufﬁcerent,
2022 5213 2129 5289 qui
2162 5218 2370 5272 tantus
2419 5227 2494 5271 eo
2532 5229 2760 5288 genere
2801 5214 2865 5274 in
2902 5218 3116 5273 sancto
3151 5209 3389 5277 Thoma
3438 5210 3637 5273 videri
3689 5204 3877 5271 voluit;
3918 5196 3942 5255 il

806 5333 934 5396 quo
968 5316 1173 5377 tamen
1211 5332 1306 5375 res
1341 5312 1686 5391 erpeditior
1718 5309 1854 5382 fuit,
1890 5326 2002 5369 nec
2036 5309 2172 5385 ipsa
2205 5323 2456 5385 prorsus
2490 5318 2546 5369 ὲν
2579 5319 2879 5385 ἀδυνάτοις,
2920 5326 3063 5371 cum
3106 5308 3237 5369 fere
3277 5316 3524 5371 exstent
3574 5316 3638 5371 et
3677 5307 3746 5370 ad
3772 5308 3942 5365 manun

809 5417 953 5487 sint,
985 5430 1145 5491 quos
1184 5419 1467 5474 auctores
1502 5410 1704 5471 citavit
1732 5414 1981 5469 sanctus
2005 5406 2298 5480 Thomas,
2332 5416 2393 5468 et
2421 5424 2690 5485 quorum
2722 5426 2871 5470 usus
2905 5409 3250 5482 laboribus;
3281 5426 3577 5488 magnam
3611 5424 3750 5471 vero
3781 5405 3942 5485 parit!"

814 5515 1263 5588 desiderentur,
1296 5529 1559 5594 quorum
1590 5510 1924 5574 sententias
1953 5510 2259 5590 excerpsit
2286 5510 2607 5571 Maximus.
2934 5518 2945 5524 ‘
