3958 6338
622 407 732 473 727

1779 407 1840 467 s.
1882 404 2166 466 MAXIMI
2204 394 2710 489 CONFESSORIS

3752 406 3845 468 728

699 519 886 576 Virlus
915 534 1109 588 aspera
1146 530 1250 583 est,
1299 517 1583 586 arduaque
1633 517 1702 571 ad
1757 532 1878 572 eam
1912 518 2038 582 via;
2090 527 2194 571 nec

2367 519 2604 590 Τραχεία
2643 522 2676 591 ἡ
2699 521 2890 593 ἀρετὴ,
2922 521 3014 574 καὶ
3035 520 3208 592 ὀρθῶς
3233 516 3386 591 οἶμος
3408 520 3497 573 ἐπ’
3519 520 3686 590 αὐτὴν
3709 536 3721 549 ·
3761 523 3844 574 καὶ

626 607 734 665 nisi
760 609 924 678 longe
949 609 1136 662 labore
1165 607 1269 661 sibi
1296 621 1416 661 eam
1450 607 1592 661 ullus
1621 609 1915 677 paraverit.

699 699 784 753 Ex
808 698 1074 752 Patribus.
1095 729 1161 738 —-
1178 700 1426 765 Quatuor
1447 700 1614 753 rebus
1645 699 1919 768 polluitur
1943 699 2194 754 animus:

630 789 1038 845 obambulando
1105 804 1204 861 per
1259 790 1538 860 civitatem
1579 830 1593 854 ,
1646 805 1749 843 nec
1780 788 1970 843 oculos
2014 799 2199 842 custo-

631 878 864 943 diendo;
905 895 1027 933 cum
1066 879 1392 932 mulieribus
1442 879 1553 932 ullo
1603 892 1827 946 prorsus
1875 877 2037 930 modo
2065 892 2198 930 con-

614 970 973 1037 -suescendo;
1005 971 1274 1024 nobilium
1309 970 1362 1024 in
1393 969 1596 1024 saeculo
1623 968 1920 1022 amicitiam
1943 967 2196 1032 colendo;

632 1077 694 1116 ac
725 1062 886 1116 denm
910 1078 947 1117 n
974 1061 1225 1116 carnales
1257 1075 1590 1131 congressus
1637 1075 1885 1128 vanaque
1927 1058 2200 1128 colloquia

629 1151 874 1224 diligend
904 1178 930 1206 ι.
1363 1214 1366 1217 ,

707 1248 1307 1317 Plutarchi.—lgnutze
1340 1245 1581 1309 virtutis,
1617 1243 1762 1299 haud
1790 1259 1955 1303 secus
1981 1257 2044 1296 ac
2081 1242 2198 1298 auri

630 1337 834 1394 defessi
874 1331 1136 1409 Splendor
1173 1353 1283 1398 non
1309 1338 1551 1416 videtur.
1925 1337 1931 1343 ’

703 1513 794 1568 Uti
829 1514 898 1567 iis
930 1513 1020 1583 qui
1053 1513 1336 1568 Ithoribus
1366 1501 1568 1580 corpus
1601 1520 1880 1574 exercent,
1907 1510 2200 1576 cibus;sic

629 1615 686 1662 et
714 1607 891 1660 virtus
950 1604 1057 1662 his.
1094 1605 1188 1673 qui
1219 1605 1328 1658 sint
1355 1602 1585 1680 eruditi,
1613 1610 1838 1670 apparet
1868 1601 2071 1655 suavis.

700 1699 842 1763 Vita,
883 1698 1030 1752 haud
1066 1712 1226 1751 secus
1254 1712 1318 1750 ac
1348 1709 1628 1758 nummus,
1664 1695 1823 1748 initio
1861 1695 2196 1764 vituperium

631 1791 862 1846 habens.
891 1790 1097 1858 ubique
1124 1785 1628 1858 gentiumreproba
1659 1784 1914 1840 edicitur.

701 1883 908 1938 Cuncta
945 1891 995 1936 te
1017 1881 1271 1936 existima
1303 1878 1507 1942 facere,
1546 1887 1607 1930 ut
1657 1879 1750 1946 qui
1803 1879 2078 1953 neminem
2117 1877 2198 1931 la-
2234 1857 2276 1911 Β

635 1988 768 2028 leas.
811 1975 946 2028 Nam
976 1971 1080 2026 etsi
1112 1971 1176 2028 ad
1205 1984 1448 2040 prmsens
1484 1969 1777 2032 celaveris,
1825 1979 2015 2038 postea
2042 1969 2201 2022 inno-

633 2072 830 2120 tesces.
1665 2077 1670 2083 '

703 2157 839 2212 Cum
871 2174 995 2212 cum
1023 2157 1248 2226 quidam
1282 2156 1484 2223 injuria
1509 2155 1804 2215 aﬂ‘ecisset,
1863 2167 2032 2220 seque
2077 2151 2201 2221 fuga

634 2248 969 2319 proripiens,
1008 2248 1062 2299 in
1093 2263 1380 2300 occursum
1415 2247 1536 2316 ejus
1579 2247 1763 2299 venire
1795 2259 1902 2298 non
1933 2244 2198 2308 auderet;

634 2338 930 2407 aliquando
964 2337 1180 2390 tandem
1240 2339 1295 2391 in
1343 2339 1467 2392 eum
1524 2338 1772 2392 incidens
1825 2354 1838 2390 :
1881 2337 1998 2390 Non
2029 2345 2089 2389 ut
2119 2344 2198 2398 tu,

635 2430 839 2500 inquit,
876 2445 960 2482 me
993 2429 1190 2499 lugias,
1216 2428 1396 2496 decet,
1421 2430 1516 2484 sed
1552 2437 1608 2482 ut
1637 2442 1738 2499 ego
1769 2438 1844 2492 te,
1871 2428 2072 2497 quippe
2105 2427 2224 2496 qui-

635 2521 920 2590 improbus
950 2522 1044 2574 sis.

707 2613 800 2666 Vir
831 2614 1059 2680 ignavus
1083 2621 1138 2676 et
1174 2613 1438 2670 imbellis.
1475 2627 1578 2665 nec
1630 2627 1754 2664 cum
1777 2626 1912 2665 cane
1937 2626 2043 2665 nec
2076 2626 2200 2664 cum

635 2704 793 2757 asino
821 2712 903 2763 est
932 2703 1362 2773 comparandus,
1392 2703 1600 2757 divitiis
1637 2701 1849 2756 scilicet
1888 2717 1953 2756 ac
1989 2701 2203 2756 deliciis

635 2795 906 2850 difﬂuens.

703 2888 795 2942 Sic
823 2889 1004 2942 vivere
1039 2888 1282 2950 studeas,
1301 2897 1360 2941 ut
1384 2901 1563 2956 neque
1582 2903 1611 2940 a
1639 2887 2046 2954 potentioribus
2071 2901 2202 2942 con-
2262 2945 2269 2952 ,

636 2981 920 3043 temuaris,
951 2995 1053 3033 nec
1089 2979 1451 3034 inferioribus
1483 2977 1746 3032 terribilis
1770 2979 1864 3032 sis.

704 3151 864 3222 532
888 3151 1154 3238 Demosth.
1175 3181 1245 3191 -—
1266 3150 1742 3218 Quemadmodum
1793 3151 2009 3216 domus,
2045 3161 2199 3220 puto,
2230 3181 2270 3238 ο

632 3259 689 3301 et
716 3245 918 3314 navigii
950 3231 1005 3298 et
1038 3253 1363 3298 cmterorum
1412 3244 1603 3298 talium
1650 3245 1810 3300 bases
1860 3245 2198 3299 ﬁrmissimas

632 3350 751 3390 esse
775 3335 1034 3389 convenit
1063 3351 1077 3386 :
1110 3333 1190 3388 sic
1216 3333 1497 3387 actionum
1549 3333 1854 3402 primordia
1901 3343 1958 3389 et
2002 3332 2199 3388 funda-

634 3430 817 3477 menta
848 3424 1255 3492 vtrajustaquc
1285 3436 1408 3476 esse
1441 3421 1620 3476 decet.

708 3508 980 3567 Clitarchi.
1006 3511 1213 3572 -τΝοιι
1252 3512 1449 3579 quovis
1495 3512 1659 3564 modo
1708 3513 1966 3566 virtutem
1996 3501 2199 3566 habere

634 3602 838 3656 lmnum
873 3601 1166 3664 existima;
1202 3599 1298 3654 sed
1331 3600 1816 3669 quemadmodum,
1855 3615 1920 3655 ac
1949 3615 2049 3670 pro
2073 3601 2199 3670 qui-

633 3695 737 3749 bus
761 3694 920 3750 decet
947 3695 1037 3748 illa
1071 3693 1266 3748 fultum
1299 3708 1440 3749 esse.

703 3787 972 3842 Virtutem
1005 3785 1048 3838 si
1084 3786 1273 3865 habes,
1325 3786 1509 3840 omnia
1546 3785 1716 3840 habes
1745 3804 1755 3839 :
1781 3795 1837 3840 at
1888 3787 1935 3840 si
1982 3787 2197 3851 vitium,

632 3894 703 3934 tte
732 3880 970 3948 teipsum
1007 3879 1252 3948 quidem.
1703 3934 1707 3940 ,

668 3965 969 4027 _Socrates.
1011 3968 1240 4022 —-Cum
1293 3969 1586 4036 quemdam
1634 3985 1697 4022 ex
1757 3969 2044 4038 discipulis
2088 3971 2203 4024 suis

633 4057 1116 4112 animadvertisset
1150 4058 1263 4125 agri
1287 4058 1509 4125 quidem
1537 4059 1948 4123 studiosiorem,
1971 4060 2204 4114 actionis

632 4165 768 4205 vero
794 4147 1158 4217 negligentem
1188 4163 1200 4200 :
1236 4147 1382 4202 Heus
1412 4155 1492 4211 tu,
1545 4148 1755 4216 inquit,
1801 4147 1926 4202 vide
1966 4165 2034 4203 ne
2069 4149 2199 4203 dum

631 4256 824 4310 agrum
885 4240 1135 4294 cicurare
1183 4240 1307 4304 vis,
1370 4239 1614 4294 animum
1669 4249 1822 4295 tuum
1878 4242 2026 4313 sinas
2073 4241 2204 4297 cll‘e-

635 4346 769 4386 l‘al'l.

705 4423 844 4478 Cum
903 4425 1047 4478 idem
1095 4426 1458 4480 intellexisset
1485 4424 1779 4493 quemdam
1813 4440 1879 4478 ex
1914 4425 2201 4478 familiari-

2300 610 2399 662 οὐκ
2429 609 2492 662 ἄν
2522 627 2602 672 τις
2628 610 2797 664 ἕλοιτο
2818 611 3022 681 ταύτην
3048 610 3168 680 δίχα
3196 612 3354 664 πόνου
3388 609 3620 681 μακροῦ.

2383 701 2483 752 Ἕκ
2513 698 2630 751 τῶν
2658 699 2950 767 Πατέρων.
2973 729 3042 740 -—
3079 700 3174 754 Διά
3205 701 3481 770 τεσσάρων
3526 703 3846 774 πραγμάτων

2299 791 2332 859 ἡ
2357 791 2502 859 ψυχὴ
2535 789 2805 859 μιαίνεται
2827 807 2840 821 ο
2888 789 2966 860 τῷ
2993 794 3312 860 περιπατεῖν
3356 794 3415 844 ὲν
3447 793 3598 846 πόλει
3638 797 3728 848 καὶ
3783 793 3844 865 μὴ

2301 882 2593 949 φυλάσσειν
2609 883 2733 945 τοὺς
2753 883 3082 952 ὀφθαλμοὺς,
3113 884 3209 937 καὶ
3233 882 3310 952 τῷ
3329 884 3463 945 ὅλως
3489 884 3573 953 ἔχε
3583 903 3629 937 ιν
3657 886 3844 951 γνῶσιν

2304 974 2440 1043 μετᾶ
2501 975 2791 1042 γυναικῶν,
2844 977 2936 1030 καὶ¹
2963 975 3041 1045 τῷ
3075 975 3216 1045 ἔχειν
3265 975 3446 1044 φιλίαν
3473 978 3608 1047 μετᾶ
3638 977 3750 1030 τῶν¹
3782 982 3846 1032 ὲν-

2298 1066 2464 1130 δόξων
2491 1066 2582 1118 τοῦ
2612 1067 2836 1136 κόσμου,
2873 1068 2964 1119 καὶ
3002 1066 3082 1136 τῷ
3134 1068 3416 1138 ἀγαπῆσαι
3449 1067 3546 1130 τὰς
3593 1069 3842 1139 σαρκικέις

2299 1159 2512 1229 ὁμιλίας
2539 1161 2632 1211 καὶ
2665 1159 3066 1228 ματαιολογίας.

2371 1247 2858 1316 Πλουτάρχου.-
2887 1249 2998 1318 Τῆς
3028 1249 3397 1318 ἀγνοουμένης
3428 1251 3626 1320 ἀρετῆς
3671 1248 3846 1321 ὥσπερ

2300 1339 2392 1392 τοῦ
2421 1335 2909 1410 κατορωρυγμένου
2950 1338 3174 1409 χρυσίου
3215 1341 3248 1411 ὴ
3281 1339 3603 1412 λαμπρότης
3647 1342 3846 1410 οὐηβὶέ·

2300 1448 2481 1486 πεται.
2581 1413 2585 1423 1

2381 1524 2445 1577 Ἡ
2469 1525 2568 1594 μὲν
2599 1525 2770 1596 τροφὴ
2787 1526 2898 1587 τοῖς
2923 1525 3356 1595 γυμναζομένοις
3374 1565 3389 1589 ,
3414 1526 3446 1594 ἡ
3473 1523 3530 1577 δὲ
3559 1525 3724 1595 ἀρετὴ
3753 1529 3847 1584 toi;

2301 1617 2753 1686 πεπαιδευμένοις
2773 1618 2923 1687 ἡδεῖα
2961 1619 3227 1685 φαίνεται.

2382 1709 2441 1763 ’0
2459 1708 2572 1779 βίος
2602 1707 2852 1776 καθάπερ
2878 1709 3116 1778 νόμισμα
3136 1707 3448 1778 διαϐληθεὶς
3469 1709 3525 1760 ὲν
3545 1708 3755 1779 ἀρχαῖς,
3786 1710 3847 1769 εἰς

2306 1803 2482 1856 πάντα
2507 1801 2598 1854 τὸν
2627 1799 2829 1865 κόσμον
2861 1798 3115 1868 ἀδόκιμος
3143 1801 3368 1867 γίνεται.

2375 1893 2624 1944 Ἀπαντα
2679 1891 2824 1945 δόκει
2871 1894 3063 1949 ποιεῖν,
3111 1889 3184 1950 ὡς
3231 1889 3436 1958 μηδένα
3475 1889 3676 1945 λήσων.
3753 1887 3845 1939 Καὶ

2303 1984 2411 2055 γὰρ
2439 1983 2502 2038 ἂν
2532 1985 2843 2056 παραυτίκα
2872 1984 3103 2056 κρύψῃς,
3135 1982 3357 2053 ὕστερον
3396 1981 3630 2052 «pot-6n.
3686 1992 3689 1994 ‘

2373 2167 2393 2197 ⁹
2441 2166 2750 2238 Ἀνθρώπου
2783 2166 2922 2228 τινὸς
2980 2165 3139 2218 αὐτὸν
3169 2164 3542 2232 ἀδικήσαντος,
3586 2160 3678 2215 καί
3708 2176 3838 2239 περι-

2303 2261 2596 2328 φεύγοντος
2660 2262 2754 2312 καὶ
2814 2260 3059 2328 ἅπαντᾷν
3118 2259 3526 2326 αἰσχυνομένου,
3590 2252 3843 2322 συντυχὼν

2301 2353 2446 2417 ἅπαξ
2494 2348 2663 2404 εἶπενο
2714 2353 2788 2405 Οὐ
2822 2351 2880 2404 σὲ
2913 2351 3017 2421 χρὴ
3056 2350 3156 2420 ἐμὲ
3203 2351 3446 2417 φεύγειν,
3477 2346 3586 2399 ἀλλ’
3625 2345 3723 2415 ἐμὲ
3777 2347 3843 2408 σὲ,

2303 2442 2504 2509 φαῦλον
2526 2442 2673 2496 ὅντα.
2775 2460 2778 2461 ⁷

2373 2621 2485 2673 Οὐκ
2523 2619 2634 2672 ἔστι
2663 2619 2822 2682 κυνὸς
2846 2618 3091 2684 ἀντάξιος
3122 2617 3230 2670 οὐδ’
3257 2617 3378 2670 ὄνου
3422 2616 3595 2679 δειλὸς
3619 2615 3742 2686 ἀνὴρ
3762 2615 3842 2668 καὶ

2303 2711 2544 2774 ἄναλκις,
2606 2711 2709 2764 ὑπὸ
2756 2710 2987 2764 πλούτου
3037 2712 3130 2764 καὶ
3185 2709 3453 2780 μαλακίας
3508 2705 3835 2779 διερρυηκώς.

2371 2888 2556 2950 Οὕτως
2607 2887 2704 2955 ζῇν
2761 2886 3042 2957 πίιοαιροῦ,
3092 2886 3166 2949 ὡς
3194 2889 3329 2958 μήτε
3349 2885 3462 2939 τῶν
3487 2886 3844 2956 δυνατωτέρων

2303 2975 2780 3046 καταφρονεῖσθαι,
2835 2977 2975 3046 μήτε
3018 2977 3128 3038 τοῖς
3181 2975 3589 3045 ὑποδεεστέροις
3643 2975 3846 3046 φοϐερὸς

2303 3086 2461 3124 ειναι.

2375 3161 2631 3227 Δημοσθ.
2671 3187 2741 3199 --
2763 3157 2974 3228 Ὥσπερ
3001 3156 3196 3220 οἰκίας,
3223 3152 3397 3228 οἶμαι,
3433 3157 3524 3210 καὶ
3566 3155 3747 3208 πλοίου
3772 3151 3846 3206 καὶ.

2303 3254 2410 3307 τῶν
2439 3254 2612 3308 ἄλλων
2661 3253 2767 3306 τῶν
2830 3252 3107 3316 τοιούτων,
3138 3250 3208 3304 τὰ
3254 3250 3498 3305 κάτωθεν
3551 3250 3850 3320 ἰσχυρότερα

2299 3343 2438 3400 εἶναι
2471 3347 2553 3398 δεῖ
2573 3362 2588 3377 ο
2625 3345 2766 3399 οὕτω
2798 3343 3018 3399 καὶτῶν
3045 3345 3296 3415 πράξεων
3327 3343 3426 3407 τὰς
3457 3342 3628 3413 ἀρχὰς
3661 3339 3848 3401 καὶτὰς

2300 3432 2607 3500 ὑποθέσεις,
2635 3436 2853 3509 ἀληθεῖς
2889 3436 2981 3490 καὶ
3010 3435 3246 3497 δικαίας.

2370 3511 2754 3594 Κλειτάρέου.
2778 3555 2847 3565 -—
2869 3523 2958 3592 Μὴ
2990 3525 3048 3576 τὸ
3079 3523 3222 3592 ἔχειν
3246 3520 3446 3602 ἀρετὴν
3476 3521 3637 3574 καλὸν
3659 3516 3847 3589 νόμιζε,

2301 3614 2434 3668 ἀλλὰ
2468 3615 2527 3668 τὸ
2552 3615 2624 3677 ὼς
2656 3615 2736 3665 δεῖ
2760 3614 2852 3666 καὶ
2881 3613 3018 3682 ὑπὲρ
3047 3606 3121 3665 ὧν
3147 3612 3243 3665 δεῖ.

2385 3793 2608 3864 Ἀρετὴν
2660 3793 2758 3863 μὲν
2799 3793 2954 3863 ἔχων,
3008 3793 3181 3847 πάντα
3213 3791 3384 3856 ἔξεις·
3416 3792 3609 3846 κακίαν
3638 3791 3710 3853 δὲ,
3747 3787 3858 3854 οὐδὲ⁸

2304 3886 2550 3940 σεαυτόν.

2370 3979 2710 4048 Σωκράτης.
2757 4012 2821 4020 -
2869 3978 3214 4048 Θεασάμενός
3261 3997 3384 4033 τινα
3452 3979 3563 4032 τῶν
3612 3973 3849 4047 μαθητῶν

2304 4069 2487 4131 αὑτοῦ,
2527 4068 2620 4122 τοῦ
2663 4069 2759 4138 μὲν
2809 4069 2978 4138 ἀγροῦ
3025 4069 3471 4138 ἐπιμελούμενον,
3495 4069 3592 4138 τῆς
3622 4065 3851 4138 πράξεως

2301 4160 2356 4213 δὲ
2407 4159 2728 4229 ἀμελοῦνταο
2791 4161 2948 4231 Ὅρα,
2999 4153 3044 4211 ὦ
3084 4155 3256 4222 οὗτος,
3298 4160 3424 4230 ἔφη.
3465 4160 3540 4229 μὴ
3586 4159 3672 4211 τὸν
3699 4151 3848 4222 ἀγρὸν

2303 4254 2648 4326 ἐξημερῶσαι
2675 4253 3012 4324 βουλόμενος,
3042 4254 3139 4324 τὴν
3159 4253 3336 4324 ψυχὴν
3363 4251 3657 4322 ἁγριὼσῃς.

2376 4423 2725 4494 Καταμαθὼν
2752 4423 2817 4475 .δέ
2872 4440 2991 4476 τινα
3034 4423 3140 4475 τῶν
3168 4421 3459 4493 γνωρίμων
3503 4417 3848 4475 ἐσπουδακότα

632 4511 756 4574 bus.
785 4514 975 4568 scdulo
1006 4514 1304 4567 admodum
1355 4513 1715 4581 eﬂingendam
1774 4513 2064 4582 imaginem
2094 4515 2196 4568 sibi

2303 4498 2450 4578 ὅπως
2487 4513 2634 4583 αὐτῷ
2654 4514 2688 4583 ἡ
2717 4511 2878 4566 εἰκὼν
2902 4513 3057 4584 ὁμοία
3080 4513 3325 4584 γένηται,
3374 4515 3510 4586 πρὸς
3531 4514 3688 4567 αὐτὸν
3717 4511 3844 4568 εἰπε.

634 4604 872 4659 similem
899 4619 1112 4666 curare,
1173 4602 1406 4657 actionis
1459 4616 1590 4655 vero
1639 4603 1844 4655 cultum
1879 4603 2198 4672 negligere:

633 4693 740 4756 Tu,
781 4695 977 4764 inquit,
1009 4693 1187 4764 efﬁngi
1220 4692 1318 4746 tibi
1368 4691 1604 4760 lapidem
1640 4692 1875 4747 similem
1907 4693 2202 4762 diligenter

634 4787 866 4849 curasti,
897 4801 999 4840 nec
1027 4787 1135 4840 ulla
1173 4786 1271 4840 tibi
1301 4786 1444 4839 ratio
1466 4793 1570 4851 est,
1599 4800 1668 4838 ne
1698 4785 1814 4854 ipsc
1852 4785 2020 4851 lapidi
2051 4786 2203 4842 simi-

634 4876 705 4933 lis
744 4876 1019 4930 eﬂiciaris.

712 4965 1017 5058 Demo‘puct.
1046 4965 1257 5019 alllos
1306 4966 1526 5035 probris
1577 4966 1909 5029 incessebat,
1939 4969 2031 5035 qui
2083 4984 2202 5021 cor-

637 5070 834 5124 porum
885 5056 1071 5134 puram
1129 5064 1371 5123 agentes,
1426 5057 1527 5124 ipsi
1577 5056 1788 5124 scipsos
1824 5056 2200 5126 negligerent;

635 5147 841 5216 quippe
896 5148 989 5215 qui
1051 5146 1309 5199 domibus
1353 5147 1695 5215 diligentiam
1747 5143 2004 5208 habeant,
2036 5148 2200 5202 nihil-

621 5251 746 5304 'que
771 5235 1089 5290 domesticis
1122 5252 1270 5290 cura:
1301 5235 1639 5303 impendant.

714 5326 991 5379 Democrit.
1017 5325 1307 5380 ——Lineas
1345 5326 1614 5381 certiores
1675 5343 1794 5382 esse
1827 5336 2081 5396 Oportet;
2117 5343 2208 5383 ac-

641 5416 820 5472 tiones
849 5418 1310 5488 praeclarissimas.
1772 5407 1775 5410 ’

713 5529 732 5558 ¹
759 5528 919 5583 Forte
953 5529 1191 5584 Soeratis
1217 5530 1320 5584 hoc
1352 5531 1578 5584 dictum.

2309 4609 2380 4662 Σὺ
2406 4609 2554 4671 ὅπως
2588 4609 2688 4679 μέν
2723 4625 2804 4660 σοι
2834 4605 2862 4657 ὁ
2888 4605 3034 4669 λίθος
3053 4607 3241 4677 ὅμοιος
3268 4607 3490 4676 γένηται
3510 4605 3838 4660 ἐσπούδακας

2306 4702 2453 4764 ὅπως
2495 4699 2551 4754 δὲ
2585 4700 2659 4772 μὴ
2689 4698 2849 4762 αὐτὸς
2901 4697 3033 4765 λίθῳ
3062 4698 3246 4766 ὅμοιος
3271 4697 3423 4767 γένῃ,
3449 4695 3510 4748 οὒ
3539 4691 3838 4764 φροντίζεις.

2381 4968 2717 5036 Δημώνακτ.
2751 4997 2816 5008 —
2846 4963 2991 5025 Τοὺς
3027 4963 3132 5015 τῶν
3191 4960 3458 5028 σωμάτων
3511 4954 3846 5029 ἐπιμελουμέ-

2309 5080 2450 5126 νους,
2503 5059 2791 5122 eamme:
2821 5055 3157 5124 ἀμελοῦντας
3185 5049 3478 5114 ὠνείδιζεν,
3521 5051 3594 5113 ὡς
3621 5049 3719 5103 τῶν
3756 5047 3846 5127 μεν

2301 5155 2466 5207 οἴκων
2519 5147 2994 5220 ἐπιμελουμένους,
3021 5143 3128 5194 τῶν
3159 5142 3215 5195 δὲ
3246 5142 3470 5195 ἐνοίκων
3514 5139 3839 5210 ἀμελοῦντας.

2373 5329 2683 5397 Δημόκριτ.
2715 5353 2783 5363 -
2809 5324 2920 5385 Τὰς
2951 5321 3325 5393 μὲνγραμμὰς
3342 5317 3729 5391 ἀσφαλεστέρας
3752 5310 3838 5379 (fit

2302 5423 2398 5483 τὰς
2423 5419 2478 5472 δὲ
2511 5415 2738 5486 πράξεις
2773 5413 3156 5486 λαμπροτέρας
3183 5413 3324 5482 ἔχειν
3352 5412 3450 5464 δεῖ.

2137 5601 2369 5657 ΝΟΤΛΕ.

711 5752 813 5824 (Ῑ)
858 5754 960 5820 Τὰς
1006 5756 1119 5824 μὲν
1169 5755 1428 5826 mamma;
1475 5755 1946 5826 ἀσφαλεστέρας.
2005 5756 2196 5810 Lincas

2302 5755 2388 5820 rit,
2413 5771 2532 5824 qua:
2567 5765 2692 5812 sunt
2747 5754 3014 5828 principia
3057 5741 3834 5816 dcmonstrationum,maxim:
