3958 6338
270 393 379 458 737

1584 387 1751 452 LOCI
1789 381 2224 444 COMMUNES.

3404 385 3433 445 ’ί
3445 379 3516 443 38

346 505 574 577 Νεκρὸς
607 506 666 560 οὐ
699 504 1076 576 στεφανοῦται.
1108 502 1292 567 Οὐδεὶς
1319 500 1521 564 δίκαιος
1550 500 1617 553 δι’
1652 499 1845 553 ἀδυνα-

2018 493 2270 548 Mortuus
2301 509 2501 549 corona
2550 510 2659 548 non
2700 494 2958 549 donatur.
3010 492 3181 548 Nemo
3226 493 3407 564 justus
3450 507 3518 545 eo

244 600 247 601 ⁷
273 600 411 678 μίαν
442 596 643 651 κακοῦ.

343 692 443 744 Δεῖ
492 687 588 745 οῦν
653 690 745 744 τὸν
786 689 907 744 νοῦν
949 688 1135 756 ὥσπερ
1182 685 1303 740 τινὰ
1353 684 1690 756 κυϐερνήτην
1739 680 1851 736 ἀνω

270 783 595 852 καθήμενον
629 782 739 836 τῶν
767 782 974 844 παθῶν,
1006 780 1100 833 καὶ
1124 778 1284 832 οἱονεὶ
1323 776 1494 847 πλοίῳ
1522 775 1621 844 τῆς
1651 772 1851 844 σαρκὸς

269 874 549 927 ἐπιϐάντα
569 891 583 905 ⁸
612 875 707 928 κα)⁸
746 872 1022 944 ἐμπείρως
1048 873 1175 934 τοὺς
1200 871 1488 941 λογισμοὺς
1517 854 1705 937 ὥσπερ
1737 865 1851 918 οίαο

267 983 373 1028 κας
416 967 900 1036 περιστρέφοντα,
944 965 1278 1016 καταπατεῖν
1328 961 1587 1030 γενναίως
1639 959 1707 1011 τὰ
1762 955 1852 1010 κύ·

272 1071 426 1123 ματα
450 1071 463 1084 ·
510 1054 846 1123 ὑψηλότερον
888 1052 944 1106 δὲ
994 1051 1313 1120 διαμένοντα
1360 1049 1453 1101 καὶ
1495 1047 1849 1115 δυσπρόσιτον

268 1140 401 1193 ὄντα
434 1143 556 1204 τοῖς
582 1140 830 1206 πάθεσιν,
861 1136 1112 1209 μηδαμοῦ
1149 1138 1244 1206 τῆς
1273 1138 1365 1191 ἀπ’
1397 1128 1575 1190 αὐτῶν)
1605 1132 1847 1204 πικρίας,

269 1230 472 1301 ὥσπερ
507 1231 695 1301 ἀλμης
718 1230 888 1294 τινὸς,
925 1227 1395 1298 ἀναπίμπλασθαι.

352 1513 688 1581 Θεολόγου.
725 1539 792 1550 -
833 1509 1081 1563 Σύνοικον
1127 1506 1284 1578 αἱροῦ
1334 1506 1454 1576 μηδ’
1488 1506 1713 1574 ἀδελφὸν
1754 1508 1850 1575 ρᾳ-

274 1604 427 1667 δὶως.

361 1696 740 1763 Ὕπέκκαυμα
760 1692 867 1762 γὰρ
892 1691 991 1765 τῆς
1027 1690 1182 1742 νόσου
1216 1689 1266 1740 τί
1294 1670 1641 1757 δεῖβλέπειν;

352 1872 631 1943 Κρεῖσσον
662 1867 903 1939 κατηφὲς
930 1864 1081 1939 ἦθος,
1108 1866 1139 1936 ἢ
1173 1864 1561 1935 τεθρυμμένον.

360 2047 548 2117 Μόρον
581 2034 786 2114 δοκεῖον
819 2044 1022 2113 σαπρὸν
1051 2042 1111 2095 οὐ
1148 2038 1477 2094 πιστεύεται.

366 2138 503 2190 Οὔτε
527 2137 656 2205 φλὸξ
685 2138 834 2205 μένει
858 2134 955 2204 τῆς
980 2134 1108 2202 ῦλης
1130 2130 1533 2201 δαπανηθείσης
1551 2170 1565 2193 ,
1614 2128 1747 2181 ἀλλά
1779 2126 1858 2205 τῷ

296 2200 581 2287 ἀνάπτοντι
632 2200 1027 2296 συναπέρχεται
1048 2200 1078 2255 ’ἡ
1117 2223 1255 2295 οὔτε
1278 2200 1545 2289 ιλογισμὸς
1606 2200 1857 2288 ὲμπαθῆς

295 2318 581 2390 ὑφίσταται
612 2317 1009 2388 μαραινομένου
1046 2316 1139 2369 τοῦ
1173 2312 1611 2383 ὑπεκκαύματος.

373 2492 681 2563 Ὀφοαλμδς
725 2490 1000 2559 πορνεύων
1034 2490 1094 2541 οὐ
1125 2489 1387 2557 φυλάσσει
1416 2487 1515 2557 τὴν
1543 2485 1857 2558 παρθενίαν.

290 2582 517 2638 Γλῶσσα
570 2581 907 2651 πορνεύουσα
962 2578 1039 2647 τῷ
1076 2576 1295 2648 πονηρῷ
1359 2577 1634 2646 μίγνυται.
1696 2575 1862 2637 Πόδες

293 2675 506 2729 ἄτακτα
559 2673 829 2744 βαίνοντες
873 2669 1226 2724 ἐκκαλοῦνται
1259 2668 1413 2721 νόσον
1442 2667 1475 2736 ἢ
1508 2666 1753 2718 κίνδυνον
1783 2664 1861 2733 τῷ

293 2765 389 2835 νῷ.
424 2764 816 2834 Παρθενευέτω
843 2762 938 2814 καὶ
982 2763 1016 2832 ἡ
1061 2759 1293 2813 διάνοια·
1330 2758 1404 2827 μὴ
1435 2754 1718 2826 ρεμὸέσθω
1768 2755 1861 2807 καὶ

295 2856 616 2918 πλανάσθιυ.
670 2854 758 2925 Μὴ
806 2852 1009 2914 τύπους
1048 2853 1104 2903 ὲν
1155 2851 1320 2918 ἑαυτῇ
1352 2846 1561 2917 φερέτω
1608 2843 1859 2914 πονηρῶν

299 2948 667 3018 πραγμάτων.
705 2946 809 2998 Καὶ
841 2947 868 2998 ό
899 2944 1088 3007 τύπος,
1121 2942 1285 3012 μέρος
1320 2941 1574 3010 πορνείας
1604 2938 1737 2991 ἐστί.
1769 2937 1858 3007 Μὴ

298 3036 710 3092 εἰδωλοποιείτω
746 3038 809 3106 τῇ
831 3032 985 3105 ’ψυχῇ
1015 3033 1081 3087 τά
1114 3032 1433 3103 μισούμενα.

374 3215 668 3282 Χρυσοστ.
709 3244 776 3254 ——
806 3211 1007 3279 Χλεύη,
1034 3210 1103 3262 τὰ
1151 3209 1250 3278 μὲν
1274 3211 1369 3279 τῆς
1398 3207 1740 3271 παιδοποιίας
1769 3208 1859 3276 δρ-

307 3319 444 3371 γανα
467 3305 650 3376 τηρεῖν
679 3302 942 3373 παρθένα,
980 3301 1076 3371 τὴν
1101 3300 1155 3353 δὲ
1195 3300 1443 3366 γλῶσσαν
1475 3299 1549 3371 μὴ
1574 3302 1757 3370 τηρεῖν
1776 3315 1789 3328 ·
1822 3299 1855 3368 ἦ

306 3394 401 3464 τὴν
428 3394 673 3463 γλῶσσαν
712 3393 809 3463 μὲν
835 3395 1040 3460 τηρεῖν,
1072 3391 1168 3463 τὴν
1196 3392 1251 3443 δὲ
1282 3391 1470 3461 ὅρασιν
1504 3391 1536 3461 ἢ
1563 3390 1660 3459 τὴν
1688 3389 1857 3460 ἀκοὴν

304 3483 336 3553 ἢ
372 3487 464 3549 τάς
492 3487 678 3556 χεῖρας
706 3484 780 3554 μὴ
804 3486 988 3553 τηρεῖν
1008 3500 1022 3514 ο
1054 3482 1085 3550 ἢ
1121 3480 1291 3535 ταῦτα
1324 3481 1420 3550 μὲν
1450 3479 1592 3549 ἔχειν
1640 3481 1732 3534 καὶ
1763 3496 1859 3549 τη-

306 3579 413 3644 ρεῖν
448 3576 713 3645 παρθένα,
739 3576 835 3646 τὴν
863 3574 919 3627 δὲ
959 3574 1183 3644 καρδίαν
1215 3574 1289 3644 μὴ
1321 3573 1525 3644 τηρεῖν,
1553 3572 1669 3626 ἀλλ’
1707 3575 1856 3627 ἑταιο

309 3662 544 3747 ρίζεῠσθαι
573 3663 725 3732 τύφῳ
759 3664 852 3716 καὶ
878 3662 1051 3733 θυμῷ.

365 3844 455 3912 Μὴ
510 3842 1009 3911 καταμαλάττωμεν
1040 3843 1198 3910 ἡμῶν
1250 3843 1346 3910 τὴν
1380 3845 1550 3910 ἰσχὺν,
1602 3845 1734 3912 μηδὲ
1767 3845 1858 3897 ἐκ·

302 3931 589 4001 κόπτωμεν
616 3932 685 3984 τὰ
715 3931 881 4000 νεῦρα
909 3934 1028 3993 ταῖς
1055 3932 1287 4000 ὁμιλίαις
1323 3933 1562 3994 ταύταις.
1615 3935 1720 3984 Καὶ
1747 3933 1854 4001 γὰρ

302 4019 505 4087 ἄφατος
537 4020 631 4072 καὶ
662 4020 825 4091 πολλὴ
854 4026 971 4082 ταῖς
1006 4021 1200 4091 ψυχαῖς
1228 4014 1381 4091 ἡμῶν
1411 4022 1656 4074 ἐντεῦθεν
1688 4026 1857 4094 εἰσρεῖ

303 4111 483 4164 κακία.
535 4110 598 4162 Τί
627 4110 753 4181 γάρ,
802 4113 850 4164 εί
896 4113 989 4165 καὶ
1039 4112 1117 4183 μὴ
1163 4111 1563 4182 αίσθανώμεθα,
1592 4116 1657 4183 τῇ
1704 4115 1855 4183 φιλίᾳ

224 4256 227 4257 ,
307 4203 591 4270 μεθύοντες
613 4219 627 4265 ;
651 4202 821 4256 Τοῦτο
849 4205 956 4273 γὰρ
986 4205 1116 4257 αὐτὸ
1148 4204 1362 4256 πάντων
1392 4206 1505 4256 ἐστὶ
1534 4204 1853 4269 δεινότατον,

304 4294 379 4345 ὅτι
407 4295 532 4348 οὐδὲ
569 4295 722 4381 ῐσμεν
757 4296 903 4358 ὅπως
932 4296 1367 4384 ὲκνευριζόμξθα,
1405 4298 1495 4348 καὶ
1523 4296 1692 4367 κηροῦ
1724 4314 1854 4349 παν-

307 4381 386 4444 τὸς
413 4384 678 4452 γινόμεθα
700 4377 1091 4455 μαλακώτεροι.
1124 4377 1384 4453 Καθάπερ
1422 4388 1527 4455 γάρ
1561 4404 1643 4448 τις
1671 4386 1856 4439 λέοντα

1948 584 2170 638 nomine
2217 584 2364 653 quod
2399 585 2601 639 malum
2631 584 2811 639 facere
2846 599 2958 639 non
3002 591 3201 653 potest.

2020 674 2254 729 Mentem
2309 674 2476 745 igitur
2523 674 2703 739 decet,
2732 673 2885 728 velut
2914 671 3209 743 quemdam
3244 671 3518 742 guberna-

1951 773 2147 829 torem,
2191 765 2299 818 alte
2352 764 2521 818 animi
2574 762 3083 833 perturbationibus
3120 776 3184 816 ac
3232 760 3517 830 affectibus

1950 854 2315 924 superiorem,
2356 855 2617 924 velutque
2668 853 2945 921 navigium
2992 848 3213 907 cantem
3251 865 3517 905 conscen-

1950 947 2192 1010 dentem,
2239 946 2707 1017 cogitationesque
2753 960 2817 999 ac
2860 958 3102 999 rationes
3126 942 3277 997 velut
3317 941 3518 1011 guber-

1950 1040 2145 1094 nacula
2177 1038 2371 1094 dextre
2411 1038 2809 1099 moderantem,
2859 1035 3056 1092 ﬂuctus
3109 1047 3375 1104 generose
3409 1031 3521 1086 cal-

1949 1145 2109 1196 care;
2148 1129 2451 1199 altioreque
2482 1128 2612 1184 sede
2635 1126 3015 1190 constitutam,
3047 1124 3326 1193 nullisque
3358 1121 3518 1177 facile

1948 1221 2463 1291 perturbationibus
2509 1234 2804 1284 accessam,
2847 1218 2997 1272 nulla
3039 1217 3107 1271 ab
3147 1216 3229 1270 eis
3259 1215 3519 1288 amaritu-

1950 1311 2099 1375 dine,
2140 1321 2400 1381 tanquam
2456 1310 2749 1381 salsuginis
2793 1309 3027 1380 quadam
3078 1305 3276 1376 repleri
3327 1319 3519 1374 asper-

1950 1404 2095 1474 gine.
2801 1464 2815 1479 ι

2025 1495 2287 1565 Tlieologi.
2318 1524 2385 1533 -—
2408 1493 2876 1548 Contubernalcm
2912 1490 3010 1546 tibi
3040 1505 3109 1544 ne
3155 1486 3378 1558 quidem
3413 1485 3522 1539 fras

1953 1598 2105 1642 trem
2128 1585 2285 1640 facile
2330 1585 2558 1654 deligas.

2022 1678 2298 1744 Quorsum
2351 1677 2497 1731 enim
2559 1673 2903 1744 :egritudinis
2966 1672 3271 1726 fomentum
3330 1668 3518 1724 videre

1953 1771 2191 1849 attinet?

2026 1842 2219 1916 Melius
2281 1870 2365 1916 est
2424 1842 2703 1930 ingenium
2757 1870 3078 1916 morosum,
3134 1868 3295 1923 quam
3350 1850 3519 1905 fracta

1958 1955 2237 2008 mollities.

2029 2042 2185 2112 537
2212 2042 2438 2096 Putrido
2479 2042 2592 2095 vasi
2625 2055 2734 2094 non
2762 2037 3123 2094 committitur
3156 2044 3515 2105 unguentum.

2028 2132 2217 2201 Neque
2248 2133 2461 2186 flamma
2503 2140 2786 2201 permanet
2824 2137 3098 2197 assumpta
3118 2129 3344 2181 materia
3372 2145 3387 2191 ;
3424 2126 3520 2180 sed

1957 2240 2081 2279 cum
2119 2241 2184 2279 eo
2216 2224 2463 2285 abscedit
2503 2222 2649 2292 quod
2694 2220 3059 2283 accendebat;
3102 2233 3203 2273 nec
3228 2217 3518 2271 libidinosa

1957 2316 2207 2371 consistit
2232 2314 2510 2384 cogitatio,
2524 2322 2943 2387 {emarcescente
2963 2320 3125 2379 atque
3147 2311 3370 2373 extrito,
3388 2307 3522 2377 quid

1960 2402 2039 2458 illi
2068 2404 2309 2457 fomento
2340 2410 2480 2454 erat.
2568 2448 2571 2455 .

2027 2489 2129 2555 Qui
2156 2489 2524 2543 exfornicatur
2546 2489 2757 2550 o'eulus,
2778 2486 3151 2557 virginitatem
3178 2502 3285 2539 non
3316 2494 3519 2539 servat.

1958 2580 2090 2647 Qua:
2116 2589 2503 2649 constupratur
2535 2573 2748 2649 lingua,
2790 2594 2913 2633 cum
2945 2579 3090 2632 malo
3112 2578 3389 2631 miscetur.
3433 2575 3522 2628 ln-

1959 2672 2299 2739 compositus
2324 2672 2522 2739 pedum
2558 2667 2824 2739 incessus,
2850 2668 3101 2723 morbum
3124 2667 3307 2721 animo
3342 2680 3524 2719 arces-

1960 2757 2033 2811 sit
2076 2768 2170 2812 aut
2200 2760 2525 2826 periculum.
2585 2753 2744 2813 Casta
2799 2759 2959 2811 sitae
3007 2757 3159 2825 virgo
3203 2756 3317 2823 ipsa
3352 2753 3522 2809 animi

1960 2844 2220 2911 cogitatio
2251 2861 2264 2894 :
2304 2859 2416 2898 non
2473 2846 2544 2899 sit
2596 2861 2728 2915 vaga
2759 2861 2823 2899 ac
2864 2844 3195 2899 errabunda.
3230 2844 3309 2897 Ne
3335 2858 3521 2900 rerum

1960 2934 2225 2987 malarum
2253 2933 2457 2989 formas
2506 2937 2559 2987 in
2587 2952 2643 2989 sc
2672 2946 2953 3004 congerat.
3008 2936 3103 2990 Est
3133 2944 3188 2990 et
3219 2935 3391 2988 forma
3421 2932 3524 2986 ob-

1956 3029 2207 3098 iectaque
2260 3028 2492 3096 species,
2545 3030 2897 3084 scortationis
2960 3046 3104 3099 pars.
3176 3030 3254 3083 Ne
3309 3043 3521 3091 eorum,

1888 3140 1931 3197 ο
1964 3136 2085 3188 qua:
2130 3118 2258 3172 odio
2291 3119 2588 3180 habentur,
2633 3118 2957 3187 ctlingantur
2989 3119 3172 3173 animo
3209 3120 3521 3172 simulacra.

2037 3209 2300 3279 Clirysost.
2360 3241 2428 3248 —
2478 3210 2789 3263 Ridiculum
2840 3216 2925 3262 est
2994 3211 3261 3279 genitales
3303 3209 3523 3278 quidem

1965 3301 2212 3371 corporis
2240 3311 2425 3369 partes
2455 3309 2630 3353 castas
2657 3316 2896 3363 scrvare,
2923 3301 3162 3368 linguam
3192 3316 3322 3353 vero
3348 3300 3523 3369 negli-

1964 3408 2129 3463 gere:
2158 3402 2251 3447 aut
2281 3394 2519 3462 linguam
2566 3392 2787 3461 quidem
2842 3407 3062 3446 servare
3095 3408 3309 3461 puram,
3348 3392 3525 3447 visum

1963 3500 2097 3538 vero
2130 3484 2212 3537 vel
2244 3483 2492 3537 auditum
2522 3491 2615 3536 aut
2642 3497 2829 3536 manus
2860 3499 2965 3535 non
3010 3497 3258 3544 servare;
3284 3488 3379 3536 aut
3412 3482 3526 3555 haec

1964 3576 2187 3645 quidem
2239 3575 2440 3629 habere
2484 3589 2547 3629 ac
2584 3589 2805 3629 scrvare
2846 3590 3001 3643 pura,
3039 3589 3133 3627 eor
3182 3581 3362 3627 autem
3413 3589 3524 3628 non

1965 3682 2206 3729 servare,
2226 3666 2319 3720 sed
2344 3680 2512 3735 prope
2534 3666 2853 3719 seortationi
2881 3675 3006 3735 typo
3027 3665 3297 3733 superbia:
3320 3666 3525 3735 iraeque

1892 3782 1897 3789 ο
1968 3757 2273 3825 indulgere.

2034 3847 2111 3901 Ne
2148 3846 2315 3913 igitur
2338 3845 2484 3897 vires
2511 3854 2727 3896 nostras
2747 3843 3262 3907 emolliamus,neve
3280 3844 3366 3897 his
3396 3860 3526 3898 con-

1961 3935 2239 4003 gressibus
2288 3948 2388 3986 nos
2420 3934 2569 4001 ipsos
2610 3947 2955 3985 enervemus.
3000 3932 3227 3986 Multum
3263 3933 3431 3996 enim,
3466 3916 3525 3987 et

1960 4031 2221 4092 quantum
2236 4022 2322 4075 vix
2340 4020 2522 4074 verbis
2536 4020 2761 4088 exprimi
2778 4019 3105 4087 potest,liinc
3117 4020 3311 4073 animis
3325 4021 3525 4077 nostri!

1960 4114 2076 4167 vitii
2096 4112 2271 4167 inﬂuit
2286 4128 2348 4167 ac
2364 4112 2667 4181 pravitatis.
2684 4110 2825 4176 Quid
2839 4114 3006 4177 enim,
3027 4110 3127 4166 etsi
3140 4113 3525 4166 nouscntimus

1961 4223 2070 4275 prae
2083 4206 2239 4260 amici
2250 4206 2321 4258 tia
2334 4204 2471 4258 ebrii
2490 4205 2512 4255 ‘3
2528 4204 2640 4257 lloe
2656 4204 2801 4271 enim
2820 4204 2996 4271 ipsum
3014 4204 3170 4272 longe
3188 4212 3367 4271 estgra
3379 4202 3525 4275 vissif

1961 4314 2133 4359 nium,
2153 4298 2296 4367 quod
2322 4313 2421 4352 nec.
2436 4290 2871 4375 scimusquidem
2894 4295 3350 4363 quemadmodum
3370 4308 3523 4345 ener-

1962 4405 2171 4453 vemur,
2218 4389 2477 4458 omnique
2510 4403 2633 4442 cera
2668 4387 2942 4449 molliores
2980 4385 3289 4439 reddamur.
3318 4385 3521 4449 Quem-

309 4472 502 4541 γαῦρον
554 4474 956 4544 καὶ’βλοσυρὸν
1008 4473 1206 4538 λαϐὼν,
1263 4473 1377 4527 εἶτα
1410 4470 1717 4547 ἀποκείρας
1756 4478 1853 4545 μὲν

1971 4479 2248 4534 Admodum
2271 4480 2415 4533 enim
2436 4479 2480 4532 si
2508 4478 2631 4545 quis
2656 4475 2949 4545 superbum
2980 4473 3519 4541 trucemqueleonem
3550 4486 3555 4491 ‘

307 4564 398 4630 τὴν
450 4563 651 4631 κόμην,
686 4564 885 4617 ἀνελὼν
932 4567 988 4619 δὲ
1017 4567 1143 4627 τοὺς
1173 4564 1404 4627 ὀδόντας,
1454 4566 1547 4617 καὶ
1595 4567 1857 4637 περιελὼν

307 4652 428 4716 τοὺς
454 4652 672 4721 ὄνυχας,
718 4653 938 4721 αἰσχρὸν
984 4659 1127 4707 ποιεί
1166 4656 1259 4707 καὶ
1308 4655 1726 4722 καταγέλαστον,
1764 4659 1858 4709 καὶ

310 4744 535 4806 παιδίοις
564 4742 1048 4812 εὐκαταγώνιστον,
1079 4747 1167 4799 τὸν
1192 4749 1417 4818 φοϐερὸν
1445 4748 1533 4800 καὶ
1567 4748 1856 4817 ἀφόρητον,

310 4833 400 4885 καὶ
433 4835 544 4887 ἀπὸ
593 4836 752 4905 μόνου
784 4833 877 4887 τοῦ
926 4834 1269 4904 βρυχήματος
1306 4838 1371 4889 τὰ
1403 4837 1575 4889 πάντα
1626 4836 1854 4888 σείοντα’

309 4922 445 4976 οῦτω
483 4924 549 4994 δὴ
582 4927 674 4979 καὶ
706 4920 882 4989 αὗται,
932 4924 1135 4983 πάντας
1164 4927 1319 4991 ὅσους
1354 4928 1447 4980 ἐὰν
1479 4927 1732 4997 λάϐωσιν,
1766 4927 1854 4979 εύ-

310 5013 599 5084 χειρὼτους
629 5015 705 5085 τῷ
732 5015 962 5083 διαϐόλῳ
990 5013 1201 5066 ποιοῦσι
1224 5033 1237 5045 ο
1272 5018 1706 5087 μαλακωτέρους,
1735 5016 1857 5085 Θερ-

315 5109 587 5175 μοτέρους,
617 5106 1018 5177 ἀναισχύντους,
1052 5106 1328 5176 ἀνοήτους,
1356 5110 1698 5179 ἀκροχόλους,
1726 5110 1856 5177 θρα-

314 5199 439 5260 σεῖς,
493 5198 774 5269 ἀκαίρους,
823 5200 1101 5267 ἀγεννεῖς,
1151 5200 1399 5267 ἀπηνεῖς,
1449 5202 1854 5272 δουλοπρεπεῖς,

311 5288 706 5356 ἀνελευθέρους,
740 5290 982 5357 ἰταμοὺς,
1017 5287 1313 5358 φλυάρους·
1353 5293 1442 5343 καί
1476 5293 1657 5354 ἁπλῶς
1684 5294 1859 5345 πάντα

313 5381 375 5433 τὰ
407 5382 686 5448 γυναικεῖα
729 5380 873 5449 πάθη
921 5380 988 5433 τὰ
1039 5379 1406 5450 διεφθαρμένα
1443 5383 1723 5453 φέρουσαι,
1782 5386 1859 5446 εἰς

314 5472 402 5541 τὴν
437 5473 643 5525 τούτων
689 5473 1150 5541 ἐναπομάττονται
1175 5471 1371 5541 ψυχήν.
1395 5475 1466 5525 "A
1480 5476 1718 5544 μήχανον
1751 5475 1858 5545 γὰρ

302 5563 401 5617 -τδν
424 5564 642 5632 γυναικὶ
663 5563 1007 5617 συνοικοῦντα
1039 5562 1177 5631 μετά
1202 5563 1541 5631 συμπαθείας
1568 5566 1853 5635 τοσαύτης,

318 5653 406 5706 καὶ
433 5657 552 5720 ταῖς
583 5656 804 5708 ἐκείνων
838 5655 1257 5724 ἐνστρεφόμενον
1286 5657 1541 5723 ὁμιλίαις,
1577 5660 1649 5726 μὴ
1692 5660 1857 5728 ἀγύρ-

316 5757 407 5817 την
434 5750 555 5804 τινὰ
601 5746 760 5814 εἶναι,
804 5749 897 5804 καὶ
926 5748 1180 5818 ἀγοραῖον
1225 5748 1315 5800 καὶ
1359 5748 1692 5821 συβφετὼδη.
1742 5750 1857 5803 Κᾶν

1965 4572 2195 4640 ceperit,
2226 4582 2452 4637 tumque
2483 4569 2709 4621 detonsa
2739 4566 2892 4636 juba,
2932 4565 2982 4618 ei
3016 4564 3207 4618 dentes
3222 4565 3523 4618 excusserit

1964 4676 2281 4731 unguesque
2298 4660 2577 4723 evulserit,
2601 4657 2899 4711 deformem
2912 4671 3038 4710 eum
3057 4672 3119 4709 ac
3134 4655 3521 4717 deridiculum,

1965 4751 2207 4819 ipsisque
2234 4748 2420 4817 pueris
2450 4748 2608 4801 facile
2635 4747 3052 4823 expugnabilem
3073 4745 3270 4807 reddit,
3294 4745 3383 4812 qui
3417 4753 3523 4796 ter-
3548 4744 3551 4749 ’

1964 4838 2142 4891 ribilis
2171 4853 2234 4891 ac
2266 4838 2624 4892 intolerabilis
2650 4847 2815 4901 esset,
2847 4840 3071 4907 soloque
3116 4837 3292 4905 rugitu
3329 4842 3521 4888 cuncta

1964 4937 2233 4999 quateret.
2268 4929 2355 4984 Sic
2378 4939 2434 4983 et
2459 4930 2595 4993 istae,
2622 4945 2979 4999 quoscunque
3010 4928 3274 4996 ceperint,
3304 4923 3522 4976 diabolo

1969 5018 2252 5072 dedititios
2301 5020 2511 5074 faciunt
2542 5037 2605 5074 ac
2634 5020 2929 5083 obnoxios;
2949 5020 3242 5079 molliores,
3262 5016 3521 5069 caluitio-

1969 5126 2077 5173 res,
2096 5110 2461 5177 impudentes,
2486 5112 2789 5175 dementes,
2818 5121 3072 5164 extremae
3102 5110 3224 5163 bilis
3255 5108 3519 5168 homines,

1967 5203 2219 5265 audaces,
2258 5204 2624 5271 importunus,
2655 5205 2901 5273 ignavos.
2938 5201 3191 5260 immites,
3220 5199 3402 5253 servili
3437 5199 3517 5249 in-

1966 5296 2146 5364 genio,
2184 5295 2494 5359 illiberalcs,
2543 5311 2822 5365 procaces,
2877 5308 3113 5361 nugaces
3147 5305 3521 5359 :prorsusque

1966 5385 2263 5439 muliebres
2295 5400 2485 5440 omnes
2523 5387 2751 5440 affectus
2779 5384 3095 5445 afferentes,
3127 5383 3351 5435 istorum
3402 5378 3515 5432 ani-

1967 5478 2068 5530 mis
2091 5477 2431 5545 imprimunt.
2458 5478 2600 5531 Fieri
2624 5477 2772 5551 enim
2796 5491 2903 5528 non
2940 5484 3135 5543 potest,
3171 5482 3227 5526 ut
3267 5488 3357 5540 qui
3397 5488 3519 5525 cum

1968 5568 2292 5645 uitilieribus
2348 5578 2494 5621 tanta
2547 5583 2759 5620 morum
2817 5566 3221 5634 aﬂ'ectuumque
3272 5576 3522 5615 versatur

1968 5660 2393 5722 necessitudine,
2417 5662 2741 5725 illarnmque
2757 5659 3137 5725 congressibus
3158 5673 3220 5709 ac
3240 5655 3525 5724 colloquiis

1971 5751 2164 5816 utitur,
2218 5766 2324 5804 non
2369 5754 2437 5805 sit
2467 5749 2763 5821 circulator
2805 5750 3024 5818 quidam
3074 5756 3129 5801 et
3181 5747 3527 5802 cireumfom-
