3958 6338
474 370 579 434 739

1589 372 1648 430 s.
1689 370 1967 429 MAXIMI
2006 371 2503 455 CONFESSORIS

3534 380 3651 452 .740

474 495 612 535 neua
629 481 857 551 vilisque
884 496 914 536 c
944 483 1098 537 turba
1126 480 1504 559 homunculus.
1532 479 1665 533 Nam
1691 481 1793 534 etsi
1824 482 2013 549 loqua-

2122 485 2219 553 γὰρ
2255 483 2552 553 φθέγγηται
2593 501 2665 549 τι,
2710 486 2883 538 πάντα
2932 486 3037 539 ἀπδ
3067 488 3177 540 τῶν
3218 484 3377 541 ἱστῶν
3419 485 3651 541 καὶτῶν

474 580 585 634 tur,
613 572 749 625 nihil
805 572 908 625 nisi
967 572 1035 625 de
1080 573 1203 625 telis
1250 571 1494 638 lanisque
1530 571 1805 637 loquetur,
1864 569 2008 638 quod

474 662 768 718 verborum
807 663 966 734 538
1008 664 1355 717 muliebrium
1386 664 1524 717 fucis
1582 664 1733 717 velut
1789 664 2031 717 tiuetanr

477 751 1103 829 infectamquelinguam
1138 756 1303 807 habet
1358 771 1371 805 :
1415 755 1529 807 sive
1587 753 1748 807 iaciat
1782 754 2009 821 aliquid,

475 842 747 895 serviliter
777 844 1068 896 admodum
1094 844 1145 896 id
1171 842 1316 903 facit,
1347 857 1510 910 quam
1559 845 1747 911 procul
1778 859 1807 896 a
1856 842 2015 896 Chri-

475 930 647 983 stiana
685 931 981 985 abscedens
1022 933 1377 1000 ingenuitate,
1439 948 1537 986 nec
1576 933 1645 987 ad
1698 934 1859 985 ullam
1898 947 2015 993 ma:

477 1034 706 1087 gnarum
738 1035 1023 1073 munerum
1054 1030 1213 1088 atque
1238 1022 1503 1074 virtutum
1526 1021 1861 1076 iunctionem
1910 1004 2017 1075 uti-

478 1104 562 1157 lis.
1477 1159 1484 1168 .

528 1193 697 1266 .Greg.
748 1194 899 1265 Nysa.
948 1226 1017 1235 —
1064 1197 1323 1251 Dominus
1356 1198 1545 1253 beatos
1578 1198 1858 1267 praedicat,
1905 1214 2014 1251 non

475 1281 570 1349 qui
610 1290 759 1335 extra
827 1298 1045 1347 omnem
1114 1287 1573 1351 perturbationem
1641 1286 1831 1339 vivunt
1887 1284 2016 1353 (non

477 1371 623 1435 enim
646 1370 760 1424 ﬁeri
789 1380 985 1439 potest,
1015 1382 1074 1425 ut
1098 1373 1149 1425 in
1178 1375 1379 1427 carnali
1412 1376 1523 1427 vita
1548 1390 1611 1427 ac
1647 1382 1879 1435 terrena,
1905 1375 2017 1442 spi-

480 1458 691 1512 ritalem
731 1461 952 1513 omnino
1012 1461 1285 1527 nullisque
1349 1461 1635 1515 obnoxiam
1688 1477 1751 1515 ac
1794 1476 2018 1514 summae

480 1548 889 1616 tranquillitatis
915 1551 1078 1602 vitam
1109 1550 1376 1619 agamus),
1407 1552 1499 1605 sed
1522 1552 1614 1619 qui
1642 1552 1709 1604 ad
1742 1552 2017 1605 naturales

478 1642 836 1709 appetitiones
864 1649 1024 1709 atque
1053 1641 1278 1695 allectus
1308 1656 1446 1711 aegre
1476 1641 1730 1709 lenteque
1761 1656 2017 1694 movean-

481 1737 590 1783 tur.

481 1910 677 1977 luptas,
707 1910 1015 1977 cupidiores
1044 1912 1256 1964 animos
1292 1909 1344 1962 in
1375 1911 1699 1979 perditionis
1718 1910 1873 1963 lacile
1918 1908 2017 1960 lia-

478 2012 624 2051 mum
666 1998 849 2051 trahit.
947 2043 950 2046 .

547 2086 844 2140 Clementis.
878 2118 947 2126 —
976 2088 1255 2157 Virginum
1285 2088 1564 2156 corruptio
1590 2088 1848 2155 velutque
1899 2094 2017 2141 stu-

476 2177 655 2244 pratio
684 2176 905 2241 dicitur,
943 2177 1141 2230 nedum
1168 2178 1445 2241 scortatio,
1484 2194 1673 2231 verum
1727 2179 1888 2231 etiam
1921 2177 2019 2229 im-

479 2276 691 2320 matura
715 2278 871 2321 aatate
900 2268 1159 2333 elocatio;
1191 2283 1336 2331 cum,
1367 2277 1418 2321 ul
1453 2269 1522 2321 ita
1550 2268 1748 2327 dicam,
1796 2269 1881 2321 vel
1904 2269 2017 2336 ipsa

478 2373 511 2411 a
555 2372 633 2421 se,
679 2358 763 2411 vel
810 2374 840 2411 a
884 2358 1225 2427 parentibus,
1290 2359 1577 2412 immatura
1619 2359 1734 2412 viro
1782 2358 2016 2411 colloca-

478 2456 588 2500 tur.
1198 2482 1201 2485 ν
1234 2496 1241 2502 .
1674 2438 1681 2439 ί

548 2535 630 2587 Ex
661 2534 924 2587 Panibus.
963 2528 1031 2573 —'
1058 2536 1243 2588 Rebus
1262 2543 1495 2603 quatuor
1532 2535 1790 2589 scortatio
1820 2535 2018 2588 excita-

479 2632 599 2689 tur;
631 2623 736 2677 cihi
767 2630 1029 2690 potusque
1055 2623 1366 2688 saturitate;
1390 2623 1562 2678 somni
1597 2624 1876 2685 satietate;
1907 2622 2017 2675 otio

477 2722 535 2812 ξι
564 2715 686 2767 lusu
712 2714 967 2781 inanique
997 2714 1329 2781 garrulitate,
1389 2729 1454 2768 ac
1486 2712 1759 2782 superﬂuo
1787 2714 2015 2767 vestium

440 2812 441 2815 “
478 2813 693 2858 ornatu.

551 2970 679 3024 Nili.
717 3001 785 3011 ——
819 2971 1056 3027 Remove
1079 2987 1107 3025 a
1138 2974 1365 3040 conjuge
1397 2981 1483 3024 tua
1518 2970 1829 3023 eunuchum
1869 2968 2016 3021 Sma~

482 3064 734 3134 ragdum;
753 3078 875 3116 nam
896 3063 996 3116 etsi
1020 3062 1247 3131 geminis
1268 3059 1749 3115 testibus'inlcrius
1769 3066 2019 3111 exsectus

2112 570 2269 638 ὲρίων
2319 570 2623 637 φθέγξεται,
2656 572 2752 640 τῆς
2800 572 3039 643 γλώττης
3084 573 3243 628 αὐτοῦ
3287 578 3354 646 τῇ
3406 576 3652 645 ποιότητι

2113 659 2221 710 τῶν
2247 660 2567 727 γυναικείων
2604 661 3039 730 ἀναχρωσθείσης
3072 664 3327 733 ῥημάτων
3346 679 3361 695 ·
3396 665 3495 721 κᾶν
3522 667 3652 734 ποιῇ

2112 764 2185 808 τι,
2242 749 2376 814 μετά
2425 748 2618 817 πολλῆς
2670 750 2823 802 τοῦτο
2872 749 3156 820 ἐργάζεται
3209 752 3653 822 δουλοπρεπείας,

2114 839 2298 907 πόρρω
2326 841 2424 907 τῆς
2456 844 2565 902 τοῖς
2602 843 2940 912 Χριστιανοῖς
2981 844 3296 914 πρεπούσης
3343 845 3675 915 ἐλευθερίας,

2115 929 2303 982 ἑαυτὸν
2332 931 2636 1009 ἀποικίσας,
2668 935 2759 984 καὶ
2784 934 2901 985 οὐδὲ
2929 935 3061 1003 πρὸς
3089 935 3237 987 οὐδὲν
3263 934 3368 988 τῶν
3404 934 3658 1004 μεγάλων

2115 1020 2543 1091 κατορθωμάτων
2574 1024 2854 1093 γενόμενος
2883 1026 3165 1095 χρήσιμος.
3512 1043 3516 1046 ’

2184 1192 2364 1258 Γρηγ.
2409 1182 2676 1258 Νύσσης.
2708 1223 2773 1234 —-
2802 1195 3104 1265 Μακαρίζει
3134 1198 3163 1249 6
3198 1196 3418 1269 Κύριος,
3444 1198 3507 1249 οὐ
3534 1199 3660 1263 τοὺς

2116 1276 2220 1341 ἔξω
2245 1279 2444 1339 πάθους
2482 1280 2814 1348 βιοτεύοντας
2859 1284 2939 1354 (οὐ
2973 1286 3079 1353 γὰρ
3114 1286 3334 1338 δυνατὸν
3363 1288 3421 1338 ἐν
3466 1286 3660 1339 ὑλώδει

2118 1366 2230 1437 ζωῇ
2275 1370 2363 1419 τὸν
2405 1370 2562 1422 ἆῦλον
2616 1371 2839 1424 καθόλου
2884 1375 2974 1425 καὶ
3025 1375 3207 1444 ἀπαθῆ
3248 1376 3662 1444 κατορθωθῆναι

2120 1457 2276 1523 βίον),
2313 1458 2445 1511 ἀλλὰ
2495 1461 2627 1529 πρὸς
2672 1462 2768 1523 τὰς
2816 1460 2914 1530 τῆς
2960 1462 3168 1529 φύσεως
3208 1463 3384 1532 ὁρμὰς
3418 1464 3664 1533 βραδέως

2118 1546 2210 1599 καὶ
2238 1548 2564 1619 δυσκινήτως
2590 1550 2826 1619 ἔχοντας.
2919 1566 2921 1569 ‘

547 1819 703 1874 Omni
731 1821 886 1888 plane
914 1820 1045 1874 vitio
1067 1820 1220 1890 quasi
1247 1835 1368 1874 esca
1392 1812 1632 1889 quaedam
1650 1812 1903 1889 prostans~
1921 1833 2018 1872 vo-

2188 1805 2372 1873 ιΙάσης
2403 1806 2573 1870 ὅντως
2601 1809 2794 1870 κακίας
2824 1804 2933 1862 οἷόν
2971 1828 3021 1863 τι
3049 1810 3238 1879 δέλεαρ
3268 1812 3302 1880 ἡ
3326 1810 3487 1881 ἡδονὴ
3525 1828 3662 1882 προ-

714 1896 1015 1969 eupidiores
1044 1912 1256 1964 animos
1292 1909 1344 1962 in
1375 1911 1699 1969 perditionis
1718 1910 1873 1963 lacile
1918 1908 2017 1960 lia-
2092 1894 2397 1963 ϐληθεῖσα.
2450 1897 2680 1960 εὐκόλως
2724 1898 2821 1960 τὰς
2879 1899 3183 1969 λιχνοτέρας
3235 1900 3411 1968 ψυχὰς
3469 1902 3569 1954 ἐπὶ
3607 1903 3666 1954 τδ

2121 1980 2410 2049 ἄγκιστρον
2438 1982 2533 2050 τῆς
2560 1985 2824 2048 ἀπωλείας
2851 1988 3152 2057 ἐφέλκεται.

2194 2073 2555 2140 Κλήμεντος.
2592 2104 2655 2115 -
2690 2079 2975 2148 Παρθένων
3005 2083 3177 2154 φθορά
3210 2085 3446 2153 λέγεται,
3480 2090 3547 2142 οὐ
3575 2090 3667 2160 μό-

2121 2179 2207 2216 νον
2251 2166 2491 2234 πορνεία,
2535 2168 2668 2222 ἀλλά
2699 2171 2790 2221 καὶ
2824 2173 2853 2238 ἡ
2888 2171 2990 2242 πρὸ
3013 2175 3202 2243 καιροῦ
3231 2175 3438 2240 ἔκδυσις
3462 2193 3477 2208 ⁸
3514 2179 3662 2245 ὅταν,

2119 2253 2193 2315 ὡς
2223 2256 2416 2316 εἰπεῖν,
2447 2256 2621 2327 ἄωρος
2645 2257 2833 2330 ἐκδοθῇ
2849 2259 2925 2329 τῷ
2941 2260 3111 2333 ἀνδρὶ,
3136 2264 3251 2334 ἢτοι
3278 2267 3369 2335 ἀφ’
3389 2267 3659 2338 ἑαυτῆς,ῆ

2121 2344 2271 2414 παρὰ
2296 2345 2400 2397 τῶν
2431 2346 2649 2413 γονέων.
2739 2338 2743 2342 ’

2203 2520 2295 2571 Ἐκ
2323 2518 2439 2572 τῶν
2470 2520 2759 2594 Πατέρων.
2792 2553 2855 2562 -
2887 2524 2984 2577 Διὰ
3013 2525 3289 2598 τεσσάρων
3322 2529 3655 2598 πραγμάτων

2121 2609 2386 2679 ἐγείρεται
2431 2613 2464 2681 ή
2518 2612 2758 2682 πορνεία,
2808 2614 2871 2665 ὲκ
2901 2613 2992 2666 τοῦ
3033 2620 3222 2684 φαγεῖν
3267 2619 3360 2670 καὶ
3392 2622 3547 2673 πιεῖν
3584 2620 3675 2687 είς.

2121 2699 2460 2768 πλησμονήν·
2493 2703 2583 2753 καὶ
2630 2703 2658 2754 6
2700 2702 2858 2772 κόρος
2884 2704 2975 2757 τοῦ
3017 2704 3205 2769 ὕπνου,
3260 2706 3352 2758 καὶ
3384 2707 3450 2759 τὸ
3479 2708 3655 2778 ἀργεῖν
3689 2711 3692 2714 ’

2121 2788 2212 2838 καὶ
2235 2786 2447 2847 παίζειν
2476 2788 2567 2841 καὶ
2595 2788 2937 2858 άργολογεῖν·
2966 2792 3062 2845 καὶ
3086 2794 3114 2845 6
3141 2792 3529 2863 καλλωπισμὸς
3555 2796 3658 2848 τῶν

2121 2875 2366 2941 ἱματίων.
3094 2896 3103 2921 ί
3337 2902 3345 2913 α

2189 2967 2421 3020 Νείλου.
2458 2998 2523 3008 -
2566 2967 2891 3041 Ἀπὸστησον
2926 2972 3033 3025 ἀπὸ
3061 2967 3156 3041 τῆς
3186 2954 3429 3043 συμδίουί
3447 2991 3541 3027 σου
3567 2975 3658 3027 τὸν

2124 3055 2369 3123 εὐνοῦχον
2406 3057 2715 3125 Σμάραγδον
2736 3075 2749 3089 ·
2778 3060 2877 3112 κᾶν
2911 3061 3016 3129 γὰρ
3048 3061 3225 3132 δοκοίη
3250 3062 3356 3114 τῶν
3383 3064 3533 3116 κάτω
3574 3064 3658 3116 δι·-

480 3154 715 3218 videtur,
769 3154 933 3208 habet
980 3161 1156 3205 tamen
1204 3151 1389 3205 nescio
1444 3149 1714 3218 quomodo
1773 3148 2019 3217 geminos

2122 3145 2298 3213 δύμων
2338 3145 2720 3215 ἐκτετμῆσθαι,
2747 3149 2856 3203 ἀλλ’
2886 3126 3000 3204 ἄνω
3018 3153 3128 3222 ἔχει
3279 3154 3354 3223 τῷ
3383 3154 3660 3226 προσώπῳ

482 3247 537 3300 in
568 3246 702 3299 facie
731 3246 936 3309 oculos,
968 3244 1061 3313 qui
1094 3242 1384 3296 libidinose
1420 3240 1731 3309 inspiciant,
1776 3239 2021 3306 malaque

478 3335 588 3405 jam
621 3336 928 3389 testimonia
966 3349 1027 3387 ac
1057 3349 1301 3387 rumores
1323 3334 1614 3386 asciscant.

550 3425 756 3496 Cyrilli.
799 3456 850 3464 —
883 3426 1038 3479 Furni
1062 3425 1252 3486 instar,
1284 3433 1374 3475 aut
1402 3423 1563 3475 etiam
1590 3420 1757 3474 veluti
1792 3435 2021 3487 vapores

482 3518 725 3586 quidam,
778 3516 1064 3568 insitarum
1124 3515 1180 3567 in
1229 3513 1386 3566 nobis
1438 3513 1779 3578 voluptatum
1839 3511 2022 3576 vigent

482 3607 773 3675 appetitus.
835 3604 941 3658 Sed
987 3605 1079 3671 qui
1138 3612 1446 3680 temperans
1504 3609 1665 3668 atque
1722 3598 1879 3652 fortis
1915 3608 2019 3661 est,

484 3704 661 3748 motus
686 3694 923 3755 cohibet,
974 3710 1074 3746 nec
1122 3694 1350 3746 ulterius
1384 3690 1514 3743 Sinit
1569 3686 1842 3757 progredi,
1896 3686 2051 3739 alie»

481 3795 739 3853 ctumque
765 3784 942 3837 adhuc
989 3783 1311 3836 imbecillcm
1362 3781 1515 3834 facile
1564 3780 1891 3847 comprimit.
1921 3777 2022 3857 Qui

484 3877 665 3927 autem
719 3873 895 3939 segnis
938 3888 1001 3925 ac
1033 3874 1308 3941 negligens
1355 3880 1459 3935 est,
1508 3871 1747 3941 admittit
1803 3869 2022 3938 quidem

482 3962 873 4015 subnascentes
896 3962 1200 4029 voluptates
1231 3961 1379 4012 velut
1403 3960 1575 4013 nudas
1608 3960 1786 4012 adhuc
1827 3960 2027 4027 cogita-

489 4051 662 4103 tiones
688 4069 699 4102 :
732 4052 1053 4119 permittens
1085 4065 1213 4102 vero
1240 4050 1292 4101 in
1324 4050 1488 4101 latum
1518 4050 1792 4117 progredi,
1814 4065 2024 4105 summe

484 4140 729 4201 arduam,
757 4154 819 4191 ac
860 4154 926 4191 ne
960 4139 1048 4191 vix
1082 4137 1303 4206 quidem
1348 4138 1715 4202 eluctabilem,
1764 4140 2023 4192 resisten-

484 4228 610 4281 tiam
637 4228 894 4281 oll'endet.
927 4228 1029 4291 Qui
1062 4229 1207 4281 enim
1232 4229 1340 4297 jam
1380 4228 1557 4281 vietus
1601 4235 1683 4281 est
1706 4244 1767 4281 ac
1805 4243 2028 4296 supera—

484 4327 592 4383 tus,
616 4332 833 4371 suarum
865 4317 1070 4369 arbiter
1113 4310 1452 4369 voluntatum
1478 4332 1585 4371 non
1623 4326 1706 4370 est
1740 4334 1751 4368 :
1779 4316 1907 4384 quin
1933 4331 2035 4384 po-A

2121 3251 2235 3295 πως
2268 3236 2390 3294 τοὺς
2420 3235 2669 3303 διδύμους
2714 3238 3036 3307 ὀφθαλμοὺς,
3069 3228 3328 3306 ἐμπαθῶς
3355 3232 3661 3311 ἓιιῦλέπον-

2116 3342 2234 3387 τας,
2268 3324 2357 3377 καὶ
2391 3327 2808 3397 ἐπισυρομένους
2834 3329 2929 3397 ἤδη
2966 3332 3202 3399 πονηρὰς
3232 3332 3561 3400 μαρτυρίας.

2188 3416 2506 3484 Κυρίλλου.
2536 3448 2606 3457 -
2638 3414 2855 3471 Καττνοῦ
2895 3420 3067 3489 δίκην,
3116 3421 3147 3491 ἢ
3191 3422 3281 3474 καὶ
3301 3421 3494 3492 ὥσπερ
3523 3424 3659 3487 τινὲς
3694 3454 3700 3467 ε

2119 3508 2278 3575 ἀτμοὶ
2319 3508 2425 3559 τῶν
2472 3510 2722 3579 ἐμφύτων
2758 3511 2956 3581 ἡδονῶν
3006 3496 3309 3582 ἀνίσχουσιν
3337 3514 3392 3565 ὲν
3446 3515 3581 3584 ἡμῖν
3611 3517 3660 3567 αἱ

2120 3599 2344 3668 ὀρέξεις.
2388 3601 2524 3651 Ἀλλ’
2550 3605 2576 3653 6
2614 3603 2709 3670 μὲν
2741 3603 2966 3673 σώφρων
2995 3606 3087 3657 καὶ
3112 3605 3386 3668 νεανικὸς,
3438 3598 3666 3676 ἐπιτιμᾷ

2108 3691 2229 3757 τοῖς
2264 3689 2546 3757 κινήμασι,
2577 3684 2669 3740 καὶ
2708 3691 3013 3759 περαιτέρω
3044 3693 3318 3761 προελθεῖν
3350 3694 3455 3747 οὐκ
3495 3698 3590 3765 ἐᾷ·
3621 3686 3665 3761 ᾧ

2122 3778 2215 3830 καὶ
2260 3779 2483 3847 ἀδρανὲς
2519 3777 2579 3830 ὃν
2605 3778 2682 3830 ἔτι
2712 3779 2772 3831 τὸ
2819 3781 2983 3844 πάθος
3011 3783 3233 3851 ἥττηται
3270 3783 3469 3853 ῥᾳδίως
3493 3804 3507 3816 ·
3549 3788 3577 3837 6
3604 3786 3661 3839 δὲ

2124 3868 2363 3938 ῥᾴθυμος
2412 3870 2503 3921 καὶ
2558 3870 3019 3939 κατημελημένος,
3072 3873 3365 3943 εἰσδέχεται
3418 3875 3518 3943 μὲν
3567 3875 3666 3939 τὰς

2122 3960 2227 4012 τῶν
2268 3959 2464 4027 ἡδονῶν
2497 3960 2668 4028 ἀρχὰς
2699 3959 2769 4022 ὡς
2798 3961 3003 4024 ἐννοίας
3030 3962 3108 4014 ἔτι
3144 3963 3334 4031 ψιλάςο
3368 3965 3667 4034 ἐπιτρέψας

2122 4049 2176 4100 δὲ
2207 4048 2483 4119 προελθεῖν
2511 4050 2589 4111 εἰς
2615 4050 2830 4112 πλάτος,
2864 4050 3289 4122 δυσχερεστάτην
3321 4053 3544 4122 εὑρήσει
3573 4054 3670 4123 τὴν

2122 4139 2431 4191 ἀντίστασιν
2461 4142 2554 4207 (0).
2600 4138 2658 4191 '0
2685 4140 2789 4207 γὰρ
2820 4140 3082 4208 προαλοὺς
3113 4142 3206 4191 καὶ
3233 4145 3667 4211 προηττημένος,

2124 4226 2181 4276 οὐ
2209 4225 2315 4276 τῶν
2350 4226 2492 4276 ἰδίων
2515 4226 2660 4276 ἐστὶν
2703 4226 3018 4295 θελημάτων
3062 4227 3261 4296 Κύριος
3280 4246 3293 4259 ·
3340 4229 3627 4283 ὑπόκειται
3652 4233 3668 4261 ¹

2124 4314 2179 4369 δὲ
2227 4315 2424 4383 μᾶλλον
2497 4314 2746 4385 καθάπερ
2790 4317 2897 4369 τινὶ
2927 4317 3193 4388 Βαρὸἀρῳ
3247 4318 3323 4388 τῷ
3378 4322 3667 4391 νικήσαντι

416 4466 417 4469 η
483 4408 610 4466 tius.
645 4424 744 4461 ceu
770 4399 1010 4460 Barbaro
1033 4408 1244 4461 cuidam
1261 4407 1455 4461 victori
1474 4406 1688 4461 aﬂ‘ectui
1707 4416 1869 4475 atque
1894 4405 2025 4458 vitio
2059 4440 2101 4494 υ
2126 4402 2303 4457 πάθει.

482 4497 743 4566 subiacet.
799 4503 808 4515 ‘

1106 4563 1403 4616 Menandri.

618 4674 841 4728 Castitas
866 4676 1069 4727 virtutis
1098 4677 1513 4742 promptuarium
1564 4682 1656 4727 est.

548 4764 821 4818 Jamb‘liclti
844 4780 905 4817 ea:
934 4762 1181 4858 Epistolis
1207 4762 1270 4814 de
1300 4764 1559 4815 castitate.
1584 4792 1651 4800 —
1680 4764 1863 4816 Virtus
1903 4778 2015 4816 om—
2070 4756 2071 4759 “

2708 4555 3066 4625 Μενάνδρου.

2264 4669 2501 4737 Ταμεῖόν
2530 4669 2697 4726 ἐστιν
2727 4669 2936 4735 ἀρετῆς
2983 4672 3018 4737 ἠ
3052 4672 3428 4739 σωφροσύνη.

2202 4761 2527 4828 Ἰαμὸλίχου
2570 4760 2636 4823 ἐξ
2683 4760 3052 4813 Ἐπιστολῶν
3072 4765 3672 4840 περὶσωφροσύνης,

1753 4899 1981 4963 varum
2023 4899 2416 4955 LECTIONES.
2459 4950 2472 4963 ,

552 4994 571 5024 ¹
601 4993 737 5047 ἄλλ,
791 4992 1151 5047 ὑποκείσεται.

1931 5124 1936 5130 .
1971 5079 2196 5134 NOTAE.

549 5174 1102 5243 (olAvccheo'rdrm-
1126 5174 1361 5239 εὑρήσει
1388 5177 1501 5240 τὴν
1519 5175 1888 5227 ἀντίστασιν.
1916 5174 2024 5225 Ma-

488 5247 566 5300 lui
598 5245 734 5296 hanc
776 5246 1077 5303 lectionem,
1114 5244 1268 5310 cujus
1296 5253 1351 5296 et
1378 5259 1569 5297 sensus
1595 5244 1810 5306 clarior,
1838 5258 2018 5311 quam,

488 5324 547 5369 ut
574 5311 686 5373 alii,
720 5312 995 5379 ἀντίδοσιν.
1027 5314 1367 5379 Signilicatur
1408 5312 1573 5365 ardua
1603 5320 1657 5365 et
1690 5327 1830 5379 pene
1878 5312 2026 5363 insu-

488 5380 746 5453 perabilis
767 5378 1055 5453 affectuum
1084 5378 1407 5443 resistentia,
1426 5396 1561 5453 cum
1588 5378 1710 5453 quis
1730 5382 1839 5449 jam
1869 5380 2025 5433 adul-

417 5443 435 5457 ’
488 5443 573 5505 tos
606 5457 832 5503 conatur
864 5447 1177 5515 exstirpare,
1215 5464 1380 5516 seque
1424 5449 1531 5501 illis
1578 5443 1841 5511 eximere,
1891 5461 2027 5516 pene

488 5519 698 5586 captiva
716 5517 1019 5587 voluntate,
1044 5532 1143 5587 nec
1167 5518 1295 5587 satis
1321 5518 1403 5587 sui
1430 5518 1653 5571 arbitra.
1679 5517 2027 5587 δυσχερεστά-

490 5584 888 5657 maneam,
923 5584 1067 5653 quod
1096 5586 1314 5657 exponit
1346 5586 1508 5657 Gesn.
1553 5584 1911 5657 difﬁcillimum
1944 5598 2027 5657 re-

491 5651 732 5720 medium,
765 5651 955 5708 vereor
991 5669 1058 5707 ne
1099 5654 1303 5705 medice
1336 5655 1504 5722 magis
1537 5651 1697 5721 quam
1731 5651 2027 5720 thcologice

2130 5175 2334 5228 dictum
2378 5176 2447 5229 ab
2491 5189 2559 5228 eo
2585 5172 2696 5242 Asit.
2740 5171 3001 5223 ἀντίδοτον
3046 5171 3338 5242 remedium,
3375 5171 3469 5237 sit,
3522 5175 3678 5242 quasi

2127 5254 2313 5297 contra
2338 5246 2535 5297 malum
2566 5240 2747 5293 datum
2775 5248 2866 5292 aut
2895 5254 3197 5304 venenum;
3225 5241 3489 5305 ἀντίδοσις
3523 5240 3679 5296 retri-

2122 5312 2293 5381 butio;
2340 5316 2501 5381 vices;
2546 5308 2873 5381 άντιδοθεῑσα
2919 5309 3409 5381 παρθ-ένουμηῦτθς.
3436 5313 3709 5381 uirginis.

2123 5380 2229 5432 loco
2253 5382 2400 5447 data.
2437 5380 2535 5433 Hic
2570 5392 2699 5447 ergo
2741 5376 2981 5447 reddam,
3004 5376 3565 5447 'dimcillimam'iviceni
3597 5380 3679 5431 in—

2121 5446 2385 5526 ueniat_ae
2417 5445 3029 5526 peneinsuperabiletn,
3062 5445 3158 5526 pro
3199 5463 3263 5501 ea
3310 5446 3675 5526 indulgentia,
3734 5490 3737 5493 .

2122 5533 2225 5584 qua
2249 5513 2477 5572 allectus
2501 5516 2741 5580 vitiaque
2770 5513 3161 5584 primumsivit
3190 5530 3433 5570 crescere
3458 5513 3517 5571 ἐι
3546 5514 3699 5571 ado-.

2120 5582 2344 5649 lescere,
2378 5595 2538 5653 atque
2567 5585 2702 5637 altas
2728 5582 2909 5636 animo
2937 5583 3146 5638 radices
3170 5599 3351 5654 agere.
