3948 6338
259 456 363 522 769

1555 456 1720 517 LOCI
1757 455 2188 517 COMMUNES.

3350 463 3455 525 ’ῖτο

259 568 552 624 ιλλείπειν.
589 567 661 634 οὐ
692 567 798 637 γὰρ
825 565 853 618 δ
889 566 963 637 μὴ
990 565 1254 635 δυνηθεὶς,
1307 554 1420 618 ἀλλ’
1449 569 1476 620 ὁ
1511 571 1584 639 μὴ
1618 568 1808 639 βουλη-

1933 583 2135 623 trorsus
2175 577 2450 639 praestare.
2477 570 2595 622 Non
2637 571 2781 624 enim
2825 571 2911 624 ille
2953 572 3005 625 iu
3041 573 3201 642 culpa
3239 586 3458 646 est,qui

266 659 377 719 Θαὶς
404 656 678 717 ὑπαίτιος.

326 743 489 797 Γενοῦ
530 743 605 813 τῷ
636 745 863 814 πλησίον
922 742 1265 816 τιμιώτερος,
1315 746 1379 804 ὲκ
1434 745 1528 797 τοῦ
1576 747 1811 815 φανῆναι

260 835 640 906 χρηστότερος.
680 833 844 888 Γενοῦ
888 833 966 904 τῷ
1017 835 1300 905 ἀτυχοῦντι
1354 835 1494 900 θεὸς,
1529 837 1619 889 τὸν
1662 837 1811 889 ἔλεον

258 924 355 978 τοῦ
383 924 519 979 Θεοῦ
553 925 911 996 μιμοῦμενος.
987 934 991 938 ’
1172 936 1179 940 “

334 1016 773 1086 Συμμετρεῖσθαι
828 1015 910 1067 δεῖ
950 1014 1025 1084 τῷ
1070 1015 1374 1085 αἰτουμένῳ
1425 1015 1523 1085 τὴν
1573 1017 1808 1087 αἴτησιν.

272 1110 503 1180 ὐμοίως
554 1106 662 1178 γὰρ
711 1106 907 1161 ἄτοπον
939 1108 1089 1177 παρὰ
1130 1106 1325 1177 μικροῦ
1360 1108 1573 1178 μεγάλα
1607 1108 1810 1176 ζητεῖν,

260 1198 353 1251 καὶ
378 1193 532 1265 παρὰ
555 1194 787 1263 μεγάλου
809 1194 1000 1264 μικρά.
1031 1194 1102 1248 Τὸ
1126 1194 1351 1266 μὲνγὰρ
1373 1197 1597 1265 ἄκαιρον
1613 1211 1626 1225 ·
1654 1197 1715 1248 τὸ
1733 1196 1809 1262 δὲ,

263 1285 647 1357 σμικρολόγον.
813 1350 823 1357 ⁸

326 1379 631 1444 Χρυσοστ.
662 1403 732 1414 -
768 1374 939 1427 Ὅταν
973 1373 1267 1446 διαθρέψῃς
1295 1374 1387 1427 τὸν
1420 1374 1650 1448 πένητα,
1684 1390 1812 1427 σαυ-

264 1469 351 1523 τὸν
385 1467 572 1538 νόμιζε
600 1466 928 1535 διατρέφειν.
966 1465 1198 1537 Τοιαύτη
1227 1468 1333 1537 γὰρ
1361 1469 1393 1534 ἡ
1427 1466 1518 1519 τοῦ
1553 1466 1811 1536 πράγμα-

261 1575 353 1622 τος
384 1557 569 1625 φύσις,
610 1555 671 1620 ἐξ
702 1556 857 1626 ήμῶν
890 1557 971 1618 είς
1026 1556 1169 1625 ἡμᾶς
1205 1559 1510 1627 μεταχωρεῖ
1559 1556 1629 1609 τὰ
1677 1557 1815 1609 διδό-

308 1666 432 1703 ενα.

264 1667 432 1805 μεέῗῆ
479 1733 803 1804 φοϐηθῶμεν
858 1732 1141 1800 δικαστὴν,
1181 1732 1285 1801 πρὸ
1321 1732 1414 1786 τοῦ
1464 1733 1813 1805 δικαστηρίου

258 1828 359 1894 τὴν
393 1829 551 1897 χεῖρα
608 1823 973 1894 προτείνοντα.
1038 1825 1129 1894 Μὴ
1179 1823 1502 1893 φοϐηθῶμεν
1553 1824 1812 1893 δικαστὴν

261 1919 360 1970 οῦκ
398 1915 735 1986 ἀρνούμενον
770 1916 830 1967 τὸ
862 1913 1064 1969 λαϐεῖν.

330 2006 540 2076 Πολλῆς
562 2006 806 2074 ἀλογίας,
834 2004 1000 2074 ἀγρὸν
1018 2004 1115 2073 μὲν
1140 2003 1455 2074 βουλόμενον
1479 2004 1811 2075 ὠνήσασθαι,

263 2099 355 2168 τὴν
383 2095 618 2166 εῦφορον
668 2096 770 2164 γῆν
820 2092 1126 2163 ἐπιζητεῖν·
1193 2094 1423 2165 οὐρανοῦ
1455 2094 1511 2147 δὲ
1565 2095 1683 2148 ἀντὶ
1712 2095 1815 2164 γῆς

262 2184 646 2254 προκειμένου,
684 2185 856 2252 παρὸν
885 2184 1002 2233 ἐκεῖ
1036 2181 1341 2250 κτήσασθαι
1368 2183 1585 2254 χωρίον,
1629 2184 1814 2261 μένειν

234 2270 354 2329 ’ἰπὶ
375 2275 473 2343 τῆς
512 2273 633 2342 γῆς,
660 2273 756 2325 καὶ
790 2272 894 2324 τῶν
927 2272 992 2324 ἐκ
1020 2270 1225 2347 ταύτης
1262 2272 1552 2340 ἀνέχεσθαι
1581 2275 1775 2326 πόνων.

331 2366 513 2433 Γρητ.
555 2364 831 2427 Numine.
859 2392 928 2401 —
976 2360 1035 2414 Ὀ
1097 2359 1295 2431 πτωχῷ
1330 2362 1684 2429 κοινωνήσας,
1735 2364 1814 2423 εἰς

257 2456 356 2526 τὴν
386 2453 576 2526 μερίδα
604 2451 699 2506 τοῦ
735 2450 803 2503 δι’
830 2453 978 2521 ἡμᾶς
1010 2451 1416 2521 πτωχεύσαντος
1437 2452 1625 2504 ἑαυτὸν
1648 2451 1813 2503 κατα-

258 2548 467 2615 στήσει.

329 2634 571 2686 Νείλου.
590 2660 657 2670 -
689 2629 954 2698 Καθάπερ
987 2628 1116 2681 ἴδιόν
1132 2628 1253 2680 ’ἐστι
1282 2628 1375 2681 τοῦ
1408 2628 1583 2697 φωτὸς
1610 2628 1671 2682 τὸ
1698 2645 1811 2697 φω-

256 2722 450 2787 τίζειν,
483 2720 656 2782 οὕτως
690 2720 815 2772 ἴδιον
857 2718 1086 2771 Θεοῦ-τὸ
1117 2718 1282 2771 ἐλεεῖν
1314 2720 1403 2772 καὶ
1428 2720 1712 2791 οἰκτείρειν
1742 2720 1809 2771 τὰ

258 2815 435 2864 οἰκεῖα
461 2812 777 2877 πλάσματα.

331 2904 443 2957 Τοῦ
501 2903 672 2970 ἁγίου
724 2901 1039 2969 Εἰρηναίου
1087 2899 1154 2952 ἐκ
1204 2898 1314 2967 τῆς
1372 2900 1519 2967 πρὸς
1548 2898 1811 2965 Βίκτωρα

260 2993 608 3061 ἐιιστολῆς.
640 2995 805 3046 -Ὲν
834 2987 877 3058 ᾧ
927 2993 989 3045 ἄν
1027 3008 1107 3054 τις
1138 2976 1352 3044 δύναιτο
1397 2987 1456 3045 εὖ
1504 2994 1673 3045 ποιεῖν
1701 2994 1811 3054 τοῖς

259 3084 512 3155 πλησίον,
562 3084 653 3136 καὶ
680 3083 737 3135 οὗ
786 3084 947 3145 ποιεῖ,
998 3081 1274 3151 ἀλλότριος
1320 3081 1419 3151 τῆς
1469 3083 1685 3152 ἀγάπης
1716 3082 1808 3135 τοῦ

259 3175 397 3243 Κυρ’

262 3368 382 3419 τας,
411 3349 519 3407 οἷον
543 3351 677 3425 εὔχῃ
706 3353 786 3405 σοὶ
808 3352 894 3403 τὸν
923 3351 1055 3403 Θεὸν
1082 3350 1353 3417 γενέσθαι.
1370 3342 1455 3419 Ὠς
1482 3352 1589 3421 γὰρ
1616 3351 1797 3404 ἀκούω.
1819 3380 1827 3383 -η

263 3461 386 3515 μεν,
410 3442 855 3512 ἀκουσθησὸμεθα
889 3442 991 3493 ὑπὸ
1024 3441 1117 3494 τοῦ
1151 3440 1315 3493 Θεοῦ·
1355 3442 1446 3493 καὶ
1472 3440 1547 3504 ὡς
1570 3442 1802 3510 ὁρῶμεν,

257 3534 641 3605 ὸραθησόμεθα
709 3533 798 3585 ὑπ’
859 3531 1042 3585 αὐτοῦ.
1106 3531 1533 3601 Προενέγκωμεν
1577 3527 1669 3583 οὖν
1710 3532 1804 3583 τοῦ

258 3626 406 3679 ἐλέου
437 3628 525 3678 τὸν
564 3625 707 3677 ἔλεον
735 3623 827 3693 (b),
863 3623 947 3674 ἵνα
984 3621 1061 3691 τῷ
1102 3622 1269 3691 ὁμοίῳ
1292 3621 1354 3673 τὸ
1387 3621 1570 3690 ὅμοιον
1592 3621 1807 3673 ἀντιλά-

267 3718 464 3784 σωμεν.

326 3806 589 3869 Δημοσθ.
616 3832 681 3841 -
720 3802 937 3855 Δίκαιόν
962 3804 1105 3855 ἐστιν
1136 3803 1299 3855 ἐλεεῖν
1319 3840 1332 3863 ,
1361 3801 1421 3853 οὐ
1450 3802 1572 3863 τοὺς
1596 3802 1805 3864 ἀδίκους

258 3893 365 3944 τῶν
404 3889 704 3958 ἀνθρώπων
724 3929 739 3954 ,
790 3892 925 3945 ἀλλὰ
969 3894 1092 3954 τοὺς
1125 3891 1274 3961 παρὰ
1308 3890 1460 3959 λόγον
1489 3892 1808 3962 δυστυχοῦν-

256 3997 355 4044 τας
362 4025 376 4039 .

330 4072 530 4124 Βίαντ.
554 4099 625 4109 μ-
642 4068 767 4128 Βίας
792 4067 1017 4136 θανάτῳ·
1033 4066 1235 4138 μέλλων
1265 4067 1642 4131 καταδικάζειν
1666 4064 1805 4132 τινὰ,

257 4161 577 4229 ἐδάκρυσεν.
614 4158 871 4221 Εἰπόντος
913 4157 968 4209 δέ
992 4174 1153 4223 τινος,
1184 4156 1485 4225 Τί-παθὼν,
1517 4158 1678 4220 αὐτὸς
1708 4176 1806 4211 xa-

252 4251 561 4316 ταδικὰζων
597 4250 836 4313 κλαίεις;
882 4244 1054 4302 εἶπεν·
1084 4250 1202 4303 Ὅτι
1243 4248 1534 4316 ἀναγκαῖόν
1563 4250 1700 4315 ἐστι,
1738 4252 1804 4321 τῇ
1835 4323 1838 4325 Δ

263 4344 359 4410 μὲν
398 4343 560 4409 φύσει
596 4342 657 4394 τὸ
688 4339 965 4410 συμπαθὲς
998 4339 1304 4405 ἀποδοῦναι,
1333 4339 1409 4409 τῷ
1435 4340 1491 4395 δὲ
1534 4340 1680 4411 νόμῳ
1712 4341 1808 4412 τὴν

258 4432 452 4499 ψῆφον.
954 4466 965 4481 η
1085 4445 1090 4449 ·

448 3171 904 3243 .νομισθὴσεται.
1100 3250 1108 3264 ι
1575 3260 1586 3265 Δ
1695 3261 1705 3265 Α
1763 3258 1774 3265 .
1832 3208 1875 3265 C

330 3265 613 3328 Φίλωνος,
638 3293 709 3303 -
745 3261 993 3323 Τοιοῦτος
1022 3258 1167 3327 γίνου
1204 3264 1329 3332 περὶ
1363 3261 1488 3324 τοὺς
1512 3260 1635 3323 σοὺς
1660 3258 1801 3313 οίκέ-
1840 3258 1883 3275 ’⁷

1912 674 2021 711 non
2050 659 2239 721 valuit,
2271 659 2362 712 sed
2394 660 2486 727 qui
2519 659 2713 712 noluit.

1980 747 2110 801 Esto
2154 747 2401 815 proximo
2447 748 2783 811 honoratior,
2818 764 2884 801 ex
2932 765 2997 802 eo
3039 751 3181 819 quod
3226 753 3464 807 videaris

1912 838 2216 907 benignior.
2243 837 2373 891 Esto
2401 837 2497 897 illi,
2520 837 2612 905 qui
2640 837 2883 893 adversis
2912 839 3277 903 conﬂictatur,
3304 843 3458 902 deus,

1912 927 2007 981 Dei
2039 927 2462 981 misericordiam
2497 928 2802 981 aemulatus.

1984 1017 2064 1071 Ad
2092 1017 2357 1070 rationem
2384 1017 2501 1084 ejus
2528 1031 2556 1068 a
2581 1032 2688 1085 quo
2716 1017 2938 1085 petitur,
2968 1017 3299 1073 moderanda
3326 1023 3466 1089 peti—

1913 1105 1991 1160 tio
2027 1114 2130 1160 est.
2157 1105 2329 1175 iEque
2363 1106 2508 1159 enim
2547 1105 2843 1159 absurdum
2880 1116 3028 1185 estaa
3068 1122 3235 1175 parvo
3273 1125 3463 1178 magna

1912 1214 2177 1267 quaerere,
2199 1208 2361 1267 alque
2387 1213 2416 1251 a
2443 1212 2636 1267 magno
2658 1214 2842 1266 parva.
2864 1199 3003 1253 Illud
3025 1201 3169 1254 enim
3201 1202 3465 1271 intempe-

1913 1288 2113 1342 stivum
2130 1328 2143 1351 ,
2176 1289 2277 1341 hoc
2302 1303 2431 1341 vero
2455 1286 2738 1343 sordidum
2767 1288 2950 1341 fuerit.

1981 1377 2244 1448 Chrysost.
2272 1409 2342 1418 —
2374 1378 2507 1433 Cum
2552 1393 2847 1447 pauperem
2886 1378 3083 1448 pascis,
3118 1380 3352 1449 teipsum
3391 1374 3463 1435 ali

1911 1469 2243 1523 existimato.
2276 1469 2423 1521 Talis
2457 1468 2601 1521 en’im
2637 1479 2727 1536 est
2766 1469 2927 1538 hujus
2967 1469 3042 1523 rei
3083 1480 3299 1533 natura,
3337 1480 3398 1524 ut
3433 1487 3465 1523 a

1913 1559 2073 1613 nobis
2110 1558 2166 1612 in
2206 1573 2308 1612 nos
2350 1566 2631 1611 transeant
2664 1574 2728 1614 ac
2763 1559 3101 1625 redundent,
3136 1575 3257 1629 qua:
3297 1559 3462 1614 dede-

1914 1650 2103 1702 rhnus.
2180 1650 2183 1655 ’
2345 1638 2347 1641 ’

1982 1739 2131 1792 Nihil
2154 1738 2395 1812 judicem
2423 1747 2752 1802 metuamus,
2776 1738 2867 1807 qui
2898 1746 3025 1791 ante
3051 1739 3315 1807 judicium
3342 1754 3468 1809 por-

1916 1827 2041 1897 rigit
2061 1843 2282 1881 manum
2310 1846 2321 1880 :
2346 1828 2738 1898 nihil'judicem
2761 1836 3087 1892 metuamus,
3105 1829 3199 1898 qui
3220 1830 3468 1897 accipere

1914 1933 2024 1970 non
2055 1926 2291 1970 recusat.

1983 2006 2147 2060 Valde
2198 2022 2227 2059 a
2277 2009 2486 2067 ratione
2531 2009 2770 2063 alienum
2814 2017 2929 2074 est,
2971 2024 3095 2063 eum
3138 2008 3232 2087 qui
3279 2024 3466 2079 agrum

1914 2111 2097 2150 emere
2134 2098 2285 2163 velit,
2322 2113 2510 2167 agrum
2559 2099 2795 2154 feracem
2838 2101 3117 2169 requirere
3167 2118 3179 2152 :
3222 2103 3467 2170 ueloque

1915 2184 2032 2238 vice
2061 2193 2225 2269 terra:
2256 2188 2562 2257 proposito,
2584 2204 2708 2243 eum
2742 2188 2799 2244 in
2830 2204 2897 2244 eo
2929 2206 3117 2259 agrum
3154 2206 3469 2260 comparare

1913 2276 2093 2341 liceat,
2122 2278 2175 2329 in
2209 2287 2353 2332 terra
2382 2293 2605 2333 manere
2628 2293 2693 2335 ac
2718 2279 2836 2350 ejus
2865 2281 3081 2335 labores
3104 2282 3396 2336 sustinere.

1984 2366 2137 2436 Greg.
2160 2368 2315 2437 Nyss.
2337 2397 2405 2409 --
2425 2370 2528 2435 Qui
2553 2386 2724 2438 egeno
2747 2374 3130 2435 communicat,
3156 2374 3211 2425 in
3235 2374 3353 2441 ejus
3374 2373 3468 2441 qui

1913 2463 2138 2520 prepter
2188 2469 2289 2507 nos
2311 2470 2517 2524 egenus
2544 2457 2718 2511 factus
2772 2469 2854 2511 ost
2879 2459 2939 2526 (ll
2966 2458 3090 2512 Cor.
3115 2476 3223 2524 vm,
3247 2460 3323 2529 9),
3347 2476 3466 2516 sese

1912 2550 2123 2610 partem
2151 2544 2399 2597 collocat.

1980 2631 2109 2684 Nili.
2131 2664 2200 2672 —
2223 2635 2291 2689 Ut
2318 2635 2453 2689 lucis
2476 2622 2759 2705 pi‘bprium
2789 2648 2871 2691 est
2902 2637 3239 2704 illuminare;
3266 2640 3343 2693 sic
3370 2639 3466 2694 Dei

1912 2721 2197 2789 proprium
2228 2733 2313 2777 est
2338 2725 2818 2794 suorunuoperum
2850 2718 3117 2781 misereri.

1979 2896 2036 2951 S.
2066 2898 2257 2952 Ινρηιεὶ
2287 2914 2350 2951 ea:
2381 2903 2529 2969 epist.
2565 2902 2634 2953 ad
2664 2902 2935 2957 Victorem.
2965 2933 3034 2942 —
3062 2902 3312 2969 Quandiu
3344 2907 3466 2975 quis

1884 2989 1966 3043 'in
1996 2989 2251 3043 facultate
2282 2990 2447 3045 habet
2472 3001 2530 3045 ut
2555 2994 2813 3061 proximis
2843 2994 3168 3057 benefaciat,
3193 3008 3293 3048 nec
3317 2995 3462 3059 facit,

1910 3080 2122 3134 alienus
2151 3098 2178 3134 a
2210 3082 2423 3136 Domini
2449 3083 2739 3149 dilectione
2763 3084 3143 3138 aestimabitur.

1982 3253 2235 3307 Philonis.
2264 3283 2332 3294 -υ-
2354 3256 2535 3309 Talem
2570 3237 2861 3311 te-famulis
2891 3259 2995 3312 tuis
3021 3262 3221 3329 praebe,
3247 3266 3462 3331 qualem

1914 3344 2010 3397 tibi
2051 3345 2219 3398 Deum
2259 3354 2432 3415 optas.
2458 3346 2529 3401 Ut
2566 3348 2711 3402 enim
2752 3349 3027 3413 audimus,
3055 3367 3083 3403 a
3125 3352 3234 3406 Deo
3272 3354 3462 3415 audie-

1911 3451 2064 3500 mur;
2096 3444 2151 3489 et
2180 3444 2241 3489 ut
2271 3438 2536 3502 videmus,
2562 3438 2785 3492 videndi
2820 3439 2887 3493 ab
2920 3455 2986 3493 eo
3017 3457 3225 3497 sumus.
3252 3442 3462 3498 Miseri-

1911 3526 2151 3579 cordiam
2200 3529 2363 3597 igitur
2410 3528 2801 3587 misericordia:
2841 3513 3226 3601 pra-rogemus,
3264 3545 3323 3589 ut
3363 3551 3462 3604 pro

1910 3614 2073 3668 simili
2102 3616 2261 3683 555
2289 3618 2465 3672 simile
2490 3620 2838 3688 recipiamus.

1979 3806 2243 3861 Demosth.
2274 3837 2342 3845 —-
2362 3807 2596 3877 Equum
2631 3818 2788 3864 estut
2814 3812 3190 3879 misereamur,
3217 3832 3324 3872 non
3356 3820 3462 3874 ini-

1911 3914 2139 3967 quorum
2172 3898 2453 3951 hominum
2478 3914 2540 3952 ac
2573 3898 2965 3968 improborum,
2999 3905 3093 3958 sed
3140 3918 3327 3963 earum
3368 3917 3463 3981 qui

1912 3989 2063 4042 nullo
2093 4003 2193 4041 suo
2222 3996 2373 4041 reatu
2392 4004 2456 4043 ac
2477 3987 2734 4044 immeriti
2758 3991 2811 4044 in
2841 3992 2996 4046 malis
3022 4008 3327 4054 versantur.

1986 4076 2210 4130 Biantis.
2235 4106 2301 4115 —
2323 4076 2446 4131 Bias
2468 4078 2685 4148 capitali
2714 4082 2998 4149 quemdam
3020 4087 3290 4141 sententia
3307 4089 3464 4145 dam-

1913 4175 2158 4230 naturus,
2212 4170 2265 4221 in
2327 4165 2514 4223 ﬂetum
2564 4172 2763 4242 erupit.
2818 4174 3055 4243 Rogatus
3090 4170 3322 4246 autem,
3368 4182 3463 4252 qui

1916 4258 1970 4316 id
1994 4258 2302 4325 accidisset,
2326 4270 2387 4315 ut
2417 4261 2509 4330 qui
2545 4258 2711 4334 judex
2756 4265 2989 4333 sederet,
3049 4267 3164 4340 ipse
3210 4256 3463 4343 lugeret:

1913 4352 2069 4419 Quia,
2097 4353 2290 4421 inquit,
2308 4360 2515 4407 naturae
2539 4356 2776 4423 quidem,
2802 4367 2862 4411 ut
2900 4360 3318 4424 miserationem.
3362 4367 3468 4437 legi

1850 4503 1859 4507 ,
1913 4462 2067 4510 vero,
2088 4445 2408 4500 sententiam
2440 4456 2499 4501 ut
2520 4440 2842 4515 tribuamus,
2877 4467 3095 4508 necesse
3123 4470 3225 4509 εει.

325 4524 830 4578 Ouidium—06:5
886 4526 945 4589 ἐξ
996 4524 1140 4594 ἱεροῦ
1184 4524 1399 4594 βωμὸν,
1449 4526 1570 4579 οὔτε
1612 4518 1677 4580 ἐκ
1714 4528 1810 4597 τῆς

1984 4537 2274 4591 Phocionis.
2302 4567 2372 4576 —
2392 4538 2505 4593 Nec
2530 4555 2597 4594 ex
2630 4543 2829 4610 templo
2858 4557 2968 4609 ara,
3007 4560 3107 4599 nec
3134 4562 3199 4599 ex
3232 4547 3469 4633 humayo

258 4610 606 4682 ἀνθρωπίνης
630 4615 839 4681 φῦσεως
868 4615 1186 4686 ἀφαιρετέον
1208 4614 1298 4667 τὸν
1335 4614 1499 4681 ἔλεον.

326 4700 640 4770 Δημοκρίτ.
677 4703 964 4771 Ἰσοκράτ.
992 4706 1087 4760 καὶ
1127 4703 1498 4770 Ἐπικτήτου.
1530 4732 1580 4745 -—
1632 4704 1812 4769 Ξένοις

1909 4642 2107 4697 genere
2132 4628 2365 4682 tollenda
2388 4630 2762 4685 misericordia
2786 4644 2889 4693 est.

1981 4715 2275 4779 Democriti,
2294 4715 2539 4769 Isocratis
2560 4724 2611 4769 et
2638 4717 2880 4787 Epicteti.
2916 4752 2985 4761 —
3007 4723 3315 4793 Peregrinis
3369 4730 3474 4781 tri--

263 4790 567 4859 μεταδίδου,
614 4789 845 4854 καὶτοῖς
871 4793 1141 4863 δεομένοις
1188 4795 1249 4845 ἐκ
1280 4792 1387 4844 τῶν
1414 4792 1598 4845 ὄντων·
1642 4795 1669 4845 ὁ
1705 4795 1811 4864 γὰρ

1933 4821 2013 4859 me
2035 4820 2099 4860 ac
2122 4806 2308 4875 egenis
2328 4798 2391 4859 ex
2418 4815 2508 4861 tua
2525 4806 2776 4862 facultate
2807 4825 2820 4861 :
2860 4811 2951 4878 qui
2970 4812 3113 4865 enim
3147 4789 3326 4883 egenti
3358 4833 3466 4872 non

262 4880 338 4951 μὴ
366 4880 546 4943 διδοὺς
572 4878 828 4951 δεομένῳ,
862 4882 980 4935 οὐδὲ
1004 4885 1160 4948 αὐτὸς
1180 4882 1406 4954 λήψεται
1435 4884 1702 4953 δεόμενος.

330 4991 575 5063 Πειρατῇ
613 5007 720 5043 τινι
750 4993 1039 5060 ἐμπεσόντι
1069 4996 1147 5058 είς
1171 4996 1268 5066 τὴν
1292 4992 1415 5065 γῆν,
1446 4999 1537 5050 καὶ
1573 4998 1812 5066 διαφθει-

261 5080 483 5149 ρομένῳ
523 5078 805 5149 χειμῶνος,
853 5082 1190 5149 περισόὶωόν
1238 5088 1318 5146 τις
1374 5085 1534 5155 ἄρας,
1564 5084 1809 5150 δέδωκεν,

262 5172 351 5223 καὶ
378 5172 460 5235 είς
500 5171 597 5241 τὴν
637 5169 810 5222 οἰκίαν
841 5171 1165 5241 εἰσαγαγὼν,
1202 5176 1270 5227 τὰ
1311 5175 1435 5244 ἑξῆς
1467 5176 1641 5229 πάντα
1671 5193 1808 5246 παρα

265 5259 434 5329 έσχεν.
491 5260 829 5323 Ὀνειδισθείς
875 5261 934 5312 δὲ
966 5263 1069 5315 ὑπό
1103 5283 1267 5330 τινος,
1295 5267 1374 5318 ὃτι
1395 5269 1516 5329 τοὺς
1550 5271 1815 5337 πονηροὺς

1909 4894 2182 4959 tribuerit,
2210 4910 2280 4949 ne
2304 4894 2421 4964 ipse
2447 4895 2664 4965 quidem
2691 4897 2939 4967 accipiet,
2971 4915 3093 4954 cum
3121 4904 3349 4971 cgucrit.

1988 4992 2131 5061 Cum
2157 5006 2346 5076 piratae
2371 5008 2585 5063 cuidam
2619 5010 2676 5063 in
2710 5019 2909 5065 terram
2932 5013 3124 5083 ejecto,
3169 5030 3230 5069 ac
3261 5025 3468 5087 tempe.

1922 5105 2060 5151 state
2082 5096 2422 5166 naufragium
2465 5114 2647 5167 passo,
2698 5099 2968 5170 quispiam
3016 5113 3222 5157 vestem
3276 5116 3470 5161 contu-

1922 5184 2095 5246 lisset,
2113 5192 2274 5252 atque
2292 5186 2345 5237 in
2367 5185 2587 5239 domum
2613 5187 2927 5253 induxisset,
2949 5192 3203 5259 omnique
3219 5192 3471 5263 deinceps

1923 5271 2259 5326 humanitate
2286 5285 2608 5342 prosccutus
2638 5286 2780 5331 esset
2805 5294 2818 5337 ;
2853 5278 3465 5359 exprobrante’quodaiu

1764 5422 1992 5478 ΝΟΤᾸΞ.

333 5553 406 5621 (b)
442 5552 895 5619 Πρσεγέγκωμεν
926 5550 1047 5603 »τοῦ
1116 5555 1288 5621 ἐλέου
1334 5554 1437 5606 τὸν
1494 5554 1687 5607 ἔλεον.
1720 5556 1811 5611 Sic

264 5618 545 5691 emendo”
567 5618 709 5689 quod
763 5618 881 5675 erat
914 5618 1381 5691 aposavéfxmusv,
1428 5624 1570 5675 facili
1618 5624 1809 5678 scriba:

266 5667 735 5761 l;upSii._)§i/cplana
765 5667 1094 5744 constructio
1123 5667 1183 5743 ac
1209 5667 1400 5744 se‘nsu's
1423 5708 1439 5761 ;¹
1472 5707 1662 5760 nempe
1690 5707 1809 5747 esse

269 5758 727 5817 misericordiam.
793 5774 951 5830 quam
1009 5775 1395 5831 prmrngamus.
1436 5758 1809 5830 ‘eleemosyuis

1918 5573 2240 5625 pauperum,
2269 5564 2424 5630 quasi
2457 5580 2640 5619 semen
2670 5567 2806 5634 ejus.
2833 5581 2992 5633 quam
3023 5582 3051 5619 a
3081 5568 3190 5619 Deo
3217 5582 3313 5621 nos
3341 5585 3471 5623 con-

1914 5638 2198 5704 secuturos
2235 5644 2537 5705 speramus,
2566 5649 2645 5705 ac
2694 5634 3045 5705 velutifcnori
3095 5637 3274 5690 datam
3306 5654 3469 5705 pecu-

1914 5697 2079 5759 niam,
2114 5697 2278 5765 quani
2326 5700 2504 5755 fructu
2564 5704 2945 5759 innumerabili
2972 5705 3025 5759 in
3064 5707 3200 5761 caelo
3243 5697 3469 5777 recipia-

1916 5780 2053 5818 lllllS.
