3948 6338
145 454 234 520 181

1416 451 1583 511 LOCI
1620 450 1937 510 COMMUN
1942 450 2052 508 ES.

3230 439 3340 504 ’782

143 561 354 614 meo»
379 563 523 632 μέγα
550 563 644 616 καὶ
669 565 851 628 καλὸν,
884 560 1186 634 στρατηγὸν
1217 559 1318 611 οὐκ
1343 557 1463 627 ἔχον
1486 573 1500 587 ο
1546 557 1691 608 Ἠλί-

1815 559 1997 627 ngcnti
2025 558 2267 611 exercitu
2297 556 2598 625 proboque,
2634 568 2798 624 quem
2826 553 3118 621 imperator
3145 550 3344 607 defice-

145 669 253 712 κον.
290 652 419 719 ἔψη,
441 651 630 721 θηρίον
657 653 907 721 καφαλὴν
929 654 1029 705 οὐκ
1065 651 1199 720 εχει.

206 741 524 795 Φιλίππου.
558 745 749 796 -Τὸν
786 742 1007 812 βασιλέα
1057 742 1140 794 δεῖ
1182 739 1564 810 μνημονεύειν,
1614 740 1694 790 ὅτι

139 829 421 899 ἅνθρωπος
452 830 527 883 ὣν
564 818 814 899 ἐξουσίαν
838 834 1059 900 εἴληφεν
1094 828 1329 901 [ἔλαϐεν]
1364 829 1589 891 ἰσόθεον,
1611 828 1696 878 ἴνα

140 917 477 985 προαιρῆται
526 920 626 988 μὲν
660 919 730 973 τὰ
766 919 907 973 καλὰ
936 919 1030 972 καὶ
1055 919 1196 982 θεῖα,
1232 918 1492 987 φρονήσει
1519 916 1576 968 δὲ
1604 918 1698 968 ἀν-

140 1002 387 1076 θρωπίνῃ
406 1005 626 1077 χρῆται-

212 1089 274 1143 Et
325 1089 503 1158 βούλει
548 1095 646 1164 τὴν
706 1092 887 1149 οίειίαν
945 1090 1005 1149 εὖ
1051 1095 1338 1160 οζκεῖσῦαι,
1382 1093 1550 1163 μιμοῦ
1606 1094 1698 1146 τὸν

141 1181 488 1252 Σπαρτιάτην
549 1185 889 1257 Λυκοῦργον.
925 1189 1021 1239 ’ον
1051 1186 1159 1256 γὰρ
1183 1188 1380 1257 τρόπον
1410 1188 1469 1239 οὐ
1494 1188 1696 1255 τείχεσι
1723 1232 1728 1238 .

142 1266 243 1335 τὴν
289 1268 442 1323 πάλιν
483 1271 737 1343 ἔφριξεν,
795 1276 911 1329 ἀλλ’
958 1278 1127 1346 ἀρετῇ
1179 1277 1307 1339 τοὺς
1360 1274 1701 1335 ἐνοικοῦντας

141 1356 455 1425 ὠχύρωσεν,
504 1362 599 1413 καὶ
640 1363 929 1427 διαπαντὸς
965 1366 1229 1436 ἐτήρησεν
1281 1364 1571 1433 ἐλευθέραν
1602 1361 1700 1432 τὴν

143 1445 332 1497 πόλιν·
373 1446 542 1510 οὗτος
585 1449 681 1503 καὶ
723 1454 811 1517 σὺ,
847 1452 925 1524 μὴ
969 1455 1213 1524 μεγάλην
1240 1455 1411 1521 αὐτὴν
1438 1449 1701 1525 περίϐαλε

142 1534 235 1585 καὶ
260 1534 474 1603 τοίχους
506 1535 744 1605 {adn-.105;
785 1542 1001 1604 ἀνίστα.
1031 1544 1164 1597 ἀλλὰ
1212 1543 1339 1603 τοὺς
1357 1542 1701 1602 ἐνοικοῦντας

140 1624 347 1692 εὐνοίᾳ,
375 1628 469 1677 καὶ
500 1627 699 1692 πίστει,
729 1630 822 1683 καὶ
850 1630 1005 1701 φιλίᾳ.
1033 1632 1278 1701 στήριξε,
1318 1632 1415 1686 καὶ
1437 1630 1593 1684 οὐδὲν
1622 1634 1703 1695 είς

1796 658 1913 700 ret:
1940 646 2173 711 Quanta,
2212 646 2411 713 inquit,
2438 645 2612 699 bestia
2640 652 2806 712 caput
2829 657 2940 695 non
2965 640 3171 694 habet?

1866 733 2117 801 Philippi.
2158 762 2227 771 -—
2255 733 2369 785 Rex
2417 731 2731 785 meminisse
2775 729 2960 792 debet,
3009 727 3174 780 homo
3222 740 3345 781 cum

1796 819 1885 879 sit.
1915 834 2101 887 parem
2129 818 2238 871 Deo
2268 825 2588 885 potestatem
2632 815 2928 884 accepisse,
2962 820 3022 867 ut
3065 828 3187 881 qua:
3213 828 3340 880 prte-

1798 911 1945 963 clara
1975 916 2104 961 sunt
2131 917 2293 975 atque
2321 907 2504 960 divina
2527 906 2712 959 animo
2734 904 2936 973 deligat
2957 918 3020 957 ac
3040 902 3342 956 constituat

1795 1008 1852 1053 et
1885 999 2175 1067 prudentia
2208 1005 2392 1051 utatur
2425 997 2681 1049 humana.

1867 1090 1929 1149 Si,
1952 1090 2037 1142 vis
2061 1089 2283 1141 domum
2317 1087 2455 1141 bene
2495 1084 2752 1148 habitari,
2786 1083 3092 1154 Lycurgum
3134 1080 3354 1149 Sparta-

1798 1196 1929 1236 num
1960 1179 2193 1232 imitare.
2222 1177 2688 1243 Quemadmodum
2720 1176 2866 1229 enim
2901 1173 2990 1227 ille
3040 1187 3149 1229 non
3182 1172 3356 1224 muris

1799 1270 1968 1325 cinxit
1996 1270 2213 1332 urbem,
2247 1270 2343 1323 sed
2365 1269 2569 1323 virtute
2603 1268 2810 1321 incolas
2833 1264 3146 1325 obvallavit,
3186 1262 3265 1317 sic
3291 1270 3353 1315 tu

1799 1374 2039 1429 quoque,
2066 1374 2137 1413 ne
2188 1373 2441 1427 magnum
2497 1358 2698 1412 atrium
2756 1354 2979 1424 cingite,
3035 1368 3170 1408 neve
3214 1352 3355 1406 altos

1798 1449 1974 1503 excita
2008 1449 2268 1517 parietes,
2301 1447 2396 1501 sed
2428 1448 2523 1516 qui
2554 1447 2777 1501 domum
2809 1445 3059 1515 habitent
3110 1442 3354 1495 benevo—

1800 1537 1966 1591 lentia
1988 1546 2044 1591 ct
2073 1537 2178 1591 fide
2199 1546 2257 1616 et
2275 1537 2512 1590 amicitia
2542 1536 2777 1601 ﬁrmato,
2833 1534 3082 1603 nihilque
3131 1533 3187 1587 in
3233 1546 3355 1596 eam

1802 1629 2023 1681 noxium
2054 1627 2210 1697 561
2260 1627 2623 1695 ingredietur,
2660 1627 2748 1680 vel
2806 1626 2853 1681 si
2898 1625 3078 1680 omnis
3134 1621 3360 1678 malitia

141 1712 307 1782 αὐτὴν
332 1714 699 1770 εἰσελεύσεται
726 1719 1012 1790 βλαϐερὸν,
1044 1721 1153 1775 οὐδ’
1180 1722 1248 1773 ἂν
1273 1722 1335 1775 τὺ
1354 1722 1575 1790 σύμπαν
1604 1723 1691 1791 τῆς

1813 1730 2010 1769 cuneus
2039 1715 2249 1768 infensa
2280 1714 2397 1768 acie
2425 1721 2593 1783 petat.

140 1801 338 1863 κακίας
367 1805 751 1875 παρατάξηταί.
781 1810 986 1876 στῖφος.

205 1890 418 1960 Μηδεὶς
452 1895 562 1947 τῶν
598 1897 878 1967 φρονίμων
916 1899 1011 1952 τοῦ
1051 1899 1185 1969 ἄρχε
1194 1916 1242 1952 ιν
1281 1898 1691 1968 ἀλλοτριούσθω.

1871 1891 2042 1944 Nemo
2067 1890 2163 1957 qui
2202 1890 2471 1958 praeditus
2508 1885 2807 1959 prudentia
2860 1891 2960 1955 sis,
3003 1892 3361 1961 magistratus

141 1977 248 2029 Kal.
276 1979 391 2050 γὰρ
418 1981 614 2045 ἀσεϐὲς
641 1983 702 2036 τὸ
729 1985 983 2055 ἀποσπᾷν
1000 1986 1011 1996 ’
1027 1986 1219 2039 ἑαυτὸν
1248 1988 1349 2056 τῆς
1378 1987 1488 2040 τῶν
1508 1989 1698 2057 δεομέ-

140 2086 239 2122 νων
266 2072 598 2141 εὐχρηστίας
616 2073 947 2147 [εὐχαριστ]
975 2079 1072 2129 καὶ
1106 2078 1298 2143 ἁγενὲς
1334 2078 1395 2130 τὸ
1422 2066 1534 2141 τοῖς
1556 2082 1699 2146 φαύ-

138 2156 249 2223 λοις
278 2165 655 2232 παραχωρεῖν.
699 2164 950 2234 ’Δνόητον
974 2167 1085 2234 γὰρ
1104 2165 1166 2218 τὸ
1194 2167 1468 2234 αἱρεῖσθαι
1512 2169 1700 2232 κακῶς

140 2250 404 2320 ἁρχεσθαι
443 2252 664 2321 μᾶλλον,
690 2253 724 2325 ἢ
755 2254 937 2318 καλῶς
963 2255 1175 2326 ἄρχειν.
1201 2274 1217 2312 't
1394 2270 1397 2271 '

202 2428 386 2480 Δεινὺν
418 2429 515 2482 καὶ
542 2430 1080 2500 χαλεπώτατοντοὺς
1115 2431 1332 2501 χείρους
1360 2432 1468 2484 τῶν
1492 2432 1699 2502 βελτιό-

137 2530 239 2568 νων
274 2517 489 2587 ἇρχειν,
528 2517 750 2581 καὶτοὺς
776 2520 1157 2592 ανοητοτέρους
1198 2523 1313 2584 τοῖς
1363 2524 1698 2591 φρονιμωτέ-

140 2620 250 2673 ροις
288 2609 666 2677 προστάττειν.

183 2693 494 2763 Εὐμένης.
514 2698 853 2767 -Εὐμένης
886 2701 916 2750 ὁ
942 2698 1194 2767 βασιλεὺς
1224 2699 1375 2766 ἔλεγε
1402 2703 1517 2762 τοῖς
1544 2701 1697 2753 ἁδελ-

137 2786 252 2849 φοῖς
281 2784 593 2849 διαπαντός·
643 2788 768 2840 Ἐὰν
798 2788 898 2857 μὲν
927 2788 1005 2850 ὡς
1051 2787 1263 2858 βασιλεῖ
1293 2790 1696 2859 προσφέρησθε,

135 2872 211 2934 ὡς
257 2874 511 2942 ἀδελφοῖς
557 2877 687 2944 ὑμῖν
728 2877 1023 2948 χαρίσομαι
1047 2896 1061 2908 ο
1106 2879 1202 2933 ἐὰν
1245 2880 1304 2932 δὲ
1346 2880 1424 2941 ὡς
1459 2880 1693 2950 ἀδελφῷ,

134 2961 244 3029 ἐγὼ
274 2963 408 3031 ὑμῖν
428 2965 504 3026 ὡς
540 2964 811 3034 βασιλεύς.
1565 2961 1573 2969 ’

201 3054 417 3119 Κότυς.
450 3056 623 3120 Κότυς
652 3058 681 3110 ὁ
723 3046 833 3111 τῶν
876 3056 1109 3129 Θρᾳκῶν
1141 3058 1410 3128 βασιλεὺς,
1444 3059 1696 3128 Θηϐαίων

136 3142 547 3211 σεμνυνομένων
596 3146 676 3198 ὅτι
710 3146 1153 3215 Δακεδαιμονίων
1188 3149 1485 3216 -ἱίγήσαντοο
1529 3149 1691 3216 Ἐγὼ,

135 3233 319 3297 φησιν,
376 3232 598 3302 ἑώρακα
629 3236 963 3305 χειμάρρους
1001 3238 1260 3306 ποταμῶν
1317 3238 1539 3307 μείζους
1585 3240 1692 3294 τῶν

87 3325 95 3333 ’
131 3319 371 3371 ἀεννάων
409 3322 751 3389 γενομένους,
786 3324 898 3375 ἀλλ’
924 3324 1104 3391 ὀλίγον
1133 3325 1341 3395 χρόνον.

214 3409 274 3461 '0
311 3411 473 3471 αὐτὸς
500 3413 819 3481 ἐρωτηθεὶς,
860 3414 978 3467 Τίνι
1006 3416 1439 3486 καταλιμπάνεις
1452 3417 1513 3470 τὸ
1537 3416 1693 3488 βασί-

131 3496 305 3563 λεισνς
336 3499 461 3567 ἔφη’
491 3500 582 3568 Τῷ
605 3502 901 3571 δυναμένῳ.

201 3588 416 3641 Φίλων.
452 3618 518 3629 -
540 3590 617 3658 Τῇ
651 3591 749 3657 μὲν
775 3592 935 3660 οὐσίᾳ
962 3592 1055 3644 τοῦ
1092 3592 1362 3670 σώματος,
1408 3594 1521 3657 ἶσος
1554 3611 1689 3647 παν-

1801 1996 1944 2034 onus
1966 1980 2228 2034 cxcutito.
2262 1980 2484 2036 Etenim
2530 1981 2763 2050 impium
2792 1991 2896 2044 est,
2950 1983 3186 2052 teipsum
3224 1982 3360 2036 sub-

1801 2071 2028 2135 ducere,
2056 2086 2127 2124 ne
2178 2071 2248 2125 iis
2295 2071 2478 2138 prosis
2513 2071 2607 2139 qui
2659 2081 2905 2139 egeant;
2960 2071 3358 2141 degenerisque

1800 2163 1971 2215 animi
2028 2162 2202 2226 labes,
2249 2169 2312 2215 ut
2368 2161 2535 2216 cedas
2579 2160 2711 2224 illis,
2750 2160 2846 2229 qui
2896 2161 3022 2214 mali
3067 2161 3354 2215 exsistant.

1755 2231 1760 2247 ’
1796 2251 2097 2306 Dementia:
2121 2266 2358 2321 namque
2379 2260 2485 2315 est,
2520 2251 2682 2305 malle
2714 2250 2855 2331 male
2888 2250 3121 2319 imperio
3169 2249 3389 2340 subdi,’

1796 2355 1960 2407 quam
1996 2339 2092 2393 illo
2126 2339 2267 2394 bene
2298 2355 2553 2408 praeesse.
2656 2345 2660 2349 “

1788 2432 1793 2437 ’
1864 2430 2053 2484 Dirum
2083 2432 2647 2502 molestissimumque
2677 2436 2785 2494 est,
2813 2430 3118 2485 deteriores
3160 2428 3348 2483 melio-

1797 2520 1955 2573 ribus
1968 2532 2225 2589 praaesse,‘
2246 2537 2309 2575 ac
2335 2522 2430 2590 qui
2453 2518 2825 2575 denientiores
2839 2529 2987 2584 sunt,
3030 2520 3355 2589 prudentio-

1793 2609 1946 2664 ribus
1962 2610 2175 2678 jubere.
2523 2600 2567 2667 l\

1864 2699 2145 2754 Eumenes.
2169 2730 2241 2740 —
2284 2685 2682 2861 Eumeneseiex
2720 2700 2917 2755 crebro
2968 2699 3233 2753 fratribus
3272 2697 3354 2752 di-

1864 2803 1920 2842 re
1958 2789 2206 2844 solebat:
2235 2790 2292 2861 Si
2318 2806 2404 2845 me
2436 2800 2496 2849 ut
2525 2808 2552 2845 r
2623 2807 2654 2846 e
2682 2792 2937 2857 utamini,
2969 2806 3070 2861 ego
3097 2798 3354 2858 tanquam

1794 2802 1920 2843 cere
1952 2781 2206 2844 ‘solebat:
2235 2790 2292 2863 Si
2318 2806 2404 2845 me
2436 2800 2496 2849 ut
2525 2781 2654 2861 rege
2682 2792 2937 2857 utamini,
2969 2806 3070 2861 ego
3097 2798 3354 2858 tanquam

1794 2878 2061 2933 fratribus
2121 2880 2453 2950 indulgebo:
2517 2881 2604 2936 sin
2657 2891 2840 2936 autem
2897 2890 2963 2935 ut
3007 2882 3195 2943 fratre,
3252 2893 3356 2950 ego

1793 2966 1949 3020 vobis
1982 2974 2043 3021 ut
2069 2984 2185 3022 rex.
2699 2957 2708 2965 ’

1864 3055 2037 3128 Cotys.
2063 3089 2135 3098 —
2155 3058 2322 3129 Cotys
2347 3060 2623 3114 Thracum
2660 3075 2774 3127 rex,
2813 3058 3177 3129 gloriantibus
3208 3057 3351 3111 The.

1794 3142 1951 3199 banis
1978 3147 2134 3215 quod
2168 3147 2597 3202 Lacedaemoniis
2635 3148 3014 3215 imperarent:
3077 3145 3221 3204 Vidi,
3267 3146 3352 3198 in-

1793 3234 1934 3300 quit,
1966 3243 2242 3288 torrentes
2268 3235 2605 3302 perennibus
2653 3234 2834 3287 ﬂuviis
2875 3235 3115 3302 majores.
3158 3234 3352 3296 factos,

1791 3319 1883 3371 sed
1916 3319 1986 3371 ad
2013 3319 2180 3372 breve
2221 3328 2477 3388 tempus.

1859 3408 2003 3462 Idem
2032 3408 2397 3479 interrogatus
2421 3410 2509 3465 cui
2536 3410 2870 3479 relinqueret
2894 3425 3082 3464 arcem
3111 3409 3347 3479 regiam:

1790 3495 2030 3561 Potenti,
2063 3499 2263 3567 inquit.
2590 3572 2593 3575 γ
3244 3552 3248 3556 .
3286 3562 3291 3566 ,

1856 3586 2113 3641 Philonis.
2133 3618 2201 3629 —
2226 3589 2485 3658 Corporis
2503 3590 2724 3658 quidem
2766 3591 3071 3645 substantia
3114 3607 3205 3645 rex
3233 3593 3349 3646 cui-

128 3674 222 3737 τὸς
262 3677 548 3747 ανθρώπου
574 3681 603 3730 ὁ
638 3679 921 3747 βασιλεύς·
951 3684 1013 3750 τῇ
1062 3681 1279 3751 ἐξουσίᾳ
1316 3683 1375 3735 δὲ
1414 3683 1507 3735 τοῦ
1535 3684 1691 3749 ἀξιώ-

1813 3676 1871 3727 ris
1897 3678 2105 3730 homini
2139 3680 2367 3746 aequalis
2405 3690 2525 3734 est:
2558 3682 2842 3750 dignitatis
2885 3697 3018 3735 vero
3060 3690 3370 3749 potestate,

132 3780 325 3830 ματος,
374 3768 560 3835 ὅμοιός
592 3769 709 3819 ἐστι
747 3769 808 3820 τὸ
853 3770 946 3821 ἐπὶ
989 3771 1203 3823 πάντων
1420 3774 1536 3823 υὺκ
1575 3772 1688 3840 ἔχει

1813 3765 1918 3826 )eo,
1955 3766 2049 3832 qui
2071 3773 2155 3819 est
2182 3782 2349 3834 super
2376 3769 2558 3821 omnia
2587 3769 2758 3833 (Rom.
2796 3786 2871 3830 nt,
2899 3770 2977 3836 5),
3010 3771 3204 3824 similis
3243 3782 3346 3825 est.

126 3855 236 3923 γὰρ
267 3859 357 3908 ἐπὶ
381 3859 483 3926 γῆς
519 3859 687 3911 αὑτοῦ
722 3860 1070 3929 ὑψηλότερον.
1120 3856 1239 3929 Χρὴ
1281 3861 1458 3913 τοίνυν
1490 3860 1580 3913 καὶ
1610 3862 1687 3925 ὡς

1813 3848 1902 3905 lon
1928 3853 2073 3924 enim
2104 3854 2269 3909 habet
2308 3871 2471 3925 super
2517 3866 2737 3919 terram,
2773 3858 2868 3926 qui
2915 3858 3010 3926 illo
3061 3860 3349 3914 sublimior

126 3943 322 4014 θνητὸν
362 3947 437 4014 μὴ
469 3946 815 4016 ἐπαίρεσθαι,
843 3949 937 3999 καὶ
954 3947 1030 4009 ὠς
1068 3947 1199 3999 Θεὸν
1229 3948 1304 4016 μὴ
1348 3946 1682 4018 ὀργίζεσθαι.

1816 3944 1875 3995 it.
1904 3941 2097 4012 Opera:
2124 3946 2357 4014 pretium
2385 3948 2571 4021 igitur,
2598 3958 2660 4001 ut
2680 3958 2738 4003 et
2773 3949 2929 4017 quasi
2961 3951 3205 4004 mortalis
3236 3967 3345 4004 non

126 4032 189 4086 Εί
216 4036 329 4103 γὰρ
359 4037 452 4088 καὶ
487 4037 655 4089 εἰκόνι
683 4037 834 4106 Θεῖκῇ
880 4038 1186 4105 τετίμηται,
1226 4039 1361 4091 ἀλλά
1409 4042 1503 4092 καὶ
1540 4042 1684 4093 κόνει

1813 4035 2097 4099 :xtollatur,
2130 4045 2273 4089 etut
2303 4038 2466 4102 Deus,
2516 4039 2598 4092 ira
2637 4054 2747 4092 non
2798 4040 3120 4108 abripiatur.
3167 4040 3349 4106 Quan-

123 4126 283 4192 χοῐκῇ
330 4126 764 4192 συμπέπλεκται,
798 4127 865 4179 δι’
896 4124 964 4199 ἧς
993 4129 1368 4183 ἐκδιδάσκεται
1410 4132 1509 4201 τὴν
1542 4137 1679 4203 πρὸς

1813 4140 1949 4193 luam
1979 4126 2123 4179 enim
2146 4127 2333 4182 divina
2358 4129 2595 4199 imagine
2637 4131 2940 4185 honoratus
2967 4138 3082 4195 est;
3122 4127 3343 4188 terreno

124 4211 334 4274 πάντας
356 4213 631 4283 ἁπλότητα
662 4214 1017 4287 [enatorum].

1813 4231 1966 4269 amen
1998 4217 2213 4284 pulveri
2237 4220 2527 4288 cepulatus
2555 4230 2659 4285 est,
2705 4236 2814 4289 quo
2865 4220 3096 4276 docetur
3120 4237 3242 4278 esse
3284 4241 3343 4279 se

187 4386 567 4463 Μουσωνίου.
596 4417 666 4427 -
714 4389 1007 4457 Πειρατέον
1062 4392 1500 4461 καταπληκτικὸν
1546 4395 1682 4463 μᾶλ-

1785 4307 2038 4359 omnibus
2071 4308 2325 4361 similem.
3097 4371 3102 4375 ,

1850 4395 2097 4450 Huscm’i.
2128 4426 2194 4435 —-
2223 4397 2542 4451 Conandum
2577 4410 2661 4453 est
2689 4408 2749 4453 ut
2787 4402 3023 4457 subditis
3046 4395 3341 4460 venerabi-

116 4471 208 4523 λον
263 4460 403 4546 τοῖς,
420 4478 703 4547 ὑπηκόοις,
734 4479 765 4547 ἦ
810 4479 1040 4548 φοϐερὸν
1085 4460 1437 4549 θεωρεῖσθαι·
1472 4460 1557 4551 τῷ.
1581 4486 1679 4553 μὲν

1813 4501 1905 4547 tor,
1940 4502 2101 4554 quam
2136 4488 2438 4541 terribilior
2482 4489 2944 4545 videarezalteri
2968 4494 3118 4547 enim
3158 4496 3333 4550 hone-

116 4563 229 4631 γὰρ
271 4567 532 4635 σεμνότης
566 4566 650 4638 [τὸ
673 4568 1037 4639 σεμνότητος],
1070 4570 1149 4637 τῷ
1178 4571 1232 4621 δὲ
1268 4572 1499 4639 ἀπήνεια
1544 4590 1684 4643 παρ-

113 4651 424 4707 ακολουθεῖ.
1498 4652 1513 4660 “

183 4763 498 4828 Δημοκρίτ.
525 4792 599 4801 -
619 4761 837 4833 [Iovqu
886 4764 1044 4833 φύσις
1078 4764 1325 4827 ἐξουσίας
1356 4737 1681 4834 ἐπιλαϐομέ-

112 4868 198 4920 νη,
230 4851 497 4919 δημοσίας
521 4852 891 4920 ἀπεργάζεται
924 4856 1221 4924 συμφοράς.

197 4964 530 5017 Ἀντισθέν.
560 4993 634 5003 -
660 4964 792 5015 Τότε
827 4967 923 5027 τὰς
958 4966 1139 5028 πόλεις
1173 4967 1505 5021 ἀπόλλυσθαι
1540 4984 1678 5036 συμ-

110 5053 318 5115 ϐαίνει,
356 5053 473 5104 ὅταν
516 5052 591 5121 μὴ
621 5054 877 5108 δύνωνται
923 5057 971 5105 οἱ
1015 5055 1342 5124 κρατοῦντες
1383 5058 1507 5119 τοὺς
1539 5058 1677 5127 φαύ-

109 5144 237 5205 λους
270 5146 344 5194 ὲκ
371 5144 471 5195 τῶν
499 5142 801 5195 σπουδαίων
830 5143 1142 5212 διακρίνειν.

190 5253 525 5317 Ἐπισφαλὲς
558 5252 864 5323 μαινομένῳ
893 5253 1073 5306 δοῦναι
1115 5255 1411 5325 μάχαιραν,
1453 5262 1547 5313 καὶ
1577 5278 1674 5330 μθ-

110 5340 305 5411 χθηρῷ
336 5340 581 5410 δύναμιν.

177 5452 552 5518 Μενάνδρου.
604 5484 675 5495 -
728 5453 963 5517 Πλοῦτος
1020 5454 1303 5521 ἀλόγιστος
1352 5460 1671 5525 προσλαϐὼν

108 5542 392 5607 ἐξουσίαν,
417 5542 505 5592 καὶ
526 5545 651 5604 τοὺς
680 5547 891 5610 φρονεῖν
915 5545 1201 5608 δοκοῦντας
1224 5549 1482 5618 ἀνοήτους
1510 5556 1668 5605 ποιεῖ’.

174 5714 447 5779 Δημοσθ.
472 5741 523 5753 -
556 5714 629 5766 Τὸ
661 5714 769 5789 γὰρ
793 5711 852 5769 εὖ
887 5717 1145 5786 πράττειν
1176 5721 1327 5790 παρὰ
1359 5723 1455 5793 τὴν
1489 5725 1665 5790 ἀξίαν,

1783 4577 1937 4639 statis
1964 4578 2221 4645 gravitas,
2253 4580 2420 4634 alteri
2455 4579 2711 4636 ferocitas
2741 4598 2924 4639 comes
2963 4593 3067 4639 est.

1848 4768 2126 4822 Democrit.
2177 4802 2243 4810 —-
2274 4774 2481 4827 Pravus
2525 4790 2743 4828 animus
2790 4787 3031 4845 arrepta.
3064 4788 3335 4846 potestate

1778 4859 2026 4925 publicas
2055 4860 2393 4914 calamitates
2417 4877 2480 4913 ae
2519 4863 2703 4915 clades
2740 4864 2916 4916 affert.

1847 4967 2071 5021 Antistii.
2102 4998 2171 5009 —-—
2204 4970 2360 5024 Tunc
2401 4972 2661 5025 nimirum
2688 4973 2851 5028 urbes
2877 4978 3144 5046 contingit
3193 4981 3336 5034 intc-

1779 5058 1906 5121 rire,
1934 5073 2058 5111 cum
2088 5059 2146 5122 ii,
2196 5061 2290 5128 qui
2346 5076 2528 5115 rerum
2560 5064 2866 5132 potiuntur,
2900 5068 3073 5121 malos
3101 5085 3130 5122 a
3177 5069 3335 5125 bonis

1775 5149 2089 5203 discernere
2113 5165 2221 5203 non
2246 5152 2445 5206 valent.
2467 5166 2473 5170 ‘

1844 5261 1912 5314 Ut
1937 5261 2145 5315 furioso
2164 5263 2425 5331 gladium,
2459 5265 2540 5319 sic
2569 5265 2819 5335 improbo
2866 5278 3192 5338 potestatem
3217 5280 3331 5326 tra-

1773 5347 1921 5409 dere,
1954 5351 2341 5415 periculosum.

1843 5458 2140 5514 Menandri.
2200 5494 2270 5502 —
2322 5464 2612 5532 Opulentia
2660 5468 2885 5520 rationis
2930 5484 3116 5522 exsors
3169 5482 3327 5527 nacta

1772 5554 2119 5613 potestatem,
2149 5564 2242 5604 eos
2264 5553 2427 5605 etiam
2464 5555 2558 5622 qui
2594 5564 2783 5622 sapere
2819 5557 3166 5621 videbantur,
3195 5563 3330 5613 stul-

1773 5645 1855 5687 tos
1888 5636 2088 5690 reddit.
2120 5656 2128 5663 ο

1842 5724 2106 5779 Demosth.
2140 5758 2207 5768 —-
2232 5729 2367 5784 Nam
2407 5736 2553 5800 quod
2582 5736 2705 5804 quis
2731 5751 2893 5806 supra
2925 5755 3085 5808 quam
3115 5756 3178 5793 ex
3214 5740 3328 5794 suis
