3948 6338
606 437 677 518 ,τῇ
690 438 707 498 1

1765 458 1823 515 s.
1866 418 2151 518 mxumi
2188 429 2689 535 comssonls

3716 495 3801 557 ’Μ

681 553 863 625 Dionis
906 557 1251 629 Clrrysast.—
1281 564 1516 629 Etenim,
1561 578 1616 621 ut
1647 572 1815 625 verbo
1850 576 2049 639 dicam,
2088 579 2155 631 vi-

2313 582 2556 649 ⁸Δίων-ος
2589 588 2692 641 τοῦ
2727 591 3024 657 Χρυσοστ.
3054 625 3121 635 -
3165 599 3353 651 Πασῶν
3398 601 3527 669 γὰρ,
3584 602 3654 666 ὡς
3694 605 3797 667 ἔπος

610 643 812 697 tiorum
834 647 1080 701 omnium
1125 659 1429 707 extremum
1485 657 1870 715 adulationem‘
1899 665 2164 723 invenies.

610 731 743 785 Nam
776 734 1013 801 primum
1041 740 1285 816 quidem,
1327 757 1439 795 rem
1488 748 1914 812 pulcherrimam
1973 772 2036 810 ac
2080 759 2170 827 ju-

607 820 903 873 stissimam
932 823 1171 891 (laudem
1207 828 1440 915 scilicet)
1482 838 1826 905 corrumpit;
1864 820 2167 911 utjamine

607 907 654 958 si
686 923 815 962 vere
840 912 1062 978 quidem
1111 907 1595 988 adhibita-luerit,
1635 926 1796 981 ﬁdem
1849 907 2163 991 mereatur:

605 1001 860 1069 quodque
893 1007 1134 1061 omnium
1160 1012 1539 1078 gravissimum
1566 1026 1668 1076 est.
1697 1022 1918 1078 virtutis
1945 1029 2165 1094 praemia

606 1088 741 1143 vitio
771 1092 993 1158 tribuit;
1024 1105 1083 1149 ut
1106 1100 1434 1157 sceleratius
1456 1104 1635 1160 facere
1665 1088 1977 1178 vidcantur,
2000 1132 2161 1185 quam

607 1182 700 1248 qui
729 1198 861 1249 pecu
895 1186 1017 1239 niam
1055 1190 1366 1246 adulteram
1399 1210 1460 1248 ac
1490 1212 1869 1269 corrumpunt.
1920 1206 1982 1259 Ili
2014 1182 2162 1263 enim

605 1283 857 1342 suspecta
890 1294 913 1330 ιι
966 1294 1087 1332 eam
1139 1283 1416 1351 reddunt;
1462 1288 1539 1347 illi
1565 1306 1718 1353 vero.
1756 1295 1977 1352 virtutis
2002 1299 2162 1355 {idem

602 1363 954 1422 labefactant.

669 1451 889 1521 Diogen.
908 1458 1051 1511 -ιη
1088 1461 1580 1521 οόυιοιὶοηονοῐυι
1607 1470 1661 1522 in
1686 1473 1961 1539 sepulcro,
1985 1476 2160 1532 solum

600 1539 854 1595 amicitiae
881 1558 1079 1600 nomen
1111 1548 1274 1603 titulo
1303 1553 1604 1622 ascriptum
1632 1566 1737 1610 est.

670 1716 813 1770 Idem
857 1719 1225 1791 interrogatus
1253 1765 1268 1788 ,
1322 1744 1569 1796 quaenam
1609 1733 1908 1792 bestiarum
1950 1742 2160 1799 dirissi-

598 1820 747 1859 mum
776 1823 1017 1863 morsum
1054 1813 1241 1882 ﬁgeret
1279 1835 1289 1869 :
1327 1818 1403 1870 Ex
1430 1820 1581 1884 feris,
1622 1824 1819 1893 inquit,
1854 1830 2153 1887 calumnia-

600 1905 779 1961 tores;
809 1914 873 1952 ex
908 1900 1105 1957 sicaris
1130 1921 1283 1970 vero,
1302 1921 1693 1969 assentatOres.

666 1986 1378 2053 Demost.—Demosthenes
1394 2001 1578 2056 aiebat
1600 2005 1703 2060 hoc
1726 2008 1946 2065 diil‘erre
1970 2028 2181 2069 assenu

600 2082 827 2132 tatorem
862 2095 891 2133 a
917 2095 1106 2147 corvo,
1133 2086 1277 2154 quod
1321 2089 1460 2143 alter
1488 2093 1660 2158 vivos,
1720 2097 1859 2151 alter
1908 2111 2153 2159 mortuos

597 2166 843 2223 devoret.

663 2260 1320 2322 Antist.-—Antisthenes
1368 2268 1446 2323 ait
1497 2272 1666 2326 satius
1700 2276 1889 2330 essein
1936 2294 2151 2347 corvos,
2198 2313 2213 2322 κ

594 2367 758 2420 quam
806 2354 861 2407 in
904 2365 1273 2412 assentatores
1322 2360 1567 2416 incidere
1616 2383 1627 2416 :
1664 2365 1740 2418 illi
1781 2368 1926 2422 enim
1954 2386 2155 2441 corpus

594 2439 868 2495 demortui
919 2443 1161 2510 ltedunt,
1197 2446 1253 2501 hi
1289 2448 1525 2503 viventis
1574 2452 1756 2507 animo
1812 2456 1987 2511 labem
2018 2439 2155 2514 infe-

594 2540 746 2585 runt.

665 2621 1056 2678 Pltavorini.——
1082 2619 1234 2682 Sicut
1262 2629 1572 2684 Aclzeonem
1600 2650 1740 2702 quos
1778 2637 1949 2691 aleret
1987 2655 2151 2696 canes

595 2724 927 2780 cnecarunt;
977 2716 1055 2770 sic
1103 2708 1416 2773 adulatores
1468 2721 1743 2777 devorant
1795 2728 1889 2794 qui
1947 2743 2004 2782 se
2042 2746 2148 2783 nu-

595 2802 789 2856 triunt.

662 2888 904 2946 Zenonis.
929 2895 1190 2964 —Argue
1223 2899 1478 2965 teipsum,
1537 2902 1788 2969 quisquis
1830 2920 1908 2969 es,
1946 2922 2050 2961 nec
2084 2910 2152 2961 ad

591 2985 816 3054 gratiam
885 2986 1105 3050 audias;
1150 2987 1243 3039 sed
1276 2976 1435 3039 aufer
1490 3000 1887 3046 assentatorum
1934 2996 2152 3053 dicendi

590 3075 888 3131 licentiam.

2269 673 2458 737 εἰπεῖν,
2487 676 2596 729 τῶν
2625 681 2851 746 κακιῶν,
2878 685 3108 753 ἐσχάτην
3139 688 3200 739 ἄν
3228 705 3310 749 τις
3338 688 3486 757 εὖροι
3531 694 3629 763 τὴν
3668 695 3799 747 mla-

2267 763 2437 816 κείαν.
2476 766 2693 836 Πρῶτον
2732 770 2828 839 μὲν
2853 772 2958 839 γὰρ
2982 774 3041 825 τὸ
3065 775 3344 827 κάλλιστον
3374 780 3467 829 καὶ
3491 780 3798 834 δικαιότατον

2264 853 2563 924 διαφθείρει
2617 860 2708 912 τὸν
2739 861 2975 927 ἔπαινον,
3016 864 3154 917 ὥστε
3188 867 3380 937 μηκέτι
3416 869 3593 920 δοκεῖν
3638 873 3798 927 πιστὸν

2268 946 2389 1013 μηδ’
2419 947 2631 1015 άληθῶς
2654 951 2932 1018 γινόμενον
2954 969 2964 981 ·
2986 955 3077 1007 καὶ
3097 956 3156 1007 τὸ
3190 973 3249 1022 γε
3269 956 3479 1009 πάντων
3504 958 3795 1024 δεινότατον,

2262 1038 2329 1087 τὰ
2363 1037 2460 1106 τῆς
2489 1040 2686 1109 ἀρετῆς
2713 1042 2920 1095 ἔπαθλα
2946 1047 3009 1114 τῇ
3038 1046 3457 1115 κακίαιδίδωσιν,
3478 1067 3491 1079 ·
3521 1048 3657 1101 ὥστε
3685 1051 3796 1102 πολὺ

2262 1125 2440 1193 χεῖρον
2489 1124 2654 1194 δρῶσι
2713 1130 2820 1180 τῶν
2868 1132 3286 1204 διαφθειρόντων
3338 1137 3396 1189 τὸ
3437 1138 3691 1207 νόμισμα.
3745 1140 3795 1191 Οἱ

2265 1215 2362 1280 μὲν
2407 1217 2513 1282 γὰρ
2560 1216 2796 1271 ὕποπτον
2833 1222 2960 1273 αὐτὸ
3007 1225 3283 1277 ποιοῦσιν·
3328 1228 3375 1278 oi
3418 1226 3595 1295 δὲτὴν
3622 1228 3795 1297 ἀρετὴν

2262 1302 2503 1355 ἄπιστον.
3647 1312 3656 1321 ’

2328 1477 2551 1543 Διογέν.
2576 1509 2643 1517 —-
2701 1482 2816 1533 Ἐπὶ
2872 1482 2969 1550 τῆς
2999 1483 3299 1547 κολακείας,
3340 1487 3526 1556 ὥσπερ
3566 1490 3654 1540 ἐπὶ
3678 1489 3794 1557 μνή-

2261 1581 2466 1633 ματος,
2526 1569 2655 1621 αὐτὸ
2708 1572 2865 1639 μόνον
2922 1571 2982 1623 τὸ
3041 1573 3211 1642 ὄνομα
3256 1576 3350 1644 τῆς
3408 1578 3588 1643 φιλίας
3636 1579 3794 1642 ἐπιγέ-

2259 1671 2523 1723 γραπται.

2336 1747 2395 1800 Ὀ
2461 1749 2621 1812 αὐτὸς
2679 1753 3000 1821 ἐρωτηθεὶς,
3070 1755 3136 1807 Τί
3186 1755 3293 1807 τῶν
3331 1755 3534 1825 θηρίων
3590 1759 3792 1809 κάκιστα

2256 1836 2473 1903 δάκνεις
2509 1838 2634 1907 ἔφη’
2691 1842 2807 1895 Τῶν
2837 1843 2932 1912 μὲν
2963 1844 3187 1913 ἀγρίων,
3233 1848 3601 1913 συκοφάντηςο
3628 1846 3724 1897 τῶν
3746 1845 3791 1896 δὲ

2259 1926 2499 1994 ἡμέρων,
2534 1928 2717 1994 κόλαξ.

2326 2021 2583 2084 Δημοσθ.
2612 2047 2683 2057 --
2723 2018 3066 2089 Δημοσθένης
3105 2019 3204 2088 ἔφη
3227 2057 3241 2080 ,
3291 2020 3382 2071 τὸν
3425 2001 3627 2071 κόλακα
3656 2018 3789 2071 τοῦτο

2257 2108 2530 2178 διαφέρειν
2588 2108 2680 2162 τοῦ
2730 2111 2992 2178 κόρακος,
3026 2111 3105 2162 ὅτι
3142 2112 3169 2163 ὁ
3195 2110 3291 2178 μὲν
3330 2110 3557 2175 ζῶντας,
3585 2110 3613 2160 ὁ
3645 2110 3694 2162 δὲ
3718 2126 3789 2161 νε-

2258 2200 2422 2267 κροὺς
2458 2199 2644 2253 ἐσθίει.

2340 2287 2664 2341 Ἀντισθέν.
2707 2317 2767 2325 -
2810 2288 3164 2356 ’Δντισθένης,
3205 2270 3407 2359 φησίν”
3443 2289 3788 2358 *Αἱρετώτερον

2259 2379 2337 2438 εἰς
2373 2379 2611 2446 κόρακας
2656 2379 2932 2447 ἐμπεσεῖν,
2972 2378 3004 2447 ἢ
3048 2380 3124 2442 είς
3172 2379 3406 2442 κόλακας
3434 2396 3447 2409 ’
3485 2384 3534 2433 οἱ
3589 2381 3678 2449 μὲν
3698 2380 3786 2445 γὰρ

2258 2466 2617 2526 ἀποθανόντος
2666 2467 2725 2519 τὸ
2752 2467 2930 2536 σῶμα,
2976 2470 3025 2522 οἱ
3072 2469 3129 2521 δὲ
3174 2469 3370 2533 ζῶντος
3403 2470 3502 2539 τὴν
3525 2470 3688 2538 ψυχὴν
3709 2469 3785 2519 λυ-

2262 2559 2538 2627 μαίνονται
2552 2552 2553 2555 “

2328 2651 2609 2716 Φαϐωρίν.
2638 2680 2708 2689 -
2738 2649 2946 2716 Ὠσπερ
2996 2651 3023 2701 ὀ
3073 2648 3333 2701 Ἀκταίων
3363 2648 3467 2700 ὑπὸ
3498 2647 3605 2700 τῶν
3626 2661 3786 2714 τρεφο-

2261 2739 2434 2809 μένων
2464 2740 2556 2790 ὑπ⁶
2589 2737 2753 2790 αὑτοῦ
2786 2737 2963 2790 κυνῶν
3000 2736 3285 2801 ἀπέθανεν,
3310 2734 3483 2798 οὕτως
3518 2739 3565 2787 οἱ
3592 2734 3785 2792 κόλακες

2224 2846 2231 2853 “
2257 2833 2380 2891 τοὺς
2405 2831 2701 2898 τρέφοντας
2723 2828 3115 2882 κατεσθίουσιν.

2328 2917 2623 2982 Ζήνωνος.
2654 2947 2722 2960 -
2750 2917 2975 2986 Ἔλεγχε
3023 2917 3238 2978 σαυτὸν,
3272 2916 3418 2976 ὅστις
3476 2910 3546 2975 εἴ,
3599 2912 3684 2963 καὶ
3724 2907 3785 2976 μὴ

2258 3009 2393 3077 πρὸς
2426 3007 2580 3074 χάριν
2597 3040 2611 3053 ο

2334 3098 2517 3150 Ἀκου’
2544 3112 2557 3124 ο
2592 3093 2824 3163 ἀφαιροῦ
2869 3094 2926 3145 δὲ
2975 3090 3574 3171 κολάκωνκπαρῤησίαν.

660 3167 947 3245 Pythagor.
968 3168 1241 3223 ——Gaude
1278 3170 1460 3238 potius
1492 3168 1851 3240 arguentibus
1887 3182 1959 3250 te,
1981 3192 2143 3245 quam

2318 3186 2861 3255 Πυθαγόρ.-Χαίρε
2878 3185 2989 3243 τοῖς
3017 3167 3295 3249 ἐλέγχουσι
3321 3196 3379 3231 σε
3402 3175 3664 3264 μᾶλλον,ῆ
3692 3174 3784 3264 τοῖς

590 3257 748 3329 567
785 3259 1175 3324 adulantibus;
1222 3276 1284 3314 ac
1329 3262 1477 3315 velut
1529 3262 1782 3317 hostibus
1816 3264 2139 3334 deteriores,

588 3349 681 3417 qui
714 3367 725 3400 :
750 3359 1081 3415 ssentantur,
1112 3366 1384 3405 aversarc.

658 3436 922 3492 Socrates.
977 3467 1042 3478 υ-
1098 3440 1458 3492 Adulatorum
1511 3442 1897 3506 benevolentia
1930 3486 1942 3508 ,
1988 3462 2141 3514 quas:

587 3526 707 3580 fusa
731 3527 867 3589 acie,
893 3526 1191 3580 infortunia
1216 3544 1277 3581 ac
1312 3545 1472 3584 casus
1496 3534 1755 3587 adversos
1778 3535 1934 3601 fugit.

658 3616 914 3669 Philonis.
939 3646 1007 3656 -—
1028 3618 1295 3683 Av'ersarc
1323 3619 1596 3675 illusorias
1624 3636 2024 3679 assentatorum
2050 3641 2145 3679 γοα

587 3721 716 3762 ces:
765 3708 1127 3763 obscurantes
1181 3692 1328 3764 enim
1386 3711 1551 3765 animi
1608 3713 1853 3768 rationes
1886 3754 1900 3779 ,
1962 3731 2144 3769 rerum

585 3798 873 3852 veritatem
907 3799 1093 3853 videre
1117 3815 1228 3854 non
1258 3802 1465 3862 sinunt.
1497 3802 1606 3855 Aut
1632 3805 1776 3857 enim
1803 3820 1865 3857 ea
1896 3805 2140 3871 laudant,

587 3904 709 3957 qua:
734 3888 897 3959 digna
923 3889 1197 3957 vitupcrio
1224 3899 1371 3955 sunt,
1398 3901 1490 3945 aut
1519 3908 1627 3947 non
1655 3909 1777 3948 raro
1809 3882 2141 3965 vituperant,

588 3994 708 4049 qua:
729 3964 945 4031 omnem
979 3979 1194 4031 laudem
1224 3979 1516 4034 excedunt.

658 4066 908 4131 Sotionis,
935 4083 998 4120 ea:
1031 4067 1159 4121 libro
1182 4067 1256 4120 De
1281 4070 1382 4121 ira.
1407 4099 1476 4111 —-
1493 4071 1767 4140 Delphini,
1787 4076 1966 4142 quoad
2001 4078 2144 4133 unda

589 4155 802 4218 subest,
859 4165 1112 4210 natantes
1164 4157 1537 4223 comitantur;
1573 4148 1867 4231 nunquam
1916 4181 2049 4219 vero
2092 4168 2146 4221 in

589 4246 742 4300 littus
766 4247 1129 4315 egrediuntur
1154 4267 1165 4300 :
1201 4249 1279 4303 sic
1302 4249 1613 4304 adulatores
1647 4269 1829 4306 rerum
1852 4257 2147 4323 tranquillo

589 4335 798 4387 assidui
857 4346 1005 4398 sunt,
1052 4340 1390 4407 amicosque,
1442 4342 1686 4409 quandiu
1730 4344 1888 4411 plana
1925 4346 2009 4397 via
2043 4359 2146 4409 est,

590 4423 828 4477 ofﬁciose
848 4424 1155 4478 deducunt:
1179 4427 1272 4480 ubi
1290 4436 1471 4482 autem
1498 4446 1745 4498 asperam
1770 4434 2146 4497 salutaverinl,

592 4512 876 4567 recedunt.

664 4600 912 4653 Phocion.
941 4630 1008 4641 -—
1028 4602 1269 4656 Phocion
1300 4603 1365 4656 ad
1407 4606 1758 4673 Antipatrum
1793 4607 1978 4661 dicere
2008 4612 2151 4665 scic-

590 4691 683 4746 bat
709 4710 721 4744 :
747 4692 861 4746 Non
891 4702 1046 4761 potes
1074 4709 1157 4747 me
1181 4704 1235 4748 ct
1268 4695 1445 4747 amico
1473 4697 1551 4748 uti
1580 4704 1635 4751 et
1665 4697 1969 4752 adulatore.

1182 4824 1411 4879 SERMO
1451 4827 1572 4879 XII:

808 4934 879 4985 De
913 4937 1103 4988 divitiis
1138 4947 1187 4989 et
1222 4949 1535 5005 paupertate
1567 4955 1627 4989 ac
1683 4941 1932 4993 avaritia.

665 5070 849 5124 Matt/1.
883 5085 995 5131 xxx,
1028 5069 1458 5131 9.4.-—Facilius
1478 5080 1560 5125 est
1588 5073 1852 5125 camcl'um
1883 5091 1979 5143 per
2006 5076 2151 5130 fora-

594 5176 718 5213 men
751 5174 885 5213 acus
934 5158 1188 5224 transire,
1244 5175 1407 5229 quam
1460 5162 1687 5215 divitem
1727 5165 1931 5218 intrare
1981 5167 2031 5219 in
2067 5169 2152 5223 re-

594 5267 760 5321 gnum
793 5252 1085 5311 cmlorum.‘

666 5342 693 5394 I
721 5342 849 5394 Tim.
882 5357 955 5403 vr,
996 5342 1075 5402 i7.
1102 5343 1456 5399 -Divitibus
1491 5346 1655 5416 hujus
1705 5348 1887 5401 saeculi
1920 5349 2155 5417 praecipe

599 5448 705 5487 non
746 5432 979 5487 sublime
1011 5448 1222 5501 sapere,
1255 5450 1433 5505 neque
1470 5452 1689 5505 sperare
1744 5439 1794 5499 in
1830 5420 2039 5491 incerto
2067 5440 2153 5491 di-

2249 3276 2635 3333 κολακεύουσιν
2656 3290 2668 3301 ·
2703 3273 2777 3333 ὡς
2811 3271 2857 3322 δ’
2902 3269 3109 3339 ἐχθρῶν
3138 3268 3384 3339 χείρονας
3406 3263 3662 3335 ἑκτρέπου
3680 3261 3786 3320 τοὺς

2246 3366 2658 3424 κολακεύοντας.
2924 3366 2941 3383 ⁵

2314 3443 2643 3525 Σωᾷρὰτης.
2671 3481 2740 3492 -
2789 3451 2850 3502 Ἢ
2900 3448 3007 3501 τῶν
3061 3446 3304 3500 κολάκων
3340 3442 3517 3496 εὔνοια
3564 3438 3785 3505 καθάπερ

2245 3549 2308 3599 ἐκ
2333 3545 2562 3612 τροπῆς,
2594 3541 2782 3608 φεύγει
2815 3537 2912 3598 τὰς
2940 3532 3183 3603 ἀτυχίας.

2315 3636 2597 3697 Φίλωνος.
2618 3659 2687 3671 —-—
2724 3627 3089 3694 ’Λποστρέφου
3119 3623 3224 3675 τῶν
3258 3622 3499 3675 κολάκων
3512 3620 3630 3681 τοὺς
3661 3618 3775 3669 ἀπα·

2242 3723 2436 3794 τηλοὺς
2466 3721 2676 3793 λόγους.
2722 3713 3172 3783 Ἐξαμὸλύνοντες
3202 3711 3308 3781 γὰρ
3352 3712 3478 3773 τοὺς
3505 3710 3599 3778 τῆς
3626 3703 3786 3774 ψυχῆς

2234 3813 2557 3881 λογισμοὺς,
2587 3809 2645 3861 οὐ
2687 3802 3040 3875 ’συγχωροῦσι
3095 3801 3269 3874 [los-iw]
3316 3801 3423 3853 τῶν
3478 3797 3785 3866 πραγμάτων

2244 3904 2340 3975 τὴν
2369 3900 2646 3971 ἀλήθειαν.
2686 3899 2757 3950 Ἢ
2803 3896 2913 3964 γὰρ
2948 3892 3228 3947 ἐπαινοῦσι
3279 3891 3344 3944 τὰ
3383 3890 3550 3960 ψόγου
3577 3887 3711 3951 ἄξια,
3755 3881 3784 3949 ἦ

2243 3994 2470 4063 ψέγουσι
2496 3989 2763 4050 πολλάκις
2798 3985 2865 4038 τὰ
2887 3985 3118 4037 ἐπαίνων
3142 3983 3442 4063 κρείττονα.

2318 4077 2618 4133 Σωτιὼνου
2648 4076 2739 4127 ,ἐκ
2784 4073 2889 4127 τοῦ
2937 4070 3067 4138 περὶ
3114 4060 3308 4137 opim.
3336 4098 3407 4111 -—
3459 4069 3521 4121 Οἱ
3570 4065 3784 4133 δελφῖνες

2253 4169 2411 4239 μέχρι
2442 4165 2534 4217 τοῦ
2570 4163 2833 4221 κλύδωνος
2860 4158 3295 4226 συνδιανήχονται
3335 4158 3449 4220 τοῖς
3477 4150 3779 4221 κολυμῦὦσι·

2249 4259 2383 4326 πρὸς
2423 4258 2477 4309 δὲ
2506 4257 2565 4308 τὸ
2595 4255 2753 4324 ξηρὸν
2794 4253 2892 4303 οὐκ
2922 4249 3265 4313 ἑξοκείλουσι’
3293 4249 3462 4310 οὕτως
3490 4249 3536 4298 οι
3574 4245 3784 4298 κόλακες

2249 4349 2307 4400 ὲν
2336 4331 2490 4409 εὑδίᾳ
2514 4344 2885 4413 περιμένουσι,
2915 4334 3008 4405 καὶ
3035 4339 3158 4401 τοὺς
3188 4339 3371 4407 φίλους
3404 4340 3480 4397 εἰς
3506 4327 3783 4399 ἀποδημίαν

2255 4436 2670 4504 προπέμποντες
2699 4432 2857 4501 μέχρι
2874 4432 2969 4499 τῆς
3000 4430 3145 4493 λείας
3171 4420 3780 4501 συμπαρακολουθοῦσιν·

2186 4512 2232 4567 Ῑ)
2258 4524 2473 4577 ἐπειδὰν
2510 4523 2564 4575 δὲ
2613 4524 2689 4584 είς
2722 4524 2974 4593 τραχεῖαν
2995 4521 3236 4583 ἔλθωσιν,
3269 4519 3509 4571 ἀπίασιν.

2240 4660 2242 4663 ,
2327 4610 2638 4663 Manlian—-
2656 4608 2872 4662 Φωκίων
2895 4608 3264 4673 εἱώθειλέγειν
3284 4604 3415 4673 πρὸς
3439 4602 3783 4669 Ἀντίπατρον

2259 4705 2332 4755 Οὺ
2365 4700 2585 4755 δύνασαί
2610 4718 2697 4777 μοι
2729 4700 2819 4752 καὶ
2858 4698 3008 4777 φίλω
3027 4698 3119 4750 καὶ
3143 4696 3330 4747 κόλακι
3359 4691 3673 4763 χρήσασθαι.

2821 4829 3036 4883 ΛΟΓΟΣ
3070 4827 3145 4880 IB'
3179 4828 3241 4876 ¹⁹.

2352 4942 2487 5009 Περὶ
2517 4932 2800 5005 πλούτοδυ,
2827 4938 2923 4991 καὶ
2949 4937 3176 5001 πενίας,
3207 4938 3306 4989 ‘xal
3334 4911 3723 5006 φιλαργυρίας.

2320 5079 2502 5129 Maro.
2534 5079 2623 5128 ιϐ’.
2643 5066 3107 5140 -Εὑκοπώτερόν
3140 5072 3254 5124 ἐστι
3296 5073 3536 5143 κάμηλον
3560 5070 3646 5123 διὰ
3670 5082 3784 5138 τρυ-

2254 5173 2500 5239 πήματος
2548 5168 2767 5238 ῥαφίδος
2800 5165 3068 5246 διελθεῖν,
3094 5165 3125 5235 ἢ
3156 5165 3405 5219 πλούσιον
3453 5162 3696 5218 εῑσελθεῖν
3717 5156 3785 5216 εἰς

2260 5260 2359 5327 τὴν
2398 5258 2683 5326 βασιλείαν.
2701 5256 2806 5309 τῶν
2832 5255 3092 5324 οὐρανῶν.

2279 5352 2287 5360 '
2330 5353 2388 5409 A'
2432 5351 2550 5415 Τιμ,
2582 5353 2659 5411 ζ’.
2690 5375 2760 5386 --
2809 5347 2929 5409 Τοῖς
2982 5345 3252 5408 πλουσίοις
3315 5348 3372 5398 ὲν
3418 5343 3490 5412 τῷ
3530 5340 3621 5394 νῦν
3648 5338 3783 5391 αἰῶνι

2261 5414 2715 5507 παράγγελλε-νιιὴ
2756 5438 3177 5508 ὑψηλοφρονεῖν,
3222 5436 3351 5505 μηδὲ
3392 5432 3663 5506 ⁴ἠλπικέναι
3706 5423 3783 5479 Earl

2111 5611 2335 5675 NOTAS.

677 5794 719 5831 “
742 5781 798 5855 In
843 5795 997 5849 Gesn.
1028 5798 1177 5864 Stult.
1204 5796 1306 5849 930
1340 5806 1393 5850 et
1414 5796 1543 5848 “25!.
