  <div class='ocr_page' id='page_1' title='image "/cluster/home/n/w/nwhite01/storage/ocr_20150623/91/pst.000005712977/425.png"; bbox 0 0 3948 6338; ppageno 0'>
   <div class='ocr_carea' id='block_1_1' title="bbox 675 454 780 514">
    <p class='ocr_par' dir='ltr' id='par_1_1' title="bbox 675 454 780 514">
     <span class='ocr_line' id='line_1_1' title="bbox 675 454 780 514; baseline -0.048 0"><span class='ocrx_word' id='word_1_1' title='bbox 675 454 780 514; x_wconf 70' lang='lat'><strong>795</strong></span> 
     </span>
    </p>
   </div>
   <div class='ocr_carea' id='block_1_2' title="bbox 1831 426 3839 524">
    <p class='ocr_par' dir='ltr' id='par_1_2' title="bbox 1831 426 3839 524">
     <span class='ocr_line' id='line_1_2' title="bbox 1831 426 3839 524; baseline 0.003 -14"><span class='ocrx_word' id='word_1_2' title='bbox 1831 452 1892 513; x_wconf 87' lang='lat' dir='ltr'><strong>s.</strong></span> <span class='ocrx_word' id='word_1_3' title='bbox 1934 452 2216 515; x_wconf 80' lang='lat' dir='ltr'><strong>MAXIMI</strong></span> <span class='ocrx_word' id='word_1_4' title='bbox 2253 450 2754 524; x_wconf 71' lang='lat' dir='ltr'><strong>comswms</strong></span> <span class='ocrx_word' id='word_1_5' title='bbox 2832 426 2836 431; x_wconf 78' lang='grc'><strong>’</strong></span> <span class='ocrx_word' id='word_1_6' title='bbox 3572 496 3575 497; x_wconf 35' lang='grc' dir='ltr'><em>γ</em></span> <span class='ocrx_word' id='word_1_7' title='bbox 3770 451 3839 516; x_wconf 73' lang='lat' dir='ltr'><strong>ns</strong></span> 
     </span>
    </p>
   </div>
   <div class='ocr_carea' id='block_1_3' title="bbox 750 554 2226 629">
    <p class='ocr_par' dir='ltr' id='par_1_3' title="bbox 750 556 2226 627">
     <span class='ocr_line' id='line_1_3' title="bbox 750 556 2226 627; baseline 0.002 -18"><span class='ocrx_word' id='word_1_8' title='bbox 750 556 1001 610; x_wconf 74' lang='lat' dir='ltr'><strong>Philonis.</strong></span> <span class='ocrx_word' id='word_1_9' title='bbox 1018 586 1087 595; x_wconf 91' lang='lat'><strong><em>—</em></strong></span> <span class='ocrx_word' id='word_1_10' title='bbox 1104 556 1462 612; x_wconf 79' lang='lat' dir='ltr'><strong>Pecuniarum</strong></span> <span class='ocrx_word' id='word_1_11' title='bbox 1495 557 1935 627; x_wconf 59' lang='lat' dir='ltr'><strong>pradiorumque</strong></span> <span class='ocrx_word' id='word_1_12' title='bbox 1955 559 2226 615; x_wconf 84' lang='lat' dir='ltr'><strong>desideria</strong></span> 
     </span>
    </p>
   </div>
   <div class='ocr_carea' id='block_1_4' title="bbox 2333 554 3838 629">
    <p class='ocr_par' dir='ltr' id='par_1_4' title="bbox 2399 554 3838 629">
     <span class='ocr_line' id='line_1_4' title="bbox 2399 554 3838 629; baseline 0.001 -17"><span class='ocrx_word' id='word_1_13' title='bbox 2399 560 2613 614; x_wconf 71' lang='grc' dir='ltr'>Φίλων.</span> <span class='ocrx_word' id='word_1_14' title='bbox 2645 586 2717 599; x_wconf 93' lang='lat'><strong>-</strong></span> <span class='ocrx_word' id='word_1_15' title='bbox 2760 557 2826 610; x_wconf 74' lang='lat' dir='ltr'><strong>Ai</strong></span> <span class='ocrx_word' id='word_1_16' title='bbox 2871 554 2970 626; x_wconf 64' lang='grc' dir='ltr'>μιν</span> <span class='ocrx_word' id='word_1_17' title='bbox 2990 556 3283 627; x_wconf 83' lang='grc' dir='ltr'>χρημάτων</span> <span class='ocrx_word' id='word_1_18' title='bbox 3310 557 3404 612; x_wconf 78' lang='grc' dir='ltr'>καὶ</span> <span class='ocrx_word' id='word_1_19' title='bbox 3439 560 3722 629; x_wconf 77' lang='grc' dir='ltr'><strong>κτημάτων</strong></span> <span class='ocrx_word' id='word_1_20' title='bbox 3750 563 3838 614; x_wconf 76' lang='grc' dir='ltr'>ἑτι-</span> 
     </span>
    </p>
   </div>
   <div class='ocr_carea' id='block_1_5' title="bbox 675 645 2231 717">
    <p class='ocr_par' dir='ltr' id='par_1_5' title="bbox 675 645 2231 717">
     <span class='ocr_line' id='line_1_5' title="bbox 675 645 2231 717; baseline 0.001 -18"><span class='ocrx_word' id='word_1_21' title='bbox 675 654 893 713; x_wconf 85' lang='lat' dir='ltr'><strong>tempus</strong></span> <span class='ocrx_word' id='word_1_22' title='bbox 911 654 1278 700; x_wconf 89' lang='lat' dir='ltr'><strong>consumunt:</strong></span> <span class='ocrx_word' id='word_1_23' title='bbox 1310 645 1600 698; x_wconf 86' lang='lat' dir='ltr'><strong>honestum</strong></span> <span class='ocrx_word' id='word_1_24' title='bbox 1638 659 1770 699; x_wconf 90' lang='lat' dir='ltr'><strong>vero</strong></span> <span class='ocrx_word' id='word_1_25' title='bbox 1822 655 1927 710; x_wconf 89' lang='lat' dir='ltr'><strong>est,</strong></span> <span class='ocrx_word' id='word_1_26' title='bbox 1966 647 2231 717; x_wconf 87' lang='lat' dir='ltr'><strong>temporis</strong></span> 
     </span>
    </p>
   </div>
   <div class='ocr_carea' id='block_1_6' title="bbox 674 748 1063 801">
    <p class='ocr_par' dir='ltr' id='par_1_6' title="bbox 674 748 1063 801">
     <span class='ocr_line' id='line_1_6' title="bbox 674 748 1063 801; baseline -0.005 -14"><span class='ocrx_word' id='word_1_27' title='bbox 674 750 796 788; x_wconf 89' lang='lat' dir='ltr'><strong>esse</strong></span> <span class='ocrx_word' id='word_1_28' title='bbox 824 748 1063 801; x_wconf 81' lang='lat' dir='ltr'><strong>parcum.</strong></span> 
     </span>
    </p>
   </div>
   <div class='ocr_carea' id='block_1_7' title="bbox 746 822 2228 897">
    <p class='ocr_par' dir='ltr' id='par_1_7' title="bbox 746 822 2228 897">
     <span class='ocr_line' id='line_1_7' title="bbox 746 822 2228 897; baseline 0.003 -22"><span class='ocrx_word' id='word_1_29' title='bbox 746 824 1004 893; x_wconf 83' lang='lat' dir='ltr'><strong>Majorem</strong></span> <span class='ocrx_word' id='word_1_30' title='bbox 1037 822 1549 897; x_wconf 79' lang='lat' dir='ltr'><strong>diligentloremque</strong></span> <span class='ocrx_word' id='word_1_31' title='bbox 1607 843 1795 882; x_wconf 88' lang='lat' dir='ltr'><strong>curam</strong></span> <span class='ocrx_word' id='word_1_32' title='bbox 1845 827 1952 880; x_wconf 86' lang='lat' dir='ltr'><strong>illis</strong></span> <span class='ocrx_word' id='word_1_33' title='bbox 2006 826 2228 889; x_wconf 86' lang='lat' dir='ltr'><strong>adhibe,</strong></span> 
     </span>
    </p>
   </div>
   <div class='ocr_carea' id='block_1_8' title="bbox 674 912 2233 986">
    <p class='ocr_par' dir='ltr' id='par_1_8' title="bbox 674 912 2233 986">
     <span class='ocr_line' id='line_1_8' title="bbox 674 912 2233 986; baseline 0.004 -23"><span class='ocrx_word' id='word_1_34' title='bbox 674 912 772 980; x_wconf 93' lang='lat' dir='ltr'><strong>qui</strong></span> <span class='ocrx_word' id='word_1_35' title='bbox 802 913 1024 967; x_wconf 89' lang='lat' dir='ltr'><strong>virtutis</strong></span> <span class='ocrx_word' id='word_1_36' title='bbox 1077 929 1142 968; x_wconf 85' lang='lat' dir='ltr'><strong>ac</strong></span> <span class='ocrx_word' id='word_1_37' title='bbox 1194 914 1476 985; x_wconf 75' lang='lat' dir='ltr'><strong>religionis</strong></span> <span class='ocrx_word' id='word_1_38' title='bbox 1518 933 1681 971; x_wconf 85' lang='lat' dir='ltr'><strong>causa</strong></span> <span class='ocrx_word' id='word_1_39' title='bbox 1723 930 1992 986; x_wconf 82' lang='lat' dir='ltr'><strong>pauperes</strong></span> <span class='ocrx_word' id='word_1_40' title='bbox 2020 924 2150 970; x_wconf 87' lang='lat' dir='ltr'><strong>sunt</strong></span> <span class='ocrx_word' id='word_1_41' title='bbox 2176 925 2233 971; x_wconf 88' lang='lat' dir='ltr'><strong>et</strong></span> 
     </span>
    </p>
   </div>
   <div class='ocr_carea' id='block_1_9' title="bbox 675 1006 2231 1073">
    <p class='ocr_par' dir='ltr' id='par_1_9' title="bbox 675 1006 2231 1073">
     <span class='ocr_line' id='line_1_9' title="bbox 675 1006 2231 1073; baseline 0.003 -20"><span class='ocrx_word' id='word_1_42' title='bbox 675 1011 919 1070; x_wconf 81' lang='lat' dir='ltr'><strong>egestate</strong></span> <span class='ocrx_word' id='word_1_43' title='bbox 952 1013 1310 1072; x_wconf 86' lang='lat' dir='ltr'><strong>premuntur;</strong></span> <span class='ocrx_word' id='word_1_44' title='bbox 1355 1016 1613 1073; x_wconf 63' lang='lat' dir='ltr'><strong>praeterea</strong></span> <span class='ocrx_word' id='word_1_45' title='bbox 1671 1006 1834 1061; x_wconf 83' lang='lat' dir='ltr'><strong>etiam</strong></span> <span class='ocrx_word' id='word_1_46' title='bbox 1862 1006 2118 1060; x_wconf 74' lang='lat' dir='ltr'><strong>similiter</strong></span> <span class='ocrx_word' id='word_1_47' title='bbox 2135 1020 2231 1059; x_wconf 85' lang='lat' dir='ltr'><strong>eo-</strong></span> 
     </span>
    </p>
   </div>
   <div class='ocr_carea' id='block_1_10' title="bbox 677 1094 2231 1164">
    <p class='ocr_par' dir='ltr' id='par_1_10' title="bbox 677 1094 2231 1164">
     <span class='ocr_line' id='line_1_10' title="bbox 677 1094 2231 1164; baseline 0.003 -21"><span class='ocrx_word' id='word_1_48' title='bbox 677 1106 799 1144; x_wconf 86' lang='lat' dir='ltr'><strong>rum</strong></span> <span class='ocrx_word' id='word_1_49' title='bbox 826 1094 921 1160; x_wconf 91' lang='lat' dir='ltr'><strong>qui</strong></span> <span class='ocrx_word' id='word_1_50' title='bbox 955 1108 1024 1149; x_wconf 80' lang='lat' dir='ltr'><strong>ex</strong></span> <span class='ocrx_word' id='word_1_51' title='bbox 1051 1094 1245 1147; x_wconf 76' lang='lat' dir='ltr'><strong>morbo</strong></span> <span class='ocrx_word' id='word_1_52' title='bbox 1271 1095 1446 1150; x_wconf 79' lang='lat' dir='ltr'><strong>aliove</strong></span> <span class='ocrx_word' id='word_1_53' title='bbox 1468 1097 1700 1150; x_wconf 88' lang='lat' dir='ltr'><strong>adverso</strong></span> <span class='ocrx_word' id='word_1_54' title='bbox 1734 1112 1882 1159; x_wconf 85' lang='lat' dir='ltr'><strong>casu,</strong></span> <span class='ocrx_word' id='word_1_55' title='bbox 1910 1110 2071 1164; x_wconf 87' lang='lat' dir='ltr'><strong>quam</strong></span> <span class='ocrx_word' id='word_1_56' title='bbox 2100 1094 2231 1159; x_wconf 60' lang='lat' dir='ltr'><strong>illis</strong></span> 
     </span>
    </p>
   </div>
   <div class='ocr_carea' id='block_1_11' title="bbox 676 1182 2233 1255">
    <p class='ocr_par' dir='ltr' id='par_1_11' title="bbox 676 1182 2233 1255">
     <span class='ocr_line' id='line_1_11' title="bbox 676 1182 2233 1255; baseline 0.003 -22"><span class='ocrx_word' id='word_1_57' title='bbox 676 1182 778 1249; x_wconf 84' lang='lat' dir='ltr'><strong>qui</strong></span> <span class='ocrx_word' id='word_1_58' title='bbox 804 1183 945 1237; x_wconf 89' lang='lat' dir='ltr'><strong>male</strong></span> <span class='ocrx_word' id='word_1_59' title='bbox 975 1183 1352 1239; x_wconf 75' lang='lat' dir='ltr'><strong>administrata</strong></span> <span class='ocrx_word' id='word_1_60' title='bbox 1391 1201 1449 1239; x_wconf 88' lang='lat' dir='ltr'><strong>re</strong></span> <span class='ocrx_word' id='word_1_61' title='bbox 1486 1186 1762 1249; x_wconf 80' lang='lat' dir='ltr'><strong>familiari,</strong></span> <span class='ocrx_word' id='word_1_62' title='bbox 1794 1196 1889 1239; x_wconf 90' lang='lat' dir='ltr'><strong>aut</strong></span> <span class='ocrx_word' id='word_1_63' title='bbox 1936 1201 1999 1239; x_wconf 88' lang='lat' dir='ltr'><strong>ea</strong></span> <span class='ocrx_word' id='word_1_64' title='bbox 2033 1199 2233 1255; x_wconf 84' lang='lat' dir='ltr'><strong>ganeo-</strong></span> 
     </span>
    </p>
   </div>
   <div class='ocr_carea' id='block_1_12' title="bbox 678 1272 2065 1344">
    <p class='ocr_par' dir='ltr' id='par_1_12' title="bbox 678 1272 2065 1344">
     <span class='ocr_line' id='line_1_12' title="bbox 678 1272 2065 1344; baseline 0.004 -21"><span class='ocrx_word' id='word_1_65' title='bbox 678 1287 810 1324; x_wconf 88' lang='lat' dir='ltr'><strong>num</strong></span> <span class='ocrx_word' id='word_1_66' title='bbox 846 1287 996 1327; x_wconf 88' lang='lat' dir='ltr'><strong>more</strong></span> <span class='ocrx_word' id='word_1_67' title='bbox 1031 1272 1257 1344; x_wconf 77' lang='lat' dir='ltr'><strong>prodige</strong></span> <span class='ocrx_word' id='word_1_68' title='bbox 1284 1275 1562 1344; x_wconf 84' lang='lat' dir='ltr'><strong>dissipata,</strong></span> <span class='ocrx_word' id='word_1_69' title='bbox 1591 1277 1747 1344; x_wconf 77' lang='lat' dir='ltr'><strong>egeni</strong></span> <span class='ocrx_word' id='word_1_70' title='bbox 1776 1276 2065 1329; x_wconf 84' lang='lat' dir='ltr'><strong>exsistunt.</strong></span> 
     </span>
    </p>
   </div>
   <div class='ocr_carea' id='block_1_13' title="bbox 744 1360 2228 1432">
    <p class='ocr_par' dir='ltr' id='par_1_13' title="bbox 744 1360 2228 1432">
     <span class='ocr_line' id='line_1_13' title="bbox 744 1360 2228 1432; baseline 0.005 -21"><span class='ocrx_word' id='word_1_71' title='bbox 744 1360 871 1413; x_wconf 84' lang='lat' dir='ltr'><strong>Nili.</strong></span> <span class='ocrx_word' id='word_1_72' title='bbox 892 1390 960 1401; x_wconf 83' lang='lat'><strong>--</strong></span> <span class='ocrx_word' id='word_1_73' title='bbox 981 1362 1099 1416; x_wconf 77' lang='lat' dir='ltr'><strong>Noli</strong></span> <span class='ocrx_word' id='word_1_74' title='bbox 1146 1364 1368 1417; x_wconf 81' lang='lat' dir='ltr'><strong>divitias</strong></span> <span class='ocrx_word' id='word_1_75' title='bbox 1418 1380 1666 1432; x_wconf 68' lang='lat' dir='ltr'><strong>qumrerc</strong></span> <span class='ocrx_word' id='word_1_76' title='bbox 1694 1406 1708 1429; x_wconf 93' lang='lat'><strong>,</strong></span> <span class='ocrx_word' id='word_1_77' title='bbox 1740 1380 1806 1419; x_wconf 83' lang='lat' dir='ltr'><strong>eo</strong></span> <span class='ocrx_word' id='word_1_78' title='bbox 1832 1365 2051 1418; x_wconf 87' lang='lat' dir='ltr'><strong>nomine</strong></span> <span class='ocrx_word' id='word_1_79' title='bbox 2081 1375 2142 1418; x_wconf 92' lang='lat' dir='ltr'><strong>ut</strong></span> <span class='ocrx_word' id='word_1_80' title='bbox 2174 1364 2228 1419; x_wconf 90' lang='lat' dir='ltr'><strong>in</strong></span> 
     </span>
    </p>
   </div>
   <div class='ocr_carea' id='block_1_14' title="bbox 674 1449 2232 1521">
    <p class='ocr_par' dir='ltr' id='par_1_14' title="bbox 674 1449 2232 1521">
     <span class='ocr_line' id='line_1_14' title="bbox 674 1449 2232 1521; baseline 0.003 -20"><span class='ocrx_word' id='word_1_81' title='bbox 674 1464 983 1517; x_wconf 83' lang='lat' dir='ltr'><strong>pauperum</strong></span> <span class='ocrx_word' id='word_1_82' title='bbox 1013 1449 1389 1521; x_wconf 83' lang='lat' dir='ltr'><strong>elcemosynas</strong></span> <span class='ocrx_word' id='word_1_83' title='bbox 1412 1452 1699 1519; x_wconf 88' lang='lat' dir='ltr'><strong>impendas</strong></span> <span class='ocrx_word' id='word_1_84' title='bbox 1742 1469 1756 1503; x_wconf 90' lang='lat'><strong>:</strong></span> <span class='ocrx_word' id='word_1_85' title='bbox 1792 1454 1937 1505; x_wconf 88' lang='lat' dir='ltr'><strong>Deus</strong></span> <span class='ocrx_word' id='word_1_86' title='bbox 1988 1452 2133 1506; x_wconf 89' lang='lat' dir='ltr'><strong>enim</strong></span> <span class='ocrx_word' id='word_1_87' title='bbox 2163 1468 2232 1507; x_wconf 78' lang='lat' dir='ltr'><strong>ex</strong></span> 
     </span>
    </p>
   </div>
   <div class='ocr_carea' id='block_1_15' title="bbox 669 1538 2230 1611">
    <p class='ocr_par' dir='ltr' id='par_1_15' title="bbox 669 1538 2230 1611">
     <span class='ocr_line' id='line_1_15' title="bbox 669 1538 2230 1611; baseline 0.004 -22"><span class='ocrx_word' id='word_1_88' title='bbox 669 1538 739 1590; x_wconf 84' lang='lat' dir='ltr'><strong>iis</strong></span> <span class='ocrx_word' id='word_1_89' title='bbox 772 1553 894 1605; x_wconf 68' lang='lat' dir='ltr'><strong>qua:</strong></span> <span class='ocrx_word' id='word_1_90' title='bbox 927 1547 1225 1607; x_wconf 88' lang='lat' dir='ltr'><strong>suppetunt</strong></span> <span class='ocrx_word' id='word_1_91' title='bbox 1246 1541 1455 1609; x_wconf 84' lang='lat' dir='ltr'><strong>justum</strong></span> <span class='ocrx_word' id='word_1_92' title='bbox 1486 1540 1737 1595; x_wconf 87' lang='lat' dir='ltr'><strong>decernit</strong></span> <span class='ocrx_word' id='word_1_93' title='bbox 1762 1541 2230 1611; x_wconf 87' lang='lat' dir='ltr'><strong>eleemosynarum</strong></span> 
     </span>
    </p>
   </div>
   <div class='ocr_carea' id='block_1_16' title="bbox 672 1628 916 1680">
    <p class='ocr_par' dir='ltr' id='par_1_16' title="bbox 672 1628 916 1680">
     <span class='ocr_line' id='line_1_16' title="bbox 672 1628 916 1680; baseline 0.004 -1"><span class='ocrx_word' id='word_1_94' title='bbox 672 1628 916 1680; x_wconf 84' lang='lat' dir='ltr'><strong>modum.</strong></span> 
     </span>
    </p>
   </div>
   <div class='ocr_carea' id='block_1_17' title="bbox 742 1717 2234 1789">
    <p class='ocr_par' dir='ltr' id='par_1_17' title="bbox 742 1717 2234 1789">
     <span class='ocr_line' id='line_1_17' title="bbox 742 1717 2234 1789; baseline 0.007 -22"><span class='ocrx_word' id='word_1_95' title='bbox 742 1717 1014 1769; x_wconf 78' lang='lat' dir='ltr'><strong>Plutarch.</strong></span> <span class='ocrx_word' id='word_1_96' title='bbox 1036 1717 1179 1772; x_wconf 90' lang='lat' dir='ltr'><strong>--ln</strong></span> <span class='ocrx_word' id='word_1_97' title='bbox 1207 1719 1395 1788; x_wconf 69' lang='lat' dir='ltr'><strong>praelio</strong></span> <span class='ocrx_word' id='word_1_98' title='bbox 1418 1721 1642 1789; x_wconf 85' lang='lat' dir='ltr'><strong>quidem</strong></span> <span class='ocrx_word' id='word_1_99' title='bbox 1668 1720 1875 1776; x_wconf 83' lang='lat' dir='ltr'><strong>ferrum</strong></span> <span class='ocrx_word' id='word_1_100' title='bbox 1901 1737 2039 1776; x_wconf 89' lang='lat' dir='ltr'><strong>auro</strong></span> <span class='ocrx_word' id='word_1_101' title='bbox 2061 1722 2234 1777; x_wconf 91' lang='lat' dir='ltr'><strong>tutius</strong></span> 
     </span>
    </p>
   </div>
   <div class='ocr_carea' id='block_1_18' title="bbox 2330 645 3837 718">
    <p class='ocr_par' dir='ltr' id='par_1_18' title="bbox 2330 645 3837 718">
     <span class='ocr_line' id='line_1_18' title="bbox 2330 645 3837 718; baseline 0.003 -19"><span class='ocrx_word' id='word_1_102' title='bbox 2330 646 2519 716; x_wconf 85' lang='grc' dir='ltr'>θυμίαι</span> <span class='ocrx_word' id='word_1_103' title='bbox 2538 645 2908 718; x_wconf 84' lang='grc' dir='ltr'>τοὺς“χρ6νους</span> <span class='ocrx_word' id='word_1_104' title='bbox 2922 645 3208 699; x_wconf 80' lang='grc' dir='ltr'>ἁναλίσκου</span> <span class='ocrx_word' id='word_1_105' title='bbox 3218 661 3290 698; x_wconf 86' lang='grc' dir='ltr'>σι·</span> <span class='ocrx_word' id='word_1_106' title='bbox 3311 647 3503 716; x_wconf 84' lang='grc' dir='ltr'>χρόνου</span> <span class='ocrx_word' id='word_1_107' title='bbox 3523 648 3581 700; x_wconf 80' lang='grc' dir='ltr'>δὲ</span> <span class='ocrx_word' id='word_1_108' title='bbox 3596 649 3837 717; x_wconf 79' lang='grc' dir='ltr'>φείδεσθαι,</span> 
     </span>
    </p>
   </div>
   <div class='ocr_carea' id='block_1_19' title="bbox 2329 736 3921 893">
    <p class='ocr_par' dir='ltr' id='par_1_19' title="bbox 2329 736 3921 893">
     <span class='ocr_line' id='line_1_19' title="bbox 2329 736 3921 893; baseline 0.001 -18"><span class='ocrx_word' id='word_1_109' title='bbox 2329 736 2632 884; x_wconf 29' lang='grc' dir='ltr'><strong>καἰὶῗέίὶζονα</strong></span> <span class='ocrx_word' id='word_1_110' title='bbox 2659 821 2753 875; x_wconf 63' lang='grc' dir='ltr'><strong>καλ⁵</strong></span> <span class='ocrx_word' id='word_1_111' title='bbox 2780 820 3198 891; x_wconf 80' lang='grc' dir='ltr'><strong>σπουδαιοτέραν</strong></span> <span class='ocrx_word' id='word_1_112' title='bbox 3238 822 3558 890; x_wconf 72' lang='grc' dir='ltr'>ἐπιμέλειαν</span> <span class='ocrx_word' id='word_1_113' title='bbox 3612 823 3749 877; x_wconf 85' lang='grc' dir='ltr'>ποιοῦ</span> <span class='ocrx_word' id='word_1_114' title='bbox 3784 826 3840 887; x_wconf 82' lang='grc' dir='ltr'><strong>είς</strong></span> 
     </span>
    </p>
   </div>
   <div class='ocr_carea' id='block_1_20' title="bbox 2329 908 3841 985">
    <p class='ocr_par' dir='ltr' id='par_1_20' title="bbox 2329 908 3841 985">
     <span class='ocr_line' id='line_1_20' title="bbox 2329 908 3841 985; baseline 0.004 -24"><span class='ocrx_word' id='word_1_115' title='bbox 2329 911 2461 981; x_wconf 72' lang='grc' dir='ltr'>τοὺς</span> <span class='ocrx_word' id='word_1_116' title='bbox 2482 911 2549 962; x_wconf 90' lang='grc' dir='ltr'><strong>δι’</strong></span> <span class='ocrx_word' id='word_1_117' title='bbox 2581 909 2783 980; x_wconf 83' lang='grc' dir='ltr'>ἀρετὴν</span> <span class='ocrx_word' id='word_1_118' title='bbox 2815 909 2909 963; x_wconf 78' lang='grc' dir='ltr'>καὶ</span> <span class='ocrx_word' id='word_1_119' title='bbox 2939 908 3246 965; x_wconf 76' lang='grc' dir='ltr'>θεοσέϐειαν</span> <span class='ocrx_word' id='word_1_120' title='bbox 3286 913 3694 982; x_wconf 80' lang='grc' dir='ltr'>πτωχεύσαντας</span> <span class='ocrx_word' id='word_1_121' title='bbox 3717 917 3746 985; x_wconf 79' lang='grc' dir='ltr'>ἢ</span> <span class='ocrx_word' id='word_1_122' title='bbox 3771 932 3841 967; x_wconf 84' lang='grc' dir='ltr'>πε-</span> 
     </span>
    </p>
   </div>
   <div class='ocr_carea' id='block_1_21' title="bbox 2331 1000 3841 1070">
    <p class='ocr_par' dir='ltr' id='par_1_21' title="bbox 2331 1000 3841 1070">
     <span class='ocr_line' id='line_1_21' title="bbox 2331 1000 3841 1070; baseline 0.003 -17"><span class='ocrx_word' id='word_1_123' title='bbox 2331 1000 2584 1070; x_wconf 80' lang='grc' dir='ltr'>νομένους</span> <span class='ocrx_word' id='word_1_124' title='bbox 2612 1016 2628 1032; x_wconf 90' lang='grc'><strong>·</strong></span> <span class='ocrx_word' id='word_1_125' title='bbox 2678 1001 2850 1063; x_wconf 85' lang='grc' dir='ltr'>ἄλλως</span> <span class='ocrx_word' id='word_1_126' title='bbox 2885 1018 2944 1053; x_wconf 84' lang='grc' dir='ltr'><strong>τε</strong></span> <span class='ocrx_word' id='word_1_127' title='bbox 2997 1001 3200 1070; x_wconf 83' lang='grc' dir='ltr'>ὁμοίως</span> <span class='ocrx_word' id='word_1_128' title='bbox 3242 1004 3338 1056; x_wconf 79' lang='grc' dir='ltr'>καὶ</span> <span class='ocrx_word' id='word_1_129' title='bbox 3363 1006 3443 1067; x_wconf 75' lang='grc' dir='ltr'>εἰς</span> <span class='ocrx_word' id='word_1_130' title='bbox 3480 1006 3603 1068; x_wconf 77' lang='grc' dir='ltr'>τοῦς</span> <span class='ocrx_word' id='word_1_131' title='bbox 3629 1007 3688 1058; x_wconf 71' lang='grc' dir='ltr'>ἐκ</span> <span class='ocrx_word' id='word_1_132' title='bbox 3710 1005 3841 1057; x_wconf 78' lang='grc' dir='ltr'>νόσων</span> 
     </span>
    </p>
   </div>
   <div class='ocr_carea' id='block_1_22' title="bbox 2330 1074 3921 1181">
    <p class='ocr_par' dir='ltr' id='par_1_22' title="bbox 2330 1074 3921 1181">
     <span class='ocr_line' id='line_1_22' title="bbox 2330 1074 3921 1181; baseline 0.003 -36"><span class='ocrx_word' id='word_1_133' title='bbox 2330 1094 2424 1145; x_wconf 78' lang='grc' dir='ltr'>καὶ</span> <span class='ocrx_word' id='word_1_134' title='bbox 2455 1078 2873 1162; x_wconf 74' lang='grc' dir='ltr'><strong>συμπτωμάτων</strong></span> <span class='ocrx_word' id='word_1_135' title='bbox 2906 1091 3265 1173; x_wconf 83' lang='grc' dir='ltr'>ἀποροῦντας,</span> <span class='ocrx_word' id='word_1_136' title='bbox 3293 1093 3445 1163; x_wconf 85' lang='grc' dir='ltr'>παρὰ</span> <span class='ocrx_word' id='word_1_137' title='bbox 3464 1095 3592 1157; x_wconf 77' lang='grc' dir='ltr'>τοὺς</span> <span class='ocrx_word' id='word_1_138' title='bbox 3619 1096 3680 1148; x_wconf 80' lang='grc' dir='ltr'>ὲκ</span> <span class='ocrx_word' id='word_1_139' title='bbox 3713 1112 3841 1148; x_wconf 79' lang='grc' dir='ltr'>κακο-</span> 
     </span>
    </p>
   </div>
   <div class='ocr_carea' id='block_1_23' title="bbox 2329 1181 3458 1252">
    <p class='ocr_par' dir='ltr' id='par_1_23' title="bbox 2329 1181 3458 1252">
     <span class='ocr_line' id='line_1_23' title="bbox 2329 1181 3458 1252; baseline 0.002 -17"><span class='ocrx_word' id='word_1_140' title='bbox 2329 1182 2669 1252; x_wconf 82' lang='grc' dir='ltr'>πραγμονίας</span> <span class='ocrx_word' id='word_1_141' title='bbox 2692 1183 2724 1251; x_wconf 80' lang='grc' dir='ltr'>ἢ</span> <span class='ocrx_word' id='word_1_142' title='bbox 2748 1182 2993 1244; x_wconf 71' lang='grc' dir='ltr'>ἀσωτίας</span> <span class='ocrx_word' id='word_1_143' title='bbox 3023 1181 3458 1252; x_wconf 73' lang='grc' dir='ltr'>πτωχεύσοντας.</span> 
     </span>
    </p>
   </div>
   <div class='ocr_carea' id='block_1_24' title="bbox 2404 1342 3921 1447">
    <p class='ocr_par' dir='ltr' id='par_1_24' title="bbox 2404 1342 3921 1447">
     <span class='ocr_line' id='line_1_24' title="bbox 2404 1342 3921 1447; baseline -0.003 -38"><span class='ocrx_word' id='word_1_144' title='bbox 2404 1356 2638 1410; x_wconf 77' lang='grc' dir='ltr'><strong>Νείλου.</strong></span> <span class='ocrx_word' id='word_1_145' title='bbox 2682 1386 2754 1402; x_wconf 74' lang='grc' dir='ltr'><strong>-ο</strong></span> <span class='ocrx_word' id='word_1_146' title='bbox 2801 1354 2893 1424; x_wconf 83' lang='grc' dir='ltr'><strong>Μὴ</strong></span> <span class='ocrx_word' id='word_1_147' title='bbox 2959 1354 3150 1423; x_wconf 82' lang='grc' dir='ltr'>βούλου</span> <span class='ocrx_word' id='word_1_148' title='bbox 3206 1355 3455 1409; x_wconf 84' lang='grc' dir='ltr'>πλουτεῖν</span> <span class='ocrx_word' id='word_1_149' title='bbox 3498 1356 3825 1425; x_wconf 80' lang='grc' dir='ltr'>φιλοπτωχίας</span> 
     </span>
    </p>
   </div>
   <div class='ocr_carea' id='block_1_25' title="bbox 2329 1445 3843 1517">
    <p class='ocr_par' dir='ltr' id='par_1_25' title="bbox 2329 1445 3843 1517">
     <span class='ocr_line' id='line_1_25' title="bbox 2329 1445 3843 1517; baseline 0 -17"><span class='ocrx_word' id='word_1_150' title='bbox 2329 1448 2511 1500; x_wconf 74' lang='grc' dir='ltr'>ἕνεκα·</span> <span class='ocrx_word' id='word_1_151' title='bbox 2533 1447 2640 1500; x_wconf 78' lang='grc' dir='ltr'><strong>ἀπὸ</strong></span> <span class='ocrx_word' id='word_1_152' title='bbox 2660 1447 2770 1517; x_wconf 84' lang='grc' dir='ltr'>γὰρ</span> <span class='ocrx_word' id='word_1_153' title='bbox 2790 1446 2899 1501; x_wconf 82' lang='grc' dir='ltr'><strong>τῶν</strong></span> <span class='ocrx_word' id='word_1_154' title='bbox 2923 1446 3089 1499; x_wconf 77' lang='grc' dir='ltr'>ὅντων</span> <span class='ocrx_word' id='word_1_155' title='bbox 3125 1445 3221 1498; x_wconf 88' lang='grc' dir='ltr'><strong>τοῦ</strong></span> <span class='ocrx_word' id='word_1_156' title='bbox 3253 1446 3420 1499; x_wconf 76' lang='grc' dir='ltr'>ἐλεεῖν</span> <span class='ocrx_word' id='word_1_157' title='bbox 3444 1449 3473 1500; x_wconf 79' lang='grc' dir='ltr'><strong><em>ὁ</em></strong></span> <span class='ocrx_word' id='word_1_158' title='bbox 3504 1446 3634 1510; x_wconf 78' lang='grc' dir='ltr'>Θεὸς</span> <span class='ocrx_word' id='word_1_159' title='bbox 3663 1446 3843 1517; x_wconf 75' lang='grc' dir='ltr'>νομοθε-</span> 
     </span>
    </p>
   </div>
   <div class='ocr_carea' id='block_1_26' title="bbox 2321 1538 2756 1617">
    <p class='ocr_par' dir='ltr' id='par_1_26' title="bbox 2321 1538 2756 1617">
     <span class='ocr_line' id='line_1_26' title="bbox 2321 1538 2756 1617; baseline 0 -27"><span class='ocrx_word' id='word_1_160' title='bbox 2321 1541 2415 1617; x_wconf 58' lang='grc' dir='ltr'>ςτεϊ</span> <span class='ocrx_word' id='word_1_161' title='bbox 2444 1538 2502 1590; x_wconf 77' lang='grc' dir='ltr'>τὸ</span> <span class='ocrx_word' id='word_1_162' title='bbox 2528 1538 2756 1590; x_wconf 85' lang='grc' dir='ltr'>δίκαιον.</span> 
     </span>
    </p>
   </div>
   <div class='ocr_carea' id='block_1_27' title="bbox 2401 1706 3843 1775">
    <p class='ocr_par' dir='ltr' id='par_1_27' title="bbox 2401 1706 3843 1775">
     <span class='ocr_line' id='line_1_27' title="bbox 2401 1706 3843 1775; baseline -0.006 -12"><span class='ocrx_word' id='word_1_163' title='bbox 2401 1708 2732 1775; x_wconf 76' lang='grc' dir='ltr'>Πλουτάρχ.</span> <span class='ocrx_word' id='word_1_164' title='bbox 2763 1736 2833 1749; x_wconf 85' lang='lat'><strong>--</strong></span> <span class='ocrx_word' id='word_1_165' title='bbox 2875 1706 2962 1759; x_wconf 85' lang='grc' dir='ltr'>Ἑν</span> <span class='ocrx_word' id='word_1_166' title='bbox 2997 1706 3219 1775; x_wconf 81' lang='grc' dir='ltr'>πολέμῳ</span> <span class='ocrx_word' id='word_1_167' title='bbox 3271 1708 3369 1774; x_wconf 76' lang='grc' dir='ltr'>μὲν</span> <span class='ocrx_word' id='word_1_168' title='bbox 3412 1707 3548 1774; x_wconf 79' lang='grc' dir='ltr'>πρὸς</span> <span class='ocrx_word' id='word_1_169' title='bbox 3590 1706 3843 1775; x_wconf 77' lang='grc' dir='ltr'>ἀσφάλειαν</span> 
     </span>
    </p>
   </div>
   <div class='ocr_carea' id='block_1_28' title="bbox 674 1794 2226 1880">
    <p class='ocr_par' dir='ltr' id='par_1_28' title="bbox 674 1808 2226 1880">
     <span class='ocr_line' id='line_1_28' title="bbox 674 1808 2226 1880; baseline 0.007 -25"><span class='ocrx_word' id='word_1_170' title='bbox 674 1808 1074 1859; x_wconf 81' lang='lat' dir='ltr'><strong>munimentum</strong></span> <span class='ocrx_word' id='word_1_171' title='bbox 1104 1815 1363 1875; x_wconf 65' lang='lat' dir='ltr'><strong>praestat;</strong></span> <span class='ocrx_word' id='word_1_172' title='bbox 1417 1809 1475 1863; x_wconf 87' lang='lat' dir='ltr'><strong>in</strong></span> <span class='ocrx_word' id='word_1_173' title='bbox 1508 1811 1621 1865; x_wconf 89' lang='lat' dir='ltr'><strong>vita</strong></span> <span class='ocrx_word' id='word_1_174' title='bbox 1664 1826 1800 1865; x_wconf 88' lang='lat' dir='ltr'><strong>vero</strong></span> <span class='ocrx_word' id='word_1_175' title='bbox 1849 1811 1988 1864; x_wconf 90' lang='lat' dir='ltr'><strong>ratio</strong></span> <span class='ocrx_word' id='word_1_176' title='bbox 2036 1812 2226 1880; x_wconf 83' lang='lat' dir='ltr'><strong>opibus</strong></span> 
     </span>
    </p>
   </div>
   <div class='ocr_carea' id='block_1_29' title="bbox 2333 1794 3921 1880">
    <p class='ocr_par' dir='ltr' id='par_1_29' title="bbox 2335 1794 3921 1869">
     <span class='ocr_line' id='line_1_29' title="bbox 2335 1794 3921 1869; baseline -0.013 -17"><span class='ocrx_word' id='word_1_177' title='bbox 2335 1800 2547 1869; x_wconf 81' lang='grc' dir='ltr'>σίδηρος</span> <span class='ocrx_word' id='word_1_178' title='bbox 2608 1797 2808 1868; x_wconf 81' lang='grc' dir='ltr'>χρυσοῦ</span> <span class='ocrx_word' id='word_1_179' title='bbox 2837 1796 3133 1867; x_wconf 75' lang='grc' dir='ltr'>κρείσσωνο</span> <span class='ocrx_word' id='word_1_180' title='bbox 3176 1798 3233 1849; x_wconf 79' lang='grc' dir='ltr'>ὲν</span> <span class='ocrx_word' id='word_1_181' title='bbox 3279 1794 3337 1848; x_wconf 82' lang='grc' dir='ltr'>δὲ</span> <span class='ocrx_word' id='word_1_182' title='bbox 3382 1796 3459 1865; x_wconf 80' lang='grc' dir='ltr'><strong>τῷ</strong></span> <span class='ocrx_word' id='word_1_183' title='bbox 3491 1796 3612 1866; x_wconf 73' lang='grc' dir='ltr'><strong>ζῇν,</strong></span> <span class='ocrx_word' id='word_1_184' title='bbox 3654 1798 3682 1847; x_wconf 78' lang='grc' dir='ltr'><strong>ὁ</strong></span> <span class='ocrx_word' id='word_1_185' title='bbox 3722 1795 3843 1863; x_wconf 73' lang='grc' dir='ltr'>λόγος</span> <span class='ocrx_word' id='word_1_186' title='bbox 3920 1794 3921 1831; x_wconf 64' lang='lat'>3</span> 
     </span>
    </p>
   </div>
   <div class='ocr_carea' id='block_1_30' title="bbox 670 1896 1048 1950">
    <p class='ocr_par' dir='ltr' id='par_1_30' title="bbox 670 1896 1048 1950">
     <span class='ocr_line' id='line_1_30' title="bbox 670 1896 1048 1950; baseline 0.008 -3"><span class='ocrx_word' id='word_1_187' title='bbox 670 1896 915 1947; x_wconf 85' lang='lat' dir='ltr'><strong>securior</strong></span> <span class='ocrx_word' id='word_1_188' title='bbox 945 1904 1048 1950; x_wconf 88' lang='lat' dir='ltr'><strong>est.</strong></span> 
     </span>
    </p>
   </div>
   <div class='ocr_carea' id='block_1_31' title="bbox 737 1983 2231 2053">
    <p class='ocr_par' dir='ltr' id='par_1_31' title="bbox 737 1983 2231 2053">
     <span class='ocr_line' id='line_1_31' title="bbox 737 1983 2231 2053; baseline 0.007 -18"><span class='ocrx_word' id='word_1_189' title='bbox 737 1983 848 2036; x_wconf 85' lang='lat' dir='ltr'><strong>Nec</strong></span> <span class='ocrx_word' id='word_1_190' title='bbox 886 1999 1031 2053; x_wconf 87' lang='lat' dir='ltr'><strong>equo</strong></span> <span class='ocrx_word' id='word_1_191' title='bbox 1064 1985 1182 2041; x_wconf 90' lang='lat' dir='ltr'><strong>sine</strong></span> <span class='ocrx_word' id='word_1_192' title='bbox 1215 1986 1397 2053; x_wconf 77' lang='lat' dir='ltr'><strong>freno,</strong></span> <span class='ocrx_word' id='word_1_193' title='bbox 1428 2004 1532 2043; x_wconf 89' lang='lat' dir='ltr'><strong>nec</strong></span> <span class='ocrx_word' id='word_1_194' title='bbox 1561 1990 1774 2046; x_wconf 86' lang='lat' dir='ltr'><strong>divitiis</strong></span> <span class='ocrx_word' id='word_1_195' title='bbox 1798 1994 1916 2047; x_wconf 88' lang='lat' dir='ltr'><strong>sine</strong></span> <span class='ocrx_word' id='word_1_196' title='bbox 1941 1992 2152 2047; x_wconf 88' lang='lat' dir='ltr'><strong>ratione</strong></span> <span class='ocrx_word' id='word_1_197' title='bbox 2172 2002 2231 2049; x_wconf 87' lang='lat' dir='ltr'><strong>et</strong></span> 
     </span>
    </p>
   </div>
   <div class='ocr_carea' id='block_1_32' title="bbox 668 2074 1514 2146">
    <p class='ocr_par' dir='ltr' id='par_1_32' title="bbox 668 2074 1514 2146">
     <span class='ocr_line' id='line_1_32' title="bbox 668 2074 1514 2146; baseline 0.011 -21"><span class='ocrx_word' id='word_1_198' title='bbox 668 2074 902 2128; x_wconf 88' lang='lat' dir='ltr'><strong>consilio</strong></span> <span class='ocrx_word' id='word_1_199' title='bbox 933 2078 1012 2129; x_wconf 93' lang='lat' dir='ltr'><strong>uti</strong></span> <span class='ocrx_word' id='word_1_200' title='bbox 1050 2085 1172 2131; x_wconf 88' lang='lat' dir='ltr'><strong>tuto</strong></span> <span class='ocrx_word' id='word_1_201' title='bbox 1198 2092 1514 2146; x_wconf 87' lang='lat' dir='ltr'><strong>possumus.</strong></span> 
     </span>
    </p>
   </div>
   <div class='ocr_carea' id='block_1_33' title="bbox 739 2165 2231 2243">
    <p class='ocr_par' dir='ltr' id='par_1_33' title="bbox 739 2165 2231 2243">
     <span class='ocr_line' id='line_1_33' title="bbox 739 2165 2231 2243; baseline 0.008 -26"><span class='ocrx_word' id='word_1_202' title='bbox 739 2165 927 2234; x_wconf 87' lang='lat' dir='ltr'><strong>Neque</strong></span> <span class='ocrx_word' id='word_1_203' title='bbox 969 2168 1285 2223; x_wconf 89' lang='lat' dir='ltr'><strong>convivium</strong></span> <span class='ocrx_word' id='word_1_204' title='bbox 1335 2170 1545 2239; x_wconf 87' lang='lat' dir='ltr'><strong>absque</strong></span> <span class='ocrx_word' id='word_1_205' title='bbox 1595 2172 1891 2239; x_wconf 84' lang='lat' dir='ltr'><strong>colloquio,</strong></span> <span class='ocrx_word' id='word_1_206' title='bbox 1920 2172 2082 2243; x_wconf 78' lang='lat'><strong>569</strong></span> <span class='ocrx_word' id='word_1_207' title='bbox 2129 2190 2231 2229; x_wconf 86' lang='lat' dir='ltr'><strong>nec</strong></span> 
     </span>
    </p>
   </div>
   <div class='ocr_carea' id='block_1_34' title="bbox 662 2254 1875 2331">
    <p class='ocr_par' dir='ltr' id='par_1_34' title="bbox 662 2254 1875 2331">
     <span class='ocr_line' id='line_1_34' title="bbox 662 2254 1875 2331; baseline 0.011 -26"><span class='ocrx_word' id='word_1_208' title='bbox 662 2254 785 2310; x_wconf 82' lang='lat' dir='ltr'><strong>sine</strong></span> <span class='ocrx_word' id='word_1_209' title='bbox 808 2256 1016 2312; x_wconf 86' lang='lat' dir='ltr'><strong>virtute</strong></span> <span class='ocrx_word' id='word_1_210' title='bbox 1044 2259 1249 2315; x_wconf 60' lang='lat' dir='ltr'><strong>divitiae</strong></span> <span class='ocrx_word' id='word_1_211' title='bbox 1278 2264 1620 2331; x_wconf 87' lang='lat' dir='ltr'><strong>voluptatem</strong></span> <span class='ocrx_word' id='word_1_212' title='bbox 1651 2264 1875 2318; x_wconf 81' lang='lat' dir='ltr'><strong>habent.</strong></span> 
     </span>
    </p>
   </div>
   <div class='ocr_carea' id='block_1_35' title="bbox 736 2344 2227 2416">
    <p class='ocr_par' dir='ltr' id='par_1_35' title="bbox 736 2344 2227 2416">
     <span class='ocr_line' id='line_1_35' title="bbox 736 2344 2227 2416; baseline 0.009 -19"><span class='ocrx_word' id='word_1_213' title='bbox 736 2344 948 2401; x_wconf 88' lang='lat' dir='ltr'><strong>Similis</strong></span> <span class='ocrx_word' id='word_1_214' title='bbox 966 2356 1053 2402; x_wconf 89' lang='lat' dir='ltr'><strong>est</strong></span> <span class='ocrx_word' id='word_1_215' title='bbox 1083 2351 1233 2403; x_wconf 84' lang='lat' dir='ltr'><strong>avari</strong></span> <span class='ocrx_word' id='word_1_216' title='bbox 1260 2351 1395 2416; x_wconf 91' lang='lat' dir='ltr'><strong>vita,</strong></span> <span class='ocrx_word' id='word_1_217' title='bbox 1425 2367 1598 2407; x_wconf 58' lang='lat' dir='ltr'><strong>coena:</strong></span> <span class='ocrx_word' id='word_1_218' title='bbox 1622 2355 1846 2409; x_wconf 91' lang='lat' dir='ltr'><strong>mortui.</strong></span> <span class='ocrx_word' id='word_1_219' title='bbox 1893 2354 2029 2410; x_wconf 87' lang='lat' dir='ltr'><strong>Cum</strong></span> <span class='ocrx_word' id='word_1_220' title='bbox 2080 2357 2227 2411; x_wconf 88' lang='lat' dir='ltr'><strong>enim</strong></span> 
     </span>
    </p>
   </div>
   <div class='ocr_carea' id='block_1_36' title="bbox 663 2433 2228 2513">
    <p class='ocr_par' dir='ltr' id='par_1_36' title="bbox 663 2433 2228 2513">
     <span class='ocr_line' id='line_1_36' title="bbox 663 2433 2228 2513; baseline 0.011 -29"><span class='ocrx_word' id='word_1_221' title='bbox 663 2433 803 2487; x_wconf 88' lang='lat' dir='ltr'><strong>nihil</strong></span> <span class='ocrx_word' id='word_1_222' title='bbox 831 2437 883 2489; x_wconf 90' lang='lat' dir='ltr'><strong>ei</strong></span> <span class='ocrx_word' id='word_1_223' title='bbox 920 2436 1085 2503; x_wconf 85' lang='lat' dir='ltr'><strong>desit,</strong></span> <span class='ocrx_word' id='word_1_224' title='bbox 1116 2440 1273 2496; x_wconf 88' lang='lat' dir='ltr'><strong>deest</strong></span> <span class='ocrx_word' id='word_1_225' title='bbox 1302 2442 1394 2497; x_wconf 91' lang='lat' dir='ltr'><strong>ille</strong></span> <span class='ocrx_word' id='word_1_226' title='bbox 1420 2443 1518 2513; x_wconf 87' lang='lat' dir='ltr'><strong>qui</strong></span> <span class='ocrx_word' id='word_1_227' title='bbox 1542 2459 1609 2498; x_wconf 85' lang='lat' dir='ltr'><strong>ea</strong></span> <span class='ocrx_word' id='word_1_228' title='bbox 1641 2446 1973 2500; x_wconf 89' lang='lat' dir='ltr'><strong>recreandus</strong></span> <span class='ocrx_word' id='word_1_229' title='bbox 1988 2457 2089 2500; x_wconf 90' lang='lat' dir='ltr'><strong>est.</strong></span> <span class='ocrx_word' id='word_1_230' title='bbox 2116 2448 2228 2501; x_wconf 82' lang='lat' dir='ltr'><strong>Nec</strong></span> 
     </span>
    </p>
   </div>
   <div class='ocr_carea' id='block_1_37' title="bbox 661 2527 2223 2606">
    <p class='ocr_par' dir='ltr' id='par_1_37' title="bbox 661 2527 2223 2606">
     <span class='ocr_line' id='line_1_37' title="bbox 661 2527 2223 2606; baseline 0.01 -31"><span class='ocrx_word' id='word_1_231' title='bbox 661 2536 694 2575; x_wconf 83' lang='lat' dir='ltr'><strong>a</strong></span> <span class='ocrx_word' id='word_1_232' title='bbox 717 2536 939 2581; x_wconf 90' lang='lat' dir='ltr'><strong>mortuo</strong></span> <span class='ocrx_word' id='word_1_233' title='bbox 961 2527 1249 2598; x_wconf 80' lang='lat' dir='ltr'><strong>fabulatio,</strong></span> <span class='ocrx_word' id='word_1_234' title='bbox 1268 2549 1372 2588; x_wconf 88' lang='lat' dir='ltr'><strong>nec</strong></span> <span class='ocrx_word' id='word_1_235' title='bbox 1394 2534 1464 2589; x_wconf 87' lang='lat' dir='ltr'><strong>ab</strong></span> <span class='ocrx_word' id='word_1_236' title='bbox 1486 2550 1665 2589; x_wconf 77' lang='lat' dir='ltr'><strong>avaro</strong></span> <span class='ocrx_word' id='word_1_237' title='bbox 1693 2537 1868 2606; x_wconf 78' lang='lat' dir='ltr'><strong>gratia</strong></span> <span class='ocrx_word' id='word_1_238' title='bbox 1892 2537 2223 2606; x_wconf 88' lang='lat' dir='ltr'><strong>requirenda</strong></span> 
     </span>
    </p>
   </div>
   <div class='ocr_carea' id='block_1_38' title="bbox 661 2611 755 2664">
    <p class='ocr_par' dir='ltr' id='par_1_38' title="bbox 661 2611 755 2664">
     <span class='ocr_line' id='line_1_38' title="bbox 661 2611 755 2664; baseline 0 0"><span class='ocrx_word' id='word_1_239' title='bbox 661 2611 755 2664; x_wconf 91' lang='lat' dir='ltr'><strong>sit.</strong></span> 
     </span>
    </p>
   </div>
   <div class='ocr_carea' id='block_1_39' title="bbox 729 2699 2220 2775">
    <p class='ocr_par' dir='ltr' id='par_1_39' title="bbox 729 2699 2220 2775">
     <span class='ocr_line' id='line_1_39' title="bbox 729 2699 2220 2775; baseline 0.009 -22"><span class='ocrx_word' id='word_1_240' title='bbox 729 2699 877 2775; x_wconf 88' lang='lat' dir='ltr'><strong>_Apes</strong></span> <span class='ocrx_word' id='word_1_241' title='bbox 902 2702 971 2755; x_wconf 88' lang='lat' dir='ltr'><strong>ad</strong></span> <span class='ocrx_word' id='word_1_242' title='bbox 1022 2705 1223 2770; x_wconf 88' lang='lat' dir='ltr'><strong>mellis,</strong></span> <span class='ocrx_word' id='word_1_243' title='bbox 1282 2709 1436 2761; x_wconf 83' lang='lat' dir='ltr'><strong>avari</strong></span> <span class='ocrx_word' id='word_1_244' title='bbox 1488 2718 1674 2765; x_wconf 89' lang='lat' dir='ltr'><strong>autem</strong></span> <span class='ocrx_word' id='word_1_245' title='bbox 1708 2710 1777 2774; x_wconf 89' lang='lat' dir='ltr'><strong>ad</strong></span> <span class='ocrx_word' id='word_1_246' title='bbox 1822 2712 1960 2766; x_wconf 87' lang='lat' dir='ltr'><strong>lucri</strong></span> <span class='ocrx_word' id='word_1_247' title='bbox 1992 2711 2220 2767; x_wconf 87' lang='lat' dir='ltr'><strong>odorem</strong></span> 
     </span>
    </p>
   </div>
   <div class='ocr_carea' id='block_1_40' title="bbox 658 2790 2167 2861">
    <p class='ocr_par' dir='ltr' id='par_1_40' title="bbox 658 2790 2167 2861">
     <span class='ocr_line' id='line_1_40' title="bbox 658 2790 2167 2861; baseline 0.015 -18"><span class='ocrx_word' id='word_1_248' title='bbox 658 2790 828 2845; x_wconf 89' lang='lat' dir='ltr'><strong>citius</strong></span> <span class='ocrx_word' id='word_1_249' title='bbox 854 2794 1165 2849; x_wconf 80' lang='lat' dir='ltr'><strong>conﬂuunt.</strong></span> <span class='ocrx_word' id='word_1_250' title='bbox 1552 2830 1557 2835; x_wconf 84' lang='lat'><strong>~</strong></span> <span class='ocrx_word' id='word_1_251' title='bbox 1842 2856 1847 2861; x_wconf 79' lang='lat'><em>,</em></span> <span class='ocrx_word' id='word_1_252' title='bbox 1886 2850 1889 2851; x_wconf 44' lang='grc' dir='ltr'><em>ν</em></span> <span class='ocrx_word' id='word_1_253' title='bbox 2160 2817 2167 2822; x_wconf 74' lang='grc'><strong><em>⁷</em></strong></span> 
     </span>
    </p>
   </div>
   <div class='ocr_carea' id='block_1_41' title="bbox 728 2882 2225 2959">
    <p class='ocr_par' dir='ltr' id='par_1_41' title="bbox 728 2882 2225 2959">
     <span class='ocr_line' id='line_1_41' title="bbox 728 2882 2225 2959; baseline 0.007 -23"><span class='ocrx_word' id='word_1_254' title='bbox 728 2882 910 2937; x_wconf 79' lang='lat' dir='ltr'><strong>Avaro</strong></span> <span class='ocrx_word' id='word_1_255' title='bbox 938 2886 1091 2940; x_wconf 85' lang='lat' dir='ltr'><strong>necis</strong></span> <span class='ocrx_word' id='word_1_256' title='bbox 1126 2886 1249 2942; x_wconf 90' lang='lat' dir='ltr'><strong>loco</strong></span> <span class='ocrx_word' id='word_1_257' title='bbox 1299 2898 1406 2955; x_wconf 88' lang='lat' dir='ltr'><strong>est,</strong></span> <span class='ocrx_word' id='word_1_258' title='bbox 1452 2891 1718 2959; x_wconf 89' lang='lat' dir='ltr'><strong>pecunias</strong></span> <span class='ocrx_word' id='word_1_259' title='bbox 1748 2892 1886 2945; x_wconf 90' lang='lat' dir='ltr'><strong>lucri</strong></span> <span class='ocrx_word' id='word_1_260' title='bbox 1932 2908 2096 2946; x_wconf 83' lang='lat' dir='ltr'><strong>causa</strong></span> <span class='ocrx_word' id='word_1_261' title='bbox 2123 2909 2225 2947; x_wconf 88' lang='lat' dir='ltr'><strong>au-</strong></span> 
     </span>
    </p>
   </div>
   <div class='ocr_carea' id='block_1_42' title="bbox 658 2971 2224 3052">
    <p class='ocr_par' dir='ltr' id='par_1_42' title="bbox 658 2971 2224 3052">
     <span class='ocr_line' id='line_1_42' title="bbox 658 2971 2224 3052; baseline 0.011 -31"><span class='ocrx_word' id='word_1_262' title='bbox 658 2971 1171 3040; x_wconf 69' lang='lat' dir='ltr'><strong>gendi‘cupiditas:</strong></span> <span class='ocrx_word' id='word_1_263' title='bbox 1230 2977 1472 3047; x_wconf 86' lang='lat' dir='ltr'><strong>hincque</strong></span> <span class='ocrx_word' id='word_1_264' title='bbox 1508 2990 1699 3034; x_wconf 82' lang='lat' dir='ltr'><strong>earum</strong></span> <span class='ocrx_word' id='word_1_265' title='bbox 1732 2982 2028 3052; x_wconf 81' lang='lat' dir='ltr'><strong>ademptio,</strong></span> <span class='ocrx_word' id='word_1_266' title='bbox 2073 2986 2224 3038; x_wconf 86' lang='lat' dir='ltr'><strong>velut</strong></span> 
     </span>
    </p>
   </div>
   <div class='ocr_carea' id='block_1_43' title="bbox 551 3061 1581 3127">
    <p class='ocr_par' dir='ltr' id='par_1_43' title="bbox 551 3061 1581 3127">
     <span class='ocr_line' id='line_1_43' title="bbox 551 3061 1581 3127; baseline 0.011 -15"><span class='ocrx_word' id='word_1_267' title='bbox 551 3107 556 3112; x_wconf 88' lang='lat'><strong>.</strong></span> <span class='ocrx_word' id='word_1_268' title='bbox 659 3061 964 3127; x_wconf 73' lang='lat' dir='ltr'><strong>sanguinis,</strong></span> <span class='ocrx_word' id='word_1_269' title='bbox 1006 3064 1056 3116; x_wconf 90' lang='lat' dir='ltr'><strong>ei</strong></span> <span class='ocrx_word' id='word_1_270' title='bbox 1086 3074 1317 3120; x_wconf 90' lang='lat' dir='ltr'><strong>mortem</strong></span> <span class='ocrx_word' id='word_1_271' title='bbox 1352 3069 1530 3122; x_wconf 80' lang='lat' dir='ltr'><strong>all‘ert.</strong></span> <span class='ocrx_word' id='word_1_272' title='bbox 1574 3118 1581 3124; x_wconf 92' lang='lat'><strong>.</strong></span> 
     </span>
    </p>
   </div>
   <div class='ocr_carea' id='block_1_44' title="bbox 732 3150 2219 3231">
    <p class='ocr_par' dir='ltr' id='par_1_44' title="bbox 732 3150 2219 3231">
     <span class='ocr_line' id='line_1_44' title="bbox 732 3150 2219 3231; baseline 0.009 -28"><span class='ocrx_word' id='word_1_273' title='bbox 732 3150 934 3207; x_wconf 85' lang='lat' dir='ltr'><strong>Parant</strong></span> <span class='ocrx_word' id='word_1_274' title='bbox 960 3152 1131 3223; x_wconf 81' lang='lat' dir='ltr'><strong>aliqui</strong></span> <span class='ocrx_word' id='word_1_275' title='bbox 1161 3156 1216 3208; x_wconf 92' lang='lat' dir='ltr'><strong>in</strong></span> <span class='ocrx_word' id='word_1_276' title='bbox 1255 3158 1388 3221; x_wconf 90' lang='lat' dir='ltr'><strong>vita,</strong></span> <span class='ocrx_word' id='word_1_277' title='bbox 1436 3174 1561 3227; x_wconf 71' lang='lat' dir='ltr'><strong>qua:</strong></span> <span class='ocrx_word' id='word_1_278' title='bbox 1600 3158 1667 3213; x_wconf 86' lang='lat' dir='ltr'><strong>ad</strong></span> <span class='ocrx_word' id='word_1_279' title='bbox 1710 3161 1919 3215; x_wconf 85' lang='lat' dir='ltr'><strong>victum</strong></span> <span class='ocrx_word' id='word_1_280' title='bbox 1950 3171 2219 3231; x_wconf 86' lang='lat' dir='ltr'><strong>spectant,</strong></span> 
     </span>
    </p>
   </div>
   <div class='ocr_carea' id='block_1_45' title="bbox 657 3241 1713 3315">
    <p class='ocr_par' dir='ltr' id='par_1_45' title="bbox 657 3241 1713 3315">
     <span class='ocr_line' id='line_1_45' title="bbox 657 3241 1713 3315; baseline 0.01 -24"><span class='ocrx_word' id='word_1_281' title='bbox 657 3241 818 3308; x_wconf 88' lang='lat' dir='ltr'><strong>quasi</strong></span> <span class='ocrx_word' id='word_1_282' title='bbox 855 3242 960 3311; x_wconf 86' lang='lat' dir='ltr'><strong>ipsi</strong></span> <span class='ocrx_word' id='word_1_283' title='bbox 989 3244 1193 3299; x_wconf 83' lang='lat' dir='ltr'><strong>victuri</strong></span> <span class='ocrx_word' id='word_1_284' title='bbox 1217 3256 1344 3315; x_wconf 88' lang='lat' dir='ltr'><strong>post</strong></span> <span class='ocrx_word' id='word_1_285' title='bbox 1381 3248 1574 3302; x_wconf 87' lang='lat' dir='ltr'><strong>vitam.</strong></span> <span class='ocrx_word' id='word_1_286' title='bbox 1606 3275 1609 3278; x_wconf 51' lang='grc' dir='ltr'><strong>ι</strong></span> <span class='ocrx_word' id='word_1_287' title='bbox 1651 3247 1660 3257; x_wconf 86' lang='grc'><strong><em>“</em></strong></span> <span class='ocrx_word' id='word_1_288' title='bbox 1696 3258 1713 3275; x_wconf 91' lang='grc'><strong>·</strong></span> 
     </span>
    </p>
   </div>
   <div class='ocr_carea' id='block_1_46' title="bbox 731 3333 2222 3408">
    <p class='ocr_par' dir='ltr' id='par_1_46' title="bbox 731 3333 2222 3408">
     <span class='ocr_line' id='line_1_46' title="bbox 731 3333 2222 3408; baseline 0.005 -23"><span class='ocrx_word' id='word_1_289' title='bbox 731 3333 941 3387; x_wconf 87' lang='lat' dir='ltr'><strong>Divites</strong></span> <span class='ocrx_word' id='word_1_290' title='bbox 991 3343 1179 3388; x_wconf 85' lang='lat' dir='ltr'><strong>autem</strong></span> <span class='ocrx_word' id='word_1_291' title='bbox 1230 3343 1288 3389; x_wconf 90' lang='lat' dir='ltr'><strong>et</strong></span> <span class='ocrx_word' id='word_1_292' title='bbox 1332 3336 1718 3405; x_wconf 79' lang='lat' dir='ltr'><strong>inexplebiles,</strong></span> <span class='ocrx_word' id='word_1_293' title='bbox 1773 3354 1912 3408; x_wconf 88' lang='lat' dir='ltr'><strong>aqua</strong></span> <span class='ocrx_word' id='word_1_294' title='bbox 1950 3340 2222 3393; x_wconf 88' lang='lat' dir='ltr'><strong>intercute</strong></span> 
     </span>
    </p>
   </div>
   <div class='ocr_carea' id='block_1_47' title="bbox 658 3423 2262 3497">
    <p class='ocr_par' dir='ltr' id='par_1_47' title="bbox 658 3423 2262 3497">
     <span class='ocr_line' id='line_1_47' title="bbox 658 3423 2262 3497; baseline 0.002 -18"><span class='ocrx_word' id='word_1_295' title='bbox 658 3423 1037 3479; x_wconf 67' lang='lat' dir='ltr'><strong>laborantibus</strong></span> <span class='ocrx_word' id='word_1_296' title='bbox 1069 3424 1282 3478; x_wconf 87' lang='lat' dir='ltr'><strong>similes</strong></span> <span class='ocrx_word' id='word_1_297' title='bbox 1326 3441 1451 3485; x_wconf 83' lang='lat' dir='ltr'><strong>esse</strong></span> <span class='ocrx_word' id='word_1_298' title='bbox 1485 3428 1708 3481; x_wconf 87' lang='lat' dir='ltr'><strong>dicebat</strong></span> <span class='ocrx_word' id='word_1_299' title='bbox 1733 3445 1746 3480; x_wconf 92' lang='lat'>:</span> <span class='ocrx_word' id='word_1_300' title='bbox 1776 3428 1834 3481; x_wconf 85' lang='lat' dir='ltr'><strong>hi</strong></span> <span class='ocrx_word' id='word_1_301' title='bbox 1881 3428 2030 3482; x_wconf 90' lang='lat' dir='ltr'><strong>enim</strong></span> <span class='ocrx_word' id='word_1_302' title='bbox 2067 3424 2262 3497; x_wconf 65' lang='lat' dir='ltr'><strong>aquis‘</strong></span> 
     </span>
    </p>
   </div>
   <div class='ocr_carea' id='block_1_48' title="bbox 661 3512 1484 3580">
    <p class='ocr_par' dir='ltr' id='par_1_48' title="bbox 661 3512 1484 3580">
     <span class='ocr_line' id='line_1_48' title="bbox 661 3512 1484 3580; baseline 0.004 -17"><span class='ocrx_word' id='word_1_303' title='bbox 661 3512 809 3580; x_wconf 86' lang='lat' dir='ltr'><strong>pleni</strong></span> <span class='ocrx_word' id='word_1_304' title='bbox 850 3512 1063 3573; x_wconf 88' lang='lat' dir='ltr'><strong>sitiunt,</strong></span> <span class='ocrx_word' id='word_1_305' title='bbox 1100 3512 1181 3563; x_wconf 83' lang='lat' dir='ltr'><strong>illi</strong></span> <span class='ocrx_word' id='word_1_306' title='bbox 1211 3514 1484 3579; x_wconf 84' lang='lat' dir='ltr'><strong>pecuniis.</strong></span> 
     </span>
    </p>
   </div>
   <div class='ocr_carea' id='block_1_49' title="bbox 733 3600 2227 3675">
    <p class='ocr_par' dir='ltr' id='par_1_49' title="bbox 733 3600 2227 3675">
     <span class='ocr_line' id='line_1_49' title="bbox 733 3600 2227 3675; baseline 0.005 -22"><span class='ocrx_word' id='word_1_307' title='bbox 733 3600 846 3653; x_wconf 90' lang='lat' dir='ltr'><strong>Nec</strong></span> <span class='ocrx_word' id='word_1_308' title='bbox 875 3614 1053 3667; x_wconf 87' lang='lat' dir='ltr'><strong>equus</strong></span> <span class='ocrx_word' id='word_1_309' title='bbox 1074 3615 1377 3668; x_wconf 78' lang='lat' dir='ltr'><strong>generosus</strong></span> <span class='ocrx_word' id='word_1_310' title='bbox 1427 3602 1637 3667; x_wconf 87' lang='lat' dir='ltr'><strong>audiat,</strong></span> <span class='ocrx_word' id='word_1_311' title='bbox 1683 3605 1778 3673; x_wconf 91' lang='lat' dir='ltr'><strong>qui</strong></span> <span class='ocrx_word' id='word_1_312' title='bbox 1838 3606 2017 3675; x_wconf 78' lang='lat' dir='ltr'><strong>magni</strong></span> <span class='ocrx_word' id='word_1_313' title='bbox 2063 3606 2227 3675; x_wconf 90' lang='lat' dir='ltr'><strong>pretii</strong></span> 
     </span>
    </p>
   </div>
   <div class='ocr_carea' id='block_1_50' title="bbox 662 3688 2225 3761">
    <p class='ocr_par' dir='ltr' id='par_1_50' title="bbox 662 3688 2225 3761">
     <span class='ocr_line' id='line_1_50' title="bbox 662 3688 2225 3761; baseline 0.006 -18"><span class='ocrx_word' id='word_1_314' title='bbox 662 3688 888 3757; x_wconf 86' lang='lat' dir='ltr'><strong>ephipio</strong></span> <span class='ocrx_word' id='word_1_315' title='bbox 951 3689 1281 3759; x_wconf 87' lang='lat' dir='ltr'><strong>reliquoque</strong></span> <span class='ocrx_word' id='word_1_316' title='bbox 1318 3702 1582 3761; x_wconf 88' lang='lat' dir='ltr'><strong>apparatu</strong></span> <span class='ocrx_word' id='word_1_317' title='bbox 1631 3693 1939 3750; x_wconf 87' lang='lat' dir='ltr'><strong>instructus</strong></span> <span class='ocrx_word' id='word_1_318' title='bbox 1983 3708 2086 3761; x_wconf 90' lang='lat' dir='ltr'><strong>est,</strong></span> <span class='ocrx_word' id='word_1_319' title='bbox 2130 3699 2225 3753; x_wconf 89' lang='lat' dir='ltr'><strong>sed</strong></span> 
     </span>
    </p>
   </div>
   <div class='ocr_carea' id='block_1_51' title="bbox 662 3778 2223 3852">
    <p class='ocr_par' dir='ltr' id='par_1_51' title="bbox 662 3778 2223 3852">
     <span class='ocr_line' id='line_1_51' title="bbox 662 3778 2223 3852; baseline 0.006 -21"><span class='ocrx_word' id='word_1_320' title='bbox 662 3779 756 3849; x_wconf 90' lang='lat' dir='ltr'><strong>qui</strong></span> <span class='ocrx_word' id='word_1_321' title='bbox 788 3778 1048 3846; x_wconf 59' lang='lat' dir='ltr'><strong>praeclara</strong></span> <span class='ocrx_word' id='word_1_322' title='bbox 1070 3780 1335 3848; x_wconf 63' lang='lat' dir='ltr'><strong>praeditus</strong></span> <span class='ocrx_word' id='word_1_323' title='bbox 1358 3781 1583 3849; x_wconf 89' lang='lat' dir='ltr'><strong>indole;</strong></span> <span class='ocrx_word' id='word_1_324' title='bbox 1618 3799 1796 3852; x_wconf 87' lang='lat' dir='ltr'><strong>neque</strong></span> <span class='ocrx_word' id='word_1_325' title='bbox 1811 3786 1895 3839; x_wconf 89' lang='lat' dir='ltr'><strong>vir</strong></span> <span class='ocrx_word' id='word_1_326' title='bbox 1922 3786 2223 3851; x_wconf 87' lang='lat' dir='ltr'><strong>studiosus,</strong></span> 
     </span>
    </p>
   </div>
   <div class='ocr_carea' id='block_1_52' title="bbox 662 3870 2223 3946">
    <p class='ocr_par' dir='ltr' id='par_1_52' title="bbox 662 3870 2223 3946">
     <span class='ocr_line' id='line_1_52' title="bbox 662 3870 2223 3946; baseline 0.004 -23"><span class='ocrx_word' id='word_1_327' title='bbox 662 3870 755 3939; x_wconf 90' lang='lat' dir='ltr'><strong>qui</strong></span> <span class='ocrx_word' id='word_1_328' title='bbox 778 3872 955 3939; x_wconf 88' lang='lat' dir='ltr'><strong>ampla</strong></span> <span class='ocrx_word' id='word_1_329' title='bbox 991 3870 1146 3925; x_wconf 82' lang='lat' dir='ltr'><strong>dives</strong></span> <span class='ocrx_word' id='word_1_330' title='bbox 1171 3872 1479 3927; x_wconf 85' lang='lat' dir='ltr'><strong>substantia</strong></span> <span class='ocrx_word' id='word_1_331' title='bbox 1502 3882 1612 3939; x_wconf 87' lang='lat' dir='ltr'><strong>est,</strong></span> <span class='ocrx_word' id='word_1_332' title='bbox 1640 3874 1739 3929; x_wconf 91' lang='lat' dir='ltr'><strong>sed</strong></span> <span class='ocrx_word' id='word_1_333' title='bbox 1773 3875 1883 3944; x_wconf 82' lang='lat' dir='ltr'><strong>qui‘</strong></span> <span class='ocrx_word' id='word_1_334' title='bbox 1905 3877 2021 3946; x_wconf 89' lang='lat' dir='ltr'><strong>ipse</strong></span> <span class='ocrx_word' id='word_1_335' title='bbox 2054 3878 2223 3931; x_wconf 90' lang='lat' dir='ltr'><strong>nobili</strong></span> 
     </span>
    </p>
   </div>
   <div class='ocr_carea' id='block_1_53' title="bbox 662 3958 1329 4030">
    <p class='ocr_par' dir='ltr' id='par_1_53' title="bbox 662 3958 1329 4030">
     <span class='ocr_line' id='line_1_53' title="bbox 662 3958 1329 4030; baseline 0.006 -19"><span class='ocrx_word' id='word_1_336' title='bbox 662 3958 901 4027; x_wconf 78' lang='lat' dir='ltr'><strong>fortique</strong></span> <span class='ocrx_word' id='word_1_337' title='bbox 921 3963 1107 4014; x_wconf 88' lang='lat' dir='ltr'><strong>animo</strong></span> <span class='ocrx_word' id='word_1_338' title='bbox 1139 3962 1329 4030; x_wconf 89' lang='lat' dir='ltr'><strong>pollet.</strong></span> 
     </span>
    </p>
   </div>
   <div class='ocr_carea' id='block_1_54' title="bbox 730 4033 2227 4123">
    <p class='ocr_par' dir='ltr' id='par_1_54' title="bbox 730 4033 2227 4123">
     <span class='ocr_line' id='line_1_54' title="bbox 730 4033 2227 4123; baseline 0.003 -24"><span class='ocrx_word' id='word_1_339' title='bbox 730 4045 1035 4101; x_wconf 87' lang='lat' dir='ltr'><strong>Contemne</strong></span> <span class='ocrx_word' id='word_1_340' title='bbox 1064 4063 1161 4101; x_wconf 89' lang='lat' dir='ltr'><strong>eos</strong></span> <span class='ocrx_word' id='word_1_341' title='bbox 1199 4049 1293 4123; x_wconf 87' lang='lat' dir='ltr'><strong>qui</strong></span> <span class='ocrx_word' id='word_1_342' title='bbox 1324 4033 1538 4105; x_wconf 87' lang='lat' dir='ltr'><strong>divitiis</strong></span> <span class='ocrx_word' id='word_1_343' title='bbox 1570 4051 1816 4117; x_wconf 89' lang='lat' dir='ltr'><strong>student,</strong></span> <span class='ocrx_word' id='word_1_344' title='bbox 1850 4054 2024 4121; x_wconf 86' lang='lat' dir='ltr'><strong>partis</strong></span> <span class='ocrx_word' id='word_1_345' title='bbox 2040 4061 2227 4106; x_wconf 88' lang='lat' dir='ltr'><strong>autem</strong></span> 
     </span>
    </p>
   </div>
   <div class='ocr_carea' id='block_1_55' title="bbox 662 4134 2227 4203">
    <p class='ocr_par' dir='ltr' id='par_1_55' title="bbox 662 4134 2227 4203">
     <span class='ocr_line' id='line_1_55' title="bbox 662 4134 2227 4203; baseline 0.003 -17"><span class='ocrx_word' id='word_1_346' title='bbox 662 4134 741 4189; x_wconf 83' lang='lat' dir='ltr'><strong>nti</strong></span> <span class='ocrx_word' id='word_1_347' title='bbox 784 4152 893 4187; x_wconf 92' lang='lat' dir='ltr'><strong>non</strong></span> <span class='ocrx_word' id='word_1_348' title='bbox 927 4145 1200 4203; x_wconf 84' lang='lat' dir='ltr'><strong>possunt:</strong></span> <span class='ocrx_word' id='word_1_349' title='bbox 1248 4138 1507 4194; x_wconf 89' lang='lat' dir='ltr'><strong>similiter</strong></span> <span class='ocrx_word' id='word_1_350' title='bbox 1549 4141 1699 4195; x_wconf 88' lang='lat' dir='ltr'><strong>enim</strong></span> <span class='ocrx_word' id='word_1_351' title='bbox 1732 4139 1813 4194; x_wconf 85' lang='lat' dir='ltr'><strong>eis</strong></span> <span class='ocrx_word' id='word_1_352' title='bbox 1842 4140 2065 4201; x_wconf 88' lang='lat' dir='ltr'><strong>accidit,</strong></span> <span class='ocrx_word' id='word_1_353' title='bbox 2094 4147 2154 4192; x_wconf 89' lang='lat' dir='ltr'><strong>ut</strong></span> <span class='ocrx_word' id='word_1_354' title='bbox 2180 4140 2227 4192; x_wconf 93' lang='lat' dir='ltr'><strong>si</strong></span> 
     </span>
    </p>
   </div>
   <div class='ocr_carea' id='block_1_56' title="bbox 661 4223 2226 4297">
    <p class='ocr_par' dir='ltr' id='par_1_56' title="bbox 661 4223 2226 4297">
     <span class='ocr_line' id='line_1_56' title="bbox 661 4223 2226 4297; baseline 0.003 -22"><span class='ocrx_word' id='word_1_355' title='bbox 661 4223 787 4291; x_wconf 86' lang='lat' dir='ltr'><strong>quis</strong></span> <span class='ocrx_word' id='word_1_356' title='bbox 811 4225 1087 4293; x_wconf 76' lang='lat' dir='ltr'><strong>egregium</strong></span> <span class='ocrx_word' id='word_1_357' title='bbox 1112 4238 1394 4295; x_wconf 88' lang='lat' dir='ltr'><strong>comparet</strong></span> <span class='ocrx_word' id='word_1_358' title='bbox 1409 4239 1634 4297; x_wconf 89' lang='lat' dir='ltr'><strong>equum,</strong></span> <span class='ocrx_word' id='word_1_359' title='bbox 1655 4244 1782 4297; x_wconf 79' lang='lat' dir='ltr'><strong>cum</strong></span> <span class='ocrx_word' id='word_1_360' title='bbox 1803 4229 1919 4295; x_wconf 89' lang='lat' dir='ltr'><strong>ipse</strong></span> <span class='ocrx_word' id='word_1_361' title='bbox 1943 4226 2226 4295; x_wconf 89' lang='lat' dir='ltr'><strong>equitandi</strong></span> 
     </span>
    </p>
   </div>
   <div class='ocr_carea' id='block_1_57' title="bbox 661 4309 1579 4364">
    <p class='ocr_par' dir='ltr' id='par_1_57' title="bbox 661 4309 1579 4364">
     <span class='ocr_line' id='line_1_57' title="bbox 661 4309 1579 4364; baseline 0 0"><span class='ocrx_word' id='word_1_362' title='bbox 661 4309 819 4364; x_wconf 82' lang='lat' dir='ltr'><strong>rudis</strong></span> <span class='ocrx_word' id='word_1_363' title='bbox 848 4310 937 4363; x_wconf 89' lang='lat' dir='ltr'><strong>sit.</strong></span> <span class='ocrx_word' id='word_1_364' title='bbox 1569 4311 1579 4320; x_wconf 84' lang='grc'><em>’</em></span> 
     </span>
    </p>
   </div>
   <div class='ocr_carea' id='block_1_58' title="bbox 733 4395 2225 4476">
    <p class='ocr_par' dir='ltr' id='par_1_58' title="bbox 733 4395 2225 4476">
     <span class='ocr_line' id='line_1_58' title="bbox 733 4395 2225 4476; baseline 0.009 -25"><span class='ocrx_word' id='word_1_365' title='bbox 733 4395 1105 4467; x_wconf 65' lang='lat' dir='ltr'><strong>Magnanimos</strong></span> <span class='ocrx_word' id='word_1_366' title='bbox 1133 4404 1465 4468; x_wconf 71' lang='lat' dir='ltr'><strong>existimato,</strong></span> <span class='ocrx_word' id='word_1_367' title='bbox 1496 4421 1608 4458; x_wconf 88' lang='lat' dir='ltr'><strong>non</strong></span> <span class='ocrx_word' id='word_1_368' title='bbox 1643 4420 1740 4459; x_wconf 90' lang='lat' dir='ltr'><strong>eos</strong></span> <span class='ocrx_word' id='word_1_369' title='bbox 1764 4404 1862 4473; x_wconf 91' lang='lat' dir='ltr'><strong>qui</strong></span> <span class='ocrx_word' id='word_1_370' title='bbox 1893 4406 2098 4476; x_wconf 88' lang='lat' dir='ltr'><strong>majora</strong></span> <span class='ocrx_word' id='word_1_371' title='bbox 2120 4406 2225 4465; x_wconf 89' lang='lat' dir='ltr'><strong>sibi</strong></span> 
     </span>
    </p>
   </div>
   <div class='ocr_carea' id='block_1_59' title="bbox 2262 1875 2707 1941">
    <p class='ocr_par' dir='ltr' id='par_1_59' title="bbox 2262 1875 2707 1941">
     <span class='ocr_line' id='line_1_59' title="bbox 2262 1875 2707 1941; baseline -0.007 0"><span class='ocrx_word' id='word_1_372' title='bbox 2262 1875 2305 1929; x_wconf 80' lang='grc' dir='ltr'><strong>Β</strong></span> <span class='ocrx_word' id='word_1_373' title='bbox 2331 1888 2425 1941; x_wconf 81' lang='grc' dir='ltr'><strong>τοῦ</strong></span> <span class='ocrx_word' id='word_1_374' title='bbox 2449 1886 2707 1940; x_wconf 79' lang='grc' dir='ltr'>πλούτου.“</span> 
     </span>
    </p>
   </div>
   <div class='ocr_carea' id='block_1_60' title="bbox 2405 1966 3844 2045">
    <p class='ocr_par' dir='ltr' id='par_1_60' title="bbox 2405 1966 3844 2045">
     <span class='ocr_line' id='line_1_60' title="bbox 2405 1966 3844 2045; baseline -0.004 -15"><span class='ocrx_word' id='word_1_375' title='bbox 2405 1977 2541 2030; x_wconf 83' lang='grc' dir='ltr'>Οῦτε</span> <span class='ocrx_word' id='word_1_376' title='bbox 2568 1978 2717 2045; x_wconf 75' lang='grc' dir='ltr'>ἵππῳ</span> <span class='ocrx_word' id='word_1_377' title='bbox 2738 1976 2902 2045; x_wconf 71' lang='grc' dir='ltr'>χωρὶς</span> <span class='ocrx_word' id='word_1_378' title='bbox 2937 1971 3176 2043; x_wconf 81' lang='grc' dir='ltr'>χαλινοῦ,</span> <span class='ocrx_word' id='word_1_379' title='bbox 3215 1971 3341 2027; x_wconf 72' lang='grc' dir='ltr'>οὔτε</span> <span class='ocrx_word' id='word_1_380' title='bbox 3368 1966 3586 2043; x_wconf 63' lang='grc' dir='ltr'>πλούτν</span> <span class='ocrx_word' id='word_1_381' title='bbox 3611 1973 3759 2045; x_wconf 67' lang='grc' dir='ltr'><strong>ιιρς</strong></span> <span class='ocrx_word' id='word_1_382' title='bbox 3783 1972 3844 2024; x_wconf 76' lang='grc' dir='ltr'>λο-</span> 
     </span>
    </p>
   </div>
   <div class='ocr_carea' id='block_1_61' title="bbox 2330 2059 3393 2140">
    <p class='ocr_par' dir='ltr' id='par_1_61' title="bbox 2330 2059 3393 2140">
     <span class='ocr_line' id='line_1_61' title="bbox 2330 2059 3393 2140; baseline -0.008 -18"><span class='ocrx_word' id='word_1_383' title='bbox 2330 2067 2787 2140; x_wconf 67' lang='grc' dir='ltr'>γισμοῦ,⁴δυνατὸν</span> <span class='ocrx_word' id='word_1_384' title='bbox 2812 2064 3065 2134; x_wconf 80' lang='grc' dir='ltr'>ἀσφαλῶς</span> <span class='ocrx_word' id='word_1_385' title='bbox 3099 2059 3393 2139; x_wconf 70' lang='grc' dir='ltr'>χρήσασθαι</span> 
     </span>
    </p>
   </div>
   <div class='ocr_carea' id='block_1_62' title="bbox 2399 2153 3839 2232">
    <p class='ocr_par' dir='ltr' id='par_1_62' title="bbox 2399 2153 3839 2232">
     <span class='ocr_line' id='line_1_62' title="bbox 2399 2153 3839 2232; baseline -0.004 -20"><span class='ocrx_word' id='word_1_386' title='bbox 2399 2158 2534 2225; x_wconf 58' lang='grc' dir='ltr'>Οὔτε</span> <span class='ocrx_word' id='word_1_387' title='bbox 2560 2158 2856 2227; x_wconf 85' lang='grc' dir='ltr'>συμπόσιον</span> <span class='ocrx_word' id='word_1_388' title='bbox 2892 2156 3019 2212; x_wconf 74' lang='grc' dir='ltr'>ἄνευ</span> <span class='ocrx_word' id='word_1_389' title='bbox 3064 2153 3296 2230; x_wconf 69' lang='grc' dir='ltr'>ὁμιλίας,</span> <span class='ocrx_word' id='word_1_390' title='bbox 3318 2160 3429 2211; x_wconf 72' lang='grc' dir='ltr'>οὓιε</span> <span class='ocrx_word' id='word_1_391' title='bbox 3450 2167 3690 2221; x_wconf 65' lang='grc' dir='ltr'>πλοῦτος</span> <span class='ocrx_word' id='word_1_392' title='bbox 3712 2162 3839 2232; x_wconf 68' lang='grc' dir='ltr'>χωρὶς</span> 
     </span>
    </p>
   </div>
   <div class='ocr_carea' id='block_1_63' title="bbox 2329 2248 2911 2320">
    <p class='ocr_par' dir='ltr' id='par_1_63' title="bbox 2329 2248 2911 2320">
     <span class='ocr_line' id='line_1_63' title="bbox 2329 2248 2911 2320; baseline -0.005 -17"><span class='ocrx_word' id='word_1_393' title='bbox 2329 2249 2529 2320; x_wconf 85' lang='grc' dir='ltr'>ἀρετῆς</span> <span class='ocrx_word' id='word_1_394' title='bbox 2556 2248 2748 2318; x_wconf 77' lang='grc' dir='ltr'>ἡδονὴν</span> <span class='ocrx_word' id='word_1_395' title='bbox 2777 2248 2911 2316; x_wconf 79' lang='grc' dir='ltr'>ἔχει.</span> 
     </span>
    </p>
   </div>
   <div class='ocr_carea' id='block_1_64' title="bbox 2404 2335 3841 2407">
    <p class='ocr_par' dir='ltr' id='par_1_64' title="bbox 2404 2335 3841 2407">
     <span class='ocr_line' id='line_1_64' title="bbox 2404 2335 3841 2407; baseline -0.003 -16"><span class='ocrx_word' id='word_1_396' title='bbox 2404 2342 2618 2392; x_wconf 87' lang='grc' dir='ltr'>Ἔοικεν</span> <span class='ocrx_word' id='word_1_397' title='bbox 2667 2342 2695 2393; x_wconf 86' lang='grc' dir='ltr'>ὁ</span> <span class='ocrx_word' id='word_1_398' title='bbox 2742 2338 2851 2389; x_wconf 86' lang='grc' dir='ltr'><strong>τῶν</strong></span> <span class='ocrx_word' id='word_1_399' title='bbox 2879 2335 3230 2407; x_wconf 67' lang='grc' dir='ltr'>φιλαργύρων</span> <span class='ocrx_word' id='word_1_400' title='bbox 3270 2340 3387 2406; x_wconf 79' lang='grc' dir='ltr'>βίος</span> <span class='ocrx_word' id='word_1_401' title='bbox 3432 2337 3624 2406; x_wconf 80' lang='grc' dir='ltr'>νεκροῦ</span> <span class='ocrx_word' id='word_1_402' title='bbox 3662 2336 3841 2403; x_wconf 77' lang='grc' dir='ltr'>δείπνῳ.</span> 
     </span>
    </p>
   </div>
   <div class='ocr_carea' id='block_1_65' title="bbox 2328 2423 3841 2496">
    <p class='ocr_par' dir='ltr' id='par_1_65' title="bbox 2328 2423 3841 2496">
     <span class='ocr_line' id='line_1_65' title="bbox 2328 2423 3841 2496; baseline -0.003 -17"><span class='ocrx_word' id='word_1_403' title='bbox 2328 2428 2510 2480; x_wconf 82' lang='grc' dir='ltr'><strong>Πάντα</strong></span> <span class='ocrx_word' id='word_1_404' title='bbox 2556 2426 2665 2495; x_wconf 79' lang='grc' dir='ltr'>γὰρ</span> <span class='ocrx_word' id='word_1_405' title='bbox 2707 2424 2876 2493; x_wconf 76' lang='grc' dir='ltr'>ἔχων,</span> <span class='ocrx_word' id='word_1_406' title='bbox 2927 2426 3020 2477; x_wconf 70' lang='grc' dir='ltr'>τὸν</span> <span class='ocrx_word' id='word_1_407' title='bbox 3061 2424 3570 2496; x_wconf 76' lang='grc' dir='ltr'>ιυφρανθησόμενον</span> <span class='ocrx_word' id='word_1_408' title='bbox 3612 2426 3703 2478; x_wconf 87' lang='grc' dir='ltr'><strong>ούκ</strong></span> <span class='ocrx_word' id='word_1_409' title='bbox 3739 2423 3841 2493; x_wconf 71' lang='grc' dir='ltr'>ἔχει.</span> 
     </span>
    </p>
   </div>
   <div class='ocr_carea' id='block_1_66' title="bbox 2328 2512 3842 2587">
    <p class='ocr_par' dir='ltr' id='par_1_66' title="bbox 2328 2512 3842 2587">
     <span class='ocr_line' id='line_1_66' title="bbox 2328 2512 3842 2587; baseline -0.003 -16"><span class='ocrx_word' id='word_1_410' title='bbox 2328 2518 2465 2571; x_wconf 78' lang='grc' dir='ltr'>Οὔτε</span> <span class='ocrx_word' id='word_1_411' title='bbox 2510 2516 2657 2584; x_wconf 82' lang='grc' dir='ltr'>παρὰ</span> <span class='ocrx_word' id='word_1_412' title='bbox 2684 2513 2876 2582; x_wconf 81' lang='grc' dir='ltr'>νεκροῦ</span> <span class='ocrx_word' id='word_1_413' title='bbox 2907 2512 3127 2583; x_wconf 79' lang='grc' dir='ltr'>ὁμιλίαν</span> <span class='ocrx_word' id='word_1_414' title='bbox 3149 2551 3166 2577; x_wconf 89' lang='lat'><strong>,</strong></span> <span class='ocrx_word' id='word_1_415' title='bbox 3219 2514 3341 2567; x_wconf 72' lang='grc' dir='ltr'>οὔτε</span> <span class='ocrx_word' id='word_1_416' title='bbox 3376 2516 3531 2586; x_wconf 78' lang='grc' dir='ltr'>παρὰ</span> <span class='ocrx_word' id='word_1_417' title='bbox 3554 2514 3842 2587; x_wconf 76' lang='grc' dir='ltr'>φιλαργύρου</span> 
     </span>
    </p>
   </div>
   <div class='ocr_carea' id='block_1_67' title="bbox 2326 2606 3710 2676">
    <p class='ocr_par' dir='ltr' id='par_1_67' title="bbox 2326 2606 3710 2676">
     <span class='ocr_line' id='line_1_67' title="bbox 2326 2606 3710 2676; baseline -0.007 -15"><span class='ocrx_word' id='word_1_418' title='bbox 2326 2610 2408 2661; x_wconf 83' lang='grc' dir='ltr'>δεῖ</span> <span class='ocrx_word' id='word_1_419' title='bbox 2436 2609 2593 2676; x_wconf 82' lang='grc' dir='ltr'>χάριν</span> <span class='ocrx_word' id='word_1_420' title='bbox 2621 2606 2919 2675; x_wconf 73' lang='grc' dir='ltr'>ἐπιζητεῖν.</span> <span class='ocrx_word' id='word_1_421' title='bbox 3703 2642 3710 2651; x_wconf 92' lang='grc'><strong>.</strong></span> 
     </span>
    </p>
   </div>
   <div class='ocr_carea' id='block_1_68' title="bbox 2398 2694 3842 2770">
    <p class='ocr_par' dir='ltr' id='par_1_68' title="bbox 2398 2694 3842 2770">
     <span class='ocr_line' id='line_1_68' title="bbox 2398 2694 3842 2770; baseline 0 -20"><span class='ocrx_word' id='word_1_422' title='bbox 2398 2698 2509 2752; x_wconf 77' lang='grc' dir='ltr'>Τοῦ</span> <span class='ocrx_word' id='word_1_423' title='bbox 2527 2697 2739 2767; x_wconf 84' lang='grc' dir='ltr'>μέλιτος</span> <span class='ocrx_word' id='word_1_424' title='bbox 2769 2697 3017 2767; x_wconf 81' lang='grc' dir='ltr'>μέλιτται</span> <span class='ocrx_word' id='word_1_425' title='bbox 3036 2694 3225 2768; x_wconf 78' lang='grc' dir='ltr'>τάχιον</span> <span class='ocrx_word' id='word_1_426' title='bbox 3246 2696 3499 2770; x_wconf 77' lang='grc' dir='ltr'>ῑρχονται</span> <span class='ocrx_word' id='word_1_427' title='bbox 3519 2698 3842 2768; x_wconf 56' lang='grc' dir='ltr'>ἐπαίσθησιν</span> 
     </span>
    </p>
   </div>
   <div class='ocr_carea' id='block_1_69' title="bbox 2324 2787 3230 2865">
    <p class='ocr_par' dir='ltr' id='par_1_69' title="bbox 2324 2787 3230 2865">
     <span class='ocr_line' id='line_1_69' title="bbox 2324 2787 3230 2865; baseline 0 -22"><span class='ocrx_word' id='word_1_428' title='bbox 2324 2789 2418 2843; x_wconf 82' lang='grc' dir='ltr'><strong>τοῦ</strong></span> <span class='ocrx_word' id='word_1_429' title='bbox 2447 2788 2670 2858; x_wconf 80' lang='grc' dir='ltr'>κέρδους</span> <span class='ocrx_word' id='word_1_430' title='bbox 2691 2787 2770 2852; x_wconf 83' lang='grc' dir='ltr'><strong>δὲ,</strong></span> <span class='ocrx_word' id='word_1_431' title='bbox 2804 2789 2853 2840; x_wconf 81' lang='lat' dir='ltr'><strong>oi</strong></span> <span class='ocrx_word' id='word_1_432' title='bbox 2877 2788 3230 2865; x_wconf 69' lang='grc' dir='ltr'>φιλάργυροι.</span> 
     </span>
    </p>
   </div>
   <div class='ocr_carea' id='block_1_70' title="bbox 2395 2870 3847 2951">
    <p class='ocr_par' dir='ltr' id='par_1_70' title="bbox 2395 2870 3847 2951">
     <span class='ocr_line' id='line_1_70' title="bbox 2395 2870 3847 2951; baseline -0.001 -17"><span class='ocrx_word' id='word_1_433' title='bbox 2395 2882 2583 2949; x_wconf 73' lang='grc' dir='ltr'><strong>Σφαγή</strong></span> <span class='ocrx_word' id='word_1_434' title='bbox 2605 2882 2717 2933; x_wconf 80' lang='grc' dir='ltr'>ἐστι</span> <span class='ocrx_word' id='word_1_435' title='bbox 2740 2879 2833 2932; x_wconf 80' lang='grc' dir='ltr'><strong>τοῦ</strong></span> <span class='ocrx_word' id='word_1_436' title='bbox 2861 2879 3192 2950; x_wconf 78' lang='grc' dir='ltr'>φιλαργύρου</span> <span class='ocrx_word' id='word_1_437' title='bbox 3257 2879 3351 2933; x_wconf 79' lang='grc' dir='ltr'><strong>τοῦ</strong></span> <span class='ocrx_word' id='word_1_438' title='bbox 3373 2880 3653 2951; x_wconf 79' lang='grc' dir='ltr'>χρήματος</span> <span class='ocrx_word' id='word_1_439' title='bbox 3675 2882 3707 2950; x_wconf 74' lang='grc' dir='ltr'><strong>ἡ</strong></span> <span class='ocrx_word' id='word_1_440' title='bbox 3739 2870 3847 2949; x_wconf 66' lang='grc' dir='ltr'>πρὸς</span> 
     </span>
    </p>
   </div>
   <div class='ocr_carea' id='block_1_71' title="bbox 2323 2969 3844 3041">
    <p class='ocr_par' dir='ltr' id='par_1_71' title="bbox 2323 2969 3844 3041">
     <span class='ocr_line' id='line_1_71' title="bbox 2323 2969 3844 3041; baseline -0.001 -19"><span class='ocrx_word' id='word_1_441' title='bbox 2323 2971 2383 3022; x_wconf 75' lang='grc' dir='ltr'>τὸ</span> <span class='ocrx_word' id='word_1_442' title='bbox 2402 2971 2591 3040; x_wconf 81' lang='grc' dir='ltr'>κέρδος</span> <span class='ocrx_word' id='word_1_443' title='bbox 2628 2970 2914 3038; x_wconf 75' lang='grc' dir='ltr'>ἐπιθυμίαο</span> <span class='ocrx_word' id='word_1_444' title='bbox 2940 2970 3060 3022; x_wconf 85' lang='grc' dir='ltr'>ὅθεν</span> <span class='ocrx_word' id='word_1_445' title='bbox 3092 2971 3125 3038; x_wconf 82' lang='grc' dir='ltr'>ἡ</span> <span class='ocrx_word' id='word_1_446' title='bbox 3154 2969 3249 3022; x_wconf 90' lang='grc' dir='ltr'><strong>τοῦ</strong></span> <span class='ocrx_word' id='word_1_447' title='bbox 3275 2970 3557 3039; x_wconf 78' lang='grc' dir='ltr'>χρήματος</span> <span class='ocrx_word' id='word_1_448' title='bbox 3578 2970 3844 3041; x_wconf 73' lang='grc' dir='ltr'>ἀφαίρεσις,</span> 
     </span>
    </p>
   </div>
   <div class='ocr_carea' id='block_1_72' title="bbox 2323 3050 3704 3129">
    <p class='ocr_par' dir='ltr' id='par_1_72' title="bbox 2323 3050 3704 3129">
     <span class='ocr_line' id='line_1_72' title="bbox 2323 3050 3704 3129; baseline -0.001 -16"><span class='ocrx_word' id='word_1_449' title='bbox 2323 3061 2510 3127; x_wconf 81' lang='grc' dir='ltr'>ὥσπερ</span> <span class='ocrx_word' id='word_1_450' title='bbox 2548 3060 2798 3127; x_wconf 80' lang='grc' dir='ltr'>αἵματος,</span> <span class='ocrx_word' id='word_1_451' title='bbox 2855 3058 3106 3129; x_wconf 74' lang='grc' dir='ltr'>ἐπιφέρει</span> <span class='ocrx_word' id='word_1_452' title='bbox 3148 3057 3241 3109; x_wconf 72' lang='grc' dir='ltr'><strong>τὸν</strong></span> <span class='ocrx_word' id='word_1_453' title='bbox 3284 3050 3515 3111; x_wconf 77' lang='grc' dir='ltr'>θάνατον</span> <span class='ocrx_word' id='word_1_454' title='bbox 3542 3058 3704 3126; x_wconf 79' lang='grc' dir='ltr'>αὐτῷ.</span> 
     </span>
    </p>
   </div>
   <div class='ocr_carea' id='block_1_73' title="bbox 2405 3144 3847 3217">
    <p class='ocr_par' dir='ltr' id='par_1_73' title="bbox 2405 3144 3847 3217">
     <span class='ocr_line' id='line_1_73' title="bbox 2405 3144 3847 3217; baseline -0.004 -16"><span class='ocrx_word' id='word_1_455' title='bbox 2405 3144 2813 3217; x_wconf 67' lang='grc' dir='ltr'>Ἐτοιμάζονταί</span> <span class='ocrx_word' id='word_1_456' title='bbox 2858 3162 2999 3208; x_wconf 84' lang='grc' dir='ltr'>τινες</span> <span class='ocrx_word' id='word_1_457' title='bbox 3052 3146 3139 3198; x_wconf 80' lang='grc' dir='ltr'>διὰ</span> <span class='ocrx_word' id='word_1_458' title='bbox 3186 3145 3306 3198; x_wconf 58' lang='grc' dir='ltr'>τοῦ.</span> <span class='ocrx_word' id='word_1_459' title='bbox 3330 3147 3444 3216; x_wconf 84' lang='grc' dir='ltr'>βίου</span> <span class='ocrx_word' id='word_1_460' title='bbox 3495 3147 3567 3200; x_wconf 82' lang='grc' dir='ltr'>τὰ</span> <span class='ocrx_word' id='word_1_461' title='bbox 3612 3148 3737 3217; x_wconf 66' lang='grc' dir='ltr'>πρὸς</span> <span class='ocrx_word' id='word_1_462' title='bbox 3775 3144 3847 3197; x_wconf 74' lang='grc' dir='ltr'><strong>τὸν</strong></span> 
     </span>
    </p>
   </div>
   <div class='ocr_carea' id='block_1_74' title="bbox 2327 3235 3367 3308">
    <p class='ocr_par' dir='ltr' id='par_1_74' title="bbox 2327 3235 3367 3308">
     <span class='ocr_line' id='line_1_74' title="bbox 2327 3235 3367 3308; baseline -0.001 -18"><span class='ocrx_word' id='word_1_463' title='bbox 2327 3238 2459 3308; x_wconf 86' lang='grc' dir='ltr'>βίον,</span> <span class='ocrx_word' id='word_1_464' title='bbox 2496 3238 2572 3299; x_wconf 80' lang='grc' dir='ltr'>ὡς</span> <span class='ocrx_word' id='word_1_465' title='bbox 2604 3235 2925 3305; x_wconf 84' lang='grc' dir='ltr'>βιωσόμενοι</span> <span class='ocrx_word' id='word_1_466' title='bbox 2959 3235 3097 3303; x_wconf 77' lang='grc' dir='ltr'>μετὰ</span> <span class='ocrx_word' id='word_1_467' title='bbox 3121 3241 3210 3288; x_wconf 81' lang='grc' dir='ltr'>τὸν</span> <span class='ocrx_word' id='word_1_468' title='bbox 3235 3235 3367 3305; x_wconf 81' lang='grc' dir='ltr'>βίον.</span> 
     </span>
    </p>
   </div>
   <div class='ocr_carea' id='block_1_75' title="bbox 2395 3314 3867 3398">
    <p class='ocr_par' dir='ltr' id='par_1_75' title="bbox 2395 3314 3867 3398">
     <span class='ocr_line' id='line_1_75' title="bbox 2395 3314 3867 3398; baseline -0.003 -19"><span class='ocrx_word' id='word_1_469' title='bbox 2395 3327 2535 3388; x_wconf 80' lang='grc' dir='ltr'>Τοὺς</span> <span class='ocrx_word' id='word_1_470' title='bbox 2586 3326 2871 3388; x_wconf 81' lang='grc' dir='ltr'>πλουσίους</span> <span class='ocrx_word' id='word_1_471' title='bbox 2921 3324 2980 3378; x_wconf 85' lang='grc' dir='ltr'>δὲ</span> <span class='ocrx_word' id='word_1_472' title='bbox 3038 3326 3133 3380; x_wconf 80' lang='grc' dir='ltr'>καὶ</span> <span class='ocrx_word' id='word_1_473' title='bbox 3189 3326 3519 3395; x_wconf 75' lang='grc' dir='ltr'>ἀπλήστους</span> <span class='ocrx_word' id='word_1_474' title='bbox 3544 3314 3867 3398; x_wconf 46' lang='grc' dir='ltr'>ύδρωπιῶσιῖ</span> 
     </span>
    </p>
   </div>
   <div class='ocr_carea' id='block_1_76' title="bbox 2325 3416 3850 3489">
    <p class='ocr_par' dir='ltr' id='par_1_76' title="bbox 2325 3416 3850 3489">
     <span class='ocr_line' id='line_1_76' title="bbox 2325 3416 3850 3489; baseline 0 -19"><span class='ocrx_word' id='word_1_475' title='bbox 2325 3418 2558 3489; x_wconf 76' lang='grc' dir='ltr'>ἑοικέναι</span> <span class='ocrx_word' id='word_1_476' title='bbox 2602 3416 2828 3483; x_wconf 73' lang='grc' dir='ltr'>ἐλεγενο</span> <span class='ocrx_word' id='word_1_477' title='bbox 2885 3419 2934 3469; x_wconf 84' lang='lat' dir='ltr'><strong>oi</strong></span> <span class='ocrx_word' id='word_1_478' title='bbox 2984 3418 3083 3486; x_wconf 82' lang='grc' dir='ltr'>μὲν</span> <span class='ocrx_word' id='word_1_479' title='bbox 3127 3418 3235 3488; x_wconf 80' lang='grc' dir='ltr'>γὰρ</span> <span class='ocrx_word' id='word_1_480' title='bbox 3275 3418 3649 3489; x_wconf 75' lang='grc' dir='ltr'>πεπλησμένοι</span> <span class='ocrx_word' id='word_1_481' title='bbox 3679 3416 3850 3470; x_wconf 75' lang='grc' dir='ltr'>ὑδάτων</span> 
     </span>
    </p>
   </div>
   <div class='ocr_carea' id='block_1_77' title="bbox 2325 3492 3411 3575">
    <p class='ocr_par' dir='ltr' id='par_1_77' title="bbox 2325 3492 3411 3575">
     <span class='ocr_line' id='line_1_77' title="bbox 2325 3492 3411 3575; baseline 0 -17"><span class='ocrx_word' id='word_1_482' title='bbox 2325 3499 2571 3574; x_wconf 63' lang='grc' dir='ltr'>διψῶσιν,</span> <span class='ocrx_word' id='word_1_483' title='bbox 2601 3507 2651 3557; x_wconf 83' lang='lat' dir='ltr'><strong>oi</strong></span> <span class='ocrx_word' id='word_1_484' title='bbox 2676 3505 2732 3558; x_wconf 83' lang='grc' dir='ltr'>δὲ</span> <span class='ocrx_word' id='word_1_485' title='bbox 2762 3505 3082 3575; x_wconf 82' lang='grc' dir='ltr'>χρημάτων.</span> <span class='ocrx_word' id='word_1_486' title='bbox 3401 3492 3411 3499; x_wconf 63' lang='grc'><strong>’</strong></span> 
     </span>
    </p>
   </div>
   <div class='ocr_carea' id='block_1_78' title="bbox 2398 3588 3850 3664">
    <p class='ocr_par' dir='ltr' id='par_1_78' title="bbox 2398 3588 3850 3664">
     <span class='ocr_line' id='line_1_78' title="bbox 2398 3588 3850 3664; baseline -0.006 -14"><span class='ocrx_word' id='word_1_487' title='bbox 2398 3596 2534 3650; x_wconf 86' lang='grc' dir='ltr'>Οῦτε</span> <span class='ocrx_word' id='word_1_488' title='bbox 2586 3596 2751 3658; x_wconf 77' lang='grc' dir='ltr'>ἵππος</span> <span class='ocrx_word' id='word_1_489' title='bbox 2787 3594 3014 3664; x_wconf 76' lang='grc' dir='ltr'>εὐγενὴς</span> <span class='ocrx_word' id='word_1_490' title='bbox 3054 3593 3277 3664; x_wconf 82' lang='grc' dir='ltr'>κρίνοιτ’</span> <span class='ocrx_word' id='word_1_491' title='bbox 3298 3594 3363 3646; x_wconf 78' lang='grc' dir='ltr'>ἂν</span> <span class='ocrx_word' id='word_1_492' title='bbox 3392 3593 3656 3661; x_wconf 83' lang='grc' dir='ltr'>πολυτελῆ</span> <span class='ocrx_word' id='word_1_493' title='bbox 3684 3588 3850 3657; x_wconf 76' lang='grc' dir='ltr'>σκευὴν</span> 
     </span>
    </p>
   </div>
   <div class='ocr_carea' id='block_1_79' title="bbox 2327 3682 3851 3757">
    <p class='ocr_par' dir='ltr' id='par_1_79' title="bbox 2327 3682 3851 3757">
     <span class='ocr_line' id='line_1_79' title="bbox 2327 3682 3851 3757; baseline -0.004 -17"><span class='ocrx_word' id='word_1_494' title='bbox 2327 3687 2484 3757; x_wconf 71' lang='grc' dir='ltr'>ἔχων·</span> <span class='ocrx_word' id='word_1_495' title='bbox 2517 3686 2632 3739; x_wconf 77' lang='grc' dir='ltr'>ἀλλ’</span> <span class='ocrx_word' id='word_1_496' title='bbox 2649 3689 2678 3739; x_wconf 87' lang='grc' dir='ltr'>ὁ</span> <span class='ocrx_word' id='word_1_497' title='bbox 2701 3688 2767 3756; x_wconf 82' lang='grc' dir='ltr'>τῇ</span> <span class='ocrx_word' id='word_1_498' title='bbox 2796 3684 2956 3752; x_wconf 81' lang='grc' dir='ltr'>φύσει</span> <span class='ocrx_word' id='word_1_499' title='bbox 2979 3683 3248 3752; x_wconf 82' lang='grc' dir='ltr'>λαμπρός·</span> <span class='ocrx_word' id='word_1_500' title='bbox 3282 3682 3409 3735; x_wconf 84' lang='grc' dir='ltr'>οῦτε</span> <span class='ocrx_word' id='word_1_501' title='bbox 3437 3682 3577 3752; x_wconf 81' lang='grc' dir='ltr'>ἀνὴρ</span> <span class='ocrx_word' id='word_1_502' title='bbox 3605 3682 3851 3741; x_wconf 73' lang='grc' dir='ltr'>σπουδαῖος</span> 
     </span>
    </p>
   </div>
   <div class='ocr_carea' id='block_1_80' title="bbox 2325 3771 3852 3847">
    <p class='ocr_par' dir='ltr' id='par_1_80' title="bbox 2325 3771 3852 3847">
     <span class='ocr_line' id='line_1_80' title="bbox 2325 3771 3852 3847; baseline -0.009 -13"><span class='ocrx_word' id='word_1_503' title='bbox 2325 3781 2355 3834; x_wconf 84' lang='grc' dir='ltr'><strong>ὀ</strong></span> <span class='ocrx_word' id='word_1_504' title='bbox 2388 3779 2681 3847; x_wconf 81' lang='grc' dir='ltr'>πολύτιμον</span> <span class='ocrx_word' id='word_1_505' title='bbox 2727 3775 2917 3829; x_wconf 83' lang='grc' dir='ltr'>οὐσίαν</span> <span class='ocrx_word' id='word_1_506' title='bbox 2962 3773 3331 3844; x_wconf 69' lang='grc' dir='ltr'>κεκτημένος,</span> <span class='ocrx_word' id='word_1_507' title='bbox 3386 3773 3506 3827; x_wconf 80' lang='grc' dir='ltr'>ἀλλ’</span> <span class='ocrx_word' id='word_1_508' title='bbox 3529 3777 3559 3828; x_wconf 81' lang='grc' dir='ltr'><strong>ὁ</strong></span> <span class='ocrx_word' id='word_1_509' title='bbox 3588 3776 3683 3846; x_wconf 80' lang='grc' dir='ltr'>τὴν</span> <span class='ocrx_word' id='word_1_510' title='bbox 3706 3771 3852 3842; x_wconf 75' lang='grc' dir='ltr'>ψυχὴν</span> 
     </span>
    </p>
   </div>
   <div class='ocr_carea' id='block_1_81' title="bbox 2327 3870 3355 3937">
    <p class='ocr_par' dir='ltr' id='par_1_81' title="bbox 2327 3870 3355 3937">
     <span class='ocr_line' id='line_1_81' title="bbox 2327 3870 3355 3937; baseline 0 -14"><span class='ocrx_word' id='word_1_511' title='bbox 2327 3871 2589 3937; x_wconf 81' lang='grc' dir='ltr'>γενναῖος.</span> <span class='ocrx_word' id='word_1_512' title='bbox 3344 3870 3355 3877; x_wconf 75' lang='grc'><em>’</em></span> 
     </span>
    </p>
   </div>
   <div class='ocr_carea' id='block_1_82' title="bbox 2395 4038 3851 4110">
    <p class='ocr_par' dir='ltr' id='par_1_82' title="bbox 2395 4038 3851 4110">
     <span class='ocr_line' id='line_1_82' title="bbox 2395 4038 3851 4110; baseline 0.001 -14"><span class='ocrx_word' id='word_1_513' title='bbox 2395 4041 2742 4110; x_wconf 81' lang='grc' dir='ltr'>Καταφρὸνει</span> <span class='ocrx_word' id='word_1_514' title='bbox 2782 4039 2892 4095; x_wconf 83' lang='grc' dir='ltr'><strong>τῶν</strong></span> <span class='ocrx_word' id='word_1_515' title='bbox 2930 4038 3058 4110; x_wconf 70' lang='grc' dir='ltr'>περὶ</span> <span class='ocrx_word' id='word_1_516' title='bbox 3083 4041 3176 4094; x_wconf 80' lang='grc' dir='ltr'><strong>τὸν</strong></span> <span class='ocrx_word' id='word_1_517' title='bbox 3200 4039 3428 4095; x_wconf 86' lang='grc' dir='ltr'>πλοῦτον</span> <span class='ocrx_word' id='word_1_518' title='bbox 3458 4040 3851 4104; x_wconf 76' lang='grc' dir='ltr'>σπουδαζόντων.</span> 
     </span>
    </p>
   </div>
   <div class='ocr_carea' id='block_1_83' title="bbox 2327 4128 3855 4201">
    <p class='ocr_par' dir='ltr' id='par_1_83' title="bbox 2327 4128 3855 4201">
     <span class='ocr_line' id='line_1_83' title="bbox 2327 4128 3855 4201; baseline -0.003 -19"><span class='ocrx_word' id='word_1_519' title='bbox 2327 4131 2564 4201; x_wconf 78' lang='grc' dir='ltr'>χρῆσθαι</span> <span class='ocrx_word' id='word_1_520' title='bbox 2587 4130 2643 4183; x_wconf 82' lang='grc' dir='ltr'>δὲ</span> <span class='ocrx_word' id='word_1_521' title='bbox 2674 4132 2786 4194; x_wconf 82' lang='grc' dir='ltr'>τοῖς</span> <span class='ocrx_word' id='word_1_522' title='bbox 2808 4130 3111 4201; x_wconf 80' lang='grc' dir='ltr'>ὑπάρχουσι</span> <span class='ocrx_word' id='word_1_523' title='bbox 3142 4130 3216 4199; x_wconf 83' lang='grc' dir='ltr'>μὴ</span> <span class='ocrx_word' id='word_1_524' title='bbox 3238 4129 3571 4200; x_wconf 82' lang='grc' dir='ltr'>δυναμένων.</span> <span class='ocrx_word' id='word_1_525' title='bbox 3601 4128 3855 4199; x_wconf 73' lang='grc' dir='ltr'>Παραπλήι</span> 
     </span>
    </p>
   </div>
   <div class='ocr_carea' id='block_1_84' title="bbox 2328 4217 3853 4291">
    <p class='ocr_par' dir='ltr' id='par_1_84' title="bbox 2328 4217 3853 4291">
     <span class='ocr_line' id='line_1_84' title="bbox 2328 4217 3853 4291; baseline -0.005 -18"><span class='ocrx_word' id='word_1_526' title='bbox 2328 4238 2443 4273; x_wconf 92' lang='grc' dir='ltr'>σιον</span> <span class='ocrx_word' id='word_1_527' title='bbox 2471 4220 2580 4291; x_wconf 84' lang='grc' dir='ltr'><strong>γὰρ</strong></span> <span class='ocrx_word' id='word_1_528' title='bbox 2610 4221 2658 4274; x_wconf 85' lang='lat' dir='ltr'><strong>ol</strong></span> <span class='ocrx_word' id='word_1_529' title='bbox 2686 4220 2917 4275; x_wconf 71' lang='grc' dir='ltr'>τοιοῦτοι</span> <span class='ocrx_word' id='word_1_530' title='bbox 2942 4221 3260 4291; x_wconf 78' lang='grc' dir='ltr'>πάσχουσιν,</span> <span class='ocrx_word' id='word_1_531' title='bbox 3292 4220 3484 4288; x_wconf 80' lang='grc' dir='ltr'>ὥσπερ</span> <span class='ocrx_word' id='word_1_532' title='bbox 3515 4220 3582 4273; x_wconf 79' lang='grc' dir='ltr'>ἂν</span> <span class='ocrx_word' id='word_1_533' title='bbox 3614 4221 3666 4272; x_wconf 80' lang='grc' dir='ltr'><strong>εί</strong></span> <span class='ocrx_word' id='word_1_534' title='bbox 3686 4236 3760 4279; x_wconf 78' lang='grc' dir='ltr'><strong>τις</strong></span> <span class='ocrx_word' id='word_1_535' title='bbox 3780 4217 3853 4267; x_wconf 66' lang='grc' dir='ltr'><strong>τις</strong></span> 
     </span>
    </p>
   </div>
   <div class='ocr_carea' id='block_1_85' title="bbox 2328 4302 3851 4383">
    <p class='ocr_par' dir='ltr' id='par_1_85' title="bbox 2328 4302 3851 4383">
     <span class='ocr_line' id='line_1_85' title="bbox 2328 4302 3851 4383; baseline -0.003 -15"><span class='ocrx_word' id='word_1_536' title='bbox 2328 4329 2431 4368; x_wconf 86' lang='grc' dir='ltr'><strong>πον</strong></span> <span class='ocrx_word' id='word_1_537' title='bbox 2471 4312 2735 4383; x_wconf 88' lang='grc' dir='ltr'>κτήσαιτο</span> <span class='ocrx_word' id='word_1_538' title='bbox 2765 4311 2957 4376; x_wconf 76' lang='grc' dir='ltr'>καλὸν,</span> <span class='ocrx_word' id='word_1_539' title='bbox 3010 4310 3194 4372; x_wconf 86' lang='grc' dir='ltr'>κακῶς</span> <span class='ocrx_word' id='word_1_540' title='bbox 3217 4302 3478 4362; x_wconf 62' lang='grc' dir='ltr'>ἱππεύειν</span> <span class='ocrx_word' id='word_1_541' title='bbox 3507 4307 3851 4376; x_wconf 73' lang='grc' dir='ltr'>ἐπιστάμενος·</span> 
     </span>
    </p>
   </div>
   <div class='ocr_carea' id='block_1_86' title="bbox 2395 4395 3854 4473">
    <p class='ocr_par' dir='ltr' id='par_1_86' title="bbox 2395 4395 3854 4473">
     <span class='ocr_line' id='line_1_86' title="bbox 2395 4395 3854 4473; baseline -0.005 -18"><span class='ocrx_word' id='word_1_542' title='bbox 2395 4401 2820 4472; x_wconf 82' lang='grc' dir='ltr'>Μεγαλόφρονας</span> <span class='ocrx_word' id='word_1_543' title='bbox 2844 4401 3033 4471; x_wconf 81' lang='grc' dir='ltr'>νόμιζε</span> <span class='ocrx_word' id='word_1_544' title='bbox 3052 4441 3069 4467; x_wconf 82' lang='grc'><em>,</em></span> <span class='ocrx_word' id='word_1_545' title='bbox 3126 4402 3203 4473; x_wconf 80' lang='grc' dir='ltr'>μὴ</span> <span class='ocrx_word' id='word_1_546' title='bbox 3226 4401 3353 4463; x_wconf 76' lang='grc' dir='ltr'>τοὺς</span> <span class='ocrx_word' id='word_1_547' title='bbox 3380 4401 3603 4471; x_wconf 72' lang='grc' dir='ltr'>μείζονα</span> <span class='ocrx_word' id='word_1_548' title='bbox 3630 4395 3854 4467; x_wconf 73' lang='grc' dir='ltr'>περισαλ-</span> 
     </span>
    </p>
   </div>
   <div class='ocr_carea' id='block_1_87' title="bbox 662 4485 2226 4569">
    <p class='ocr_par' dir='ltr' id='par_1_87' title="bbox 662 4494 2221 4566">
     <span class='ocr_line' id='line_1_87' title="bbox 662 4494 2221 4566; baseline 0.006 -22"><span class='ocrx_word' id='word_1_549' title='bbox 662 4498 1134 4557; x_wconf 70' lang='lat' dir='ltr'><strong>usumuntquam</strong></span> <span class='ocrx_word' id='word_1_550' title='bbox 1172 4494 1381 4559; x_wconf 83' lang='lat' dir='ltr'><strong>possint</strong></span> <span class='ocrx_word' id='word_1_551' title='bbox 1404 4495 1681 4549; x_wconf 89' lang='lat' dir='ltr'><strong>retinere:</strong></span> <span class='ocrx_word' id='word_1_552' title='bbox 1708 4494 1804 4548; x_wconf 90' lang='lat' dir='ltr'><strong>sed</strong></span> <span class='ocrx_word' id='word_1_553' title='bbox 1829 4510 1944 4559; x_wconf 89' lang='lat' dir='ltr'><strong>eos,</strong></span> <span class='ocrx_word' id='word_1_554' title='bbox 1984 4498 2080 4566; x_wconf 90' lang='lat' dir='ltr'><strong>qui</strong></span> <span class='ocrx_word' id='word_1_555' title='bbox 2104 4500 2221 4553; x_wconf 86' lang='lat' dir='ltr'><strong>me-</strong></span> 
     </span>
    </p>
   </div>
   <div class='ocr_carea' id='block_1_88' title="bbox 2333 4485 3855 4569">
    <p class='ocr_par' dir='ltr' id='par_1_88' title="bbox 2333 4485 3855 4569">
     <span class='ocr_line' id='line_1_88' title="bbox 2333 4485 3855 4569; baseline -0.006 -22"><span class='ocrx_word' id='word_1_556' title='bbox 2333 4493 2616 4564; x_wconf 82' lang='grc' dir='ltr'>λομένους,</span> <span class='ocrx_word' id='word_1_557' title='bbox 2674 4487 2749 4547; x_wconf 79' lang='grc' dir='ltr'>ὧν</span> <span class='ocrx_word' id='word_1_558' title='bbox 2796 4489 2899 4545; x_wconf 82' lang='grc' dir='ltr'>οἷοί</span> <span class='ocrx_word' id='word_1_559' title='bbox 2945 4492 3017 4569; x_wconf 75' lang='grc' dir='ltr'><strong>τιξΔ</strong></span> <span class='ocrx_word' id='word_1_560' title='bbox 3057 4492 3164 4549; x_wconf 82' lang='grc' dir='ltr'>είσι</span> <span class='ocrx_word' id='word_1_561' title='bbox 3207 4493 3499 4560; x_wconf 81' lang='grc' dir='ltr'>κατασχεῖν</span> <span class='ocrx_word' id='word_1_562' title='bbox 3522 4527 3538 4551; x_wconf 85' lang='grc'><em>,</em></span> <span class='ocrx_word' id='word_1_563' title='bbox 3593 4486 3725 4542; x_wconf 72' lang='grc' dir='ltr'>ἀλλὰ</span> <span class='ocrx_word' id='word_1_564' title='bbox 3752 4485 3855 4546; x_wconf 70' lang='grc' dir='ltr'>τοὺς</span> 
     </span>
    </p>
   </div>
   <div class='ocr_carea' id='block_1_89' title="bbox 662 4580 2216 4659">
    <p class='ocr_par' dir='ltr' id='par_1_89' title="bbox 662 4580 2216 4659">
     <span class='ocr_line' id='line_1_89' title="bbox 662 4580 2216 4659; baseline 0.006 -25"><span class='ocrx_word' id='word_1_565' title='bbox 662 4580 1014 4637; x_wconf 81' lang='lat' dir='ltr'><strong>diocritatem</strong></span> <span class='ocrx_word' id='word_1_566' title='bbox 1050 4593 1369 4652; x_wconf 86' lang='lat' dir='ltr'><strong>sequentes,</strong></span> <span class='ocrx_word' id='word_1_567' title='bbox 1400 4600 1465 4639; x_wconf 88' lang='lat' dir='ltr'><strong>ea</strong></span> <span class='ocrx_word' id='word_1_568' title='bbox 1511 4600 1634 4654; x_wconf 67' lang='lat' dir='ltr'><strong>quae</strong></span> <span class='ocrx_word' id='word_1_569' title='bbox 1665 4580 2026 4641; x_wconf 88' lang='lat' dir='ltr'><strong>instituerunt</strong></span> <span class='ocrx_word' id='word_1_570' title='bbox 2054 4589 2216 4659; x_wconf 83' lang='lat' dir='ltr'><strong>perli-</strong></span> 
     </span>
    </p>
   </div>
   <div class='ocr_carea' id='block_1_90' title="bbox 661 4679 1061 4738">
    <p class='ocr_par' dir='ltr' id='par_1_90' title="bbox 661 4679 1061 4738">
     <span class='ocr_line' id='line_1_90' title="bbox 661 4679 1061 4738; baseline 0 -15"><span class='ocrx_word' id='word_1_571' title='bbox 661 4685 788 4723; x_wconf 88' lang='lat' dir='ltr'><strong>cere</strong></span> <span class='ocrx_word' id='word_1_572' title='bbox 812 4679 1061 4738; x_wconf 77' lang='lat' dir='ltr'><strong>possunt.</strong></span> 
     </span>
    </p>
   </div>
   <div class='ocr_carea' id='block_1_91' title="bbox 727 4760 2273 4849">
    <p class='ocr_par' dir='ltr' id='par_1_91' title="bbox 727 4760 2273 4849">
     <span class='ocr_line' id='line_1_91' title="bbox 727 4760 2273 4849; baseline 0.007 -39"><span class='ocrx_word' id='word_1_573' title='bbox 727 4760 997 4814; x_wconf 76' lang='lat' dir='ltr'><strong>Aristotei.</strong></span> <span class='ocrx_word' id='word_1_574' title='bbox 1021 4761 1409 4832; x_wconf 86' lang='lat' dir='ltr'><strong>—Paupertas</strong></span> <span class='ocrx_word' id='word_1_575' title='bbox 1454 4764 1644 4819; x_wconf 89' lang='lat' dir='ltr'><strong>multis</strong></span> <span class='ocrx_word' id='word_1_576' title='bbox 1674 4772 1799 4849; x_wconf 79' lang='lat' dir='ltr'><strong>eget</strong></span> <span class='ocrx_word' id='word_1_577' title='bbox 1828 4782 1843 4831; x_wconf 94' lang='lat'><strong>;</strong></span> <span class='ocrx_word' id='word_1_578' title='bbox 1899 4765 2229 4821; x_wconf 89' lang='lat' dir='ltr'><strong>insatiabilis</strong></span> <span class='ocrx_word' id='word_1_579' title='bbox 2264 4787 2273 4794; x_wconf 93' lang='grc'><strong>·</strong></span> 
     </span>
    </p>
   </div>
   <div class='ocr_carea' id='block_1_92' title="bbox 622 4847 1260 4918">
    <p class='ocr_par' dir='ltr' id='par_1_92' title="bbox 622 4847 1260 4918">
     <span class='ocr_line' id='line_1_92' title="bbox 622 4847 1260 4918; baseline 0.011 -19"><span class='ocrx_word' id='word_1_580' title='bbox 622 4860 629 4867; x_wconf 89' lang='grc'><strong>·</strong></span> <span class='ocrx_word' id='word_1_581' title='bbox 662 4847 960 4918; x_wconf 73' lang='lat' dir='ltr'><strong>cupiditas,</strong></span> <span class='ocrx_word' id='word_1_582' title='bbox 983 4851 1260 4906; x_wconf 87' lang='lat' dir='ltr'><strong>omnibus.</strong></span> 
     </span>
    </p>
   </div>
   <div class='ocr_carea' id='block_1_93' title="bbox 734 4939 2227 5015">
    <p class='ocr_par' dir='ltr' id='par_1_93' title="bbox 734 4939 2227 5015">
     <span class='ocr_line' id='line_1_93' title="bbox 734 4939 2227 5015; baseline 0.005 -23"><span class='ocrx_word' id='word_1_583' title='bbox 734 4939 1017 4995; x_wconf 85' lang='lat' dir='ltr'><strong>Neminem</strong></span> <span class='ocrx_word' id='word_1_584' title='bbox 1043 4959 1283 5012; x_wconf 87' lang='lat' dir='ltr'><strong>unquam</strong></span> <span class='ocrx_word' id='word_1_585' title='bbox 1311 4945 1384 4999; x_wconf 89' lang='lat' dir='ltr'><strong>ob</strong></span> <span class='ocrx_word' id='word_1_586' title='bbox 1407 4944 1628 4999; x_wconf 69' lang='lat' dir='ltr'><strong>divitias</strong></span> <span class='ocrx_word' id='word_1_587' title='bbox 1653 4954 1710 5000; x_wconf 86' lang='lat' dir='ltr'><strong>et</strong></span> <span class='ocrx_word' id='word_1_588' title='bbox 1748 4946 1980 5015; x_wconf 72' lang='lat' dir='ltr'><strong>gloriam</strong></span> <span class='ocrx_word' id='word_1_589' title='bbox 2003 4946 2227 5001; x_wconf 84' lang='lat' dir='ltr'><strong>beatum</strong></span> 
     </span>
    </p>
   </div>
   <div class='ocr_carea' id='block_1_94' title="bbox 2330 4576 3852 4655">
    <p class='ocr_par' dir='ltr' id='par_1_94' title="bbox 2330 4576 3852 4655">
     <span class='ocr_line' id='line_1_94' title="bbox 2330 4576 3852 4655; baseline -0.006 -19"><span class='ocrx_word' id='word_1_590' title='bbox 2330 4582 2566 4655; x_wconf 85' lang='grc' dir='ltr'>μετρίων</span> <span class='ocrx_word' id='word_1_591' title='bbox 2595 4582 2692 4652; x_wconf 83' lang='grc' dir='ltr'>μὲν</span> <span class='ocrx_word' id='word_1_592' title='bbox 2720 4581 3062 4652; x_wconf 71' lang='grc' dir='ltr'>ἐφιεμένους,</span> <span class='ocrx_word' id='word_1_593' title='bbox 3098 4578 3427 4651; x_wconf 75' lang='grc' dir='ltr'>ἐργάζεσθαι</span> <span class='ocrx_word' id='word_1_594' title='bbox 3450 4578 3508 4631; x_wconf 70' lang='grc' dir='ltr'>δὲ</span> <span class='ocrx_word' id='word_1_595' title='bbox 3535 4576 3852 4647; x_wconf 73' lang='grc' dir='ltr'>δυναμένους.</span> 
     </span>
    </p>
   </div>
   <div class='ocr_carea' id='block_1_95' title="bbox 2325 4666 3490 4745">
    <p class='ocr_par' dir='ltr' id='par_1_95' title="bbox 2325 4666 3490 4745">
     <span class='ocr_line' id='line_1_95' title="bbox 2325 4666 3490 4745; baseline 0 -18"><span class='ocrx_word' id='word_1_596' title='bbox 2325 4668 2410 4737; x_wconf 75' lang='grc' dir='ltr'>οἷς</span> <span class='ocrx_word' id='word_1_597' title='bbox 2442 4670 2874 4745; x_wconf 67' lang='grc' dir='ltr'>ἂνςὲπιχειρῶσι.</span> <span class='ocrx_word' id='word_1_598' title='bbox 3359 4695 3369 4737; x_wconf 74' lang='grc' dir='ltr'><em>ζ</em></span> <span class='ocrx_word' id='word_1_599' title='bbox 3414 4666 3418 4669; x_wconf 37' lang='grc'>⁷</span> <span class='ocrx_word' id='word_1_600' title='bbox 3486 4686 3490 4688; x_wconf 69' lang='lat'><strong><em>‘</em></strong></span> 
     </span>
    </p>
   </div>
   <div class='ocr_carea' id='block_1_96' title="bbox 2410 4754 3851 4831">
    <p class='ocr_par' dir='ltr' id='par_1_96' title="bbox 2410 4754 3851 4831">
     <span class='ocr_line' id='line_1_96' title="bbox 2410 4754 3851 4831; baseline 0.022 -47"><span class='ocrx_word' id='word_1_601' title='bbox 2410 4762 2773 4831; x_wconf 49' lang='grc' dir='ltr'><strong>,Αριστοτέλο</strong></span> <span class='ocrx_word' id='word_1_602' title='bbox 2817 4790 2887 4801; x_wconf 89' lang='lat'><em>_</em></span> <span class='ocrx_word' id='word_1_603' title='bbox 2926 4761 2990 4813; x_wconf 84' lang='grc' dir='ltr'><strong>Ἦ</strong></span> <span class='ocrx_word' id='word_1_604' title='bbox 3022 4758 3191 4811; x_wconf 79' lang='grc' dir='ltr'>,πενία</span> <span class='ocrx_word' id='word_1_605' title='bbox 3239 4755 3451 4809; x_wconf 77' lang='grc' dir='ltr'>πολλῶν</span> <span class='ocrx_word' id='word_1_606' title='bbox 3486 4758 3637 4811; x_wconf 70' lang='grc' dir='ltr'>ἐστιν</span> <span class='ocrx_word' id='word_1_607' title='bbox 3666 4754 3851 4825; x_wconf 70' lang='grc' dir='ltr'>ἔνδεὴς⁹</span> 
     </span>
    </p>
   </div>
   <div class='ocr_carea' id='block_1_97' title="bbox 2328 4840 3049 4925">
    <p class='ocr_par' dir='ltr' id='par_1_97' title="bbox 2328 4840 3049 4925">
     <span class='ocr_line' id='line_1_97' title="bbox 2328 4840 3049 4925; baseline -0.004 -19"><span class='ocrx_word' id='word_1_608' title='bbox 2328 4857 2363 4925; x_wconf 71' lang='grc' dir='ltr'><strong>ἡ</strong></span> <span class='ocrx_word' id='word_1_609' title='bbox 2394 4854 2451 4907; x_wconf 76' lang='grc' dir='ltr'>δὲ</span> <span class='ocrx_word' id='word_1_610' title='bbox 2486 4852 2778 4923; x_wconf 82' lang='grc' dir='ltr'>ἀπληστία,</span> <span class='ocrx_word' id='word_1_611' title='bbox 2809 4840 3049 4906; x_wconf 82' lang='grc' dir='ltr'>πάντων.</span> 
     </span>
    </p>
   </div>
   <div class='ocr_carea' id='block_1_98' title="bbox 2397 4935 3855 5013">
    <p class='ocr_par' dir='ltr' id='par_1_98' title="bbox 2397 4935 3855 5013">
     <span class='ocr_line' id='line_1_98' title="bbox 2397 4935 3855 5013; baseline -0.008 -17"><span class='ocrx_word' id='word_1_612' title='bbox 2397 4942 2682 5013; x_wconf 81' lang='grc' dir='ltr'>Μηδέποτε</span> <span class='ocrx_word' id='word_1_613' title='bbox 2719 4940 3061 5012; x_wconf 57' lang='grc' dir='ltr'>ιμακαρίσεις</span> <span class='ocrx_word' id='word_1_614' title='bbox 3103 4936 3389 5006; x_wconf 74' lang='grc' dir='ltr'>ἄνθρωπον</span> <span class='ocrx_word' id='word_1_615' title='bbox 3426 4937 3521 4991; x_wconf 70' lang='grc' dir='ltr'><strong>ἐπὶ</strong></span> <span class='ocrx_word' id='word_1_616' title='bbox 3548 4938 3757 5007; x_wconf 81' lang='grc' dir='ltr'>πλούτῳ</span> <span class='ocrx_word' id='word_1_617' title='bbox 3783 4935 3855 4988; x_wconf 72' lang='grc' dir='ltr'>καὶ</span> 
     </span>
    </p>
   </div>
   <div class='ocr_carea' id='block_1_99' title="bbox 618 5023 2226 5113">
    <p class='ocr_par' dir='ltr' id='par_1_99' title="bbox 618 5028 2226 5113">
     <span class='ocr_line' id='line_1_99' title="bbox 618 5028 2226 5113; baseline 0.006 -32"><span class='ocrx_word' id='word_1_618' title='bbox 618 5100 619 5103; x_wconf 14' lang='grc' dir='ltr'><strong>η</strong></span> <span class='ocrx_word' id='word_1_619' title='bbox 663 5028 909 5083; x_wconf 77' lang='lat' dir='ltr'><strong>dixeris:</strong></span> <span class='ocrx_word' id='word_1_620' title='bbox 950 5032 1219 5100; x_wconf 78' lang='lat' dir='ltr'><strong>ejusmodi</strong></span> <span class='ocrx_word' id='word_1_621' title='bbox 1251 5036 1399 5113; x_wconf 84' lang='lat' dir='ltr'><strong>enim</strong></span> <span class='ocrx_word' id='word_1_622' title='bbox 1428 5035 1613 5088; x_wconf 88' lang='lat' dir='ltr'><strong>omnia</strong></span> <span class='ocrx_word' id='word_1_623' title='bbox 1653 5035 1865 5089; x_wconf 90' lang='lat' dir='ltr'><strong>minora</strong></span> <span class='ocrx_word' id='word_1_624' title='bbox 1901 5043 2031 5090; x_wconf 90' lang='lat' dir='ltr'><strong>sunt</strong></span> <span class='ocrx_word' id='word_1_625' title='bbox 2062 5051 2226 5105; x_wconf 89' lang='lat' dir='ltr'><strong>quam</strong></span> 
     </span>
    </p>
   </div>
   <div class='ocr_carea' id='block_1_100' title="bbox 2333 5023 3854 5113">
    <p class='ocr_par' dir='ltr' id='par_1_100' title="bbox 2333 5023 3854 5101">
     <span class='ocr_line' id='line_1_100' title="bbox 2333 5023 3854 5101; baseline -0.006 -19"><span class='ocrx_word' id='word_1_626' title='bbox 2333 5030 2447 5101; x_wconf 66' lang='grc' dir='ltr'><strong>δόξῃ</strong></span> <span class='ocrx_word' id='word_1_627' title='bbox 2475 5046 2491 5061; x_wconf 78' lang='grc' dir='ltr'><strong>ο</strong></span> <span class='ocrx_word' id='word_1_628' title='bbox 2548 5032 2725 5083; x_wconf 85' lang='grc' dir='ltr'>πάντα</span> <span class='ocrx_word' id='word_1_629' title='bbox 2766 5030 2873 5098; x_wconf 78' lang='grc' dir='ltr'>γὰρ</span> <span class='ocrx_word' id='word_1_630' title='bbox 2918 5026 2983 5079; x_wconf 83' lang='grc' dir='ltr'>τὰ</span> <span class='ocrx_word' id='word_1_631' title='bbox 3015 5023 3237 5079; x_wconf 77' lang='grc' dir='ltr'>τοιαῦτα</span> <span class='ocrx_word' id='word_1_632' title='bbox 3263 5024 3372 5077; x_wconf 83' lang='grc' dir='ltr'><strong>τῶν</strong></span> <span class='ocrx_word' id='word_1_633' title='bbox 3396 5025 3617 5095; x_wconf 76' lang='grc' dir='ltr'>ἀγαθῶν</span> <span class='ocrx_word' id='word_1_634' title='bbox 3644 5025 3854 5078; x_wconf 74' lang='grc' dir='ltr'>ἐλάττονι</span> 
     </span>
    </p>
   </div>
   <div class='ocr_carea' id='block_1_101' title="bbox 668 5120 1333 5174">
    <p class='ocr_par' dir='ltr' id='par_1_101' title="bbox 668 5120 1333 5174">
     <span class='ocr_line' id='line_1_101' title="bbox 668 5120 1333 5174; baseline 0.003 -3"><span class='ocrx_word' id='word_1_635' title='bbox 668 5130 727 5171; x_wconf 81' lang='grc' dir='ltr'><strong>ιιι</strong></span> <span class='ocrx_word' id='word_1_636' title='bbox 758 5120 900 5172; x_wconf 74' lang='lat' dir='ltr'><strong>bona</strong></span> <span class='ocrx_word' id='word_1_637' title='bbox 925 5120 1245 5174; x_wconf 83' lang='lat' dir='ltr'><strong>credantur.</strong></span> <span class='ocrx_word' id='word_1_638' title='bbox 1327 5159 1333 5166; x_wconf 87' lang='lat'><strong>.</strong></span> 
     </span>
    </p>
   </div>
   <div class='ocr_carea' id='block_1_102' title="bbox 739 5209 2224 5283">
    <p class='ocr_par' dir='ltr' id='par_1_102' title="bbox 739 5209 2224 5283">
     <span class='ocr_line' id='line_1_102' title="bbox 739 5209 2224 5283; baseline 0.005 -22"><span class='ocrx_word' id='word_1_639' title='bbox 739 5210 857 5262; x_wconf 83' lang='lat' dir='ltr'><strong>Non</strong></span> <span class='ocrx_word' id='word_1_640' title='bbox 888 5209 984 5278; x_wconf 90' lang='lat' dir='ltr'><strong>qui</strong></span> <span class='ocrx_word' id='word_1_641' title='bbox 1032 5209 1188 5264; x_wconf 86' lang='lat' dir='ltr'><strong>dives</strong></span> <span class='ocrx_word' id='word_1_642' title='bbox 1210 5218 1313 5273; x_wconf 87' lang='lat' dir='ltr'><strong>est,</strong></span> <span class='ocrx_word' id='word_1_643' title='bbox 1363 5212 1458 5265; x_wconf 88' lang='lat' dir='ltr'><strong>sed</strong></span> <span class='ocrx_word' id='word_1_644' title='bbox 1490 5211 1584 5279; x_wconf 88' lang='lat' dir='ltr'><strong>qui</strong></span> <span class='ocrx_word' id='word_1_645' title='bbox 1614 5211 1824 5267; x_wconf 86' lang='lat' dir='ltr'><strong>divitiis</strong></span> <span class='ocrx_word' id='word_1_646' title='bbox 1860 5228 1970 5267; x_wconf 91' lang='lat' dir='ltr'><strong>non</strong></span> <span class='ocrx_word' id='word_1_647' title='bbox 1996 5221 2138 5283; x_wconf 78' lang='lat' dir='ltr'><strong>eget,</strong></span> <span class='ocrx_word' id='word_1_648' title='bbox 2176 5215 2224 5268; x_wconf 92' lang='lat' dir='ltr'><strong>is</strong></span> 
     </span>
    </p>
   </div>
   <div class='ocr_carea' id='block_1_103' title="bbox 664 5298 995 5354">
    <p class='ocr_par' dir='ltr' id='par_1_103' title="bbox 664 5298 995 5354">
     <span class='ocr_line' id='line_1_103' title="bbox 664 5298 995 5354; baseline 0.003 -4"><span class='ocrx_word' id='word_1_649' title='bbox 664 5298 860 5352; x_wconf 74' lang='lat' dir='ltr'><strong>beatus</strong></span> <span class='ocrx_word' id='word_1_650' title='bbox 892 5310 995 5354; x_wconf 89' lang='lat' dir='ltr'><strong>est.</strong></span> 
     </span>
    </p>
   </div>
   <div class='ocr_carea' id='block_1_104' title="bbox 2320 5122 2787 5196">
    <p class='ocr_par' dir='ltr' id='par_1_104' title="bbox 2320 5122 2787 5196">
     <span class='ocr_line' id='line_1_104' title="bbox 2320 5122 2787 5196; baseline 0.002 -22"><span class='ocrx_word' id='word_1_651' title='bbox 2320 5123 2382 5174; x_wconf 89' lang='grc' dir='ltr'><strong>πί</strong></span> <span class='ocrx_word' id='word_1_652' title='bbox 2389 5130 2516 5195; x_wconf 61' lang='lat' dir='ltr'><strong>afer</strong></span> <span class='ocrx_word' id='word_1_653' title='bbox 2530 5122 2758 5175; x_wconf 78' lang='grc' dir='ltr'>δέδεται.</span> <span class='ocrx_word' id='word_1_654' title='bbox 2777 5182 2787 5196; x_wconf 46' lang='grc'><strong><em>,</em></strong></span> 
     </span>
    </p>
   </div>
   <div class='ocr_carea' id='block_1_105' title="bbox 2365 5199 3854 5287">
    <p class='ocr_par' dir='ltr' id='par_1_105' title="bbox 2365 5199 3854 5287">
     <span class='ocr_line' id='line_1_105' title="bbox 2365 5199 3854 5287; baseline -0.001 -30"><span class='ocrx_word' id='word_1_655' title='bbox 2365 5212 2497 5279; x_wconf 65' lang='grc' dir='ltr'>ιΟὐχ</span> <span class='ocrx_word' id='word_1_656' title='bbox 2552 5210 2579 5261; x_wconf 87' lang='grc' dir='ltr'>ὁ</span> <span class='ocrx_word' id='word_1_657' title='bbox 2634 5206 2878 5260; x_wconf 81' lang='grc' dir='ltr'>πλουτῶν</span> <span class='ocrx_word' id='word_1_658' title='bbox 2905 5244 2918 5267; x_wconf 91' lang='grc'><strong><em>,</em></strong></span> <span class='ocrx_word' id='word_1_659' title='bbox 2978 5204 3090 5257; x_wconf 76' lang='grc' dir='ltr'>ἀλλ’</span> <span class='ocrx_word' id='word_1_660' title='bbox 3129 5207 3157 5258; x_wconf 82' lang='grc' dir='ltr'>ὁ</span> <span class='ocrx_word' id='word_1_661' title='bbox 3200 5205 3274 5275; x_wconf 82' lang='grc' dir='ltr'>μὴ</span> <span class='ocrx_word' id='word_1_662' title='bbox 3305 5204 3523 5276; x_wconf 73' lang='grc' dir='ltr'>χρῄζων</span> <span class='ocrx_word' id='word_1_663' title='bbox 3558 5199 3854 5287; x_wconf 75' lang='grc' dir='ltr'><strong>(ι)</strong></span> 
     </span>
    </p>
   </div>
   <div class='ocr_carea' id='block_1_106' title="bbox 2320 5303 2604 5371">
    <p class='ocr_par' dir='ltr' id='par_1_106' title="bbox 2320 5303 2604 5371">
     <span class='ocr_line' id='line_1_106' title="bbox 2320 5303 2604 5371; baseline -0.014 -17"><span class='ocrx_word' id='word_1_664' title='bbox 2320 5303 2604 5371; x_wconf 78' lang='grc' dir='ltr'>μακάριος.</span> 
     </span>
    </p>
   </div>
   <div class='ocr_carea' id='block_1_107' title="bbox 2162 5400 2389 5473">
    <p class='ocr_par' dir='ltr' id='par_1_107' title="bbox 2162 5400 2389 5473">
     <span class='ocr_line' id='line_1_107' title="bbox 2162 5400 2389 5473; baseline 0.009 -2"><span class='ocrx_word' id='word_1_665' title='bbox 2162 5400 2389 5473; x_wconf 68' lang='lat' dir='ltr'><strong>NOTAE.</strong></span> 
     </span>
    </p>
   </div>
   <div class='ocr_carea' id='block_1_108' title="bbox 738 5504 2212 5577">
    <p class='ocr_par' dir='ltr' id='par_1_108' title="bbox 738 5504 2212 5577">
     <span class='ocr_line' id='line_1_108' title="bbox 738 5504 2212 5577; baseline 0.005 -21"><span class='ocrx_word' id='word_1_666' title='bbox 738 5504 813 5577; x_wconf 65' lang='lat' dir='ltr'><strong>(is)</strong></span> <span class='ocrx_word' id='word_1_667' title='bbox 853 5505 913 5577; x_wconf 81' lang='grc' dir='ltr'><strong>ὀ</strong></span> <span class='ocrx_word' id='word_1_668' title='bbox 946 5505 1030 5571; x_wconf 79' lang='grc' dir='ltr'>μὴ</span> <span class='ocrx_word' id='word_1_669' title='bbox 1060 5506 1286 5573; x_wconf 78' lang='grc' dir='ltr'>χρῄζων</span> <span class='ocrx_word' id='word_1_670' title='bbox 1328 5508 1614 5577; x_wconf 66' lang='grc' dir='ltr'>πλούτου.</span> <span class='ocrx_word' id='word_1_671' title='bbox 1677 5507 2076 5575; x_wconf 81' lang='lat' dir='ltr'><strong>Conjeeturam,</strong></span> <span class='ocrx_word' id='word_1_672' title='bbox 2108 5526 2212 5577; x_wconf 89' lang='lat' dir='ltr'><strong>qua</strong></span> 
     </span>
    </p>
   </div>
   <div class='ocr_carea' id='block_1_109' title="bbox 668 5574 2207 5656">
    <p class='ocr_par' dir='ltr' id='par_1_109' title="bbox 668 5574 2207 5656">
     <span class='ocr_line' id='line_1_109' title="bbox 668 5574 2207 5656; baseline 0.005 -33"><span class='ocrx_word' id='word_1_673' title='bbox 668 5574 985 5656; x_wconf 65' lang='lat' dir='ltr'><strong>particulam</strong></span> <span class='ocrx_word' id='word_1_674' title='bbox 1010 5644 1020 5654; x_wconf 83' lang='lat'>_</span> <span class='ocrx_word' id='word_1_675' title='bbox 1045 5586 1329 5656; x_wconf 70' lang='lat' dir='ltr'><strong>negantem</strong></span> <span class='ocrx_word' id='word_1_676' title='bbox 1387 5575 1726 5639; x_wconf 88' lang='lat' dir='ltr'><strong>addideram,</strong></span> <span class='ocrx_word' id='word_1_677' title='bbox 1754 5574 2037 5656; x_wconf 41' lang='lat' dir='ltr'><strong>.lirlnavit</strong></span> <span class='ocrx_word' id='word_1_678' title='bbox 2077 5574 2207 5656; x_wconf 61' lang='lat' dir='ltr'><strong>Ball.</strong></span> 
     </span>
    </p>
   </div>
   <div class='ocr_carea' id='block_1_110' title="bbox 2319 5501 3849 5627">
    <p class='ocr_par' dir='ltr' id='par_1_110' title="bbox 2319 5501 3849 5627">
     <span class='ocr_line' id='line_1_110' title="bbox 2319 5501 3849 5576; baseline -0.005 -15"><span class='ocrx_word' id='word_1_679' title='bbox 2319 5516 2494 5576; x_wconf 77' lang='lat' dir='ltr'><strong>egeat,</strong></span> <span class='ocrx_word' id='word_1_680' title='bbox 2522 5518 2708 5555; x_wconf 81' lang='lat' dir='ltr'><strong>earum</strong></span> <span class='ocrx_word' id='word_1_681' title='bbox 2734 5503 2843 5570; x_wconf 86' lang='lat' dir='ltr'><strong>jam</strong></span> <span class='ocrx_word' id='word_1_682' title='bbox 2895 5516 2994 5557; x_wconf 89' lang='lat' dir='ltr'><strong>usu</strong></span> <span class='ocrx_word' id='word_1_683' title='bbox 3031 5519 3091 5558; x_wconf 92' lang='lat' dir='ltr'><strong>su</strong></span> <span class='ocrx_word' id='word_1_684' title='bbox 3133 5504 3301 5563; x_wconf 85' lang='lat' dir='ltr'><strong>erior.</strong></span> <span class='ocrx_word' id='word_1_685' title='bbox 3329 5519 3451 5573; x_wconf 74' lang='lat' dir='ltr'><strong>quae</strong></span> <span class='ocrx_word' id='word_1_686' title='bbox 3473 5505 3590 5572; x_wconf 82' lang='lat' dir='ltr'><strong>ipsa</strong></span> <span class='ocrx_word' id='word_1_687' title='bbox 3619 5501 3749 5556; x_wconf 87' lang='lat' dir='ltr'><strong>nihil</strong></span> <span class='ocrx_word' id='word_1_688' title='bbox 3776 5513 3849 5575; x_wconf 64' lang='grc' dir='ltr'><strong>ης*</strong></span> 
     </span>
     <span class='ocr_line' id='line_1_111' title="bbox 2320 5519 3849 5627; baseline -0.003 0"><span class='ocrx_word' id='word_1_689' title='bbox 2320 5584 2466 5627; x_wconf 87' lang='lat' dir='ltr'><strong>mota</strong></span> <span class='ocrx_word' id='word_1_690' title='bbox 2509 5573 2657 5625; x_wconf 81' lang='lat' dir='ltr'><strong>verbi</strong></span> <span class='ocrx_word' id='word_1_691' title='bbox 2716 5570 2900 5627; x_wconf 65' lang='grc' dir='ltr'>νρήζω</span> <span class='ocrx_word' id='word_1_692' title='bbox 2946 5519 3305 5627; x_wconf 43' lang='lat' dir='ltr'><strong>signiﬁcatio:</strong></span> <span class='ocrx_word' id='word_1_693' title='bbox 3356 5589 3465 5627; x_wconf 90' lang='lat' dir='ltr'><strong>non</strong></span> <span class='ocrx_word' id='word_1_694' title='bbox 3489 5572 3636 5627; x_wconf 81' lang='lat' dir='ltr'><strong>quod</strong></span> <span class='ocrx_word' id='word_1_695' title='bbox 3692 5566 3849 5623; x_wconf 68' lang='lat' dir='ltr'><strong>reddil</strong></span> 
     </span>
    </p>
   </div>
   <div class='ocr_carea' id='block_1_111' title="bbox 2320 5570 3081 5645">
    <p class='ocr_par' dir='ltr' id='par_1_111' title="bbox 2320 5570 3081 5645">
     <span class='ocr_line' id='line_1_112' title="bbox 2320 5570 3081 5645; baseline -0.005 -16"><span class='ocrx_word' id='word_1_696' title='bbox 2320 5570 2466 5645; x_wconf 67' lang='lat' dir='ltr'><strong>uiola</strong></span> <span class='ocrx_word' id='word_1_697' title='bbox 2509 5573 2657 5645; x_wconf 79' lang='lat' dir='ltr'><strong>verbi</strong></span> <span class='ocrx_word' id='word_1_698' title='bbox 2716 5570 2909 5645; x_wconf 57' lang='grc' dir='ltr'>χρῄςιιλ</span> <span class='ocrx_word' id='word_1_699' title='bbox 2944 5574 3081 5645; x_wconf 81' lang='lat' dir='ltr'><strong>signi</strong></span> 
     </span>
    </p>
   </div>
   <div class='ocr_carea' id='block_1_112' title="bbox 3125 5565 3849 5641">
    <p class='ocr_par' dir='ltr' id='par_1_112' title="bbox 3125 5565 3849 5641">
     <span class='ocr_line' id='line_1_113' title="bbox 3125 5565 3849 5641; baseline -0.014 -14"><span class='ocrx_word' id='word_1_700' title='bbox 3125 5575 3305 5627; x_wconf 86' lang='lat' dir='ltr'><strong>eatio:</strong></span> <span class='ocrx_word' id='word_1_701' title='bbox 3348 5565 3465 5628; x_wconf 69' lang='lat' dir='ltr'><strong>&#39;non</strong></span> <span class='ocrx_word' id='word_1_702' title='bbox 3489 5565 3636 5641; x_wconf 79' lang='lat' dir='ltr'><strong>quod</strong></span> <span class='ocrx_word' id='word_1_703' title='bbox 3692 5565 3849 5641; x_wconf 72' lang='lat' dir='ltr'><strong>reddit</strong></span> 
     </span>
    </p>
   </div>
   <div class='ocr_carea' id='block_1_113' title="bbox 668 5632 3851 5711">
    <p class='ocr_par' dir='ltr' id='par_1_113' title="bbox 668 5632 3851 5711">
     <span class='ocr_line' id='line_1_114' title="bbox 668 5632 3851 5711; baseline 0.001 -20"><span class='ocrx_word' id='word_1_704' title='bbox 668 5632 857 5693; x_wconf 74' lang='lat' dir='ltr'><strong>codex.</strong></span> <span class='ocrx_word' id='word_1_705' title='bbox 882 5632 1148 5705; x_wconf 66' lang='lat' dir='ltr'><strong>Nimirum</strong></span> <span class='ocrx_word' id='word_1_706' title='bbox 1168 5644 1220 5697; x_wconf 90' lang='lat' dir='ltr'><strong>in</strong></span> <span class='ocrx_word' id='word_1_707' title='bbox 1246 5660 1313 5697; x_wconf 87' lang='lat' dir='ltr'><strong>eo</strong></span> <span class='ocrx_word' id='word_1_708' title='bbox 1347 5660 1541 5700; x_wconf 79' lang='lat' dir='ltr'><strong>sensus</strong></span> <span class='ocrx_word' id='word_1_709' title='bbox 1579 5656 1635 5699; x_wconf 88' lang='lat' dir='ltr'><strong>ct</strong></span> <span class='ocrx_word' id='word_1_710' title='bbox 1656 5632 1962 5711; x_wconf 79' lang='lat' dir='ltr'><strong>antithesis,</strong></span> <span class='ocrx_word' id='word_1_711' title='bbox 1987 5647 2210 5702; x_wconf 79' lang='lat' dir='ltr'><strong>divitem</strong></span> <span class='ocrx_word' id='word_1_712' title='bbox 2319 5644 2481 5699; x_wconf 82' lang='lat' dir='ltr'><strong>Gesn.</strong></span> <span class='ocrx_word' id='word_1_713' title='bbox 2521 5642 2610 5694; x_wconf 84' lang='lat' dir='ltr'><strong>sed</strong></span> <span class='ocrx_word' id='word_1_714' title='bbox 2636 5632 3039 5711; x_wconf 47' lang='lat' dir='ltr'><strong>ritcn&#39;s&#39;llivitiis&quot;:</strong></span> <span class='ocrx_word' id='word_1_715' title='bbox 3069 5658 3190 5710; x_wconf 65' lang='lat' dir='ltr'><strong>quae</strong></span> <span class='ocrx_word' id='word_1_716' title='bbox 3214 5632 3675 5711; x_wconf 32' lang='lat' dir='ltr'><strong>antithesisinihii</strong></span> <span class='ocrx_word' id='word_1_717' title='bbox 3696 5632 3851 5711; x_wconf 60' lang='lat' dir='ltr'><strong>grajis</strong></span> 
     </span>
    </p>
   </div>
   <div class='ocr_carea' id='block_1_114' title="bbox 668 5713 2215 5784">
    <p class='ocr_par' dir='ltr' id='par_1_114' title="bbox 668 5713 2215 5784">
     <span class='ocr_line' id='line_1_115' title="bbox 668 5713 2215 5784; baseline 0.005 -23"><span class='ocrx_word' id='word_1_718' title='bbox 668 5720 808 5773; x_wconf 83' lang='lat' dir='ltr'><strong>esse,</strong></span> <span class='ocrx_word' id='word_1_719' title='bbox 866 5727 971 5764; x_wconf 90' lang='lat' dir='ltr'><strong>non</strong></span> <span class='ocrx_word' id='word_1_720' title='bbox 1025 5713 1117 5781; x_wconf 84' lang='lat' dir='ltr'><strong>qui</strong></span> <span class='ocrx_word' id='word_1_721' title='bbox 1175 5714 1370 5780; x_wconf 85' lang='lat' dir='ltr'><strong>habeat</strong></span> <span class='ocrx_word' id='word_1_722' title='bbox 1412 5713 1647 5778; x_wconf 85' lang='lat' dir='ltr'><strong>divitias,</strong></span> <span class='ocrx_word' id='word_1_723' title='bbox 1700 5715 1792 5768; x_wconf 84' lang='lat' dir='ltr'><strong>sed</strong></span> <span class='ocrx_word' id='word_1_724' title='bbox 1842 5717 1937 5784; x_wconf 84' lang='lat' dir='ltr'><strong>qui</strong></span> <span class='ocrx_word' id='word_1_725' title='bbox 1970 5718 2075 5771; x_wconf 84' lang='lat' dir='ltr'><strong>illis</strong></span> <span class='ocrx_word' id='word_1_726' title='bbox 2108 5733 2215 5770; x_wconf 91' lang='lat' dir='ltr'><strong>non</strong></span> 
     </span>
    </p>
   </div>
   <div class='ocr_carea' id='block_1_115' title="bbox 2327 5702 3846 5780">
    <p class='ocr_par' dir='ltr' id='par_1_115' title="bbox 2327 5702 3846 5780">
     <span class='ocr_line' id='line_1_116' title="bbox 2327 5702 3846 5780; baseline -0.006 -14"><span class='ocrx_word' id='word_1_727' title='bbox 2327 5723 2427 5775; x_wconf 78' lang='lat' dir='ltr'><strong>est,</strong></span> <span class='ocrx_word' id='word_1_728' title='bbox 2452 5720 2505 5765; x_wconf 90' lang='lat' dir='ltr'><strong>et</strong></span> <span class='ocrx_word' id='word_1_729' title='bbox 2544 5712 2701 5780; x_wconf 79' lang='lat' dir='ltr'><strong>quale</strong></span> <span class='ocrx_word' id='word_1_730' title='bbox 2728 5710 2779 5763; x_wconf 87' lang='lat' dir='ltr'><strong>in</strong></span> <span class='ocrx_word' id='word_1_731' title='bbox 2807 5712 3026 5779; x_wconf 73' lang='lat' dir='ltr'><strong>reliquis</strong></span> <span class='ocrx_word' id='word_1_732' title='bbox 3046 5702 3223 5765; x_wconf 79' lang='lat' dir='ltr'><strong>elucet</strong></span> <span class='ocrx_word' id='word_1_733' title='bbox 3250 5710 3526 5766; x_wconf 85' lang='lat' dir='ltr'><strong>Plutarchi</strong></span> <span class='ocrx_word' id='word_1_734' title='bbox 3547 5702 3846 5765; x_wconf 54' lang='lat' dir='ltr'><strong>sententiis.</strong></span> 
     </span>
    </p>
   </div>
  </div>
