3948 6338
231 524 326 588 797
1514 520 1677 578 LOCI
1718 517 2142 576 COMMUNES.

3308 512 3420 572 798

288 629 560 696 Μέγιστὸν
588 630 701 681 ἐστι
734 627 982 687 πλούτου,
1020 625 1079 676 τὸ
1107 624 1390 690 γινώσκειν
1417 624 1497 673 ὅτι
1526 621 1763 692 περιττός

1944 603 2356 699 Mavimuntest
2381 615 2434 669 in
2469 614 2677 669 divitiis
2699 653 2713 678 ,
2757 613 2895 667 scire
2953 612 3096 686 quod
3128 614 3416 680 superﬂua

223 721 380 773 ἐστιν.

286 811 381 861 Ἂν
418 809 492 876 μὴ
523 806 728 858 πολλῶν
760 805 1046 871 ἐπιθυμεῖς
1070 842 1084 865 ,

220 899 401 966 Μικρά
431 899 538 966 γάρ
565 897 744 965 ὄρεξις
777 894 971 966 πενίαν
1001 893 1242 961 ἰσοσθενῆ
1272 891 1501 943 πλούτου
1531 890 1767 958 ποιήσει.

1135 802 1203 854 τὰ
1233 802 1386 868 ὀλίγα
1415 801 1582 852 πολλὰ
1608 799 1764 861 δόξει.

291 1080 346 1132 '0
402 1077 542 1129 κατὰ
591 1075 752 1143 φύσιν
802 1072 1050 1134 πλοῦτος,
1095 1072 1244 1141 ἄρτῳ
1274 1071 1368 1122 καὶ
1396 1069 1547 1122 ὐδατι
1581 1067 1675 1120 καὶ
1701 1069 1768 1135 τῇ

215 1169 446 1238 τυχούσῃ
475 1165 568 1218 τοῦ
595 1165 843 1234 σώματος
884 1164 1078 1230 σκέπῃ,
1108 1157 1590 1230 συμπεπληρωται.
1627 1156 1684 1207 Ὀ
1712 1157 1768 1207 δὲ

220 1259 484 1329 περιττὸς,
511 1257 650 1308 κατά
687 1253 866 1323 ψυχὴν
910 1253 1210 1322 ἀπέραντον
1254 1250 1366 1320 ἔχει
1394 1249 1490 1302 καὶ
1531 1248 1632 1316 τὴν
1672 1246 1770 1313 τῆς

221 1350 507 1416 ἐπιθυμίας
541 1346 792 1415 βάσανον.

294 1439 350 1491 ὐ
379 1438 538 1498 αὑτὸς
563 1433 876 1504 ἐρωτηθεὶς,
899 1432 1016 1496 πῶς
1044 1433 1109 1486 ἄν
1129 1451 1214 1496 τις
1237 1433 1463 1503 γένηται
1486 1430 1763 1496 πλούσιος·

231 1529 349 1581 Ὲάν
377 1529 486 1579 τῶν
509 1522 813 1595 ἐπιθυμιῶν
837 1523 987 1575 ἔσται
1015 1524 1202 1593 πένης,
1229 1525 1412 1594 φησίν.

285 1701 424 1752 Ὅσα
470 1699 568 1768 μὲν
616 1697 708 1750 ἐπὶ
739 1700 804 1768 τῇ
836 1697 1025 1767 φύσει,
1062 1699 1281 1760 πάντες
1304 1700 1470 1770 ἐσμὲν
1500 1701 1762 1755 πλούσιοιο

218 1790 310 1841 ὅσα
331 1788 376 1840 δ’
401 1788 488 1855 ’ἐφ’
510 1789 662 1857 ἡμῖν,
694 1789 896 1849 πάντες
923 1789 1090 1854 ἐσμὲν
1121 1789 1365 1859 πένητες.

290 1879 350 1929 Ὅ
379 1877 459 1946 τῷ
487 1877 626 1930 κατά
650 1877 812 1946 φύσιν
843 1878 1178 1947 ἀρκούμενος
1209 1878 1443 1946 πλούτῳ,
1471 1879 1566 1932 τοῦ
1599 1880 1767 1933 πολλὰ

218 1967 550 2037 κεκτημένου
574 2009 591 2033 ,
645 1967 868 2021 πλείονα
906 1968 964 2020 δὲ
1006 1968 1393 2038 ἐπιθυμοῦντος
1416 2011 1432 2035 ,
1487 1972 1621 2023 πολύ
1651 1975 1765 2023 ἐστι

217 2057 626 2127 πλουσιώτερος.
679 2056 770 2127 Τῷ
800 2057 900 2125 μὲν
928 2058 1036 2127 γὰρ
1077 2059 1230 2111 οὐδὲν
1254 2059 1488 2111 ἐλλείπει
1513 2077 1526 2090 ο
1581 2060 1658 2130 τῷ
1687 2061 1765 2125 δὲ,

218 2149 304 2200 καὶ
330 2141 408 2201 ὧν
435 2148 700 2218 κέκτηται
730 2147 910 2216 πολλῷ
938 2147 1179 2204 πλείονα.

198 2308 213 2314 -
269 2237 358 2318 ,Ἠ
407 2238 618 2298 τέκνοις
643 2238 784 2302 ἄγαν
813 2237 1110 2307 χρημάτων
1140 2239 1430 2309 συναγωγὴ
1449 2279 1463 2303 ,
1498 2241 1769 2312 πρόφασίς

219 2325 327 2376 ἐστι
353 2323 734 2394 φιλαργυρίας,
1064 2343 1121 2372 .w
1147 2327 1462 2395 ἐλέγχουσα.

172 2550 174 2552 ,
283 2499 366 2567 Τά
412 2501 643 2570 μέγιστα
683 2499 791 2552 τῶν
1043 2503 1091 2554 οἰ
1118 2502 1348 2570 πένητες
1374 2503 1763 2572 ἐκπεφεύγασι·

218 2589 521 2659 ἐπιϐουλὴν,
539 2591 733 2658 φθόνον
755 2591 850 2648 καὶ
871 2593 1043 2662 μῖσος·
1064 2587 1142 2656 οἷς
1170 2595 1216 2645 οξ
1236 2593 1478 2647 πλούσιοι
1501 2596 1622 2649 καθ’
1641 2596 1770 2666 ὴμέ-

220 2697 316 2750 ραν
344 2681 703 2735 συνοικοῦσιν.

282 2791 581 2858 Διογένης.
604 2819 678 2830 -
700 2791 957 2862 Διογένης
983 2796 1013 2845 ὁ
1037 2795 1271 2857 Κυνικὸς
1297 2796 1600 2862 φιλόσοφος,
1630 2799 1767 2864 ἐρω-

219 2881 396 2949 τηθεὶς
441 2881 546 2934 ὐπύ
581 2897 748 2946 τινος,
789 2881 879 2934 διά
910 2882 964 2934 τί
1007 2884 1071 2934 τὸ
1098 2884 1318 2951 χρυσίον
1348 2885 1557 2953 χλωρόν
1580 2887 1727 2938 ἐστιν
1747 2926 1763 2949 ,

219 2967 393 3023 εἶπεν·
431 2972 552 3022 Ὀτι
582 2970 810 3032 πολλοὺς
837 2970 1156 3034 ἐπιϐούλους
1182 2973 1314 3042 ἔχει.

291 3061 351 3112 '0
399 3060 559 3122 αὐτὸς
609 3060 732 3113 ἰδὼν
776 3060 903 3123 τούς
935 3061 1313 3132 Ἀναξιμένους
1353 3065 1566 3126 οἰκέτας
1598 3065 1766 3118 πολλὰ

1869 718 2017 761 ευιιι.

1944 797 1998 850 Si
2022 813 2131 849 non
2152 794 2444 850 multorum
2466 792 2741 846 desiderio
2764 793 3019 856 tenearis,
3042 793 3205 846 etiam
3225 808 3415 861 pauca,

1870 885 2039 938 multa
2065 883 2418 937 videbuntur.
2448 880 2600 946 Quod
2632 879 2774 934 enim
2801 881 3056 947 exiguum
3091 882 3220 948 quid
3251 897 3417 950 appe-

1872 977 1962 1036 tis,
2000 990 2182 1043 parem
2216 971 2510 1041 opulentiae
2533 979 2901 1039 paupertatem
2946 972 3244 1039 praestabit.

1941 1065 2229 1117 Naturales
2266 1061 2489 1122 divitiae,
2543 1077 2709 1129 panex
2739 1069 2792 1113 et
2829 1075 2968 1128 aqua
3003 1061 3312 1128 explentur,
3340 1061 3422 1111 vi-

1871 1154 2016 1221 lique
2039 1159 2355 1221 tegumento
2380 1168 2394 1215 ;
2416 1149 2704 1217 superﬂua:
2731 1157 2933 1212 autem,
2960 1147 3124 1201 etiam
3148 1146 3420 1200 inﬁnitum

1870 1243 2054 1296 animo
2083 1240 2403 1310 cupiditatis
2427 1239 2729 1292 cruciatum
2764 1238 2983 1290 habent.

1938 1414 2088 1467 Idem
2151 1413 2541 1482 interrogatus.
2597 1411 3056 1481 quemadmodum
3105 1411 3232 1480 quis
3267 1410 3422 1465 dives

1869 1502 1988 1556 ﬁeri
2020 1503 2233 1572 possit:
2269 1501 2347 1566 Si,
2375 1502 2572 1571 inquit,
2618 1502 2977 1571 cupiditatum
3002 1516 3206 1570 pauper
3250 1499 3422 1554 exsti-

1868 1593 2021 1647 terit.

1933 1683 2096 1752 57o
2115 1683 2195 1736 Ad
2246 1691 2502 1739 naturam
2534 1683 2679 1751 quod
2720 1683 2935 1744 attinet,
2988 1697 3179 1735 omnes
3223 1680 3425 1734 divites

1868 1787 2093 1825 sumus:
2128 1771 2276 1840 quod
2317 1785 2447 1824 vero
2467 1771 2534 1823 ad
2565 1787 2685 1832 nos,
2712 1786 2904 1824 omnes
2927 1785 3216 1838 pauperes.

1939 1860 2042 1924 Qui
2067 1861 2412 1913 naturalibus
2441 1860 2644 1913 divitiis
2676 1869 2972 1912 contentus
2998 1869 3100 1921 est,
3139 1860 3309 1912 multo
3332 1859 3423 1910 illo

1802 1934 1839 1986 Β
1867 1951 2036 2003 ditior
2062 1956 2167 2012 est,
2195 1949 2286 2017 qui
2314 1964 2438 2003 cum
2469 1949 2637 2001 multa
2668 1949 2963 2017 possideat,
3005 1950 3166 2016 plura
3212 1963 3422 2002 concu-

1869 2041 2051 2110 piscit.
2076 2041 2161 2094 llli
2197 2041 2343 2094 enim
2368 2040 2505 2093 nihil
2528 2040 2710 2105 deest;
2746 2039 2876 2092 huic
2899 2054 3052 2102 vero,
3074 2041 3234 2108 plura
3261 2053 3424 2108 quam

1871 2132 2098 2186 incensu
2132 2131 2351 2184 habeat.

1940 2221 2119 2273 Nimia
2155 2220 2211 2273 in
2243 2221 2544 2273 liberorum
2591 2222 2820 2288 gratiam
2853 2218 3211 2288 pecuniarum
3268 2230 3425 2271 acer.

1869 2309 2039 2370 vatio,
2103 2317 2398 2376 prmtextus
2464 2309 2708 2362 avaritiae
2747 2317 2827 2363 cst
2857 2347 2872 2374 ,
2928 2322 3108 2362 mores
3172 2307 3414 2378 proprios

1867 2397 2178 2450 ostendens.

1928 2486 2192 2538 Malorum
2245 2486 2502 2554 maxima
2532 2483 2804 2557 pduperes
2853 2496 3192 2542 evaserunt:
3228 2500 3425 2555 nempe

1876 2574 2124 2638 insidias,
2155 2576 2441 2640 invidiam,
2468 2575 2689 2644 odium;
2721 2579 2778 2632 in
2806 2579 3014 2648 quibus
3051 2578 3253 2632 divites
3288 2592 3425 2645 quo-

1870 2667 2005 2720 tidie
2030 2675 2340 2721 versantur.

1936 2780 2291 2850 Diogenes.—
2319 2778 2586 2847 Diogenes
2607 2777 2844 2849 Cynicus
2872 2780 3235 2853 philosophus
3255 2787 3424 2842 inter-

1867 2877 2107 2935 rogatus,
2136 2867 2266 2934 quid
2287 2882 2465 2920 causa:
2491 2867 2562 2918 sit
2592 2882 2691 2919 cur
2710 2884 2903 2921 aurum
2927 2871 3184 2938 pallescat
3211 2874 3420 2954 :Quod,

1869 2954 2067 3021 inquit,
2104 2955 2303 3006 multos
2341 2953 2662 3006 insidiantes
2683 2955 2902 3009 habeat.
3403 2955 3411 2969 "

1915 3044 2082 3110 .ldcm
2109 3045 2301 3098 videns
2329 3044 2679 3098 Anaximenis
2699 3045 2953 3112 famulos,
2989 3064 3244 3105 vasorum
3278 3054 3422 3106 mulv

220 3150 382 3219 σκεύη
429 3151 841 3221 περιφέροντας,
890 3153 1070 3221 ήρετο·
1116 3154 1270 3216 Τίνος
1296 3155 1502 3221 mina;
1548 3155 1669 3208 Τῶν
1709 3155 1763 3207 δὲ

1889 3153 1978 3190 am
2036 3137 2432 3205 supellectilem
2491 3138 2983 3205 circumferentes,
3035 3143 3419 3214 interrogavit:

223 3227 506 3305 είπδντων,
539 3239 937 3308 ’Δναξιμένους,
991 3242 1103 3294 Οὐκ
1132 3243 1379 3308 αἰδεῖται,
1409 3246 1566 3314 φησὶ,
1595 3246 1763 3299 ταῦτα

1889 3227 2039 3296 lujus
2073 3229 2165 3280 illa
2188 3228 2411 3281 essent?
2437 3228 2659 3297 lllisque
2710 3231 3191 3300 respondentibus,
3219 3237 3420 3290 Anaxi-

217 3326 351 3397 ἔχων
375 3329 610 3392 ᾶπαντα,
639 3331 800 3392 αὐτὸς
829 3333 1018 3384 ἑαυτὸν
1054 3332 1130 3402 μὴ
1155 3333 1325 3402 ἐχων;

282 3502 612 3570 Σωκράτης.
632 3531 702 3542 -—
736 3501 797 3553 '0
827 3501 925 3570 μὲν
952 3498 1094 3563 οἰνος
1121 3507 1626 3572 συμμεταϐάλλεται
1657 3513 1767 3572 τοῖς

217 3590 472 3659 ἀγγείοιςο
502 3591 532 3641 b
552 3589 609 3642 δὲ
633 3587 879 3653 πλοῦτος,
895 3590 1005 3650 τοῖς
1027 3588 1136 3641 τῶν
1155 3593 1502 3660 κεκτημένων
1521 3595 1763 3662 τρόποις.

281 3784 473 3855 Ἰδρὼς
504 3783 601 3853 μὲν
642 3786 708 3836 ἐκ
748 3782 858 3836 τῶν
883 3756 1198 3854 γυμνασίων
1234 3765 1760 3856 εὐσχημονέστερον·

1869 3318 2043 3370 menis
2095 3334 2108 3367 :
2173 3316 2367 3369 Annon
2423 3317 2593 3384 pudet
2635 3334 2781 3382 eum,
2827 3321 3058 3389 inquit,
3106 3331 3217 3377 tam
3245 3326 3419 3379 multa

1874 3405 2098 3465 habere.
2143 3419 2267 3457 cum
2304 3404 2543 3473 seipsum
2569 3406 2683 3474 ipse
2704 3422 2816 3460 non
2842 3408 3075 3462 habeat?

1931 3491 2273 3548 Socrates.—
2292 3492 2489 3564 Vinum
2517 3493 2740 3560 quidem
2763 3535 2777 3559 ,
2812 3510 2921 3549 una
2949 3511 3074 3549 cum
3127 3511 3255 3552 vase
3300 3513 3423 3554 mu-

1867 3587 2014 3634 tatur
2037 3597 2052 3645 ;
2081 3596 2214 3649 opes
2231 3597 2365 3634 vero
2389 3597 2456 3635 ex
2484 3595 2676 3635 eorum
2708 3583 2803 3653 qui
2832 3583 3034 3638 habent
3079 3585 3240 3655 genio
3267 3601 3420 3642 com-

1865 3679 2167 3737 ponuntur.

1929 3775 2286 3830 Honestiores
2321 3779 2464 3845 parti
2502 3779 2650 3832 bello
2677 3779 2944 3847 sudores;
2985 3796 3141 3852 opes,
3189 3800 3310 3853 qua:
3336 3785 3417 3840 la-

1863 3864 2097 3917 boribus
2113 3871 2282 3932 parta:
2318 3865 2452 3917 sint.
2725 3933 2727 3938 ι

1929 3952 2173 4005 Divitum
2199 3960 2256 4005 et
2281 3952 2636 4023 prodigorum
2665 3954 2827 4019 bona,
2861 3955 2961 4011 lico
2989 3959 3172 4013 arbori
3201 3961 3256 4014 in
3280 3977 3415 4030 pra:-

1863 4051 2027 4113 rupto
2051 4051 2109 4096 et
2138 4043 2366 4112 ancipiti
2415 4043 2540 4098 loco
2598 4043 2717 4099 sitae
2765 4046 2963 4100 similia
3001 4047 3240 4114 dicebat,
3269 4052 3414 4106 unde

1861 4133 2002 4186 nihil
2036 4133 2288 4196 homines
2315 4134 2606 4202 accipiant.
2635 4135 2729 4189 sed
2755 4137 2905 4190 corvi
2923 4147 2980 4192 et
3003 4138 3190 4204 milvi;
3223 4156 3418 4209 quem.

221 3874 444 3936 πλοῦτος
469 3875 546 3936 δὲ,
576 3874 641 3926 ἐκ
667 3873 775 3926 τῶν
801 3873 948 3926 ἰδίων
975 3873 1174 3928 πόνων.

281 3962 362 4014 Τὰ
409 3961 518 4012 τῶν
563 3961 834 4032 πλουσίων
887 3947 984 4014 καί
1029 3960 1254 4013 ἀσώτων
1291 3962 1548 4031 χρήματα
1571 4003 1588 4026 ,
1640 3967 1765 4027 ταῖς

218 4045 306 4103 ἐπὶ
349 4049 457 4102 τῶν
490 4044 768 4117 ’κρημνῶν
809 4034 1029 4110 συκέαις
1066 4051 1307 4114 εἴκαζεν,
1340 4053 1433 4120 ἀφ’
1456 4046 1530 4104 ὧν
1557 4054 1766 4124 ἀνθρω-

218 4156 312 4192 πον
361 4139 458 4208 μὲν
511 4138 588 4207 μὴ
636 4137 932 4206 λαμϐάνειν
953 4176 969 4201 ,
1023 4139 1266 4207 κόρακας
1293 4141 1351 4193 δὲ
1390 4143 1482 4196 καὶ
1509 4145 1762 4209 ἰκτίνους,

216 4229 400 4299 ὥσπερ
430 4227 581 4296 παρά
609 4226 815 4280 τούτων
847 4227 1070 4296 ἑταίρας
1103 4229 1197 4279 καὶ
1226 4229 1482 4292 κόλακας.

1889 4221 2159 4275 [dmodum
2186 4223 2255 4275 ab
2290 4223 2402 4276 illis
2435 4234 2612 4278 scorta
2635 4233 2692 4279 et
2724 4236 3111 4283 assentatores.

293 4318 352 4370 '0
381 4318 540 4379 αὐτὸς
568 4316 896 4387 ἐρωτηθεὶς,
928 4316 1072 4378 τίνες
1101 4316 1151 4368 οἰ
1182 4317 1595 4388 φιλοχρήματοι,
1635 4323 1758 4392 ἔφη’

1936 4311 2087 4365 Idem
2117 4313 2514 4381 interrogatus,
2555 4316 2777 4381 quinam
2829 4326 3012 4369 essent
3057 4319 3206 4371 avari
3228 4327 3285 4372 et
3315 4337 3408 4390 pe-

216 4406 278 4454 υἰ
301 4404 368 4457 τὰ
391 4403 590 4474 αἰσχρά
620 4403 784 4472 κέρδη
808 4402 1134 4472 θηρώμενοι,
1165 4406 1258 4458 καὶ
1280 4408 1404 4469 τοὺς
1434 4408 1763 4476 ἀναγκαίους

1889 4400 2149 4452 :uniarum
2177 4399 2412 4454 studiosi
2451 4418 2465 4452 :
2504 4400 2608 4466 Qui
2641 4402 2841 4469 turpia.
2892 4404 3093 4473 inquit,
3136 4407 3288 4462 lucra
3316 4424 3411 4462 ve-

216 4491 316 4542 τῶν
341 4493 508 4559 φίλων
536 4491 932 4562 ὑπερορῶντες.

1889 4491 2083 4547 lantur,
2119 4493 2176 4538 et
2199 4487 2543 4540 necessarios
2559 4489 2766 4542 amicos
2791 4499 3171 4547 contemnunt.

292 4580 352 4632 ὀ
394 4581 500 4635 τῶν
545 4581 894 4652 φιλαργύρων
923 4580 1170 4645 πλοῦτος,
1203 4583 1393 4656 ὥσπερ
1429 4588 1458 4639 ὁ
1486 4588 1636 4656 ἥλιος
1661 4605 1762 4641 κα-
1794 4573 1820 4576 ᾖ
1929 4573 2232 4626 Ᾱνθιότιιίη
2261 4574 2487 4638 dmum,
2513 4579 2971 4644 quemadmOdum
2999 4583 3078 4636 301
3107 4592 3228 4653 Ροθι
3250 4599 3408 4640 θοαὶ·

217 4668 373 4730 ubi);
400 4662 478 4732 εἰς
500 4674 603 4741 τὴν
629 4673 752 4742 γῆν,
788 4671 976 4725 οὐδένα
1007 4671 1115 4724 τῶν
1143 4673 1360 4736 ζώντων
1389 4678 1689 4748 εὐφραίνει.

1889 4677 1998 4726 um,
2026 4663 2328 4718 viventium
2358 4665 2632 4720 neminem
2657 4679 2925 4723 recreant.

660 4823 981 4892 Εὐριπίδου
1007 4823 1076 4875 ἐν
1098 4823 1315 4894 Δανάῃ.

2023 4836 2040 4843 ~
2324 4815 2594 4886 Euripidis
2636 4821 2712 4872 ἕπε
2729 4818 2938 4874 Danae.

428 4931 616 5001 χρυᾳᾲ
643 4932 898 5001 δεξίωμα
927 4933 1252 4986 κάλλιστον
1267 4933 1529 5000 βροτοῖς,

336 4996 433 5070 ’ῼς
461 4997 600 5070 οὐρξ
621 4996 827 5070 μήτηρ
843 5003 1064 5067 ἡδονὰς
1086 5003 1246 5066 τοίας
1271 4996 1412 5070 ἐξίει,

446 5064 664 5148 sese
689 5064 1108 5148 ἀνθρώποεσίν.
1137 5074 1207 5148 ριν
1222 5064 1641 5148 efﬁcimur-

502 5133 553 5211 πὶ
572 5132 1110 5211 Ιςιξπριςτοσοῦτογ
1134 5132 1453 5211 ὀφθαλμοῖς
1483 5132 1610 5205 dmi.

340 5202 422 5251 οὐ
438 5202 614 5268 θαῦμ’
634 5202 853 5268 ἔρωτας
869 5207 1120 5272 μυρίους
1140 5202 1337 5274 ᾰὺτὴιὲ
1358 5202 1608 5276 τρέφειν’.

1856 4940 1907 5014 ρ
1922 4957 2112 4994 aurum
2145 4941 2551 5014 pulcherrimum
2574 4946 2886 5014 mortalibus
2924 4948 3160 5014 festivum
3189 4955 3415 5007 manus!

1854 5009 1993 5060 Nam
2022 5009 2184 5062 nenae
2214 5018 2384 5063 mater
2407 5012 2537 5065 tales
2564 5013 2845 5066 blanditias
2872 5009 3022 5076 habet
3043 5033 3063 5068 :

1857 5076 1973 5151 {Yon
1997 5081 2293 5151 _ta_m__chan'
2322 5079 2486 5151 liberi,
2510 5098 2612 5134 non
2637 5083 2835 5151 anticus
2863 5082 3032 5151 pa'ler.

1858 5143 2006 5216 Quod
2029 5147 2075 5216 si
2110 5146 2275 5198 Venus
2301 5148 2432 5201 tales
2453 5151 2604 5202 habet
2630 5143 2897 5203 oculorum
2922 5155 3116 5216 radios,

1853 5211 1972 5263 Non
2005 5214 2196 5266 mirum
2217 5226 2293 5267 est
2330 5219 2499 5285 ipsam
2525 5219 2756 5289 inﬁnitus
2789 5229 3050 5275 amatores
3075 5211 3232 5274 alere.

276 5351 565 5417 Μοσχίων.
613 5380 682 5391 —-
719 5352 928 5420 Ὠσπερ
961 5355 1021 5404 οὐ
1052 5356 1130 5424 τῷ
1158 5357 1307 5425 ἵππῳ
1339 5360 1542 5427 κόσμος
1563 5400 1579 5423 ,
1631 5362 1750 5413 οὐδὲ

213 5443 314 5500 τοίς
359 5439 536 5507 ϐρνεσι
588 5441 751 5493 καλιά
793 5441 1052 5509 ὐψοῦσθαι
1103 5447 1196 5496 καὶ
1242 5453 1472 5518 γαυριᾷν
1508 5450 1747 5513 δίδωσινο

213 5523 337 5576 ἀλλὰ
367 5522 445 5592 τῷ
473 5524 571 5592 μὲν
599 5526 692 5577 τοῦ
719 5527 876 5588 ποδὸς
906 5528 940 5595 η
964 5528 1206 5596 ὠκύτης,
1257 5537 1367 5597 τοῖς
1395 5537 1452 5588 δὲ
1484 5533 1590 5590 τῶν
1622 5557 1750 5592 πτε-

215 5611 347 5679 ριέιν⁸
379 5609 549 5674 οὕτως
577 5615 687 5665 οὐδ’
708 5614 979 5684 ἀνθρώπῳ
1010 5617 1396 5690 καλλωπισμὸς
1428 5629 1521 5682 καὶ
1553 5633 1747 5700 τρυφὴ,

216 5701 340 5754 ἀλλὰ
369 5703 666 5771 χρηστότης
699 5706 790 5758 καὶ
820 5702 1054 5758 εὐποιία.

1924 5360 2253 5415 Moschionis.
2281 5395 2350 5404 —
2387 5371 2851 5432 quemadmodum
2881 5389 3143 5442 equorum
3172 5375 3407 5442 phalerae

1854 5448 2127 5516 nidusque
2155 5451 2336 5504 avium
2364 5493 2379 5516 ,
2428 5471 2538 5508 non
2583 5458 2664 5511 eis
2716 5460 3005 5514 sublimem
3052 5463 3289 5513 volatum
3343 5480 3407 5518 ac

1856 5540 2165 5606 superbiam
2192 5555 2508 5608 ,prasstant;
2546 5548 2641 5600 sed
2685 5550 2846 5617 equis
2888 5551 3104 5619 quidem
3145 5552 3406 5605 velocitas
3447 5559 3455 5566 '

1855 5630 2076 5698 pedum,
2105 5630 2298 5684 avibus
2326 5649 2460 5687 vero
2486 5637 2691 5690 alarum
2732 5641 3035 5706 pernicies:
3069 5640 3147 5694 sic
3175 5654 3276 5692 nec
3305 5641 3405 5694 ho-

1856 5722 1986 5775 mini
2016 5722 2329 5788 superlluus
2373 5736 2598 5780 ornatus
2624 5743 2687 5781 ac
2716 5731 2945 5796 delicias,
2974 5732 3065 5786 scd
3099 5730 3314 5786 bonitas
3339 5748 3401 5786 ac

1862 5812 2214 5867 beneﬁcentia
2248 5813 2475 5884 gloriam
2505 5820 2742 5890 pariunt.
