3948 6338
611 397 710 460 807

1745 395 1807 453 S.
1846 395 2126 453 ΜΑΧΙΜΙ
2165 396 2666 461 CONFESSORIS

3671 397 3799 467 '8)8

603 504 750 560 sicut"
775 501 979 557 ethnici
1009 518 1022 554 :
1051 507 1244 570 putant
1261 499 1406 554 enim
1432 498 1576 568 quod
1610 498 1662 551 in
1695 499 2042 567 multiloquio
2061 515 2169 562 suo

2277 502 2450 572 ὒσπερ
2471 508 2520 558 oi
2550 505 2752 559 ἐθνικοί
2778 523 2792 538 ·
2824 507 3038 562 δοκοῦσι
3066 509 3191 579 γὰρ.
3231 511 3312 562 ὅτι
3343 511 3399 561 ἐν
3427 513 3495 580 τῇ
3529 511 3620 563 πο)
3633 512 3807 584 υλογίᾳ

599 593 984 646 exaudientur.
1019 590 1198 644 Nolite
1237 605 1365 658 ergo
1389 589 1678 661 assimilari
1718 589 1836 652 eis;
1872 590 1976 643 scit
2012 591 2160 643 enim

601 681 761 735 Pater
790 687 970 733 vester
1001 678 1134 748 quid
1166 693 1307 746 opus
1339 678 1410 731 sit
1444 677 1623 741 vobis,
1648 687 1941 743 antequam
1964 669 2164 745 petatis

601 786 750 825 CUHL

669 861 784 914 Jac.
805 877 857 926 v,
881 861 966 914 l5.
986 859 1338 912 —Tristatur
1358 853 1483 927 quis
1512 857 1794 911 vestrum?
1823 864 1960 912 oret.
1987 855 2164 924 Equo

603 951 785 1003 animo
823 950 946 1004 est?
988 949 1201 1018 psallat.
1247 949 1558 1001 lnlirmatur
1586 947 1708 1014 quis
1736 946 1790 998 in
1842 945 2036 999 vobis?
2070 960 2166 998 vac-

603 1049 780 1094 cersat
824 1039 1176 1107 presbyteros
1208 1036 1488 1098 Ecclesiae,
1537 1043 1592 1088 et
1625 1043 1785 1087 orent
1814 1049 1980 1102 super
2015 1049 2162 1097 eum,

604 1129 869 1197 ungen’tes
902 1142 1026 1180 eum
1061 1129 1181 1180 oleo
1231 1127 1282 1178 in
1319 1126 1541 1179 nomine
1593 1124 1830 1178 Domini.
1877 1124 1946 1176 Et
1988 1123 2166 1177 oratio

603 1216 731 1271 ﬁdei
760 1217 963 1270 salvum
992 1215 1183 1268 reddet
1213 1215 1511 1276 inﬁrmum,
1548 1223 1605 1267 et
1632 1214 1806 1282 eriget
1831 1227 1958 1265 eum
1980 1212 2164 1264 Domi-

602 1322 710 1363 nus
739 1325 752 1362 :
783 1315 838 1361 et
861 1308 905 1360 si
930 1308 984 1361 in
1007 1307 1246 1376 peccatis
1271 1307 1462 1369 fuerit,
1483 1305 1840 1359 remittentur
1877 1303 1951 1357 ei.

675 1476 830 1533 Prov.
858 1495 947 1541 xv,
973 1478 1024 1530 8.
1055 1507 1123 1516 —
1145 1475 1346 1531 Hostiae
1368 1477 1664 1546 impiorum
1701 1476 2038 1531 abominatio
2058 1478 2166 1532 Do—

606 1571 757 1623 mino
790 1586 802 1622 :
835 1583 1026 1638 preces
1067 1575 1248 1621 autem
1290 1577 1439 1620 recte
1479 1567 1896 1630 ambulantium,
1937 1575 2169 1636 accepta:

607 1660 751 1730 apud
781 1675 927 1714 eum.

677 1749 843 1803 Eccli.
873 1748 1044 1814 “L9.
1068 1777 1137 1787 —
1157 1746 1278 1801 Noli
1300 1761 1419 1801 esse
1444 1744 1810 1814 pusillanimis
1835 1746 1888 1799 in
1914 1745 2175 1799 oratione

611 1848 723 1893 tua.

679 1926 843 1980 Eccli.
876 1942 1024 1990 xvm,
1056 1925 1144 1978 22.
1173 1954 1240 1966 —
1263 1925 1338 1978 Ne
1365 1924 1683 1992 impediaris
1708 1925 1939 1979 reddere
1965 1925 2172 1990 oratio-

611 2032 732 2070 nem
764 2016 994 2069 Domino
1023 2023 1266 2082 tempore
1293 2023 1628 2081 Opportuno.

681 2105 887 2158 Basilii.
907 2134 976 2143 —
995 2104 1156 2156 Auris
1180 2103 1384 2164 divina,
1409 2087 1542 2157 'voce
1571 2117 1677 2155 non
1700 2111 1822 2170 eget
1852 2102 1919 2154 ad
1947 2102 2172 2156 audien-
2247 2111 2253 2118 '

612 2193 952 2247 dum._N0vil.
973 2192 1116 2244 enim
1145 2191 1326 2243 statim
1350 2190 1408 2247 in
1428 2190 1554 2259 ipso
1592 2199 1742 2243 motu
1785 2189 1946 2258 576
1967 2189 2168 2252 cordis,

611 2299 674 2351 ea
706 2298 823 2351 qua:
848 2281 1209 2349 inquiramus.
1233 2280 1576 2350 dignoscere.
1627 2282 1820 2333 Anndn
1844 2279 2002 2332 audis
2026 2278 2171 2346 quod

551 2429 556 2433 _
612 2375 808 2431 Moses,
843 2387 967 2424 cum
995 2371 1133 2424 nihil
1165 2372 1483 2439 loqueretur
1506 2410 1520 2429 ,
1561 2370 1743 2424 tacitis
1764 2369 1878 2423 suis
1920 2367 2172 2436 suspiriis

616 2463 901 2536 Dominum
927 2460 1280 2528 interpellans
1306 2461 1478 2529 (Rom.
1503 2475 1619 2522 vtu,
1643 2459 1756 2529 '26),
1779 2459 2002 2512 auditus
2023 2457 2091 2509 ab
2105 2471 2172 2510 eo

617 2553 706 2615 sit,
747 2553 960 2606 dicente
986 2572 998 2605 :
1029 2551 1164 2615 Quid
1187 2551 1388 2604 clamas
1415 2551 1482 2604 ad
1516 2566 1595 2603 me
1622 2549 1817 2616 (Exod.
1842 2565 1952 2612 xuv,
1977 2543 2105 2617 15)?

687 2631 963 2692 Ju‘storum
986 2639 1131 2692 enim
1162 2653 1388 2704 operum
1421 2636 1732 2705 praisentia,
1762 2634 1999 2703 ingentis
2028 2633 2172 2702 apud

615 2727 785 2800 Deum
825 2714 1080 2783 clamoris
1109 2727 1283 2780 vicem
1318 2727 1498 2789 habet.

675 2835 948 2905 .Theologi.
975 2867 1044 2875 —
1071 2836 1147 2889 Ne
1172 2836 1487 2904 abjectioris
1518 2833 1686 2886 animi
1711 2831 2171 2901 velutque'sordi-

610 2923 790 2992 ,dioris
811 2933 989 2976 notam
1033 2924 1192 2977 nobis
1216 2939 1575 2984 arcessamus,
1618 2922 1748 2974 dum
1792 2921 2171 2989 minutaque-

619 3013 741 3067 dam
769 3029 870 3066 nec
895 3012 1052 3081 digna
1088 3013 1219 3065 satis
1249 3011 1530 3080 largientis
1558 3002 1958 3073 muniﬁcentia,
1999 3024 2030 3062 a
2059 3009 2172 3062 Deo

619 3103 978 3172 postulamus.

688 3191 949 3264 Chrysost.
990 3221 1059 3231 —
1099 3191 1288 3260 Magna
1333 3191 1578 3259 quasdam
1634 3207 1722 3244 res
1756 3199 1839 3244 est
1874 3192 2052 3245 oratio
2075 3233 2090 3257 ,
2125 3192 2172 3247 si

618 3284 800 3336 animo
831 3283 882 3334 in
914 3283 1079 3335 Deum
1113 3293 1262 3350 grato
1297 3296 1360 3333 ac
1393 3281 1628 3333 candore
1656 3279 1748 3332 ﬁat
1775 3297 1788 3331 :
1822 3281 1865 3333 si
1890 3295 1989 3334 nos
2023 3281 2172 3349 ipsos

623 3372 969 3424 instituamus
992 3409 1006 3432 ,
1041 3379 1100 3422 ut
1148 3366 1502 3422 nedum'cum
1530 3369 1824 3438 petitiones
1850 3370 2166 3437 accipimus,

625 3464 736 3514 Deo
766 3461 964 3527 gratias
1013 3475 1256 3527 agamus,
1307 3459 1400 3511 sed
1427 3468 1627 3511 etcum
1679 3458 1786 3511 illis
1821 3458 2167 3512 frustramur.

622 3550 957 3617 Quandoque
1007 3548 1152 3624 enim
1194 3548 1307 3609 dat,
1353 3547 1684 3614 quandoque
1728 3563 1858 3599 vero
1901 3563 2009 3600 non
2057 3548 2171 3612 dat,

625 3640 743 3693 utili
775 3649 1063 3706 utrumque
1095 3636 1502 3691 consilio."Sive
1530 3635 1694 3703 igitur
1728 3635 2024 3703 acceperis,
2061 3637 2174 3690 sive

625 3742 732 3780 non
764 3726 1058 3793 acceperis.
1088 3725 1251 3777 etiam
1289 3740 1398 3776 non
1433 3723 1783 3791 accipiendo,
1818 3723 1976 3791 plane
2020 3740 2176 3779 acce-

625 3815 752 3883 pisti
783 3833 794 3866 :
831 3817 942 3869 sive
971 3814 1368 3882 impetraveris,
1403 3815 1517 3867 sive
1554 3828 1662 3866 non
1693 3813 2096 3881 impetraveris,
2120 3823 2174 3868 et

626 3919 735 3958 non
795 3904 1164 3971 impetrando,
1215 3903 1403 3969 utique
1463 3902 1786 3968 impetrasti.
1838 3902 2173 3972 Quandoque

625 3992 772 4046 enim
799 4006 908 4044 non
947 3992 1210 4058 accipere,
1233 3989 1632 4042 conducibilius
1652 3998 1755 4042 est.
1781 3990 1915 4043 Nam
1939 3991 2044 4043 nisi
2065 4006 2172 4044 non

625 4079 874 4149 accipere
902 4078 1046 4132 haud
1076 4095 1194 4132 raro
1219 4094 1284 4129 ex
1309 4076 1507 4130 nostris
1545 4077 1846 4130 rationibus
1870 4088 2034 4142 esset,
2060 4094 2176 4131 om-

2261 593 2439 644 αὐτῶν
2465 595 2997 664 εἰσακουσθήσονται.
3023 598 3110 667 Μὴ
3147 599 3239 651 οὖν
3281 600 3584 669 ὁμοιωθῆτε
3621 603 3803 662 αὐτοῖς·

2261 677 2368 733 οἶδε
2397 682 2503 752 γὰρ
2534 686 2562 736 ὁ
2588 684 2775 754 Πατὴρ
2812 682 2961 755 ὑμῶν
2990 681 3063 740 ὧν
3093 689 3282 758 χρείαν
3343 689 3517 758 ἔχετε,
3572 690 3675 760 πρὸ
3726 689 3804 743 τοῦ

2264 769 2406 838 ὑμᾶς
2449 775 2669 841 αἰτῆσαι
2701 775 2883 826 αὐτόν.
3597 846 3600 849 τ

2347 861 2490 914 Ἰακ.
2518 868 2582 916 ε’.
2612 891 2682 902 —
2699 865 3011 917 Κακοπαθεῖ
3033 883 3114 927 τις
3135 867 3206 916 ἐν’
3227 866 3356 934 ὑμῖν
3376 883 3392 931 ;
3422 867 3801 938 προσευχέσθω.

2263 948 2504 1017 Εὐθυμεί
2519 966 2599 1013 τις
2621 967 2635 1015 ;
2661 951 2924 1019 ψαλλέτω.
2965 954 3204 1007 Ἀσθενεῖ
3239 971 3324 1016 τις
3365 958 3423 1007 ἐν
3469 957 3625 1025 ὑμῖν;
3657 973 3808 1027 προσ-

2265 1035 2580 1089 καλεσάσθω
2625 1040 2754 1102 τοὺς
2792 1040 3193 1110 πρεσϐυτέρους
3218 1042 3320 1108 τῆς
3361 1043 3702 1113 Ἐκκλησίας,
3725 1045 3806 1098 καὶ

2266 1126 2757 1196 προσευξάσθωσαν
2781 1129 2868 1180 ἐπ’
2900 1129 3082 1194 αὐτὸν,
3120 1131 3440 1200 ἀλείψαντες
3472 1134 3632 1186 αὐτὸν
3659 1134 3806 1202 ἐλαίῳ

2266 1221 2324 1272 ἐν
2348 1220 2424 1289 τῷ
2451 1221 2676 1291 ὀνόματι
2713 1224 2920 1291 Κυρίου
2947 1241 2961 1257 ο
3002 1225 3098 1278 καὶ
3150 1228 3183 1296 ἡ
3247 1225 3379 1296 εὐχὴ
3432 1229 3534 1297 τῆς
3593 1227 3804 1290 πίστεως

2269 1313 2430 1361 σώσει
2451 1322 2540 1362 τον
2570 1315 2864 1380 κάμνοντα,
2920 1315 3012 1367 καὶ
3061 1316 3247 1385 ἐγερεῖ
3277 1315 3451 1369 αὐτὸν
3496 1317 3525 1368 ὁ
3577 1316 3766 1385 Κύριος
3790 1333 3802 1348 ·

2268 1396 2369 1449 κᾶν
2399 1399 2670 1468 ἁμαρτίας
2756 1403 3094 1473 πεποιηκὼς,
3119 1405 3454 1475 ἀφεθήσεται
3476 1406 3640 1475 αὐτῷ.

2340 1489 2629 1567 ξολομσ-
2654 1490 2848 1543 Θυσίαι
2868 1491 3077 1544 ἀσεϐῶν
3102 1492 3590 1564 βδέλυγμακυρίῳ
3614 1511 3628 1524 ο
3659 1509 3805 1564 προσ-

2268 1575 2421 1644 ευχαὶ
2449 1575 2504 1628 δὲ
2534 1578 2987 1644 κατευθυνόντων,
3014 1581 3198 1634 δεκταλ⁵
3227 1584 3354 1652 παρ’
3377 1583 3544 1653 αὐτῷ.

2307 1816 2327 1840 Ι
2339 1751 2520 1817 Σιρὰχ
2558 1748 2620 1810 ζ’.
2643 1780 2708 1790 -
2721 1751 2812 1821 Μὴ
2828 1751 3220 1826 ὀλιγοψυχήσῃς
3238 1719 3244 1724 ι
3260 1757 3316 1808 ὲν
3331 1760 3398 1827 τῇ
3422 1760 3691 1829 προσευχῇ
3703 1774 3801 1813 σου.

2342 1920 2522 1988 Σιρὰχ
2554 1926 2647 1988 ιη’.
2672 1922 2762 1992 Μὴ
2791 1922 3090 1997 ἐμποδίσῃς
3121 1924 3216 1978 τοῦ
3241 1926 3534 1980 ἀποδοῦναι
3558 1927 3712 1998 εὐχὴν
3741 1928 3801 1998 (ο)

2271 2009 2559 2079 εὐκαίρως.

2333 2099 2675 2162 Βασιλείου.
2702 2129 2769 2140 —-
2813 2098 2878 2166 ἸΙ
2937 2099 3059 2153 θεία
3111 2102 3270 2170 ἀκοὴ,
3324 2103 3385 2154 οὐ
3435 2105 3615 2173 φωνῆς
3656 2103 3801 2155 δεῖται

2271 2187 2404 2254 πρὸς
2439 2186 2860 2260 αἴσθησινηοῖδε
2897 2184 3006 2265 γάρ
3032 2191 3144 2252 ,καὶ
3193 2193 3250 2243 ὲν
3292 2191 3371 2260 τῷ
3417 2194 3669 2262 κινήματι
3721 2191 3802 2260 τῆς

2271 2277 2492 2346 καρδίας
2526 2272 2788 2348 γνωρίσαι
2818 2280 2885 2333 τὰ
2925 2280 3340 2358 ἐπιζητούμενα.
3375 2283 3456 2337 “Il
3491 2284 3588 2335 οὐκ
3612 2281 3802 2343 ἀκούεις

2269 2365 2348 2416 ὅτι
2376 2368 2611 2436 Μωῡσῆς
2636 2369 2798 2437 μηδὲν
2821 2369 3210 2439 φθεγγόμενος,
3241 2373 3350 2432 τοῖς
3383 2372 3662 2441 ἀλαλήτοις
3695 2372 3803 2424 ἑαυ-

2269 2456 2362 2507 τοῦ
2411 2460 2728 2526 στεναγμοῖς
2759 2443 3205 2528 (ργὲντυγχάνων
3250 2459 3326 2527 τῷ
3373 2461 3580 2529 Κυρίῳ,
3601 2459 3802 2530 ὴκούετο

2271 2547 2418 2616 παρά
2449 2547 2542 2600 τοῦ
2570 2548 2796 2618 Κυρίου,
2815 2543 3084 2616 λέγοντοςο
3128 2550 3187 2602 Τί
3213 2547 3369 2616 ,βοᾷς
3397 2551 3547 2616 πρός
3571 2541 3670 2616 ac}

2343 2638 2560 2706 Ἔργων
2597 2638 2705 2708 γὰρ
2734 2639 2956 2692 δικαίων
2989 2630 3281 2709 παρουσία,
3317 2639 3687 2707 μεγαλοφωνία
3704 2637 3803 2689 ἐστὶ

2271 2728 2420 2797 παρά
2476 2728 2617 2798 Θεῷ.

2342 2813 2657 2908 Θεολόγου.
2687 2869 2758 2880 -
2784 2842 2876 2909 Μὴ
2941 2801 3291 2910 μικρολογίαν
3314 2837 3800 2907 ’καταγνωσθῶμεν,

2271 2929 2330 2979 ὲν
2357 2929 2435 2996 τῷ
2463 2933 2634 3000 μικρά
2661 2931 2834 2983 αἰτεῖν
2860 2933 3006 3000 ἡμᾶς
3035 2931 3132 2983 καὶ
3161 2931 3280 2984 τοῦ
3324 2931 3554 2992 διδόντος
3613 2929 3799 2994 ἀνάξια.

2344 3192 2640 3256 Χρυσοστ.
2666 3217 2734 3230 -
2766 3188 2928 3256 Μέγα
2960 3188 3161 3255 ἀγαθὸν
3193 3187 3345 3258 εὐχὴ,
3382 3187 3506 3258 ἐὰν,
3529 3186 3662 3256 μετά
3702 3185 3801 3237 δια·

2274 3280 2418 3342 νοίας
2445 3262 2763 3349 εὐχαρίστου
2803 3279 3028 3348 γένηται
3060 3295 3075 3308 ·
3111 3278 3206 3331 ὲάν
3236 3253 3607 3346 Μιδεύσῶμεν
3632 3273 3799 3328 ἑαυτοῦ

2277 3367 2351 3435 μὴ
2387 3367 2542 3436 μόνον
2593 3367 2978 3436 λαμϐάνοντες,
3039 3367 3176 3419 ἀλλὰ
3228 3367 3320 3420 καὶ
3366 3364 3800 3434 ἀποτυγχάνοντες

2273 3457 2611 3527 εὐχαριστεῖν
2649 3457 2728 3526 τῷ
2766 3457 2904 3525 Θεῷ.
2960 3457 3068 3509 Καὶ
3119 3455 3229 3524 γὰρ
3282 3455 3410 3507 ποτε
3469 3455 3569 3522 μὲν
3621 3448 3798 3513 δίδωσι,

2270 3549 2472 3615 ἀμφότε
2485 3565 2549 3616 ρα
2569 3566 2672 3617 χρη
2682 3551 2730 3600 σί
2739 3566 2871 3617 μως.
2899 3548 3064 3600 Ὥστε
3087 3547 3191 3600 κᾶν
3209 3545 3400 3614 λάϐῃς,
3423 3545 3527 3596 κᾶν
3544 3542 3617 3611 μὴ
3632 3539 3800 3609 λάϐῃς,

2272 3631 2459 3696 ἔλαϐες
2489 3636 2544 3684 ὲν
2565 3635 2641 3702 τῷ
2672 3635 2744 3704 μὴ
2777 3634 3087 3688 ἀπολαϐεῖν.
3119 3633 3238 3687 Κᾶν
3269 3633 3554 3701 ἐπιτύχῃς,
3597 3630 3692 3682 κᾶν
3739 3626 3800 3696 μὴ

2275 3722 2557 3792 ἐπιτύχῃς,
2614 3724 2799 3792 ἔτυχες
2851 3727 2908 3777 ὲν
2961 3724 3036 3794 τῷ
3093 3724 3168 3793 μὴ
3207 3725 3500 3791 ἐπιτυχεῖν.
3530 3717 3799 3784 Ἐστιγὰρ

2272 3811 2360 3862 ὅτε
2376 3811 2443 3862 τὸ
2479 3811 2552 3879 μὴ
2583 3809 2762 3862 λαϐεῖν
2793 3812 3247 3881 λυσιτελέστερον.
3282 3813 3345 3863 Ei
3394 3811 3503 3880 γὰρ
3523 3822 3535 3836 ‘
3559 3809 3630 3879 μὴ
3685 3822 3802 3871 συμ-

2274 3901 2437 3970 φέρον
2465 3903 2595 3970 ἡμῖν
2617 3897 2683 3971 ἦν
2723 3901 2978 3964 πολλάκις
3001 3901 3062 3955 τὸ
3092 3902 3166 3972 μὴ
3191 3901 3396 3965 λαϐεῖν,
3447 3902 3661 3960 πάντως
3700 3896 3804 3946 ἔδω-

2274 4006 2368 4042 κεν
2415 3991 2498 4042 ἄν.
2534 3991 2606 4042 Τὸ
2653 3993 2708 4044 δὲ
2759 3993 3141 4060 συμφερόντως
3195 3994 3509 4061 ἀποτυχεῖν,
3559 3989 3805 4056 ἐπιτυχεῖν

2277 4083 2442 4132 ἐστιν.
3091 4079 3096 4083 ’

631 4145 761 4236 nino
833 4170 993 4221 etiam
1061 4176 1342 4235 praestaret
1391 4181 1454 4218 ac
1525 4165 1700 4218 daret.
1748 4165 1825 4218 lta
1860 4181 1991 4219 vero
2039 4182 2150 4220 non
2213 4166 2526 4236 impetrare,
2573 4157 2634 4223 iit
2685 4172 2789 4224 hoc
2832 4173 3005 4240 ipsum
3054 4172 3186 4226 utile
3231 4172 3301 4224 sit
3344 4185 3408 4224 ac
3452 4145 3801 4240 com-modum,

633 4265 856 4322 prorsus
887 4266 969 4310 est
1001 4258 1319 4324 impetrare.

700 4345 834 4398 Cum
857 4349 1029 4401 oratio
1062 4348 1280 4402 mundis
1303 4363 1369 4400 ex
1398 4345 1554 4400 labiis
1579 4345 1970 4416 proficiscitur,
2003 4361 2179 4415 exque
2213 4353 2256 4408 υ

3646 4239 3739 4274 χχ

2359 4348 2529 4397 ’Ὅταν
2569 4351 2630 4399 ὲκ
2665 4347 2915 4416 καθαρῶν
2940 4349 3162 4416 χειλέων
3196 4349 3484 4419 ἐξέρχηται
3511 4350 3703 4419 δέησις,
3728 4349 3806 4402 καὶ
3830 4397 3834 4400 .

2122 4523 2345 4579 NOTAE.

707 4656 779 4724 (ο)
821 4653 928 4705 Τοῦ
987 4654 1310 4724 ἀποδοῦναι
1365 4654 1567 4717 εὐχήν.
1634 4641 1864 4707 Videtur:
1893 4723 1896 4724 ν
1925 4645 2182 4710 Maximus

639 4743 737 4794 pro
763 4723 1006 4776 Oratione
1039 4723 1354 4794 sumpsisse,
1390 4725 1466 4774 uti
1490 4735 1543 4775 et
1575 4725 1727 4794 Vulg.
1781 4723 1855 4794 Ne
1883 4723 2184 4794 impeidiaris

643 4790 797 4861 orare
835 4809 1069 4860 semper;
1116 4790 1361 4858 quamvis
1409 4792 1861 4861 ,vox_reddendi.
1890 4793 2060 4861 magis
2107 4795 2186 4845 vi-

641 4859 833 4914 deatur
872 4863 1143 4913 insinuare
1174 4865 1380 4918 votum,
1411 4859 1552 4928 quod
1582 4860 1804 4928 perinde
1829 4859 2098 4928 significat
2123 4878 2185 4916 ea

644 4945 762 4985 vox,
788 4939 843 4980 ut
875 4940 1061 4980 auctor
1089 4928 1308 4979 Hieron.
1349 4927 1506 4992 epist.
1551 4927 1614 4978 ad
1665 4926 1915 4979 Sunium.
1971 4927 2106 4990 Quil
2140 4933 2184 4982 si

640 4998 814 5049 oratio
843 5008 897 5048 et
922 5000 1028 5064 ipsa
1060 5007 1114 5047 ut
1146 4995 1385 5064 debitum
1420 4995 1738 5056 attenditur,
1772 5012 1876 5063 qua
1903 5006 2187 5048 teneamur

642 5067 770 5124 Deo,
797 5075 1060 5131 quatenus
1087 5065 1245 5115 habet
1281 5063 1516 5114 divinam
1550 5064 1784 5126 laudem,
1812 5067 2036 5132 ejusque
2061 5079 2188 5115 con-

645 5135 932 5184 fessionem
957 5143 1009 5183 et
1038 5133 1205 5184 nostri
1258 5133 1609 5197 agnitionem,
1634 5150 1738 5200 qua
1790 5134 1998 5185 ratione
2044 5133 2184 5182 haud

644 5201 868 5250 dubium
899 5217 1013 5252 eam
1056 5202 1211 5252 nobis
1239 5212 1552 5267 prmeeptam
1581 5217 1736 5262 esse;
1770 5211 1823 5254 et
1855 5200 2074 5268 quidem
2102 5215 2187 5250 as-

642 5269 874 5326 siduam,
903 5278 960 5318 ut
995 5271 1160 5334 magis
1204 5272 1468 5335 expressit
1507 5271 1700 5323 Paulus
1740 5272 1755 5322 l
1799 5271 1988 5322 Thess.
2023 5284 2072 5326 v,
2103 5269 2184 5328 l7,

643 5337 966 5403 agmivitque
999 5338 1336 5402 interpresin
1364 5339 1446 5389 his
1472 5339 1672 5398 verbis,
1708 5340 1814 5390 nisi
1863 5353 1959 5404 pro
2001 5338 2183 5386 53mi—

645 5421 770 5472 ρως,
807 5405 1062 5469 διηνεκῶς
1093 5406 1298 5464 habuit,
1338 5407 1476 5470 quod
1499 5409 1699 5457 assidua
1729 5418 1830 5467 est,
1852 5416 1905 5457 et
1927 5405 2068 5472 quod
2101 5405 2188 5454 ille

647 5472 881 5523 reddidit
908 5489 1148 5538 semper;
1183 5475 1385 5523 ntrovis
1441 5486 1583 5526 certe
1621 5476 1880 5528 adverbio
1929 5472 2188 5525 indicav:t

646 5540 732 5591 ltie
766 5540 816 5591 dt
856 5543 1099 5592 oratione
1159 5542 1302 5605 loqui
1354 5558 1560 5593 sacrum
1619 5548 1956 5610 scriptorem.
1985 5542 2187 5610 dequa

659 5625 709 5659 ιιι
728 5613 1023 5674 δοιμμιηιιη,
1050 5612 1171 5677 trita
1205 5611 1455 5669 53.31.1111
1483 5613 1667 5676 ἑτοίμα
1681 5609 1764 5661 τόν
1793 5612 2005 5661 σαυτόν.
2031 5609 2186 5673 Vulg.

655 5684 781 5733 λειςιε
817 5681 978 5727 oratiu
1023 5701 1046 5731 ε
1072 5699 1094 5728 ιε
1125 5696 1364 5742 pru‘przm
1409 5681 1636 5730 animum
1695 5691 1857 5732 tuam.
1885 5680 1994 5731 Nec
2031 5677 2189 5729 aliter

2282 4658 2438 4710 Amb.
2493 4657 2711 4709 Exhort.
2771 4654 2840 4706 ad
2893 4657 3156 4725 virgines:
3207 4671 3307 4710 nec
3350 4659 3496 4711 satis
3553 4657 3806 4712 commodo

2281 4726 2565 4846 {eddatun
2612 4734 2896 4793 antequam
2939 4734 3138 4788 voveat,
3189 4735 3249 4778 ut
3297 4726 3625 4780 existimavit
3662 4726 3805 4781 Nubi-

2305 4810 2406 4846 ius.

2305 4810 2406 4846 IIIS.

2357 4861 2430 4927 (p)
2500 4863 2625 4926 Τοῖς
2655 4861 2977 4927 ἀλαλήτοις
3009 4861 3190 4914 αὐτοῦ
3216 4863 3586 4927 στεναγμοῖς.
3612 4864 3807 4916 lacuar-

2285 4930 2536 4981 rabilibus
2571 4933 2737 4984 vertit
2771 4931 3039 4998 interpres
3069 4929 3228 4982 Rom.
3261 4944 3377 4987 vni.
3411 4946 3521 4996 quo
3549 4933 3710 4998 palam
3741 4947 3810 4982 re-

2287 5000 2447 5068 spicit
2487 4999 2736 5052 Basilius.
2769 4997 2977 5068 Erasin.
3015 4998 3042 5068 l_
3071 4997 3224 5068 Petr.
3257 5014 3293 5058 ι,
3340 4999 3412 5068 ’τὸ
3430 4997 3574 5068 χαρᾷ
3607 5000 3806 5052 ἀνεκλα-

2286 5067 2450 5133 λήτῳ,
2478 5069 2671 5136 gaudio
2689 5067 2956 5136 ineffabili,
2993 5065 3083 5119 ubi
3109 5065 3306 5136 iterum
3340 5065 3519 5134 V’ulgl
3540 5065 3718 5136 gaudia
3739 5069 3808 5118 in-

2288 5134 2590 5186 enarrabili.
2632 5134 2725 5188 llic
2747 5134 3333 5206 visumicommodius,
3369 5134 3807 5206 tacitisgemitibu

2288 5218 2347 5254 ac
2382 5213 2556 5255 mente
2595 5205 2814 5269 pressis,
2841 5205 3099 5268 nulloque
3130 5202 3282 5255 vocis
3297 5217 3430 5254 sono
3453 5202 3655 5257 divinas
3674 5217 3807 5256 aures

2291 5271 2648 5336 pulsantibus,
2699 5286 2861 5339 quem
2918 5285 3135 5323 sensum
3185 5286 3247 5323 ea
3278 5286 3380 5334 vos
3430 5275 3572 5326 nulla
3605 5275 3660 5326 vi
3691 5275 3807 5324 ferre

2291 5349 2484 5404 potest,
2519 5355 2618 5393 nec
2641 5341 2747 5393 alio
2784 5339 2994 5405 accepit
3018 5339 3266 5392 Basilius.
3302 5340 3420 5390 Alio
3467 5352 3640 5394 autem
3669 5353 3806 5394 sensu

2289 5408 2539 5474 ἀλάλητοι
2574 5408 2885 5472 στεναγμοῖ,
2917 5422 3150 5473 quorum
3189 5409 3243 5460 in
3281 5407 3440 5460 nobis
3483 5421 3665 5462 auctor
3695 5407 3808 5461 divi-

2291 5491 2389 5525 nus
2433 5478 2697 5543 Spiritus,
2735 5474 3114 5546 inenarrabiles
3161 5477 3380 5545 gemitus
3430 5495 3525 5546 pro
3555 5494 3613 5530 ea
3645 5477 3690 5528 Vi
3731 5476 3808 5526 im-

2292 5546 2534 5609 petrandi
2561 5561 2720 5612 qutun
2750 5544 2949 5596 habent
2991 5552 3046 5596 et
3090 5544 3537 5612 priestantia,itali
3594 5555 3807 5601 auctore.

2291 5628 2450 5676 supra
2491 5630 2652 5666 otnne
2711 5612 2856 5681 quod
2894 5621 2984 5664 aut
3033 5613 3180 5682 loqui
3237 5622 3331 5664 aut
3389 5615 3682 5687 intelligere
3709 5623 3809 5671 νοῦ·

2291 5696 2494 5732 διιηιιιδ.
