3948 6338
579 433 680 492 διι

1749 432 1806 489 s.
1853 430 2134 490 unum
2172 390 2674 496 eosressOms

3705 435 3799 499 812

585 547 741 614 petis,
765 547 915 600 velut
938 547 1004 610 is,
1031 531 1120 615 qui
1148 546 1380 600 febrium
1402 537 1691 600 ardoribus
1712 559 1937 603 exustus
1958 549 2146 602 vinum

2249 549 2276 600 ὁ
2324 551 2604 619 πυρέττων
2642 552 2927 622 ἄνθρωπος
2982 555 3285 626 παρακαλεῖ
3314 555 3615 626 παρασχεῖν
3663 554 3797 624 αὐτῷ

577 634 682 686 sibi
729 636 958 704 pra-beri
1011 645 1192 705 rogat;
1239 637 1331 704 qui
1394 637 1576 689 futura
1627 638 2142 707 prospiciat-Deus,

579 733 725 776 luam
761 726 984 780 minime
1028 727 1361 797 voluntatem
1389 725 1538 791 facit,
1570 743 1670 781 nec
1686 728 1842 797 quod
1875 723 2028 782 extra
2057 745 2146 782 ra-
2178 792 2185 798 _

581 812 783 865 tionem
819 813 1028 881 ﬂagitas
1059 814 1269 869 tribuit.

651 900 724 952 Ne
755 901 808 953 in
847 903 1092 958 oratione
1124 904 1341 958 divitias
1365 906 1667 974 qumsieris,
1694 923 1802 961 non
1831 909 2142 974 sanitatem,

577 989 660 1042 vel
709 999 765 1042 ut
813 991 882 1042 ho
938 1008 997 1046 e3
1030 994 1343 1058 ulciscaris;
1389 1011 1499 1048 non
1545 997 1835 1052 lmmanam
1879 1000 2143 1067 gloriam;

576 1077 671 1132 sed
716 1096 778 1133 ea
826 1096 884 1134 so
931 1084 1168 1137 unmodo
1200 1100 1321 1153 qua:
1371 1085 1435 1139 ad
1472 1087 1638 1140 animi
1669 1089 1899 1143 salutem
1933 1091 2144 1144 condu-

577 1175 725 1221 Cﬂlll.
982 1189 984 1191 ’

646 1255 1115 1319 Quemadmodum
1152 1270 1210 1314 ut
1247 1262 1500 1331 spiritum
1527 1263 1697 1319 ducas
1727 1281 2007 1336 nunquam
2034 1283 2144 1321 non

577 1353 790 1413 tempus
821 1356 905 1400 est
937 1363 1002 1402 ac
1048 1359 1439 1418 opportunum,
1473 1354 1552 1407 sic
1590 1370 1769 1422 neque
1815 1365 1876 1411 ut
1917 1358 2145 1426 mystica

567 1448 802 1489 munera
851 1437 926 1490 .ad
974 1448 1276 1493 extremum
1328 1456 1501 1510 usque
1541 1443 1794 1512 spiritum
1839 1459 1869 1498 a
1914 1445 2144 1501 Domino

573 1532 748 1592 petas.

646 1613 782 1667 Cum
811 1615 940 1669 boni
975 1618 1206 1689 alicujus
1238 1622 1609 1690 consequendi
1640 1639 1803 1681 causa
1830 1626 1999 1680 Deum
2025 1641 2145 1681 ora—

575 1702 738 1765 veris,
763 1719 866 1757 ncc
887 1706 1174 1761 confestim
1198 1710 1490 1767 exauditus
1512 1714 1710 1780 (ueris;
1735 1715 1846 1768 noli
1868 1704 2142 1786 negligere

574 1807 713 1848 neve
757 1795 1098 1864 despondeas
1141 1803 1406 1864 animum,
1454 1818 1594 1872 saepe
1644 1805 1790 1859 enim
1823 1806 2016 1874 petitio
2047 1815 2142 1877 tua

579 1884 635 1938 in
667 1901 780 1940 rem
820 1894 965 1941 tuam
999 1904 1104 1942 non
1134 1891 1411 1946 conducit.

646 1974 867 2030 Aristot.
888 2007 956 2016 --
974 1977 1077 2043 Qui
1106 1995 1298 2048 preces
1325 1982 1506 2048 (dfert,
1538 1985 1778 2053 prudens
1801 1987 2026 2042 exsistat
2051 2005 2146 2043 ne-

577 2077 730 2120 cesse
773 2076 856 2122 est
884 2085 896 2120 :
925 2084 992 2124 ne
1040 2071 1357 2140 imprudens
1398 2075 1650 2145 sibiipsc
1686 2078 1889 2132 malum
1921 2081 2144 2150 aliquod

575 2165 717 2210 oret.

643 2244 1240 2322 Alexander_.-—5'78
1287 2252 1588 2308 Alexander
1642 2268 1769 2319 rex,
1819 2272 1943 2313 cum
1986 2261 2145 2317 Anti-

576 2339 734 2400 pater
776 2317 1039 2390 adt'erstis
1075 2347 1301 2393 matrem
1345 2338 1513 2394 multa
1549 2342 1814 2398 scriberet
1851 2361 1914 2400 ac
1957 2349 2144 2403 crimi-

575 2431 806 2478 naretur
845 2443 856 2478 :
904 2426 1113 2489 Nescis,
1154 2429 1353 2497 inquit,
1397 2434 1701 2500 Antipater,
1753 2438 1945 2493 matris
1979 2456 2142 2494 unam

574 2511 888 2584 lacrymam,
924 2519 1108 2574 multis
1147 2521 1590 2578 accusationibus
1623 2525 1899 2581 confertas
1938 2529 2144 2598 cpisto-

576 2600 657 2656 las
684 2603 906 2659 delere?

594 2757 600 2763 _
646 2692 1272 2768 Epicuri.—Siquidem
1314 2702 1460 2757 Deus
1504 2704 1760 2762 humanis
1793 2724 1851 2764 se
1886 2713 2144 2779 precibus

577 2783 789 2837 facilem
840 2788 1095 2842 redderet
1139 2792 1313 2859 iisque
1363 2794 1779 2864 obsequeretur,
1829 2803 2141 2864 universum

579 2888 750 2941 genus
783 2877 1081 2932 humanum
1113 2897 1275 2950 quam
1301 2884 1409 2938 cito
1447 2885 1730 2953 interiret;
1760 2904 1882 2942 cum
1915 2893 2146 2948 Subinde

579 2966 747 3018 multa
792 2977 845 3022 et
880 2971 1076 3026 acerba
1123 2973 1216 3027 irae
1247 2973 1572 3043 impotentes
1613 2979 1707 3031 alii
1737 2979 1791 3031 in
1835 2981 1971 3035 alios
2011 2999 2143 3052 pre-

581 3065 793 3111 rentur.

647 3146 867 3200 isocrat.
892 3141 1134 3206 —-Tune
1167 3151 1416 3208 homines
1462 3155 1685 3211 meliore
1717 3158 1872 3228 fruge
1919 3178 2142 3233 compo-
2169 3183 2211 3240 ε

577 3244 804 3300 nuntur,
828 3254 950 3292 eum
974 3240 1040 3294 ad
1061 3242 1230 3296 Deum
1259 3244 1523 3299 accedunt
1547 3265 1558 3298 :
1583 3248 1743 3316 eique
1773 3251 1910 3306 adeo
1937 3254 2144 3310 similes

575 3333 724 3387 sunt,
757 3336 813 3378 ut
843 3328 950 3381 sint
976 3330 1205 3386 beneﬁci
1237 3342 1292 3386 ct
1315 3336 1600 3390 veritatem
1632 3340 1833 3394 colant.

646 3411 1064 3483 Biantis—Is,
1119 3435 1241 3474 cum
1295 3420 1589 3490 aliquando
1639 3443 1744 3481 una
1794 3446 1916 3483 cum
1967 3432 2146 3501 impiis

579 3503 900 3569 quibusdam
933 3508 1148 3577 navigio
1186 3511 1504 3578 veheretur,
1539 3517 1770 3588 navique
1800 3523 2036 3589 procella
2063 3525 2146 3593 ja-

581 3602 740 3657 ctata,
785 3596 860 3648 illi
897 3597 1029 3651 deos
1077 3599 1392 3657 invocarent
1425 3623 1436 3658 :
1470 3607 1659 3676 Silcle,
1705 3611 1902 3682 inquit,
1947 3630 2014 3669 ne
2047 3632 2146 3670 nos

577 3683 818 3736 sentiant
855 3686 943 3738 hic
973 3687 1245 3757 navigare.
1300 3710 1319 3730 -'

649 3771 775 3839 Eos,
808 3775 899 3842 qui
932 3792 962 3828 a
995 3775 1101 3830 diis
1136 3781 1414 3835 meliorem
1466 3794 1701 3839 mentem
1746 3797 2012 3854 peterent,
2047 3807 2147 3846 nec

580 3865 681 3935 ipsi
716 3870 925 3937 seipsos
961 3873 1254 3926 emendare
1285 3876 1589 3940 studerent,
1622 3879 1816 3933 stultos
1845 3881 2059 3938 dicebat
2085 3901 2148 3940 ac

575 3959 828 4026 Itupidos
855 3977 867 4012 :
897 3976 996 4015 nec
1051 3964 1208 4015 enim
1236 3965 1521 4032 'pictorem
1571 3983 1601 4020 a
1649 3970 1753 4024 diis
1797 3973 2037 4039 precari,
2089 3986 2149 4030 ut

580 4048 778 4102 lineam
823 4050 955 4103 dent
1005 4067 1065 4105 ac
1110 4068 1330 4108 suavem
1362 4057 1621 4122 colorem,
1666 4061 1797 4126 quin
1819 4071 2000 4116 artem
2035 4065 2148 4133 ipse

577 4137 862 4203 didicerit;
900 4155 1001 4194 nec
1048 4157 1180 4196 vero
1228 4144 1402 4197 ullum
1449 4146 1684 4200 evadere
1722 4149 1988 4203 musicum
2035 4152 2149 4219 ipsa

580 4241 803 4293 precum
852 4228 923 4290 vi,
966 4227 1070 4282 nisi
1119 4231 1506 4300 condiscantur
1550 4249 1671 4300 qua:
1716 4223 1843 4288 sunt
1888 4239 2144 4294 musices.

580 4315 783 4369 Eodem
813 4317 976 4369 modo
1008 4333 1076 4371 ne
1106 4318 1431 4386 prudentem
1456 4321 1676 4389 quidem
1705 4324 1873 4378 ullum
1908 4341 2146 4396 unquam

581 4404 695 4458 fore
742 4405 1038 4474 precando,
1081 4409 1186 4484 nisi
1235 4425 1423 4465 earum
1470 4427 1651 4467 rerum
1684 4414 2024 4485 disciplinam
2059 4436 2150 4474 co-

579 4489 764 4548 luerit.

1180 4666 1408 4723 SERMO
1447 4669 1559 4723 XV.

586 4751 658 4805 De
701 4753 937 4806 doctrina
981 4762 1030 4806 et
1083 4756 1294 4824 litteris,
1342 4776 1429 4812 seu
1465 4760 1758 4831 eloquentia
1807 4773 1855 4816 et
1895 4783 2151 4822 sermone.

621 4845 837 4897 -Mauli.
865 4863 915 4909 γ,
951 4847 1034 4900 19.
1058 4879 1128 4887 —
1150 4848 1319 4903 Amen
1369 4851 1492 4906 dico
1529 4853 1706 4919 vobis,
1749 4856 1842 4923 qui
1876 4856 2069 4912 fecerit
2100 4868 2157 4914 et

2199 697 2203 700 ,
2250 636 2410 704 οἶνον,
2443 643 2764 711 προϐλέπων
2809 646 2838 696 ὁ
2894 644 3026 708 Θεὸς
3050 647 3117 698 τὰ
3148 647 3403 715 μέλλοντα
3457 646 3518 698 οὐ
3579 646 3717 697 ποιεῖ
3739 645 3793 697 τδ

2252 729 2463 802 θέλημά
2488 751 2604 800 σου,
2634 734 2751 806 om}.
2802 735 3027 805 παρέχει
3065 736 3162 805 τὴν
3190 738 3474 804 ἀλόγιστον
3501 735 3698 805 δέησιν.
3765 768 3767 770 -

2319 910 2410 981 Μὴ
2432 911 2662 964 πλοῦτον
2693 913 2750 964 ἐν
2777 912 2956 982 δεήσει
2995 913 3233 984 ζητήσῃς
3254 953 3270 976 ,
3302 913 3376 984 μὴ
3405 890 3611 978 ὑγείαν,
3645 909 3786 979 ῆτῶν

2222 1001 2460 1071 ’ἐχθρῶν
2497 1004 2740 1071 ἄμυναν
2778 1005 2850 1074 μὴ
2875 1004 3034 1067 δόξαν
3061 1005 3438 1074 ἀνθρωπίνην·
3476 1003 3613 1056 ἀλλὰ
3652 1003 3781 1072 μόνον

2249 1091 2316 1143 τὰ
2348 1089 2703 1143 συντελοῦντα
2729 1092 2861 1160 πρὸς
2897 1093 3165 1163 σωτηρίαν
3190 1092 3390 1162 ψυχῆς.

2320 1267 2530 1336 Ὠσπερ
2559 1266 2620 1318 τὸ
2647 1267 2904 1319 ἀναπνεῖν
2935 1267 3190 1319 οὐδέποτε
3213 1268 3469 1336 ἄκαιρον,
3499 1265 3665 1326 οὕτως
3678 1262 3780 1318 οὔτε

2248 1356 2308 1407 τὸ
2337 1354 2598 1408 αἰτεῖσθαι
2643 1356 2794 1426 παρὰ
2826 1357 3029 1425 Κυρίου
3058 1357 3334 1425 αἰτήματα
3365 1355 3602 1424 μυστικά
3618 1355 3780 1426 μέχρις

2249 1446 2481 1515 ἐσχάτης
2509 1446 2803 1515 ἀναπνοῆς.

2321 1622 2487 1674 ’Ὀταν
2519 1623 2645 1692 περι
2681 1639 2823 1685 τινος
2854 1622 3060 1689 ἀγαθοῦ
3096 1621 3481 1692 παρακαλέσῃς
3517 1621 3606 1674 τὸν
3650 1617 3776 1681 Θεὸν,

2249 1713 2342 1766 καὶ
2376 1713 2450 1781 μὴ
2503 1713 2796 1784 εἰσακούσῃ
2821 1730 2914 1765 σου
2945 1711 3287 1782 παραυτέκα,
3343 1711 3416 1778 μὴ
3442 1710 3772 1776 ὀλιγωρήσῃς.

2253 1803 2386 1872 μηδὲ
2411 1803 2809 1874 ὀλιγοψυχήσῃς
2828 1821 2840 1834 ·
2878 1802 3131 1863 πολλάκις
3163 1801 3269 1868 γὰρ
3307 1801 3441 1868 πμις
3462 1797 3522 1849 τὸ
3544 1795 3704 1864 παρὸν
3724 1793 3772 1846 οὐ

2180 1878 2223 1930 Β
2254 1894 2522 1964 συμφέρει
2550 1912 2632 1947 σοι
2650 1898 2710 1947 τὸ
2745 1898 2970 1962 αἴτημα.

2329 1987 2617 2051 Ἀριστοτ.
2654 2015 2722 2025 -
2756 1984 2857 2036 Tim
2908 1982 3198 2052 εὐχόμενον
3235 1978 3314 2029 δεῖ
3341 1977 3601 2046 φρόνιμον
3625 1967 3784 2026 εἶναι’·

2251 2075 2322 2145 μὴ
2351 2075 2489 2146 λάθῃ
2512 2093 2562 2128 τι
2603 2075 2766 2128 κακὸν
2797 2072 3084 2141 εὐξάμενο;
3117 2066 3312 2136 ἐαυτῷ.

2326 2243 2671 2311 Ἀλέξανδρ.
2703 2273 2770 2286 -
2799 2241 3139 2310 Ἀλέξανδρος
3173 2242 3200 2292 ὁ
3235 2238 3507 2308 βασιλεὺς,
3531 2237 3646 2289 ἐπεὶ
3679 2237 3773 2288 Ἀν-

2243 2322 2502 2403 τίπατρος
2556 2330 2702 2400 αὐτῷ
2750 2331 2920 2384 πολλὰ
2961 2329 3104 2382 κατὰ
3151 2328 3248 2394 τῆς
3292 2326 3500 2396 μητρὸς
3545 2325 3769 2394 ἔγραφεν,

2257 2424 2510 2490 Ἀγνοεῖς,
2545 2423 2669 2492 ἔφη,
2717 2421 3055 2489 Ἀντίπατρε,
3085 2420 3166 2471 ὅτι
3222 2417 3430 2486 μητρὸς
3471 2417 3528 2470 ἓν
3551 2417 3770 2484 δάκρυον,

2246 2515 2454 2567 πολλῶν
2489 2512 2749 2566 διαϐολῶν
2779 2510 3066 2572 ἐπιστολὰς
3090 2507 3376 2576 ἀπαλείφει
3403 2525 3419 2573 ;

2323 2695 2616 2760 Ἐπικούρ.
2666 2720 2736 2729 -
2766 2690 2830 2742 Εἰ
2857 2691 2978 2751 ταῖς
3034 2688 3140 2740 τῶν
3188 2684 3492 2755 ἀνθρώπιον
3541 2684 3710 2752 εὐχαῖς
3749 2682 3772 2730 6

2242 2789 2373 2850 Θεὸς
2429 2784 2838 2855 κατηκολούθει,
2902 2782 3092 2834 θᾶττον
3143 2781 3209 2833 ἂν
3265 2779 3550 2832 ἀπόλοιντο
3597 2778 3770 2838 πάντες

2244 2876 2540 2943 ἄνθρωποι,
2577 2874 2816 2941 συνεχῶς
2843 2870 3012 2923 πολλὰ
3035 2869 3128 2922 καὶ
3161 2868 3375 2938 χαλεπά
3406 2870 3526 2920 κατ’
3555 2866 3770 2933 ἀλλήλων

2247 2966 2551 3035 εὐχόμενοι.

2329 3155 2607 3223 Ἰσοκράτ.
2629 3155 2776 3207 -Οἱ
2809 3152 3082 3223 ἄνθρωποι
3113 3151 3233 3204 τότε
3269 3152 3507 3218 γίνονται
3539 3149 3770 3219 βελτίους,

2245 3249 2370 3299 ὅταν
2391 3247 2508 3315 Θεῴ
2547 3246 2957 3316 προσέρχωνται
2986 3259 3000 3273 ο
3035 3244 3218 3312 ὅμοιον
3251 3243 3305 3296 δὲ
3339 3243 3521 3311 ἔχουσι
3553 3241 3682 3310 Θεῷ,
3722 3240 3774 3292 τὸ

2247 3338 2554 3406 εὐεργετεῖν
2583 3335 2678 3387 καὶ
2702 3332 3007 3405 ἀληθεύειν.

2313 3429 2476 3492 Βίας.
2503 3456 2573 3464 --
2598 3419 2764 3488 Οὗτος
2814 3422 3102 3494 συμπλέων
3161 3421 3287 3474 ποτὲ
3324 3423 3562 3486 ἀσεϐέσι,
3608 3435 3777 3489 χειμα-

2246 3519 2478 3588 ζομένης
2523 3518 2622 3586 τῆς
2678 3515 2855 3581 νεὼς,
2905 3515 3171 3568 κάκείνων
3220 3514 3385 3575 Θεοῦς
3443 3511 3804 3578 ἐπικαλουμέ-⁸

2246 3628 2372 3674 νων,
2425 3611 2652 3676 Σιγᾶτε,
2719 3606 2864 3675 ἔφη,
2916 3605 2990 3675 μὴ
3053 3604 3345 3657 αἴσθωνται
3410 3605 3558 3673 ἡμᾶς
3615 3601 3778 3654 ἐνθάδε

2246 3700 2528 3762 πλέοντας.

2316 3791 2452 3853 Τοὺς
2479 3788 2830 3858 αἰτουμένους
2855 3785 3005 3856 παρὰ
3033 3785 3142 3836 τῶν
3166 3782 3316 3857 Θεῶν
3347 3782 3547 3852 φρένας
3570 3781 3778 3849 ἀγαθὰς,

2248 3885 2341 3936 καὶ
2375 3881 2447 3952 μὴ
2477 3881 2700 3940 ἑαυτοὺς
2734 3876 3106 3939 παιδεύοντας,
3163 3875 3522 3946 ἀναισθήτους
3566 3875 3780 3944 ἔφασκεν

2249 3971 2404 4025 εἶναι.
2465 3969 2601 4022 Οὐτε
2651 3967 2760 4038 γὰρ
2823 3965 3109 4036 ζωγράφον
3151 3965 3446 4035 εὐχόμενον
3497 3967 3607 4026 τοῖς
3657 3963 3782 4030 θεοῖς

2248 4063 2430 4116 δοῦναι
2478 4059 2626 4129 αὐτῷ
2661 4057 2924 4129 γραμμὴν
2970 4057 3063 4110 καὶ
3105 4055 3357 4126 εὐχροιαν
3402 4057 3585 4110 λαϐεῖν
3613 4055 3694 4114 ἀν,
3739 4049 3782 4101 ει

2253 4151 2328 4221 μὴ
2357 4151 2514 4219 μάθοι
2539 4148 2737 4218 τέχνην
2757 4163 2772 4178 °
2828 4147 2952 4200 οὗτε
3011 4148 3268 4217 μουσικὸν
3308 4147 3560 4214 γενέσθαι
3586 4143 3696 4195 ποτ’
3722 4138 3781 4191 ἃν

2249 4241 2431 4294 ἕνεκεν
2465 4239 2650 4309 εὐχῆς,
2681 4241 2728 4290 εἰ
2773 4237 2848 4308 μὴ
2875 4238 2945 4291 ἂν,
2978 4237 3046 4290 τὰ
3082 4237 3315 4304 μουσικὰ
3361 4235 3542 4304 μάθοι.
3594 4233 3690 4285 Τὸν
3731 4228 3782 4280 δὲ

2249 4331 2410 4384 αὐτὸν
2441 4329 2661 4399 τρόπον,
2719 4327 2827 4378 οὐδ’
2865 4326 2930 4377 ἂν
2971 4324 3232 4395 φρόνιμόν
3261 4341 3384 4376 τινα
3431 4321 3678 4391 γενέσθαι
3701 4317 3782 4371 εὑ·-

2252 4421 2502 4490 χόμενον,
2527 4417 2575 4468 εἰ
2606 4415 2681 4486 μὴ
2711 4413 2913 4466 τούτων
2941 4412 3049 4482 τὴν·
3067 4413 3302 4482 μάθησιν
3327 4412 3503 4465 λάϐοι.

2706 4639 2709 4643 ’
2801 4679 3015 4730 ΛΟΓΟΣ
3071 4678 3148 4730 ιε’
3165 4676 3230 4727 ι’.

2565 4765 2702 4837 Περὶ
2736 4767 2988 4835 διδαχῆς
3035 4769 3132 4819 καὶ
3173 4765 3370 4834 ,λόγων

2296 4855 2503 4914 Muto.
2529 4865 2582 4910 ι’.
2612 4888 2681 4897 —
2720 4855 2885 4924 Ἀμὴν
2918 4855 3061 4920 λέγω
3089 4855 3236 4924 ὑμῖν,
3261 4853 3320 4916 ὃς
3362 4854 3428 4907 ἂν
3467 4851 3666 4922 ποιήσῃ
3705 4845 3788 4899 καὶ

585 4935 852 4998 docuerit,
909 4937 997 4989 hic
1041 4939 1267 5006 magnus
1322 4941 1607 4995 vocabitur
1646 4943 1700 4996 in
1761 4961 1928 5016 regno
1986 4949 2148 5004 caelo-

2249 4951 2456 5024 διδάξῃ,
2487 4942 2642 5009 οῧτος
2671 4947 2844 5014 μέγας
2889 4943 3217 5015 κληθήσεται
3244 4946 3300 4998 ὲν
3325 4946 3394 5015 τῇ
3433 4942 3674 5013 βασιλεῖᾳ
3692 4935 3788 4988 τῶν

587 5042 728 5077 1⁸11111.

657 5200 698 5229 ’⁵
726 5200 782 5252 in
829 5200 992 5252 Gesn.
1042 5185 1193 5252 Stob.
1245 5201 1369 5255 266.

2249 5040 2510 5111 οὐρανῶν.

2074 5345 2296 5401 NOTAE.

659 5468 729 5535 (Γ)
765 5469 902 5541 Περὶ
931 5468 1180 5541 διδαχῆς
1211 5472 1308 5524 καὶ
1359 5466 1572 5541 λόγων.
1621 5472 1788 5526 Addit
1824 5473 1986 5528 Gesn.
2036 5476 2150 5531 sive

588 5538 877 5612 Antonius,
904 5538 998 5612 ita).
1027 5539 1266 5612 agilius,
1295 5538 1451 5612 quod
1477 5541 1549 5606 sit
1576 5542 1868 5612 explicatio
1897 5545 2147 5612 super-ig-

590 5607 666 5686 ris
696 5607 864 5682 vocis.
896 5606 1059 5686 Quasi
1085 5606 1151 5661 de
1190 5606 1457 5692 doctrina,
1495 5624 1617 5690 quae
1648 5606 1924 5692 'familiari
1945 5606 2151 5692 allocu-

591 5675 734 5748 tione
757 5691 820 5728 ac
836 5676 1168 5748 tractatione
1202 5680 1480 5743 tradatur;
1513 5675 1698 5748 inqua
1727 5689 1908 5736 tantus
1948 5682 2147 5734 enituit

589 5739 1034 5814 Cbrysostomus,
1066 5746 1268 5816 illoque
1296 5739 1550 5818 superior
1566 5739 1862 5819 Gregorius
1915 5749 2147 5804 Theolo-

2251 5491 2370 5546 gus,
2397 5477 2557 5548 cujus
2584 5474 2804 5548 auditor
2824 5475 2928 5548 fuit
2957 5477 3344 5548 Hieronymus.
3366 5476 3486 5532 Non
3530 5477 3662 5533 bene
3696 5473 3788 5525 ita-

2251 5542 2356 5614 que
2385 5542 2681 5620 Gesnerus,
2708 5543 2788 5620 pe
2819 5545 3061 5620 doctrina
3101 5542 3217 5620 (μίας
3250 5554 3367 5600 tum
3410 5550 3788 5620 sermonelum

2251 5610 2638 5685 conversatione
2674 5613 2772 5685 sit_,
2803 5627 2866 5666 ac
2892 5617 2936 5668 si
2967 5610 3238 5675 πολιτείας
3252 5627 3402 5671 esset
3430 5617 3550 5670 loco
3567 5610 3785 5685 ὁμιλζαξ.

2250 5684 2332 5757 vel
2356 5692 2544 5757 essent
2563 5682 2700 5757 haec
2723 5680 2832 5735 duo
2893 5687 3137 5757 membra
3165 5687 3431 5757 opposita

2250 5751 2432 5806 dcntia
2459 5769 2472 5818 ;
2511 5750 2654 5820 quod
2687 5749 2844 5819 longe
2873 5765 2903 5804 a
2927 5745 3058 5806 vero
3081 5764 3180 5807 est”.
