3948 6338
557 408 659 478 διε
1697 396 1765 456 ε.
1800 392 2080 456 maxum

2210 388 2619 450 NFESSORIS
3656 374 3769 442 813

624 514 1233 580 Solonis.-Quantum
1271 510 1325 563 in
1369 508 1512 562 bello
1545 506 1771 569 ferrum,
1816 512 2027 557 tantum
2060 501 2114 554 in
2147 506 2183 561 Λ

2272 500 2584 565 Σόλωνος.
2617 526 2685 536 ——
2717 496 2875 550 Ὅσον
2911 496 2966 547 ὲν
3005 494 3223 563 πολέμῳ
3277 492 3494 545 δύναται
3533 491 3768 562 σίδηρος,

557 608 778 664 civitate
814 621 878 659 ac
909 602 1190 672 republica
1233 599 1399 669 proba
1442 604 1698 664 rectaque
1745 594 1920 648 oratio
1952 594 2113 647 valet.

1952 594 2113 647 valet.
2220 591 2472 643 τοσοῦτον
2503 592 2560 641 ὲν
2592 587 2835 658 πολιτείᾳ
2866 586 3019 654 λόγος
3048 584 3109 637 εὖ
3136 585 3272 654 ἔχων
3306 585 3497 652 ἰσχύει.

629 699 798 760 Idem,
846 670 1150 749 sermonem
1196 673 1385 744 aiebat
1449 701 1677 756 operum
1722 699 1842 740 esse
1892 674 2117 738 simula-

2298 674 2373 731 '0’
2401 680 2560 742 αὐτὸς
2602 678 2827 747 ἔφασκε,
2857 677 2947 729 τὸν
2992 675 3168 744 λόγον,
3208 674 3422 727 εἴδωλον
3471 670 3609 728 εἶναι
3660 672 3772 725 τῶν

558 805 737 844 crum.

2219 771 2414 841 ἔργων.
2634 816 2649 825 ,,
3144 777 3148 787 ‘

628 881 875 949 Diogenis
916 877 1260 931 -—0ratores
1303 869 1518 949 dicebat
1566 868 1823 935 studere,
1872 875 1931 921 ut
1979 866 2118 920 bene

2289 859 2514 928 Διογέν.
2537 890 2603 901 —
2628 860 2766 921 Τοὺς
2786 858 3015 928 ῥήτορας
3036 855 3102 908 τά
3122 856 3302 909 δίκαια
3324 855 3423 923 μὲν
3453 854 3556 924 ἔφη
3580 856 3771 906 ἐσπου-

560 944 860 1037 ornathue
900 968 1172 1030 dicerem;
1203 972 1262 1017 ut
1294 944 1475 1015 autem
1505 961 1641 1014 bene
1682 968 1924 1029 agerem,
1968 958 2119 1029 nullo

1803 968 1924 1023 'ent,
1968 958 2120 1029 nullo
2218 951 2440 1005 δακέναι
2470 951 2669 1019 λέγειν,
2701 950 2957 1020 πράττειν
2988 948 3063 1014 δὲ,
3096 945 3362 1015 οὐδαμῶς.

562 1064 745 1117 modo.
1878 1100 1883 1103 ς

624 1153 762 1208 Cum
794 1151 1008 1204 Atticus
1037 1146 1257 1217 quidam
1303 1145 1453 1198 illum
1484 1150 1786 1206 accusaret,
1822 1157 1920 1195 cur
1947 1138 2121 1196 Lace-

2301 1122 2550 1187 ’Δττικοῦ
2604 1140 2749 1185 τινος
2786 1121 3139 1189 ἐγκαλοῦντος
3185 1119 3354 1190 αὐτῷ,
3401 1119 3544 1172 διατί
3598 1120 3774 1173 Δακε-

560 1239 858 1295 dzemonios
893 1234 1217 1305 propensius
1248 1232 1476 1287 laudans
1509 1246 1618 1284 non
1660 1230 1804 1298 apud
1838 1245 1932 1283 eos
1961 1228 2118 1284 babi-

2219 1214 2524 1283 δαιμονίους
2558 1213 2757 1282 μᾶλλον
2785 1212 3040 1273 ἐπαινῶν,
3066 1212 3193 1279 παρ’
3221 1210 3449 1273 ἐκείνοις
3478 1210 3539 1261 οὐ
3568 1209 3774 1279 διατρίο

561 1329 736 1383 taret?
760 1298 910 1392 Quia.
925 1298 1168 1379 medicus
1197 1322 1451 1392 parandae
1475 1320 1723 1375 sanitatis
1754 1320 1948 1375 artifex
1973 1320 2119 1375 haud

2224 1304 2331 1367 σει,
2357 1301 2493 1355 Οὐδὲ
2520 1301 2629 1373 γὰρ
2686 1301 2884 1372 ἰατρὸς,
2937 1302 3063 1369 ἔφη,
3096 1301 3283 1368 ὑγείας
3310 1298 3382 1351 ὢν
3413 1300 3690 1369 ποιητικὸς
3717 1299 3777 1353 ἐν

560 1431 685 1473 cum
720 1416 830 1470 illis
853 1422 1123 1472 versatur.
1152 1414 1245 1481 qui
1273 1413 1476 1465 valent.

2219 1395 2330 1455 τοῖς
2364 1392 2668 1460 ὑγιαίνουσι
2696 1393 2794 1462 τὴν
2810 1392 3086 1463 διατριϐὴν
3110 1392 3360 1444 ποιεῖται.
3405 1444 3415 1451 _
3650 1464 3654 1465 ί

628 1504 873 1559 Eteoclis.
897 1503 1103 1557 -υ-Νοιι
1129 1479 1363 1558 dicentis
1389 1504 1725 1568 facultatem,
1762 1502 1856 1557 sed
1903 1501 1981 1556 rei
2025 1515 2121 1554 na-

2300 1483 2700 1549 Ἕτεοκλέους.
2734 1510 2802 1523 -
2844 1482 2935 1552 Μὴ
2992 1481 3090 1544 τὰς
3142 1480 3250 1534 τῶν
3302 1479 3596 1548 λεγόντων,
3645 1479 3772 1548 ἔφη,

563 1603 739 1647 turam
769 1590 1213 1661 perpendendam
1243 1606 1362 1647 esse
1399 1593 1633 1648 dicebat.

2219 1572 2496 1644 δυνάμεις,
2551 1574 2687 1628 ἀλλά
2732 1574 2829 1637 τὰς
2870 1573 2980 1626 τῶν
3014 1574 3352 1644 πραγμάτων
3385 1573 3577 1641 φύσεις
3625 1571 3777 1626 δοκι-

2133 1712 2139 1717 .
2226 1663 2439 1734 μάζειν.
2620 1728 2623 1731 ν
3602 1690 3603 1693 η

628 1762 886 1817 Socrates.
912 1794 980 1802 —
1001 1763 1162 1833 580
1184 1762 1294 1818 Aut
1336 1778 1501 1833 quam
1543 1764 1828 1817 minimum
1858 1778 1981 1817 cum
2024 1777 2121 1831 po-
2154 1831 2175 1833 _

2291 1749 2621 1822 Σωκρᾶτηξι.
2652 1784 2723 1795 -
2758 1754 2847 1817 Ὦς
2885 1755 3084 1833 ᾗκιστα
3132 1756 3243 1817 τοῖς
3291 1752 3595 1817 δυνάσταις,
3632 1752 3666 1823 ἢ
3703 1753 3780 1815 ὡς

561 1854 833 1919 tentibus,
900 1863 995 1909 aut
1046 1868 1210 1923 quam
1254 1854 1650 1925 iucundissime
1697 1868 1818 1908 esse
1866 1834 2118 1906 fabulan-

1866 1826 2118 1906 l‘abulan-
2154 1831 2193 1885 Β
2218 1845 2411 1916 ἥδιστα
2439 1844 2666 1913 ὁμιλεῖν.
2896 1826 2915 1841 ’
3126 1904 3143 1930 ﬁ
3295 1888 3309 1919 Χ
3345 1850 3373 1867 .

560 1943 710 1997 dum.
799 1965 803 1969 η
874 1974 884 1981 ~
2290 1936 2404 1988 Οὐκ
2431 1937 2494 1988 ὲκ
2519 1935 2623 1987 τῶν
2641 1936 2811 2004 λόγων
2829 1934 2895 1988 τὰ
2914 1937 3233 2006 πράγματα,
3259 1934 3369 1987 ἀλλ’
3397 1937 3462 1987 ἐκ
3499 1934 3605 1987 τῶν
3637 1949 3780 2004 πρα·

629 2034 749 2087 Νοη
795 2048 863 2087 ex
908 2032 1091 2087 verbis
1134 2048 1260 2096 res,
1292 2032 1385 2087 sed
1429 2048 1495 2087 ex
1541 2034 1707 2088 rebus
1736 2033 1904 2089 verba
1936 2033 2119 2101 vigere

2220 2026 2441 2093 γμάτων
2474 2027 2597 2089 τοὺς
2627 2026 2815 2094 λόγους
2840 2027 2918 2079 δεῖ
2956 2029 3196 2096 κρατεῖν.
3235 2029 3309 2079 Οὐ
3338 2028 3448 2097 γάρ
3476 2028 3639 2080 ἕνεκα
3668 2025 3779 2079 τῶν

561 2123 736 2177 decet.
778 2122 896 2177 Non
941 2122 1085 2177 enim
1134 2122 1429 2176 verborum
1467 2136 1629 2177 causa
1675 2135 1765 2173 res
1809 2128 2119 2184 struuntur,

2224 2115 2396 2184 λόγων
2427 2117 2494 2169 τά
2532 2117 2828 2186 πράγματα
2887 2117 3235 2180 συντελεῖται,
3263 2116 3377 2177 ἀλλ’
3406 2119 3470 2169 ἐκ
3506 2117 3611 2169 τῶν
3637 2133 3777 2188 πρα-

560 2211 655 2265 sed
685 2211 847 2285 verba
877 2226 941 2264 ex
970 2210 1154 2264 rebus.
1752 2211 1756 2214 ‘

1752 2211 1756 2214 ⁴
2225 2207 2448 2275 γμάτων
2465 2208 2514 2259 οἱ
2534 2206 2699 2278 λόγοι.
2917 2286 2920 2292 ν

767 2300 1037 2353 Suadeam
1060 2299 1274 2352 dicentis
1299 2313 1485 2360 mores,
1518 2314 1621 2349 non
1653 2298 1841 2349 oratio.
2294 2300 2326 2348 Ἰ

2294 2297 2694 2364 Τρόποςὲστω
2727 2298 2944 2365 πείθων
2967 2296 3071 2350 τοῦ
3106 2296 3409 2365 λέγοντος,
3438 2299 3509 2349 οὐ
3529 2297 3732 2365 λόγος.

761 2368 908 2420 Bene
933 2369 1070 2419 enim
1104 2384 1166 2419 ac
1198 2376 1381 2420 ornate
1415 2365 1556 2434 loqui
1586 2365 1782 2418 malum
1808 2374 1901 2429 est,
2294 2368 2320 2417 Ἰ

2294 2362 2359 2417 Τὸ
2375 2367 2481 2433 γὰρ
2518 2366 2717 2432 λέγειν
2749 2362 2839 2431 εὖ,
2874 2365 3071 2418 δεινόν
3100 2362 3289 2431 ἐστιν,
3313 2368 3364 2417 εί
3398 2366 3566 2433 φέροι

768 2435 827 2489 Si
855 2437 1151 2489 nocumenti
1178 2436 1376 2504 aliquid
1405 2437 1609 2505 afferat.
2296 2436 2327 2484 1

1178 2436 1376 2504 aliquid
1405 2437 1609 2505 afferat.
2296 2436 2429 2486 Τινὰ
2450 2434 2712 2500 βλάϐην.

629 2526 1297 2595 Antagor.-'-Antagoras
1353 2540 1479 2580 cum
1539 2524 1851 2579 Thebaidos
1919 2524 2120 2577 librum

2306 2524 2678 2593 Ἀνταγόρας.
2734 2553 2804 2565 —-
2872 2525 3201 2595 Ἀνταγόρας
3273 2525 3395 2578 ἐπεὶ
3448 2524 3782 2592 ἀνεγίνωσκε

563 2615 709 2685 apud
742 2615 958 2671 Boeotos
984 2614 1259 2679 recitaret,
1302 2630 1404 2668 nec
1431 2616 1681 2670 recitanti
1712 2614 2001 2683 quisquam
2046 2624 2122 2668 at-

2224 2614 2371 2683 παρά
2421 2612 2674 2675 Βοιωτοῖς
2695 2612 2758 2665 τὸ
2786 2613 2886 2681 τῆς
2931 2596 3195 2682 Θὴόαἳδος
3246 2612 3625 2682 σύγγραμμα,
3691 2612 3783 2664 καὶ

566 2703 849 2768 tenderet,
896 2704 1216 2772 complicato
1264 2703 1542 2758 volumine
1589 2703 1870 2766 :Merito,
1917 2703 2121 2773 inquit,

2224 2706 2395 2767 οὐδεὶς
2450 2698 2866 2772 ὑπεσημαίνετο,
2915 2701 3136 2763 κλείσας
3165 2700 3223 2753 τὸ
3255 2700 3479 2769 βιϐλίον,
3526 2702 3778 2764 Δικαίως,

564 2794 737 2849 Boeoti
767 2794 1072 2859 vocamini;
1104 2808 1231 2846 nam
1258 2793 1426 2845 boum
1461 2807 1620 2847 aures
1650 2792 1878 2847 habetis.

2225 2792 2367 2859 εἷπε,
2388 2793 2641 2848 καλεῖσθε
2678 2793 2917 2846 Βοιωτοί·
2951 2790 3085 2860 βοῶν
3117 2791 3224 2860 γὰρ
3259 2784 3372 2844 ὦτα
3403 2791 3572 2861 ἔχετε.

635 2883 945 2957 ῌίενοη.-
969 2881 1067 2935 Hic
1108 2882 1410 2935 orationem
1458 2881 1664 2936 habens
1705 2883 2126 2951 auditoremque

2306 2885 2510 2951 Ἱέρων,
2541 2914 2610 2925 -
2633 2879 2797 2945 Οὗτος
2830 2883 3089 2953 ἀκρόασιν
3124 2879 3458 2950 ποιούμενος,
3487 2876 3601 2933 εἶπε
3619 2881 3782 2951 τριῶν

567 2972 888 3036 concilians,
922 2971 1025 3025 tria
1058 2971 1160 3024 sibi
1192 2972 1471 3040 proposita
1514 2987 1633 3027 esse
1663 2972 2015 3039 dicebat;~41t
2045 2974 2126 3027 in-

2227 2971 2572 3039 ὲστοχάσθαι,
2606 2969 2733 3031 τοὺς
2767 2969 3017 3029 συνετοὺς
3043 2966 3341 3035 ὠφελῆσαι,
3372 2969 3495 3031 τοὺς
3522 2970 3784 3037 ἀπείρους

570 3062 875 3132 telligcntes
916 3061 1154 3132 iuvaret,
1201 3060 1364 3116 rudes
1407 3063 1647 3127 doceret,
1690 3063 1903 3119 invidos
1938 3064 2127 3119 dolore

570 3150 825 3193 ﬁrmarat-

1827 3063 1903 3119 los
1938 3064 2127 3119 dolore
2151 3074 2195 3193 θ’
2228 3061 2452 3126 διδάξαι,
2480 3060 2573 3113 καὶ
2602 3060 2728 3121 τοὺς
2763 3058 3053 3128 φθονεροὺς
3085 3056 3342 3126 λυπῆσαι.

569 3150 827 3205 alliceret.
2151 3150 2192 3193 (λ

642 3236 959 3307 (Enopides.
981 3238 1259 3293 —Aiebat
1278 3284 1293 3311 ,
1333 3238 1510 3311 qualis
1542 3238 1612 3295 sit
1642 3242 1879 3297 hominis
1910 3243 2123 3298 indoles

2303 3236 2565 3291 Οἰνοπίδ.
2606 3264 2675 3273 --
2712 3227 2909 3296 Οὗτος,
2951 3231 3107 3285 ὁποία
3147 3233 3179 3301 ή
3231 3232 3390 3299 φύσις
3432 3232 3525 3305 toi”)
3576 3233 3787 3306 ἀνθρὼ-

570 3328 891 3400 geniusque,
927 3329 1091 3383 talem
1122 3339 1178 3384 et
1209 3345 1513 3385 sermonem
1546 3347 1685 3387 esse.

2224 3344 2325 3379 που
2364 3328 2499 3389 ἐστὶ,
2530 3322 2772 3377 τοιοῦτον
2792 3322 3027 3391 ἔφασκεν
3048 3317 3187 3373 εἶναι
3224 3322 3317 3377 καὶ
3348 3322 3437 3374 τὸν
3456 3323 3630 3391 λόγον.

641 3419 1154 3473 Romul.—-—Aiebat
1220 3409 1484 3475 Romulus
1526 3440 1538 3473 :
1575 3419 1681 3477 Vas
1732 3431 1966 3477 testeum
2014 3422 2127 3474 ictu

2304 3416 2548 3483 Ῥωμύλ.
2600 3445 2670 3456 -
2720 3408 2907 3478 Οὗτος,
2955 3414 3046 3465 τὸν
3117 3414 3217 3483 μὲν
3279 3415 3516 3483 κέραμον
3570 3416 3633 3465 ὲκ
3695 3414 3791 3471 τοῦ

574 3509 824 3577 probari;
855 3510 1129 3563 hominem
1161 3524 1290 3562 vero
1316 3524 1381 3563 ex
1412 3525 1682 3566 sermone.

2230 3505 2420 3559 κοπτοῢ
2464 3506 2511 3537 ⁸³
2549 3504 2652 3574 ἔφη
2690 3503 3111 3575 δοκιμάζεσθαι·
3157 3504 3349 3556 τὸν·δὲ
3393 3503 3677 3573 ἄνθρωπον
3725 3508 3789 3558 ὲκ

2220 3594 2314 3645 τοῦ
2338 3594 2516 3662 λόγου.
3526 3582 3539 3594 ’

1148 3816 1374 3872 SERMO
1410 3817 1547 3871 XV'l.

2797 3804 3016 3868 ΛΟΓΟΣ
3041 3807 3137 3880 ις’
3162 3814 3220 3863 ιι.

1130 3904 1204 3958 De
1236 3909 1576 3975 correptione.

2743 3906 2882 3971 Περὶ
2931 3906 3263 3969 νουθεσίας.

642 3995 799 4049 Joan.
844 4010 897 4055 ν,
935 3996 1017 4047 14.
1039 3996 1269 4048 -—‘Dixit
1313 3996 1576 4049 Dominus
1621 3996 1915 4068 paralytico
1943 4017 1955 4052 :
1986 4000 2123 4057 Ecce

2311 3997 2535 4052 Ἰωάνν.
2570 3994 2633 4050 ε’.
2666 4025 2732 4035 —
2769 3990 2936 4073 Εἶπεν
2977 3997 3005 4047 ὁ
3054 3995 3256 4067 Κύριος
3302 3997 3380 4066 τῷ
3409 3997 3786 4070 παραλυτικῷ,

578 4097 741 4137 sanus
777 4081 950 4135 factus
976 4095 1066 4145 es;
1103 4081 1215 4151 iam
1243 4080 1355 4135 noli
1387 4095 1631 4149 peccare,
1661 4097 1729 4136 ne
1752 4082 1994 4157 deterius
2025 4086 2122 4139 tibi

2243 4090 2337 4142 Ἰδεὲ
2369 4090 2525 4158 ὑγιὴς
2552 4088 2799 4161 γέγονας,
2827 4087 3019 4158 μηκέτι
3048 4089 3347 4158 ἁμάρτανε,
3366 4089 3453 4142 ἵνα
3503 4090 3580 4159 μὴ
3607 4091 3790 4160 χεῖρόν

578 4171 780 4240 aliquid
816 4170 1111 4240 contingat.

2230 4181 2282 4233 τί
2309 4196 2388 4232 σοι
2417 4179 2644 4246 γένοιτο.
2976 4170 2980 4171 ν

652 4261 676 4313 1
698 4260 866 4314 Thess.
894 4276 943 4324 v,
972 4260 1057 4314 M.
1081 4291 1149 4300 —
1170 4261 1442 4328 Rogamus
1471 4274 1587 4322 vos,
1619 4259 1838 4322 fratres,
1875 4260 2134 4328 corripite

2299 4273 2359 4323 A'
2407 4273 2588 4323 Θεσσ.
2633 4268 2697 4321 ε’.
2731 4298 2796 4309 -
2837 4251 3272 4337 ’Παρακαλοῦμεν
3313 4268 3493 4338 ὑμᾶς,
3544 4269 3787 4340 ἀδελφοὶ,

581 4350 956 4422 pusillanimes
995 4358 1053 4403 et
1104 4348 1410 4416 inquietos,
1445 4349 1704 4417 suscipite
1759 4349 2034 4417 inﬁrmos;
2072 4368 2135 4406 ac

2232 4360 2530 4413 νουθετεῖτε
2578 4356 2929 4424 ὀλιγοψύχους
2988 4344 3104 4408 και
3151 4356 3456 4418 ἀτάκτους·
3510 4358 3607 4409 καὶ
3661 4359 3788 4411 ἀντ-

581 4452 793 4509 semper
825 4438 969 4508 quod
1003 4438 1205 4491 bonum
1238 4447 1320 4491 est
1347 4438 1646 4492 sectamini.

2265 4466 2379 4519 χετε
2434 4447 2542 4501 τῶν
2585 4446 2849 4510 ἀσθενῶν,
2897 4446 2991 4498 καὶ
3017 4445 3243 4500 πάντοτε
3303 4446 3365 4500 τὺ
3401 4445 3607 4513 ἀγαθὸν
3662 4446 3824 4502 διώ-ς

2156 4536 2207 4596 Ϊ)
2237 4556 2379 4593 κετε.

651 4622 777 4694 Sap.
803 4639 894 4685 xu,
924 4622 977 4675 2.
1003 4622 1297 4676 —ldcirco
1337 4637 1430 4677 eos
1464 4622 1557 4691 qui
1588 4623 1965 4693 prolabuntur,
2000 4642 2132 4695 pau—

2300 4628 2679 4696 Σολομῶντος
2713 4624 2806 4689 ιβ’.
2844 4654 2912 4666 —-
2939 4625 3035 4679 Διά
3059 4626 3215 4679 τοῦτο
3250 4627 3375 4688 τοὺς
3411 4627 3791 4695 παραπίπτον-

583 4713 735 4768 latim
762 4713 965 4782 arguis,
992 4711 1241 4777 Domine,
1275 4698 1330 4765 et
1357 4711 1423 4765 de
1452 4712 1652 4780 quibus
1678 4713 1922 4781 peccant,
1952 4714 2138 4769 admo-

2235 4739 2331 4784 τας
2359 4720 2475 4774 κατ’
2502 4720 2680 4787 ὀλίγον
2734 4719 2998 4788 ἐλέγχεις,
3040 4717 3241 4787 Κύριε,
3274 4718 3368 4770 καὶ
3416 4718 3474 4769 ὲν
3499 4712 3583 4779 οἷς
3612 4716 3792 4786 ἀμαρ-

544 4866 550 4872 _
586 4818 722 4856 nens
762 4803 1033 4872 corripis,
1078 4814 1137 4854 ut
1180 4801 1385 4867 malitia
1417 4818 1512 4856 sua
1553 4802 1803 4870 liberati,
1835 4804 1891 4857 in
1923 4813 1974 4858 te
2015 4820 2103 4860 cre

2233 4813 2482 4865 τάνουσιν
2515 4812 2943 4879 ὑπομιμνήσκων
2966 4806 3249 4882 νουθετεῖς,
3273 4808 3357 4858 ἵνα
3388 4807 3791 4875 ἀπαλλαγέντες

584 4894 734 4947 dam.
1054 4946 1057 4949 ,
1833 4965 1837 4969 ι
2238 4903 2334 4971 τῆς
2356 4902 2550 4965 κακίας
2575 4900 2751 4953 αὐτῶν
2782 4898 3141 4951 πιστεύσωσιν
3163 4898 3254 4950 ἐπὶ
3288 4898 3366 4952 σέ.

652 4981 816 5037 Εεειὶ.
839 4998 986 5046 xvul,
1014 4982 1097 5036 i2.
1121 5010 1189 5020 —
1208 4980 1576 5037 Misericordia
1596 4984 1810 5038 Domini
1838 4982 2001 5054 super
2026 5002 2142 5039 om-

2310 4992 2488 5059 Σιρὰχ
2526 4998 2618 5057 ιη’.
2637 4989 2893 5050 --”Ελεος
2911 4987 3112 5056 Κυρίου
3128 4987 3219 5039 ἐπὶ
3239 4988 3416 5041 πᾶσαν
3434 4987 3632 5057 σάρκα,
3651 4986 3796 5053 ἑλέτ-

586 5084 708 5124 nem
754 5077 995 5133 carnem,
1031 5084 1261 5138 arguens
1302 5078 1358 5124 ct
1386 5071 1690 5139 corripiens
1727 5080 1782 5125 et
1819 5080 2143 5127 convertens

2240 5099 2348 5150 χων
2370 5082 2463 5134 καὶ
2487 5079 2751 5132 νουθετῶν
2771 5080 2861 5132 καὶ
2890 5079 3225 5147 ἐπιστρέφων
3250 5078 3324 5140 ὡς
3349 5077 3555 5147 ποιμὴν
3583 5076 3649 5129 τὸ
3678 5077 3796 5129 ποί-

586 5172 840 5229 tanquam
871 5169 1057 5229 pastor
1085 5175 1241 5213 suum
1270 5176 1503 5231 gregem.

2253 5172 2400 5239 μνιον
2429 5168 2614 5223 αὑτοῦ.
3074 5221 3078 5226 .

656 5249 842 5304 Basilii
852 5252 1197 5313 .—Violenta
1219 5266 1451 5320 namque
1471 5252 1756 5323 disciplina
1780 5254 1936 5307 ﬁrmo
1957 5254 2138 5308 animo

2314 5262 2527 5313 Βασιλ.
2563 5289 2632 5298 -
2664 5258 2845 5310 Βίαιον
2868 5257 2971 5327 γὰρ
3002 5258 3231 5328 μάθημα
3274 5258 3333 5311 οὺ
3375 5256 3589 5323 πέφυκε
3627 5271 3801 5325 παριι⁸

590 5340 796 5397 haerere
826 5356 935 5395 non
964 5343 1098 5397 solet
1126 5346 1137 5393 ὲ
1167 5343 1309 5411 quod
1338 5344 1840 5414 autemgvoluptate
1882 5352 1938 5397 et
1968 5346 2139 5413 gratia

2251 5348 2426 5416 μένειν
2452 5363 2465 5377 ·
2499 5349 2557 5401 τὸ
2591 5350 2648 5401 δὲ
2675 5349 2811 5417 μετά
2836 5347 3071 5415 τέρψεως
3114 5350 3221 5413 καὶ,
3250 5348 3472 5416 χάριτος
3517 5343 3799 5415 εἰσδυόμε-

593 5426 919 5496 insinuatur,
954 5431 1007 5484 id
1032 5447 1162 5485 vero
1186 5432 1829 5509 tirmiusdurabiliusque
1849 5434 2067 5486 insidet.

1849 5434 2067 5486 insidet.
2248 5454 2357 5499 νον,
2394 5438 2757 5508 μονιμώτερὸν
2791 5454 2903 5497 πως
2928 5436 3122 5506 ψυχαῖς
3153 5437 3408 5498 ὲνιζάνει.

660 5521 761 5588 Qui
800 5526 1069 5595 iacentem
1112 5523 1227 5575 vult
1277 5508 1522 5592 erigere,
1572 5537 1638 5575 eo
1681 5523 1774 5591 qui
1824 5522 2011 5591 lapsus
2062 5533 2144 5577 est

2331 5530 2387 5579 '0
2418 5530 2508 5580 τὸν
2538 5528 2786 5596 κείμενον
2829 5529 3058 5595 ἐγείρειν
3100 5526 3439 5595 βουλόμενος,
3477 5521 3802 5596 ὑψηλότερος

665 5700 711 5733 ’³
743 5700 901 5755 Gesn.
961 5701 1148 5754 κόπου.
1226 5700 1269 5728 ’⁸
1315 5697 1371 5749 ln
1397 5695 1557 5749 Gesn.
1591 5696 1803 5750 Stobaco
1837 5696 1923 5749 68.
