3948 6338
122 520 220 585 845

188 634 323 701 Λέγε
357 632 519 701 σιγῆς
554 647 605 714 τι
638 621 965 699 κρεῖσᾶον,ῆ
1001 625 1159 696 σιγὴν
1185 624 1295 694 ἔχει.

189 809 492 874 Χρυσοστ.
521 834 592 844 -—-
613 804 676 856 Οἱ
735 806 829 854 πο)
840 801 921 853 to!
966 798 1077 866 τῶν
1111 796 1437 870 ἀνθρώπων,
1460 792 1680 847 ὲπειδὰν

126 894 318 949 εἴπωσι
345 911 398 947 τι
426 893 535 947 τῶν
564 892 911 963 ἀπορρήτων,
940 886 1312 959 παρακαλοῦσι
1335 886 1427 939 τὸν
1460 884 1685 938 ἁκούονο

126 1002 193 1041 τα
217 985 315 1039 καὶ
342 984 568 1055 ὁρκοῦσι
598 982 787 1053 μηδενὶ
806 972 993 1033 λοιπὸν
1022 981 1197 1031 εἰπεῖν
1217 978 1389 1047 ἑτέρῳ
1414 991 1429 1006 ο
1462 974 1685 1028 αὐτόθεν

129 1075 432 1145 δηλοῦντες,
469 1075 552 1126 ὅτι
575 1075 805 1143 πρᾶγμα
836 1069 984 1135 ἄξιον
1012 1064 1349 1137 κατηγορίας
1401 1064 1682 1133 ἐποίησαν.

133 1165 192 1217 Ei
246 1166 356 1236 γὰρ
404 1166 610 1217 ἐκεῖνον
663 1160 852 1231 μηδενὶ
891 1160 1064 1211 ειπεῖν
1106 1156 1277 1227 ἑτέρῳ
1328 1154 1686 1226 παρακαλεῖς,

135 1253 313 1323 πολλῷ
343 1253 543 1321 μᾶλλον
586 1251 648 1304 σὲ
699 1248 963 1320 πρότερον
983 1246 1156 1318 τούτῳ
1178 1245 1349 1299 ταῦτα
1385 1246 1563 1298 εἰπεῖν
1587 1243 1689 1297 οὐκ

136 1343 321 1412 ἐχρῆν.
1520 1403 1526 1409 .

214 1433 319 1484 Ἐκ
357 1430 476 1483 τῶν
521 1431 849 1495 Γερόντων.
876 1456 951 1471 -
992 1428 1209 1496 ’Δγὰπα
1251 1427 1312 1480 τὸ
1350 1416 1509 1497 σιγᾷν
1551 1425 1694 1494 ὑπὲρ

137 1522 196 1574 τὸ
211 1522 394 1573 λαλεῖν
424 1538 439 1551 ·
467 1523 501 1591 ἡ
531 1521 711 1592 σιωπὴ
756 1523 868 1591 γὰρ
907 1518 1261 1591 θησαυρίζειο
1310 1519 1372 1571 τὸ
1417 1518 1476 1575 δὲ
1512 1516 1695 1569 λαλεῖν

140 1610 529 1680 διασκορπίξει.

208 1702 323 1770 Πρὸ
350 1700 540 1753 πασῶν
564 1699 672 1753 τῶν
697 1699 928 1754 ἐντολῶν
955 1698 1053 1768 τὴν
1077 1697 1310 1768 ἡσυχίαν
1336 1695 1413 1765 (Ιι)
1450 1692 1699 1761 ἐξελέξα-

143 1808 199 1844 το
239 1792 269 1843 ὀ
317 1790 449 1851 Θεός
482 1806 498 1820 ·
536 1789 845 1859 γέγραπται
892 1788 1021 1857 γὰρ,
1060 1787 1347 1841 Ἐπιτινα
1376 1782 1697 1851 latalata,

144 1880 273 1933 ἀλλ’
302 1879 343 1946 ἢ
376 1877 475 1931 ἐπὶ
500 1879 607 1933 τὸν
630 1878 916 1932 ταπεινὸν
938 1876 1035 1930 καὶ
1065 1878 1366 1945 ήσύχιον;

221 2057 281 2110 '0
325 2057 494 2111 θέλων
545 2058 808 2127 σωθῆναι,
850 2055 1096 2121 διωξάτω
1157 2056 1258 2126 τὴν
1308 2052 1701 2123 ἀκτημοσύνην

148 2146 239 2200 καὶ
265 2147 367 2217 τὴν
394 2147 628 2217 σιωπήν.
1164 2170 1172 2176 ·

154 2254 169 2261 ”
227 2220 545 2289 Ἆπολλωνξ
576 2263 645 2274 -
672 2234 882 2303 Πολλὴν
915 2234 1233 2303 ἐπιμέλειαν
1276 2228 1545 2283 ποιεῖσθαι
1573 2228 1702 2298 χρὴ,

149 2326 271 2394 περὶ
310 2324 404 2376 τοῦ
448 2322 524 2394 μὴ
550 2323 730 2392 λέγειν
758 2322 796 2377 ἃ
825 2324 900 2393 μὴ
930 2322 1029 2376 δεῖ.
1058 2318 1343 2382 Παντελῶς
1381 2317 1489 2389 γὰρ
1540 2321 1707 2372 ἁπαι-

149 2412 331 2464 δεύτου
386 2413 532 2477 τινός
587 2414 707 2467 ἔστι
763 2412 826 2465 τὸ
874 2410 949 2482 μὴ
999 2410 1261 2464 δύνασθαι
1326 2409 1559 2480 σιωπᾷν,
1588 2406 1705 2462 ἀλλ’

155 2503 391 2555 ὶκλαλεῖν
415 2504 485 2554 τὰ
513 2498 589 2569 μὴ
620 2499 799 2565 καλῶς
826 2501 1040 2571 ἔχοντα.

220 2674 387 2744 me;
413 2671 557 2742 ἀνὴρ
599 2670 697 2725 δια)⁸
726 2670 893 2739 σιγῶν
924 2669 1015 2723 τὸν
1049 2668 1182 2723 Θεὸν
1224 2668 1379 2738 τιμᾷ,
1416 2666 1569 2731 εἰδὼς
1613 2664 1721 2723 καὶ,

154 2765 291 2819 διατι
318 2763 468 2832 σιγᾷ.
1236 2758 1239 2759 ⁷

219 2851 557 2919 Πλουτάρχ.
580 2851 854 2920 -ἔἋπερ
891 2850 956 2903 ἂν
997 2847 1310 2902 σιωπᾶσθαι
1364 2846 1564 2917 βούλει,
1603 2861 1708 2913 μη-

157 2945 262 2997 δενὶ
308 2946 471 3014 clung
497 2957 512 2971 '
539 2941 575 3010 ἢ
615 2939 732 3003 πῶς
768 2940 921 3011 παρά
962 2955 1103 3002 τινος
1131 2940 1384 3001 ἀπαιτεῖς
1412 2936 1472 2989 τὸ
1510 2936 1701 2988 πιστὸν

161 3034 253 3103 τῆς
286 3030 521 3101 σιωπῆς,
550 3031 579 3083 ὃ
605 3030 680 3101 μὴ
712 3031 985 3100 παρέσχες
1024 3029 1239 3100 σεαυτῷ
1269 3046 1285 3095 ;

223 3124 295 3176 Τὸ
355 3124 565 3193 σιωπᾷν
610 3123 673 3174 οὐ
736 3123 895 3191 μόνον
950 3121 1139 3190 ἄδιψον
1172 3161 1188 3186 ,
1250 3123 1325 3186 ῶς
1387 3140 1553 3193 φησιν
1599 3123 1710 3177 Ἰπ-

163 3214 456 3283 ποκράτης,
490 3211 628 3266 ἀλλὰ
657 3211 749 3264 καὶ
777 3211 982 3264 ἄλυπον
1015 3210 1109 3262 καὶ
1141 3210 1430 3264 ἀνώδυνον.
1664 3200 1670 3208 ’

226 3386 455 3453 Ζήνων.
485 3412 555 3422 -
586 3366 717 3434 ’(ὶτε
750 3380 889 3445 ξένοι
916 3382 1059 3444 τινὲς
1097 3383 1155 3433 ἐν
1190 3384 1477 3452 συμποσίῳ
1507 3385 1711 3452 παρόν-

163 3494 247 3539 τες
291 3472 774 3544 φιλοφρονούμενοι
821 3473 1078 3541 Ζήνωνα,
1142 3473 1466 3542 προπιόντες
1522 3473 1712 3543 αὐτῷ,

1408 513 1575 573 LOCI
1611 507 2044 571 communes.
2926 586 2929 587 ί

1703 629 1749 678 Α
1845 615 2026 669 Dicito
2054 611 2336 683 quidpiam
2395 610 2617 665 silentio
2661 608 2877 673 melius,
2914 617 3010 665 aut
3052 608 3332 668 silentium

1730 1947 1779 2005 Β

3229 501 3333 565 ste
3408 474 3415 491 ’

1783 717 1929 760 tene.
2504 758 2509 763 ἢ

1852 793 2121 864 Chrysou.
2163 822 2228 833 -—
2267 790 2521 860 Plerique
2559 789 2877 853 hominum,
2929 804 3052 844 cum
3082 805 3340 847 arcanum

1785 884 1995 955 aliquid
2033 882 2468 946 enuntiaverint,
2502 880 2647 935 serio
2693 879 3002 933 auditorem
3038 887 3265 935 monent
3288 891 3347 935 et

1787 976 2161 1040 obtestantur,
2191 974 2530 1043 adiguutque
2571 971 2906 1041 iuramento.
2962 969 3169 1024 nemini
3200 970 3347 1025 ultra

1788 1062 2110 1117 dicturum:
2145 1062 2361 1130 hocque
2395 1044 2536 1129 ipso,
2575 1074 2691 1113 rem
2724 1074 2783 1113 se
2821 1057 3036 1128 dignam
3072 1059 3349 1129 vituperio

1788 1153 2027 1217 fecisse,
2062 1151 2211 1206 haud
2243 1151 2480 1205 obscure
2534 1149 2849 1202 recludunt.
2893 1148 3026 1204 Nam
3088 1149 3136 1202 si
3197 1148 3349 1205 illum

1790 1241 2037 1295 hortaris
2064 1255 2130 1294 ac
2163 1254 2324 1309 rogas
2350 1247 2411 1292 ut
2434 1238 2574 1291 nulli
2596 1238 2753 1292 alteri
2785 1237 2968 1301 dicat,
3002 1239 3203 1308 potiori
3228 1241 3351 1310 jure

1792 1346 1896 1385 nec
1921 1339 1972 1384 te
2001 1329 2081 1384 illi
2108 1330 2264 1399 prius
2284 1328 2469 1383 dicere
2495 1328 2805 1396 oportebat.
3238 1324 3245 1329 ’

1865 1418 2251 1475 Seaionun.—
2286 1418 2423 1472 Ama
2453 1416 2733 1472 silentium
2765 1417 2937 1487 magis
2979 1432 3140 1486 quam
3166 1418 3349 1489 loqui;

1796 1513 1996 1567 horum
2027 1512 2177 1566 enim
2205 1511 2441 1564 alterum
2464 1510 2786 1564 thesaurum
2835 1510 3168 1575 accumulat,
3213 1512 3353 1568 alte-

1799 1617 1921 1656 rum
1954 1600 2241 1671 dispergit.

1869 1693 1986 1748 Prae
2008 1692 2265 1746 omnibus
2296 1689 2583 1761 praeceptis
2610 1690 2755 1744 Deus
2778 1690 2952 1759 quieti
2992 1692 3160 1745 animi
3185 1693 3357 1748 silen-

1800 1782 1944 1836 tium
1972 1780 2158 1851 elegit.
2189 1780 2465 1848 Scriptum
2490 1779 2640 1833 enim
2668 1787 2786 1832 est:
2812 1777 2979 1847 Super
3012 1796 3163 1849 quem
3194 1783 3358 1849 resin:

1803 1874 1963 1932 ciam,
2004 1872 2105 1924 nisi
2154 1882 2315 1939 super
2363 1868 2610 1923 humilem
2633 1878 2680 1922 et
2713 1871 2947 1939 quietum
3000 1886 3093 1923 seu
3143 1872 3361 1925 tacitum

1809 1962 1946 2033 (ιω.
1975 1976 2119 2025 Lm,
2135 1960 2225 2028 2)?

1878 2051 1987 2118 Qui
2020 2050 2205 2106 salvus
2223 2064 2345 2104 esse
2373 2047 2671 2115 desiderat,
2701 2049 3041 2120 paupertatis
3064 2065 3129 2105 ac
3152 2048 3366 2109 silentii

1809 2142 1989 2196 cultor
2015 2142 2263 2195 exsistat.
2335 2177 2341 2181 .
2711 2148 2715 2151 '

1878 2230 2168 2300 Apollonii.
2193 2231 2463 2302 -—Magna
2494 2231 2687 2287 sedqu
2731 2230 3040 2285 adhibenda
3083 2228 3370 2300 diligentia

1810 2329 1917 2383 est,
1944 2328 2005 2373 ut
2036 2336 2101 2375 ea
2132 2320 2360 2376 minime
2392 2322 2658 2392 loquaris,
2700 2335 2822 2390 qua:
2856 2336 2965 2374 non
3011 2318 3161 2388 loqui
3188 2318 3365 2372 decet.

1812 2410 2049 2466 Omnino
2077 2411 2227 2465 enim
2277 2412 2473 2465 insulsi
2519 2420 2605 2465 est
2645 2421 2697 2465 cl
2731 2410 3146 2479 indisciplinati,
3201 2408 3371 2461 silen-

1812 2502 1949 2555 tium
1978 2502 2083 2557 sibi
2114 2502 2361 2557 indicere
2391 2519 2501 2557 non
2528 2518 2708 2573 posse,
2751 2502 2846 2557 sed
2874 2517 2997 2572 quae
3028 2518 3137 2555 non
3169 2514 3375 2556 conve-.

1813 2587 1929 2641 niat
1965 2588 2185 2656 garrulo
2208 2602 2305 2642 ore
2327 2589 2567 2644 eﬂ'utire.

1882 2677 1981 2731 Vir
2004 2677 2245 2746 sapiens,
2278 2678 2441 2733 etiam
2473 2678 2604 2733 dum
2626 2679 2770 2744 silet,
2802 2678 2974 2733 Deum
2999 2679 3255 2745 honorat,
3275 2678 3369 2748 qui

1813 2775 1871 2820 et
1898 2766 2039 2821 sciat
2064 2767 2423 2834 quamobrem
2446 2769 2625 2823 sileat.
3331 2818 3345 2833 ,

1883 2854 2160 2910 Plutarch.
2210 2886 2282 2899 -—
2318 2858 2451 2923 Quae
2482 2859 2621 2912 velis
2643 2859 2864 2912 silentio
2899 2858 3112 2921 haberi,
3164 2859 3373 2914 nemini
3434 2864 3439 2867 '

1815 2944 2056 3009 dixeris;
2080 2953 2177 2998 aut
2206 2946 2484 3014 quomodo
2516 2945 2585 3001 ab
2608 2946 2716 3000 alio
2750 2946 2955 3000 silentii
2986 2946 3147 3001 iidem
3178 2946 3371 3017 exigis,

1816 3051 1980 3105 quam
2013 3045 2070 3089 tu
2103 3038 2221 3105 ipse
2252 3037 2351 3091 tibi
2386 3053 2498 3091 non
2536 3037 2877 3092 servaveris?

1886 3126 2060 3181 Silere
2083 3141 2195 3181 non
2229 3128 2394 3181 modo
2447 3128 2597 3183 sitim
2631 3126 2909 3197 prohibet,
2941 3136 3001 3182 ut
3046 3129 3124 3183 ait
3173 3127 3374 3198 Hippo-

1820 3226 2019 3279 crates,
2045 3232 2238 3271 verum
2262 3218 2429 3273 etiam
2452 3218 2591 3273 nihil
2621 3218 2914 3273 molestum
2945 3234 3250 3287 expersque
3278 3219 3376 3273 do.

1743 3279 1789 3338 (ἶ
1817 3302 1952 3359 loris
1974 3314 2083 3360 est.

1882 3394 2126 3448 Zeuo.—
2144 3394 2281 3451 Cum
2315 3396 2560 3466 hospites
2590 3396 2811 3465 quidam
2839 3397 2895 3451 in
2925 3397 3179 3451 convivio
3201 3397 3376 3452 Zeno-

1814 3498 1942 3536 nem
1972 3483 2205 3537 hilarius
2227 3484 2587 3553 accipientes,
2623 3500 2861 3554 eumque
2891 3487 3105 3554 poeulis
3136 3486 3375 3539 invitan-

166 3569 348 3637 ἧροντο
372 3563 601 3636 ἡσυχίαν
627 3562 853 3630 ἄγοντα,
878 3561 1011 3629 Περὶ
1037 3560 1130 3613 σοῦ
1150 3561 1207 3614 δὲ
1238 3563 1291 3614 τί
1319 3562 1425 3633 χρὴ
1447 3563 1645 3632 λέγειν,
1674 3560 1719 3619 ὦ

1828 3588 1916 3636 Les,
1952 3574 2179 3627 tacitum
2225 3574 2678 3644 interrogassent,
2724 3576 2856 3644 quid
2897 3575 2964 3629 de
3004 3592 3062 3629 se
3093 3576 3204 3645 regi
3237 3591 3379 3628 nun-

167 3658 359 3726 Ζήνων,
383 3655 460 3724 τῷ
495 3654 705 3724 βασιλεί
732 3669 746 3716 ;
778 3653 1027 3714 κάκεῖνος
1072 3652 1198 3722 ἔφη,
1234 3652 1395 3705 Ἀλλο
1448 3655 1611 3723 μηδὲν
1642 3694 1656 3718 ,
1685 3656 1718 3725 ἢ

1828 3660 1943 3713 Liari
1966 3660 2169 3713 vellet:
2204 3660 2351 3715 Nihil
2374 3661 2545 3725 aliud,
2575 3662 2949 3731 inquit,quam
2985 3664 3191 3717 versari
3218 3662 3381 3717 Athe-

165 3749 238 3799 ὅτι
268 3744 581 3816 πρεσϐύτης
618 3743 763 3796 ἐστὶν
803 3744 860 3794 ὲν
895 3742 1149 3812 Ἀθήναις
1190 3744 1342 3813 παρὰ
1382 3745 1545 3798 πότον
1591 3762 1719 3798 σιω-

1828 3748 1914 3801 nis
1941 3764 2151 3814 senem,
2181 3750 2277 3818 qui
2313 3750 2371 3802 in
2418 3751 2823 3819 compotatione
2867 3752 3044 3819 possit
3098 3754 3379 3806 silentium

169 3838 267 3904 πᾷν
297 3835 619 3903 δυνάμενος.

1828 3849 2034 3893 tenere.
2933 3855 2937 3858 ’

243 3922 682 3989 Ἀνάχαρσις.-
698 3913 864 3980 Οὗτος
903 3919 1171 3979 ἑστιαθεὶς
1198 3912 1345 3988 παρὰ
1376 3922 1595 3985 Σόλωνι,
1624 3925 1721 3975 καλ.

171 4013 499 4081 κοιμώμενος
533 4007 713 4077 ὤφθη»
761 4009 858 4076 τὴν
906 4009 1002 4075 μὲν
1049 4008 1344 4076 ἀριστερὰν
1403 4011 1560 4078 χεῖρα
1616 4014 1726 4074 τοῖς

174 4104 397 4174 μορίοις,
457 4100 557 4169 τὴν
612 4099 669 4150 δὲ
713 4098 895 4161 δεξιὰν
926 4097 1004 4165 τῷ
1049 4097 1271 4165 στόματι
1324 4101 1725 4171 προσκειμένην

172 4193 319 4261 ἔχων.
363 4188 826 4259 Ἐγκρατεστέρου
857 4186 963 4255 γὰρ
992 4184 1130 4254 ᾣετο
1159 4183 1375 4255 χαλινοῦ
1405 4187 1611 4251 δεῖσθαι
1630 4192 1727 4260 τὴν

174 4301 433 4353 γλωτταν.

1896 3936 2233 3989 Anacharsis.
2252 3966 2322 3975 —
2347 3936 2445 3990 llic
2466 3951 2497 3990 a
2527 3936 2727 3991 Solone
2758 3938 2920 4006 epulo
2952 3948 3230 4007 acceptus,
3258 3956 3380 3994 eum

1825 4036 1882 4073 se
1914 4021 2161 4075 cubitum
2188 4024 2510 4092 recepisset,
2544 4024 2625 4079 sic
2652 4027 2993 4095 compositus
3013 4028 3386 4097 deprehensus

1823 4115 1927 4171 est,
1965 4118 2024 4162 ut
2060 4110 2285 4164 sinistra
2315 4124 2511 4168 manus
2531 4115 2810 4179 verendis,
2843 4115 3064 4170 dextera
3096 4118 3177 4170 ori
3216 4118 3389 4187 impo-

1824 4199 1926 4253 sita
1954 4209 2124 4256 esset.
2149 4202 2358 4272 Nempe
2387 4203 2601 4258 fortiori
2646 4204 2803 4260 freno
2847 4205 3086 4276 linguam
3146 4208 3388 4278 indigere

1825 4290 2076 4357 putabat.

1672 4439 1900 4496 ΝΟΤᾸΞ.

242 4560 311 4626 (Ιι)
350 4559 471 4630 Thr
492 4556 777 4630 ἠσυζζαν.
808 4558 1236 4630 Hesyslt:_etiam
1277 4559 1513 4630 ἐρημίαν
1548 4570 1723 4630 expo—

1828 4555 1949 4630 Iiori
1974 4556 2299 4630 quandoque
2342 4557 2673 4630 labulatione
2702 4560 3029 4630 rumpendo,
3058 4559 3123 4611 iis
3152 4574 3381 4630 prmser-

176 4620 601 4697 nim—redditque
621 4620 816 4697 Cicero
844 4620 985 4695 apud
1018 4620 1433 4697 Xenopharitém
1477 4620 1719 4697 solitudi-

180 4713 306 4755 nem,
334 4710 437 4769 nec
464 4694 667 4769 mirum
693 4694 1015 4769 Christiana:
1043 4694 1405 4769 philosophia:
1451 4694 1719 4769 professo-

182 4781 278 4827 res,
302 4764 397 4832 qui
422 4762 541 4832 rsibi
574 4765 817 4832 asseculi
859 4766 1023 4818 rebus
1043 4762 1394 4817 vacationem
1435 4772 1490 4816 et
1551 4762 1726 4812 otium

180 4830 502 4901 peculiarius
533 4830 871 4894 indixerunt,
908 4841 965 4886 ut
990 4834 1081 4886 uni
1110 4835 1220 4887 Deo
1255 4833 1471 4900 sibique
1505 4838 1723 4901 vacent,

182 4899 273 4957 hoc
324 4902 431 4956 sibi
482 4913 682 4969 nomen
727 4915 1035 4969 usurpasse,
1093 4903 1161 4955 ad
1215 4899 1531 4956 solitudinis
1576 4899 1725 4969 illam

182 4974 411 5041 quietem
443 4968 699 5041 religioso
728 4974 971 5041 cultuet
1020 4973 1239 5024 silentio
1286 4968 1726 5041 signiﬁcandam,

182 5038 241 5094 ex
264 5058 366 5110 qua
394 5050 453 5093 et
482 5038 818 5110 'Hsuxaqta}.
848 5038 999 5101 dicti,
1033 5041 1237 5110 quisic
1278 5038 1509 5093 solitarii
1537 5049 1725 5110 agunt,

184 5105 346 5179 eoque
372 5107 597 5165 silentio
627 5105 810 5179 seipsi
836 5121 999 5179 supra
1030 5105 1089 5161 se
1144 5109 1351 5169 levant,
1378 5120 1433 5163 et
1483 5105 1727 5179 proxime

186 5174 493 5232 cmlestibus
538 5174 819 5246 mentibus
863 5174 1046 5228 divina
1103 5174 1566 5246 contemplatione
1603 5178 1729 5243 jun-

218 5258 400 5299 untur:
433 5264 465 5300 a
485 5260 595 5313 quo
616 5258 715 5296 nec
732 5242 906 5309 ipsum
945 5246 1191 5297 monachi
1220 5242 1417 5301 nomen
1446 5242 1725 5299 abhorret.

218 5262 400 5299 untur:
433 5264 465 5300 a
485 5262 595 5313 quo
616 5262 715 5296 nec
732 5262 906 5309 Ipsum
945 5262 1191 5297 monaent
1220 5263 1417 5301 nomen
1446 5262 1725 5299 aunorret.

187 5262 267 5368 gie
289 5319 433 5369 enim
458 5315 583 5375 soli,
622 5312 707 5384 vel
752 5327 885 5384 cum!
930 5314 1235 5373 cmnobitm.
1280 5326 1334 5367 et
1375 5317 1726 5384 Ἠσυχασταί,

188 5386 269 5449 qui
303 5386 583 5437 silentium
616 5380 775 5435 unice
806 5382 1007 5438 colant.
1042 5397 1102 5433 ae
1134 5385 1321 5435 mundi
1376 5380 1542 5437 curis'
1572 5386 1726 5437 vacui

190 5454 455 5506 assistant.
482 5453 660 5505 Etiam
708 5450 1070 5518 Pythagorici,
1112 5452 1256 5517 quod
1313 5454 1416 5504 sibi
1449 5455 1726 5505 silentium

227 5524 350 5574 rimo
397 5521 657 5573 tirocinio
712 5519 1023 5571 indicebant
1056 5558 1069 5579 ,
1139 5522 1367 5586 ἡσυχίαν
1436 5523 1722 5573 vocabant.

217 5600 353 5642 .aert.
412 5590 717 5657 πενταετὴς
750 5590 947 5655 ἡσυχία
971 5588 1364 5655 Πυθαγορείων.
1414 5591 1569 5657 Apud
1619 5590 1729 5643 Lu-

196 5661 316 5711 rian.
347 5659 411 5711 de
436 5658 635 5710 eodem
661 5656 877 5709 silentio
906 5676 916 5709 :
953 5657 1173 5724 Ἡσυχίη
1218 5657 1401 5724 μακρὴ
1450 5656 1540 5709 καὶ
1578 5664 1729 5724 ἀφω-

196 5732 287 5786 νία,
315 5728 403 5779 καὶ
435 5730 597 5777 πέντε
633 5725 768 5775 ὅλων
827 5728 989 5778 ἐτέων
1036 5727 1239 5777 λαλέειν
1278 5726 1464 5792 μηδέν.
1518 5728 1607 5781 Sic
1652 5730 1727 5780 illi

198 5799 364 5861 prima:
420 5793 1137 5863 disciplinze‘superstitioso
1186 5794 1250 5845 ad
1284 5811 1456 5847 annos
1486 5795 1729 5863 quinque

199 5866 430 5921 silentio:
465 5862 646 5917 nostri
678 5861 746 5915 ad
768 5877 983 5917 omnem
1020 5866 1187 5919 vitam
1211 5873 1265 5917 et
1303 5864 1580 5933 religioso,
1620 5861 1727 5917 uti-

1826 4624 2106 4696 tim,_»qui
2161 4624 2364 4696 Christi
2418 4639 2474 4681 et
2542 4624 2913 4696 apostolorum
2982 4629 3105 4681 vita:
3158 4624 3391 4695 propius

1830 4694 2029 4755 azmuli,
2057 4694 2368 4747 institutum
2396 4694 2629 4758 habent,
2660 4697 2861 4749 nedum
2890 4706 2949 4748 ut
2998 4697 3217 4749 silentio
3253 4694 3388 4749 con-

1830 4762 2184 4831 templemur,
2243 4764 2335 4815 sed
2400 4775 2457 4816 ut
2498 4765 2662 4817 etiam
2720 4766 3084 4831 contemplata
3140 4779 3391 4819 sermone

1832 4830 2067 4903 tradant,
2112 4833 2499 4903 praecipuoth
2534 4833 2807 4903 episcopis
2856 4830 3081 4903 munere
3114 4834 3393 4903 adjutores

1828 4899 2115 4970 exsistant,
2147 4916 2265 4953 eam
2295 4901 2349 4953 in
2381 4917 2494 4955 rem
2519 4902 2731 4955 etmetis
2757 4902 3019 4970 aptiores,
3046 4918 3154 4970 quo
3182 4899 3208 4954 a
3239 4919 3394 4957 inun-

1828 4966 1883 5019 di
1908 4969 2022 5040 salo
2058 4972 2397 5040 remotiorcs,
2418 4972 2645 5040 ejusque
2676 4966 2875 5033 securi,
2902 4986 2969 5025 eo
2997 4966 3389 5039 periclitantes.

1830 5038 2107 5092 saecularis
2146 5039 2356 5094 militiae
2381 5038 2527 5093 viros
2566 5050 2623 5095 et
2663 5042 2920 5095 mulieres
2979 5038 3157 5093 Omnis
3197 5050 3389 5100 status,

1830 5122 2102 5173 propense
2130 5110 2357 5175 juvant:
2392 5125 2513 5162 eum
2549 5110 2771 5163 mallent
2831 5120 3009 5161 tacere
3046 5109 3274 5175 urnisque
3306 5110 3389 5160 di-

1832 5175 1972 5226 vinis
1997 5176 2238 5242 impendi
2266 5178 2520 5231 laudibus
2579 5195 2641 5230 ae
2674 5177 3249 5245 contemplationibus,
3286 5178 3387 5229 nisi

1831 5257 1989 5315 secus
2018 5246 2293 5315 suaderet,
2321 5256 2375 5298 et
2406 5263 2537 5298 vero
2560 5258 2796 5315 cogeret.
2849 5247 3123 5309 Charitas;
3158 5246 3394 5297 concilia

1832 5312 1959 5382 item
2012 5314 2309 5382 generalia.
2360 5312 2666 5382 summique
2701 5316 2976 5367 antistites
3021 5316 3389 5368 necessarium

1832 5381 1939 5452 sibi
1965 5380 2269 5433 subsidium
2287 5380 2601 5445 duxissent;
2627 5393 2681 5436 et
2708 5400 2835 5437 vero
2861 5384 2952 5452 qui
2984 5398 3122 5436 onus
3149 5385 3278 5436 satis
3308 5386 3395 5437 in-

1834 5450 2099 5517 telligant,
2153 5466 2486 5518 suorumque
2536 5454 2715 5515 saluti,
2774 5450 2892 5506 non
2939 5453 3175 5506 humano
3227 5454 3388 5506 fastui

1833 5520 2105 5581 studeant,
2138 5519 2328 5571 sedqu
2352 5522 2685 5588 adhibeant;
2717 5540 2817 5576 nec
2845 5523 2972 5577 hinc
3027 5522 3388 5575 hierarchiam

1833 5588 2107 5661 solvi,sed
2131 5588 2334 5661 fulciri,
2372 5600 2449 5661 ut
2498 5590 2658 5645 linem
2703 5602 3042 5661 assequatur,
3078 5589 3253 5661 probe
3305 5592 3391 5642 in-

1837 5658 2111 5725 telligant;
2184 5658 2330 5709 velut
2381 5660 2545 5712 etiam
2603 5661 2804 5715 divinis
2844 5657 3290 5713 'revelationibus
3336 5661 3427 5713 in'

1836 5726 2120 5849 Frageisco
2159 5735 2212 5781 et
2255 5726 2556 5794 Dominico,
2588 5732 2752 5784 semel
2784 5739 2837 5783 et
2869 5730 3066 5783 iterum
3109 5727 3250 5781 Deus
3300 5742 3389 5784 os-

1838 5804 1927 5849 tcn
1972 5807 2033 5849 ιι.

1838 5804 2033 5849 tendit.
