3948 6338
202 439 286 505 ϐω

1360 412 1367 420 ’
1459 423 1630 484 LOCI
1665 420 2102 482 COMMUNES.

3287 414 3409 480 850'

267 545 647 611 Ὀνειδίζοντος
693 537 840 609 αὒτῷ
875 556 1045 602 τινος,
1073 538 1159 592 ὅτι
1200 537 1264 591 τὸ
1304 535 1477 605 στόμα
1500 531 1736 592 δυσῶδες

1902 530 2280 600 Expmbrante
2292 529 2531 599 quodam
2551 527 2700 599 quod
2731 544 2827 586 ore
2848 529 3019 595 fetido
3038 537 3203 594 esset,
3234 531 3396 592 Sane,

202 638 322 712 εἶχεο
359 638 539 692 nam
569 635 699 708 γὰρ,
730 627 908 698 εἶπεν,
939 629 1090 699 αὐτῷ
1129 628 1241 686 τῶν
1277 625 1606 697 ἀπορρήτων
1641 621 1736 688 ἑγ-

195 741 311 785 ‘aum
317 729 488 798 σάπῃ,

726 899 944 953 ΛΟΓΟΣ
980 897 1090 950 KA'
1126 897 1195 952 ⁵⁸.

363 991 504 1061 Περί
530 988 1125 1059 πολυπραγμοσύνης
1152 985 1254 1041 και
1273 983 1560 1054 ἡσυχίας.

259 1193 462 1244 Δουκ.,,
482 1193 537 1239 ι’.
564 1214 636 1227 -
678 1183 900 1254 Μάρθα,
933 1180 1157 1251 Μάρθα,
1192 1179 1458 1250 μεριμνᾷς
1483 1177 1578 1230 καὶ
1613 1192 1742 1246 τυρ-

1838 618 1936 685 ait,
1962 620 2132 674 multa
2162 620 2223 673 in
2251 634 2320 673 eo
2347 626 2558 674 secreta
2586 623 2999 690 c'ompntruerc.

2411 882 2654 964 sentio.
2675 883 2816 938 XXI.

1809 973 1922 1029 ‘De
1967 975 2270 1029 curiositate
2317 959 2747 1044 negotiorumque
2799 948 3153 1029 sollicitudine
3176 1015 3193 1040 ,
3243 986 3293 1029 et
3337 980 3400 1030 de

2187 1045 2359 1115 quiete
2388 1053 2548 1114 atque
2580 1045 2644 1098 ab
2672 1047 2744 1099 eis
2766 1046 3058 1128 vacatione.

1909 1176 2037 1230 Luc.
2070 1193 2124 1240 ς,
2160 1178 2250 1232 41.
2286 1208 2359 1218 —
2384 1177 2616 1242 Martha,
2645 1177 2853 1232 Martha
2914 1177 3148 1232 sollicita
3202 1192 3284 1243 es,
3345 1187 3402 1232 et

202 1274 324 1349 ύάζῃ
351 1277 484 1343 περὶ
515 1273 708 1326 πολλά.
752 1268 900 1334 Ἐνδς
925 1269 1004 1322 .δι
1051 1271 1169 1322 ἐστι
1225 1267 1413 1338 χρεία·
1452 1265 1642 1336 Μαρία
1681 1264 1741 1316 δὲ

1856 1268 2088 1324 Lurbaris
2110 1285 2239 1340 erga
2288 1270 2546 1340 plurima.
2577 1271 2749 1326 Porro
2801 1286 2970 1324 unum
3020 1280 3105 1324 est
3143 1259 3404 1324 necessa-

200 1368 284 1437 τὴν
309 1365 524 1434 ἀγαθὴν
555 1362 750 1434 μερίδα
772 1360 1075 1426 ἐξελέξατο,
1103 1359 1227 1430 ἧτις
1252 1359 1352 1411 οὐκ
1379 1355 1744 1426 ἀφαιρεθήσε-

200 1472 277 1511 ται
309 1456 406 1511 ἀπ’
427 1453 617 1526 αὐτῆς.

257 1552 315 1602 A'
335 1550 476 1601 Θεσ.
498 1541 952 1616 ὅπη-Παρακαλῶ
975 1537 1073 1596 οὖν
1096 1541 1263 1610 ὑμᾶς,
1296 1538 1536 1606 αδελφοὶ,
1558 1555 1742 1610 περισ-

201 1639 362 1691 σεύειν
426 1637 627 1706 μᾶλλον
676 1637 773 1690 καὶ
817 1633 1220 1704 φιλοτιμεῖσθαι
1270 1631 1590 1702 ἡσυχάζειν,
1647 1631 1742 1684 καὶ

198 1731 448 1800 πράσσειν
467 1731 535 1783 τὰ
564 1730 691 1790 ίδια,
717 1727 812 1780 καὶ
838 1724 1167 1794 ἐργάζεσθαι
1193 1726 1312 1787 ταῖς
1344 1723 1532 1794 χερσὶν
1564 1722 1738 1793 ὑμῶν.

1841 1359 2008 1413 rium.
2043 1360 2225 1427 Maria.
2235 1362 2498 1431 optimam
2522 1370 2731 1431 partem
2750 1361 2937 1429 elegit,
2963 1377 3085 1431 qius
3111 1376 3221 1416 non
3243 1362 3400 1416 aufe-

1840 1463 1996 1508 retur
2023 1454 2092 1509 ab
2127 1469 2214 1509 ea.

1912 1545 1944 1598 Ι
1971 1545 2146 1599 Thess.
2177 1561 2250 1611 iv,
2294 1546 2382 1599 il.
2415 1575 2484 1585 -—
2510 1544 2664 1614 Rogo
2693 1544 2876 1614 itaque
2920 1558 3041 1608 vos,
3087 1543 3297 1606 fratres,
3341 1552 3417 1597 ut.

1847 1635 2140 1691 abundetis
2178 1636 2353 1706 magis
2380 1676 2396 1701 ,
2423 1643 2480 1691 et
2523 1650 2746 1705 operam
2772 1634 2914 1688 detis
2944 1642 3005 1688 ut
3052 1634 3222 1703 quieti
3259 1633 3409 1698 sitis,

1843 1736 1899 1782 et
1928 1729 2233 1797 operemini
2267 1727 2525 1783 manibus
2563 1727 2782 1783 vestris.

270 1822 412 1883 Ἰὼϐ.
443 1829 536 1876 ια’.
588 1849 660 1862 -
699 1817 1046 1888 Ἦσυχάσεις,
1080 1817 1176 1870 καὶ
1203 1817 1304 1869 οὐκ
1339 1793 1494 1868 ἔσται
1523 1816 1553 1866 ὁ
1581 1814 1741 1867 πολε-

1911 1793 2008 1872 Ιᾶὺ
2059 1833 2136 1882 ιιι,
2166 1819 2252 1873 13.
2283 1818 2657 1886 —Quiesees,
2706 1827 2763 1873 et
2791 1828 2900 1872 non
2942 1818 3050 1872 erit
3099 1817 3192 1887 qui
3230 1832 3406 1886 oppu-

277 1926 304 1961 ν
332 1925 416 1962 σε.

277 1927 304 1961 ν
332 1927 416 1962 σε.

199 1927 411 2064 μυζιὼσ,
453 2000 566 2054 10'.
607 1984 701 2038 7—
749 1995 1081 2065 Καταγελῶν
1132 1993 1454 2063 πολυοχλίαν
1487 1993 1741 2058 πόλεως,

198 2087 395 2157 μέμψιν
416 2086 710 2156 φορολόγου
740 2086 840 2138 οὐκ
874 2083 1088 2137 ἀκούει.

257 2184 436 2250 Σιρὰχ
488 2189 581 2235 ια’.
610 2161 679 2220 -έ-
731 2180 954 2244 Τέκνον,
991 2179 1066 2247 μὴ
1111 2176 1243 2246 περὶ
1279 2174 1449 2228 πολλὰ
1500 2173 1742 2228 ἔστωσαν

195 2271 523 2344 αί“πράξεις
585 2267 853 2333 σουοεὰν
900 2267 1012 2339 γάρ
1065 2258 1379 2338 ιιιιληθύνειις,ί
1413 2267 1514 2320 ούκ
1565 2266 1741 2330 sese;

191 2361 302 2433 ἔσῃ.

257 2454 606 2520 Bacchica,
626 2481 697 2497 --
726 2452 937 2520 Ὠσπερ
967 2449 1077 2519 γάρ
1106 2449 1174 2503 τὰ
1221 2448 1386 2519 θηρία
1434 2448 1742 2516 εὐκαταγώ-

257 2457 606 2598 Βασιέἵουη
626 2481 697 2497 --
726 2457 937 2520 Ὠσπερ
967 2457 1077 2519 γὰρ
1106 2457 1174 2503 τὰ
1221 2457 1386 2519 θηρία
1434 2457 1740 2516 εὐκαταγώ-

193 2546 340 2598 νιστά
397 2564 422 2598 ε
486 2541 1004 2614 ικαταψηχθέντα·
1067 2541 1242 2605 οὕτως
1315 2540 1600 2617 ἐπιθυμίαι
1645 2540 1740 2593 καὶ

193 2638 344 2706 ὀργαὶ
380 2637 474 2689 καὶ
518 2635 671 2704 φόϐοι
720 2635 815 2687 καὶ
839 2634 1026 2694 λύπαι,
1076 2633 1145 2686 τὰ
1202 2633 1381 2686 ίοϐόλα
1420 2633 1518 2702 τῆς
1561 2631 1742 2701 ψυχῆς

193 2729 352 2792 κακὰ,
394 2726 953 2806 κατευνασθὲντασδιὰ
992 2729 1090 2796 τῆς
1119 2726 1370 2798 ἡσυχίας,
1401 2725 1495 2776 καὶ
1549 2723 1624 2794 μὴ
1654 2723 1742 2787 ἐξ·-

193 2809 581 2888 ατριαινόμενα
634 2816 710 2887 τῷ
749 2819 965 2887 συνεχεῖ
1016 2816 1317 2888 ἐρεθισμῷ,
1371 2816 1741 2883 εύκαταγωνι-

192 2894 414 2977 στύτερα
446 2911 513 2979 τῇ
547 2896 777 2979 δυνάμει
798 2909 894 2963 τοῦ
925 2909 1085 2978 λόγου
1114 2909 1341 2977 γίνεται.
1407 2896 1420 2907 ”

265 2995 498 3068 Ἡσυχία
563 2996 666 3051 οὖν’
703 2998 855 3069 ἁρχὴ·
893 2997 1214 3068 καθάρσεως
1261 2999 1327 3068 τῇ
1381 2995 1549 3067 ψυχῇ,
1604 2996 1740 3066 μήτε

191 3085 438 3156 γλώσσης
463 3085 732 3156 λαλούσης
756 3088 828 3141 τὰ
858 3088 969 3141 τῶν
993 3088 1318 3159 άνθρὼτων,
1360 3089 1499 3159 μήτε
1547 3087 1745 3156 ὀφθαλ-
1770 3111 1814 3170 c

193 3176 304 3245 μῶν
350 3178 607 3249 εύχροίας
655 3178 923 3249 σωμάτων
954 3181 1050 3233 καὶ
1089 3177 1430 3250 συμμετρίας
1486 3195 1743 3246 περισκο-

189 3268 454 3336 πούντων,
490 3269 627 3339 μήτε
653 3269 823 3344 ᾲκοῆς
854 3269 946 3323 τὸν
980 3269 1134 3323 τόνον
1177 3270 1276 3340 τῆς
1297 3269 1494 3339 -ψυχῆς
1520 3268 1745 3322 ἐκλυού-

191 3375 287 3432 σης
318 3361 382 3414 ὲν
409 3361 670 3432 ἀκροάσει
699 3361 887 3434 -μελῶν
910 3361 1048 3433 πρὸς
1085 3361 1279 3432 ἡδονὴν
1319 3361 1704 3430 πεποιημένων
1725 3378 1740 3393 ·

191 3451 324 3521 μήτε
374 3447 617 3524 ῥήμασιν
640 3452 989 3523 εὐτραπέλων
1024 3448 1128 3505 ἱιαὶ
1167 3450 1499 3519 γελοιαστῶν
1536 3449 1745 3520 ἀνθρώ-

189 3557 323 3604 πων,
347 3543 378 3596 ὃ
410 3525 643 3614 μάλιστα
682 3529 829 3596 λύειν
855 3542 957 3611 τῆς
980 3542 1162 3612 ψυχῆς
1184 3541 1276 3593 τὸν
1297 3528 1451 3601 τόνον
1477 3539 1738 3608 πέφυκεν.

250 3713 399 3776 Νοῦς
451 3715 550 3782 μὲν
599 3713 708 3783 γάρ
755 3713 832 3784 μὴ
890 3712 1312 3782 σκεδαννύμενος
1359 3711 1451 3763 ἐπὶ
1494 3711 1564 3763 τὰ
1613 3711 1737 3777 ἔξω,

189 3803 320 3872 μηδὲ
345 3803 456 3855 ὑπὸ
482 3802 591 3856 τῶν
615 3802 984 3871 αἰσθητηρίων
1026 3802 1118 3853 ἐπὶ
1163 3800 1254 3854 τὸν
1289 3794 1493 3871 κόσμον
1533 3799 1741 3869 διαχεό-

187 3910 364 3957 μενος,
393 3893 641 3945 ὲπάνεισι
671 3891 770 3960 μὲν
796 3891 932 3960 πρὸς
959 3891 1150 3956 ἑαυτόν
1167 3906 1182 3919 ·
1210 3890 1276 3942 δι’
1305 3889 1498 3944 ἑαυτοῦ
1523 3890 1580 3942 δὲ
1606 3888 1742 3960 πρὸς

185 3981 278 4050 τὴν
311 3999 381 4033 πε
391 3982 447 4050 pi
473 3978 608 4042 Θεοῦ
637 3965 846 4044 ἐννοιαν
873 3978 1152 4032 ἀναϐαίνει
1170 3995 1186 4010 ·
1214 3978 1454 4049 κάκείνῳ
1480 3978 1557 4048 τῷ
1605 3978 1739 4031 κάλ-

183 4070 260 4121 λει
294 4067 868 4145 περιλαμπόμενὸςτε
914 4068 1008 4121 καὶ
1042 4065 1468 4136 ὲλλαμπόμενοῖ,
1513 4066 1609 4119 καὶ
1647 4067 1743 4120 αύ-

182 4162 277 4228 τῆς
307 4160 412 4228 τῆς
442 4158 656 4228 φύσεως
687 4157 858 4230 λήθην
886 4157 1169 4228 λαμϐάνει,
1204 4157 1342 4226 μήτε
1373 4156 1509 4227 πρὸς
1537 4157 1742 4227 τροφῆς

181 4249 464 4317 φροντίδα,
522 4252 659 4320 μήτε
704 4248 839 4318 πρὸς
887 4247 1251 4320 περιϐολαίων
1303 4247 1593 4319 μέριμναν,
1641 4246 1740 4317 τὴν

179 4340 357 4410 ψυχὴν
383 4339 781 4410 καθελκόμενος
803 4355 825 4388 ο.
853 4338 989 4392 ἀλλὰ
1033 4337 1227 4408 σχολὴν
1257 4337 1364 4390 άπὸ
1403 4337 1513 4390 τῶν
1539 4337 1742 4406 γηΐνων

1877 1919 1971 1964 net
1994 1919 2070 1964 te.

1877 1923 1971 1964 net
1994 1923 2070 1964 te.

1841 1923 2007 2071 8Job
2057 2015 2240 2066 nux,
2277 2003 2331 2056 7.
2360 2032 2431 2042 —
2473 2001 2715 2057 lrridens
2754 2002 2968 2057 turbam
3002 2001 3242 2057 civitatis
3265 2042 3280 2065 ,
3319 2016 3405 2055 rc-

1841 2090 2267 2158 prebensionem
2301 2093 2570 2147 exactoris
2598 2108 2711 2148 non
2737 2094 2913 2151 audit.

1839 2179 1854 2188 ’
1914 2180 2076 2238 Eccli.
2111 2199 2187 2247 ιι,
2223 2181 2309 2236 10.
2333 2213 2403 2222 -
2425 2183 2548 2248 Fili,
2593 2199 2664 2238 ne
2700 2184 2848 2240 circa
2877 2185 3053 2239 multa
3096 2185 3207 2238 sint
3248 2191 3416 2238 actus-

1843 2271 1923 2324 tui
1953 2289 1967 2323 :
2003 2272 2049 2325 si
2081 2272 2229 2328 enim
2255 2274 2732 2343 multiplicaveris,
2758 2276 2950 2332 insons
2979 2291 3090 2329 non
3121 2275 3251 2330 eris.

1867 2496 1869 2499 .
1915 2428 2121 2497 Basilii.
2147 2470 2216 2482 -—
2241 2444 2312 2498 Ut
2346 2445 2494 2499 enim
2536 2445 2727 2500 bestiae
2747 2446 2793 2499 si
2824 2445 3167 2500 defricentur
3209 2461 3272 2500 ac
3305 2446 3404 2501 de-

1841 2535 2209 2600 mulceantur,
2259 2535 2420 2591 facile
2464 2544 2878 2616 expugnantur;
2918 2536 3000 2590 sic
3033 2535 3398 2604 cupiditates,

1843 2624 1959 2689 iraa,
1985 2625 2213 2680 timores
2241 2665 2256 2690 ,
2309 2625 2546 2693 dolores,
2569 2623 2842 2682 venenata
2884 2627 3052 2682 animi
3100 2628 3263 2692 mala,
3299 2645 3401 2689 va-

1842 2716 2056 2770 catione
2086 2731 2151 2772 ac
2190 2717 2410 2772 silentio
2442 2727 2605 2788 atque
2636 2718 2753 2773 otio
2791 2719 3098 2788 consopita,
3158 2735 3262 2774 nec
3283 2719 3403 2790 jugi

1843 2806 2206 2875 proritatione
2254 2807 2514 2874 eﬂerata,
2567 2809 2622 2863 vi
2675 2809 2906 2864 rationis
2962 2809 3184 2866 facilius
3261 2809 3402 2865 edo-

1844 2895 1985 2950 mari
2014 2905 2266 2966 possunt.
2841 2969 2851 2978 η

1914 2987 2082 3054 Quies
2110 2989 2278 3060 igitur
2306 2996 2364 3045 et
2386 2991 2601 3051 vacatio
2630 3005 2727 3048 seu
2757 2991 2952 3059 otium,
2996 2991 3409 3048 emundationis

1845 3080 2044 3134 anima:
2060 3081 2398 3150 principium
2434 3089 2539 3148 est,
2588 3097 2714 3137 cum
2743 3097 2923 3152 neque
2949 3082 3134 3152 lingua
3160 3095 3257 3145 res
3299 3080 3404 3134 hu.

1845 3181 2034 3221 manas
2055 3167 2321 3237 loquitur,
2365 3184 2471 3224 nec
2495 3170 2642 3224 oculi
2693 3171 2940 3225 colorum
2980 3169 3135 3224 fucos
3167 3177 3404 3237 apteque

1845 3251 2108 3322 disposita
2160 3269 2227 3309 ac
2269 3257 2539 3312 concinna
2589 3247 2916 3330 corporibus
2955 3256 3201 3312 membra
3229 3257 3404 3326 dispi-

1844 3342 2018 3408 ciunt,
2045 3358 2149 3399 nec
2174 3361 2336 3401 aures
2357 3347 2526 3404 animi
2555 3354 2802 3404 tenorem
2820 3348 3061 3412 solvunt,
3109 3346 3408 3401 audiendis

1843 3433 2074 3490 canticis
2100 3435 2170 3490 ad
2195 3437 2534 3506 voluptatem
2557 3438 2877 3504 modulatis,
2912 3444 3008 3492 aut
3047 3437 3213 3492 dictis
3245 3451 3401 3490 scur-

1843 3522 2038 3578 rilibus
2079 3539 2145 3578 ac
2191 3526 2440 3584 ridiculis
2467 3568 2482 3590 ,
2534 3544 2658 3596 quae
2712 3529 2884 3582 animi
2942 3528 3270 3597 gravitatem
3313 3529 3412 3583 vel.

1843 3611 2075 3665 maxime
2098 3614 2305 3668 elidere
2331 3631 2395 3669 ac
2409 3615 2747 3670 labefactare
2759 3617 2957 3671 solent.

1913 3701 2060 3755 Mens
2075 3705 2224 3757 enim
2245 3719 2371 3757 cum
2395 3704 2462 3757 ad
2493 3720 2583 3759 res
2638 3715 2894 3761 externas
2930 3723 3038 3761 non
3080 3708 3402 3777 dissipetur,

1843 3805 1946 3844 nec
1973 3806 2004 3844 a
2039 3793 2292 3849 sensibus
2315 3793 2384 3847 ad
2419 3810 2484 3848 ea
2513 3810 2636 3865 quae
2673 3797 2859 3851 saeculi
2892 3807 3022 3872 sunt
3065 3807 3400 3868 terrenaque

1840 3880 2195 3950 diffunditur,
2225 3886 2294 3939 ad
2325 3887 2563 3957 seipsam
2596 3887 2914 3953 revertitur,
2949 3903 3014 3942 ac
3060 3903 3159 3958 per
3188 3904 3248 3943 se
3282 3890 3399 3959 ipsa

1841 3976 1908 4030 ad
1950 3977 2045 4030 Dei
2072 3975 2324 4030 ascendit
2349 3965 2808 4047 intelligentiam;
2840 3992 2954 4047 quo
2996 3977 3256 4033 videlicet
3279 3980 3396 4033 col-

1841 4068 2071 4122 lustrata
2102 4065 2396 4137 splendore
2431 4081 2495 4121 ac
2545 4067 2916 4132 circumfusa,
2969 4068 3146 4139 ipsius
3178 4085 3399 4141 quoque

1839 4166 2050 4212 naturai
2072 4156 2456 4221 obliviscitur;
2483 4156 2647 4226 599
2662 4171 2774 4211 non
2795 4158 3041 4212 alimenti
3073 4173 3260 4224 causa,
3288 4176 3409 4214 non.

1839 4248 2162 4304 vestimenti,
2188 4248 2434 4302 animum
2457 4246 2779 4313 sollicitans,
2810 4246 2906 4302 sed
2959 4243 3194 4302 térrenis
3249 4250 3402 4302 curis

1840 4336 2075 4392 liberata
2105 4377 2121 4402 ,
2169 4337 2411 4392 studium
2445 4352 2608 4391 omne
2633 4345 2800 4406 atque
2825 4350 3048 4406 operam
3074 4337 3141 4390 ad
3196 4339 3400 4407 scmpi—

179 4429 484 4498 φροντίδων
517 4429 687 4496 ἄγων,
713 4428 811 4497 τὴν
833 4429 1012 4479 πᾶσαν
1041 4427 1238 4506 ἑαυτοῦ
1268 4426 1500 4496 σπουδὴν
1520 4429 1612 4480 ἐπὶ
1637 4429 1737 4497 τὴν

1856 4435 2006 4481 Lerna
2034 4426 2189 4509 bona
2212 4425 2580 4509 comparanda
2625 4425 2875 4490 confert;
2915 4425 3194 4502 quomodo
3252 4426 3402 4479 scili-

180 4516 376 4584 κτῆσιν
398 4517 509 4568 τῶν
529 4515 759 4568 αἰωνίων
777 4515 998 4587 άταθῶν
1025 4501 1368 4585 peraridum,
1393 4515 1512 4578 πῶς
1552 4533 1747 4584 κατορ-

179 4604 324 4674 θωθῇ
366 4604 520 4673 αὐτῷ
553 4605 587 4672 ή
623 4604 942 4672 σωφροσύνη
971 4604 1066 4655 καὶ
1108 4605 1142 4674 ή
1185 4604 1406 4674 ἀνδρεία
1429 4621 1443 4636 ⁸
1473 4605 1589 4667 πῶς
1621 4605 1676 4657 δὲ
1712 4607 1745 4675 ἡ

177 4695 500 4763 δικαιοσύνη
535 4696 631 4747 καὶ
657 4696 692 4764 ἡ
733 4694 1015 4764 φρόνησις,
1049 4694 1142 4746 καὶ
1165 4695 1220 4746 at
1247 4693 1432 4748 λοιπαὶ
1466 4696 1676 4764 ἀρεταί.

258 4787 354 4839 Ἐν
382 4789 500 4849 τοῖς
529 4785 748 4838 ἕλκουσι
788 4785 888 4853 τὴν
914 4781 1094 4853 ψυχὴν
1135 4783 1230 4837 καὶ
1262 4784 1518 4854 ἀσχολίας
1563 4785 1752 4854 βιωτιδ

177 4876 292 4947 κάς
307 4874 664 4946 ἐμποιοῦσιν,
687 4872 1070 4946 περιγενέσθαι
1088 4873 1188 4945 τῆς
1207 4861 1467 4928 επιπόνου
1489 4875 1741 4946 μελέτης,

175 4964 488 5034 ἀμήχανον.

245 5053 577 5123 Θεολόγου.
599 5083 672 5093 -
696 5053 815 5123 Χρή
844 5068 899 5103 τι
926 5051 1021 5104 καὶ
1044 5052 1355 5122 ἡσυχάζειν,
1382 5052 1522 5106 ὥστε
1543 5052 1744 5108 άθολὼν

178 5158 286 5205 τως
316 5143 678 5215 προσομιλεῖν
705 5143 785 5212 τῷ
811 5129 933 5210 Θεῷ
956 5157 972 5172 ·
1007 5142 1107 5195 καὶ
1156 5143 1351 5213 μικρόν
1392 5161 1446 5196 τι
1492 5146 1743 5212 συνάγειν

174 5235 264 5288 τὸν
290 5233 428 5291 νοῦν
463 5234 572 5286 άπδ
594 5231 701 5301 τῶν
741 5230 1085 5286 πλανώντων.

236 5510 545 5579 Τηρυυμεν
582 5505 680 5568 τάς
710 5505 956 5573 ἀλλήλων
982 5479 1288 5584 ἁμαρτίαςι
1307 5507 1404 5574 οὐχ
1430 5506 1513 5558 ἵνα
1546 5507 1746 5578 θρηνήσ

176 5614 385 5669 σωμεν,
414 5593 538 5648 ἀλλ’
588 5594 653 5646 ἶν’
697 5594 1076 5663 ὀνειδίσωμενδ
1117 5594 1236 5646 οὐδὲ
1274 5594 1359 5646 ἵνα
1394 5593 1743 5664 θεραπεύσω-

240 5751 287 5782 ﬂ
323 5750 426 5806 Est
461 5747 519 5800 in
545 5746 708 5801 Gesn.
742 5746 895 5801 Stob.
935 5749 1026 5804 £9.

1849 4529 1940 4574 cet
1963 4503 2394 4588 temperantiam
2434 4526 2492 4572 et
2519 4515 2915 4574 ‘fortitudinem
2936 4556 2951 4580 ,
2994 4515 3276 4584 quomodo
3303 4517 3399 4585 ju-

1847 4608 2053 4662 stitiam
2088 4615 2146 4662 et
2195 4605 2545 4676 prudentiam
2571 4619 2688 4669 ,‘ac
2723 4605 2960 4659 virtutes
2982 4604 3227 4672 reliquas
3256 4619 3398 4672 pra:-

1847 4707 1954 4753 stet
1986 4707 2044 4752 et
2076 4697 2320 4766 impleat.

1918 4789 2065 4846 Fieri
2098 4805 2211 4844 non
2247 4795 2430 4858 potest
2456 4795 2519 4842 ut
2562 4788 2708 4841 inter
2735 4801 2800 4840 ea
2852 4801 2974 4855 qua:
3015 4784 3258 4839 animum
3283 4783 3400 4837 dis-

1850 4880 2100 4943 trahunt,
2149 4895 2212 4932 ac
2241 4879 2426 4934 saeculi
2471 4893 2635 4933 curas
2689 4878 2966 4947 injiciunt,
3013 4885 3243 4930 strenuo
3276 4874 3405 4943 quia

1849 4979 2049 5026 conatu
2073 4971 2380 5025 caelestium
2412 4969 2770 5024 meditatione
2795 4967 3060 5038 potiatur.

1919 5061 2180 5130 Theologi.
2212 5091 2282 5100 —
2319 5059 2584 5114 Nonnihil
2613 5060 2779 5112 etiam
2823 5057 3065 5110 dandum
3117 5056 3287 5124 quieti
3333 5071 3402 5135 ac

1851 5153 2098 5215 silentio,
2135 5161 2196 5206 ut
2225 5151 2506 5206 inturbata
2543 5158 2728 5204 mente
2753 5163 2878 5204 cum
2902 5149 3014 5202 Deo
3038 5163 3410 5202 consuescere

1849 5241 2458 5310 liceat,familiariaque
2503 5255 2630 5294 cum
2689 5255 2757 5294 eo
2803 5239 3037 5305 miscere
3087 5239 3397 5308 colloquia;

1843 5347 1908 5387 ac
1942 5331 2214 5390 tantisper
2239 5345 2270 5383 a
2305 5329 2474 5384 rebus
2515 5328 2807 5399 fallacibus
2833 5338 2889 5384 et
2919 5344 3042 5399 qua
3069 5329 3122 5381 in
3150 5342 3407 5382 errorem.

1843 5423 2088 5483 mittunt,
2112 5420 2506 5476 subducendus
2519 5437 2521 5439 ί
2535 5420 2771 5476 animus.

1909 5509 2013 5562 Alii
2049 5510 2281 5567 aliorum
2331 5517 2515 5564 errata
2558 5509 2937 5582 observamus,
2973 5522 3081 5560 non
3119 5514 3178 5558 ut
3209 5506 3402 5572 lugea-

1844 5615 1985 5662 mus,
2033 5596 2128 5653 séd
2173 5609 2233 5665 ut
2290 5599 2730 5669 exprobrcmus,
2783 5593 2960 5668 neque
3010 5609 3070 5654 ut
3120 5609 3410 5658 curcmus,.
