3948 6338
613 438 720 502 855
1058 506 1061 507 ν
1751 442 1815 500 S.
1856 440 2143 499 MAXIMI
2179 437 2686 501 CONFESSORIS
3708 448 3810 514 355

682 542 1317 599 Basilii—Alienorum
1362 544 1653 613 e-xpctitor,
1704 546 1875 613 paulo.
1912 556 2038 613 post
2073 545 2165 599 lu-

2709 574 2777 591 —-
2817 549 2879 602 '0
2921 548 3032 601 τῶν
3075 550 3369 622 ἀλλοτρίων
3410 552 3576 621 ἐρῶν,
3614 557 3731 626 μετ’
3751 558 3810 611 οὐ

614 631 766 700 gebit
798 632 917 685 suis
940 632 1227 700 spoliatus.

2287 634 2403 688 τολύ
2436 634 2698 704 θρηνήσει
2720 635 2832 688 τῶν
2864 637 3011 690 ἰδίων
3038 640 3531 710 ἀποστερούμενος.

682 720 840 775 Prov.
872 737 999 784 xxx,
1018 722 1181 777 l6.—-—
1204 722 1419 788 Quanta
1474 722 1620 777 videt
1648 723 1864 782 oculus,
1897 730 2045 775 tanta
2072 721 2173 777 de-

2337 724 2476 778 ὀσα
2505 724 2692 793 βλέπει
2724 725 3018 795 ὀφθαλμὸς,
3048 745 3283 781 τοσαυτα
3304 729 3607 802 ἐπιθυμεῖὸ
3627 733 3809 787 πλεον-

614 811 821 865 sidcrat
863 826 1083 866 avarus.
1127 813 1377 868 Infernus
1426 828 1533 866 non
1576 811 2028 877 dixit:Suflicit;
2069 826 2170 865 nec

2287 814 2446 882 ἕκτης.
2513 813 2576 866 '0
2612 813 2753 884 ᾅδης
2775 815 2875 868 οὐκ
2911 812 3083 880 εἶπεν,
3123 819 3330 889 ’Δρκεῢ
3387 801 3511 875 οὐδὲ
3546 825 3579 877 δ
3622 824 3804 877 πλεον-

615 917 813 956 avarus
836 918 900 956 ac
949 904 1171 972 iniquus
1202 913 1389 973 raptor
1431 917 1671 971 unquam
1707 901 1849 955 dixit
1879 919 1892 953 :
1930 900 2165 955 Suﬂicit.

2292 918 2429 970 κτης
2455 901 2575 954 εἶπέ
2590 919 2743 967 ποτε,
2769 905 2971 975 ⁹Δρπιιεῖ.
3006 907 3246 977 Πονηρὸς
3269 910 3328 962 ἐν
3360 902 3512 964 πόλει
3544 912 3802 975 σύνοικος.

615 991 787 1046 Malus
835 994 926 1047 hic
993 994 1049 1047 in
1102 994 1240 1047 urbe
1298 1009 1580 1056 convena,
1630 992 1809 1045 malus
1857 991 1975 1045 ruri
2022 990 2163 1044 vici-

2287 992 2505 1062 τιονηρδς
2551 992 2611 1045 ἐν
2648 993 2855 1064 ἀγροῖς.
2900 996 2965 1047 Ἦ
2996 995 3238 1051 θάλασσα
3264 999 3405 1053 οἶδεν
3448 1001 3516 1054 τὰ
3560 1002 3691 1071 ,ὅρια
3715 1005 3804 1055 αὐ-

615 1096 741 1135 nus.
765 1081 912 1136 Mare
944 1096 1075 1136 suos
1115 1081 1252 1138 lines
1290 1083 1538 1153 agnoscit
1568 1100 1583 1146 ;
1648 1098 1757 1137 nox
1785 1097 2006 1151 quoque
2032 1082 2165 1136 olim

2287 1081 2384 1145 γῆς-
2416 1080 2451 1148 ὴ
2502 1080 2601 1145 νὺξ
2648 1082 2746 1150 οὐχ
2788 1083 3103 1152 ὑπερϐαίνει
3146 1086 3428 1158 ὁροθεσίας
3456 1089 3712 1158 ἀρχαίας.
3753 1092 3806 1144 '0

615 1172 823 1239 positos
859 1172 1127 1227 terminos
1170 1189 1280 1228 non
1336 1173 1672 1229 transcendit
1713 1173 1828 1245 (Job
1872 1188 2015 1238 xxvt,
2057 1173 2166 1238 10;

2287 1170 2593 1239 πλεονέκτης
2616 1170 2722 1237 οὐκ
2759 1172 2987 1225 αίδεϊται
3031 1176 3240 1249 χρόνον,
3283 1177 3345 1229 οὐ
3385 1171 3641 1248 γνωρίζει
3667 1181 3806 1251 ὅρον,

616 1259 747 1318 σαι.
771 1279 810 1327 ι,
827 1262 915 1333 9).
935 1263 1148 1347 Avarus
1168 1272 1351 1320 autem
1367 1266 1580 1319 nullum
1610 1273 1825 1334 tempus
1850 1274 2165 1319 reveretur:

2287 1261 2325 1312 ιύ
2354 1261 2624 1329 συγχωρεῖ
2658 1260 2951 1331 ἀκολουθίᾳ
2986 1263 3255 1334 διαδοχῆςο
3283 1266 3421 1320 ἀλλὰ
3449 1272 3697 1338 μιμεῖται
3718 1270 3803 1322 τοῦ

616 1353 913 1407 terminum
954 1370 1063 1408 non
1103 1355 1385 1425 agnoscit,
1423 1370 1526 1409 nec
1570 1355 1937 1411 successionis
1983 1354 2168 1407 ordini

2287 1349 2439 1420 τυρὸς
2485 1349 2586 1419 τὴν
2636 1347 2780 1418 βίανο
2812 1351 2990 1405 πάντα
3015 1354 3461 1423 ἐπιλαμϐάνεται,
3494 1358 3676 1411 πάντα
3698 1360 3807 1410 ἑπι-

615 1440 910 1507 concedit;
969 1442 1065 1497 sed
1118 1443 1261 1513 ignis
1303 1444 1621 1499 violentiam
1660 1443 1934 1507 imitatur;
1980 1443 2165 1497 omnia

2287 1441 2517 1510 νέμεται.
2549 1441 2618 1493 Τί
2644 1437 2786 1494 εἶναι
2834 1442 2974 1509 μετά
3022 1444 3219 1510 ταῦτα;
3252 1445 3389 1517 οὐχὶ
3418 1448 3568 1517 τρείς
3620 1464 3683 1499 σε
3710 1449 3806 1516 πή-

615 1530 866 1599 corripit,
898 1532 1082 1586 omnia
1108 1533 1348 1587 absumit
1367 1542 1425 1589 et
1451 1533 1782 1604 depascitur.
1814 1533 1956 1600 Quid
1998 1534 2167 1603 igitur

2287 1545 2385 1599 (εις
2417 1532 2774 1601 ἀναμένουσιν
2806 1533 2856 1583 oi
2892 1533 3126 1597 πάντεςς
3159 1536 3279 1604 οὐχὶ
3305 1536 3465 1589 λίθων
3492 1535 3692 1602 ὀλίγων
3718 1537 3803 1605 βά·

612 1621 846 1685 postea?
878 1620 1071 1674 Nonne
1105 1631 1217 1676 tres
1246 1623 1544 1678 univcrsim
1588 1633 1643 1680 te
1671 1624 1848 1678 cubiti
1896 1622 2168 1676 manent?

2287 1636 2374 1689 ρος
2406 1620 2632 1692 ἀρκέσει
2661 1621 2797 1692 πρὸς
2836 1622 3079 1692 φυλακὴν
3130 1622 3375 1695 δυστήνῳ
3419 1626 3626 1695 σαρκί;
3675 1626 3806 1694 ὑπὲρ

613 1705 805 1781 Nonne
863 1704 1164 1776 paucarum
1222 1712 1463 1781 lapidum
1500 1714 1673 1769 moles
1696 1715 1763 1767 ad
1825 1708 2168 1767 condendam

2287 1709 2417 1771 πίνος
2451 1709 2545 1761 οὖν
2586 1709 2831 1778 μοχθεῖς
2861 1711 3000 1781 ὑπὲρ
3033 1712 3177 1776 τίνος
3204 1716 3572 1784 παρανομεῖς;

613 1793 863 1848 miseram
894 1811 1112 1853 carnem
1146 1798 1377 1856 sulliciet
1402 1802 1425 1853 ?
1448 1802 1530 1856 Ad
1558 1801 1690 1870 quid
1723 1801 1888 1871 igitur
1914 1799 2171 1854 laboras?
3351 1848 3355 1861 π
3610 1811 3618 1820 ’

611 1882 882 1948 Quorsum
909 1886 1095 1956 inique
1114 1889 1267 1958 agis?
2052 1910 2057 1915 '
2202 1874 2245 1928 Β

684 1972 915 2027 Praestat
963 1976 1225 2044 paulatim
1273 1978 1546 2034 industria
1585 1995 1652 2034 ac
1696 1980 1945 2034 consiliis
1985 1981 2169 2033 levare

2340 1969 2557 2021 Βέλτιον
2582 1969 2701 2029 ταῖς
2739 1968 2880 2020 κατά
2935 1969 3129 2038 μικρὸν
3178 1971 3441 2030 ἐπινοίαις
3493 1970 3592 2039 τὴν
3624 1969 3808 2038 χρείαν

616 2061 880 2132 inopiam,
918 2079 1081 2133 quam
1132 2068 1359 2136 repente
1388 2069 1582 2124 alienis
1618 2070 1919 2133 sublatum,
1961 2070 2028 2123 ad
2076 2084 2173 2122 ex-

2287 2059 2781 2144 ταραμυθήσαςθαι,
2800 2061 2834 2129 ἢ
2851 2060 3060 2129 ἀθρόως
3076 2059 3378 2128 ἐπαρθέντα
3390 2062 3501 2122 τοῖς
3515 2059 3809 2129 ἀλλοτρίοις

618 2158 853 2205 tremum
883 2153 1033 2206 omni
1058 2153 1369 2210 substantia
1406 2157 1627 2211 nudari.
1906 2170 1913 2174 ’

2287 2150 2495 2219 ἱστερον
2518 2150 2735 2203 πάντων
2753 2148 2885 2218 ὁμοῦ
2911 2149 3222 2219 προσόντων
3244 2149 3710 2218 ἀπογυμνοῦσθαι.

683 2238 789 2306 Qui
807 2256 871 2295 ea
899 2257 1020 2310 quae
1044 2252 1174 2296 sunt
1197 2245 1424 2299 alterius
1445 2246 1740 2315 accipiens,
1772 2246 1930 2299 alteri
1955 2245 2167 2307 tribuit,

2349 2241 2409 2291 '0
2435 2242 2502 2294 τά
2529 2239 2746 2309 ἑταίρου
2774 2238 3082 2307 λαμϐάνων,
3118 2240 3214 2292 καὶ
3258 2239 3467 2309 ἑτέροις
3495 2239 3692 2300 διδοὺς,
3713 2238 3809 2290 οὐκ

618 2332 666 2386 is
706 2345 823 2384 non.
849 2332 1245 2387 misericordia
1274 2348 1412 2402 opus
1441 2344 1682 2399 exercet,
1713 2336 1812 2389 sed
1856 2344 2163 2388 extremam

2287 2329 2516 2397 τλέησεν,
2543 2328 2659 2380 ἀλλ’
2691 2327 2949 2396 ἠδίκησεν
2978 2327 3190 2386 ἀδικίαν
3208 2326 3305 2397 τὴν
3338 2327 3594 2395 ἐσχάτην.
3626 2326 3693 2377 Et
3716 2324 3809 2393 μὲν

616 2419 945 2490 injustitiam
974 2420 1128 2476 facit.
1178 2422 1313 2476 Nam
1344 2424 1391 2478 si
1426 2439 1492 2478 ex
1538 2425 1736 2485 ablatis
1778 2440 1880 2493 per
1913 2423 2171 2493 injuriam

2287 2418 2378 2485 τὰρ
2408 2416 2577 2479 ἐλεεῖς
2605 2415 2666 2479 ἐξ
2700 2408 2776 2466 ὧν
2816 2416 3039 2479 ἀδικεῖς,
3074 2405 3292 2486 ἐλέησον
3318 2415 3413 2478 οὓς
3452 2416 3676 2477 ἀδικεῖς.
3708 2414 3807 2467 Εὐ-

615 2506 1049 2562 misericordiam
1090 2509 1382 2579 impendis,
1426 2511 1535 2565 illis
1571 2510 1828 2581 impende
1871 2524 1911 2565 'a
1964 2510 2170 2579 quibus

2287 2507 2434 2577 ςεόὴς
2456 2505 2565 2575 γὰρ
2590 2506 2813 2567 ἐκεῖνος,
2838 2504 2939 2573 οὐχ
2971 2507 2999 2556 ὀ
3023 2504 3249 2567 πολλοὺς
3272 2505 3467 2573 ἐλεῶν,
3501 2505 3618 2556 ἀλλ’
3646 2506 3678 2556 δ
3711 2518 3812 2573 μη-

617 2596 916 2653 abstulisti.
943 2598 1158 2653 Etenim
1192 2598 1315 2669 pius
1360 2608 1446 2656 est
1470 2616 1533 2656 ac
1565 2602 1877 2672 religiosus,
1928 2617 2039 2655 non
2075 2600 2170 2669 qui

618 2687 675 2742 in
704 2687 910 2742 multos
943 2687 1179 2741 eﬂ'undit
1209 2689 1645 2763 eleemosynam,
1696 2690 1793 2744 sed
1815 2690 1910 2759 qui
1957 2689 2171 2743 nullum

619 2775 821 2844 injuria
850 2773 1018 2828 laedit.

681 2862 941 2932 Theologi.
964 2893 1036 2902 ——
1066 2861 1246 2918 Scorti
1276 2879 1486 2939 merces
1503 2880 1612 2919 non
1643 2874 1792 2920 caste
1816 2865 2167 2935 dispertitur.

618 2951 888 3006 Extrema:
917 2952 1065 3005 enim
1098 2953 1335 3009 miseria
1359 2961 1464 3018 est,
1517 2969 1628 3009 non
1656 2955 1713 3008 in
1746 2956 1863 3009 suis
1903 2955 2197 3009 munitio.

618 3044 793 3108 ribus,
820 3043 915 3099 sed
936 3044 992 3098 in
1014 3039 1214 3098 alienis
1244 3042 1536 3113 fragilibus
1558 3052 1740 3097 tutum
1768 3056 1912 3098 esse.

683 3217 845 3287 602
879 3215 1141 3286 Chrysost.
1170 3245 1242 3255 —
1275 3213 1380 3280 Qui
1409 3228 1519 3270 non
1553 3212 1762 3281 indiget
1795 3210 2025 3271 alienis,
2074 3209 2170 3263 sed

616 3294 715 3359 sua
747 3304 855 3359 sibi
885 3303 1134 3359 sufﬁcere
1155 3302 1462 3367 existimat,
1500 3302 1562 3356 .is
1582 3302 1829 3355 omnium
1857 3296 2169 3353 ditissimus

576 3408 579 3410 ·
607 3402 720 3449 est.
1132 3398 1137 3401 '

685 3484 788 3549 Qui
817 3499 929 3538 sua:
954 3481 1241 3551 cupiditati
1284 3480 1506 3533 modum
1557 3482 1836 3549 imponere
1869 3478 2066 3539 nescit,
2123 3478 2171 3531 is

615 3571 721 3626 etsi
752 3570 937 3624 omnia
981 3568 1228 3624 omnium
1274 3567 1381 3622 sibi
1431 3567 1710 3636 acquirat,
1759 3566 2034 3634 quomodo
2071 3580 2174 3618 un-

616 3676 778 3732 quam
804 3660 961 3715 dives
990 3658 1160 3714 fuerit
1185 3660 1209 3712 ?
1276 3695 1279 3697 ι
1499 3678 1503 3681 ‘
1730 3718 1737 3725 .

685 3747 978 3804 Plutarchi.
1007 3778 1077 3787 —
1104 3747 1209 3813 Qui
1231 3762 1298 3802 ex
1321 3747 1466 3815 turpi
1497 3747 1653 3799 lucro
1678 3744 1731 3797 in
1753 3742 2015 3811 praeclara
2044 3755 2171 3793 mu-

618 3854 750 3895 nera
777 3848 1028 3908 sumptus
1059 3838 1290 3903 faciunt,
1337 3838 1520 3892 simile
1552 3834 1686 3905 quid
1712 3834 1943 3896 faciunt,
1978 3845 2048 3909 ac
2075 3830 2171 3899 qui

615 3929 789 3983 Deum
821 3943 891 3981 ex
918 3926 1205 3997 sacrilegio
1238 3929 1451 3982 colunt.

684 4017 964 4070 Damocrit.
991 4045 1062 4055 —
1082 4017 1296 4072 Divitiae
1318 4017 1461 4070 malo
1483 4014 1725 4069 facinore
1751 4021 1937 4082 parta},
1976 4011 2170 4081 majori

616 4106 968 4177 possidentur
997 4106 1285 4162 dedecore.

686 4196 841 4252 Haud
865 4197 1087 4266 quidem
1114 4198 1307 4252 inutile
1342 4195 1564 4250 divitias
1611 4207 1843 4263 parare;
1893 4206 1994 4261 per
2034 4192 2174 4261 inju-

619 4284 827 4341 stitiam
862 4292 1049 4340 autem
1076 4285 1236 4356 longe
1260 4284 1557 4353 pessimum
1596 4291 1698 4337 est.

686 4373 946 4429 Socrates.
969 4403 1039 4414 -—
1074 4374 1330 4430 Socrates
1355 4389 1551 4430 avaros
1571 4372 1765 4426 avibus
1788 4368 2170 4439 comparabat,

2268 2597 2394 2650 δένα
2422 2595 2643 2649 ἀδικῶν.

2342 2852 2653 2920 Θεολόγου.
2680 2880 2751 2889 -
2778 2848 3052 2918 Μίσθωμα
3094 2848 3297 2918 πόρνης
3333 2848 3510 2916 ἁγνῶς
3548 2850 3613 2901 οὐ
3658 2848 3812 2919 μερί-

2271 2942 2441 3006 ζεται.
2474 2943 2628 2995 Ἔστι
2652 2940 2761 3010 γὰρ
2790 2941 2891 3009 τῆς
2935 2941 3112 3009 ἄκρας
3150 2939 3596 3008 κακοδαιμονίας,
3643 2939 3720 3009 μὴ
3760 2941 3815 2991 ἐν

2269 3035 2385 3096 τοῖς
2419 3032 2569 3094 ἰδίοις
2604 3033 2842 3099 ἰσχυροῖς
2882 3029 2942 3081 τδ
2977 3030 3217 3096 ἀσφαλὲς
3260 3027 3424 3097 ἔχειν,
3465 3029 3581 3081 ἀλλ’
3610 3031 3670 3081 ἐν
3707 3028 3815 3089 τοῖς

2270 3120 2566 3191 ἀλλοτρίων
2594 3119 2831 3189 σαθροῖς.

2341 3213 2641 3279 Χρυσοστ.
2695 3240 2759 3250 -
2807 3210 2867 3263 '0
2908 3209 3018 3279 γὰρ
3050 3210 3125 3280 μὴ
3190 3208 3443 3278 δεόμενος
3494 3208 3605 3261 τῶν
3660 3206 3817 3260 ἀλλο-

2269 3305 2459 3372 τρίων,
2490 3302 2606 3354 ἀλλ’
2652 3303 2711 3354 ἐν
2755 3299 3054 3371 αὐταρκείᾳ
3088 3299 3324 3370 νομίζων
3376 3294 3537 3363 εἶναι,
3599 3298 3818 3352 πάντων

2270 3395 2419 3446 ἐστὶν
2446 3392 2840 3462 εὐπορώτερος.

2352 3484 2413 3537 '0
2444 3485 2543 3552 τὴν
2583 3481 2778 3535 ἐαυτοῦ
2830 3481 2907 3550 μὴ
2946 3481 3239 3550 δυνάμενος
3279 3481 3475 3550 στῆσαι
3503 3478 3817 3547 ἐπιθυμίαν,

2260 3556 2375 3626 ’κᾶν
2424 3573 2492 3626 τὰ
2543 3574 2758 3641 πάντων
2794 3572 3209 3641 περιϐέϐληται,
3239 3570 3360 3633 πῶς
3397 3564 3551 3633 οὗτος
3582 3569 3739 3620 ἔσται
3764 3568 3821 3618 ἐν

2272 3661 2500 3731 εὐπορίᾳ
2530 3660 2660 3712 ποτὲ
2682 3676 2700 3722 ;
3559 3724 3569 3731 _

2345 3749 2752 3816 Πλουτάρχου.
2780 3778 2849 3790 —
2872 3749 2937 3800 υῑ
2970 3748 3078 3800 ἀπὸ
3111 3747 3220 3801 τῶν
3250 3747 3489 3817 αἰσχρῶν
3512 3742 3723 3816 κερδῶν
3746 3746 3825 3805 είς

2271 3841 2370 3903 τὰς
2425 3838 2597 3900 καλὰς
2670 3838 3046 3900 ἀναλίσκοντες
3097 3838 3439 3908 λειτουργίας
3459 3879 3477 3903 ,
3525 3836 3719 3906 δμοιάν
3771 3851 3826 3887 τι

2272 3928 2505 3993 ποιοῦσι,
2535 3930 2646 3991 τοῖς
2685 3927 2795 3981 ἀπὸ
2839 3928 2940 3998 τῆς
2985 3926 3286 3998 ἱεροσυλίας
3312 3926 3684 3981 θεοσεϐοῦσιν.

2340 4018 2649 4086 Δημοκρίτ.
2678 4048 2748 4058 -—
2770 4016 3004 4080 Πλοῦτος
3038 4019 3152 4073 ἀπὸ
3195 4019 3371 4089 κακῆς
3408 4019 3677 4087 ἐργασίας
3706 4018 3827 4069 ἐπι-

2273 4108 2580 4175 γινόμενος,
2606 4105 2701 4159 ἐπὶ
2725 4106 3103 4177 φανερώτερον
3129 4106 3341 4170 ὄνειδος.
3358 4108 3648 4177 κέκτηται.

2345 4200 2621 4269 Χρήματα
2648 4197 2895 4269 πορίζειν
2931 4198 3053 4270 μὲν,
3099 4197 3199 4249 οὐκ
3223 4181 3461 4266 ἀχρεῖον·
3501 4196 3562 4261 ιξ
3611 4194 3828 4254 ἀδικίας

2272 4288 2350 4351 δὲ,
2377 4288 2593 4341 πάντων
2627 4278 2840 4340 ιῶκιον.
3338 4358 3341 4362 ρ

2342 4376 2676 4445 Σωκράτης.
2699 4406 2773 4416 ——
2800 4376 2937 4437 Τοὺς
2972 4374 3299 4438 πλεονέκτας
3332 4372 3519 4436 εἴκαζε
3561 4375 3696 4435 ταῖς
3740 4373 3830 4442 δρα

617 4477 851 4533 quarum
877 4477 985 4516 una
1021 4462 1244 4533 quidem
1274 4460 1505 4531 deglutit
1543 4458 1812 4528 quidquid
1841 4457 2166 4523 occurrerit,

2287 4486 2427 4530 Mtv'
2451 4462 2527 4523 ὧν
2556 4468 2593 4538 ἡ
2625 4467 2725 4537 μὲν
2765 4466 3078 4529 καταπίνει,
3127 4465 3158 4517 ὂ
3188 4481 3242 4517 τι
3286 4463 3359 4518 ἂν
3387 4461 3708 4534 προσεύχῃ.
3726 4462 3831 4515 καὶ

617 4565 683 4604 ac
723 4549 1056 4619 quandoque
1099 4550 1433 4609 sull‘ocatur;
1478 4549 1708 4616 reliqua:
1760 4560 1895 4615 vero
1943 4545 2176 4601 comites

619 4639 807 4693 volant
836 4646 894 4693 et
918 4648 1279 4704 assectantnr,
1316 4649 1379 4692 ut
1401 4649 1615 4709 partem
1644 4637 1866 4706 rapiant
1886 4650 1951 4691 ac
1972 4636 2174 4706 partim

620 4728 977 4785 sull‘ocentur.

689 4820 907 4891 Dio’gcn.
933 4820 1286 4889 —-Diogenes
1316 4819 1683 4886 interregatus
1708 4833 1955 4886 quanam
1980 4817 2176 4873 bestiae

620 4909 890 4964 truciores
916 4918 1120 4973 essent,
1154 4906 1439 4977 respondit
1470 4924 1483 4958 :
1527 4906 1588 4960 ln
1637 4907 1917 4960 montibus
1948 4906 2174 4993 quidem

576 5062 581 5067 η
621 4999 734 5054 ursi
760 5006 818 5053 et
845 4998 1066 5063 leones;
1114 4999 1168 5051 in
1222 4997 1451 5052 urbibus
1498 5010 1632 5052 vero
1672 4995 1953 5065 publicani
1989 5004 2045 5049 et
2088 5010 2179 5050 ca-

622 5090 1011 5143 lumniatores.

690 5178 977 5244 Antiphon.
1006 5206 1076 5215 —-
1108 5175 1243 5230 Mala
1271 5175 1444 5238 lucra,
1480 5178 1676 5232 breves
1694 5174 2026 5243 voluptates,
2056 5172 2177 5228 lon-
2229 5223 2232 5225 λ

624 5278 723 5332 gos
750 5263 969 5316 dolores
1001 5263 1230 5327 habent.
1306 5276 1311 5283 ‘

1250 5402 1543 5472 Euripidis.

628 5511 726 5594 Qui
759 5510 913 5594 pium
938 5528 1136 5593 semper
1164 5513 1396 5594 appetit,
1417 5512 1508 5578 jus
1546 5508 1764 5594 neqiigit
1783 5544 1797 5571 ,

627 5581 731 5635 Nec
758 5578 892 5634 idem
920 5578 1098 5635 amici:
1125 5597 1179 5635 se
1202 5578 1399 5643 sociat,
1428 5595 1517 5632 nec
1547 5578 1757 5632 civibus.

2273 4561 2422 4615 ἐστιν
2475 4558 2605 4611 ὅταν
2657 4554 2929 4621 πνίγεται·
2975 4552 3032 4605 αί
3074 4554 3120 4606 δ’
3141 4552 3298 4607 ἄλλαι
3325 4551 3830 4621 παρακολουθοῦσιν

2272 4648 2493 4717 ἀφελεῖν
2524 4645 2657 4700 αὐτὸ
2708 4642 3059 4709 σπεύδουσαι,
3090 4641 3182 4696 ίνα
3229 4640 3381 4712 παρὰ
3413 4640 3580 4710 μέρος
3626 4640 3833 4709 πνιγῶ-

2275 4754 2643 4888 σιῖιογένης.
2668 4846 2747 4859 --
2784 4815 3129 4886 Ἐρωτηθεὶς,
3168 4815 3295 4866 mia
3336 4812 3425 4881 εἴη
3457 4811 3633 4882 θηρία
3673 4814 3833 4885 καλε-

2274 4911 2524 4981 πῶτερα,
2572 4902 2726 4960 εἶπεν
2749 4945 2765 4970 ,
2821 4907 2910 4958 Ἐν
2949 4904 3051 4974 μὲν
3093 4904 3208 4966 τοῖς
3240 4902 3461 4974 δρεσιν,
3516 4901 3693 4972 ipsum
3741 4904 3834 4958 καὶ

2273 5002 2505 5063 λέοντεςο
2532 5001 2590 5051 ἐν
2618 4997 2677 5050 δέ
2694 4998 2814 5060 ταῖς
2832 4995 3046 5069 πόλεσι,
3060 4991 3290 5047 τελῶναι
3316 4993 3410 5046 καὶ
3433 4995 3801 5062 συκοφάνται.

2356 5170 2765 5239 Ἀντιφάνους.
2789 5200 2859 5209 --
2882 5168 2963 5219 Τὰ
2998 5165 3098 5234 μὲν
3371 5166 3562 5237 κέρδη,
3603 5169 3711 5234 τὰς
3740 5168 3835 5239 μιν

2278 5262 2469 5332 ἡδονὰς
2500 5260 2614 5329 ἔχει
2644 5261 2866 5329 μικρὰς,
2894 5256 2995 5319 τὰς
3022 5256 3082 5308 δὲ
3108 5254 3287 5319 λύπας
3315 5255 3556 5326 μακράς.

2913 5388 3186 5456 reputo.
3208 5413 3215 5422 -

2355 5500 2561 5563 Ὅστις
2586 5499 2697 5566 τὰρ
2726 5459 2922 5566 ἐστίχθτό
2961 5495 3182 5566 π.ιεῖοη
3193 5493 3359 5566 non:
3380 5492 3630 5566 πέφυκ’
3661 5496 3835 5564 ἀνὴρ,

2356 5560 2552 5619 οὐδὲν(
2576 5560 2785 5634 φρονεῖ
2807 5564 3040 5617 δίκαιον
3080 5560 3552 5634 οὐδᾷίβούλετιει,

2353 5637 2560 5701 Φίλοις
2578 5629 2631 5687 τ’
2652 5634 2891 5697 ἄμικτός
2929 5635 3077 5695 ἐστι,
3109 5630 3206 5684 καί
3234 5629 3403 5699 πάσῃ
3429 5633 3637 5688 πόλει.
