3948 6338
140 437 225 500 861
1393 441 1559 500 LOCI
1601 442 2031 502 COMMUNES.

3237 451 3345 517 862

138 548 356 600 θεόντων
405 549 584 602 αὐτῶν
619 549 818 620 διέστη,
873 549 1045 603 καθ“ὃ
1095 551 1258 619 μέρος
1307 553 1503 603 ἐκεῖνοι
1544 569 1675 620 παρ-

1807 551 2086 617 ιίοηιίὺιιε,
2114 570 2217 623 qua
2254 561 2411 624 parte
2444 569 2503 609 se
2530 565 2832 625 verterent,
2859 560 2998 632 ignis
3030 562 3232 618 divisus
3261 565 3343 618 lo-

137 637 391 704 εγένοντο.

209 725 299 778 Ἐκ
349 727 464 778 τῶν
505 711 853 790 Ἐπικτήτου
911 725 1292 793 Ἑγχειριδίου
1325 731 1421 781 καὶ
1465 731 1680 794 Ἰσοκρ.

134 809 257 872 τοὺς
313 812 463 871 υἱοὺς
509 811 772 874 σπούδαςε
829 811 1287 880 πεπαιδευμένους
1347 815 1545 882 μᾶλλον
1570 852 1585 877 ,
1649 812 1682 882 ἦ

135 899 408 961 πλουσίους
435 901 770 954 καταλιπεῖν.

193 988 450 1058 Θυγάτηρ
486 990 759 1059 ἀλλότριον
791 990 970 1058 κῖῆμα
1003 989 1236 1058 ὑπάρχει
1269 989 1346 1057 τῷ
1378 991 1562 1058 πατρί.

207 1077 264 1128 '0
307 1079 472 1138 αὐτὸς
520 1082 634 1139 τοῖς
683 1078 840 1130 παισὶ
917 1077 1328 1130 συνεϐούλευσεν
1393 1079 1525 1129 αἱδὼ
1574 1079 1683 1130 δεῖν

139 1168 470 1229 καταλιπεῖν,
506 1168 538 1236 ἦ
567 1167 786 1236 χρυσόν.

201 1257 408 1324 [ἰατρὸς
442 1257 618 1326 ὕϐρις,
640 1258 749 1332 ,ἡδὺ
791 1259 1095 1328 φάρμακον·
1140 1257 1300 1310 πλέον
1334 1257 1442 1325 γὰρ
1480 1257 1592 1325 ἔχει
1622 1255 1684 1308 τὺ

136 1343 368 1409 ὠφελοῦν
407 1345 497 1396 τοῦ
523 1344 825 1407 δάκνοντος.

189 1432 231 1463 δ’
267 1432 373 1500 ru;
406 1433 501 1495 καὶ
547 1433 774 1502 θυγατρὶ
836 1436 912 1504 μὴ
962 1436 1406 1506 προσμειδιάσῃς,
1459 1435 1545 1486 ἵνα
1597 1433 1674 1503 μὴ

135 1523 348 1594 ὔστερον
369 1526 664 1596 δακρύσῃς.

671 1705 884 1756 ΛΟΓΟΣ
921 1707 1024 1757 ΚΔ⁰
1054 1705 1122 1757 ⁵⁸.

712 1796 849 1861 Περὶ
884 1797 1092 1862 φόϐου.

189 1887 375 1940 lata.
409 1884 524 1948 κς’.
555 1914 626 1924 -
655 1884 730 1936 Τὸ
773 1885 871 1953 μὲν
919 1885 1138 1954 πνεῦμα
1176 1884 1454 1956 πρόθυμον
1477 1900 1491 1913 ’
1537 1885 1570 1952 ἡ
1625 1884 1681 1935 δὲ

133 1975 259 2044 σὰρξ
287 1976 544 2045 ἀσθενής.

193 2067 375 2135 Πράξ.
423 2074 477 2121 ι’.
527 2096 596 2107 -—-
648 2065 768 2120 Ἐπ’
818 2058 1081 2134 ἀληθείας
1132 2064 1553 2133 καταλαμϐάνω,
1597 2063 1680 2115 ὅτι

129 2157 220 2209 οὐκ
249 2157 363 2209 εστι
391 2153 860 2224 προσωπολήπτης
889 2156 918 2206 ὁ
945 2152 1098 2215 Θεὸς,
1126 2153 1241 2204 ἀλλ’
1267 2154 1324 2204 ὲν
1353 2157 1516 2203 παντὶ
1539 2150 1681 2203 ἔθνει

130 2244 513 2312 ὁφοϐοὗμενος
543 2243 702 2295 αὐτὸν
764 2242 858 2293 καὶ
900 2241 1261 2324 ἐργαζόμενος
1312 2238 1680 2306 δικαιοσύνην,

128 2336 303 2396 δεκτὸς
325 2333 476 2405 αὑτῷ
508 2334 676 2386 ἐστιν.
750 2401 764 2413 ν

194 2426 433 2491 Παροιμ.
471 2422 558 2474 ιδ’.
596 2451 666 2462 —
700 2421 870 2484 Φόϐος
920 2420 1136 2490 Κυρίου
1176 2419 1275 2488 (ιη)
1305 2419 1457 2488 πηγὴ
1499 2419 1678 2488 ζωῆς⁶

130 2515 264 2564 ποιεῖ
283 2513 342 2565 δὲ
371 2512 636 2565 ἐκκλίνειν
661 2514 726 2564 ὲκ
758 2511 980 2578 παγίδος
1005 2511 1256 2563 θανάτου.

192 2604 406 2670 Σολομ.
439 2602 533 2666 ιβ’.
563 2630 634 2641 --
661 2601 825 2663 Τέλος
866 2601 1046 2667 λόγου,
1098 2599 1159 2652 τὸ
1205 2599 1315 2650 πᾶν
1353 2597 1537 2657 ἄκουε,
1580 2595 1680 2654 ,τὸν

127 2687 251 2740 Θεὸν
304 2689 495 2756 φοϐοῦ,
543 2688 638 2741 καὶ
680 2689 776 2750 τὰς
818 2686 1034 2748 ἐντολὰς
1091 2684 1252 2737 αὑτοῦ
1301 2682 1558 2750 φύλασσε,
1597 2681 1680 2732 ὃτι

128 2779 279 2831 τοῦτο
309 2783 419 2839 πᾶς
442 2778 750 2847 ἄνθρωπος.

193 2869 369 2938 Σιρὰχ
393 2869 474 2936 μ’.
503 2898 573 2907 -
602 2868 873 2936 Χρήματα
933 2863 1029 2915 καὶ
1077 2862 1229 2929 ἰσχὺς
1256 2856 1518 2924 ἁπιυψοῦσι
1545 2873 1680 2926 καρ-

127 2957 236 3010 δίαν
255 2976 268 2988 ·
295 2961 390 3011 καὶ
420 2958 560 3025 ὑπὲρ
588 2957 870 3024 ἀμφότερα
904 2952 1064 3018 φόϐος
1093 2949 1320 3017 Κυρίου.

1779 655 1904 692 cum
1933 641 2082 696 fecit.
2261 692 2267 698 .

2051 731 2133 784 Ea:
2170 732 2390 800 Epicteti
2445 735 2744 788 Euchiridio
2779 748 2826 789 et
2858 739 3075 794 Isocrat.

1784 821 2011 875 Liberos
2041 822 2198 874 stude
2231 823 2524 887 doctiores,
2548 841 2709 893 quam
2742 827 2970 881 ditiores
3010 831 3336 899 relinquere.

1786 995 1945 1059 Filia,
1977 996 2152 1049 aliena
2179 998 2318 1065 patri
2352 1000 2622 1066 possessio
2645 1009 2748 1054 est.

1852 1083 2032 1145 ldem,
2090 1083 2280 1137 liberis
2341 1085 2608 1152 pudorem
2665 1088 2836 1156 magis
2890 1088 3336 1158 relinquendum,

1783 1186 1943 1238 quam
1977 1187 2169 1224 aurum
2204 1174 2541 1226 consulebat.

1852 1259 2168 1329 Objurgatio
2223 1264 2393 1330 patris
2457 1265 2616 1318 dulce
2671 1266 3159 1332 medicamentum;
3216 1267 3339 1336 plus

1780 1349 1924 1401 enim
1962 1350 2213 1416 prodest,
2242 1361 2404 1419 quam
2443 1357 2680 1409 mordet.

1849 1438 2010 1507 605
2035 1470 2104 1478 —
2133 1441 2269 1494 Filio
2298 1441 2530 1512 lilizeque
2559 1459 2628 1497 ne
2655 1445 2898 1500 arrideas
2917 1485 2931 1508 ,
2963 1458 3032 1499 ne.
3068 1444 3121 1497 in
3155 1453 3338 1513 poste-

1781 1542 1900 1579 rum
1930 1527 2134 1596 lugeas.

1712 1717 1755 1770 Β
2336 1715 2564 1770 SERMO
2601 1717 2790 1772 XXIV.

2413 1805 2486 1858 De
2513 1809 2718 1859 timore.

1847 1888 2038 1944 Matth.
2058 1907 2200 1953 xxvr,
2222 1893 2309 1945 41.
2340 1923 2403 1934 -
2426 1893 2661 1961 Spiritus
2682 1893 2899 1962 quidem
2925 1908 3207 1966 promptus
3231 1909 3336 1963 est,

1780 1994 1907 2032 caro
1937 1989 2116 2033 autem
2147 1981 2381 2034 inﬁrma.

1848 2069 1964 2123 Act.
1997 2086 2050 2132 χ,
2078 2071 2165 2123 54.
2200 2102 2269 2109 —
2302 2072 2361 2125 ln
2393 2074 2622 2128 veritate
2661 2076 2921 2143 comperi,
2952 2079 3078 2145 quia
3111 2095 3217 2133 non
3255 2088 3337 2134 est

1779 2170 2138 2222 personarum
2165 2169 2418 2226 acceptor
2443 2160 2586 2214 Deus
2613 2178 2626 2213 :
2659 2162 2754 2215 sed
2785 2162 2837 2214 in
2867 2165 3010 2216 omni
3039 2154 3219 2233 gente,
3243 2168 3336 2235 qui

1778 2243 1938 2297 timet
1969 2246 2138 2299 Deum
2168 2256 2224 2301 et
2248 2247 2376 2302 facit
2400 2237 2690 2318 justitiam,
2716 2261 2967 2320 acceptus
2993 2263 3076 2308 est
3105 2256 3203 2308 illi.

1807 2454 1812 2459 ς
1849 2417 2006 2471 Prov.
2037 2435 2146 2482 xrv,
2171 2419 2262 2472 27.
2288 2450 2358 2460 ——
2385 2421 2572 2476 Timor
2601 2424 2816 2478 Domini
2846 2426 2967 2479 fons
2999 2428 3123 2480 vita:
3160 2446 3172 2481 :
3207 2429 3337 2482 facit

1779 2514 1960 2559 autem
1991 2506 2268 2562 declinare
2301 2525 2333 2562 a
2365 2510 2560 2579 laqueo
2592 2515 2800 2566 mortis.

1849 2595 2023 2648 Eccle.
2041 2608 2131 2660 xu,
2161 2596 2337 2650 l5.-——-
2364 2590 2512 2653 Finis
2537 2604 2833 2668 sermonis,
2863 2605 3004 2672 quod
3032 2614 3202 2660 totum
3230 2617 3334 2671 est,

1778 2683 1904 2738 audi
1936 2702 1950 2738 :
1982 2686 2155 2740 Deum
2194 2687 2347 2752 time,
2379 2697 2436 2743 et
2475 2691 2726 2744 mandata
2766 2693 2884 2762 ejus
2924 2695 3195 2751 observa:
3233 2698 3337 2752 hoc

1777 2780 1860 2825 est
1888 2774 2036 2826 enim
2066 2776 2244 2846 omnis
2275 2775 2458 2832 homo.

1849 2861 2012 2915 Eccli.
2038 2879 2124 2925 XL,
2147 2865 2236 2918 26.
2259 2896 2329 2904 —
2348 2866 2656 2923 Facultates
2677 2879 2733 2923 et
2755 2870 2924 2924 robur
2946 2874 3183 2928 exaltant
3201 2890 3333 2932 eor:

1779 2958 1835 3004 et
1859 2967 2027 3020 super
2051 2961 2280 3021 utraque
2311 2956 2475 3010 timor
2499 2958 2734 3012 Domini.

193 3049 530 3101 Βασιλείου.
564 3074 632 3085 -
671 3046 756 3105 Ὦς
798 3042 907 3111 γὰρ
948 3044 976 3093 ὁ
1016 3039 1405 3108 ἐμπεπηγότας
1447 3038 1584 3107 ἔχων
1617 3040 1675 3090 ὲν

1847 3037 2055 3092 Basilii.
2082 3071 2153 3080 —
2182 3041 2252 3096 Ut
2276 3041 2423 3095 enim
2459 3044 2526 3109 is,
2553 3045 2644 3112 qui
2683 3045 2878 3101 inﬁxos
2910 3051 3122 3116 corpori
3157 3051 3336 3106 clavos

129 3138 295 3206 ἑαυτῷ
336 3137 464 3197 τοὺς
510 3133 850 3201 σωματικοῦς
894 3130 1075 3198 ἥλους,
1107 3128 1466 3198 ἀνενέργητός
1505 3130 1673 3192 ἐστιν,

129 3227 227 3284 inab
260 3226 370 3279 τῶν
411 3223 611 3277 ὀδυνῶν
637 3221 1024 3289 κατεχόμενος·
1059 3218 1228 3282 οὕτως
1253 3219 1281 3271 ὁ
1303 3218 1381 3288 τῷ
1405 3218 1553 3286 φόϐῳ
1579 3218 1674 3270 τοῦ

127 3315 254 3368 Θεοῦ
287 3312 744 3381 κατειλημμένος,
766 3312 867 3363 οὐκ
909 3309 1173 3379 ὀφθαλμῷ
1206 3309 1511 3378 χρήσασθαι
1541 3308 1676 3376 πρὸς

126 3406 158 3458 ἃ.
187 3406 259 3476 μὴ
308 3406 409 3467 δεῖ,
459 3403 521 3455 οὐ
565 3405 757 3473 χεῖρας.
786 3401 1006 3468 κινῆσαι
1050 3400 1187 3468 πρὸς
1219 3397 1675 3467 ἁπηγορευμένας

131 3497 369 3566 πράξεις,
397 3494 493 3560 οὐχ
524 3493 662 3553 ὅλως
695 3490 887 3560 μικρὸν
916 3488 1168 3558 ἥ’μεῖζον
1193 3489 1487 3554 ἐνεργῆσαι
1523 3485 1674 3548 παρὰ

124 3585 179 3634 τὸ
207 3583 446 3652 καθῆκον
485 3581 727 3644 δύναται,
767 3574 877 3630 οἷον
909 3577 1067 3645 ὀδύνῃ
1098 3574 1322 3642 τινὶ”τῇ
1374 3571 1673 3642 προσδοκία

123 3673 223 3726 τῶν
245 3671 646 3740 ἀπειληθέντων
677 3666 1152 3736 συμπεπαρμένος.

189 3762 504 3827 Θεολότου.
533 3784 602 3796 —-
629 3756 741 3808 Οὐκ
785 3755 891 3807 ἀπὸ
941 3754 1174 3821 θεωρίας
1206 3752 1565 3822 ἀρξαμένους,
1593 3753 1673 3815 εἰς

124 3850 280 3918 φόϐον
331 3849 440 3920 χρὴ
503 3846 852 3917 καταλήγειν.
903 3844 1115 3916 Θεωρία
1167 3844 1274 3912 γὰρ
1324 3843 1670 3912 ἀχαλίνωτος,

123 3943 253 4009 τάλα
287 3941 356 3994 ἂν
379 3939 472 3992 καὶ
487 3939 626 3991 κατὰ
650 3935 909 4006 κρημνῶν
939 3934 1128 3987 ὤσειεν
1150 3950 1165 3965 ⁸
1197 3933 1330 3986 ἀλλὰ
1352 3934 1501 4001 φόϐῳ
1529 3949 1673 3983 στοι-

125 4031 447 4100 χειωμένους
469 4030 565 4080 καὶ
589 4026 1036 4095 καθαιρομένους,
1058 4023 1172 4086 καὶ,
1196 4023 1283 4075 ἵνα
1310 4022 1480 4084 οὓτως
1512 4023 1671 4083 εῐπω,

125 4121 582 4191 λεπτυνομένους,
606 4119 684 4180 εις
711 4116 843 4185 ὕψος
868 4114 1138 4184 αἴρεσθαι.

191 4300 289 4352 Ἐν
340 4296 666 4368 φοϐηθῶμεν
723 4293 901 4365 μόνον,
947 4292 1011 4346 τὸ
1067 4291 1371 4362 φοϐηθῆναι
1425 4287 1560 4343 Θεοῦ
1618 4306 1671 4342 τι

367 4392 408 4445 ὶ.

367 4392 408 4445 ὶ.

395 4477 672 4555 ,ξᾳπωοὺς
698 4477 1060 4555 ἐκφοϐοῦσιν
1081 4477 1134 4555 οι
1163 4476 1398 4552 κτύποι.
1487 4539 1499 4555 ο

921 4511 1639 4610 "giiai'zﬁirvﬁaﬂamr.

189 4660 489 4726 vaaoat.
522 4682 592 4693 —-
622 4653 695 4704 Οὐ
738 4651 988 4704 τοσοῦτον
1012 4649 1349 4718 ἐργάσασθαι
1393 4647 1680 4714 δυνήσεται

125 4743 298 4808 λόγος,
343 4741 468 4793 ὅσον
514 4737 1028 4808 ὲργάζεταιφόϐος.
1071 4735 1134 4788 ’0
1167 4735 1274 4803 γὰρ
1317 4735 1414 4812 τῆς
1447 4734 1672 4801 γεέννης

129 4831 285 4899 φόϐος
320 4829 417 4884 τὸν
444 4829 543 4897 τῆς
572 4826 843 4896 βασιλείας
865 4827 996 4896 ἡμῖν
1023 4826 1205 4894 κομιεῖ
1244 4824 1522 4892 στέφανον.
1585 4824 1673 4874 Αι-

1781 3126 1964 3191 habet,
1987 3129 2253 3198 quidquid
2280 3133 2547 3199 agendum
2576 3136 2648 3187 sit
2671 3136 2817 3188 iners
2842 3146 2943 3199 est,
2965 3138 3108 3204 quod
3135 3139 3339 3193 dolori-

1779 3214 1884 3268 bus
1912 3232 1974 3269 ac
2002 3219 2246 3271 cruciatu
2276 3226 2423 3272 totus
2450 3230 2748 3290 occupetur
2780 3241 2793 3275 :
2823 3225 2905 3287 sic
2930 3241 3090 3293 quem
3120 3228 3335 3283 Domini

1780 3302 1942 3356 timor
1968 3303 2252 3372 corripuit,
2274 3320 2383 3357 non
2410 3307 2569 3359 oculo
2592 3309 2669 3361 uti
2694 3319 2878 3378 potest
2900 3313 2966 3366 ad
2993 3329 3055 3367 ea
3084 3331 3204 3383 quae
3227 3332 3334 3371 non

1780 3397 1907 3442 sunt
1937 3390 2120 3454 oﬂicii,
2146 3408 2255 3446 non
2287 3393 2414 3447 ullis
2439 3396 2624 3451 vetitis
2653 3413 2845 3453 manus
2875 3402 3191 3469 admovere;
3226 3421 3335 3459 non

1778 3492 2002 3545 prorsus
2031 3479 2212 3532 minus
2242 3481 2447 3550 aliquid
2481 3492 2576 3537 aut
2601 3487 2774 3556 majus
2807 3498 2995 3543 contra
3025 3507 3089 3544 ac
3121 3491 3334 3547 honesti

1778 3568 1919 3620 ratio
1944 3570 2138 3635 poscit,
2166 3566 2457 3637 praestare;
2487 3587 2649 3641 quem
2679 3576 2935 3631 nimirum
2963 3581 3112 3633 velut
3134 3582 3337 3637 doloris

1778 3657 2003 3726 quidam
2033 3659 2274 3722 aculeus,
2301 3660 2583 3716 intentata:
2612 3665 2773 3717 minae
2801 3667 3141 3722 eonﬁxerint.

1848 3747 2108 3816 Theologi.
2133 3746 2282 3802 Orat.
2307 3751 2361 3801 in
2388 3749 2636 3803 Lumina.
2658 3782 2726 3791 —
2746 3754 2864 3806 Non
2889 3757 3276 3823 auspicandum
3303 3776 3332 3814 a

1778 3839 2259 3906 contemplatione,
2287 3847 2347 3891 ut
2374 3838 2428 3891 in
2458 3839 2652 3894 timore
2678 3841 2825 3894 velut
2852 3851 3094 3897 extremo
3124 3846 3338 3901 desina-

1778 3943 1918 3979 mus.
1953 3926 2353 3994 Contemplatio
2391 3928 2536 3982 euim
2577 3928 2734 3984 freno
2769 3932 2963 3995 soluta,
2999 3933 3136 3990 forte
3172 3939 3334 3992 etiam

1779 4014 1832 4067 in
1872 4030 2114 4084 praeceps
2156 4015 2437 4084 impulerit
2472 4035 2485 4070 :
2521 4019 2613 4073 sed
2647 4020 2839 4088 primis
2870 4024 3024 4092 quasi
3055 4026 3337 4084 elementis

1778 4102 1974 4158 timore
2022 4105 2328 4169 institutos,
2363 4118 2761 4179 purgatosque,
2795 4121 2880 4176 et,
2914 4123 2974 4167 ut
3018 4116 3090 4168 ita
3127 4117 3332 4182 dicam,

1779 4202 2058 4262 tenuatos,
2093 4196 2171 4250 sic
2201 4197 2258 4250 in
2292 4197 2527 4252 sublime
2559 4201 2696 4270 erigi
2729 4203 3002 4255 convenit.

1849 4285 2031 4340 Unum
2077 4285 2338 4340 duntaxat
2380 4288 2687 4354 timeamus,
2722 4306 2791 4345 ne
2841 4291 2971 4360 quid
3016 4292 3125 4346 Deo
3163 4292 3336 4363 magis

1704 4353 1751 4410 Ῑ)
1788 4373 2092 4428 timeamus.

1879 4460 2104 4534 [separes
2137 4463 2386 4531 foliorum
2415 4469 2641 4534 crepitus
2671 4477 2864 4522 terrent
2893 4487 2912 4522 :

1880 4527 1970 4582 Sic
1998 4527 2146 4584 viros
2161 4549 2352 4601 parum
2379 4527 2573 4598 viriles,
2601 4538 2800 4591 umbra:
2828 4554 3021 4604 rerum.

1845 4642 2110 4712 Chrysa“.
2146 4675 2217 4685 —
2266 4646 2383 4700 Non
2434 4656 2647 4702 tantum
2690 4653 2876 4706 verbis
2924 4651 3066 4706 eﬂici
3113 4653 3332 4720 poterit.

1779 4743 2044 4800 quantum
2075 4743 2298 4803 praestat
2318 4736 2502 4790 timor.
2526 4737 2661 4792 Nam
2691 4740 2952 4809 gehennae
2979 4743 3162 4804 timor,
3185 4743 3336 4812 regni

1783 4822 1952 4876 nobis
2001 4837 2259 4878 coronam
2306 4826 2516 4882 all'eret.
2553 4829 2841 4895 Diabolus,
2877 4832 3035 4885 modo
3081 4830 3336 4897 velimus,

1406 4912 1634 4970 VABIIE
1670 4910 2076 4968 LECTIONES.

195 5010 238 5043 "
262 5009 324 5064 In
362 5007 622 5070 Antonio,
652 5005 913 5070 Solonit.;
942 5006 1084 5060 idem
1102 5004 1235 5060 fere.
1266 5004 1434 5060 Eccli.
1461 5020 1587 5068 xxx,
1620 5003 1676 5057 9.
1749 5004 1794 5035 ³⁸
1823 5003 1920 5057 Est
1949 5003 2006 5056 in
2035 5001 2199 5058 Gesn.
2224 5003 2378 5060 Stob.
2415 5007 2539 5062 288.

1617 5098 1850 5156 NOTAE.

201 5193 295 5265 (ιη)
318 5196 508 5256 φόϐος
539 5192 774 5266 Κυρίου.
804 5192 981 5266 Sic_et
1000 5195 1156 5266 Vulg.
1177 5195 1409 5266 ipsaque
1449 5195 1677 5266 Hebrai-

135 5263 224 5327 ea,
277 5263 410 5319 ’rrrn
466 5270 609 5321 runt
679 5263 834 5313 timor
885 5263 1127 5317 Domini:
1167 5263 1280 5319 Nec
1322 5263 1500 5320 aliter
1550 5263 1678 5318 red-

136 5333 279 5402 ditur
301 5331 431 5383 aliis
459 5330 612 5402 locis,
633 5328 834 5402 quibus
859 5332 976 5402 ejus
996 5333 1148 5402 vocis
1173 5349 1306 5387 usus
1349 5334 1679 5402 frequentis-

140 5400 306 5456 simus
331 5405 442 5450 est.
467 5395 558 5449 Sic
580 5396 760 5468 etiam
777 5395 1057 5468 Syriac._et
1079 5395 1466 5468 Paraphrastes
1486 5400 1681 5456 Chald;

140 5468 364 5544 Ληρίςε
397 5464 853 5544 tamenproxime
881 5480 947 5518 ex
1191 5464 1302 5544 ὧν
1319 5468 1376 5522 0'
1400 5485 1678 5544 expressa,

142 5533 364 5607 perinde
416 5533 721 5600 imperium,
772 5537 1305 5609 praeceptumtquod
1356 5533 1681 5619 est-Graece

144 5603 487 5680 πρρστατμία.
519 5600 720 5680 Notapt
743 5611 947 5680 .tamen
993 5603 1235 5657 Romana
1286 5607 1514 5669 scholia,
1544 5607 1679 5659 alios

147 5666 348 5739 bibere
372 5666 554 5739 φόϐος,
593 5666 671 5739 u_ti
703 5666 790 5721 hic
816 5670 1030 5739 codices
1065 5683 1469 5739 reprzesentant.

214 5738 292 5807 (η)
323 5738 394 5790 Τὸ
423 5734 747 5805 φοϐηθῆναι
801 5737 947 5791 θεοῦ
971 5755 1022 5790 τι
1046 5734 1252 5794 πλέον.
1288 5741 1514 5797 Gesneri
1545 5757 1676 5796 con-

1778 5192 2012 5262 jectura,
2034 5197 2104 5262 _ut
2132 5191 2205 5245 sit
2245 5193 2620 5262 reponendum
2669 5192 2784 5256 τοῦ,
2821 5192 2960 5262 ἀντὶ-
2991 5188 3070 5262 τδ.
3105 5192 3334 5262 maxima

1783 5259 2084 5331 ᾄστοχασια
2127 5270 2250 5331 est;
2293 5259 2542 5331 nihilque
2581 5271 2764 5331 aptum
2819 5260 2964 5329 quod
2997 5260 3076 5312 sic
3126 5260 3334 5331 dissute
3430 5307 3432 5309 .

1789 5327 2182 5397 interrogando
2217 5330 2416 5394 reddit,
2453 5327 2762 5383 ’Hetuamus
2811 5327 3049 5394 tantum;
3103 5330 3226 5397 quid
3257 5343 3332 5387 est

1784 5395 1838 5474 in
1875 5406 2027 5474 metu
2062 5395 2272 5474 Domini
2299 5398 2574 5474 amplius?
2621 5398 2780 5452 Aliud
2810 5397 3042 5465 theologi
3085 5395 3332 5474 acumen,

1788 5463 1919 5530 ipsis
1935 5463 2055 5532 ejus
2077 5466 2268 5535 verbis
2289 5463 2438 5520 nulla
2460 5467 2512 5519 vi
2533 5482 2884 5535 expressum;
2910 5463 3103 5531 nempe
3129 5464 3336 5535 Timea-

1787 5547 1921 5594 mus,
1976 5547 2040 5611 ne
2100 5534 2350 5611 pra:_Deo
2400 5532 2953 5611 aliquid—timeamus:
2990 5532 3144 5611 .quod.
3189 5545 3332 5611 certe

1785 5599 2157 5664 evangelicum
2201 5599 2617 5667 documentum,
2682 5599 2739 5656 ut
2800 5603 2896 5659 Dei
2966 5599 3145 5655 timori
3200 5602 3333 5658 nihil

1738 5700 1754 5715 .
1785 5676 2196 5735 anteponamus.
