  <div class='ocr_page' id='page_1' title='image "/cluster/home/n/w/nwhite01/storage/ocr_20150623/91/pst.000005712977/461.png"; bbox 0 0 3948 6338; ppageno 0'>
   <div class='ocr_carea' id='block_1_1' title="bbox 657 419 762 478">
    <p class='ocr_par' dir='ltr' id='par_1_1' title="bbox 657 419 762 478">
     <span class='ocr_line' id='line_1_1' title="bbox 657 419 762 478; baseline 0.019 -2"><span class='ocrx_word' id='word_1_1' title='bbox 657 419 762 478; x_wconf 76' lang='grc' dir='ltr'><strong>8ὁ3</strong></span> 
     </span>
    </p>
   </div>
   <div class='ocr_carea' id='block_1_2' title="bbox 1812 416 2205 484">
    <p class='ocr_par' dir='ltr' id='par_1_2' title="bbox 1812 420 2193 480">
     <span class='ocr_line' id='line_1_2' title="bbox 1812 420 2193 480; baseline -0.003 -1"><span class='ocrx_word' id='word_1_2' title='bbox 1812 423 1868 479; x_wconf 91' lang='lat' dir='ltr'><strong>S.</strong></span> <span class='ocrx_word' id='word_1_3' title='bbox 1910 420 2193 480; x_wconf 80' lang='grc' dir='ltr'><strong>ΜΛΧΙΜΙ</strong></span> 
     </span>
    </p>
   </div>
   <div class='ocr_carea' id='block_1_3' title="bbox 2307 416 3830 484">
    <p class='ocr_par' dir='ltr' id='par_1_3' title="bbox 2307 420 3830 484">
     <span class='ocr_line' id='line_1_3' title="bbox 2307 420 3830 484; baseline 0.005 -7"><span class='ocrx_word' id='word_1_4' title='bbox 2307 420 2733 480; x_wconf 75' lang='lat' dir='ltr'><strong>)NFESSORIS</strong></span> <span class='ocrx_word' id='word_1_5' title='bbox 3753 421 3830 484; x_wconf 72' lang='grc' dir='ltr'>δα</span> 
     </span>
    </p>
   </div>
   <div class='ocr_carea' id='block_1_4' title="bbox 658 524 2205 595">
    <p class='ocr_par' dir='ltr' id='par_1_4' title="bbox 658 524 2205 581">
     <span class='ocr_line' id='line_1_4' title="bbox 658 524 2205 581; baseline 0.003 -6"><span class='ocrx_word' id='word_1_6' title='bbox 658 525 948 578; x_wconf 85' lang='lat' dir='ltr'><strong>multorum</strong></span> <span class='ocrx_word' id='word_1_7' title='bbox 972 524 1131 578; x_wconf 89' lang='lat' dir='ltr'><strong>nobis</strong></span> <span class='ocrx_word' id='word_1_8' title='bbox 1154 524 1418 579; x_wconf 88' lang='lat' dir='ltr'><strong>bonorum</strong></span> <span class='ocrx_word' id='word_1_9' title='bbox 1443 534 1632 579; x_wconf 91' lang='lat' dir='ltr'><strong>auctor</strong></span> <span class='ocrx_word' id='word_1_10' title='bbox 1651 527 1884 581; x_wconf 76' lang='lat' dir='ltr'><strong>exsistit.</strong></span> <span class='ocrx_word' id='word_1_11' title='bbox 1909 528 2205 581; x_wconf 82' lang='lat' dir='ltr'><strong>Metuentes</strong></span> 
     </span>
    </p>
   </div>
   <div class='ocr_carea' id='block_1_5' title="bbox 2307 524 3824 595">
    <p class='ocr_par' dir='ltr' id='par_1_5' title="bbox 2308 524 3824 595">
     <span class='ocr_line' id='line_1_5' title="bbox 2308 524 3824 595; baseline 0.003 -19"><span class='ocrx_word' id='word_1_12' title='bbox 2308 525 2395 578; x_wconf 88' lang='grc' dir='ltr'><strong>τία</strong></span> <span class='ocrx_word' id='word_1_13' title='bbox 2443 527 2576 595; x_wconf 79' lang='grc' dir='ltr'>ἡμῖν</span> <span class='ocrx_word' id='word_1_14' title='bbox 2622 525 2831 579; x_wconf 83' lang='grc' dir='ltr'>πολλῶν</span> <span class='ocrx_word' id='word_1_15' title='bbox 2867 524 3107 592; x_wconf 81' lang='grc' dir='ltr'>ἀγαθῶν,</span> <span class='ocrx_word' id='word_1_16' title='bbox 3146 524 3196 578; x_wconf 84' lang='grc' dir='ltr'><strong>εί</strong></span> <span class='ocrx_word' id='word_1_17' title='bbox 3237 524 3580 595; x_wconf 77' lang='grc' dir='ltr'>βουλοίμεθα,</span> <span class='ocrx_word' id='word_1_18' title='bbox 3614 527 3646 577; x_wconf 85' lang='grc' dir='ltr'><strong>ὁ</strong></span> <span class='ocrx_word' id='word_1_19' title='bbox 3683 526 3824 581; x_wconf 78' lang='grc' dir='ltr'>διάϐο·</span> 
     </span>
    </p>
   </div>
   <div class='ocr_carea' id='block_1_6' title="bbox 655 614 2209 686">
    <p class='ocr_par' dir='ltr' id='par_1_6' title="bbox 655 614 2209 686">
     <span class='ocr_line' id='line_1_6' title="bbox 655 614 2209 686; baseline 0.001 -17"><span class='ocrx_word' id='word_1_20' title='bbox 655 614 803 669; x_wconf 81' lang='lat' dir='ltr'><strong>cnim</strong></span> <span class='ocrx_word' id='word_1_21' title='bbox 837 615 956 682; x_wconf 81' lang='lat' dir='ltr'><strong>ejus</strong></span> <span class='ocrx_word' id='word_1_22' title='bbox 993 614 1237 677; x_wconf 85' lang='lat' dir='ltr'><strong>insidias,</strong></span> <span class='ocrx_word' id='word_1_23' title='bbox 1267 617 1433 669; x_wconf 85' lang='lat' dir='ltr'><strong>sobrii</strong></span> <span class='ocrx_word' id='word_1_24' title='bbox 1476 632 1683 679; x_wconf 90' lang='lat' dir='ltr'><strong>sumus,</strong></span> <span class='ocrx_word' id='word_1_25' title='bbox 1714 619 1993 686; x_wconf 94' lang='lat' dir='ltr'><strong>Deumque</strong></span> <span class='ocrx_word' id='word_1_26' title='bbox 2026 628 2209 672; x_wconf 91' lang='lat' dir='ltr'><strong>mente</strong></span> 
     </span>
    </p>
   </div>
   <div class='ocr_carea' id='block_1_7' title="bbox 661 701 2208 771">
    <p class='ocr_par' dir='ltr' id='par_1_7' title="bbox 661 701 2208 771">
     <span class='ocr_line' id='line_1_7' title="bbox 661 701 2208 771; baseline 0.003 -16"><span class='ocrx_word' id='word_1_27' title='bbox 661 701 968 761; x_wconf 87' lang='lat' dir='ltr'><strong>recolimus.</strong></span> <span class='ocrx_word' id='word_1_28' title='bbox 1009 701 1145 755; x_wconf 85' lang='lat' dir='ltr'><strong>Nam</strong></span> <span class='ocrx_word' id='word_1_29' title='bbox 1189 702 1282 771; x_wconf 89' lang='lat' dir='ltr'><strong>qui</strong></span> <span class='ocrx_word' id='word_1_30' title='bbox 1329 702 1480 758; x_wconf 84' lang='lat' dir='ltr'><strong>videt</strong></span> <span class='ocrx_word' id='word_1_31' title='bbox 1525 704 1818 758; x_wconf 73' lang='lat' dir='ltr'><strong>instantem</strong></span> <span class='ocrx_word' id='word_1_32' title='bbox 1865 705 2105 771; x_wconf 85' lang='lat' dir='ltr'><strong>hostem,</strong></span> <span class='ocrx_word' id='word_1_33' title='bbox 2139 706 2208 760; x_wconf 85' lang='lat' dir='ltr'><strong>ad</strong></span> 
     </span>
    </p>
   </div>
   <div class='ocr_carea' id='block_1_8' title="bbox 656 792 1796 864">
    <p class='ocr_par' dir='ltr' id='par_1_8' title="bbox 656 792 1796 864">
     <span class='ocr_line' id='line_1_8' title="bbox 656 792 1796 864; baseline 0.002 -19"><span class='ocrx_word' id='word_1_34' title='bbox 656 807 783 848; x_wconf 86' lang='lat' dir='ltr'><strong>eum</strong></span> <span class='ocrx_word' id='word_1_35' title='bbox 817 792 1077 862; x_wconf 74' lang='lat' dir='ltr'><strong>confugit,</strong></span> <span class='ocrx_word' id='word_1_36' title='bbox 1107 793 1200 861; x_wconf 88' lang='lat' dir='ltr'><strong>qui</strong></span> <span class='ocrx_word' id='word_1_37' title='bbox 1232 808 1390 861; x_wconf 91' lang='lat' dir='ltr'><strong>opem</strong></span> <span class='ocrx_word' id='word_1_38' title='bbox 1426 793 1570 848; x_wconf 91' lang='lat' dir='ltr'><strong>ferre</strong></span> <span class='ocrx_word' id='word_1_39' title='bbox 1601 803 1796 864; x_wconf 86' lang='lat' dir='ltr'><strong>potest.</strong></span> 
     </span>
    </p>
   </div>
   <div class='ocr_carea' id='block_1_9' title="bbox 653 874 2210 955">
    <p class='ocr_par' dir='ltr' id='par_1_9' title="bbox 653 874 2210 955">
     <span class='ocr_line' id='line_1_9' title="bbox 653 874 2210 955; baseline 0.003 -20"><span class='ocrx_word' id='word_1_40' title='bbox 653 874 658 879; x_wconf 77' lang='grc'><em>’</em></span> <span class='ocrx_word' id='word_1_41' title='bbox 727 881 1189 947; x_wconf 85' lang='lat' dir='ltr'><strong>Quemadmodum</strong></span> <span class='ocrx_word' id='word_1_42' title='bbox 1221 883 1350 936; x_wconf 89' lang='lat' dir='ltr'><strong>dum</strong></span> <span class='ocrx_word' id='word_1_43' title='bbox 1383 884 1544 938; x_wconf 88' lang='lat' dir='ltr'><strong>miles</strong></span> <span class='ocrx_word' id='word_1_44' title='bbox 1568 893 1809 938; x_wconf 89' lang='lat' dir='ltr'><strong>armatus</strong></span> <span class='ocrx_word' id='word_1_45' title='bbox 1835 885 1998 955; x_wconf 71' lang='lat'><strong>606</strong></span> <span class='ocrx_word' id='word_1_46' title='bbox 2023 885 2210 940; x_wconf 90' lang='lat' dir='ltr'><strong>domui</strong></span> 
     </span>
    </p>
   </div>
   <div class='ocr_carea' id='block_1_10' title="bbox 659 972 2208 1044">
    <p class='ocr_par' dir='ltr' id='par_1_10' title="bbox 659 972 2208 1044">
     <span class='ocr_line' id='line_1_10' title="bbox 659 972 2208 1044; baseline 0.002 -19"><span class='ocrx_word' id='word_1_47' title='bbox 659 974 916 1026; x_wconf 89' lang='lat' dir='ltr'><strong>continue</strong></span> <span class='ocrx_word' id='word_1_48' title='bbox 947 974 1169 1036; x_wconf 85' lang='lat' dir='ltr'><strong>assidet,</strong></span> <span class='ocrx_word' id='word_1_49' title='bbox 1195 990 1302 1027; x_wconf 93' lang='lat' dir='ltr'><strong>non</strong></span> <span class='ocrx_word' id='word_1_50' title='bbox 1331 972 1490 1040; x_wconf 87' lang='lat' dir='ltr'><strong>latro,</strong></span> <span class='ocrx_word' id='word_1_51' title='bbox 1522 990 1632 1028; x_wconf 87' lang='lat' dir='ltr'><strong>non</strong></span> <span class='ocrx_word' id='word_1_52' title='bbox 1661 975 1927 1044; x_wconf 81' lang='lat' dir='ltr'><strong>parietum</strong></span> <span class='ocrx_word' id='word_1_53' title='bbox 1960 975 2208 1040; x_wconf 84' lang='lat' dir='ltr'><strong>ell‘ossor,</strong></span> 
     </span>
    </p>
   </div>
   <div class='ocr_carea' id='block_1_11' title="bbox 659 1060 2212 1135">
    <p class='ocr_par' dir='ltr' id='par_1_11' title="bbox 659 1060 2212 1135">
     <span class='ocr_line' id='line_1_11' title="bbox 659 1060 2212 1135; baseline 0.003 -24"><span class='ocrx_word' id='word_1_54' title='bbox 659 1074 770 1112; x_wconf 90' lang='lat' dir='ltr'><strong>non</strong></span> <span class='ocrx_word' id='word_1_55' title='bbox 792 1060 936 1135; x_wconf 72' lang='lat' dir='ltr'><strong>ullus</strong></span> <span class='ocrx_word' id='word_1_56' title='bbox 957 1060 1097 1114; x_wconf 91' lang='lat' dir='ltr'><strong>alius</strong></span> <span class='ocrx_word' id='word_1_57' title='bbox 1117 1061 1194 1114; x_wconf 91' lang='lat' dir='ltr'><strong>sic</strong></span> <span class='ocrx_word' id='word_1_58' title='bbox 1228 1061 1654 1117; x_wconf 81' lang='lat' dir='ltr'><strong>facinorosorum</strong></span> <span class='ocrx_word' id='word_1_59' title='bbox 1681 1063 1962 1116; x_wconf 87' lang='lat' dir='ltr'><strong>hominum</strong></span> <span class='ocrx_word' id='word_1_60' title='bbox 1989 1063 2212 1118; x_wconf 78' lang='lat' dir='ltr'><strong>audebit</strong></span> 
     </span>
    </p>
   </div>
   <div class='ocr_carea' id='block_1_12' title="bbox 659 1151 2211 1221">
    <p class='ocr_par' dir='ltr' id='par_1_12' title="bbox 659 1151 2211 1221">
     <span class='ocr_line' id='line_1_12' title="bbox 659 1151 2211 1221; baseline 0.003 -18"><span class='ocrx_word' id='word_1_61' title='bbox 659 1163 922 1217; x_wconf 78' lang='lat' dir='ltr'><strong>apparere</strong></span> <span class='ocrx_word' id='word_1_62' title='bbox 951 1167 963 1201; x_wconf 95' lang='lat'>:</span> <span class='ocrx_word' id='word_1_63' title='bbox 992 1151 1069 1204; x_wconf 92' lang='lat' dir='ltr'><strong>sic</strong></span> <span class='ocrx_word' id='word_1_64' title='bbox 1095 1151 1335 1219; x_wconf 91' lang='lat' dir='ltr'><strong>quandiu</strong></span> <span class='ocrx_word' id='word_1_65' title='bbox 1360 1152 1456 1206; x_wconf 85' lang='lat' dir='ltr'><strong>Dei</strong></span> <span class='ocrx_word' id='word_1_66' title='bbox 1484 1153 1646 1206; x_wconf 90' lang='lat' dir='ltr'><strong>timor</strong></span> <span class='ocrx_word' id='word_1_67' title='bbox 1668 1163 1928 1221; x_wconf 89' lang='lat' dir='ltr'><strong>occupat,</strong></span> <span class='ocrx_word' id='word_1_68' title='bbox 1952 1153 2086 1206; x_wconf 85' lang='lat' dir='ltr'><strong>nihil</strong></span> <span class='ocrx_word' id='word_1_69' title='bbox 2129 1154 2211 1208; x_wconf 83' lang='lat' dir='ltr'><strong>fa-</strong></span> 
     </span>
    </p>
   </div>
   <div class='ocr_carea' id='block_1_13' title="bbox 659 1238 2206 1312">
    <p class='ocr_par' dir='ltr' id='par_1_13' title="bbox 659 1238 2206 1312">
     <span class='ocr_line' id='line_1_13' title="bbox 659 1238 2206 1312; baseline 0.004 -20"><span class='ocrx_word' id='word_1_70' title='bbox 659 1239 763 1292; x_wconf 87' lang='lat' dir='ltr'><strong>cile</strong></span> <span class='ocrx_word' id='word_1_71' title='bbox 779 1238 1122 1294; x_wconf 89' lang='lat' dir='ltr'><strong>illiberalium</strong></span> <span class='ocrx_word' id='word_1_72' title='bbox 1140 1241 1430 1295; x_wconf 76' lang='lat' dir='ltr'><strong>atl‘ectuum</strong></span> <span class='ocrx_word' id='word_1_73' title='bbox 1463 1241 1874 1297; x_wconf 86' lang='lat' dir='ltr'><strong>animisnostris</strong></span> <span class='ocrx_word' id='word_1_74' title='bbox 1887 1243 2206 1312; x_wconf 85' lang='lat' dir='ltr'><strong>obrepserit.</strong></span> 
     </span>
    </p>
   </div>
   <div class='ocr_carea' id='block_1_14' title="bbox 728 1327 2210 1400">
    <p class='ocr_par' dir='ltr' id='par_1_14' title="bbox 728 1327 2210 1400">
     <span class='ocr_line' id='line_1_14' title="bbox 728 1327 2210 1400; baseline 0.007 -21"><span class='ocrx_word' id='word_1_75' title='bbox 728 1327 956 1397; x_wconf 77' lang='lat' dir='ltr'><strong>Didymi.</strong></span> <span class='ocrx_word' id='word_1_76' title='bbox 987 1361 1055 1368; x_wconf 98' lang='lat'><strong>—</strong></span> <span class='ocrx_word' id='word_1_77' title='bbox 1094 1331 1236 1383; x_wconf 83' lang='lat' dir='ltr'><strong>Fieri</strong></span> <span class='ocrx_word' id='word_1_78' title='bbox 1280 1347 1388 1384; x_wconf 89' lang='lat' dir='ltr'><strong>non</strong></span> <span class='ocrx_word' id='word_1_79' title='bbox 1429 1340 1609 1400; x_wconf 90' lang='lat' dir='ltr'><strong>potest</strong></span> <span class='ocrx_word' id='word_1_80' title='bbox 1651 1341 1710 1386; x_wconf 93' lang='lat' dir='ltr'><strong>ut</strong></span> <span class='ocrx_word' id='word_1_81' title='bbox 1746 1333 1839 1400; x_wconf 92' lang='lat' dir='ltr'><strong>qui</strong></span> <span class='ocrx_word' id='word_1_82' title='bbox 1877 1333 2046 1387; x_wconf 89' lang='lat' dir='ltr'><strong>Deum</strong></span> <span class='ocrx_word' id='word_1_83' title='bbox 2083 1349 2210 1390; x_wconf 81' lang='lat' dir='ltr'><strong>vero</strong></span> 
     </span>
    </p>
   </div>
   <div class='ocr_carea' id='block_1_15' title="bbox 658 1418 2207 1491">
    <p class='ocr_par' dir='ltr' id='par_1_15' title="bbox 658 1418 2207 1491">
     <span class='ocr_line' id='line_1_15' title="bbox 658 1418 2207 1491; baseline 0.005 -21"><span class='ocrx_word' id='word_1_84' title='bbox 658 1418 812 1472; x_wconf 89' lang='lat' dir='ltr'><strong>timet</strong></span> <span class='ocrx_word' id='word_1_85' title='bbox 846 1419 1010 1472; x_wconf 91' lang='lat' dir='ltr'><strong>homo</strong></span> <span class='ocrx_word' id='word_1_86' title='bbox 1048 1419 1277 1488; x_wconf 89' lang='lat' dir='ltr'><strong>pavidus</strong></span> <span class='ocrx_word' id='word_1_87' title='bbox 1315 1421 1412 1485; x_wconf 90' lang='lat' dir='ltr'><strong>sit;</strong></span> <span class='ocrx_word' id='word_1_88' title='bbox 1450 1422 1650 1491; x_wconf 86' lang='lat' dir='ltr'><strong>quippe</strong></span> <span class='ocrx_word' id='word_1_89' title='bbox 1690 1437 1814 1477; x_wconf 91' lang='lat' dir='ltr'><strong>eum</strong></span> <span class='ocrx_word' id='word_1_90' title='bbox 1856 1423 2062 1477; x_wconf 86' lang='lat' dir='ltr'><strong>dictum</strong></span> <span class='ocrx_word' id='word_1_91' title='bbox 2101 1425 2207 1490; x_wconf 84' lang='lat' dir='ltr'><strong>sit,</strong></span> 
     </span>
    </p>
   </div>
   <div class='ocr_carea' id='block_1_16' title="bbox 660 1509 2070 1574">
    <p class='ocr_par' dir='ltr' id='par_1_16' title="bbox 660 1509 2070 1574">
     <span class='ocr_line' id='line_1_16' title="bbox 660 1509 2070 1574; baseline 0.006 -14"><span class='ocrx_word' id='word_1_92' title='bbox 660 1509 864 1562; x_wconf 68' lang='lat' dir='ltr'><strong>Prmtcr</strong></span> <span class='ocrx_word' id='word_1_93' title='bbox 891 1509 1079 1574; x_wconf 88' lang='lat' dir='ltr'><strong>Deum,</strong></span> <span class='ocrx_word' id='word_1_94' title='bbox 1106 1513 1372 1564; x_wconf 87' lang='lat' dir='ltr'><strong>neminem</strong></span> <span class='ocrx_word' id='word_1_95' title='bbox 1404 1512 1570 1566; x_wconf 92' lang='lat' dir='ltr'><strong>alium</strong></span> <span class='ocrx_word' id='word_1_96' title='bbox 1599 1528 1722 1567; x_wconf 84' lang='lat' dir='ltr'><strong>esse</strong></span> <span class='ocrx_word' id='word_1_97' title='bbox 1749 1513 2070 1569; x_wconf 90' lang='lat' dir='ltr'><strong>timendum.</strong></span> 
     </span>
    </p>
   </div>
   <div class='ocr_carea' id='block_1_17' title="bbox 729 1597 2211 1662">
    <p class='ocr_par' dir='ltr' id='par_1_17' title="bbox 729 1597 2211 1662">
     <span class='ocr_line' id='line_1_17' title="bbox 729 1597 2211 1662; baseline 0.008 -14"><span class='ocrx_word' id='word_1_98' title='bbox 729 1597 964 1652; x_wconf 77' lang='lat' dir='ltr'><strong>Climuri.</strong></span> <span class='ocrx_word' id='word_1_99' title='bbox 995 1629 1062 1636; x_wconf 97' lang='lat'><strong>—</strong></span> <span class='ocrx_word' id='word_1_100' title='bbox 1100 1599 1565 1662; x_wconf 87' lang='lat' dir='ltr'><strong>Quemadmodum</strong></span> <span class='ocrx_word' id='word_1_101' title='bbox 1599 1603 1732 1656; x_wconf 82' lang='lat' dir='ltr'><strong>solis</strong></span> <span class='ocrx_word' id='word_1_102' title='bbox 1764 1603 1950 1659; x_wconf 85' lang='lat' dir='ltr'><strong>radius</strong></span> <span class='ocrx_word' id='word_1_103' title='bbox 1980 1605 2074 1658; x_wconf 89' lang='lat' dir='ltr'><strong>ubi</strong></span> <span class='ocrx_word' id='word_1_104' title='bbox 2109 1604 2211 1660; x_wconf 87' lang='lat' dir='ltr'><strong>do-</strong></span> 
     </span>
    </p>
   </div>
   <div class='ocr_carea' id='block_1_18' title="bbox 2268 615 3827 688">
    <p class='ocr_par' dir='ltr' id='par_1_18' title="bbox 2268 615 3827 688">
     <span class='ocr_line' id='line_1_18' title="bbox 2268 615 3827 688; baseline 0.002 -21"><span class='ocrx_word' id='word_1_105' title='bbox 2268 681 2272 685; x_wconf 94' lang='lat'><em>_</em></span> <span class='ocrx_word' id='word_1_106' title='bbox 2310 616 2399 679; x_wconf 82' lang='grc' dir='ltr'><strong>λος</strong></span> <span class='ocrx_word' id='word_1_107' title='bbox 2419 633 2433 647; x_wconf 91' lang='grc'><strong>·</strong></span> <span class='ocrx_word' id='word_1_108' title='bbox 2466 617 2760 680; x_wconf 86' lang='grc' dir='ltr'>δεδοικότες</span> <span class='ocrx_word' id='word_1_109' title='bbox 2795 617 2904 687; x_wconf 81' lang='grc' dir='ltr'><strong>γὰρ</strong></span> <span class='ocrx_word' id='word_1_110' title='bbox 2944 616 3110 669; x_wconf 84' lang='grc' dir='ltr'>αὐτοῦ</span> <span class='ocrx_word' id='word_1_111' title='bbox 3147 615 3247 679; x_wconf 80' lang='grc' dir='ltr'>τὰς</span> <span class='ocrx_word' id='word_1_112' title='bbox 3282 615 3595 680; x_wconf 71' lang='grc' dir='ltr'>ὶπιϐουλὰς,</span> <span class='ocrx_word' id='word_1_113' title='bbox 3619 618 3827 688; x_wconf 79' lang='grc' dir='ltr'>νήφομεν</span> 
     </span>
    </p>
   </div>
   <div class='ocr_carea' id='block_1_19' title="bbox 2311 705 3827 777">
    <p class='ocr_par' dir='ltr' id='par_1_19' title="bbox 2311 705 3827 777">
     <span class='ocr_line' id='line_1_19' title="bbox 2311 705 3827 777; baseline 0 -17"><span class='ocrx_word' id='word_1_114' title='bbox 2311 707 2404 760; x_wconf 79' lang='grc' dir='ltr'>καὶ</span> <span class='ocrx_word' id='word_1_115' title='bbox 2461 707 2785 777; x_wconf 79' lang='grc' dir='ltr'>μεμνήμεθα</span> <span class='ocrx_word' id='word_1_116' title='bbox 2828 706 2920 760; x_wconf 85' lang='grc' dir='ltr'><strong>τοῦ</strong></span> <span class='ocrx_word' id='word_1_117' title='bbox 2962 705 3119 760; x_wconf 87' lang='grc' dir='ltr'>Θεοῦ.</span> <span class='ocrx_word' id='word_1_118' title='bbox 3170 706 3232 759; x_wconf 90' lang='lat'><strong>&#39;0</strong></span> <span class='ocrx_word' id='word_1_119' title='bbox 3273 705 3383 775; x_wconf 76' lang='grc' dir='ltr'><strong>γὰρ</strong></span> <span class='ocrx_word' id='word_1_120' title='bbox 3427 707 3710 775; x_wconf 66' lang='grc' dir='ltr'>ἐφεστῶτα</span> <span class='ocrx_word' id='word_1_121' title='bbox 3757 711 3827 760; x_wconf 77' lang='grc' dir='ltr'>τὸν</span> 
     </span>
    </p>
   </div>
   <div class='ocr_carea' id='block_1_20' title="bbox 2309 796 3702 868">
    <p class='ocr_par' dir='ltr' id='par_1_20' title="bbox 2309 796 3702 868">
     <span class='ocr_line' id='line_1_20' title="bbox 2309 796 3702 868; baseline 0.002 -19"><span class='ocrx_word' id='word_1_122' title='bbox 2309 797 2500 867; x_wconf 68' lang='grc' dir='ltr'>ἐχθρὸν</span> <span class='ocrx_word' id='word_1_123' title='bbox 2526 797 2690 867; x_wconf 80' lang='grc' dir='ltr'>ὀρῶν,</span> <span class='ocrx_word' id='word_1_124' title='bbox 2721 798 2800 868; x_wconf 83' lang='grc' dir='ltr'><strong>τῷ</strong></span> <span class='ocrx_word' id='word_1_125' title='bbox 2818 797 3096 868; x_wconf 69' lang='grc' dir='ltr'>δυναμένῳ</span> <span class='ocrx_word' id='word_1_126' title='bbox 3115 797 3436 867; x_wconf 76' lang='grc' dir='ltr'>προστρέχει</span> <span class='ocrx_word' id='word_1_127' title='bbox 3465 796 3702 868; x_wconf 81' lang='grc' dir='ltr'>βοηθεῖν.</span> 
     </span>
    </p>
   </div>
   <div class='ocr_carea' id='block_1_21' title="bbox 2381 885 3825 958">
    <p class='ocr_par' dir='ltr' id='par_1_21' title="bbox 2381 885 3825 958">
     <span class='ocr_line' id='line_1_21' title="bbox 2381 885 3825 958; baseline 0.003 -22"><span class='ocrx_word' id='word_1_128' title='bbox 2381 885 2646 955; x_wconf 79' lang='grc' dir='ltr'><strong>Καθάπερ</strong></span> <span class='ocrx_word' id='word_1_129' title='bbox 2676 888 2735 939; x_wconf 76' lang='grc' dir='ltr'>ὲν</span> <span class='ocrx_word' id='word_1_130' title='bbox 2763 887 2909 958; x_wconf 76' lang='grc' dir='ltr'>οἰκίᾳ</span> <span class='ocrx_word' id='word_1_131' title='bbox 2935 885 3268 957; x_wconf 81' lang='grc' dir='ltr'>στρατιώτου</span> <span class='ocrx_word' id='word_1_132' title='bbox 3291 886 3551 953; x_wconf 76' lang='grc' dir='ltr'><strong>διηνεκῶς</strong></span> <span class='ocrx_word' id='word_1_133' title='bbox 3577 887 3825 958; x_wconf 69' lang='grc' dir='ltr'><strong>ὠπλισμέ-</strong></span> 
     </span>
    </p>
   </div>
   <div class='ocr_carea' id='block_1_22' title="bbox 2310 974 3826 1046">
    <p class='ocr_par' dir='ltr' id='par_1_22' title="bbox 2310 974 3826 1046">
     <span class='ocr_line' id='line_1_22' title="bbox 2310 974 3826 1046; baseline 0.002 -22"><span class='ocrx_word' id='word_1_134' title='bbox 2310 989 2424 1038; x_wconf 85' lang='grc' dir='ltr'>νου,</span> <span class='ocrx_word' id='word_1_135' title='bbox 2451 974 2513 1026; x_wconf 84' lang='grc' dir='ltr'>οὐ</span> <span class='ocrx_word' id='word_1_136' title='bbox 2543 974 2764 1044; x_wconf 82' lang='grc' dir='ltr'>λῃστὴς,</span> <span class='ocrx_word' id='word_1_137' title='bbox 2791 975 2853 1028; x_wconf 81' lang='grc' dir='ltr'><strong>ού</strong></span> <span class='ocrx_word' id='word_1_138' title='bbox 2886 975 3221 1046; x_wconf 88' lang='grc' dir='ltr'>τυχωρύχος,</span> <span class='ocrx_word' id='word_1_139' title='bbox 3246 975 3346 1028; x_wconf 80' lang='grc' dir='ltr'>οὐκ</span> <span class='ocrx_word' id='word_1_140' title='bbox 3372 974 3527 1036; x_wconf 74' lang='grc' dir='ltr'>ἄλλος</span> <span class='ocrx_word' id='word_1_141' title='bbox 3553 991 3636 1038; x_wconf 88' lang='grc' dir='ltr'><strong>τις</strong></span> <span class='ocrx_word' id='word_1_142' title='bbox 3665 976 3826 1028; x_wconf 78' lang='grc' dir='ltr'>τῶντὰ</span> 
     </span>
    </p>
   </div>
   <div class='ocr_carea' id='block_1_23' title="bbox 2293 1053 3826 1132">
    <p class='ocr_par' dir='ltr' id='par_1_23' title="bbox 2293 1053 3826 1132">
     <span class='ocr_line' id='line_1_23' title="bbox 2293 1053 3826 1132; baseline 0.003 -22"><span class='ocrx_word' id='word_1_143' title='bbox 2293 1053 2531 1112; x_wconf 63' lang='grc' dir='ltr'>’τοιαῦτα</span> <span class='ocrx_word' id='word_1_144' title='bbox 2555 1061 3002 1130; x_wconf 75' lang='grc' dir='ltr'><strong>κακουργούντων</strong></span> <span class='ocrx_word' id='word_1_145' title='bbox 3028 1061 3287 1132; x_wconf 78' lang='grc' dir='ltr'><strong>τολμήσει</strong></span> <span class='ocrx_word' id='word_1_146' title='bbox 3313 1064 3568 1131; x_wconf 72' lang='grc' dir='ltr'>φανῆναι·</span> <span class='ocrx_word' id='word_1_147' title='bbox 3589 1061 3728 1114; x_wconf 86' lang='grc' dir='ltr'>οῦτω</span> <span class='ocrx_word' id='word_1_148' title='bbox 3755 1065 3826 1130; x_wconf 70' lang='grc'><strong>96-</strong></span> 
     </span>
    </p>
   </div>
   <div class='ocr_carea' id='block_1_24' title="bbox 2315 1149 3824 1224">
    <p class='ocr_par' dir='ltr' id='par_1_24' title="bbox 2315 1149 3824 1224">
     <span class='ocr_line' id='line_1_24' title="bbox 2315 1149 3824 1224; baseline 0.003 -23"><span class='ocrx_word' id='word_1_149' title='bbox 2315 1149 2411 1201; x_wconf 87' lang='grc' dir='ltr'><strong>ϐου</strong></span> <span class='ocrx_word' id='word_1_150' title='bbox 2439 1150 2760 1219; x_wconf 78' lang='grc' dir='ltr'><strong>κατέχοντος</strong></span> <span class='ocrx_word' id='word_1_151' title='bbox 2796 1151 2995 1221; x_wconf 80' lang='grc' dir='ltr'>ψυχὰς.</span> <span class='ocrx_word' id='word_1_152' title='bbox 3035 1151 3190 1205; x_wconf 65' lang='grc' dir='ltr'>οὐδὲν</span> <span class='ocrx_word' id='word_1_153' title='bbox 3222 1151 3332 1206; x_wconf 87' lang='grc' dir='ltr'><strong>τῶν</strong></span> <span class='ocrx_word' id='word_1_154' title='bbox 3355 1150 3719 1224; x_wconf 75' lang='grc' dir='ltr'><strong>ἀνελευθέρων</strong></span> <span class='ocrx_word' id='word_1_155' title='bbox 3742 1170 3824 1205; x_wconf 75' lang='grc' dir='ltr'>κα·</span> 
     </span>
    </p>
   </div>
   <div class='ocr_carea' id='block_1_25' title="bbox 2311 1240 3232 1314">
    <p class='ocr_par' dir='ltr' id='par_1_25' title="bbox 2311 1240 3232 1314">
     <span class='ocr_line' id='line_1_25' title="bbox 2311 1240 3232 1314; baseline 0.002 -21"><span class='ocrx_word' id='word_1_156' title='bbox 2311 1240 2419 1294; x_wconf 89' lang='grc' dir='ltr'><strong>θῶν</strong></span> <span class='ocrx_word' id='word_1_157' title='bbox 2459 1241 2830 1311; x_wconf 67' lang='grc' dir='ltr'><strong>ἐπεισέρχεται</strong></span> <span class='ocrx_word' id='word_1_158' title='bbox 2867 1241 3061 1314; x_wconf 75' lang='grc' dir='ltr'>ῥᾳδίως</span> <span class='ocrx_word' id='word_1_159' title='bbox 3080 1244 3232 1312; x_wconf 73' lang='grc' dir='ltr'>ἡμῖν.</span> 
     </span>
    </p>
   </div>
   <div class='ocr_carea' id='block_1_26' title="bbox 2379 1329 3825 1402">
    <p class='ocr_par' dir='ltr' id='par_1_26' title="bbox 2379 1329 3825 1402">
     <span class='ocr_line' id='line_1_26' title="bbox 2379 1329 3825 1402; baseline 0.001 -20"><span class='ocrx_word' id='word_1_160' title='bbox 2379 1329 2654 1398; x_wconf 80' lang='grc' dir='ltr'>Διδύμου.</span> <span class='ocrx_word' id='word_1_161' title='bbox 2686 1361 2757 1370; x_wconf 89' lang='grc'><strong>-</strong></span> <span class='ocrx_word' id='word_1_162' title='bbox 2786 1331 2862 1384; x_wconf 89' lang='grc' dir='ltr'><strong>Ού</strong></span> <span class='ocrx_word' id='word_1_163' title='bbox 2892 1330 3116 1385; x_wconf 72' lang='grc' dir='ltr'>δυνατὸν</span> <span class='ocrx_word' id='word_1_164' title='bbox 3147 1332 3241 1384; x_wconf 85' lang='grc' dir='ltr'><strong>τδν</strong></span> <span class='ocrx_word' id='word_1_165' title='bbox 3266 1331 3484 1402; x_wconf 77' lang='grc' dir='ltr'>ἀληθῶς</span> <span class='ocrx_word' id='word_1_166' title='bbox 3522 1332 3825 1402; x_wconf 83' lang='grc' dir='ltr'>φοϐούμενον</span> 
     </span>
    </p>
   </div>
   <div class='ocr_carea' id='block_1_27' title="bbox 2309 1418 3824 1494">
    <p class='ocr_par' dir='ltr' id='par_1_27' title="bbox 2309 1418 3824 1494">
     <span class='ocr_line' id='line_1_27' title="bbox 2309 1418 3824 1494; baseline 0.004 -24"><span class='ocrx_word' id='word_1_167' title='bbox 2309 1418 2403 1473; x_wconf 85' lang='grc' dir='ltr'><strong>τδν</strong></span> <span class='ocrx_word' id='word_1_168' title='bbox 2443 1419 2574 1472; x_wconf 78' lang='grc' dir='ltr'>Θεὸν</span> <span class='ocrx_word' id='word_1_169' title='bbox 2616 1420 2818 1474; x_wconf 79' lang='grc' dir='ltr'>δειλίαν</span> <span class='ocrx_word' id='word_1_170' title='bbox 2847 1421 3014 1491; x_wconf 70' lang='grc' dir='ltr'>ἔχειν,</span> <span class='ocrx_word' id='word_1_171' title='bbox 3041 1421 3330 1492; x_wconf 71' lang='grc' dir='ltr'><strong>εἰρημένου</strong></span> <span class='ocrx_word' id='word_1_172' title='bbox 3366 1421 3482 1489; x_wconf 86' lang='grc' dir='ltr'>τοῦ,</span> <span class='ocrx_word' id='word_1_173' title='bbox 3520 1423 3665 1494; x_wconf 77' lang='grc' dir='ltr'>Πλὴν</span> <span class='ocrx_word' id='word_1_174' title='bbox 3687 1423 3824 1478; x_wconf 80' lang='grc' dir='ltr'>αὐτοῦ</span> 
     </span>
    </p>
   </div>
   <div class='ocr_carea' id='block_1_28' title="bbox 2313 1505 2786 1575">
    <p class='ocr_par' dir='ltr' id='par_1_28' title="bbox 2313 1505 2786 1575">
     <span class='ocr_line' id='line_1_28' title="bbox 2313 1505 2786 1575; baseline 0.006 -16"><span class='ocrx_word' id='word_1_175' title='bbox 2313 1507 2388 1575; x_wconf 79' lang='grc' dir='ltr'><strong>μὴ</strong></span> <span class='ocrx_word' id='word_1_176' title='bbox 2418 1505 2584 1573; x_wconf 89' lang='grc' dir='ltr'>φοϐοῦ</span> <span class='ocrx_word' id='word_1_177' title='bbox 2609 1508 2786 1562; x_wconf 74' lang='grc' dir='ltr'>ἄλλον.</span> 
     </span>
    </p>
   </div>
   <div class='ocr_carea' id='block_1_29' title="bbox 2382 1596 3825 1670">
    <p class='ocr_par' dir='ltr' id='par_1_29' title="bbox 2382 1596 3825 1670">
     <span class='ocr_line' id='line_1_29' title="bbox 2382 1596 3825 1670; baseline 0.003 -22"><span class='ocrx_word' id='word_1_178' title='bbox 2382 1596 2698 1664; x_wconf 77' lang='grc' dir='ltr'><strong>Κλίμακος.</strong></span> <span class='ocrx_word' id='word_1_179' title='bbox 2722 1621 2795 1636; x_wconf 72' lang='grc' dir='ltr'><strong>-ο</strong></span> <span class='ocrx_word' id='word_1_180' title='bbox 2822 1597 3031 1669; x_wconf 82' lang='grc' dir='ltr'>Ὅσπερ</span> <span class='ocrx_word' id='word_1_181' title='bbox 3056 1598 3213 1661; x_wconf 76' lang='grc' dir='ltr'>ἀκτὶς</span> <span class='ocrx_word' id='word_1_182' title='bbox 3241 1599 3394 1670; x_wconf 80' lang='grc' dir='ltr'>ἡλίου</span> <span class='ocrx_word' id='word_1_183' title='bbox 3425 1600 3492 1652; x_wconf 84' lang='grc' dir='ltr'><strong>δι’</strong></span> <span class='ocrx_word' id='word_1_184' title='bbox 3511 1599 3648 1670; x_wconf 84' lang='grc' dir='ltr'><strong>ὀπῆς</strong></span> <span class='ocrx_word' id='word_1_185' title='bbox 3680 1600 3825 1652; x_wconf 77' lang='grc' dir='ltr'>είσελ-</span> 
     </span>
    </p>
   </div>
   <div class='ocr_carea' id='block_1_30' title="bbox 660 1683 2205 1770">
    <p class='ocr_par' dir='ltr' id='par_1_30' title="bbox 660 1687 2205 1760">
     <span class='ocr_line' id='line_1_30' title="bbox 660 1687 2205 1760; baseline 0.008 -22"><span class='ocrx_word' id='word_1_186' title='bbox 660 1700 808 1738; x_wconf 85' lang='lat' dir='ltr'><strong>muln</strong></span> <span class='ocrx_word' id='word_1_187' title='bbox 835 1687 1136 1753; x_wconf 75' lang='lat' dir='ltr'><strong>intraverit,</strong></span> <span class='ocrx_word' id='word_1_188' title='bbox 1158 1698 1351 1743; x_wconf 82' lang='lat' dir='ltr'><strong>cuncta</strong></span> <span class='ocrx_word' id='word_1_189' title='bbox 1382 1691 1502 1745; x_wconf 85' lang='lat' dir='ltr'><strong>luce</strong></span> <span class='ocrx_word' id='word_1_190' title='bbox 1527 1691 1828 1760; x_wconf 83' lang='lat' dir='ltr'><strong>perfundit,</strong></span> <span class='ocrx_word' id='word_1_191' title='bbox 1849 1702 1908 1748; x_wconf 89' lang='lat' dir='ltr'><strong>ut</strong></span> <span class='ocrx_word' id='word_1_192' title='bbox 1930 1703 1986 1749; x_wconf 90' lang='lat' dir='ltr'><strong>et</strong></span> <span class='ocrx_word' id='word_1_193' title='bbox 2009 1696 2205 1751; x_wconf 81' lang='lat' dir='ltr'><strong>tenuis-</strong></span> 
     </span>
    </p>
   </div>
   <div class='ocr_carea' id='block_1_31' title="bbox 2307 1683 3827 1770">
    <p class='ocr_par' dir='ltr' id='par_1_31' title="bbox 2316 1683 3827 1770">
     <span class='ocr_line' id='line_1_31' title="bbox 2316 1683 3827 1770; baseline 0.005 -35"><span class='ocrx_word' id='word_1_194' title='bbox 2316 1683 2483 1736; x_wconf 90' lang='grc' dir='ltr'>θοῦσα</span> <span class='ocrx_word' id='word_1_195' title='bbox 2530 1685 2587 1738; x_wconf 72' lang='grc' dir='ltr'>ἐν</span> <span class='ocrx_word' id='word_1_196' title='bbox 2632 1686 2765 1756; x_wconf 87' lang='grc' dir='ltr'>οίκῳ</span> <span class='ocrx_word' id='word_1_197' title='bbox 2812 1688 2986 1770; x_wconf 79' lang='grc' dir='ltr'>πάντα</span> <span class='ocrx_word' id='word_1_198' title='bbox 3011 1687 3252 1756; x_wconf 78' lang='grc' dir='ltr'>φωτίζει,</span> <span class='ocrx_word' id='word_1_199' title='bbox 3281 1690 3357 1752; x_wconf 85' lang='grc' dir='ltr'><strong>ὡς</strong></span> <span class='ocrx_word' id='word_1_200' title='bbox 3392 1690 3486 1742; x_wconf 81' lang='grc' dir='ltr'>καὶ</span> <span class='ocrx_word' id='word_1_201' title='bbox 3511 1691 3571 1742; x_wconf 87' lang='grc' dir='ltr'><strong>τδ</strong></span> <span class='ocrx_word' id='word_1_202' title='bbox 3597 1690 3827 1743; x_wconf 75' lang='grc' dir='ltr'>λεπτότα-</span> 
     </span>
    </p>
   </div>
   <div class='ocr_carea' id='block_1_32' title="bbox 657 1776 2205 1858">
    <p class='ocr_par' dir='ltr' id='par_1_32' title="bbox 657 1777 2205 1846">
     <span class='ocr_line' id='line_1_32' title="bbox 657 1777 2205 1846; baseline 0.008 -17"><span class='ocrx_word' id='word_1_203' title='bbox 657 1777 794 1829; x_wconf 84' lang='lat' dir='ltr'><strong>siina</strong></span> <span class='ocrx_word' id='word_1_204' title='bbox 822 1778 1165 1843; x_wconf 85' lang='lat' dir='ltr'><strong>corpuscula,</strong></span> <span class='ocrx_word' id='word_1_205' title='bbox 1191 1793 1253 1831; x_wconf 89' lang='lat' dir='ltr'><strong>ac</strong></span> <span class='ocrx_word' id='word_1_206' title='bbox 1281 1779 1458 1846; x_wconf 86' lang='lat' dir='ltr'><strong>pulvis</strong></span> <span class='ocrx_word' id='word_1_207' title='bbox 1481 1781 1670 1842; x_wconf 84' lang='lat' dir='ltr'><strong>volans</strong></span> <span class='ocrx_word' id='word_1_208' title='bbox 1703 1792 1958 1838; x_wconf 87' lang='lat' dir='ltr'><strong>eematur</strong></span> <span class='ocrx_word' id='word_1_209' title='bbox 1990 1802 2004 1837; x_wconf 91' lang='lat'>:</span> <span class='ocrx_word' id='word_1_210' title='bbox 2042 1785 2122 1840; x_wconf 86' lang='lat' dir='ltr'><strong>sic</strong></span> <span class='ocrx_word' id='word_1_211' title='bbox 2153 1795 2205 1841; x_wconf 89' lang='lat' dir='ltr'><strong>et</strong></span> 
     </span>
    </p>
   </div>
   <div class='ocr_carea' id='block_1_33' title="bbox 2307 1776 3825 1858">
    <p class='ocr_par' dir='ltr' id='par_1_33' title="bbox 2309 1776 3825 1858">
     <span class='ocr_line' id='line_1_33' title="bbox 2309 1776 3825 1858; baseline 0.006 -34"><span class='ocrx_word' id='word_1_212' title='bbox 2309 1790 2400 1825; x_wconf 93' lang='grc' dir='ltr'><strong>τον</strong></span> <span class='ocrx_word' id='word_1_213' title='bbox 2421 1777 2571 1844; x_wconf 81' lang='grc' dir='ltr'>όρᾷν,</span> <span class='ocrx_word' id='word_1_214' title='bbox 2599 1776 2690 1828; x_wconf 91' lang='grc' dir='ltr'><strong>τόν</strong></span> <span class='ocrx_word' id='word_1_215' title='bbox 2714 1793 2774 1828; x_wconf 88' lang='grc' dir='ltr'><strong>τε</strong></span> <span class='ocrx_word' id='word_1_216' title='bbox 2805 1779 3077 1848; x_wconf 81' lang='grc' dir='ltr'>κονιορτὸν</span> <span class='ocrx_word' id='word_1_217' title='bbox 3104 1779 3424 1858; x_wconf 81' lang='grc' dir='ltr'>πετόμενον·</span> <span class='ocrx_word' id='word_1_218' title='bbox 3455 1779 3594 1832; x_wconf 79' lang='grc' dir='ltr'>οὕτω</span> <span class='ocrx_word' id='word_1_219' title='bbox 3626 1780 3718 1833; x_wconf 81' lang='grc' dir='ltr'>καὶ</span> <span class='ocrx_word' id='word_1_220' title='bbox 3747 1781 3825 1847; x_wconf 76' lang='grc' dir='ltr'>φό-</span> 
     </span>
    </p>
   </div>
   <div class='ocr_carea' id='block_1_34' title="bbox 657 1837 2205 1939">
    <p class='ocr_par' dir='ltr' id='par_1_34' title="bbox 657 1865 2205 1936">
     <span class='ocr_line' id='line_1_34' title="bbox 657 1865 2205 1936; baseline 0.007 -17"><span class='ocrx_word' id='word_1_221' title='bbox 657 1865 752 1919; x_wconf 90' lang='lat' dir='ltr'><strong>Dei</strong></span> <span class='ocrx_word' id='word_1_222' title='bbox 785 1870 944 1919; x_wconf 87' lang='lat' dir='ltr'><strong>timor</strong></span> <span class='ocrx_word' id='word_1_223' title='bbox 970 1882 1093 1920; x_wconf 90' lang='lat' dir='ltr'><strong>eum</strong></span> <span class='ocrx_word' id='word_1_224' title='bbox 1128 1868 1178 1920; x_wconf 91' lang='lat' dir='ltr'><strong>in</strong></span> <span class='ocrx_word' id='word_1_225' title='bbox 1208 1869 1442 1922; x_wconf 85' lang='lat' dir='ltr'><strong>animam</strong></span> <span class='ocrx_word' id='word_1_226' title='bbox 1467 1871 1698 1936; x_wconf 85' lang='lat' dir='ltr'><strong>venerit,</strong></span> <span class='ocrx_word' id='word_1_227' title='bbox 1727 1873 1907 1926; x_wconf 90' lang='lat' dir='ltr'><strong>omnia</strong></span> <span class='ocrx_word' id='word_1_228' title='bbox 1933 1874 1985 1928; x_wconf 93' lang='lat' dir='ltr'><strong>ei</strong></span> <span class='ocrx_word' id='word_1_229' title='bbox 2012 1875 2205 1930; x_wconf 84' lang='lat' dir='ltr'><strong>delicta</strong></span> 
     </span>
    </p>
   </div>
   <div class='ocr_carea' id='block_1_35' title="bbox 2307 1837 3823 1939">
    <p class='ocr_par' dir='ltr' id='par_1_35' title="bbox 2311 1837 3823 1939">
     <span class='ocr_line' id='line_1_35' title="bbox 2311 1837 3823 1939; baseline 0.004 -24"><span class='ocrx_word' id='word_1_230' title='bbox 2311 1863 2402 1926; x_wconf 85' lang='grc' dir='ltr'>6ος</span> <span class='ocrx_word' id='word_1_231' title='bbox 2423 1837 2564 1917; x_wconf 58' lang='grc' dir='ltr'>(θεοῦ</span> <span class='ocrx_word' id='word_1_232' title='bbox 2589 1867 2725 1934; x_wconf 82' lang='grc' dir='ltr'>μετὰ</span> <span class='ocrx_word' id='word_1_233' title='bbox 2745 1837 3065 1936; x_wconf 75' lang='grc' dir='ltr'>διακρίσεως</span> <span class='ocrx_word' id='word_1_234' title='bbox 3083 1869 3142 1920; x_wconf 75' lang='grc' dir='ltr'>ὲν</span> <span class='ocrx_word' id='word_1_235' title='bbox 3156 1837 3351 1938; x_wconf 74' lang='grc' dir='ltr'>καρδίᾳ</span> <span class='ocrx_word' id='word_1_236' title='bbox 3380 1870 3684 1939; x_wconf 82' lang='grc' dir='ltr'>γενόμενος,</span> <span class='ocrx_word' id='word_1_237' title='bbox 3711 1837 3823 1924; x_wconf 63' lang='grc' dir='ltr'>παν-</span> 
     </span>
    </p>
   </div>
   <div class='ocr_carea' id='block_1_36' title="bbox 658 1956 917 2008">
    <p class='ocr_par' dir='ltr' id='par_1_36' title="bbox 658 1956 917 2008">
     <span class='ocr_line' id='line_1_36' title="bbox 658 1956 917 2008; baseline -0.004 0"><span class='ocrx_word' id='word_1_238' title='bbox 658 1956 917 2008; x_wconf 82' lang='lat' dir='ltr'><strong>ostendit.</strong></span> 
     </span>
    </p>
   </div>
   <div class='ocr_carea' id='block_1_37' title="bbox 728 2042 2206 2122">
    <p class='ocr_par' dir='ltr' id='par_1_37' title="bbox 728 2042 2206 2122">
     <span class='ocr_line' id='line_1_37' title="bbox 728 2042 2206 2122; baseline 0.01 -27"><span class='ocrx_word' id='word_1_239' title='bbox 728 2042 1018 2096; x_wconf 71' lang='lat' dir='ltr'><strong>vaeriani.</strong></span> <span class='ocrx_word' id='word_1_240' title='bbox 1042 2075 1109 2084; x_wconf 84' lang='lat'><strong>-——</strong></span> <span class='ocrx_word' id='word_1_241' title='bbox 1134 2044 1393 2106; x_wconf 69' lang='lat' dir='ltr'><strong>llumanae</strong></span> <span class='ocrx_word' id='word_1_242' title='bbox 1422 2047 1611 2102; x_wconf 90' lang='lat' dir='ltr'><strong>salutis</strong></span> <span class='ocrx_word' id='word_1_243' title='bbox 1640 2050 1877 2114; x_wconf 91' lang='lat' dir='ltr'><strong>initium,</strong></span> <span class='ocrx_word' id='word_1_244' title='bbox 1899 2053 1994 2112; x_wconf 89' lang='lat' dir='ltr'><strong>Dei</strong></span> <span class='ocrx_word' id='word_1_245' title='bbox 2027 2055 2206 2122; x_wconf 88' lang='lat' dir='ltr'><strong>timor,</strong></span> 
     </span>
    </p>
   </div>
   <div class='ocr_carea' id='block_1_38' title="bbox 659 2135 2210 2201">
    <p class='ocr_par' dir='ltr' id='par_1_38' title="bbox 659 2135 2210 2201">
     <span class='ocr_line' id='line_1_38' title="bbox 659 2135 2210 2201; baseline 0.01 -15"><span class='ocrx_word' id='word_1_246' title='bbox 659 2135 1010 2201; x_wconf 89' lang='lat' dir='ltr'><strong>omniumque</strong></span> <span class='ocrx_word' id='word_1_247' title='bbox 1041 2135 1091 2186; x_wconf 94' lang='lat' dir='ltr'><strong>in</strong></span> <span class='ocrx_word' id='word_1_248' title='bbox 1125 2137 1303 2188; x_wconf 78' lang='lat' dir='ltr'><strong>nobis-</strong></span> <span class='ocrx_word' id='word_1_249' title='bbox 1338 2136 1603 2191; x_wconf 90' lang='lat' dir='ltr'><strong>bonorum</strong></span> <span class='ocrx_word' id='word_1_250' title='bbox 1638 2139 1809 2201; x_wconf 80' lang='lat' dir='ltr'><strong>radix,</strong></span> <span class='ocrx_word' id='word_1_251' title='bbox 1842 2141 1942 2194; x_wconf 75' lang='lat' dir='ltr'><strong>Dei&#39;</strong></span> <span class='ocrx_word' id='word_1_252' title='bbox 1964 2144 2072 2198; x_wconf 82' lang='lat' dir='ltr'><strong>lex.</strong></span> <span class='ocrx_word' id='word_1_253' title='bbox 2098 2147 2210 2201; x_wconf 84' lang='lat' dir='ltr'><strong>Nec</strong></span> 
     </span>
    </p>
   </div>
   <div class='ocr_carea' id='block_1_39' title="bbox 658 2226 2210 2303">
    <p class='ocr_par' dir='ltr' id='par_1_39' title="bbox 658 2226 2210 2303">
     <span class='ocr_line' id='line_1_39' title="bbox 658 2226 2210 2303; baseline 0.008 -26"><span class='ocrx_word' id='word_1_254' title='bbox 658 2226 804 2278; x_wconf 85' lang='lat' dir='ltr'><strong>enim</strong></span> <span class='ocrx_word' id='word_1_255' title='bbox 832 2226 1014 2278; x_wconf 85' lang='lat' dir='ltr'><strong>divina</strong></span> <span class='ocrx_word' id='word_1_256' title='bbox 1042 2227 1126 2279; x_wconf 79' lang='lat' dir='ltr'><strong>lex</strong></span> <span class='ocrx_word' id='word_1_257' title='bbox 1156 2226 1367 2280; x_wconf 84' lang='lat' dir='ltr'><strong>timoris</strong></span> <span class='ocrx_word' id='word_1_258' title='bbox 1397 2243 1610 2296; x_wconf 82' lang='lat' dir='ltr'><strong>expers,</strong></span> <span class='ocrx_word' id='word_1_259' title='bbox 1636 2245 1736 2286; x_wconf 89' lang='lat' dir='ltr'><strong>nec</strong></span> <span class='ocrx_word' id='word_1_260' title='bbox 1762 2232 1878 2286; x_wconf 90' lang='lat' dir='ltr'><strong>sine</strong></span> <span class='ocrx_word' id='word_1_261' title='bbox 1904 2233 2020 2303; x_wconf 79' lang='lat' dir='ltr'><strong>lege</strong></span> <span class='ocrx_word' id='word_1_262' title='bbox 2050 2236 2210 2289; x_wconf 88' lang='lat' dir='ltr'><strong>timor</strong></span> 
     </span>
    </p>
   </div>
   <div class='ocr_carea' id='block_1_40' title="bbox 657 2313 2208 2386">
    <p class='ocr_par' dir='ltr' id='par_1_40' title="bbox 657 2313 2208 2386">
     <span class='ocr_line' id='line_1_40' title="bbox 657 2313 2208 2386; baseline 0.008 -21"><span class='ocrx_word' id='word_1_263' title='bbox 657 2313 886 2366; x_wconf 83' lang='lat' dir='ltr'><strong>exsistit.</strong></span> <span class='ocrx_word' id='word_1_264' title='bbox 921 2314 1052 2367; x_wconf 84' lang='lat' dir='ltr'><strong>Nam</strong></span> <span class='ocrx_word' id='word_1_265' title='bbox 1088 2314 1174 2367; x_wconf 79' lang='lat' dir='ltr'><strong>lex</strong></span> <span class='ocrx_word' id='word_1_266' title='bbox 1203 2315 1442 2382; x_wconf 91' lang='lat' dir='ltr'><strong>quidem,</strong></span> <span class='ocrx_word' id='word_1_267' title='bbox 1471 2332 1660 2370; x_wconf 88' lang='lat' dir='ltr'><strong>eorum</strong></span> <span class='ocrx_word' id='word_1_268' title='bbox 1694 2334 1815 2386; x_wconf 70' lang='lat' dir='ltr'><strong>quae</strong></span> <span class='ocrx_word' id='word_1_269' title='bbox 1848 2329 1976 2374; x_wconf 88' lang='lat' dir='ltr'><strong>sunt</strong></span> <span class='ocrx_word' id='word_1_270' title='bbox 2005 2324 2208 2378; x_wconf 90' lang='lat' dir='ltr'><strong>consti-</strong></span> 
     </span>
    </p>
   </div>
   <div class='ocr_carea' id='block_1_41' title="bbox 659 2405 2207 2475">
    <p class='ocr_par' dir='ltr' id='par_1_41' title="bbox 659 2405 2207 2475">
     <span class='ocr_line' id='line_1_41' title="bbox 659 2405 2207 2475; baseline 0.009 -20"><span class='ocrx_word' id='word_1_271' title='bbox 659 2411 792 2468; x_wconf 85' lang='lat' dir='ltr'><strong>tuta,</strong></span> <span class='ocrx_word' id='word_1_272' title='bbox 824 2405 1069 2458; x_wconf 88' lang='lat' dir='ltr'><strong>timorem</strong></span> <span class='ocrx_word' id='word_1_273' title='bbox 1101 2406 1408 2460; x_wconf 89' lang='lat' dir='ltr'><strong>ministrum</strong></span> <span class='ocrx_word' id='word_1_274' title='bbox 1438 2409 1624 2474; x_wconf 84' lang='lat' dir='ltr'><strong>habet;</strong></span> <span class='ocrx_word' id='word_1_275' title='bbox 1657 2411 1817 2462; x_wconf 89' lang='lat' dir='ltr'><strong>timor</strong></span> <span class='ocrx_word' id='word_1_276' title='bbox 1841 2427 1989 2475; x_wconf 85' lang='lat' dir='ltr'><strong>vero,</strong></span> <span class='ocrx_word' id='word_1_277' title='bbox 2018 2429 2207 2469; x_wconf 88' lang='lat' dir='ltr'><strong>eorum</strong></span> 
     </span>
    </p>
   </div>
   <div class='ocr_carea' id='block_1_42' title="bbox 656 2500 2208 2575">
    <p class='ocr_par' dir='ltr' id='par_1_42' title="bbox 656 2500 2208 2575">
     <span class='ocr_line' id='line_1_42' title="bbox 656 2500 2208 2575; baseline 0.008 -28"><span class='ocrx_word' id='word_1_278' title='bbox 656 2512 776 2564; x_wconf 62' lang='lat' dir='ltr'><strong>quae</strong></span> <span class='ocrx_word' id='word_1_279' title='bbox 826 2506 1092 2566; x_wconf 82' lang='lat' dir='ltr'><strong>praecepta</strong></span> <span class='ocrx_word' id='word_1_280' title='bbox 1143 2509 1270 2552; x_wconf 89' lang='lat' dir='ltr'><strong>sunt</strong></span> <span class='ocrx_word' id='word_1_281' title='bbox 1318 2509 1374 2554; x_wconf 88' lang='lat' dir='ltr'><strong>et</strong></span> <span class='ocrx_word' id='word_1_282' title='bbox 1421 2500 1689 2564; x_wconf 90' lang='lat' dir='ltr'><strong>ordinata,</strong></span> <span class='ocrx_word' id='word_1_283' title='bbox 1733 2503 1904 2572; x_wconf 80' lang='lat' dir='ltr'><strong>legem</strong></span> <span class='ocrx_word' id='word_1_284' title='bbox 1956 2505 2208 2575; x_wconf 82' lang='lat' dir='ltr'><strong>explora-</strong></span> 
     </span>
    </p>
   </div>
   <div class='ocr_carea' id='block_1_43' title="bbox 659 2593 850 2638">
    <p class='ocr_par' dir='ltr' id='par_1_43' title="bbox 659 2593 850 2638">
     <span class='ocr_line' id='line_1_43' title="bbox 659 2593 850 2638; baseline 0.005 -2"><span class='ocrx_word' id='word_1_285' title='bbox 659 2593 850 2638; x_wconf 71' lang='grc' dir='ltr'>ιοτοηι.</span> 
     </span>
    </p>
   </div>
   <div class='ocr_carea' id='block_1_44' title="bbox 725 2676 2208 2748">
    <p class='ocr_par' dir='ltr' id='par_1_44' title="bbox 725 2676 2208 2748">
     <span class='ocr_line' id='line_1_44' title="bbox 725 2676 2208 2748; baseline 0.008 -20"><span class='ocrx_word' id='word_1_286' title='bbox 725 2676 949 2728; x_wconf 76' lang='lat' dir='ltr'><strong>Biantis.</strong></span> <span class='ocrx_word' id='word_1_287' title='bbox 973 2706 1042 2716; x_wconf 91' lang='lat'><strong>-—</strong></span> <span class='ocrx_word' id='word_1_288' title='bbox 1071 2677 1310 2746; x_wconf 81' lang='lat' dir='ltr'><strong>Rogatus</strong></span> <span class='ocrx_word' id='word_1_289' title='bbox 1343 2679 1485 2744; x_wconf 89' lang='lat' dir='ltr'><strong>Bias,</strong></span> <span class='ocrx_word' id='word_1_290' title='bbox 1511 2680 1640 2748; x_wconf 88' lang='lat' dir='ltr'><strong>quid</strong></span> <span class='ocrx_word' id='word_1_291' title='bbox 1676 2683 1926 2737; x_wconf 86' lang='lat' dir='ltr'><strong>humanis</strong></span> <span class='ocrx_word' id='word_1_292' title='bbox 1960 2686 2013 2736; x_wconf 90' lang='lat' dir='ltr'><strong>in</strong></span> <span class='ocrx_word' id='word_1_293' title='bbox 2046 2678 2208 2741; x_wconf 80' lang='lat' dir='ltr'><strong>rebus</strong></span> 
     </span>
    </p>
   </div>
   <div class='ocr_carea' id='block_1_45' title="bbox 655 2767 2206 2839">
    <p class='ocr_par' dir='ltr' id='par_1_45' title="bbox 655 2767 2206 2839">
     <span class='ocr_line' id='line_1_45' title="bbox 655 2767 2206 2839; baseline 0.008 -22"><span class='ocrx_word' id='word_1_294' title='bbox 655 2775 798 2819; x_wconf 89' lang='lat' dir='ltr'><strong>esset</strong></span> <span class='ocrx_word' id='word_1_295' title='bbox 842 2777 988 2819; x_wconf 90' lang='lat' dir='ltr'><strong>metu</strong></span> <span class='ocrx_word' id='word_1_296' title='bbox 1039 2767 1400 2836; x_wconf 85' lang='lat' dir='ltr'><strong>intrepidum,</strong></span> <span class='ocrx_word' id='word_1_297' title='bbox 1452 2772 1731 2839; x_wconf 85' lang='lat' dir='ltr'><strong>respondit</strong></span> <span class='ocrx_word' id='word_1_298' title='bbox 1797 2791 1808 2824; x_wconf 91' lang='lat'>:</span> <span class='ocrx_word' id='word_1_299' title='bbox 1858 2774 2023 2827; x_wconf 81' lang='lat' dir='ltr'><strong>Recta</strong></span> <span class='ocrx_word' id='word_1_300' title='bbox 2074 2791 2206 2829; x_wconf 83' lang='lat' dir='ltr'><strong>con--</strong></span> 
     </span>
    </p>
   </div>
   <div class='ocr_carea' id='block_1_46' title="bbox 656 2867 2206 3001">
    <p class='ocr_par' dir='ltr' id='par_1_46' title="bbox 656 2867 2206 3001">
     <span class='ocr_line' id='line_1_46' title="bbox 656 2867 2206 3001; baseline 0.01 -27"><span class='ocrx_word' id='word_1_301' title='bbox 992 2954 1062 2963; x_wconf 91' lang='lat'><strong>—</strong></span> <span class='ocrx_word' id='word_1_302' title='bbox 1098 2925 1201 2989; x_wconf 91' lang='lat' dir='ltr'><strong>Qui</strong></span> <span class='ocrx_word' id='word_1_303' title='bbox 1242 2928 1593 2982; x_wconf 85' lang='lat' dir='ltr'><strong>metuendum</strong></span> <span class='ocrx_word' id='word_1_304' title='bbox 1636 2931 1750 2998; x_wconf 85' lang='lat' dir='ltr'><strong>ipse</strong></span> <span class='ocrx_word' id='word_1_305' title='bbox 1785 2933 2057 3001; x_wconf 68' lang='lat' dir='ltr'><strong>praeferat,</strong></span> <span class='ocrx_word' id='word_1_306' title='bbox 2097 2951 2206 2990; x_wconf 89' lang='lat' dir='ltr'><strong>non</strong></span> 
     </span>
    </p>
   </div>
   <div class='ocr_carea' id='block_1_47' title="bbox 655 3014 2196 3084">
    <p class='ocr_par' dir='ltr' id='par_1_47' title="bbox 655 3014 2196 3084">
     <span class='ocr_line' id='line_1_47' title="bbox 655 3014 2196 3084; baseline 0.003 -16"><span class='ocrx_word' id='word_1_307' title='bbox 655 3021 834 3082; x_wconf 90' lang='lat' dir='ltr'><strong>potest</strong></span> <span class='ocrx_word' id='word_1_308' title='bbox 860 3014 1064 3084; x_wconf 91' lang='lat' dir='ltr'><strong>absque</strong></span> <span class='ocrx_word' id='word_1_309' title='bbox 1097 3025 1243 3070; x_wconf 87' lang='lat' dir='ltr'><strong>metu</strong></span> <span class='ocrx_word' id='word_1_310' title='bbox 1276 3031 1415 3070; x_wconf 90' lang='lat' dir='ltr'><strong>esse.</strong></span> <span class='ocrx_word' id='word_1_311' title='bbox 2186 3016 2196 3021; x_wconf 61' lang='grc'>’</span> 
     </span>
    </p>
   </div>
   <div class='ocr_carea' id='block_1_48' title="bbox 2308 1955 3456 2027">
    <p class='ocr_par' dir='ltr' id='par_1_48' title="bbox 2308 1955 3456 2027">
     <span class='ocr_line' id='line_1_48' title="bbox 2308 1955 3456 2027; baseline 0.005 -20"><span class='ocrx_word' id='word_1_312' title='bbox 2308 1972 2379 2009; x_wconf 84' lang='grc' dir='ltr'><strong>τα</strong></span> <span class='ocrx_word' id='word_1_313' title='bbox 2406 1955 2540 2025; x_wconf 81' lang='grc' dir='ltr'>αὐτῇ</span> <span class='ocrx_word' id='word_1_314' title='bbox 2570 1957 2638 2008; x_wconf 83' lang='grc' dir='ltr'>τὰ</span> <span class='ocrx_word' id='word_1_315' title='bbox 2661 1959 3028 2027; x_wconf 81' lang='grc' dir='ltr'>ἁμαρτήματα</span> <span class='ocrx_word' id='word_1_316' title='bbox 3060 1958 3456 2013; x_wconf 74' lang='grc' dir='ltr'>ὑποδείκνυσιν.</span> 
     </span>
    </p>
   </div>
   <div class='ocr_carea' id='block_1_49' title="bbox 2379 2047 3825 2119">
    <p class='ocr_par' dir='ltr' id='par_1_49' title="bbox 2379 2047 3825 2119">
     <span class='ocr_line' id='line_1_49' title="bbox 2379 2047 3825 2119; baseline 0.001 -19"><span class='ocrx_word' id='word_1_317' title='bbox 2379 2048 2764 2115; x_wconf 78' lang='grc' dir='ltr'>Σευηριανοῦ.</span> <span class='ocrx_word' id='word_1_318' title='bbox 2789 2078 2858 2088; x_wconf 87' lang='grc'><strong>-</strong></span> <span class='ocrx_word' id='word_1_319' title='bbox 2889 2049 3052 2119; x_wconf 83' lang='grc' dir='ltr'><strong>Ἀρχὴ</strong></span> <span class='ocrx_word' id='word_1_320' title='bbox 3085 2050 3358 2118; x_wconf 80' lang='grc' dir='ltr'>σωτηρίας</span> <span class='ocrx_word' id='word_1_321' title='bbox 3383 2047 3681 2119; x_wconf 79' lang='grc' dir='ltr'>ἀνθρώπων</span> <span class='ocrx_word' id='word_1_322' title='bbox 3704 2049 3732 2101; x_wconf 77' lang='grc' dir='ltr'><strong>ὁ</strong></span> <span class='ocrx_word' id='word_1_323' title='bbox 3749 2049 3825 2102; x_wconf 84' lang='grc' dir='ltr'><strong>τοῦ</strong></span> 
     </span>
    </p>
   </div>
   <div class='ocr_carea' id='block_1_50' title="bbox 2307 2135 3824 2208">
    <p class='ocr_par' dir='ltr' id='par_1_50' title="bbox 2307 2135 3824 2208">
     <span class='ocr_line' id='line_1_50' title="bbox 2307 2135 3824 2208; baseline 0.002 -21"><span class='ocrx_word' id='word_1_324' title='bbox 2307 2135 2441 2188; x_wconf 87' lang='grc' dir='ltr'>Θεοῦ</span> <span class='ocrx_word' id='word_1_325' title='bbox 2472 2137 2653 2204; x_wconf 72' lang='grc' dir='ltr'>φόϐος,</span> <span class='ocrx_word' id='word_1_326' title='bbox 2684 2138 2777 2190; x_wconf 77' lang='grc' dir='ltr'>καὶ</span> <span class='ocrx_word' id='word_1_327' title='bbox 2807 2137 2930 2208; x_wconf 76' lang='grc' dir='ltr'>ῥίζα</span> <span class='ocrx_word' id='word_1_328' title='bbox 2959 2139 3176 2192; x_wconf 77' lang='grc' dir='ltr'>πάντων</span> <span class='ocrx_word' id='word_1_329' title='bbox 3205 2141 3262 2190; x_wconf 81' lang='grc' dir='ltr'>ἑν</span> <span class='ocrx_word' id='word_1_330' title='bbox 3293 2140 3420 2208; x_wconf 73' lang='grc' dir='ltr'><strong>ἡμῖν</strong></span> <span class='ocrx_word' id='word_1_331' title='bbox 3451 2138 3668 2206; x_wconf 79' lang='grc' dir='ltr'>ἀγαθῶν</span> <span class='ocrx_word' id='word_1_332' title='bbox 3691 2143 3718 2193; x_wconf 85' lang='grc' dir='ltr'>ὀ</span> <span class='ocrx_word' id='word_1_333' title='bbox 3746 2139 3824 2192; x_wconf 85' lang='grc' dir='ltr'><strong>τοῦ</strong></span> 
     </span>
    </p>
   </div>
   <div class='ocr_carea' id='block_1_51' title="bbox 2308 2224 3824 2299">
    <p class='ocr_par' dir='ltr' id='par_1_51' title="bbox 2308 2224 3824 2299">
     <span class='ocr_line' id='line_1_51' title="bbox 2308 2224 3824 2299; baseline 0.005 -25"><span class='ocrx_word' id='word_1_334' title='bbox 2308 2224 2441 2276; x_wconf 83' lang='grc' dir='ltr'>Θεοῦ</span> <span class='ocrx_word' id='word_1_335' title='bbox 2485 2225 2665 2295; x_wconf 87' lang='grc' dir='ltr'>νόμος,</span> <span class='ocrx_word' id='word_1_336' title='bbox 2701 2227 2836 2280; x_wconf 77' lang='grc' dir='ltr'>Οὔτε</span> <span class='ocrx_word' id='word_1_337' title='bbox 2871 2228 2928 2281; x_wconf 73' lang='grc' dir='ltr'>δὲ</span> <span class='ocrx_word' id='word_1_338' title='bbox 2965 2227 3098 2281; x_wconf 83' lang='grc' dir='ltr'>Θεοῦ</span> <span class='ocrx_word' id='word_1_339' title='bbox 3142 2229 3303 2299; x_wconf 84' lang='grc' dir='ltr'>νόμος</span> <span class='ocrx_word' id='word_1_340' title='bbox 3337 2230 3465 2280; x_wconf 66' lang='grc' dir='ltr'>ἄνευ</span> <span class='ocrx_word' id='word_1_341' title='bbox 3507 2229 3690 2296; x_wconf 86' lang='grc' dir='ltr'>φόϐου,</span> <span class='ocrx_word' id='word_1_342' title='bbox 3721 2229 3824 2281; x_wconf 71' lang='grc' dir='ltr'>οὔτε</span> 
     </span>
    </p>
   </div>
   <div class='ocr_carea' id='block_1_52' title="bbox 2309 2314 3824 2388">
    <p class='ocr_par' dir='ltr' id='par_1_52' title="bbox 2309 2314 3824 2388">
     <span class='ocr_line' id='line_1_52' title="bbox 2309 2314 3824 2388; baseline 0.006 -25"><span class='ocrx_word' id='word_1_343' title='bbox 2309 2314 2470 2379; x_wconf 84' lang='grc' dir='ltr'>φόϐος</span> <span class='ocrx_word' id='word_1_344' title='bbox 2499 2316 2628 2368; x_wconf 77' lang='grc' dir='ltr'>ἄνευ</span> <span class='ocrx_word' id='word_1_345' title='bbox 2657 2317 2840 2384; x_wconf 85' lang='grc' dir='ltr'>νόμου.</span> <span class='ocrx_word' id='word_1_346' title='bbox 2882 2319 2942 2371; x_wconf 83' lang='grc' dir='ltr'>Ὀ</span> <span class='ocrx_word' id='word_1_347' title='bbox 2971 2319 3070 2387; x_wconf 71' lang='grc' dir='ltr'><strong>μὲν</strong></span> <span class='ocrx_word' id='word_1_348' title='bbox 3106 2319 3214 2388; x_wconf 83' lang='grc' dir='ltr'><strong>γὰρ</strong></span> <span class='ocrx_word' id='word_1_349' title='bbox 3245 2319 3405 2388; x_wconf 87' lang='grc' dir='ltr'>νόμος</span> <span class='ocrx_word' id='word_1_350' title='bbox 3431 2318 3541 2372; x_wconf 91' lang='grc' dir='ltr'><strong>τῶν</strong></span> <span class='ocrx_word' id='word_1_351' title='bbox 3568 2320 3824 2386; x_wconf 75' lang='grc' dir='ltr'>ἐπιτεταγ-</span> 
     </span>
    </p>
   </div>
   <div class='ocr_carea' id='block_1_53' title="bbox 2311 2402 3824 2478">
    <p class='ocr_par' dir='ltr' id='par_1_53' title="bbox 2311 2402 3824 2478">
     <span class='ocr_line' id='line_1_53' title="bbox 2311 2402 3824 2478; baseline 0.005 -25"><span class='ocrx_word' id='word_1_352' title='bbox 2311 2402 2486 2471; x_wconf 81' lang='grc' dir='ltr'>μένων</span> <span class='ocrx_word' id='word_1_353' title='bbox 2519 2405 2794 2475; x_wconf 80' lang='grc' dir='ltr'><strong>ὑπηρέτην</strong></span> <span class='ocrx_word' id='word_1_354' title='bbox 2841 2407 2952 2474; x_wconf 77' lang='grc' dir='ltr'>ἔχει</span> <span class='ocrx_word' id='word_1_355' title='bbox 2994 2407 3085 2461; x_wconf 83' lang='grc' dir='ltr'><strong>τδν</strong></span> <span class='ocrx_word' id='word_1_356' title='bbox 3127 2408 3316 2475; x_wconf 78' lang='grc' dir='ltr'>φοϐον·</span> <span class='ocrx_word' id='word_1_357' title='bbox 3377 2411 3406 2461; x_wconf 86' lang='grc' dir='ltr'><strong>ό</strong></span> <span class='ocrx_word' id='word_1_358' title='bbox 3439 2408 3497 2462; x_wconf 71' lang='grc' dir='ltr'>δὲ</span> <span class='ocrx_word' id='word_1_359' title='bbox 3543 2410 3698 2478; x_wconf 85' lang='grc' dir='ltr'>φόϐος</span> <span class='ocrx_word' id='word_1_360' title='bbox 3735 2411 3824 2462; x_wconf 75' lang='grc' dir='ltr'><strong>τῶν</strong></span> 
     </span>
    </p>
   </div>
   <div class='ocr_carea' id='block_1_54' title="bbox 2309 2497 3640 2569">
    <p class='ocr_par' dir='ltr' id='par_1_54' title="bbox 2309 2497 3640 2569">
     <span class='ocr_line' id='line_1_54' title="bbox 2309 2497 3640 2569; baseline 0.008 -26"><span class='ocrx_word' id='word_1_361' title='bbox 2309 2497 2799 2566; x_wconf 80' lang='grc' dir='ltr'>προστεταγμένων</span> <span class='ocrx_word' id='word_1_362' title='bbox 2831 2497 2903 2568; x_wconf 88' lang='grc' dir='ltr'><strong>(ο)</strong></span> <span class='ocrx_word' id='word_1_363' title='bbox 2930 2497 3188 2568; x_wconf 80' lang='grc' dir='ltr'>δικαστὴν</span> <span class='ocrx_word' id='word_1_364' title='bbox 3212 2499 3324 2568; x_wconf 77' lang='grc' dir='ltr'>ἔχει</span> <span class='ocrx_word' id='word_1_365' title='bbox 3348 2499 3440 2551; x_wconf 75' lang='grc' dir='ltr'><strong>τὸν</strong></span> <span class='ocrx_word' id='word_1_366' title='bbox 3463 2499 3640 2569; x_wconf 78' lang='grc' dir='ltr'>νόμον.</span> 
     </span>
    </p>
   </div>
   <div class='ocr_carea' id='block_1_55' title="bbox 2343 2657 3824 2743">
    <p class='ocr_par' dir='ltr' id='par_1_55' title="bbox 2343 2657 3824 2743">
     <span class='ocr_line' id='line_1_55' title="bbox 2343 2657 3824 2743; baseline 0.003 -23"><span class='ocrx_word' id='word_1_367' title='bbox 2343 2657 2346 2661; x_wconf 62' lang='grc'><strong>’</strong></span> <span class='ocrx_word' id='word_1_368' title='bbox 2375 2669 2537 2734; x_wconf 80' lang='grc' dir='ltr'>Βίας.</span> <span class='ocrx_word' id='word_1_369' title='bbox 2569 2699 2638 2709; x_wconf 91' lang='lat'><strong>—-</strong></span> <span class='ocrx_word' id='word_1_370' title='bbox 2665 2671 2794 2733; x_wconf 83' lang='grc' dir='ltr'>Βίας</span> <span class='ocrx_word' id='word_1_371' title='bbox 2826 2671 3137 2742; x_wconf 72' lang='grc' dir='ltr'>ἐρωτηθεὶς,</span> <span class='ocrx_word' id='word_1_372' title='bbox 3167 2673 3219 2726; x_wconf 87' lang='grc' dir='ltr'><strong>τί</strong></span> <span class='ocrx_word' id='word_1_373' title='bbox 3246 2673 3314 2726; x_wconf 77' lang='grc' dir='ltr'>ἂν</span> <span class='ocrx_word' id='word_1_374' title='bbox 3354 2673 3441 2743; x_wconf 90' lang='grc' dir='ltr'><strong>είη</strong></span> <span class='ocrx_word' id='word_1_375' title='bbox 3466 2673 3576 2726; x_wconf 88' lang='grc' dir='ltr'><strong>τῶν</strong></span> <span class='ocrx_word' id='word_1_376' title='bbox 3595 2673 3724 2727; x_wconf 78' lang='grc' dir='ltr'>κατὰ</span> <span class='ocrx_word' id='word_1_377' title='bbox 3747 2673 3824 2727; x_wconf 81' lang='grc' dir='ltr'>τὸν</span> 
     </span>
    </p>
   </div>
   <div class='ocr_carea' id='block_1_56' title="bbox 2309 2757 3441 2835">
    <p class='ocr_par' dir='ltr' id='par_1_56' title="bbox 2309 2757 3441 2835">
     <span class='ocr_line' id='line_1_56' title="bbox 2309 2757 3441 2835; baseline 0.008 -26"><span class='ocrx_word' id='word_1_378' title='bbox 2309 2758 2422 2826; x_wconf 85' lang='grc' dir='ltr'>βίον</span> <span class='ocrx_word' id='word_1_379' title='bbox 2446 2759 2643 2827; x_wconf 77' lang='grc' dir='ltr'>ἄφοϐον</span> <span class='ocrx_word' id='word_1_380' title='bbox 2665 2799 2681 2826; x_wconf 90' lang='grc'><strong>,</strong></span> <span class='ocrx_word' id='word_1_381' title='bbox 2723 2757 2893 2827; x_wconf 76' lang='grc' dir='ltr'>εἶπεν,</span> <span class='ocrx_word' id='word_1_382' title='bbox 2938 2764 3098 2835; x_wconf 81' lang='grc' dir='ltr'>Ὀρθὴ</span> <span class='ocrx_word' id='word_1_383' title='bbox 3125 2764 3441 2834; x_wconf 84' lang='grc' dir='ltr'>συνείδησις.</span> 
     </span>
    </p>
   </div>
   <div class='ocr_carea' id='block_1_57' title="bbox 2389 2933 3824 3009">
    <p class='ocr_par' dir='ltr' id='par_1_57' title="bbox 2389 2933 3824 3009">
     <span class='ocr_line' id='line_1_57' title="bbox 2389 2933 3824 3009; baseline 0.008 -25"><span class='ocrx_word' id='word_1_384' title='bbox 2389 2933 2679 3002; x_wconf 77' lang='grc' dir='ltr'>Ἐπικούρ.</span> <span class='ocrx_word' id='word_1_385' title='bbox 2713 2965 2779 2978; x_wconf 92' lang='lat'><strong>—</strong></span> <span class='ocrx_word' id='word_1_386' title='bbox 2824 2938 2937 2990; x_wconf 83' lang='grc' dir='ltr'>Οὐκ</span> <span class='ocrx_word' id='word_1_387' title='bbox 2981 2938 3127 2990; x_wconf 70' lang='grc' dir='ltr'>ἐστιν</span> <span class='ocrx_word' id='word_1_388' title='bbox 3175 2939 3374 3007; x_wconf 74' lang='grc' dir='ltr'>ἄφοϐον</span> <span class='ocrx_word' id='word_1_389' title='bbox 3423 2936 3584 3006; x_wconf 72' lang='grc' dir='ltr'>εἶναι,</span> <span class='ocrx_word' id='word_1_390' title='bbox 3623 2938 3824 3009; x_wconf 75' lang='grc' dir='ltr'>φοϐερὸν</span> 
     </span>
    </p>
   </div>
   <div class='ocr_carea' id='block_1_58' title="bbox 2306 3023 2652 3092">
    <p class='ocr_par' dir='ltr' id='par_1_58' title="bbox 2306 3023 2652 3092">
     <span class='ocr_line' id='line_1_58' title="bbox 2306 3023 2652 3092; baseline 0.017 -19"><span class='ocrx_word' id='word_1_391' title='bbox 2306 3023 2652 3092; x_wconf 80' lang='grc' dir='ltr'>φαινόμενον.</span> 
     </span>
    </p>
   </div>
   <div class='ocr_carea' id='block_1_59' title="bbox 723 3100 2205 3204">
    <p class='ocr_par' dir='ltr' id='par_1_59' title="bbox 723 3100 2200 3180">
     <span class='ocr_line' id='line_1_59' title="bbox 723 3100 2200 3180; baseline 0.009 -27"><span class='ocrx_word' id='word_1_392' title='bbox 723 3100 1006 3154; x_wconf 78' lang='lat' dir='ltr'><strong>Democrit.</strong></span> <span class='ocrx_word' id='word_1_393' title='bbox 1031 3133 1100 3140; x_wconf 92' lang='lat'><strong><em>—</em></strong></span> <span class='ocrx_word' id='word_1_394' title='bbox 1129 3103 1244 3159; x_wconf 90' lang='lat' dir='ltr'><strong>Non</strong></span> <span class='ocrx_word' id='word_1_395' title='bbox 1278 3113 1426 3157; x_wconf 90' lang='lat' dir='ltr'><strong>metu</strong></span> <span class='ocrx_word' id='word_1_396' title='bbox 1461 3104 1844 3162; x_wconf 86' lang='lat' dir='ltr'><strong>abstinendum</strong></span> <span class='ocrx_word' id='word_1_397' title='bbox 1880 3126 1908 3164; x_wconf 93' lang='lat' dir='ltr'><strong>a</strong></span> <span class='ocrx_word' id='word_1_398' title='bbox 1945 3113 2200 3180; x_wconf 83' lang='lat' dir='ltr'><strong>peccatis,</strong></span> 
     </span>
    </p>
   </div>
   <div class='ocr_carea' id='block_1_60' title="bbox 2307 3100 3820 3204">
    <p class='ocr_par' dir='ltr' id='par_1_60' title="bbox 2375 3117 3820 3187">
     <span class='ocr_line' id='line_1_60' title="bbox 2375 3117 3820 3187; baseline 0.003 -20"><span class='ocrx_word' id='word_1_399' title='bbox 2375 3117 2623 3184; x_wconf 76' lang='grc' dir='ltr'>Δημοκρ.</span> <span class='ocrx_word' id='word_1_400' title='bbox 2655 3146 2724 3160; x_wconf 90' lang='grc'><strong><em>-</em></strong></span> <span class='ocrx_word' id='word_1_401' title='bbox 2749 3118 2825 3170; x_wconf 85' lang='grc' dir='ltr'><strong>Ού</strong></span> <span class='ocrx_word' id='word_1_402' title='bbox 2853 3117 2941 3172; x_wconf 81' lang='grc' dir='ltr'><strong>διὰ</strong></span> <span class='ocrx_word' id='word_1_403' title='bbox 2969 3118 3151 3187; x_wconf 84' lang='grc' dir='ltr'>φόϐον,</span> <span class='ocrx_word' id='word_1_404' title='bbox 3184 3120 3319 3175; x_wconf 76' lang='grc' dir='ltr'><strong>ἀλλὰ</strong></span> <span class='ocrx_word' id='word_1_405' title='bbox 3345 3120 3435 3174; x_wconf 75' lang='grc' dir='ltr'><strong>διὰ</strong></span> <span class='ocrx_word' id='word_1_406' title='bbox 3453 3122 3515 3175; x_wconf 79' lang='grc' dir='ltr'>τὸ</span> <span class='ocrx_word' id='word_1_407' title='bbox 3536 3120 3668 3187; x_wconf 70' lang='grc' dir='ltr'>δδον,</span> <span class='ocrx_word' id='word_1_408' title='bbox 3721 3119 3820 3173; x_wconf 77' lang='grc' dir='ltr'><strong>ἀπ-</strong></span> 
     </span>
    </p>
   </div>
   <div class='ocr_carea' id='block_1_61' title="bbox 654 3191 1824 3265">
    <p class='ocr_par' dir='ltr' id='par_1_61' title="bbox 654 3191 1824 3265">
     <span class='ocr_line' id='line_1_61' title="bbox 654 3191 1824 3265; baseline 0.005 -19"><span class='ocrx_word' id='word_1_409' title='bbox 654 3191 748 3246; x_wconf 80' lang='lat' dir='ltr'><strong>sed</strong></span> <span class='ocrx_word' id='word_1_410' title='bbox 783 3191 927 3259; x_wconf 91' lang='lat' dir='ltr'><strong>quod</strong></span> <span class='ocrx_word' id='word_1_411' title='bbox 964 3191 1034 3245; x_wconf 90' lang='lat' dir='ltr'><strong>ita</strong></span> <span class='ocrx_word' id='word_1_412' title='bbox 1067 3193 1279 3247; x_wconf 90' lang='lat' dir='ltr'><strong>honesti</strong></span> <span class='ocrx_word' id='word_1_413' title='bbox 1314 3195 1428 3262; x_wconf 88' lang='lat' dir='ltr'><strong>ipsa</strong></span> <span class='ocrx_word' id='word_1_414' title='bbox 1462 3196 1598 3249; x_wconf 90' lang='lat' dir='ltr'><strong>ratio</strong></span> <span class='ocrx_word' id='word_1_415' title='bbox 1629 3198 1824 3265; x_wconf 85' lang='lat' dir='ltr'><strong>poscit.</strong></span> 
     </span>
    </p>
   </div>
   <div class='ocr_carea' id='block_1_62' title="bbox 1281 3304 1572 3374">
    <p class='ocr_par' dir='ltr' id='par_1_62' title="bbox 1281 3304 1572 3374">
     <span class='ocr_line' id='line_1_62' title="bbox 1281 3304 1572 3374; baseline 0.003 -18"><span class='ocrx_word' id='word_1_416' title='bbox 1281 3304 1572 3374; x_wconf 78' lang='lat' dir='ltr'><strong>Euripidis.</strong></span> 
     </span>
    </p>
   </div>
   <div class='ocr_carea' id='block_1_63' title="bbox 654 3388 1765 3460">
    <p class='ocr_par' dir='ltr' id='par_1_63' title="bbox 654 3388 1765 3460">
     <span class='ocr_line' id='line_1_63' title="bbox 654 3388 1765 3460; baseline 0.002 -17"><span class='ocrx_word' id='word_1_417' title='bbox 654 3388 891 3460; x_wconf 59' lang='lat' dir='ltr'><strong>[mulam</strong></span> <span class='ocrx_word' id='word_1_418' title='bbox 925 3400 1018 3453; x_wconf 66' lang='lat' dir='ltr'><strong>est,</strong></span> <span class='ocrx_word' id='word_1_419' title='bbox 1045 3395 1272 3456; x_wconf 75' lang='lat' dir='ltr'><strong>quisquis</strong></span> <span class='ocrx_word' id='word_1_420' title='bbox 1302 3396 1486 3446; x_wconf 82' lang='lat' dir='ltr'><strong>timore</strong></span> <span class='ocrx_word' id='word_1_421' title='bbox 1517 3397 1716 3460; x_wconf 78' lang='lat' dir='ltr'><strong>debilis,</strong></span> <span class='ocrx_word' id='word_1_422' title='bbox 1754 3433 1765 3445; x_wconf 74' lang='lat'><strong>.</strong></span> 
     </span>
    </p>
   </div>
   <div class='ocr_carea' id='block_1_64' title="bbox 653 3457 1829 3535">
    <p class='ocr_par' dir='ltr' id='par_1_64' title="bbox 653 3457 1829 3535">
     <span class='ocr_line' id='line_1_64' title="bbox 653 3457 1829 3535; baseline 0.009 -25"><span class='ocrx_word' id='word_1_423' title='bbox 653 3457 935 3526; x_wconf 81' lang='lat' dir='ltr'><strong>Reuunplo</strong></span> <span class='ocrx_word' id='word_1_424' title='bbox 968 3463 1217 3527; x_wconf 77' lang='lat' dir='ltr'><strong>tantisper</strong></span> <span class='ocrx_word' id='word_1_425' title='bbox 1248 3463 1443 3523; x_wconf 77' lang='lat' dir='ltr'><strong>animo,</strong></span> <span class='ocrx_word' id='word_1_426' title='bbox 1475 3462 1641 3516; x_wconf 82' lang='lat' dir='ltr'><strong>altum</strong></span> <span class='ocrx_word' id='word_1_427' title='bbox 1673 3457 1829 3535; x_wconf 68' lang='lat' dir='ltr'><strong>sapit.</strong></span> 
     </span>
    </p>
   </div>
   <div class='ocr_carea' id='block_1_65' title="bbox 1287 3573 1582 3627">
    <p class='ocr_par' dir='ltr' id='par_1_65' title="bbox 1287 3573 1582 3627">
     <span class='ocr_line' id='line_1_65' title="bbox 1287 3573 1582 3627; baseline 0.007 -2"><span class='ocrx_word' id='word_1_428' title='bbox 1287 3573 1582 3627; x_wconf 76' lang='lat' dir='ltr'><strong>Menandri.</strong></span> 
     </span>
    </p>
   </div>
   <div class='ocr_carea' id='block_1_66' title="bbox 656 3658 1622 3732">
    <p class='ocr_par' dir='ltr' id='par_1_66' title="bbox 656 3658 1622 3732">
     <span class='ocr_line' id='line_1_66' title="bbox 656 3658 1622 3732; baseline 0.006 -22"><span class='ocrx_word' id='word_1_429' title='bbox 656 3658 893 3732; x_wconf 70' lang='lat' dir='ltr'><strong>§tultitia</strong></span> <span class='ocrx_word' id='word_1_430' title='bbox 930 3662 1055 3715; x_wconf 84' lang='lat' dir='ltr'><strong>mihi</strong></span> <span class='ocrx_word' id='word_1_431' title='bbox 1087 3663 1288 3715; x_wconf 81' lang='lat' dir='ltr'><strong>videtur</strong></span> <span class='ocrx_word' id='word_1_432' title='bbox 1319 3665 1622 3732; x_wconf 69' lang='lat' dir='ltr'><strong>manifesta,</strong></span> 
     </span>
    </p>
   </div>
   <div class='ocr_carea' id='block_1_67' title="bbox 654 3727 1995 3799">
    <p class='ocr_par' dir='ltr' id='par_1_67' title="bbox 654 3727 1995 3799">
     <span class='ocr_line' id='line_1_67' title="bbox 654 3727 1995 3799; baseline 0.007 -19"><span class='ocrx_word' id='word_1_433' title='bbox 654 3727 955 3799; x_wconf 77' lang='lat' dir='ltr'><strong>Intelligere</strong></span> <span class='ocrx_word' id='word_1_434' title='bbox 983 3747 1098 3799; x_wconf 78' lang='lat' dir='ltr'><strong>qua:</strong></span> <span class='ocrx_word' id='word_1_435' title='bbox 1129 3734 1382 3796; x_wconf 73' lang='lat' dir='ltr'><strong>convenit,</strong></span> <span class='ocrx_word' id='word_1_436' title='bbox 1415 3727 1508 3789; x_wconf 76' lang='lat' dir='ltr'><strong>néc</strong></span> <span class='ocrx_word' id='word_1_437' title='bbox 1538 3734 1766 3791; x_wconf 77' lang='lat' dir='ltr'><strong>cavenda</strong></span> <span class='ocrx_word' id='word_1_438' title='bbox 1796 3753 1995 3790; x_wconf 79' lang='lat' dir='ltr'><strong>cavere.</strong></span> 
     </span>
    </p>
   </div>
   <div class='ocr_carea' id='block_1_68' title="bbox 1220 3903 1650 3959">
    <p class='ocr_par' dir='ltr' id='par_1_68' title="bbox 1220 3903 1650 3959">
     <span class='ocr_line' id='line_1_68' title="bbox 1220 3903 1650 3959; baseline 0.007 -3"><span class='ocrx_word' id='word_1_439' title='bbox 1220 3903 1449 3959; x_wconf 80' lang='lat' dir='ltr'><strong>SERMO</strong></span> <span class='ocrx_word' id='word_1_440' title='bbox 1487 3905 1650 3959; x_wconf 80' lang='lat' dir='ltr'><strong>XXV.</strong></span> 
     </span>
    </p>
   </div>
   <div class='ocr_carea' id='block_1_69' title="bbox 794 3988 2069 4064">
    <p class='ocr_par' dir='ltr' id='par_1_69' title="bbox 794 3988 2069 4064">
     <span class='ocr_line' id='line_1_69' title="bbox 794 3988 2069 4064; baseline 0.009 -20"><span class='ocrx_word' id='word_1_441' title='bbox 794 3988 870 4044; x_wconf 84' lang='lat' dir='ltr'><strong>De</strong></span> <span class='ocrx_word' id='word_1_442' title='bbox 901 3991 963 4042; x_wconf 71' lang='lat' dir='ltr'><strong>iis</strong></span> <span class='ocrx_word' id='word_1_443' title='bbox 993 3991 1082 4058; x_wconf 86' lang='lat' dir='ltr'><strong>qui</strong></span> <span class='ocrx_word' id='word_1_444' title='bbox 1112 3990 1212 4042; x_wconf 89' lang='lat' dir='ltr'><strong>cito</strong></span> <span class='ocrx_word' id='word_1_445' title='bbox 1241 4001 1532 4056; x_wconf 78' lang='lat' dir='ltr'><strong>mutantur,</strong></span> <span class='ocrx_word' id='word_1_446' title='bbox 1560 3994 1720 4062; x_wconf 81' lang='lat' dir='ltr'><strong>deque</strong></span> <span class='ocrx_word' id='word_1_447' title='bbox 1748 4000 2069 4064; x_wconf 75' lang='lat' dir='ltr'><strong>paenitentia.</strong></span> 
     </span>
    </p>
   </div>
   <div class='ocr_carea' id='block_1_70' title="bbox 724 4140 2205 4212">
    <p class='ocr_par' dir='ltr' id='par_1_70' title="bbox 724 4140 2205 4212">
     <span class='ocr_line' id='line_1_70' title="bbox 724 4140 2205 4212; baseline 0.01 -17"><span class='ocrx_word' id='word_1_448' title='bbox 724 4140 844 4195; x_wconf 82' lang='lat' dir='ltr'><strong>Luc.</strong></span> <span class='ocrx_word' id='word_1_449' title='bbox 881 4158 952 4202; x_wconf 80' lang='lat' dir='ltr'><strong>ix,</strong></span> <span class='ocrx_word' id='word_1_450' title='bbox 986 4141 1072 4195; x_wconf 75' lang='grc'>62.</span> <span class='ocrx_word' id='word_1_451' title='bbox 1101 4173 1169 4181; x_wconf 92' lang='grc'><strong>-</strong></span> <span class='ocrx_word' id='word_1_452' title='bbox 1212 4142 1382 4197; x_wconf 85' lang='lat' dir='ltr'><strong>Nemo</strong></span> <span class='ocrx_word' id='word_1_453' title='bbox 1424 4145 1645 4198; x_wconf 90' lang='lat' dir='ltr'><strong>mittens</strong></span> <span class='ocrx_word' id='word_1_454' title='bbox 1686 4161 1905 4201; x_wconf 90' lang='lat' dir='ltr'><strong>manum</strong></span> <span class='ocrx_word' id='word_1_455' title='bbox 1947 4167 2099 4206; x_wconf 86' lang='lat' dir='ltr'><strong>suam</strong></span> <span class='ocrx_word' id='word_1_456' title='bbox 2140 4158 2205 4212; x_wconf 82' lang='lat' dir='ltr'><strong>ad</strong></span> 
     </span>
    </p>
   </div>
   <div class='ocr_carea' id='block_1_71' title="bbox 657 4233 2138 4309">
    <p class='ocr_par' dir='ltr' id='par_1_71' title="bbox 657 4233 2138 4309">
     <span class='ocr_line' id='line_1_71' title="bbox 657 4233 2138 4309; baseline 0.011 -28"><span class='ocrx_word' id='word_1_457' title='bbox 657 4238 914 4294; x_wconf 77' lang='lat' dir='ltr'><strong>aratrum,</strong></span> <span class='ocrx_word' id='word_1_458' title='bbox 937 4240 992 4284; x_wconf 88' lang='lat' dir='ltr'><strong>et</strong></span> <span class='ocrx_word' id='word_1_459' title='bbox 1019 4233 1315 4301; x_wconf 89' lang='lat' dir='ltr'><strong>respiciens</strong></span> <span class='ocrx_word' id='word_1_460' title='bbox 1343 4243 1508 4300; x_wconf 89' lang='lat' dir='ltr'><strong>retro,</strong></span> <span class='ocrx_word' id='word_1_461' title='bbox 1532 4245 1690 4305; x_wconf 88' lang='lat' dir='ltr'><strong>aptus</strong></span> <span class='ocrx_word' id='word_1_462' title='bbox 1720 4246 1804 4292; x_wconf 91' lang='lat' dir='ltr'><strong>est</strong></span> <span class='ocrx_word' id='word_1_463' title='bbox 1832 4255 2000 4309; x_wconf 77' lang='lat' dir='ltr'><strong>regno</strong></span> <span class='ocrx_word' id='word_1_464' title='bbox 2021 4244 2138 4297; x_wconf 90' lang='lat' dir='ltr'><strong>Dei.</strong></span> 
     </span>
    </p>
   </div>
   <div class='ocr_carea' id='block_1_72' title="bbox 720 4401 2208 4484">
    <p class='ocr_par' dir='ltr' id='par_1_72' title="bbox 720 4401 2208 4484">
     <span class='ocr_line' id='line_1_72' title="bbox 720 4401 2208 4484; baseline 0.013 -28"><span class='ocrx_word' id='word_1_465' title='bbox 720 4401 788 4460; x_wconf 84' lang='grc'><em>11</em></span> <span class='ocrx_word' id='word_1_466' title='bbox 815 4405 958 4459; x_wconf 87' lang='lat' dir='ltr'><strong>Petr.</strong></span> <span class='ocrx_word' id='word_1_467' title='bbox 988 4426 1042 4472; x_wconf 83' lang='grc' dir='ltr'><strong>ιι,</strong></span> <span class='ocrx_word' id='word_1_468' title='bbox 1068 4409 1158 4463; x_wconf 72' lang='grc'><strong>21.</strong></span> <span class='ocrx_word' id='word_1_469' title='bbox 1184 4440 1253 4449; x_wconf 90' lang='lat'>—</span> <span class='ocrx_word' id='word_1_470' title='bbox 1283 4412 1475 4468; x_wconf 87' lang='lat' dir='ltr'><strong>Melius</strong></span> <span class='ocrx_word' id='word_1_471' title='bbox 1501 4423 1585 4468; x_wconf 91' lang='lat' dir='ltr'><strong>est</strong></span> <span class='ocrx_word' id='word_1_472' title='bbox 1611 4432 1720 4469; x_wconf 90' lang='lat' dir='ltr'><strong>non</strong></span> <span class='ocrx_word' id='word_1_473' title='bbox 1753 4418 2036 4484; x_wconf 76' lang='lat' dir='ltr'><strong>agnovisse</strong></span> <span class='ocrx_word' id='word_1_474' title='bbox 2066 4423 2208 4477; x_wconf 81' lang='lat' dir='ltr'><strong>viam</strong></span> 
     </span>
    </p>
   </div>
   <div class='ocr_carea' id='block_1_73' title="bbox 656 4494 2206 4574">
    <p class='ocr_par' dir='ltr' id='par_1_73' title="bbox 656 4494 2206 4574">
     <span class='ocr_line' id='line_1_73' title="bbox 656 4494 2206 4574; baseline 0.014 -27"><span class='ocrx_word' id='word_1_475' title='bbox 656 4494 899 4563; x_wconf 63' lang='lat' dir='ltr'><strong>iustitiae,</strong></span> <span class='ocrx_word' id='word_1_476' title='bbox 923 4511 1082 4564; x_wconf 89' lang='lat' dir='ltr'><strong>quam</strong></span> <span class='ocrx_word' id='word_1_477' title='bbox 1113 4509 1235 4565; x_wconf 88' lang='lat' dir='ltr'><strong>post</strong></span> <span class='ocrx_word' id='word_1_478' title='bbox 1262 4501 1610 4574; x_wconf 72' lang='lat' dir='ltr'><strong>agnitionem,</strong></span> <span class='ocrx_word' id='word_1_479' title='bbox 1639 4513 1935 4566; x_wconf 83' lang='lat' dir='ltr'><strong>retrorsum</strong></span> <span class='ocrx_word' id='word_1_480' title='bbox 1965 4516 2206 4568; x_wconf 87' lang='lat' dir='ltr'><strong>converti</strong></span> 
     </span>
    </p>
   </div>
   <div class='ocr_carea' id='block_1_74' title="bbox 659 4584 2202 4671">
    <p class='ocr_par' dir='ltr' id='par_1_74' title="bbox 659 4584 2202 4671">
     <span class='ocr_line' id='line_1_74' title="bbox 659 4584 2202 4671; baseline 0.015 -35"><span class='ocrx_word' id='word_1_481' title='bbox 659 4584 728 4636; x_wconf 89' lang='lat' dir='ltr'><strong>ab</strong></span> <span class='ocrx_word' id='word_1_482' title='bbox 771 4599 857 4648; x_wconf 88' lang='lat' dir='ltr'><strong>eo,</strong></span> <span class='ocrx_word' id='word_1_483' title='bbox 892 4585 1036 4654; x_wconf 91' lang='lat' dir='ltr'><strong>quod</strong></span> <span class='ocrx_word' id='word_1_484' title='bbox 1085 4588 1190 4639; x_wconf 91' lang='lat' dir='ltr'><strong>illis</strong></span> <span class='ocrx_word' id='word_1_485' title='bbox 1235 4590 1490 4642; x_wconf 88' lang='lat' dir='ltr'><strong>traditum</strong></span> <span class='ocrx_word' id='word_1_486' title='bbox 1534 4601 1637 4655; x_wconf 91' lang='lat' dir='ltr'><strong>est,</strong></span> <span class='ocrx_word' id='word_1_487' title='bbox 1674 4606 1861 4649; x_wconf 83' lang='lat' dir='ltr'><strong>sancto</strong></span> <span class='ocrx_word' id='word_1_488' title='bbox 1905 4612 2202 4671; x_wconf 66' lang='lat' dir='ltr'><strong>praecepto.</strong></span> 
     </span>
    </p>
   </div>
   <div class='ocr_carea' id='block_1_75' title="bbox 658 4677 2202 4754">
    <p class='ocr_par' dir='ltr' id='par_1_75' title="bbox 658 4677 2202 4754">
     <span class='ocr_line' id='line_1_75' title="bbox 658 4677 2202 4754; baseline 0.015 -24"><span class='ocrx_word' id='word_1_489' title='bbox 658 4677 896 4749; x_wconf 77' lang='lat' dir='ltr'><strong>Contigit</strong></span> <span class='ocrx_word' id='word_1_490' title='bbox 925 4691 1104 4735; x_wconf 87' lang='lat' dir='ltr'><strong>autem</strong></span> <span class='ocrx_word' id='word_1_491' title='bbox 1141 4683 1246 4736; x_wconf 89' lang='lat' dir='ltr'><strong>illis</strong></span> <span class='ocrx_word' id='word_1_492' title='bbox 1277 4684 1422 4752; x_wconf 92' lang='lat' dir='ltr'><strong>quod</strong></span> <span class='ocrx_word' id='word_1_493' title='bbox 1453 4693 1582 4738; x_wconf 82' lang='lat' dir='ltr'><strong>vero</strong></span> <span class='ocrx_word' id='word_1_494' title='bbox 1617 4691 1907 4754; x_wconf 85' lang='lat' dir='ltr'><strong>proverbio</strong></span> <span class='ocrx_word' id='word_1_495' title='bbox 1943 4694 2148 4752; x_wconf 90' lang='lat' dir='ltr'><strong>dicitur</strong></span> <span class='ocrx_word' id='word_1_496' title='bbox 2189 4717 2202 4752; x_wconf 92' lang='lat'>:</span> 
     </span>
    </p>
   </div>
   <div class='ocr_carea' id='block_1_76' title="bbox 660 4763 2207 4841">
    <p class='ocr_par' dir='ltr' id='par_1_76' title="bbox 660 4763 2207 4841">
     <span class='ocr_line' id='line_1_76' title="bbox 660 4763 2207 4841; baseline 0.016 -24"><span class='ocrx_word' id='word_1_497' title='bbox 660 4763 818 4820; x_wconf 82' lang='lat' dir='ltr'><strong>Canis</strong></span> <span class='ocrx_word' id='word_1_498' title='bbox 855 4785 1086 4824; x_wconf 75' lang='lat' dir='ltr'><strong>reversus</strong></span> <span class='ocrx_word' id='word_1_499' title='bbox 1125 4773 1193 4823; x_wconf 84' lang='lat' dir='ltr'><strong>ad</strong></span> <span class='ocrx_word' id='word_1_500' title='bbox 1226 4789 1379 4825; x_wconf 78' lang='lat' dir='ltr'><strong>suum</strong></span> <span class='ocrx_word' id='word_1_501' title='bbox 1416 4775 1695 4838; x_wconf 74' lang='lat' dir='ltr'><strong>vontitum;</strong></span> <span class='ocrx_word' id='word_1_502' title='bbox 1733 4784 1788 4830; x_wconf 91' lang='lat' dir='ltr'><strong>et</strong></span> <span class='ocrx_word' id='word_1_503' title='bbox 1823 4796 1836 4830; x_wconf 89' lang='lat'><strong>:</strong></span> <span class='ocrx_word' id='word_1_504' title='bbox 1873 4780 1974 4835; x_wconf 73' lang='lat' dir='ltr'><strong>Sus</strong></span> <span class='ocrx_word' id='word_1_505' title='bbox 2008 4784 2117 4838; x_wconf 84' lang='lat' dir='ltr'><strong>lota</strong></span> <span class='ocrx_word' id='word_1_506' title='bbox 2150 4789 2207 4841; x_wconf 87' lang='lat' dir='ltr'><strong>in</strong></span> 
     </span>
    </p>
   </div>
   <div class='ocr_carea' id='block_1_77' title="bbox 660 4855 1576 4932">
    <p class='ocr_par' dir='ltr' id='par_1_77' title="bbox 660 4855 1576 4932">
     <span class='ocr_line' id='line_1_77' title="bbox 660 4855 1576 4932; baseline 0.011 -25"><span class='ocrx_word' id='word_1_507' title='bbox 660 4855 932 4909; x_wconf 78' lang='lat' dir='ltr'><strong>volutabra</strong></span> <span class='ocrx_word' id='word_1_508' title='bbox 966 4859 1060 4910; x_wconf 87' lang='lat' dir='ltr'><strong>luti</strong></span> <span class='ocrx_word' id='word_1_509' title='bbox 1090 4859 1268 4923; x_wconf 84' lang='lat' dir='ltr'><strong>(Prov.</strong></span> <span class='ocrx_word' id='word_1_510' title='bbox 1294 4877 1435 4928; x_wconf 74' lang='lat' dir='ltr'><strong>uvn,</strong></span> <span class='ocrx_word' id='word_1_511' title='bbox 1468 4863 1576 4932; x_wconf 82' lang='grc' dir='ltr'><strong>Η).</strong></span> 
     </span>
    </p>
   </div>
   <div class='ocr_carea' id='block_1_78' title="bbox 733 4943 2210 5028">
    <p class='ocr_par' dir='ltr' id='par_1_78' title="bbox 733 4943 2210 5028">
     <span class='ocr_line' id='line_1_78' title="bbox 733 4943 2210 5028; baseline 0.01 -28"><span class='ocrx_word' id='word_1_512' title='bbox 733 4943 888 4998; x_wconf 74' lang='grc' dir='ltr'>Ριου.</span> <span class='ocrx_word' id='word_1_513' title='bbox 921 4963 1056 5009; x_wconf 79' lang='lat' dir='ltr'><strong>ml,</strong></span> <span class='ocrx_word' id='word_1_514' title='bbox 1080 4947 1165 4999; x_wconf 76' lang='grc'>20.</span> <span class='ocrx_word' id='word_1_515' title='bbox 1196 4979 1264 4988; x_wconf 92' lang='grc'><strong><em>-</em></strong></span> <span class='ocrx_word' id='word_1_516' title='bbox 1292 4951 1387 5007; x_wconf 82' lang='lat' dir='ltr'><strong>Vir</strong></span> <span class='ocrx_word' id='word_1_517' title='bbox 1418 4955 1512 5022; x_wconf 91' lang='lat' dir='ltr'><strong>qui</strong></span> <span class='ocrx_word' id='word_1_518' title='bbox 1541 4953 1700 5018; x_wconf 84' lang='lat' dir='ltr'><strong>facile</strong></span> <span class='ocrx_word' id='word_1_519' title='bbox 1731 4957 1916 5028; x_wconf 74' lang='lat' dir='ltr'><strong>lingua</strong></span> <span class='ocrx_word' id='word_1_520' title='bbox 1947 4969 2210 5024; x_wconf 83' lang='lat' dir='ltr'><strong>mutatur,</strong></span> 
     </span>
    </p>
   </div>
   <div class='ocr_carea' id='block_1_79' title="bbox 663 5029 1141 5090">
    <p class='ocr_par' dir='ltr' id='par_1_79' title="bbox 663 5029 1141 5090">
     <span class='ocr_line' id='line_1_79' title="bbox 663 5029 1141 5090; baseline 0.017 -8"><span class='ocrx_word' id='word_1_521' title='bbox 663 5029 866 5085; x_wconf 89' lang='lat' dir='ltr'><strong>incidet</strong></span> <span class='ocrx_word' id='word_1_522' title='bbox 893 5033 948 5086; x_wconf 90' lang='lat' dir='ltr'><strong>iu</strong></span> <span class='ocrx_word' id='word_1_523' title='bbox 983 5037 1141 5090; x_wconf 89' lang='lat' dir='ltr'><strong>mala.</strong></span> 
     </span>
    </p>
   </div>
   <div class='ocr_carea' id='block_1_80' title="bbox 731 5120 2215 5202">
    <p class='ocr_par' dir='ltr' id='par_1_80' title="bbox 731 5120 2215 5202">
     <span class='ocr_line' id='line_1_80' title="bbox 731 5120 2215 5202; baseline 0.015 -30"><span class='ocrx_word' id='word_1_524' title='bbox 731 5120 892 5190; x_wconf 63' lang='lat' dir='ltr'><strong>m7</strong></span> <span class='ocrx_word' id='word_1_525' title='bbox 918 5123 1073 5178; x_wconf 77' lang='lat' dir='ltr'><strong>Prov.</strong></span> <span class='ocrx_word' id='word_1_526' title='bbox 1097 5142 1239 5190; x_wconf 77' lang='lat' dir='ltr'><strong>xxvi,</strong></span> <span class='ocrx_word' id='word_1_527' title='bbox 1264 5127 1348 5181; x_wconf 80' lang='lat' dir='ltr'><strong>ll.</strong></span> <span class='ocrx_word' id='word_1_528' title='bbox 1369 5158 1438 5168; x_wconf 93' lang='lat'><em>—</em></span> <span class='ocrx_word' id='word_1_529' title='bbox 1459 5131 1612 5200; x_wconf 87' lang='lat' dir='ltr'><strong>Sicut</strong></span> <span class='ocrx_word' id='word_1_530' title='bbox 1635 5137 1786 5192; x_wconf 87' lang='lat' dir='ltr'><strong>canis</strong></span> <span class='ocrx_word' id='word_1_531' title='bbox 1810 5153 1935 5198; x_wconf 85' lang='lat' dir='ltr'><strong>cum</strong></span> <span class='ocrx_word' id='word_1_532' title='bbox 1960 5154 2215 5202; x_wconf 77' lang='lat' dir='ltr'><strong>reversus</strong></span> 
     </span>
    </p>
   </div>
   <div class='ocr_carea' id='block_1_81' title="bbox 667 5203 2218 5291">
    <p class='ocr_par' dir='ltr' id='par_1_81' title="bbox 667 5203 2218 5291">
     <span class='ocr_line' id='line_1_81' title="bbox 667 5203 2218 5291; baseline 0.021 -36"><span class='ocrx_word' id='word_1_533' title='bbox 667 5203 828 5259; x_wconf 89' lang='lat' dir='ltr'><strong>fuerit</strong></span> <span class='ocrx_word' id='word_1_534' title='bbox 854 5208 920 5260; x_wconf 87' lang='lat' dir='ltr'><strong>ad</strong></span> <span class='ocrx_word' id='word_1_535' title='bbox 945 5214 1208 5272; x_wconf 84' lang='lat' dir='ltr'><strong>vomitum</strong></span> <span class='ocrx_word' id='word_1_536' title='bbox 1236 5230 1397 5273; x_wconf 85' lang='lat' dir='ltr'><strong>suum</strong></span> <span class='ocrx_word' id='word_1_537' title='bbox 1421 5227 1477 5275; x_wconf 88' lang='lat' dir='ltr'><strong>et</strong></span> <span class='ocrx_word' id='word_1_538' title='bbox 1499 5219 1673 5277; x_wconf 84' lang='lat' dir='ltr'><strong>factus</strong></span> <span class='ocrx_word' id='word_1_539' title='bbox 1700 5224 1938 5289; x_wconf 86' lang='lat' dir='ltr'><strong>odibilis,</strong></span> <span class='ocrx_word' id='word_1_540' title='bbox 1966 5228 2046 5283; x_wconf 80' lang='lat' dir='ltr'><strong>sic</strong></span> <span class='ocrx_word' id='word_1_541' title='bbox 2075 5227 2218 5291; x_wconf 50' lang='lat' dir='ltr'><strong>imi-4</strong></span> 
     </span>
    </p>
   </div>
   <div class='ocr_carea' id='block_1_82' title="bbox 734 5361 1406 5426">
    <p class='ocr_par' dir='ltr' id='par_1_82' title="bbox 734 5361 1406 5426">
     <span class='ocr_line' id='line_1_82' title="bbox 734 5361 1406 5426; baseline 0.013 -9"><span class='ocrx_word' id='word_1_542' title='bbox 734 5362 779 5394; x_wconf 84' lang='grc'>⁸¹</span> <span class='ocrx_word' id='word_1_543' title='bbox 815 5363 875 5419; x_wconf 85' lang='lat' dir='ltr'><strong>In</strong></span> <span class='ocrx_word' id='word_1_544' title='bbox 902 5361 1066 5421; x_wconf 78' lang='lat' dir='ltr'><strong>Gesn.</strong></span> <span class='ocrx_word' id='word_1_545' title='bbox 1099 5365 1252 5424; x_wconf 84' lang='lat' dir='ltr'><strong>Stob.</strong></span> <span class='ocrx_word' id='word_1_546' title='bbox 1282 5371 1406 5426; x_wconf 75' lang='lat'><strong>506.</strong></span> 
     </span>
    </p>
   </div>
   <div class='ocr_carea' id='block_1_83' title="bbox 2302 3205 3169 3278">
    <p class='ocr_par' dir='ltr' id='par_1_83' title="bbox 2302 3205 3169 3278">
     <span class='ocr_line' id='line_1_83' title="bbox 2302 3205 3169 3278; baseline 0.009 -23"><span class='ocrx_word' id='word_1_547' title='bbox 2302 3205 2520 3272; x_wconf 84' lang='grc' dir='ltr'>έχεσθαι</span> <span class='ocrx_word' id='word_1_548' title='bbox 2541 3206 2714 3276; x_wconf 87' lang='grc' dir='ltr'>χρεὼν</span> <span class='ocrx_word' id='word_1_549' title='bbox 2744 3207 3169 3278; x_wconf 78' lang='grc' dir='ltr'>ἁμαρτημάτων.</span> 
     </span>
    </p>
   </div>
   <div class='ocr_carea' id='block_1_84' title="bbox 2916 3322 3256 3388">
    <p class='ocr_par' dir='ltr' id='par_1_84' title="bbox 2916 3322 3256 3388">
     <span class='ocr_line' id='line_1_84' title="bbox 2916 3322 3256 3388; baseline 0.015 -16"><span class='ocrx_word' id='word_1_550' title='bbox 2916 3322 3256 3388; x_wconf 77' lang='grc' dir='ltr'>Εὐριπίδου.</span> 
     </span>
    </p>
   </div>
   <div class='ocr_carea' id='block_1_85' title="bbox 2315 3406 3578 3476">
    <p class='ocr_par' dir='ltr' id='par_1_85' title="bbox 2315 3406 3578 3476">
     <span class='ocr_line' id='line_1_85' title="bbox 2315 3406 3578 3476; baseline 0.031 -46"><span class='ocrx_word' id='word_1_551' title='bbox 2315 3408 2650 3476; x_wconf 50' lang='grc' dir='ltr'><strong>Ἀσύνετρς,</strong></span> <span class='ocrx_word' id='word_1_552' title='bbox 2677 3406 2845 3472; x_wconf 71' lang='grc' dir='ltr'><em>ὅστις</em></span> <span class='ocrx_word' id='word_1_553' title='bbox 2875 3407 2943 3458; x_wconf 73' lang='grc' dir='ltr'><strong>ἐν</strong></span> <span class='ocrx_word' id='word_1_554' title='bbox 2974 3410 3134 3474; x_wconf 68' lang='grc' dir='ltr'>φόϐῳ</span> <span class='ocrx_word' id='word_1_555' title='bbox 3159 3408 3274 3476; x_wconf 77' lang='grc' dir='ltr'><strong>μὲν</strong></span> <span class='ocrx_word' id='word_1_556' title='bbox 3296 3409 3578 3475; x_wconf 74' lang='grc' dir='ltr'>ἀσθενὴς.</span> 
     </span>
    </p>
   </div>
   <div class='ocr_carea' id='block_1_86' title="bbox 2309 3475 3580 3546">
    <p class='ocr_par' dir='ltr' id='par_1_86' title="bbox 2309 3475 3580 3546">
     <span class='ocr_line' id='line_1_86' title="bbox 2309 3475 3580 3546; baseline 0.001 -17"><span class='ocrx_word' id='word_1_557' title='bbox 2309 3475 2524 3531; x_wconf 76' lang='grc' dir='ltr'>Λαϐὼν</span> <span class='ocrx_word' id='word_1_558' title='bbox 2553 3475 2620 3528; x_wconf 78' lang='grc' dir='ltr'>δὲ</span> <span class='ocrx_word' id='word_1_559' title='bbox 2643 3478 2862 3544; x_wconf 75' lang='grc' dir='ltr'>μικρόν</span> <span class='ocrx_word' id='word_1_560' title='bbox 2883 3492 2934 3527; x_wconf 82' lang='grc' dir='ltr'><strong>τι</strong></span> <span class='ocrx_word' id='word_1_561' title='bbox 2961 3475 3168 3543; x_wconf 65' lang='grc' dir='ltr'>ψυχῆς</span> <span class='ocrx_word' id='word_1_562' title='bbox 3191 3477 3399 3544; x_wconf 72' lang='grc' dir='ltr'>φρονεῖ</span> <span class='ocrx_word' id='word_1_563' title='bbox 3407 3478 3580 3546; x_wconf 74' lang='grc' dir='ltr'>μέγα.</span> 
     </span>
    </p>
   </div>
   <div class='ocr_carea' id='block_1_87' title="bbox 2933 3585 3222 3655">
    <p class='ocr_par' dir='ltr' id='par_1_87' title="bbox 2933 3585 3222 3655">
     <span class='ocr_line' id='line_1_87' title="bbox 2933 3585 3222 3655; baseline 0.003 -15"><span class='ocrx_word' id='word_1_564' title='bbox 2933 3585 3222 3655; x_wconf 72' lang='grc' dir='ltr'>Μενάνδρ.</span> 
     </span>
    </p>
   </div>
   <div class='ocr_carea' id='block_1_88' title="bbox 2311 3674 3374 3744">
    <p class='ocr_par' dir='ltr' id='par_1_88' title="bbox 2311 3674 3374 3744">
     <span class='ocr_line' id='line_1_88' title="bbox 2311 3674 3374 3744; baseline 0.001 -16"><span class='ocrx_word' id='word_1_565' title='bbox 2311 3674 2566 3744; x_wconf 76' lang='grc' dir='ltr'><strong>Εὑήθειᾴ</strong></span> <span class='ocrx_word' id='word_1_566' title='bbox 2591 3693 2690 3744; x_wconf 82' lang='grc' dir='ltr'>μοι</span> <span class='ocrx_word' id='word_1_567' title='bbox 2716 3676 2984 3744; x_wconf 68' lang='grc' dir='ltr'>φαίνεται</span> <span class='ocrx_word' id='word_1_568' title='bbox 3013 3674 3374 3744; x_wconf 69' lang='grc' dir='ltr'>δηλουμένη,</span> 
     </span>
    </p>
   </div>
   <div class='ocr_carea' id='block_1_89' title="bbox 2318 3743 3796 3812">
    <p class='ocr_par' dir='ltr' id='par_1_89' title="bbox 2318 3743 3796 3812">
     <span class='ocr_line' id='line_1_89' title="bbox 2318 3743 3796 3812; baseline -0.001 -15"><span class='ocrx_word' id='word_1_569' title='bbox 2318 3744 2389 3797; x_wconf 82' lang='grc' dir='ltr'><strong><em>Τὸ</em></strong></span> <span class='ocrx_word' id='word_1_570' title='bbox 2424 3743 2588 3796; x_wconf 80' lang='grc' dir='ltr'>νοεῖν</span> <span class='ocrx_word' id='word_1_571' title='bbox 2605 3743 2722 3811; x_wconf 76' lang='grc' dir='ltr'><strong>μὲν</strong></span> <span class='ocrx_word' id='word_1_572' title='bbox 2745 3743 2862 3797; x_wconf 86' lang='grc' dir='ltr'>ὅσα</span> <span class='ocrx_word' id='word_1_573' title='bbox 2896 3743 3004 3808; x_wconf 80' lang='grc' dir='ltr'>δεῖ,</span> <span class='ocrx_word' id='word_1_574' title='bbox 3028 3744 3114 3812; x_wconf 77' lang='grc' dir='ltr'><strong>μὴ</strong></span> <span class='ocrx_word' id='word_1_575' title='bbox 3143 3743 3541 3812; x_wconf 74' lang='grc' dir='ltr'>φυλάττεσθαι</span> <span class='ocrx_word' id='word_1_576' title='bbox 3561 3744 3611 3797; x_wconf 81' lang='grc' dir='ltr'>δ’</span> <span class='ocrx_word' id='word_1_577' title='bbox 3644 3743 3680 3798; x_wconf 78' lang='grc' dir='ltr'><strong>δ</strong></span> <span class='ocrx_word' id='word_1_578' title='bbox 3699 3743 3796 3796; x_wconf 85' lang='grc' dir='ltr'>δεῖ.</span> 
     </span>
    </p>
   </div>
   <div class='ocr_carea' id='block_1_90' title="bbox 2861 3915 3320 3972">
    <p class='ocr_par' dir='ltr' id='par_1_90' title="bbox 2861 3915 3320 3972">
     <span class='ocr_line' id='line_1_90' title="bbox 2861 3915 3320 3972; baseline -0.009 0"><span class='ocrx_word' id='word_1_579' title='bbox 2861 3915 3078 3972; x_wconf 79' lang='grc' dir='ltr'>ΛΟΓΟΣ</span> <span class='ocrx_word' id='word_1_580' title='bbox 3116 3916 3222 3968; x_wconf 77' lang='grc' dir='ltr'><strong>κε’</strong></span> <span class='ocrx_word' id='word_1_581' title='bbox 3253 3916 3320 3968; x_wconf 75' lang='grc'><strong>⁵⁸.</strong></span> 
     </span>
    </p>
   </div>
   <div class='ocr_carea' id='block_1_91' title="bbox 2313 4004 3827 4075">
    <p class='ocr_par' dir='ltr' id='par_1_91' title="bbox 2313 4004 3827 4075">
     <span class='ocr_line' id='line_1_91' title="bbox 2313 4004 3827 4075; baseline -0.004 -15"><span class='ocrx_word' id='word_1_582' title='bbox 2313 4007 2454 4075; x_wconf 76' lang='grc' dir='ltr'>Περὶ</span> <span class='ocrx_word' id='word_1_583' title='bbox 2503 4004 2621 4058; x_wconf 75' lang='grc' dir='ltr'>τῶν</span> <span class='ocrx_word' id='word_1_584' title='bbox 2667 4004 2890 4073; x_wconf 74' lang='grc' dir='ltr'>ταχέως</span> <span class='ocrx_word' id='word_1_585' title='bbox 2971 4008 3524 4074; x_wconf 70' lang='grc' dir='ltr'>μεταϐαλλομένων,</span> <span class='ocrx_word' id='word_1_586' title='bbox 3575 4007 3666 4058; x_wconf 78' lang='grc' dir='ltr'><strong>καί</strong></span> <span class='ocrx_word' id='word_1_587' title='bbox 3711 4004 3827 4071; x_wconf 63' lang='grc' dir='ltr'>περὶ</span> 
     </span>
    </p>
   </div>
   <div class='ocr_carea' id='block_1_92' title="bbox 2896 4077 3232 4141">
    <p class='ocr_par' dir='ltr' id='par_1_92' title="bbox 2896 4077 3232 4141">
     <span class='ocr_line' id='line_1_92' title="bbox 2896 4077 3232 4141; baseline 0.009 -16"><span class='ocrx_word' id='word_1_588' title='bbox 2896 4077 3232 4141; x_wconf 80' lang='grc' dir='ltr'>μετανοίας.</span> 
     </span>
    </p>
   </div>
   <div class='ocr_carea' id='block_1_93' title="bbox 2379 4163 3828 4233">
    <p class='ocr_par' dir='ltr' id='par_1_93' title="bbox 2379 4163 3828 4233">
     <span class='ocr_line' id='line_1_93' title="bbox 2379 4163 3828 4233; baseline -0.008 -12"><span class='ocrx_word' id='word_1_589' title='bbox 2379 4173 2561 4221; x_wconf 82' lang='grc' dir='ltr'>Λουκ.</span> <span class='ocrx_word' id='word_1_590' title='bbox 2590 4165 2659 4220; x_wconf 63' lang='grc' dir='ltr'><strong>θ’»</strong></span> <span class='ocrx_word' id='word_1_591' title='bbox 2688 4195 2757 4206; x_wconf 86' lang='lat'><strong>—-</strong></span> <span class='ocrx_word' id='word_1_592' title='bbox 2780 4165 2966 4225; x_wconf 76' lang='grc' dir='ltr'>Οὐδεὶς</span> <span class='ocrx_word' id='word_1_593' title='bbox 3011 4163 3186 4232; x_wconf 71' lang='grc' dir='ltr'>βαλὼν</span> <span class='ocrx_word' id='word_1_594' title='bbox 3237 4166 3335 4232; x_wconf 81' lang='grc' dir='ltr'>τὴν</span> <span class='ocrx_word' id='word_1_595' title='bbox 3383 4167 3536 4233; x_wconf 81' lang='grc' dir='ltr'>χεῖρα</span> <span class='ocrx_word' id='word_1_596' title='bbox 3580 4163 3729 4215; x_wconf 80' lang='grc' dir='ltr'>αὑτοῦ</span> <span class='ocrx_word' id='word_1_597' title='bbox 3751 4163 3828 4212; x_wconf 74' lang='grc' dir='ltr'><strong>ἐπ’</strong></span> 
     </span>
    </p>
   </div>
   <div class='ocr_carea' id='block_1_94' title="bbox 2313 4251 3830 4327">
    <p class='ocr_par' dir='ltr' id='par_1_94' title="bbox 2313 4251 3830 4327">
     <span class='ocr_line' id='line_1_94' title="bbox 2313 4251 3830 4327; baseline -0.007 -17"><span class='ocrx_word' id='word_1_598' title='bbox 2313 4257 2562 4327; x_wconf 81' lang='grc' dir='ltr'>ἄροτρον,</span> <span class='ocrx_word' id='word_1_599' title='bbox 2592 4261 2686 4309; x_wconf 77' lang='grc' dir='ltr'>καὶ</span> <span class='ocrx_word' id='word_1_600' title='bbox 2717 4255 2926 4325; x_wconf 82' lang='grc' dir='ltr'>βλέπων</span> <span class='ocrx_word' id='word_1_601' title='bbox 2953 4254 3032 4314; x_wconf 90' lang='grc' dir='ltr'><strong>είς</strong></span> <span class='ocrx_word' id='word_1_602' title='bbox 3061 4253 3128 4305; x_wconf 82' lang='grc' dir='ltr'>τὰ</span> <span class='ocrx_word' id='word_1_603' title='bbox 3152 4253 3345 4317; x_wconf 82' lang='grc' dir='ltr'>ὀπίσω,</span> <span class='ocrx_word' id='word_1_604' title='bbox 3369 4251 3581 4315; x_wconf 78' lang='grc' dir='ltr'>εῦθετός</span> <span class='ocrx_word' id='word_1_605' title='bbox 3610 4255 3740 4305; x_wconf 76' lang='grc' dir='ltr'>ἐστιν</span> <span class='ocrx_word' id='word_1_606' title='bbox 3760 4254 3830 4310; x_wconf 79' lang='grc' dir='ltr'>εἰς</span> 
     </span>
    </p>
   </div>
   <div class='ocr_carea' id='block_1_95' title="bbox 2308 4343 3136 4416">
    <p class='ocr_par' dir='ltr' id='par_1_95' title="bbox 2308 4343 3136 4416">
     <span class='ocr_line' id='line_1_95' title="bbox 2308 4343 3136 4416; baseline 0 -18"><span class='ocrx_word' id='word_1_607' title='bbox 2308 4349 2406 4416; x_wconf 80' lang='grc' dir='ltr'>τὴν</span> <span class='ocrx_word' id='word_1_608' title='bbox 2440 4346 2714 4414; x_wconf 84' lang='grc' dir='ltr'>βασιλείαν</span> <span class='ocrx_word' id='word_1_609' title='bbox 2738 4345 2846 4398; x_wconf 87' lang='grc' dir='ltr'><strong>τῶν</strong></span> <span class='ocrx_word' id='word_1_610' title='bbox 2873 4343 3136 4413; x_wconf 77' lang='grc' dir='ltr'>οὐρανῶν.</span> 
     </span>
    </p>
   </div>
   <div class='ocr_carea' id='block_1_96' title="bbox 2372 4427 3827 4502">
    <p class='ocr_par' dir='ltr' id='par_1_96' title="bbox 2372 4427 3827 4502">
     <span class='ocr_line' id='line_1_96' title="bbox 2372 4427 3827 4502; baseline -0.007 -16"><span class='ocrx_word' id='word_1_611' title='bbox 2372 4433 2451 4486; x_wconf 86' lang='lat' dir='ltr'><strong>B&#39;.</strong></span> <span class='ocrx_word' id='word_1_612' title='bbox 2485 4435 2726 4496; x_wconf 79' lang='grc' dir='ltr'>Πετ.,β’.</span> <span class='ocrx_word' id='word_1_613' title='bbox 2771 4463 2840 4473; x_wconf 88' lang='lat'><strong>——</strong></span> <span class='ocrx_word' id='word_1_614' title='bbox 2871 4431 3138 4502; x_wconf 80' lang='grc' dir='ltr'>Κρεῖσσόν</span> <span class='ocrx_word' id='word_1_615' title='bbox 3189 4431 3304 4482; x_wconf 68' lang='grc' dir='ltr'>ἐστι</span> <span class='ocrx_word' id='word_1_616' title='bbox 3361 4431 3437 4499; x_wconf 85' lang='grc' dir='ltr'><strong>μὴ</strong></span> <span class='ocrx_word' id='word_1_617' title='bbox 3490 4427 3827 4496; x_wconf 75' lang='grc' dir='ltr'>ἐπεγνωκέναι</span> 
     </span>
    </p>
   </div>
   <div class='ocr_carea' id='block_1_97' title="bbox 2301 4511 3826 4593">
    <p class='ocr_par' dir='ltr' id='par_1_97' title="bbox 2301 4511 3826 4593">
     <span class='ocr_line' id='line_1_97' title="bbox 2301 4511 3826 4593; baseline -0.01 -18"><span class='ocrx_word' id='word_1_618' title='bbox 2301 4522 2398 4592; x_wconf 83' lang='grc' dir='ltr'>τὴν</span> <span class='ocrx_word' id='word_1_619' title='bbox 2442 4522 2560 4577; x_wconf 75' lang='grc' dir='ltr'>ὁδὸν</span> <span class='ocrx_word' id='word_1_620' title='bbox 2600 4521 2700 4588; x_wconf 84' lang='grc' dir='ltr'>τῆς</span> <span class='ocrx_word' id='word_1_621' title='bbox 2741 4519 3104 4586; x_wconf 83' lang='grc' dir='ltr'>δικαιοσύνης,</span> <span class='ocrx_word' id='word_1_622' title='bbox 3134 4518 3167 4585; x_wconf 76' lang='grc' dir='ltr'>ἦ</span> <span class='ocrx_word' id='word_1_623' title='bbox 3211 4517 3502 4587; x_wconf 73' lang='grc' dir='ltr'>ἐπιγνόντα</span> <span class='ocrx_word' id='word_1_624' title='bbox 3539 4511 3826 4593; x_wconf 67' lang='grc' dir='ltr'>ἐπιστρέψαι</span> 
     </span>
    </p>
   </div>
   <div class='ocr_carea' id='block_1_98' title="bbox 2302 4600 3828 4679">
    <p class='ocr_par' dir='ltr' id='par_1_98' title="bbox 2302 4600 3828 4679">
     <span class='ocr_line' id='line_1_98' title="bbox 2302 4600 3828 4679; baseline -0.01 -15"><span class='ocrx_word' id='word_1_625' title='bbox 2302 4615 2366 4664; x_wconf 76' lang='grc' dir='ltr'>ἐκ</span> <span class='ocrx_word' id='word_1_626' title='bbox 2404 4613 2504 4677; x_wconf 85' lang='grc' dir='ltr'>τῆς</span> <span class='ocrx_word' id='word_1_627' title='bbox 2551 4607 2946 4679; x_wconf 82' lang='grc' dir='ltr'>παραδοθείσης</span> <span class='ocrx_word' id='word_1_628' title='bbox 2997 4606 3143 4675; x_wconf 86' lang='grc' dir='ltr'><strong>αύτῷ</strong></span> <span class='ocrx_word' id='word_1_629' title='bbox 3191 4606 3351 4673; x_wconf 86' lang='grc' dir='ltr'>ἁγίας</span> <span class='ocrx_word' id='word_1_630' title='bbox 3380 4606 3621 4675; x_wconf 70' lang='grc' dir='ltr'>ἐντολῆς.</span> <span class='ocrx_word' id='word_1_631' title='bbox 3649 4600 3828 4672; x_wconf 73' lang='grc' dir='ltr'><strong>Συμδέ⁴</strong></span> 
     </span>
    </p>
   </div>
   <div class='ocr_carea' id='block_1_99' title="bbox 2303 4691 3827 4768">
    <p class='ocr_par' dir='ltr' id='par_1_99' title="bbox 2303 4691 3827 4768">
     <span class='ocr_line' id='line_1_99' title="bbox 2303 4691 3827 4768; baseline -0.005 -17"><span class='ocrx_word' id='word_1_632' title='bbox 2303 4702 2439 4768; x_wconf 85' lang='grc' dir='ltr'>ϐηκε</span> <span class='ocrx_word' id='word_1_633' title='bbox 2489 4699 2546 4751; x_wconf 71' lang='grc' dir='ltr'>δὲ</span> <span class='ocrx_word' id='word_1_634' title='bbox 2601 4700 2791 4760; x_wconf 79' lang='grc' dir='ltr'>αὐτοῖς</span> <span class='ocrx_word' id='word_1_635' title='bbox 2816 4697 2876 4750; x_wconf 80' lang='grc' dir='ltr'>τὸ</span> <span class='ocrx_word' id='word_1_636' title='bbox 2923 4698 3019 4764; x_wconf 79' lang='grc' dir='ltr'>τῆς</span> <span class='ocrx_word' id='word_1_637' title='bbox 3056 4693 3288 4763; x_wconf 74' lang='grc' dir='ltr'>ἀληθοῦς</span> <span class='ocrx_word' id='word_1_638' title='bbox 3329 4695 3647 4764; x_wconf 77' lang='grc' dir='ltr'>παροιμίας,</span> <span class='ocrx_word' id='word_1_639' title='bbox 3684 4691 3827 4746; x_wconf 75' lang='grc' dir='ltr'>Κύων·</span> 
     </span>
    </p>
   </div>
   <div class='ocr_carea' id='block_1_100' title="bbox 2310 4774 3825 4849">
    <p class='ocr_par' dir='ltr' id='par_1_100' title="bbox 2310 4774 3825 4849">
     <span class='ocr_line' id='line_1_100' title="bbox 2310 4774 3825 4849; baseline -0.005 -15"><span class='ocrx_word' id='word_1_640' title='bbox 2310 4782 2674 4849; x_wconf 69' lang='grc' dir='ltr'>ἐπιστρέψας</span> <span class='ocrx_word' id='word_1_641' title='bbox 2687 4782 2784 4834; x_wconf 79' lang='grc' dir='ltr'>ἐπί</span> <span class='ocrx_word' id='word_1_642' title='bbox 2810 4781 2917 4835; x_wconf 78' lang='grc' dir='ltr'><strong>τὸν</strong></span> <span class='ocrx_word' id='word_1_643' title='bbox 2941 4780 3095 4833; x_wconf 76' lang='grc' dir='ltr'>ῑδιον</span> <span class='ocrx_word' id='word_1_644' title='bbox 3105 4780 3335 4848; x_wconf 65' lang='grc' dir='ltr'>ἔμετον,</span> <span class='ocrx_word' id='word_1_645' title='bbox 3363 4779 3479 4834; x_wconf 77' lang='grc' dir='ltr'>καὶ,</span> <span class='ocrx_word' id='word_1_646' title='bbox 3496 4774 3611 4846; x_wconf 77' lang='grc' dir='ltr'>Ὗς</span> <span class='ocrx_word' id='word_1_647' title='bbox 3634 4783 3825 4841; x_wconf 66' lang='lat' dir='ltr'><strong>mc-</strong></span> 
     </span>
    </p>
   </div>
   <div class='ocr_carea' id='block_1_101' title="bbox 2305 4869 3744 4938">
    <p class='ocr_par' dir='ltr' id='par_1_101' title="bbox 2305 4869 3744 4938">
     <span class='ocr_line' id='line_1_101' title="bbox 2305 4869 3744 4938; baseline 0.001 -15"><span class='ocrx_word' id='word_1_648' title='bbox 2305 4870 2456 4937; x_wconf 67' lang='lat' dir='ltr'><strong>pérn</strong></span> <span class='ocrx_word' id='word_1_649' title='bbox 2479 4873 2561 4935; x_wconf 80' lang='grc' dir='ltr'>εις</span> <span class='ocrx_word' id='word_1_650' title='bbox 2589 4872 2851 4938; x_wconf 68' lang='grc' dir='ltr'>κύλισμα</span> <span class='ocrx_word' id='word_1_651' title='bbox 2871 4869 3186 4936; x_wconf 73' lang='grc' dir='ltr'>βορϐόρου.</span> <span class='ocrx_word' id='word_1_652' title='bbox 3738 4913 3744 4916; x_wconf 85' lang='grc'><strong>-</strong></span> 
     </span>
    </p>
   </div>
   <div class='ocr_carea' id='block_1_102' title="bbox 2376 4955 3822 5031">
    <p class='ocr_par' dir='ltr' id='par_1_102' title="bbox 2376 4955 3822 5031">
     <span class='ocr_line' id='line_1_102' title="bbox 2376 4955 3822 5031; baseline -0.003 -19"><span class='ocrx_word' id='word_1_653' title='bbox 2376 4961 2620 5027; x_wconf 80' lang='grc' dir='ltr'>Παροιμ.</span> <span class='ocrx_word' id='word_1_654' title='bbox 2654 4956 2741 5018; x_wconf 65' lang='grc' dir='ltr'>ιζ’.</span> <span class='ocrx_word' id='word_1_655' title='bbox 2771 4987 2840 4999; x_wconf 87' lang='lat'><strong>—-</strong></span> <span class='ocrx_word' id='word_1_656' title='bbox 2883 4960 3044 5029; x_wconf 77' lang='grc' dir='ltr'>’Δνὴρ</span> <span class='ocrx_word' id='word_1_657' title='bbox 3089 4958 3447 5030; x_wconf 78' lang='grc' dir='ltr'>εὐμετάϐολος</span> <span class='ocrx_word' id='word_1_658' title='bbox 3493 4957 3706 5031; x_wconf 71' lang='grc' dir='ltr'>γλώσσῃ</span> <span class='ocrx_word' id='word_1_659' title='bbox 3741 4955 3822 5008; x_wconf 75' lang='grc' dir='ltr'><strong>ικ-</strong></span> 
     </span>
    </p>
   </div>
   <div class='ocr_carea' id='block_1_103' title="bbox 2308 5050 2845 5113">
    <p class='ocr_par' dir='ltr' id='par_1_103' title="bbox 2308 5050 2845 5113">
     <span class='ocr_line' id='line_1_103' title="bbox 2308 5050 2845 5113; baseline 0.002 -11"><span class='ocrx_word' id='word_1_660' title='bbox 2308 5052 2553 5102; x_wconf 85' lang='grc' dir='ltr'>πεσεῖται</span> <span class='ocrx_word' id='word_1_661' title='bbox 2575 5052 2654 5113; x_wconf 82' lang='grc' dir='ltr'><strong>είς</strong></span> <span class='ocrx_word' id='word_1_662' title='bbox 2679 5050 2845 5103; x_wconf 79' lang='grc' dir='ltr'>κακά.</span> 
     </span>
    </p>
   </div>
   <div class='ocr_carea' id='block_1_104' title="bbox 2376 5130 3824 5213">
    <p class='ocr_par' dir='ltr' id='par_1_104' title="bbox 2376 5130 3824 5213">
     <span class='ocr_line' id='line_1_104' title="bbox 2376 5130 3824 5213; baseline -0.001 -20"><span class='ocrx_word' id='word_1_663' title='bbox 2376 5141 2621 5207; x_wconf 79' lang='grc' dir='ltr'>Παροιμ.</span> <span class='ocrx_word' id='word_1_664' title='bbox 2645 5146 2759 5204; x_wconf 82' lang='grc' dir='ltr'>κς’.</span> <span class='ocrx_word' id='word_1_665' title='bbox 2792 5168 2862 5178; x_wconf 88' lang='grc'><strong>--</strong></span> <span class='ocrx_word' id='word_1_666' title='bbox 2893 5139 3104 5213; x_wconf 83' lang='grc' dir='ltr'>Ὠσπερ</span> <span class='ocrx_word' id='word_1_667' title='bbox 3127 5130 3285 5195; x_wconf 72' lang='grc' dir='ltr'>κύων</span> <span class='ocrx_word' id='word_1_668' title='bbox 3323 5139 3457 5195; x_wconf 72' lang='grc' dir='ltr'>ὅταν</span> <span class='ocrx_word' id='word_1_669' title='bbox 3511 5138 3706 5210; x_wconf 62' lang='lat' dir='ltr'><strong>hama</strong></span> <span class='ocrx_word' id='word_1_670' title='bbox 3739 5132 3824 5185; x_wconf 66' lang='grc' dir='ltr'><strong>ἐπὶ</strong></span> 
     </span>
    </p>
   </div>
   <div class='ocr_carea' id='block_1_105' title="bbox 2307 5224 3822 5301">
    <p class='ocr_par' dir='ltr' id='par_1_105' title="bbox 2307 5224 3822 5301">
     <span class='ocr_line' id='line_1_105' title="bbox 2307 5224 3822 5301; baseline 0.007 -21"><span class='ocrx_word' id='word_1_671' title='bbox 2307 5229 2398 5282; x_wconf 85' lang='grc' dir='ltr'>τὸν</span> <span class='ocrx_word' id='word_1_672' title='bbox 2447 5229 2642 5284; x_wconf 76' lang='grc' dir='ltr'>ἑαυτοῦ</span> <span class='ocrx_word' id='word_1_673' title='bbox 2693 5229 2886 5299; x_wconf 74' lang='grc' dir='ltr'>ἔμετον</span> <span class='ocrx_word' id='word_1_674' title='bbox 2935 5231 3031 5285; x_wconf 83' lang='grc' dir='ltr'>καὶ</span> <span class='ocrx_word' id='word_1_675' title='bbox 3078 5229 3308 5301; x_wconf 66' lang='grc' dir='ltr'>μισητδς</span> <span class='ocrx_word' id='word_1_676' title='bbox 3365 5230 3628 5301; x_wconf 70' lang='grc' dir='ltr'>γένηται,</span> <span class='ocrx_word' id='word_1_677' title='bbox 3678 5224 3822 5278; x_wconf 68' lang='grc' dir='ltr'><strong>οὖτυί</strong></span> 
     </span>
    </p>
   </div>
   <div class='ocr_carea' id='block_1_106' title="bbox 2145 5474 2374 5531">
    <p class='ocr_par' dir='ltr' id='par_1_106' title="bbox 2145 5474 2374 5531">
     <span class='ocr_line' id='line_1_106' title="bbox 2145 5474 2374 5531; baseline 0.009 -3"><span class='ocrx_word' id='word_1_678' title='bbox 2145 5474 2374 5531; x_wconf 63' lang='lat' dir='ltr'><strong>NOTAE.</strong></span> 
     </span>
    </p>
   </div>
   <div class='ocr_carea' id='block_1_107' title="bbox 742 5575 1436 5652">
    <p class='ocr_par' dir='ltr' id='par_1_107' title="bbox 742 5575 1436 5652">
     <span class='ocr_line' id='line_1_107' title="bbox 742 5575 1436 5652; baseline 0.017 -25"><span class='ocrx_word' id='word_1_679' title='bbox 742 5575 814 5644; x_wconf 91' lang='lat'><strong>(0)</strong></span> <span class='ocrx_word' id='word_1_680' title='bbox 849 5575 967 5630; x_wconf 61' lang='grc' dir='ltr'>τῶν</span> <span class='ocrx_word' id='word_1_681' title='bbox 993 5584 1436 5652; x_wconf 55' lang='grc' dir='ltr'>προστεταγμένη</span> 
     </span>
    </p>
   </div>
   <div class='ocr_carea' id='block_1_108' title="bbox 1435 5589 3818 5666">
    <p class='ocr_par' dir='ltr' id='par_1_108' title="bbox 1435 5589 3818 5666">
     <span class='ocr_line' id='line_1_108' title="bbox 1435 5589 3818 5666; baseline 0.003 -26"><span class='ocrx_word' id='word_1_682' title='bbox 1588 5589 1790 5666; x_wconf 72' lang='lat' dir='ltr'><strong>Sanum</strong></span> <span class='ocrx_word' id='word_1_683' title='bbox 1844 5595 1988 5646; x_wconf 77' lang='lat' dir='ltr'><strong>tuine</strong></span> <span class='ocrx_word' id='word_1_684' title='bbox 2032 5594 2212 5666; x_wconf 69' lang='lat' dir='ltr'><strong>locum</strong></span> <span class='ocrx_word' id='word_1_685' title='bbox 2284 5597 2443 5658; x_wconf 84' lang='lat' dir='ltr'><strong>-lem,</strong></span> <span class='ocrx_word' id='word_1_686' title='bbox 2472 5605 2528 5650; x_wconf 86' lang='lat' dir='ltr'><strong>et</strong></span> <span class='ocrx_word' id='word_1_687' title='bbox 2559 5597 2610 5649; x_wconf 92' lang='lat' dir='ltr'><strong>in</strong></span> <span class='ocrx_word' id='word_1_688' title='bbox 2645 5613 2754 5666; x_wconf 84' lang='lat' dir='ltr'><strong>quo</strong></span> <span class='ocrx_word' id='word_1_689' title='bbox 2797 5600 3006 5652; x_wconf 89' lang='lat' dir='ltr'><strong>clarum</strong></span> <span class='ocrx_word' id='word_1_690' title='bbox 3061 5595 3340 5666; x_wconf 81' lang='lat' dir='ltr'><strong>Severiani</strong></span> <span class='ocrx_word' id='word_1_691' title='bbox 3379 5611 3623 5666; x_wconf 75' lang='lat' dir='ltr'><strong>acumen.</strong></span> <span class='ocrx_word' id='word_1_692' title='bbox 3675 5596 3818 5666; x_wconf 62' lang='grc' dir='ltr'>αιᾳξι</span> 
     </span>
    </p>
   </div>
   <div class='ocr_carea' id='block_1_109' title="bbox 679 5651 3819 5738">
    <p class='ocr_par' dir='ltr' id='par_1_109' title="bbox 679 5651 3819 5738">
     <span class='ocr_line' id='line_1_109' title="bbox 679 5651 3819 5738; baseline 0.005 -38"><span class='ocrx_word' id='word_1_693' title='bbox 679 5657 1115 5738; x_wconf 35' lang='grc' dir='ltr'><strong>ςὲῃτξξειλξοζρχ</strong></span> <span class='ocrx_word' id='word_1_694' title='bbox 1134 5651 1218 5738; x_wconf 45' lang='lat' dir='ltr'><strong>illi</strong></span> <span class='ocrx_word' id='word_1_695' title='bbox 1243 5651 1569 5738; x_wconf 9' lang='lat' dir='ltr'><strong>Y.V’Balle.sd.</strong></span> <span class='ocrx_word' id='word_1_696' title='bbox 1609 5659 1818 5737; x_wconf 80' lang='lat' dir='ltr'><strong>codice,</strong></span> <span class='ocrx_word' id='word_1_697' title='bbox 1864 5675 1987 5738; x_wconf 71' lang='lat' dir='ltr'><strong>cum</strong></span> <span class='ocrx_word' id='word_1_698' title='bbox 2036 5661 2212 5738; x_wconf 60' lang='lat' dir='ltr'><strong>tribus</strong></span> <span class='ocrx_word' id='word_1_699' title='bbox 2312 5651 2539 5738; x_wconf 75' lang='lat' dir='ltr'><strong>argutus</strong></span> <span class='ocrx_word' id='word_1_700' title='bbox 2582 5651 2791 5738; x_wconf 71' lang='lat' dir='ltr'><strong>auctor,</strong></span> <span class='ocrx_word' id='word_1_701' title='bbox 2824 5651 3261 5738; x_wconf 26' lang='lat' dir='ltr'><strong>quoque-in</strong></span> <span class='ocrx_word' id='word_1_702' title='bbox 3308 5665 3520 5720; x_wconf 87' lang='lat' dir='ltr'><strong>deliciis</strong></span> <span class='ocrx_word' id='word_1_703' title='bbox 3545 5651 3819 5738; x_wconf 60' lang='lat' dir='ltr'><strong>9.5mm-</strong></span> 
     </span>
    </p>
   </div>
   <div class='ocr_carea' id='block_1_110' title="bbox 677 5709 2211 5794">
    <p class='ocr_par' dir='ltr' id='par_1_110' title="bbox 677 5709 2211 5794">
     <span class='ocr_line' id='line_1_110' title="bbox 677 5709 2211 5794; baseline 0.012 -29"><span class='ocrx_word' id='word_1_704' title='bbox 677 5709 793 5765; x_wconf 68' lang='lat' dir='ltr'><strong>foi&#39;e</strong></span> <span class='ocrx_word' id='word_1_705' title='bbox 827 5711 883 5766; x_wconf 86' lang='lat' dir='ltr'><strong>in</strong></span> <span class='ocrx_word' id='word_1_706' title='bbox 928 5709 1088 5771; x_wconf 83' lang='lat' dir='ltr'><strong>Gesn.</strong></span> <span class='ocrx_word' id='word_1_707' title='bbox 1138 5719 1442 5790; x_wconf 87' lang='lat' dir='ltr'><strong>laboraret;</strong></span> <span class='ocrx_word' id='word_1_708' title='bbox 1475 5723 1648 5792; x_wconf 86' lang='lat' dir='ltr'><strong>ipsum</strong></span> <span class='ocrx_word' id='word_1_709' title='bbox 1680 5709 1818 5794; x_wconf 39' lang='lat' dir='ltr'><strong>iam,</strong></span> <span class='ocrx_word' id='word_1_710' title='bbox 1849 5709 1987 5782; x_wconf 75' lang='lat' dir='ltr'><strong>nihil</strong></span> <span class='ocrx_word' id='word_1_711' title='bbox 2023 5709 2211 5784; x_wconf 58' lang='lat' dir='ltr'><strong>didici:</strong></span> 
     </span>
    </p>
   </div>
   <div class='ocr_carea' id='block_1_111' title="bbox 2311 5734 3640 5807">
    <p class='ocr_par' dir='ltr' id='par_1_111' title="bbox 2311 5734 3640 5807">
     <span class='ocr_line' id='line_1_111' title="bbox 2311 5734 3640 5807; baseline -0.001 -20"><span class='ocrx_word' id='word_1_712' title='bbox 2311 5734 2492 5804; x_wconf 90' lang='lat' dir='ltr'><strong>nopoli</strong></span> <span class='ocrx_word' id='word_1_713' title='bbox 2525 5734 2763 5807; x_wconf 70' lang='lat' dir='ltr'><strong>habitus,</strong></span> <span class='ocrx_word' id='word_1_714' title='bbox 2789 5734 2882 5788; x_wconf 80' lang='grc' dir='ltr'><strong>τοῦ</strong></span> <span class='ocrx_word' id='word_1_715' title='bbox 2916 5734 3640 5806; x_wconf 40' lang='grc' dir='ltr'>,Χρυσορρήμωςλωυίύι</span> 
     </span>
    </p>
   </div>
  </div>
