3948 6338
131 410 226 472 865

1389 403 1554 464 Ι.Οεί
1592 404 2028 494 COMMUNES.

3223 421 3328 481 ltiti

129 520 302 587 ἀφρων
331 513 406 583 τῇ
441 509 637 566 ἑαυτοῦ
663 509 830 582 κακίᾳ
865 509 1206 580 ἀναστρέψας
1233 511 1326 564 ἐπὶ
1350 514 1450 585 τὴν
1478 513 1667 568 ἑαυτοῦ

1796 517 1932 570 tiens
1958 531 2056 570 sua
2083 517 2288 571 malitia
2347 527 2630 575 revertens
2693 522 2761 574 ad
2824 533 3105 591 peccatum
3149 541 3328 583 suurn.

131 606 502 763 ἁμὲἵέιὶἒνῖιὸ.
540 722 610 734 -—
628 690 942 762 Ἄνθρωπος
969 695 1240 762 νηστεύων
1260 697 1351 748 ἐπὶ
1369 693 1478 748 τῶν
1492 696 1672 764 ἁμαρ-

128 788 245 843 τιῶν
297 785 492 848 αὑτοῦ,
545 784 641 837 καὶ
682 783 845 836 πάλιν
889 786 1254 856 πορευόμενος
1297 786 1483 839 καὶτὰ
1536 787 1674 839 αὐτὰ

128 878 303 940 uicini,
354 876 455 945 τῆς
491 871 807 946 προσευχῆς
855 874 1019 926 αὐτοῦ
1051 876 1133 936 τίς
1164 876 1543 942 είσακοὺεται;
1578 877 1672 930 καὶ

127 969 175 1021 τί
198 966 477 1038 ὠφέλησεν
504 967 564 1018 ἐν
589 962 669 1033 τῷ
694 963 1092 1034 ταπεινωθῇναι
1115 966 1279 1018 αὐτόν
1307 983 1323 1031 ;

189 1060 400 1111 Bima.
453 1084 523 1097 —
561 1056 618 1108 ὀ
671 1056 731 1106 ἑν
782 1058 1031 1124 προκοπῇ
1080 1057 1367 1126 γενόμενος
1448 1056 1670 1125 ἀγαθῶν

127 1147 311 1218 ἔργων,
345 1141 467 1200 εῖτα
495 1141 932 1214 παλινδρομήσας
957 1147 1091 1215 πρὸς
1112 1149 1209 1217 τὴν
1271 1148 1505 1217 ἀρχαίαν
1545 1165 1671 1200 συν-

133 1237 329 1306 ήθειαν,
356 1237 418 1290 οὐ
456 1236 616 1306 μόνον
650 1235 741 1288 τὸν
763 1235 861 1288 ἐπὶ
900 1239 1013 1299 τοῖς
1057 1240 1447 1306 πεπονημένοις
1479 1240 1671 1308 μισθὸν

130 1325 426 1396 ἐζημιώθη,
456 1324 594 1379 ἀλλὰ
640 1327 736 1377 καὶ
767 1323 1070 1396 βαρυτέρας
1096 1325 1335 1390 ἀξιοῦται
1371 1327 1468 1394 τῆς
1501 1345 1668 1381 κατα-

130 1424 373 1494 κρίσεως.
1367 1413 1370 1417 ’

192 1510 280 1576 Ui;
325 1511 556 1574 εὔκολος
603 1511 740 1581 πρὸς
786 1509 1088 1578 μεταϐολὴν
1120 1511 1153 1578 ή
1187 1511 1415 1572 διάνοια,
1461 1510 1668 1572 τούτοις

128 1603 265 1656 οὐδὲν
295 1602 526 1663 ἀπεικὸς
551 1601 644 1652 καὶ
675 1600 764 1652 τὸν
797 1599 908 1667 βίον
934 1594 1072 1650 εἶναι
1107 1599 1181 1668 μὴ
1208 1601 1555 1667 τεταγμένον.

188 1694 386 1762 Μηδεὶς
427 1693 485 1743 ὲν
533 1691 698 1760 κακίᾳ
733 1690 953 1757 διάγων,
999 1689 1186 1740 ἑαυτὸν
1222 1690 1662 1754 ἁπογικωπκέτω,

129 1783 268 1846 εἰδὼς
297 1783 384 1835 ὅτι
422 1780 665 1850 γεωργία
707 1780 803 1848 μὲν
862 1778 968 1830 τῶν
1012 1778 1194 1846 φυτῶν
1240 1778 1336 1840 τὰς
1376 1778 1666 1845 ποιότητας

1846 689 2011 743 Eccli.
2044 705 2225 756 χχχιιι,
2257 690 2354 756 50;
2394 689 2544 762 Syri.
2575 692 2663 745 2|.
2693 723 2762 730 —
2792 693 2965 748 Homo
2999 696 3092 764 qui
3124 698 3334 768 jejunat

1776 792 1877 845 pro
1911 781 2149 846 peccatis
2183 781 2316 845 suis,
2341 781 2646 850 iterumque
2678 783 2828 837 vadit
2858 792 2913 837 et
2946 786 3136 840 eadem
3171 788 3330 854 facit;

1775 869 2078 922 orationem
2136 869 2282 924 illius
2333 871 2474 939 quis
2508 871 2794 927 exaudiet?
2846 873 3048 942 quidve
3098 878 3332 946 profecit

1777 959 2117 1016 humiliaudo
2147 963 2249 1016 se?

1843 1048 2053 1104 Basilii.
2079 1082 2148 1090 —
2177 1051 2280 1117 Qui
2319 1063 2614 1123 postquam»
2637 1055 2690 1108 in
2724 1054 2884 1110 bonis
2913 1054 3172 1126 operibus
3203 1075 3332 1128 pro-

1772 1139 1934 1202 fecit,
1978 1141 2177 1195 iterum
2225 1143 2292 1196 ad
2338 1143 2616 1212 antiquam
2663 1147 3115 1202 consuetudinem
3160 1149 3327 1215 redit,

1773 1244 1882 1282 non
1915 1231 2092 1284 solum
2127 1234 2473 1302 superiorum
2507 1234 2756 1288 laborum
2791 1237 3095 1290 mercedem
3131 1240 3328 1307 perdit,

1772 1335 1964 1374 verum
1998 1324 2164 1376 etiam
2195 1325 2387 1394 majori
2418 1340 2577 1394 pmna
2606 1325 2804 1395 dignus
2834 1325 3085 1382 edicitur.

1841 1509 2083 1575 Quorum
2114 1511 2268 1566 facile
2293 1512 2510 1567 mobilis
2536 1514 2768 1578 animus,
2793 1514 2939 1568 haud
2965 1517 3164 1570 mirum
3191 1519 3326 1572 nihil

1771 1600 1852 1652 eis
1880 1615 1944 1650 ex
1974 1600 2184 1654 honesti
2218 1597 2424 1655 ratione
2449 1603 2613 1654 vitam
2646 1606 3000 1671 compositam
3031 1621 3170 1659 esse.

1840 1690 2010 1741 Nemo
2036 1692 2128 1758 qni
2161 1692 2214 1742 in
2240 1691 2373 1744 vitio
2396 1692 2910 1760 versetur,seipsum
2938 1693 3210 1762 desperet,
3233 1697 3327 1764 qui

1770 1779 1907 1832 sciat
1929 1781 2259 1848 agricultura
2289 1779 2484 1834 mutari
2513 1782 2762 1849 stirpium
2792 1784 3107 1850 qualitates;
3139 1788 3326 1840 animi-

132 1874 471 1945 μεταϐάλλει·
496 1876 529 1941 ή
556 1872 613 1924 δὲ
645 1871 765 1924 κατ’
795 1870 993 1940 ἀρετὴν
1024 1871 1122 1938 τῆς
1167 1868 1348 1937 ψυχῆς
1378 1868 1667 1938 ἐπιμέλεια

1796 1883 1874 1936 [ne
1909 1870 2131 1922 colenda
2161 1870 2362 1924 virtute
2395 1871 2692 1939 diligentia,
2724 1874 2902 1926 omnis
2935 1873 3148 1944 generis
3181 1876 3328 1932 illius

128 1964 308 2034 δυνατή
346 1965 464 2016 ἐστι
505 1959 859 2014 παντοδαπῶν
883 1958 1332 2029 ἀρρωστημάτων
1372 1959 1670 2028 ὲπικρατῆ-

129 2072 227 2108 σαι.

191 2142 501 2213 Ἀνθρωποι
543 2141 660 2200 ταῖς
688 2137 939 2204 νεφέλαις
972 2136 1204 2199 ἐοίκασι,
1254 2137 1389 2207 πρὸς
1428 2136 1525 2199 τὰς
1564 2136 1669 2187 τῶν

127 2234 440 2301 πνευμάτων
471 2225 772 2299 μεταϐολὰς
829 2225 1016 2279 ἄλλοτε
1057 2227 1178 2278 κατ’
1224 2225 1351 2279 ἄλλο
1383 2225 1544 2295 μέρος
1574 2224 1668 2276 τοῦ

125 2325 274 2393 ἀέρος
299 2319 723 2393 ὲμφερομέναις.

189 2418 259 2471 Οὐ
304 2419 495 2488 χρόνου
541 2413 819 2482 ποσότητι,
859 2409 1098 2465 διαθέσει
1127 2409 1184 2463 δὲ
1229 2410 1404 2480 ψυχῆς
1419 2411 1468 2480 φή
1507 2409 1668 2479 μετά-

125 2525 228 2562 νοια
255 2509 519 2578 κρίνεται.

187 2600 499 2665 Θεολόγου.
550 2625 623 2635 --
673 2593 801 2645 Δέον
844 2591 1304 2660 εὐμετακινήτους
1366 2590 1466 2658 μὲν
1527 2584 1668 2642 εἶναι

124 2685 248 2754 πρὸς
299 2684 361 2735 τὸ
411 2684 658 2752 κρεῖττον
709 2678 819 2732 ἀπὸ
858 2678 955 2730 τοῦ
983 2677 1244 2746 χείρονος,
1273 2678 1569 2746 ἀκινήτους
1609 2679 1666 2730 δὲ

127 2775 246 2838 πρὸς
267 2773 328 2826 τὸ
352 2774 531 2842 χεῖρον
561 2769 668 2823 ἀπὸ
687 2767 779 2821 τοῦ
810 2767 1101 2836 βελτίονος.

184 2865 293 2934 οὐχ
321 2866 357 2934 ή
389 2860 677 2933 μετάθεσις
704 2859 797 2912 τοῦ
845 2857 1016 2912 κακοῦ
1044 2857 1105 2908 τὸ
1129 2855 1353 2927 αίσχρδν
1378 2855 1522 2926 ἔχει’
1548 2855 1664 2909 ἀλλ’

124 2958 154 3024 ἡ
184 2956 368 3010 τούτου
395 2957 628 3026 τήρησις
654 2953 754 3023 τὴν
790 2950 1092 3005 ἀπώλειαν.

125 3069 127 3071 ί
188 3049 257 3101 Τδ
304 3047 380 3117 μὴ
431 3044 770 3115 ἁμαρτάνειν
834 3042 1192 3110 ἀναισθήτως,
1244 3039 1357 3092 ἀλλ’
1409 3040 1664 3109 ὲπιγινὼ·

123 3155 262 3192 σκειν
287 3139 380 3191 καὶ
409 3136 639 3204 συνορᾷν
664 3133 722 3185 τὸ
751 3131 1160 3200 πλημμεληθὲν,
1184 3133 1283 3183 οὐκ
1303 3131 1420 3183 ἐστι
1447 3132 1659 3200 μικρόν·

123 3225 230 3281 ἀλλ’
252 3227 368 3289 ὁδός
393 3225 478 3287 τίς
499 3225 615 3275 ἐστι
649 3220 742 3273 καὶ
768 3219 910 3289 ἀρχὴ
957 3219 1090 3288 πρὸς
1123 3218 1406 3287 διόρθωσιν
1431 3217 1660 3284 ἄγουσα,

125 3317 208 3370 καὶ
235 3317 328 3369 ἐπὶ
356 3315 417 3368 τὸ
441 3314 687 3382 κρεῖττον
715 3307 1036 3378 μεταϐολήν.
1329 3338 1339 3347 -

185 3407 432 3476 Κούφους
471 3403 565 3468 κα).
608 3401 868 3470 ἀνοήτους
918 3398 1142 3458 τούτους
1191 3396 1662 3467 ὑπολαμϐάνομεν,

122 3500 234 3560 τοὺς
259 3496 456 3567 ῥᾳδίως
492 3493 578 3546 ἐπ’
619 3491 897 3560 ἀμφότερα
943 3486 1296 3556 φερομένους,
1333 3487 1428 3539 καὶ
1460 3488 1665 3557 μεταρ-

124 3587 349 3654 ρέοντας,
391 3584 642 3651 καθάπερ
695 3580 868 3651 αὔρας
931 3577 1453 3647 μεταπιπτούσας,ἦ
1493 3595 1659 3647 μετα-

124 3677 270 3737 ϐολὰς
300 3676 397 3727 καὶ
432 3670 752 3742 παλιρροίας
787 3668 1047 3739 Εὐρίπου,
1101 3668 1136 3735 ἢ
1159 3667 1428 3735 θαλάσσης
1459 3669 1666 3721 ἄστατα

124 3763 348 3835 κύματα.
606 3805 610 3809 .
1477 3787 1480 3790 ί

182 3858 478 3922 Χρυσοστ.
523 3883 593 3893 -
630 3853 691 3905 '0
720 3854 1058 3922 μετανοήσας
1085 3853 1169 3921 ἐφ’
1197 3849 1278 3917 οἷς
1307 3853 1509 3922 ἔπραξε
1553 3850 1664 3901 δει-

123 3946 240 4005 νοῖς,
263 3941 366 3995 κᾶν
399 3941 472 4010 μὴ
520 3940 630 3993 τῶν
673 3941 1088 4011 ἁμαρτημάτων
1120 3940 1278 4006 ἀξίαν
1318 3939 1665 4007 ἀποδείξηται

121 4035 210 4102 τὴν
245 4034 554 4103 μετάνοιαν,
591 4029 687 4085 καὶ
709 4032 878 4102 αὐτῆς
905 4032 1109 4101 ταύτης
1138 4034 1288 4103 ὅμως
1310 4031 1421 4097 ἔξει
1446 4033 1556 4100 τὴν,
1575 4032 1669 4083 ἀν-

120 4127 321 4180 τίδοσιν.

182 4215 496 4284 Εὑαγρίου.
516 4244 586 4254 -
603 4213 771 4266 Φυτδν
797 4211 1231 4284 μεταφερόμενον
1262 4209 1518 4280 συνεχῶς,
1538 4227 1670 4280 καρ-

123 4303 213 4354 πδν
239 4305 299 4357 οὐ
327 4306 494 4358 «mei.

174 4395 442 4460 ιΣωκρὰτ.
465 4421 534 4431 —
573 4393 820 4463 Ἀνδριὰς
851 4395 950 4464 μὲν
999 4394 1091 4447 ἐπὶ
1114 4391 1344 4463 βάσεως,
1387 4390 1670 4452 σπουδαῖος

1769 1960 2120 2028 mgritudiues
2147 1976 2306 2029 posse
2335 1963 2603 2031 superari.

1840 2128 2098 2184 llomines
2145 2133 2386 2187 nubibus
2431 2134 2636 2189 similes
2681 2145 2839 2200 sunt,
2871 2151 2991 2205 quae
3028 2152 3128 2206 pro
3173 2137 3327 2192 vario

1771 2228 2058 2273 ventorum
2083 2219 2213 2274 flatu
2242 2222 2349 2276 huc
2370 2224 2696 2293 quandoque
2722 2234 2882 2294 atque
2905 2225 3034 2278 illuc
3052 2219 3322 2280 feruntur.

1836 2407 1952 2460 Non
1986 2409 2247 2477 temporis
2274 2424 2445 2476 mora,
2469 2410 2563 2464 sed
2589 2410 2755 2463 animi
2783 2410 2980 2465 atl‘ectu
3005 2412 3320 2480 pmnitentia

1762 2497 2060 2566 ju'dicatur.

1840 2588 2101 2659 Theologi.
2126 2620 2196 2629 ——
2228 2590 2385 2644 Tales
2421 2605 2521 2644 nos
2555 2606 2674 2646 esse
2713 2592 2987 2656 convenit,
3028 2602 3088 2647 ut
3124 2608 3155 2647 a
3191 2595 3326 2648 vitio

1765 2678 1832 2732 ad
1859 2679 2116 2732 virtutem
2152 2681 2322 2734 facilis
2355 2682 2514 2734 nobis
2547 2683 2774 2735 mutatio
2807 2683 2897 2743 sit,
2929 2697 2959 2734 a
2990 2682 3192 2736 virtute
3226 2700 3324 2737 au—

1767 2776 1874 2820 tem
1909 2770 1976 2822 ad
2013 2770 2206 2822 vitium
2245 2771 2459 2824 animus
2493 2773 2564 2823 sit
2596 2786 2819 2839 prorsus
2856 2771 3166 2826 immobilis.

1832 2857 2052 2911 Nullum
2087 2858 2328 2913 dedecus
2355 2875 2384 2913 a
2415 2860 2548 2914 vitio
2581 2862 2782 2914 mutari
2817 2878 2832 2914 :
2868 2861 3001 2916 illud
3029 2876 3160 2917 vero
3193 2864 3324 2920 reti-

1763 2962 1928 3012 nere,
1955 2949 2126 3002 exitio
2155 2950 2388 3004 exsistit.

1831 3039 1951 3095 Non
1980 3042 2132 3095 nullo
2158 3057 2321 3096 sensu
2347 3055 2594 3112 peccare,
2620 3042 2714 3096 sed
2748 3042 3004 3097 delictum
3034 3059 3324 3113 agnoscere
3378 3103 3380 3105 _

1763 3130 1987 3198 ejusque
2027 3131 2304 3184 conscium
2346 3146 2494 3193 esse,
2528 3131 2672 3183 haud
2713 3147 2799 3185 res
2839 3131 3031 3200 exigua
3071 3140 3183 3196 est;
3226 3134 3320 3185 sccl

1760 3217 1848 3268 via
1882 3217 2126 3285 quaadam
2166 3227 2222 3271 et
2260 3219 2474 3271 initium
2517 3218 2582 3271 ad
2620 3217 3055 3272 emendationem
3093 3220 3318 3283 ducens,

1763 3321 1827 3360 ac
1854 3309 2211 3360 mutationem
2243 3308 2308 3360 ad
2339 3308 2545 3378 frugem
2574 3309 2872 3384 meliorem.

1834 3398 2008 3453 Leves
2035 3415 2099 3453 ac
2126 3399 2323 3452 stultos
2352 3400 2679 3468 judieamus,
2706 3400 2800 3469 qui
2833 3401 2992 3457 facile
3024 3403 3077 3456 in
3114 3411 3321 3457 utram-

1763 3507 1870 3561 que
1903 3500 2111 3560 partem
2147 3491 2416 3554 feruntur,
2447 3489 2729 3559 ﬂuuntque
2763 3506 2827 3545 ac
2861 3491 3098 3545 refluunt
3131 3502 3321 3554 vento-

1763 3598 1884 3636 rum
1927 3596 2100 3644 more,
2135 3581 2266 3633 alias
2308 3596 2377 3633 ex
2416 3581 2537 3632 aliis
2581 3596 2741 3633 auras
2777 3582 3124 3644 mutantium,
3159 3592 3318 3650 atque

1766 3672 1956 3740 Euripi
1985 3673 2289 3738 reciprocos
2313 3678 2495 3732 :estus,
2525 3685 2588 3722 ac
2616 3671 2781 3723 maris
2811 3671 3094 3724 instabiles
3123 3670 3315 3725 fluctus

1766 3759 2129 3814 inconstantia
2157 3758 2417 3812 referunt.

1835 3848 2098 3918 Chrysost.
2121 3878 2191 3886 —
2221 3849 2394 3913 Quem
2429 3848 2691 3916 paeniteat
2722 3850 3009 3913 malorum,
3036 3867 3156 3920 qua:
3187 3852 3321 3920 egit,

1766 3938 1868 3993 etsi
1900 3955 1998 4008 pro
2030 3939 2298 3993 scelerum
2333 3939 2592 4007 gravitate
2625 3940 2842 4010 dignam
2879 3942 3009 3995 satis
3043 3943 3318 4010 paeniten-

1768 4031 1896 4084 tiam
1931 4045 2042 4084 non
2074 4029 2265 4100 egerit,
2294 4030 2454 4098 hujus
2483 4030 2671 4099 ipsius,
2697 4031 2840 4099 quod
2875 4031 2953 4085 sic
2982 4047 3106 4085 eum
3143 4033 3315 4100 paeni-

1771 4121 1893 4183 tuit,
1924 4121 2228 4174 mercedem
2262 4121 2504 4174 habebit.

1840 4210 2079 4279 Evagrii.
2124 4239 2194 4248 —-
2241 4209 2370 4274 Quae
2417 4209 2618 4278 jugilcr
2665 4209 2838 4261 solum
2886 4218 3086 4274 mutet,
3124 4211 3317 4279 stirps,

1709 4344 1711 4347 .
1769 4302 1948 4355 omnis
1981 4316 2176 4369 expers
2211 4301 2417 4354 fructus
2448 4301 2571 4353 erit.

1837 4389 2002 4459 608
2036 4388 2239 4442 Socrat.
2263 4419 2330 4427 —
2356 4389 2426 4444 Ut
2457 4396 2631 4442 statua
2667 4390 2720 4442 in
2757 4389 2892 4451 basi,
2925 4390 3002 4442 sic
3031 4389 3116 4441 vir
3146 4389 3317 4441 bonus

124 4479 173 4533 ἃ
200 4482 336 4553 ἀνὴρ
373 4483 468 4535 ἰπὶ
489 4525 491 4527 .
516 4484 686 4553 καλῆς
719 4486 1085 4555 προαιρέσεως
1113 4484 1303 4548 ἑστὼς,
1330 4482 1666 4554 ἀμετακίνη-

1801 4497 1829 4535 c
1857 4480 2158 4544 studiosus,
2181 4481 2236 4533 in
2267 4479 2411 4533 bono
2437 4479 2715 4549 proposito
2747 4479 2934 4532 ﬁrmus
2965 4490 3108 4531 stare
3136 4478 3315 4532 debet.

124 4584 204 4633 τος
222 4569 425 4638 ὀφείλει
451 4563 608 4628 εἶναι.

669 4766 883 4820 ΛΟΓΟΣ
920 4767 1122 4834 nam.

318 4862 460 4932 Hirpi
493 4859 778 4931 ἁμαρτίας
811 4858 908 4912 καί
939 4858 1400 4928 ἐξαγορεύσεως.

194 4939 482 5017 vam-(nn
508 4979 576 4989 -
605 4949 718 5011 Πᾶς
742 4950 771 5002 ι
799 4947 968 5001 ποιῶν
1015 4948 1305 5019 ἁμαρτίαν,
1333 4946 1515 5009 δοῦλός
1552 4949 1666 4999 ἐστι

123 5038 208 5108 τῆς
230 5040 526 5110 ἁμαρτίας.

183 5129 378 5198 Σιρὰχ.
401 5129 685 5190 κα¹.-Ὠς
700 5127 807 5182 ἀπὸ
834 5125 1120 5198 προσώπου
1153 5125 1346 5192 ὖφεως,
1371 5127 1535 5194 φεῦγε
1559 5127 1666 5178 ἀπὸ

126 5214 386 5284 ἁμαρτίας
408 5231 424 5243 ³
458 5217 552 5270 ἐὰν
582 5217 692 5285 γὰρ
730 5215 1053 5286 προσέλθῃς,
1099 5214 1316 5284 δὴξεταί
1365 5232 1447 5268 σε.
1492 5216 1666 5268 ’(ιδόν-

125 5321 204 5367 τες
229 5305 440 5367 λέοντος
461 5308 509 5358 οἱ
537 5307 747 5370 ὀδόντες
772 5307 960 5377 αὐτῆς,
995 5308 1089 5359 καὶ
1116 5304 1462 5374 ἀναιροῦντες
1490 5306 1667 5375 ψυχὰς

126 5397 212 5450 ἀνθ
221 5395 436 5466 ρώπων.
567 5443 570 5446 .

186 5487 336 5553 Πρὸς
376 5485 541 5552 Ῥωμ.
577 5485 653 5550 ς’.
685 5515 753 5527 -
781 5490 871 5558 Μὴ
913 5490 1006 5542 οὖν
1044 5489 1370 5559 βασιλευέτω
1418 5491 1450 5556 ἠ
1489 5488 1665 5559 ἁμαρ-

130 5577 207 5630 τία
235 5579 290 5630 ὲν
311 5576 390 5645 τῷ
413 5573 591 5644 θνητῷ
609 5575 761 5644 ὑμῶν
789 5577 1021 5646 σώματι,
1049 5582 1125 5641 εἰς
1148 5579 1208 5631 τὸ
1231 5578 1520 5631 ὑπακούειν
1547 5580 1664 5638 ταῖς

190 5759 234 5793 ⁸¹
256 5760 314 5818 ln
341 5760 505 5818 Gesn.
538 5752 816 5819 Stob.297.

2315 4754 2542 4811 SERMO
2581 4756 2766 4809 XXVI.

2162 4846 2236 4902 De
2265 4855 2473 4917 peccato
2506 4855 2552 4898 et
2588 4847 2924 4913 confessione.

1831 4944 1987 4996 Joan.
2019 4957 2128 5000 vm,
2155 4939 2242 4992 54.
2273 4967 2339 4976 ——-
2369 4936 2556 4989 Omnis
2589 4935 2682 5002 qui
2712 4934 2839 4987 facit
2874 4941 3178 5002 peccatum,
3207 4951 3308 4989 ser-

1762 5051 1864 5088 vus
1896 5043 1978 5086 est
2013 5030 2240 5098 peccati.

1833 5127 1994 5181 Eccli.
2029 5142 2135 5187 xxi,
2159 5126 2212 5177 2.
2245 5154 2310 5162 -
2339 5122 2615 5189 Tanquam
2646 5136 2676 5172 a
2704 5120 2837 5172 facie
2871 5120 3099 5183 colubri,
3134 5120 3256 5190 fuge
3288 5138 3314 5173 a

1763 5225 2016 5288 peccato;
2063 5214 2108 5267 si
2157 5214 2301 5267 enim
2347 5211 2644 5266 accesseris
2689 5209 2956 5262 mordebit
3003 5217 3072 5262 te.
3119 5210 3315 5262 Dentes

1761 5304 1935 5360 leonis
1974 5303 2165 5355 dentes
2201 5302 2349 5370 ejus,
2375 5309 2428 5353 et
2467 5298 2559 5367 qui
2599 5295 2932 5350 interficiunt
2972 5297 3177 5348 animas
3215 5296 3314 5348 hoe

1763 5409 1989 5450 mmum.

1834 5487 1983 5540 Rem.
2008 5499 2080 5546 γι,
2107 5483 2192 5535 19..
2218 5513 2287 5520 —
2314 5482 2390 5535 Ne
2421 5497 2547 5550 ergo
2579 5489 2763 5550 regnet
2787 5485 3062 5546 peccatum
3091 5477 3142 5528 in
3174 5492 3311 5528 mor-

1769 5579 1857 5631 tali
1902 5584 2083 5630 vestro
2131 5589 2390 5640 corpore,
2438 5583 2499 5625 ut
2547 5571 2814 5625 obcdiatis
2863 5568 3312 5636 concupiscentiis
