3948 6338
602 375 706 440 867

1729 373 1787 430 S.
1826 366 2110 430 MAXIMI
2149 368 2656 428 CONFESSORIS

3705 367 3806 428 868

601 487 724 559 ejus
764 505 776 539 :
817 500 993 555 neque
1033 482 1334 538 exbibeatis
1369 481 1612 537 membra
1650 491 1831 537 vestra
1869 499 2018 536 arma
2055 483 2160 536 iui-

2266 480 2580 550 ἐπιθυμίαις
2607 476 2772 530 αὐτοῦ
2791 492 2802 504 ·
2836 476 2970 546 μήτε
3021 475 3380 544 παριστάνετε
3404 472 3475 526 τὰ
3506 473 3640 546 μέλη
3667 476 3803 544 ὑμῶν

601 574 828 643 quitalis
862 581 1102 642 peccato.

671 666 838 720 Eccli.
867 682 1034 729 xxvu,
1063 665 1148 718 tl.
1171 694 1242 704 -—
1273 664 1384 718 Leo
1414 663 1688 718 venationi
1725 663 2050 728 insidiatur;
2086 663 2164 718 sic

601 765 883 826 peccatum
917 753 1243 807 facientibus
1275 751 1480 819 iniqua.

670 846 833 900 Ercli.
868 844 1178 911 xxxix,.50.
1210 874 1282 883 —
1322 845 1469 898 Bona
1508 842 1673 897 bonis
1710 851 1894 897 creata
1933 850 2062 897 sunt
2097 841 2165 895 ab

599 939 788 1002 initio;
823 938 905 991 sic
931 946 988 992 et
1018 936 1394 1011 peccatoribus
1421 935 1579 988 mala.

668 1028 876 1082 Basilii.
905 1057 974 1065 —
999 1026 1464 1092 Oncmadmodum
1500 1033 1561 1078 ut
1591 1023 1879 1078 incidenda
1913 1025 1987 1079 sit
2012 1039 2162 1089 caro,

598 1119 684 1172 vel
713 1118 958 1172 cauterio
985 1104 1282 1180 exurenda,
1305 1131 1418 1174 non
1451 1115 1696 1169 medicus
1725 1123 1810 1168 est
1833 1123 2043 1180 auctor,
2069 1115 2165 1168 sed

598 1206 822 1259 morbus
848 1222 860 1257 :
897 1205 976 1258 sic
1008 1212 1060 1257 et
1091 1203 1372 1268 civitatum
1407 1203 1623 1256 excidia‘
1651 1211 2017 1272 extremaque
2050 1204 2164 1257 ela-

597 1294 714 1358 des,
732 1309 852 1362 quae
874 1309 938 1346 ex
963 1301 1306 1360 peccatorum
1327 1291 1683 1346 exuberantia
1707 1302 1884 1346 ortum
1907 1293 2163 1356 habeant,

597 1383 745 1438 omni
773 1381 1120 1435 accusatione
1147 1381 1318 1433 Deum
1348 1379 1604 1432 liberant.

668 1474 955 1526 Peccatum
1006 1469 1246 1543 quandiu
1297 1469 1516 1537 quidem
1573 1469 1908 1537 parturitur,
1955 1467 2165 1538 aliquid

597 1560 822 1631 pudoris
864 1558 1028 1612 habet
1070 1575 1081 1609 :
1132 1557 1222 1608 ubi
1267 1563 1448 1609 autem
1489 1556 1656 1610 fuerit
1693 1564 2162 1621 consummatum,

596 1650 691 1719 qui
746 1651 866 1718 ejus
921 1654 1174 1700 auctores
1229 1644 1678 1710 sint,-omnibus
1734 1645 2166 1718 impudentiores

599 1739 800 1793 reddit.

668 1829 737 1884 Ut
771 1829 953 1882 fumus
993 1842 1152 1895 apes,
1185 1835 1240 1880 et
1281 1825 1419 1880 fetor
1451 1826 1734 1880 columbas
1769 1826 1948 1897 fugat,
1982 1826 2064 1880 sic
2102 1833 2159 1880 et
2192 1812 2234 1868 Β

597 1918 722 1971 vitae
761 1925 960 1970 nostra:
999 1918 1281 1968 custodem
1323 1916 1571 1983 angelum
1606 1930 1694 1970 res
1721 1917 1882 1986 longe
1915 1917 2164 1972 luctuosa

595 2023 662 2063 ac
692 2007 870 2060 fetens
897 2015 1183 2075 peceatum
1212 2003 1405 2074 abigit.

671 2181 825 2236 Sicut
857 2181 1049 2234 umbra
1078 2179 1298 2249 corpori
1330 2192 1513 2233 comes
1543 2189 1646 2242 est,
1678 2179 1758 2233 sic
1797 2171 1996 2233 animis
2034 2193 2165 2248 pec-

595 2281 736 2338 cata,
769 2273 1023 2341 claraque
1055 2278 1273 2325 actuum
1311 2270 1601 2324 simulacra
1629 2270 1924 2324 exsistunt.

665 2444 873 2500 Natura
919 2458 1152 2514 pronum
1192 2442 1387 2498 vitium
1432 2450 1548 2507 est,
1588 2457 1938 2512 praecepsque
1978 2452 2064 2498 est
2111 2443 2166 2496 in

599 2531 843 2587 deterius
872 2546 1091 2584 cursus.

668 2621 778 2675 Res
806 2618 964 2672 facile
994 2618 1397 2673 aemulationem
1431 2617 1646 2673 habens
1671 2633 1845 2686 eaque
1881 2617 2162 2685 proclivis,

599 2712 921 2782 improbitas
964 2706 1076 2775 est;
1117 2725 1221 2763 nec
1254 2709 1555 2778 quidquam
1596 2709 1675 2764 sic
1717 2705 2066 2778 expeditum,
2103 2724 2167 2764 ac

597 2801 714 2856 fieri
748 2801 972 2861 malum.

667 2891 745 2944 Ne
774 2890 1020 2958 graveris
1043 2897 1326 2957 peccatum
1359 2896 1510 2942 tuum
1542 2888 1815 2952 confiteri,
1841 2897 1904 2943 ut
1929 2904 2170 2959 praesen-

597 2980 669 3032 tis
695 2977 794 3030 nevi
829 2975 1058 3044 pudore,
1093 2975 1264 3028 futuri
1298 2976 1540 3030 dedecus
1570 2978 1944 3046 probrumque
1975 2993 2167 3032 caveas

599 3067 746 3135 (nam
776 3073 832 3119 et
861 3065 977 3118 lucc
1010 3065 1156 3120 illius
1187 3081 1314 3134 pars
1346 3065 1600 3134 supplicii
1633 3066 1772 3137 est),
1801 3067 2166 3134 ostendasque

596 3155 777 3208 odisse
813 3162 863 3207 te
897 3168 1025 3206 vere
1057 3161 1338 3222 peceatum
1376 3171 1390 3206 ε
1427 3153 1572 3224 quod
1609 3155 1860 3208 traducas
1891 3169 1955 3208 ac
1987 3156 2163 3225 tripu-

595 3245 688 3298 dio
721 3251 961 3296 ostentes
995 3250 1158 3311 atque
1195 3245 1531 3313 triumphes,
1567 3245 1730 3316 609
1769 3255 1828 3298 ut
1858 3247 2006 3315 quod
2037 3261 2165 3301 vere

595 3334 821 3401 dignum
850 3335 1178 3386 contumelia
1205 3343 1308 3389 est.
1491 3393 1497 3404 ι
1715 3397 1722 3406 _

666 3423 959 3476 Cireuuida
1019 3432 1286 3484 stercora,
1344 3424 1637 3494 laerymas,
1682 3429 1940 3494 gemitus,
2000 3444 2163 3497 quam

597 3512 943 3567 confessione
973 3513 1378 3579 humilior-eque
1407 3528 1470 3566 ac
1501 3523 1686 3582 spreta
1711 3516 2000 3584 disciplina
2030 3534 2167 3585 pra:-

597 3612 710 3658 stes
743 3602 1026 3656 meliorem
1069 3601 1306 3670 frugem.

667 3693 826 3746 Nulla
864 3693 948 3746 his
976 3692 1070 3760 qui
1105 3701 1466 3745 excesserunt
1521 3691 1576 3743 in
1623 3691 1841 3746 inferno
1893 3692 2166 3746 confessio

595 3790 680 3837 est
724 3797 788 3834 ac
822 3782 1156 3836 emendatio.
1186 3780 1472 3834 Couclusit
1501 3781 1650 3834 enim
1697 3781 1862 3843 Deus,
1899 3782 2164 3849 praesenti

598 3872 822 3940 quidem
868 3887 1004 3934 aevo,
1052 3871 1222 3924 vitam
1267 3879 1324 3924 et
1375 3871 1681 3937 actionem;
1724 3872 1911 3926 futuro
1957 3883 2162 3937 autem,

597 3975 790 4015 eorum
825 3975 947 4027 quae
981 3969 1131 4026 gesta
1170 3959 1409 4020 fuerint,
1444 3961 1684 4014 rationes
1719 3971 1882 4028 atque
1915 3978 2161 4015 examen.

670 4051 875 4104 Vitium
917 4051 1140 4104 silentio
1172 4065 1422 4120 pressum
1454 4061 1618 4120 atque
1646 4051 1946 4114 occultum,
1991 4052 2167 4104 latens

598 4141 768 4196 animi
821 4140 1044 4194 morbus
1087 4141 1318 4194 exsistit.

671 4231 1275 4298 Thcologi.-—Facilius
1323 4234 1446 4302 quis
1491 4233 1674 4287 tenuis
1720 4232 1842 4286 vitii
1885 4232 2165 4301 copiosius

598 4323 723 4376 labe
773 4322 1071 4383 imbuatur,
1118 4338 1279 4389 quam
1323 4324 1447 4375 altre
1491 4322 1713 4375 virtutis
1747 4323 2010 4389 paulatim
2064 4325 2164 4375 bo-

2131 596 2176 618 .»
2263 569 2404 621 ὅπλα
2430 567 2641 626 ἀδικίας
2669 567 2736 634 τῇ
2761 563 3030 634 ἁμαρτίᾳ.

2331 657 2533 726 Σιρὰχ.
2567 653 2894 715 aea—va
2915 653 3056 724 θήρᾳ⁵
3078 653 3364 723 ἑνεδρεύει,
3387 652 3561 716 οὕτως
3585 655 3802 724 ἁμαρτία

2261 749 2388 810 τοὺς
2412 744 2811 817 ἐργαζομένους
2843 743 3026 795 ἁδικα.
3629 751 3632 754 ’

2335 837 2534 903 Σιρὰχ.
2570 837 2683 888 .10'.
2711 862 2784 873 —
2821 831 3029 900 Ἀγαθὰ
3059 833 3171 894 τοῖς
3213 831 3440 900 ἀγαθοῖς
3478 833 3696 903 ἐκτίσθη
3723 834 3801 885 ἀπ’

2262 926 2458 996 ἀρχῆς,
2491 925 2632 978 οὕτω
2659 924 2753 978 καὶ⁸
2782 925 2894 986 τοῖς
2927 922 3272 993 ἁμαρτωλοῖς
3299 913 3468 976 κακά.

2334 1019 2546 1069 Βασιλ.
2569 1045 2641 1055 —
2675 1015 2887 1084 Ὠσπερ
2916 1014 3014 1083 τῆς
3034 1012 3206 1083 τομῆς
3233 1014 3265 1082 ἢ
3289 1013 3384 1066 τοῦ
3418 1013 3702 1083 καυτῆρος,
3720 1013 3804 1083 οὐχ

2266 1108 2295 1158 ὁ
2327 1106 2510 1174 ἰατρὸς
2538 1105 2732 1167 αἴτιος,
2757 1103 2872 1156 ἀλλ’
2902 1105 2936 1171 ἠ
2966 1107 3115 1165 νόσος
3142 1121 3154 1133 ·
3188 1103 3332 1155 οὕτω
3376 1104 3472 1156 καὶ
3513 1104 3564 1155 οί
3589 1104 3691 1155 τῶν
3718 1104 3802 1155 πό-

2262 1195 2399 1246 λεων
2428 1193 2725 1262 ἀφανισμοὶ
2754 1193 2820 1244 ὲκ
2861 1192 2959 1262 τῆς
3000 1191 3268 1262 ἀμετρίας
3297 1192 3406 1244 τῶν
3439 1193 3804 1262 ἁμαρτανομέ-

2265 1300 2368 1337 νων
2405 1282 2502 1352 τὴν
2544 1283 2719 1353 ἀρχὴν
2751 1281 2984 1352 ἔχοντες,
3026 1281 3118 1333 τὸν
3143 1281 3277 1333 Θεὸν
3303 1283 3523 1352 ἁπάσης
3569 1283 3827 1351 μέμψεως,

2263 1371 2608 1426 ἀπολύουσιν.

2346 1462 2408 1514 Ἦ
2449 1461 2690 1532 ἁμαρτία
2737 1461 2814 1525 ὡς
2856 1461 2954 1532 μὲν
3002 1461 3268 1528 ὠδίνεται,
3335 1461 3453 1532 ἔχει
3484 1463 3603 1515 τινὰ
3633 1463 3806 1532 αίσχύ-

2263 1570 2390 1624 νηνσ
2446 1551 2672 1606 ἐπειδὰν
2727 1552 2784 1604 δὲ
2833 1550 3094 1625 τελεσθῇ,
3143 1551 3265 1605 τότε
3320 1553 3806 1621 ἁναισχυντοτέρους

2259 1637 2410 1696 ’ποιεῖ
2429 1643 2553 1704 τοὺς
2578 1641 2979 1712 ἐργαζομένους
3005 1641 3196 1710 αὑτήν.

2344 1813 2432 1876 Ὦς
2464 1813 2576 1883 γὰρ
2602 1811 2703 1874 τὰς
2747 1813 3004 1881 μελίσσας
3031 1812 3241 1872 καπνδς
3271 1814 3567 1880 φυγαδεύει
3607 1815 3695 1870 καὶ
3721 1813 3804 1874 τὰς

2266 1903 2600 1973 περιστερὰς
2632 1901 2865 1954 δυσωδία
2884 1915 2898 1930 ο
2931 1898 3075 1952 οὕτω
3105 1900 3305 1953 καὶτὸν
3333 1903 3552 1968 φύλακα
3569 1906 3660 1972 τῆς
3677 1903 3806 1969 ζωῆς

2263 1993 2422 2064 ἡμῶν
2447 1992 2726 2063 ἁγγελονὴ
2757 1990 3098 2060 πολύδακρυς
3142 1992 3236 2044 καί⁵
3263 1991 3506 2063 δυσώδης
3537 1993 3806 2060 ἀφίστησιν

2271 2083 2534 2154 ἁμαρτία.
2674 2154 2675 2157 η
3737 2106 3740 2108 ·

2341 2173 2550 2244 Ὥσπερ
2577 2174 2610 2242 ὴ
2659 2173 2787 2226 σκιὰ
2825 2175 2903 2245 τῷ
2953 2175 3187 2246 σώματι.
3224 2174 3366 2227 οὕτω
3396 2177 3516 2235 ταῖς
3545 2175 3730 2243 ψυχαῖς
3755 2173 3805 2224 αἱ

2274 2261 2544 2331 ἁμαρτίαι
2572 2261 2932 2332 παρέπονται,
2957 2264 3208 2334 ἐναργεῖς
3235 2262 3334 2325 τὰς
3372 2262 3601 2331 πράξεις
3629 2262 3806 2314 εἰκονί-

2267 2351 2459 2415 ζουσαι
2475 2393 2487 2404 .
3699 2381 3703 2385 -

2337 2438 2502 2490 Φύσει
2536 2437 2827 2508 πρόχειρον
2849 2440 2882 2506 ἡ
2917 2438 3103 2502 κακία,
3126 2437 3221 2489 καὶ
3247 2438 3417 2498 πολὺς
3440 2439 3533 2491 ἐπὶ
3560 2437 3618 2490 τὸ
3647 2439 3805 2507 χεῖρον

2270 2530 2299 2580 ὁ
2329 2527 2546 2597 δρόμος.

2341 2617 2663 2689 Εὐζήλωτον
2690 2618 2873 2695 μέντοι
2907 2619 3004 2673 καὶ
3035 2619 3325 2690 πρόχειρον
3365 2620 3596 2690 πρᾶγμα
3624 2621 3657 2690 ἡ
3719 2635 3802 2690 μο-

2267 2709 2466 2780 χθηρία
2481 2726 2495 2740 ο
2521 2710 2614 2763 καὶ
2635 2711 2784 2763 οὐδὲν
2804 2711 2945 2762 οὕτω
2971 2711 3150 2782 ῥᾴδιον
3172 2710 3248 2774 ὡς
3278 2711 3339 2764 τὸ
3367 2711 3617 2779 γενέσθαι
3640 2713 3802 2764 κακόν.

2336 2886 2429 2955 Μὴ
2481 2885 2800 2957 ἁπαξιὼσῃς
2850 2887 3208 2957 ὲξαγορεῦσαί
3262 2906 3358 2940 σου
3405 2889 3506 2958 τὴν
3534 2888 3804 2958 ἁμαρτίαν,

2270 2976 2356 3027 ἵνα
2382 2977 2448 3043 τῇ
2477 2975 2725 3026 ἐντεῦθεν
2774 2975 3006 3046 αίσχύνῃ
3052 2977 3150 3045 τὴν
3184 2977 3392 3029 ἐκεῖθεν
3418 2978 3594 3048 φύγῃς
3622 2977 3805 3043 (ἐπειδὴ

2275 3064 2438 3132 μέρος
2484 3065 2578 3116 καὶ
2621 3062 2781 3116 τοῦτο
2829 3063 2931 3132 τῆς
2981 3067 3162 3116 ἐκεῖσε
3210 3064 3509 3135 κολάσεως)
3533 3066 3625 3118 καὶ
3646 3063 3806 3135 δείξῃς

2268 3155 2350 3206 ὅτι
2407 3154 2510 3221 τὴν
2556 3153 2834 3223 ἁμαρτίαν
2887 3154 3056 3216 ὅντως
3087 3154 3419 3225 μεμίσηκας,
3462 3155 3806 3226 παραδειγμα-

2265 3243 2420 3307 τίσας
2458 3242 2626 3313 αὐτὴν
2655 3243 2750 3295 καὶ⁵
2776 3243 3172 3314 θριαμϐεύσας,
3202 3245 3276 3307 ὡς
3306 3245 3463 3308 ἁξίαν
3494 3245 3713 3316 ὓσρεως.

2338 3395 2637 3486 ίῖεριϐαλοῦ
2692 3416 2931 3486 κόπρια,
2993 3416 3237 3486 δάκρυα,
3294 3419 3668 3486 στεναγμοὺς,
3719 3416 3805 3483 τὴν

2264 3507 2330 3560 δι’
2391 3506 2804 3576 ὲξαγορε·’σεως
2861 3508 2954 3559 καὶ
2988 3506 3315 3576 ἀτιμοτέρας
3351 3507 3576 3576 ἀγωγῆς
3593 3506 3802 3576 ἐπανόρ-

2269 3597 2453 3648 θωσιν.
2507 3658 2514 3663 .

2341 3686 2455 3736 υύκ
2481 3683 2593 3736 ἔστι
2645 3687 2753 3746 τοῖς
2815 3684 3138 3737 ἀπελθοῦσιν
3193 3688 3252 3738 ὲν
3296 3687 3398 3756 ᾄδῃ
3447 3687 3804 3756 ἐξομολόγησις

2265 3773 2360 3827 καὶ
2407 3773 2708 3844 διόρθωσις.
2752 3772 3064 3824 Συνέκλεισε
3091 3774 3198 3844 γὰρ
3228 3776 3256 3826 ὁ
3283 3775 3436 3839 Θεὸς,
3468 3776 3685 3829 ἐνταῦθα
3720 3777 3804 3844 μὲν

2268 3868 2379 3936 βίον
2410 3868 2505 3919 καὶ
2560 3865 2754 3936 πρᾶξιν
2779 3881 2792 3893 ·
2839 3867 2956 3917 ἐκεῖ
3008 3866 3086 3929 δὲ,
3124 3867 3222 3935 τὴν
3255 3865 3365 3919 τῶν
3421 3869 3803 3938 πεπραγμένων

2266 3960 2534 4021 ἐξέτασιν.
3582 3956 3588 3960 ’

2334 4052 2513 4102 Κακία
2563 4051 2929 4120 σιωπηθεῖσα,
2988 4052 3141 4113 νόσος
3190 4051 3420 4116 ὓπουλός
3476 4055 3618 4105 ἐστιν
3664 4053 3717 4102 ἐν
3745 4051 3801 4117 τῇ

2263 4143 2431 4211 ψυχῇ·
3499 4212 3504 4217 .

2335 4233 2649 4298 Θεολόγου.
2683 4261 2751 4272 --
2777 4233 2982 4284 Θᾶττον
3013 4233 3118 4300 γὰρ
3160 4233 3222 4283 ἄν
3253 4250 3336 4294 τις
3384 4233 3578 4301 ὀλίγης
3624 4233 3800 4289 κακίας

2269 4319 2560 4389 μεταλάϐοι
2584 4320 2871 4384 πλουσίως,
2905 4321 3162 4390 ῆάρετῆς
3194 4321 3415 4388 βαθείας
3449 4321 3587 4374 κατὰ
3610 4321 3798 4391 μικρόν.

600 4423 865 4467 nestatem
921 4413 1174 4464 asciseat.
1221 4412 1354 4464 Nam
1399 4422 1456 4464 et
1509 4414 1616 4464 mel
1663 4414 1846 4480 exigui
1898 4413 2161 4465 absinthii

2279 4413 2428 4463 Ἐπεὶ
2465 4413 2560 4463 καὶ
2593 4410 2767 4478 μέλιτι
2801 4411 2898 4479 μὲν
2927 4413 3120 4480 μικρὸν
3161 4411 3406 4478 ἀψίνθιον
3460 4415 3681 4482 τάχιστα
3714 4428 3797 4480 με·

599 4505 685 4555 vis
719 4503 980 4554 citissime
1031 4501 1238 4562 inficit;
1290 4502 1467 4568 ipsum
1522 4517 1674 4563 vero,
1725 4516 1828 4553 nec
1858 4502 1902 4553 si
1937 4501 2164 4569 duplum

601 4592 822 4663 quidem
860 4592 1154 4656 exstiterit,
1207 4592 1484 4645 absinthio
1508 4590 1854 4643 dulcedinem
1905 4590 2163 4644 infundit.

669 4680 1137 4751 Clzysost.—Tale
1186 4681 1317 4750 quid
1368 4690 1650 4749 peccatum
1697 4690 1798 4734 est.
1862 4681 2166 4750 Antequam

602 4771 935 4845 perficiatur,
965 4788 1123 4832 eum,
1157 4771 1247 4839 qui
1286 4786 1342 4823 se
1378 4771 1451 4822 illi
1487 4786 1637 4822 reum
1680 4770 1981 4834 addixerit,
2015 4771 2170 4839 quasi

575 4861 966 4914 temulentum
1016 4859 1216 4911 reddit.
1254 4859 1354 4912 Ubi
1387 4866 1569 4910 autem
1611 4857 1966 4924 adimpletum
2004 4860 2168 4914 luerit

600 4956 656 5001 et
684 4949 793 5015 jam
834 4957 1140 5014 peractum,
1188 4962 1309 5013 qua:
1358 4946 1534 4998 fuerat
1571 4946 1844 5013 voluptas,
1901 4945 2016 4997 hsce
2046 4962 2164 4999 sese

603 5039 860 5091 subducit
912 5031 974 5090 εἷς
1023 5036 1419 5103 exstinguitur;
1465 5026 1643 5090 nudus
1691 5045 1874 5089 autem
1926 5046 2032 5089 stat
2076 5053 2164 5089 ac-

2264 4502 2510 4553 ταδίδωσι
2533 4501 2625 4552 τοῦ
2657 4500 2874 4568 πικροῦ,
2901 4500 3020 4567 μέλι
3048 4501 3105 4552 δὲ
3127 4501 3247 4554 οὐδὲ
3274 4503 3336 4554 τὸ
3363 4503 3634 4558 διπλάσιον
3663 4502 3799 4571 ἀψιν-

2268 4591 2367 4660 Οίῳ
2398 4591 2494 4659 τῆς
2533 4590 2727 4643 ἑαυτοῦ
2756 4592 3111 4659 γλυκύτητος.

2337 4684 2636 4748 Χρυσοστ.
2687 4713 2755 4723 —
2785 4682 3037 4735 Τοιοῦτον
3066 4685 3098 4750 ἡ
3128 4683 3368 4752 ἁμαρτία
3401 4699 3415 4713 ·
3457 4684 3586 4751 πρὶν
3637 4683 3668 4749 ἢ
3718 4681 3798 4749 μὲν

2272 4773 2695 4841 ἀπαρτισθῆναι,
2731 4773 2947 4840 μεθύειν
2974 4775 3120 4824 ποιεῖ
3149 4773 3239 4825 τὸν
3266 4774 3494 4824 ἁλόντα’
3527 4771 3730 4824 ἐπειδὰν
3755 4770 3799 4821 δὲ

2273 4863 2533 4931 πληρωθῇ
2582 4864 2676 4914 καὶ
2731 4863 3062 4930 ἀπαρτισθῇ,
3104 4864 3226 4914 τότε
3277 4862 3346 4913 τὰ
3380 4863 3482 4930 μὲν
3513 4863 3608 4930 τῆς
3635 4861 3796 4931 ἡδονῆς

2270 4952 2472 5017 ταύτης
2493 4951 2841 5013 ὑπεξίσταται
2870 4953 2963 5006 καὶ
2990 4949 3270 5002 σϐέννυται
3288 4967 3302 4978 °
3331 4952 3539 5018 γυμνὸς
3559 4953 3608 5004 δὲ
3628 4953 3797 5018 ἕστηκε

2270 5040 2453 5097 λοιπὸν
2482 5041 2508 5090 ὁ
2532 5041 2832 5107 κατήγορος
2854 5075 2868 5102 ,
2905 5040 2997 5091 τοῦ
3025 5040 3319 5101 συνειδότος
3356 5041 3432 5110 (ρ)
3457 5043 3646 5112 δημίου
3670 5042 3798 5105 τάξιν

2100 5151 2322 5206 NOTAE.

672 5219 745 5287 (p)
779 5217 886 5270 Τοῦ
921 5218 1288 5289 συνειδότος.
1332 5217 1494 5270 Gesn.
1532 5237 1653 5273 cum
1687 5236 1817 5273 voce
1861 5222 2161 5289 κατήγορος

598 5290 808 5357 jungit;
868 5289 1021 5355 quasi
1075 5288 1188 5354 ipsa
1246 5289 1581 5340 conscientia
1639 5305 1743 5340 non
1795 5298 2038 5351 accuset,
2068 5288 2160 5342 Sed

600 5367 906 5420 accusetur,
953 5372 1051 5409 nec
1097 5357 1212 5422 ejus
1259 5357 1410 5424 quasi
1444 5359 1618 5409 active
1654 5360 1885 5410 tribunal
1927 5359 2015 5418 sit,
2067 5359 2159 5410 sed

602 5428 846 5494 passive:
894 5427 1037 5492 quod
1094 5426 1236 5478 idem
1265 5443 1318 5476 ιι.
1349 5426 1435 5486 51),
1480 5425 1530 5476 in
1578 5441 1642 5477 co
1678 5428 2020 5492 reprehendi.
2051 5429 2161 5493 ligo

606 5495 786 5560 potius
816 5496 1114 5558 genitivum
1144 5495 1453 5546 absolutum
1488 5495 1719 5560 accipio.
1748 5506 1801 5545 et
1833 5512 1941 5563 quo
1992 5498 2162 5562 expli-

605 5571 762 5614 cetur
790 5565 901 5630 ipse
933 5574 1216 5616 accusator
1250 5573 1302 5616 et
1331 5573 1524 5621 tortor,
1555 5565 1665 5629 ipsa
1717 5565 1974 5616 nimirum
2035 5581 2161 5616 con-

609 5633 857 5695 scientia,
914 5648 1032 5700 quae
1095 5633 1288 5683 horum
1351 5633 1494 5683 vices
1553 5641 1723 5698 gerat,
1781 5635 1858 5685 sic
1919 5635 2157 5685 animum

610 5701 866 5754 ca-dcndo
908 5712 961 5754 ct
1010 5702 1333 5754 vellicando.
1363 5701 1538 5765 Quare
1604 5702 1920 5755 nominativi
1971 5703 2162 5754 illisu-

2277 5227 2413 5275 Ιωοο
2451 5220 2633 5288 positi,
2676 5231 2737 5273 ut
2760 5219 2936 5273 solent
2966 5221 3161 5288 passim
3189 5221 3358 5275 Graeci
3399 5220 3795 5277 moderui'usur-

2271 5307 2418 5358 pare,
2449 5287 2548 5361 pro
2583 5287 3058 5361 quibusgignciidi
3085 5306 3210 5361 casu
3243 5290 3659 5361 Chrysostmuus
3686 5287 3794 5361 scri-

2270 5361 2462 5427 pserit.
2496 5359 2653 5412 llibet
2677 5360 3052 5427 conjecturam
3088 5359 3298 5412 firmare
3347 5359 3411 5414 ex
3448 5378 3554 5414 uno
3576 5370 3626 5414 et
3651 5360 3796 5427 altero

2259 5424 2376 5495 ejus
2402 5429 2540 5486 loco.
2569 5424 2867 5481 concionel
2901 5437 2954 5480 et
2973 5429 3025 5490 4,
3053 5429 3346 5483 indivitem
3371 5440 3426 5482 et
3454 5431 3722 5482 Lazarum.
3745 5424 3797 5476 Et

2260 5497 2526 5568 .iquidcm
2549 5516 2559 5549 :
2595 5498 2954 5568 Δικαστήριον
2968 5502 3134 5568 χωρὶς
3157 5497 3416 5568 ἐλέγχων,
3444 5506 3534 5550 καὶ
3563 5495 3796 5568 ἀπολογία

2258 5567 2426 5634 χωρὶς
2461 5567 2819 5634 κατηγορίας,
2860 5565 3443 5630 καὶάἐτόδειξιςὰνξυ
3493 5565 3792 5635 μαρτύρων

2260 5633 2440 5705 αὐτῶν
2482 5633 2595 5686 τῶν
2628 5633 2687 5686 τδ
2716 5638 2944 5704 πρᾶγμα
3002 5639 3392 5705 ἐργασαμένων
3422 5633 3794 5705 ἑαυτοὺς-ἐλεγ-

2260 5704 2482 5771 χόντων,
2508 5705 2601 5756 καὶ
2635 5705 2694 5755 τὸ
2743 5701 2914 5774 λάθρα
2955 5701 3319 5776 γεγενημένον
3340 5701 3789 5771 ὲκπομπευόντων.
