3948 6338
148 439 250 501 873

1434 436 1597 494 LOCI
1639 434 2071 494 COMMUNES.

3267 436 3373 501 871

146 568 331 613 τατος,
395 552 622 619 ταμεῖον
668 549 974 619 ἀφύλακτον
995 554 1016 576 ‘
1065 547 1275 601 πολλῶν
1314 548 1702 609 ἀποτεθέντων,

1825 547 1989 610 :ium;
2022 560 2167 614 penu
2191 553 2274 598 est
2308 542 2725 619 incustoditum.
2761 541 2962 612 lnjecta
2996 541 3048 594 in
3073 555 3197 594 eum
3231 543 3381 595 cibo-

144 641 245 710 τὴν
280 641 382 710 μὲν
414 640 619 710 βλάϐην
649 640 1126 711 παρακατέχουσα,
1154 639 1224 694 τὰ
1250 640 1306 693 δὲ
1333 638 1705 710 παραδοθέντα

144 732 206 783 οὐ
241 731 570 800 κατέχουσα.
901 788 906 793 ,
1139 731 1142 733 ’

213 799 414 890 Λίχνήί
437 820 670 890 γαστὴρ,
701 822 735 891 ἠ
759 821 847 873 ἀεὶ
875 819 1181 873 ἀπαιτοῦσα
1206 799 1309 872 ⁶καὶ
1325 807 1590 888 μηδέποτε
1609 820 1707 890 λή-

144 896 341 978 γουσα.
384 911 450 964 Ἦ
490 911 840 981 λαμϐάνουσα
867 912 1128 981 σήμερον,
1170 909 1264 962 καὶ
1293 909 1480 979 αῦριον
1506 909 1719 962 λανθά--

142 1002 371 1070 νομένη.
402 1002 569 1054 Ὅταν
621 1001 954 1071 ἐμπλησθῇ,
1006 1001 1136 1069 περὶ
1184 999 1509 1070 ἐγκρατείας
1547 999 1700 1066 φιλο-

143 1092 304 1158 σοφεῑ
327 1104 340 1119 ·
400 1090 525 1144 ὅταν
577 1090 927 1160 διαπνευσθῇ,
988 1087 1401 1141 ἐπιλανθάνεται
1463 1085 1572 1140 τῶν
1615 1083 1706 1137 δο-

140 1181 397 1248 γμάτων.
518 1224 519 1227 η

205 1353 486 1423 Φοϐήθητι
521 1354 581 1406 τὸ
626 1353 931 1423 ὑπόδειγμα
975 1354 1068 1408 τοῦ
1120 1355 1396 1408 πλουσίου.
1468 1355 1708 1408 Ἐκεῖνον
1756 1381 1760 1384 ν

141 1443 430 1511 παρέδωκε
443 1443 528 1513 ’τῷ
550 1444 683 1513 πυρὶ
701 1446 734 1513 ἡ
762 1443 848 1496 διὰ
869 1444 985 1513 βίου
1008 1446 1209 1515 τρυφή.
1238 1447 1313 1498 Ού
1331 1445 1440 1514 γὰρ
1463 1445 1704 1510 ἀδικίαν,

1812 651 1933 688 rum
1967 636 2124 704 copia
2171 635 2350 688 labem
2391 633 2624 698 retinet;
2667 614 2797 701 qua:
2849 631 2926 686 illi
2970 633 3179 688 credita
3228 643 3376 695 sunt,

1809 742 1918 780 non
1949 733 2150 779 servat.

1878 805 2083 871 Venter
2109 814 2364 884 liguritor
2401 807 2505 876 est,
2537 812 2630 881 qui
2661 797 2881 880 semper
2905 814 3140 880 expetit,
3179 820 3236 868 et
3263 816 3392 868 nul-

1805 907 1920 960 lum
1961 921 2202 975 unquam
2235 905 2398 959 ﬁnem
2442 903 2588 957 facit.
2625 902 2730 967 Qui
2769 902 2936 956 sumit
2970 902 3154 966 hodie,
3200 919 3302 958 nec
3330 905 3382 958 in

1806 996 2105 1051 crastinum
2139 995 2407 1048 meminit.
2439 994 2576 1048 Cum
2608 993 2850 1062 repletus
2880 993 3045 1045 fuerit
3079 1006 3142 1045 ac
3173 988 3381 1047 disten-

1806 1094 1916 1149 tus,
1946 1085 2014 1139 de
2037 1084 2394 1152 temperantia
2420 1091 2475 1136 et
2513 1081 2692 1136 victus
2734 1081 2999 1150 parcitate
3028 1079 3384 1149 philosopha-

1805 1185 1926 1240 tur;
1964 1176 2056 1229 ubi
2087 1173 2689 1248 vaporesldiscusserit,
2722 1187 2914 1226 eorum
2956 1187 3076 1240 qua:
3115 1170 3401 1225 statuerat‘

1805 1265 2014 1318 oblivio
2043 1265 2210 1319 subit.

1877 1349 2244 1404 Formidabile
2267 1348 2465 1403 divitis
2522 1349 2830 1418 exemplum
2898 1349 3050 1418 (Luc.
3091 1348 3223 1418 xvi).
3266 1348 3384 1418 lgni

1803 1440 1896 1495 ille
1929 1441 2165 1496 traditus
2196 1451 2281 1496 est
2331 1442 2402 1496 ob
2441 1443 2566 1496 vita:
2611 1441 2855 1496 delicias.
2899 1442 3063 1496 Nullo
3093 1442 3243 1495 enim
3296 1443 3382 1496 in-

137 1531 280 1584 άλλὰ
311 1533 388 1584 τὸ·
412 1533 746 1602 ἁϐροδίαιτον
767 1533 1074 1603 ἐγκληθεὶς,
1097 1535 1524 1606 άπετηγανίζετο
1551 1536 1609 1588 ἐν
1638 1537 1702 1604 τῇ

1829 1536 2030 1589 "stitia:
2053 1544 2230 1599 reatu,
2269 1535 2361 1588 sed
2387 1536 2512 1589 vitae
2547 1535 2802 1588 lautioris
2832 1535 3236 1603 luxuriosaeque
3268 1536 3385 1603 pia-

139 1625 306 1692 φλογὶ
339 1627 438 1694 τῆς
466 1626 718 1695 καμίνου.

223 1717 326 1769 Ἐκ
353 1716 463 1784 γὰρ
508 1716 608 1785 τῆς
651 1715 888 1796 παχείας
919 1716 1122 1787 τροφῆς
1150 1715 1246 1769 καὶ
1278 1713 1444 1779 οἴνου,
1475 1709 1706 1766 αἰθαλώ-

1806 1626 1931 1679 culo
1965 1626 2020 1678 in
2048 1625 2248 1680 camini
2290 1625 2505 1679 ﬂamma
2536 1625 2908 1688 cruciabatur.

1875 1716 1954 1769 Ex
1983 1717 2253 1770 crassiore
2283 1716 2406 1770 cibo
2428 1716 2652 1784 vinique
2675 1723 2828 1784 potu,
2857 1713 3133 1784 fuliginosi
3162 1714 3381 1782 quidam

136 1809 250 1870 δεις
296 1810 442 1868 τινὲς
492 1807 884 1876 ἀναθυμιάσεις
930 1806 1408 1876 ἀναπεμπόμεναι,
1475 1802 1702 1872 νεφέλης

1825 1821 2042 1875 πονοι-εδ
2084 1807 2306 1870 sublati,
2349 1806 2522 1860 instar
2578 1806 2871 1860 condensae
2907 1805 3092 1868 nubis,
3143 1805 3384 1874 Spiritus

134 1898 296 1974 δίκην
324 1896 558 1965 πυκνῆς,
583 1895 682 1959 τὰς
708 1896 815 1949 ἀπὸ
842 1895 936 1948 τοῦ
958 1897 1114 1963 ἁγίου
1161 1895 1480 1965 Πνεύματος
1507 1893 1702 1962 ἐλλάμ-

1825 1898 1982 1958 iancti
2009 1897 2405 1952 illustrationes
2427 1898 2480 1950 in
2515 1896 2756 1950 animam
2781 1896 3142 1973 intercipiunt
3164 1912 3227 1949 ac
3249 1911 3384 1964 pm-

133 1988 260 2055 ψεις
289 1989 386 2054 ἐπὶ
412 1988 504 2040 τὸν
531 1987 655 2040 νοῦν
677 1989 1052 2040 διακόπτουσι.
1070 1987 1163 2040 Διδ
1188 1987 1284 2040 καὶ
1306 1985 1548 2054 Μωῦσῆς
1573 1983 1712 2055 πρὸς

137 2075 384 2146 θεωρίαν
431 2075 565 2128 Θεοῦ
623 2077 930 2131 ἀναϐαίνων
972 2078 1062 2132 διὰ
1101 2076 1196 2130 τοῦ
1226 2076 1341 2152 νοῦ,
1366 2078 1565 2140 ’ἄσιτος
1614 2077 1711 2128 καὶ

133 2168 340 2228 ἄποτος
397 2165 622 2236 ἡμερῶν
696 2168 1104 2236 τεσσαράκοντα
1171 2167 1504 2232 διετέλεσεν,
1579 2166 1710 2221 ἀθό-

109 2266 112 2267 '
133 2257 308 2310 λωτον
327 2255 600 2325 διαμένειν
614 2243 766 2326 αὐτῷ
789 2257 849 2319 τὸ
870 2255 1194 2327 ἡγεμονικὸν
1213 2256 1415 2346 διοιξιού
1423 2273 1604 2326 μενος.

210 2424 397 2491 Θεοα.
430 2467 501 2477 -
532 2409 770 2499 ’Δῦπνύς
799 2437 912 2488 ἐστι
950 2437 1046 2488 καὶ
1095 2435 1390 2504 ἀκοίμητος
1437 2435 1571 2503 πρὸς
1611 2434 1710 2503 τὴν
1768 2477 1774 2481 .

134 2528 233 2581 τοῦ
271 2527 522 2589 πλείονος
550 2526 847 2597 ἐπιθυμίαν
871 2529 904 2595 ἡ
937 2525 1251 2597 ἀνθρωπίνη
1280 2525 1459 2592 φύσις.

201 2748 322 2812 Δὸς
353 2743 486 2800 εἶπε
515 2746 764 2814 γαστήρ.
790 2744 1202 2814 Ἠνηῃόοῦσα
1229 2742 1580 2812 σωφρονεῖς,

201 2806 395 2871 Δώσω
407 2806 720 2884 apo-0qu
737 2832 764 2852 ’τ
785 2816 863 2882 ἣν
881 2806 1094 2880 δὲἷοῖς
1109 2814 1262 2867 κάτω
1282 2806 1458 2878 δίδως
1519 2846 1526 2849 π

203 2882 482 2952 Κόπρονξ·
513 2882 718 2951 λάϐοις
739 2886 874 2952 μὲν,
896 2884 1033 2936 ἀλλ’
1058 2885 1210 2952 ὅμως
1223 2884 1310 2951 μὴ
1332 2882 1657 2937 πλουσίαν.

201 2960 278 3011 Εἰ
313 2956 370 3008 δ’
398 2951 516 3010 οὖν
538 2951 882 3023 κατάσχοις,
911 2953 1194 3022 ὃὼσωμεν
1221 2954 1320 3007 καὶ
1350 2954 1676 3006 πλουσίαν.

215 3088 493 3160 ’Δκρασία
506 3056 613 3158 γάρ
642 3089 784 3158 ἐμοὶ,
811 3089 918 3142 πᾶν
945 3086 1006 3141 τὸ
1035 3087 1289 3157 περιττὸν
1319 3087 1415 3140 καὶ
1451 3087 1592 3156 ὑπὲρ
1612 3085 1709 3156 τὴν

1811 1987 2061 2056 pediunt.
2117 1987 2484 2054 Quamobrem
2526 1988 2693 2042 etiam
2732 1988 2962 2057 Moyses,
3014 2003 3139 2041 cum
3183 1987 3248 2040 ad
3288 1986 3385 2042 Dei

1811 2061 2330 2146 contemplationem
2380 2086 2565 2133 mente
2615 2077 2959 2142 ascenderet,
2996 2078 3115 2131 dies
3153 2078 3387 2146 quadra-

1810 2169 1959 2238 ginta
1989 2169 2196 2237 absque
2223 2167 2346 2222 cibo
2392 2177 2637 2237 potuque
2666 2167 2903 2237 jejunus
2941 2167 3072 2236 egit,
3121 2167 3226 2220 hoc
3259 2167 3385 2220 inde

1811 2269 2085 2328 satagens,
2118 2268 2180 2313 ut
2212 2259 2297 2313 vis
2319 2259 2488 2313 animi
2518 2267 2684 2328 atque
2713 2259 2860 2313 acies
2898 2259 3034 2312 nihil
3056 2260 3139 2312 illi
3170 2259 3384 2313 turbata

1811 2358 2106 2402 CODSlﬂI‘Cl.

1881 2438 2408 2508 Theologi.—Nullo
2456 2437 2715 2516 torpescit
2759 2453 2974 2500 somno,
3017 2454 3079 2491 ac
3118 2449 3384 2506 perpetuo

1810 2530 1938 2610 vigil
1974 2538 2060 2584 est
2090 2530 2328 2582 humana
2358 2537 2575 2593 natura,
2606 2530 2796 2583 insana
2820 2529 3044 2598 majoris
3073 2529 3382 2596 compendii

1809 2621 2042 2690 plusque
2083 2620 2324 2674 habendi
2356 2619 2520 2697 tamet

1810 2754 1915 2820 Da,
1934 2756 2106 2820 inquit
2126 2763 2332 2818 uenter.
2369 2753 2426 2809 Si
2459 2755 2872 2877 cunlgacceperis
2907 2755 3167 2808 modestus
3200 2755 3382 2823 fueris,

1810 2823 2058 2877 Promnte
2099 2825 2254 2876 dabo.
2287 2823 2380 2877 Sin
2414 2825 2568 2877 inferi
2607 2825 2746 2876 ribus
2790 2825 3106 2876 transmittis

1809 2823 2058 2893 Prompte
2099 2825 2254 2876 dabo.
2287 2823 2380 2877 Sin
2414 2823 2746 2892 inferibribus
2790 2825 3106 2876 transmittis

1809 2891 2054 2963 Stercus;
2088 2895 2310 2961 accipies
2349 2891 2579 2962 quidem,
2619 2894 2706 2947 sed
2755 2910 2857 2946 non
2890 2893 3164 2963 opulente.

1811 2961 1905 3016 Sin
1954 2963 2220 3028 retinebis,
2260 2961 2504 3032 opulente
2553 2964 2815 3016 dabimus.

1880 3095 1960 3150 Ad
1994 3111 2082 3151 me
2123 3096 2270 3174 quod
2305 3097 2520 3161 attinet,
2555 3097 2950 3157 incontinentis
2976 3107 3060 3152 est
3083 3112 3146 3151 ac
3170 3098 3385 3152 luxuria

128 3179 330 3248 χρείαν
380 3180 477 3230 καὶ
501 3177 722 3241 ταῦτα,
744 3178 1042 3240 πεινόντων
1070 3176 1247 3230 ἄλλων
1274 3176 1368 3228 καὶ
1414 3174 1702 3260 δεομένωνΞ

1825 3188 2078 3256 ιιιίἀῳιὶά
2124 3188 2463 3256 superﬂuum
2493 3203 2557 3241 ac
2599 3188 2739 3241 ultra
2769 3189 2970 3257 justam
3001 3189 3384 3242 necessitatem

127 3271 245 3322 τῶν
269 3271 341 3322 ἐκ
377 3267 476 3320 τοῦ
506 3267 674 3320 αὑτοῦ
709 3266 883 3333 πηλοῦ
910 3267 1004 3321 καὶ
1031 3267 1336 3337 κράματος.

201 3447 379 3500 Οὐδὲν
438 3446 583 3500 οῦτω
619 3445 890 3516 ἐπίμαχον
927 3462 987 3498 τε
1022 3445 1118 3499 καὶ
1169 3445 1494 3512 φιλόνεικον,
1546 3445 1622 3505 ὡς
1671 3446 1704 3512 ἡ

127 3541 312 3607 γαστή
323 3556 377 3607 e-
577 3540 584 3546 ’
1177 3596 1179 3598 .

197 3634 480 3697 Χρυσοσ.
533 3657 604 3668 -
643 3625 837 3694 Φαγὼν
866 3625 962 3678 καὶ
999 3625 1140 3677 πιὼν
1193 3624 1289 3677 καὶ
1347 3621 1705 3692 ἐμπλησθεὶς,

125 3721 380 3790 πρόσεχε
438 3717 674 3786 σεαυτῷ.
729 3717 1111 3786 ’Δπόκρημνος
1148 3715 1258 3784 γάρ
1300 3716 1449 3767 ἐστιν
1477 3716 1506 3767 ὁ
1542 3713 1708 3775 τόπος

125 3826 230 3877 της
269 3823 519 3886 τρυφης.
1244 3875 1251 3880 ν

213 3898 335 3951 Ἰω,
356 3896 534 3962 κλίμ.
557 3922 631 3934 -
657 3892 990 3960 Θλιϐομένης
1022 3892 1227 3954 κοιλίας
1263 3893 1333 3963 (r)
1354 3894 1708 3948 ταπεινοῦται

127 3988 337 4056 καρδία
367 4003 382 4018 ·
415 3983 860 4061 θεραπευομένης
885 3982 964 4056 δὲ,
1013 3984 1218 4051 γαυριᾷ
1253 3982 1530 4051 λογισμός.
1690 3994 1694 4000 ·

199 4161 414 4213 Νυσσ.
450 4185 521 4195 —
553 4153 723 4223 Ὀψον
776 4141 1133 4220 σοι’γενέσθω
1160 4151 1335 4205 ἔνδεια
1359 4168 1373 4181 ·
1409 4151 1507 4203 καὶ
1541 4151 1601 4203 τὸ
1633 4151 1710 4222 μὴ

125 4249 459 4302 ἐπιϐάλλειν
517 4244 679 4316 κόρον
731 4243 810 4314 τῷ
841 4245 1012 4315 κόρῳ,
1075 4243 1210 4314 μηδέ
1272 4241 1570 4312 ἀμϐλύνειν
1638 4245 1707 4312 τῇ

123 4339 428 4410 κραιπάλῃ
464 4339 558 4407 τὴν
585 4337 785 4408 ὄρεξιν.
1653 4335 1656 4339 ’

212 4430 380 4493 Ῥίζα
414 4428 525 4480 τῶν
568 4429 697 4497 περὶ
734 4427 825 4480 τὸν
853 4426 968 4495 βίον
1014 4425 1507 4495 πλημμελημάτων
1537 4424 1705 4489 ἐστὶν,

120 4523 157 4591 ἡ
187 4519 334 4587 περὶ
369 4518 462 4570 τὸν
491 4516 690 4585 λαιμὸν
721 4517 965 4586 ἀσχολία.

195 4611 390 4678 Μέχρι
422 4607 521 4676 τῆς
559 4606 816 4675 ύπερὼας
843 4609 878 4677 ἡ
914 4605 1022 4660 τῶν
1075 4605 1407 4676 ἡδυσμάτων
1452 4610 1707 4680 αἴσθησις

118 4701 220 4752 τὸν
251 4688 388 4768 ὅρον
413 4696 560 4765 ἔχει·
612 4695 720 4747 ἀπὸ
766 4695 824 4748 δὲ
877 4695 1157 4764 ύπερὼας,
1193 4695 1508 4766 ἀδιάκριτος
1540 4702 1572 4769 ἡ
1601 4701 1709 4752 τῶν

120 4785 569 4858 ἐμϐαλλομένων
591 4785 845 4854 διαφορὰ,
872 4785 1152 4853 ὁμοτίμοις
1177 4785 1244 4837 τὰ
1271 4787 1450 4840 πάντα
1475 4789 1577 4857 τῆς
1606 4789 1706 4866 φύ-

122 4899 287 4941 σεωςκ
307 4880 448 4946 πρὸς
472 4877 736 4930 δυσωδίαν
763 4874 1104 4944 ἀλλοιούσης.

194 4960 503 5032 Φίλωνος.
534 4996 606 5020 -.-—
651 4967 1007 5038 Ἐγκρατείας
1041 4967 1142 5037 μὲν
1183 4967 1334 5030 ίδιον,
1385 4970 1568 5037 ὑγίεια
1614 4973 1706 5025 καὶ

191 5203 280 5273 (r)
320 5196 972 5273 Θλιόοιιένηεῃοιλίας.’
995 5199 1277 5273 Sententia
1314 5200 1543 5273 Climaci
1579 5203 1695 5271 ipsa

116 5266 589 5343 .péru,_ventri_s
620 5266 984 5343 aﬂ'lictatione_
1026 5270 1277 5343 maloque
1318 5266 1695 5343 indigna—Ani-

117 5335 284 5397 ninm
305 5337 378 5390 ad
397 5337 762 5391 humilitatem
779 5337 922 5403 cogi,
936 5335 1162 5403 ejusque
1179 5335 1692 5403 l’uxuriaetdeliciis,

116 5411 188 5465 ad
241 5405 786 5477 superbiamderigi‘;
817 5403 980 5477 idque
1017 5403 1316 5477 Scriptura;
1348 5409 1554 5474 ph_rasi,
1589 5426 1694 5477 qua

116 5473 400 5551 iubemur
422 5474 722 5551 humiliare
745 5473 955 5551 animas
978 5481 1196 5551 nostras
1220 5475 1276 5526 in
1302 5473 1532 5551 jejunio,
1559 5473 1693 5551 etc.

114 5541 346 5602 'absone
386 5543 543 5609 plane
566 5543 732 5597 Gesn.
755 5543 868 5597 sive
893 5541 1071 5609 (cujus
1099 5541 1190 5594 ille
1221 5541 1528 5600 versionem
1557 5547 1696 5599 ima-

113 5625 272 5670 cum
308 5611 508 5677 voluit)
532 5611 830 5676 Ribbitius,
865 5611 1096 5682 Onerato
1155 5620 1345 5682 ventre
1382 5615 1697 5682 deprimitur

109 5701 213 5739 eor
230 5699 251 5735 :
281 5682 338 5734 εἰ
359 5693 537 5752 πειτα
559 5682 696 5752 ratio
717 5682 830 5752 ejus
875 5681 1150 5752 habeatur,
1198 5681 1429 5734 exsultat
1451 5681 1516 5735 ’ac
1541 5687 1695 5752 gestit

74 5794 82 5800 .
109 5755 366 5811 me.
397 5749 540 5818 Ergo
579 5749 854 5804 θλίϐεσθαι
880 5760 938 5805 et
960 5749 1157 5818 θλίψις,
1198 5759 1501 5813 οηενατε,ει
1526 5749 1698 5807 ὀπιιεῖ

293 5828 571 5906 Phaon.
601 5839 718 5901 Gn.
749 5841 919 5904 XCI".

1809 3285 1893 3330 est
1923 3296 1935 3330 :
1961 3278 2124 3348 idque
2148 3294 2273 3332 cum
2300 3278 2390 3331 alii
2421 3268 2668 3332 esuriant
2690 3295 2753 3333 ac
2775 3285 3018 3348 egestate
3048 3289 3385 3348 premantur,

1790 3369 1972 3440 612
2005 3371 2097 3439 qui
2124 3385 2189 3425 ex
2218 3370 2411 3424 eodem
2444 3371 2563 3424 luto
2587 3386 2873 3440 massaque
2926 3371 3172 3426 concreti
3200 3382 3346 3428 sunt.

1832 3459 1836 3464 “
1879 3459 2025 3512 Nihil
2069 3468 2178 3512 tam
2213 3460 2620 3514 contentiosum
2650 3469 2706 3515 et
2745 3477 2979 3530 pronum
3021 3464 3086 3526 ad
3137 3464 3283 3530 lites,
3325 3481 3388 3520 ac

1809 3557 2024 3601 venter.

1830 3703 1832 3706 ι
1881 3635 2300 3705 Chrys.-—-Cum
2330 3637 2636 3690 comederis
2674 3647 2839 3706 atque
2868 3639 3078 3693 biberis
3105 3641 3384 3710 fuerisque

1810 3735 2108 3793 saturatus,
2139 3727 2361 3781 attende
2392 3727 2569 3782 tibiet
2600 3736 2940 3783 cautuscsto
2967 3748 2979 3782 :
3014 3735 3217 3785 etenim
3248 3750 3384 3802 pra:-

1809 3831 1939 3884 ceps
1969 3805 2291 3871 deliciarum
2322 3817 2499 3892 locus.

1880 3905 2120 3959 Climaci.
2144 3907 2380 3961 —lnter
2404 3908 2616 3962 ventris
2654 3910 2934 3979 angustias
2966 3912 3194 3982 ejusque
3227 3930 3382 3982 pres-

1810 4008 1960 4057 sura,
1991 4010 2087 4048 cor
2108 3997 2465 4062 humiliatur;
2497 3999 2646 4053 illius
2668 4015 2798 4054 vero
2824 4003 3108 4058 curatione
3136 4009 3386 4074 superbit

1810 4096 2043 4136 ammus.

1879 4171 2427 4239 Nyssen.--Obsonii
2462 4175 2584 4230 loco
2617 4177 2717 4231 tibi
2748 4178 2818 4232 sit
2865 4180 3088 4247 in0pia;
3139 4191 3195 4234 et
3236 4186 3380 4252 quod

1811 4259 2115 4312 satietatem
2145 4261 2395 4315 satietate
2419 4277 2528 4317 non
2557 4264 2822 4328 cumules,
2851 4280 2954 4319 nec
2977 4269 3252 4335 appetitus
3281 4272 3380 4324 he-

1812 4347 2036 4424 betetur
2073 4366 2174 4418 per
2213 4353 2515 4420 crapulam.

1881 4439 2056 4492 Radix
2093 4453 2366 4506 errorum,
2406 4445 2499 4512 qui
2531 4444 2587 4497 in
2616 4445 2724 4499 vita
2764 4439 3075 4515 versantur,
3119 4458 3205 4504 est
3244 4453 3382 4521 gulze

1737 4517 1782 4570 Ῑ)
1811 4528 2073 4582 studium.

1875 4617 2371 4686 Condimentorum
2411 4635 2605 4677 sensus
2626 4625 2691 4678 ad
2725 4628 2972 4693 palatum
3001 4645 3173 4698 usque
3199 4636 3382 4689 termi-

1806 4714 1972 4760 natur
2005 4725 2017 4760 :
2051 4709 2310 4778 deinceps
2331 4726 2461 4763 vero
2485 4723 2677 4765 eorum
2703 4731 2825 4782 quae
2857 4716 3196 4786 injiciuntur,
3229 4726 3375 4778 nulla

1806 4797 2090 4862 discretio,
2131 4811 2326 4854 cuncta
2371 4817 2434 4854 ex
2465 4817 2621 4870 aequo
2663 4804 2715 4855 in
2752 4801 2940 4873 putres
2986 4807 3145 4863 faces
3176 4811 3374 4866 immu-

1801 4893 1953 4939 tante
1987 4897 2205 4942 natura.

1875 4976 2132 5032 Philonis.
2150 5011 2221 5023 μ
2245 4981 2587 5048 Temperatae
2619 4984 2799 5039 victus
2824 4988 3039 5051 rationi,
3063 5005 3248 5044 comes
3283 5007 3372 5046 sa-

1801 5206 1993 5280 Quale,
2059 5210 2228 5280 rogo?
2266 5211 2629 5264 escarumne?
2654 5209 2802 5264 Istud
2845 5227 3018 5280 quam
3077 5216 3281 5269 morale
3310 5227 3367 5271 et

1803 5276 2028 5344 dignum
2078 5276 2343 5350 Climaco,
2399 5280 2759 5333 severissimae
2785 5276 3090 5350 disciplinae
3120 5284 3360 5346 hOmine.

1801 5361 1930 5398 cura
1952 5349 2172 5423 ventris
2200 5350 2476 5423 exsultare
2518 5357 2574 5402 et
2627 5349 2823 5423 gestire
2875 5349 3152 5423 animum;
3209 5357 3363 5423 quasi

1797 5429 1916 5491 eam
1949 5416 2042 5491 ille
2070 5431 2254 5470 curam
2281 5419 2526 5482 suadeat,
2554 5434 2616 5472 ac
2635 5416 2822 5491 silere
2843 5421 3085 5491 medicus
3114 5416 3367 5491 praescri-

1798 5484 1900 5557 bat
1923 5485 2169 5557 cceliaco,
2196 5503 2303 5540 non
2336 5503 2440 5555 qua
2470 5504 2669 5557 corpus
2699 5489 2859 5552 levet,
2884 5490 2976 5543 sed
2990 5506 3094 5557 qua
3114 5484 3360 5546 animum

1798 5554 2100 5634 diffundat}
2125 5571 2233 5634 non
2274 5554 2445 5628 magis
2476 5554 2672 5634 fab—ea
2705 5566 2943 5634 revocet,
2989 5554 3150 5634 quasi
3181 5561 3360 5615 ~Pauli

1797 5624 2001 5747 gemis;i
2047 5622 2236 5747 Carnis
2262 5622 2444 5684 curam
2473 5633 2536 5680 ite
2581 5628 2823 5694 feceritis,
2865 5636 2923 5680 ut
2961 5622 3140 5680 animo
3170 5643 3352 5700 super

1838 5708 1942 5746 iam
2008 5702 2123 5746 etra
2147 5703 2240 5747 lat.

1838 5708 1942 5746 tam
1970 5702 2240 5747 detrahat.

2891 5847 2969 5911 28
