3948 6338
125 581 232 648 877

1426 575 1593 635 LOCI
1630 574 2062 634 COMMUNES.

3248 583 3355 647 878

194 654 711 757 Σολομ-Ὃσπερ
738 687 1063 759 σὴς-ίματίῳ
1079 687 1148 755 (ε)
1175 684 1270 738 καὶ
1294 683 1507 754 σκώληξ
1531 682 1694 753 ξύλῳ,

1866 682 2025 736 Prov.
2062 697 2187 746 xxv,
2249 678 2339 734 20.
2394 710 2465 719 —
2508 679 2663 734 Sicut
2704 668 2871 736 tinea
2925 681 3265 757 vestimento,
3300 694 3358 741 et
3414 698 3421 706 '

124 779 273 833 οὕτω
303 780 453 848 λύπη
486 779 679 850 ἀνδρὸς
708 778 937 847 βλάπτει
961 778 1209 848 καρδίαν.

194 871 388 939 Σιρὰχ
406 868 743 937 λη’ρ-Ἄτοδ
765 869 940 940 λύπης
963 868 1205 922 ἐκϐαίνει
1227 867 1473 929 θάνατος·
1499 863 1593 918 καὶ
1613 864 1705 917 λύο

122 978 199 1031 πη
230 960 466 1031 καρδίας
497 960 703 1030 κάμψει
731 961 902 1031 ἰσχύν.
1128 998 1131 1001 -

191 1050 547 1105 Βασίλειον.
570 1082 639 1092 --
661 1036 874 1121 Ὥσπερ
904 1050 956 1103 0i.
984 1048 1263 1119 σκώληκες
1287 1049 1399 1112 τοῖς
1421 1046 1705 1102 ἁπαλωτέ-

128 1158 243 1209 ροις
274 1143 390 1194 τῶν
423 1142 594 1205 ξύλων
619 1142 953 1194 ἐντίκτονται
981 1140 1237 1207 μάλιστα,
1266 1138 1437 1201 οὕτως
1463 1139 1517 1190 ai
1539 1136 1705 1189 λύπαι

123 1234 239 1294 τοῖς
273 1231 690 1301 μαλακωτέροις
722 1231 877 1300 ἢθεσι
909 1231 1018 1282 τῶν
1048 1229 1352 1298 ἀνθρώπων
1380 1227 1700 1297 ἐμφύονται.

208 1323 272 1375 Ὀ
301 1322 481 1389 λέγων
512 1322 586 1391 μὴ
615 1321 847 1389 πρέπειν
875 1317 952 1388 τῷ
978 1318 1172 1387 δικαίῳ
1198 1319 1299 1388 τὴν
1327 1318 1527 1386 θλίψιν,
1554 1317 1705 1369 οὐδὲν

126 1412 321 1481 ἕτερον
352 1411 521 1478 λέγει,
551 1410 585 1480 ἢ
622 1410 697 1480 μὴ
720 1408 982 1478 ἁρμόζειν
1011 1408 1087 1478 τῷ
1109 1407 1315 1478 ἀθλητῇ
1342 1408 1433 1461 τὸν
1458 1408 1705 1474 ἀνταγω-

125 1500 345 1565 νιστήν.

195 1586 525 1654 Θεολότου.
571 1614 635 1627 --—
670 1586 831 1657 Φέρει
862 1582 1219 1655 παραμυθίαν
1254 1583 1561 1655 ὀδυνομένῳ
1587 1600 1705 1637 κοι-
1744 1607 1757 1622 ι

123 1692 231 1729 νων
239 1676 298 1728 ία
332 1674 443 1727 τῶν
475 1673 815 1744 στεναγμῶν.
1312 1706 1315 1707 ν

198 1766 369 1819 Ἔστι
398 1765 531 1818 ποτὲ
560 1765 758 1836 ἡδονῆς
786 1764 930 1835 λύπη
962 1766 1289 1849 τιμιωτέρα,
1317 1766 1412 1819 καὶ
1436 1766 1707 1835 κατήφεια

126 1851 527 1922 πανηγύρεως·
578 1853 676 1905 καὶ
709 1853 942 1920 γέλωτος
976 1855 1036 1907 ού
1065 1854 1252 1920 καλοῦ,
1282 1854 1515 1924 δάκρυον
1544 1856 1704 1907 ἐπαι-

125 1942 299 1997 νετὸν.

1802 772 2192 842 vermisligno,
2222 772 2301 825 sic
2328 771 2549 825 tristitia
2584 770 2685 824 viri
2712 776 2873 825 nocet
2904 771 3055 826 cordi

1873 863 2034 918 Eccli.
2066 878 2280 927 xxxviii,
2313 861 2399 915 i9.
2433 891 2501 899 —
2531 860 2610 914 Ex
2641 860 2861 916 tristitia
2896 862 3149 932 provenit
3174 878 3358 933 mors;

1801 964 1859 1011 et
1889 955 2109 1009 tristitia
2128 954 2311 1008 cordis
2342 954 2449 1007 vim
2480 952 2681 1007 ﬂectet.

1871 1044 2078 1100 Basilii.
2108 1073 2176 1083 —
2216 1042 2683 1109 Quemadmodum
2727 1042 3004 1100 teredines
3068 1046 3362 1115 teneriori-

1801 1133 1908 1190 bus
1962 1134 2124 1202 lignis
2181 1134 2414 1186 maxime
2469 1132 2863 1198 innascuntur;
2923 1134 3001 1188 sic
3026 1134 3249 1193 tristitia
3294 1151 3361 1193 ac

1802 1221 1957 1275 dolor
1990 1221 2333 1275 mollioribus
2364 1220 2647 1273 hominum
2680 1221 2880 1275 animis
2904 1236 2967 1276 ac
3000 1222 3252 1292 ingeniis.

1870 1310 1974 1376 Qui
2002 1319 2164 1380 negat
2192 1310 2389 1365 decere
2408 1311 2641 1380 justum,
2659 1310 2806 1380 quod
2841 1311 3027 1382 atlligit
3047 1328 3109 1367 ac
3129 1314 3359 1379 cruciat,

1802 1401 1939 1455 nihil
1994 1401 2143 1455 aliud
2207 1401 2363 1467 dicit,
2415 1416 2579 1470 quam
2629 1402 2674 1455 si
2733 1398 2950 1457 athleta:
2986 1403 3359 1457 adversarium

1802 1492 1994 1547 deesse
2028 1491 2366 1546 conveniens
2407 1500 2632 1547 statuat.

1874 1582 2133 1652 Tlieolagi.
2161 1612 2228 1624 -—
2257 1581 2584 1661 Communio
2601 1590 2658 1637 et
2693 1583 2931 1639 societas
2959 1583 3164 1647 luctus,
3186 1582 3239 1638 ei
3268 1598 3362 1641 so-

1802 1673 1935 1728 latio
1963 1682 2070 1736 est,
2101 1673 2197 1742 qui
2234 1674 2289 1727 in
2314 1673 2506 1727 dolore
2531 1673 2663 1743 agit.
2970 1726 2973 1729 .
3316 1728 3321 1733 ,

1874 1764 2119 1819 Tristitia
2139 1764 2466 1832 quandoque
2513 1764 2789 1832 voluptate
2838 1763 3201 1833 prrestabilior
3254 1774 3359 1829 est,

1802 1852 2106 1922 festivaque
2134 1853 2479 1923 jucunditate
2512 1854 2773 1908 maestitia
2809 1871 2821 1907 :
2852 1853 3145 1908 inhonesto
3202 1854 3363 1909 deni-

1803 1956 1911 2011 que
1943 1941 2054 1995 risu
2081 1942 2342 1995 meliores
2372 1940 2673 1995 laudabiles
2701 1942 2973 2011 lacrymae.

194 2033 363 2100 Μέγα
378 2030 490 2101 γὰρ
509 2031 571 2092 τὸ
590 2031 737 2103 παρὰ
761 2032 1163 2101 συναλγούντων
1185 2036 1493 2105 φάρμακον.
1517 2036 1579 2087 Οἱ
1596 2034 1694 2105 γὰρ

1873 2031 2123 2101 Magnum
2146 2032 2354 2086 scilicet
2385 2031 2453 2085 ab
2470 2032 2551 2085 eis
2585 2031 2909 2096 remedium,
2933 2029 3027 2100 qui
3058 2030 3175 2100 pari
3213 2038 3362 2085 sorte

124 2121 187 2174 τὸ
218 2116 343 2176 ἴσον
384 2121 483 2175 τοῦ
518 2123 717 2186 πάθους
746 2122 959 2192 ἔχοντες
978 2162 995 2187 ,
1043 2123 1203 2178 πλέον
1232 2128 1370 2181 εἰσὶν
1412 2129 1495 2189 εἰς
1524 2143 1703 2195 παρα-

130 2214 233 2282 μυθ
244 2215 332 2267 ίαν
364 2215 479 2277 τοῖς
504 2213 825 2283 πάσχουσιν.
1246 2196 1260 2205 ’

196 2306 808 2376 Χρυσόστ.-Καιρδς
835 2306 1089 2377 ἀθυμίας,
1123 2307 1222 2377 οὐχ
1247 2307 1375 2363 ὅταν
1404 2308 1703 2377 πάσχωμεν

129 2395 343 2458 κακῶς,
375 2395 491 2448 ἀλλ’
507 2397 635 2450 ὅταν
658 2396 872 2467 δρῶμεν
901 2396 1107 2479 κακῷς.
1577 2408 1581 2419 ’

1803 2122 2010 2178 dolent.
2041 2121 2145 2188 Qui
2169 2122 2316 2176 enim
2341 2123 2624 2191 aequaliter
2670 2122 2940 2187 laborant,
2976 2122 3099 2192 plus
3150 2120 3360 2191 aliquid

1802 2211 2182 2265 laborantibus
2200 2210 2379 2265 solatii
2408 2210 2605 2265 atl'erre
2626 2219 2873 2280 possunt.

1874 2300 2060 2372 Chrys.
2111 2332 2180 2341 —
2210 2300 2366 2357 Tunc
2412 2301 2671 2356 nimirum
2724 2301 3042 2371 indulgendi
3090 2302 3361 2357 maestitia:

1804 2398 2135 2458 tempusest,
2164 2406 2274 2445 non
2307 2374 2434 2446 cum
2453 2392 2606 2447 malis
2628 2391 2917 2458 aﬂicimur,
2945 2392 3039 2446 sed
3064 2407 3189 2447 cum
3221 2393 3362 2449 mala

1688 2478 1696 2491 '
1803 2493 2103 2548 patramus.

194 2556 562 2638 Πλουτοίρχ.⁹
598 2599 668 2611 -
715 2571 866 2626 Ὀὃδν
917 2573 1016 2643 μὲν
1077 2575 1177 2645 τὴν
1221 2573 1505 2643 λειοτάτην
1548 2573 1704 2626 ἐκλέ-

129 2659 348 2725 γεσθαι·
390 2658 504 2727 βίον
531 2658 609 2722 δὲ,
640 2659 732 2728 τὸν
761 2664 1116 2719 ἀλυπότατον.

204 2835 597 2891 Ἐπενδύεσθαι
622 2836 731 2903 δεῖ,
778 2836 855 2907 τῷ
883 2838 983 2907 μὲν
1011 2837 1238 2908 θώρακι,
1267 2838 1493 2908 χιτῶνα·
1549 2841 1614 2910 τῇ
1649 2838 1706 2891 δὲ

130 2926 302 2998 λύπῃ,
338 2926 486 2981 νοῦν.

196 3018 542 3085 Σωκράτης.
566 3018 997 3089 -⁹Ερωτηθεὶς,
1027 3020 1092 3072 Τί
1115 3018 1274 3072 λύπει
1296 3021 1422 3084 τοὺς
1441 3018 1702 3087 ἀγαθοὺς,

126 3103 299 3173 εἶπεν,
342 3109 575 3178 Εὐτυχία
605 3108 874 3180 πονηρῶν.

207 3199 267 3251 '0
298 3199 467 3259 αὐτὸς
506 3199 803 3270 ἐρωτηθεὶς
822 3240 837 3264 ,
888 3200 1013 3264 Πῶς
1042 3202 1106 3255 ἄν
1143 3218 1226 3263 τις
1251 3200 1473 3262 ἀλύπως
1503 3201 1701 3267 διάγει,

128 3286 300 3340 Τοῦτο
330 3288 613 3353 ἀδύνατον,
646 3286 798 3341 εἶπεν
823 3306 839 3321 ·
895 3291 954 3341 οὐ
990 3290 1100 3359 γάρ
1132 3291 1249 3342 ἐστι
1283 3290 1435 3342 πόλιν
1462 3290 1495 3358 ἢ
1525 3291 1704 3342 οἰκίαν

125 3375 381 3428 οἰκοῦντα
413 3377 511 3429 καὶ
541 3377 861 3446 ἀνθρώπους
888 3377 1178 3448 ὁμιλοῦντα
1214 3379 1289 3450 μὴ
1317 3378 1619 3433 λυπεῖσθαι.

190 3638 448 3693 Λευκίπ.
471 3666 543 3679 --
567 3637 735 3692 Τοῦτο
758 3638 866 3710 γὰρ
890 3638 1021 3693 ἴδιον
1046 3640 1155 3693 τῶν
1177 3642 1491 3712 ὀφθαλμῶν,
1516 3644 1573 3695 ἐν
1588 3646 1703 3707 τοῖς

131 3730 389 3799 μεγάλοις
442 3732 631 3792 κακοῖς
684 3729 759 3800 μὴ
806 3731 1019 3799 ἐκχέειν
1065 3730 1329 3799 δάκρυον·
1383 3734 1442 3785 έν
1480 3732 1539 3785 δὲ
1578 3735 1696 3797 ταῖς

132 3822 385 3902 μετρίαις
414 3823 751 3894 συμφοραῖς,
806 3822 1054 3890 ἀφθόνως
1080 3823 1147 3876 τὰ
1174 3823 1387 3895 δάκρυα
1412 3826 1694 3896 καταρρεῖ.

190 3999 459 4063 Χαρακλ.
497 4025 566 4036 —-
601 3996 871 4060 Πολλάκις
899 3996 1010 4067 γὰρ
1038 3998 1099 4051 τὸ
1126 4000 1301 4069 χαράς
1332 4000 1694 4071 ὑπερϐάλλον,

124 4088 199 4149 είς
222 4085 477 4153 ἀλγεινὸν
506 4086 837 4154 πιεριίστησι⁸
874 4087 968 4139 καὶ
996 4088 1097 4157 τῆς
1121 4088 1313 4173 ἡδονῆς
1344 4089 1406 4141 τὸ
1431 4089 1693 4162 ἄμετρον,

124 4175 462 4228 ὶπίσπαστον
492 4173 670 4242 λύπην
698 4175 974 4241 ἐγέννησε.

184 4360 499 4429 Μοσχίων.
528 4388 599 4401 -—
635 4357 903 4410 Ἐπεσθαι
954 4358 1067 4420 τοῖς
1109 4361 1361 4427 τερπνοῖς
1397 4358 1558 4412 εἴωθε
1596 4360 1690 4412 καὶ

122 4448 187 4502 τά
213 4448 467 4533 λυπηρέ

183 4537 533 4605 Δημώνακτ.
582 4568 653 4580 —
712 4539 804 4591 Δεῖ
853 4536 1042 4607 ὥσπερ
1092 4538 1310 4607 φορτίον
1364 4537 1462 4609 τὴν
1511 4538 1687 4610 λύπην

120 4626 475 4697 ἀναθέμενον,
510 4627 591 4696 μὴ
612 4628 836 4682 στέοντα
863 4627 1164 4701 [στένοντα]
1195 4629 1402 4699 φέρειν.
1438 4667 1452 4677 ς

182 4718 436 4783 Χαρικλ.
468 4746 539 4757 -
582 4716 648 4773 Ol
673 4716 947 4786 ἄνθρωποι
976 4719 1179 4786 τάφους
1206 4720 1305 4787 μὲν
1341 4714 1681 4774 κατασκευάο

121 4806 266 4868 ζουσι
300 4807 399 4859 καὶ
430 4806 658 4873 ὲντάφια
692 4805 881 4874 ὥσπερ
911 4808 1195 4877 μέλλοντες
1220 4810 1403 4872 αὐτοῖς
1427 4811 1682 4880 χρῆσθαιο

122 4896 351 4963 ἀφοϐίαν
377 4896 436 4948 δὲ
467 4896 561 4948 καὶ
587 4896 820 4949 ἀλυπίαν
846 4897 945 4967 τὴν
974 4900 1101 4971 περὶ
1122 4900 1215 4954 τοῦ
1239 4900 1467 4957 θανάτου
1496 4898 1529 4975 ᾖ
1549 4905 1685 4975 χρή-

125 5000 326 5052 σονται,
358 4986 425 5039 οὐ
455 4985 985 5056 παρασκευάζονται.
1006 5056 1007 5059 η

187 5168 493 5235 Θεοπόμπ.
544 5196 613 5209 -
664 5168 731 5220 Et
773 5182 857 5229 τις
906 5166 1133 5221 πλεῖστα
1182 5168 1287 5221 τῶν
1331 5168 1549 5237 ἀγαθῶν
1592 5188 1683 5223 κε-

1871 2570 2166 2624 Plutarclii.
2192 2599 2261 2609 --
2301 2570 2400 2623 Via
2437 2570 2660 2639 quidem
2700 2571 2949 2639 eligenda
3008 2570 3360 2639 planissima;

1803 2659 1913 2715 vita
1940 2658 2103 2730 614
2122 2675 2273 2724 vero,
2301 2675 2331 2713 a
2355 2660 2545 2714 dolore
2568 2674 2631 2713 ac
2661 2658 2933 2712 maestitia:
2990 2675 3154 2713 sensu
3186 2676 3362 2714 remo-

1807 2749 2034 2803 tissima.
2338 2798 2346 2849 ι

1876 2836 2110 2893 Thoraci
2151 2836 2408 2901 tunica'm,
2448 2839 2615 2893 menti
2662 2838 2943 2893 tristitiam
2997 2838 3364 2909 superindua-

1806 2943 1928 2981 mus
1958 2945 2140 2998 opera:
2168 2931 2410 2999 pretium
2447 2940 2550 2985 est.
3314 2998 3315 3001 η

1876 3018 2081 3073 Socrat.
2113 3050 2183 3060 —
2205 3022 2444 3090 Rogatus
2476 3020 2730 3075 Socrates
2756 3039 2769 3074 :
2802 3017 2941 3086 Quid
2994 3019 3155 3075 bonis
3191 3020 3363 3074 mole-

1806 3117 1951 3162 stum
1987 3109 2093 3164 sit:
2124 3110 2410 3174 Malorum,
2443 3111 2643 3180 inquit,
2675 3110 3031 3180 prosperitas.

1873 3199 2020 3254 ldem
2050 3209 2290 3270 rogatus,
2323 3217 2431 3270 qua
2453 3201 2578 3270 quis
2598 3202 2809 3255 ratione
2834 3216 2863 3254 a
2894 3200 3112 3254 tristitia
3159 3200 3360 3253 immu-

1806 3289 1893 3344 nis
1920 3300 2069 3360 agat:
2099 3292 2224 3355 Res,
2256 3292 2455 3359 inquit,
2478 3302 2563 3345 est
2592 3291 2970 3360 impossibilis.
3001 3290 3187 3359 Neque
3212 3290 3361 3343 enim

1718 3363 1758 3419 C
1793 3378 1911 3433 ﬁeri
1959 3388 2140 3446 potest
2174 3388 2234 3433 ut
2281 3379 2406 3447 quis
2449 3380 2504 3432 in
2556 3380 2713 3443 urbe,
2767 3384 2864 3435 aut
2894 3381 3043 3433 domi
3073 3389 3350 3444 versetur,

1796 3466 2192 3537 hominumque
2224 3468 2625 3523 consuetudine
2684 3478 2893 3536 utatur,
2952 3479 3008 3524 et
3057 3487 3088 3525 a
3135 3472 3359 3526 tristitia

1799 3557 2061 3614 immunis
2086 3561 2317 3614 exsistat
2339 3576 2515 3629 neque
2546 3560 2750 3616 doleat.

1870 3645 2163 3715 Leucippw.
2194 3647 2311 3702 lloc
2339 3648 2489 3701 enim
2519 3648 2805 3704 oculorum
2851 3650 3159 3720 proprium,
3190 3662 3250 3706 ut
3302 3653 3357 3708 in

1802 3736 2011 3805 magnis
2044 3737 2201 3792 malis
2230 3739 2500 3809 lacrymas
2528 3755 2640 3793 non
2672 3740 2985 3806 effundant;
3019 3742 3071 3798 in
3128 3742 3358 3799 minori-

1800 3824 1904 3879 bus
1933 3840 2116 3880 autem
2147 3835 2204 3880 et
2239 3844 2362 3896 quae
2384 3843 2494 3882 non
2531 3844 2760 3898 prorsus
2784 3831 3047 3885 excedant
3066 3870 3079 3893 ,
3139 3834 3359 3901 copiose

1798 3914 1907 3970 illis
1936 3915 2273 3986 indulgeant.

1870 4004 2116 4061 Characl.
2146 4036 2216 4047 —
2250 4004 2402 4060 Haud
2438 4019 2564 4060 raro
2598 4020 2835 4077 namque
2865 4007 3142 4062 excellens
3170 4010 3357 4081 longe-

1798 4111 1908 4167 que
1940 4105 2203 4167 prtestans
2223 4097 2505 4166 gaudium,
2527 4098 2585 4152 in
2614 4098 2822 4153 doloris
2841 4113 3063 4153 sensum
3083 4102 3351 4168 vertitur;

1797 4197 1855 4244 et
1884 4204 2007 4258 quae
2023 4189 2246 4243 modum
2269 4189 2477 4245 nesciat
2503 4192 2775 4260 voluptas,
2809 4190 3084 4245 tristitiam
3114 4207 3221 4245 una
3257 4208 3352 4247 co-

1794 4279 1985 4333 mitem
2016 4280 2207 4333 trahit.

1863 4368 2149 4421 Hoschion.
2178 4395 2243 4410 —
2272 4367 2409 4422 Cum
2446 4369 2515 4423 iis
2540 4384 2662 4438 qua:
2693 4378 2945 4425 recreant
2970 4371 3177 4440 pariter
3192 4373 3346 4442 sequi

1788 4465 2215 4521 consueverunt,
2246 4473 2367 4527 quae
2390 4460 2618 4513 molesta
2641 4467 2788 4514 sunt.

1859 4546 2168 4601 Demonact.
2218 4576 2289 4587 —
2347 4547 2594 4603 Tristitia
2651 4549 2804 4603 velut
2856 4563 2996 4602 onus
3067 4550 3345 4617 quoddam

1717 4640 1760 4697 Β
1788 4639 2105 4709 impositum
2129 4638 2277 4693 haud
2304 4639 2473 4695 invite
2498 4640 2722 4697 ferenda
2750 4649 2913 4710 atque
2935 4641 3168 4710 gemitu.

1856 4731 2161 4787 Chariclec.
2195 4734 2546 4788 -Mortales
2607 4734 2860 4802 sepulcra
2920 4742 3231 4796 exstruunt,
3286 4743 3344 4788 et

1785 4830 1908 4883 quae
1934 4817 2003 4871 ad
2061 4818 2225 4875 [unus
2270 4829 2327 4875 et
2349 4819 2681 4888 sepulturam
2713 4820 2991 4889 pertinent
3018 4830 3342 4892 praeparant,

1786 4908 1940 4974 quasi
1963 4908 2049 4961 his
2072 4911 2183 4963 sint
2203 4909 2357 4963 usuri
2387 4926 2399 4961 :
2431 4910 2709 4979 quomodo
2733 4920 2919 4965 autem
2967 4911 3161 4966 mortis
3194 4919 3340 4980 metu

1788 5004 1845 5050 et
1866 4996 2056 5052 dolore
2082 5009 2549 5070 vacent,quorum
2577 5016 2709 5055 usus
2728 5001 2945 5056 futurus
2959 5012 3063 5068 est,
3084 5002 3217 5056 nihil
3236 5001 3343 5057 tale

1787 5096 2113 5155 praeparant.

1853 5178 2185 5247 Theopompi.
2222 5206 2289 5221 --
2342 5181 2397 5235 Si
2426 5183 2554 5251 quis
2584 5182 2847 5251 pleraque
2892 5180 3160 5239 bonorum
3206 5181 3339 5235 adc-

123 5260 390 5328 κτημένος
425 5261 564 5328 μετὰ
592 5261 685 5312 τοῦ
717 5258 1002 5313 λυπεῖσθαι
1028 5261 1204 5329 διάγει
1232 5263 1323 5315 τὸν
1350 5262 1483 5332 βίον,
1512 5265 1685 5317 ἀπάν-

1825 5276 1924 5332 tus,
1948 5285 2138 5324 eorum
2169 5286 2395 5341 compos
2413 5272 2643 5329 effectus
2669 5289 2792 5328 cum
2829 5271 3045 5325 tristitia
3083 5287 3337 5341 aegroque

121 5361 221 5399 των
251 5350 319 5403 ἂν
348 5352 438 5418 ετη
476 5351 569 5403 καὶ
596 5351 704 5403 τῶν
730 5349 901 5403 ὄντων
934 5351 1028 5403 καὶ
1052 5350 1162 5403 τῶν
1192 5353 1462 5422 ἐσομένων
1486 5354 1682 5406 ἀθλιώ-

1825 5359 1962 5411 nimo
2007 5360 2178 5413 vitam
2235 5362 2385 5431 agit,
2444 5364 2530 5425 is,
2589 5378 2673 5416 me
2724 5360 3035 5415 mortalium
3095 5361 3338 5415 omnium

120 5453 283 5507 τερος.

1777 5448 2281 5505 miserabilissimus
2310 5453 2404 5522 qui
2440 5452 2523 5506 vel
2559 5451 2831 5507 exsistunt
2860 5432 3147 5504 autfutnri
3178 5453 3339 5507 sunt?

1567 5535 1798 5595 NOTAE.

184 5622 250 5692 (ι)
276 5624 514 5691 Ὦόπερ
540 5624 661 5693 σὴς
694 5624 916 5692 ίματίῳ.
980 5623 1069 5687 Ait
1122 5625 1373 5681 Nobilius
1428 5643 1536 5681 non
1582 5645 1677 5684 ex-

123 5700 261 5746 stare
286 5695 372 5767 ]ηὲ
391 5693 726 5767 Vulg._quod
746 5695 918 5767 multa
934 5707 1005 5767 ex
1021 5694 1104 5767 eis
1143 5695 1478 5767 desiderent.
1526 5697 1674 5751 Ben-

1781 5632 2228 5707 de,_ut_videtur,
2262 5650 2422 5704 quam
2451 5652 2518 5691 ex
2568 5637 2829 5692 Hebraeis.
2859 5636 3077 5707 Syriaca
3124 5634 3284 5707 etiam
3313 5646 3328 5690 ς

1780 5702 2009 5771 proinde
2053 5717 2163 5758 non
2201 5702 2787 5761 immeritoservatum
2821 5702 2927 5768 est,
2975 5720 3067 5759 seu
3107 5703 3331 5756 restitu-
3374 5757 3380 5763 ,

124 5771 222 5842 ten.
250 5762 417 5842 obelo
440 5762 736 5842 contigeris,
768 5778 877 5842 non
905 5762 1179 5842 invenisse
1221 5764 1499 5842 indecem
1524 5767 1679 5820 codi-
1780 5762 1905 5842 iam.
1945 5772 1999 5824 in
2044 5784 2319 5842 postrema
2368 5774 2687 5829 Latinorum
2739 5762 3039 5829 Biblioruni
3085 5773 3331 5842 recogni-

122 5830 270 5903 c_'_ib,_us
311 5830 613 5903 admonet;
657 5831 774 5885 Non
821 5831 1018 5903 degint
1060 5840 1248 5903 tamen
1288 5833 1383 5903 qui
1414 5834 1669 5887 habeant.

127 5894 341 5955 ωηο
374 5913 489 5953 non
526 5897 747 5966 habent,
779 5901 875 5956 sed
896 5900 1131 5970 Targum
1163 5894 1347 5969 habet,
1379 5917 1480 5956 nec
1499 5903 1675 5957 aliun-

1782 5836 1946 5895 tione.
