3948 6338
242 422 350 525 est

1533 446 1704 508 LOCI
1739 424 2173 511 COMMUNES.

3357 427 3482 518 Μ

255 575 257 580 ·
316 551 502 619 Γρηγ.
525 552 803 620 Νύσσης.
819 553 1116 626 -Ὦσπερ
1144 555 1236 610 ἐπὶ
1261 559 1364 626 τῆς
1389 557 1661 629 καθύγρου
1685 558 1806 626 γῆς,

1979 543 2144 628 σνεςξ
2170 556 2322 629 Ny“.
2361 585 2420 597 —
2441 557 2511 616 Ut
2533 559 2589 613 in
2623 559 2884 615 b’umente
2916 566 3080 626 terra,
3108 559 3462 638 calidioribus

240 640 467 694 ἐπειδὰν
535 641 891 714 θερμοτέραις
947 646 1164 700 ἀκτῖσιν
1207 649 1510 718 ἐπιλάμψαι
1559 652 1587 701 ὁ
1626 648 1809 718 ἥλιος,

239 731 410 794 άτμοί
438 748 583 794 τινες
611 733 930 805 ὁμιχλώδεις
974 736 1082 788 άπὸ
1115 737 1208 788 τοῦ
1243 737 1434 807 βάθους
1461 739 1774 792 άνέλκονται
1795 752 1809 766 '

238 820 432 888 ὅμοιόν
455 838 508 874 τι
538 823 745 889 γίνεται
774 826 867 877 καὶ
894 827 952 878 ἐν
975 829 1042 895 τῇ
1069 827 1191 880 καθ’
1208 831 1240 896 ἠ
1250 830 1356 896 μᾶς
1375 831 1467 897 γῇ,
1488 829 1588 897 τῆς
1607 828 1814 898 τροφῆς

241 911 353 963 ὑπὸ
379 911 479 981 τῆς
503 913 738 983 φυσικῆς
768 913 1100 986 θερμότητος
1131 918 1485 987 άναζεούσης·
1513 923 1815 989 ἀνωφερείς
1859 986 1867 996 ι

238 1001 300 1055 δὲ
355 1001 513 1063 ὄντες
557 1004 608 1056 οι
649 1005 815 1073 ἀτμοὶ
862 997 1005 1060 κατὰ
1052 1008 1210 1076 φύσιν
1247 1008 1341 1061 καὶ
1376 1009 1667 1077 ἀερώδεις,
1722 1010 1816 1062 καὶ

241 1093 389 1162 πρὸς
413 1095 475 1146 τδ
499 1095 894 1164 ὑπερκείμενον
923 1098 1302 1163 ἀναπνέοντες,
1337 1102 1395 1154 ὲν
1421 1103 1526 1164 τοῖς
1557 1101 1698 1154 κατὰ
1717 1101 1815 1170 τὴν

240 1182 495 1251 κεφαλὴν
521 1182 760 1250 γίνονται
785 1185 1008 1255 χώροις.
1134 1225 1148 1232 -

209 1337 216 1342 ο
315 1271 537 1322 Φίλων.
559 1300 630 1310 -
652 1273 892 1356 Edistng
918 1275 1147 1348 μελέτην
1173 1278 1423 1332 θανάτου’
1463 1280 1619 1332 σκιὰν
1639 1280 1694 1334 δὲ
1719 1281 1816 1334 καὶ

240 1360 616 1429 ὑπογραμμὸν
662 1363 768 1432 τῆς
818 1361 976 1429 αὖθις
1017 1368 1281 1439 ἐσομένης
1308 1370 1688 1434 άναϐιώσεως,
1723 1373 1814 1425 τὸν

241 1447 418 1502 ὕπνον
446 1450 498 1501 oi
526 1451 733 1522 τάληθῆ
763 1457 1163 1525 πεφρονηκότες
1188 1459 1530 1530 άπεφῄναντο
1547 1478 1560 1490 ο
1619 1462 1812 1514 ἑκατέ-

243 1553 362 1607 ρων
400 1538 509 1608 γὰρ
555 1544 807 1612 ἐναργεῖς
847 1547 1001 1614 φέρει
1027 1548 1124 1612 τάς
1148 1550 1357 1612 εἰκόνας
1381 1591 1397 1619 ,
1455 1555 1555 1606 καὶ
1586 1554 1815 1624 μεθιστᾷ

240 1628 340 1680 τὸν
364 1630 526 1683 αὑτὸν
559 1632 618 1695 ἐξ
644 1634 963 1704 ὁλοκλήρου.

316 1717 687 1784 Κλήμεντ.-
702 1720 849 1775 ’Ὀσα
872 1725 1002 1795 περὶ
1023 1724 1190 1780 ὕπνου
1209 1727 1444 1795 λέγουσι,
1465 1731 1532 1783 τὰ
1547 1731 1685 1785 αὐτὰ
1709 1733 1813 1801 χρὴ

1910 647 2044 702 solis
2069 648 2235 704 radiis
2257 649 2521 704 illustrata
2543 665 2605 705 ac
2628 650 2759 714 fota,
2793 665 3030 720 vapores
3078 650 3303 719 quidam
3358 665 3461 702 ne-

1913 735 2178 791 bulosiex
2207 737 2318 792 imo
2342 739 2683 804 excitantur;
2719 739 2863 792 idem
2887 739 3281 809 propemodum
3333 751 3465 790 con-

1913 825 2074 895 tingit
2111 827 2167 880 in
2188 827 2362 882 nostri
2394 829 2640 897 corporis
2672 829 2988 893 terra,dum
3008 828 3240 882 naturaii
3283 827 3466 881 calore

1913 917 2072 985 cibus
2123 917 2486 973 eﬂ'ervescit:
2533 933 2769 987 cumque
2822 932 3056 986 vapores
3113 925 3309 985 suapte
3364 930 3465 968 na-

1915 1016 2038 1062 tura
2090 1023 2312 1062 sursum
2377 1008 2622 1063 ferantur
2673 1017 2729 1061 et
2777 1008 2916 1062 aerii
2970 1007 3099 1066 sint.
3153 1007 3467 1075 exspirem-

1914 1115 2023 1168 que
2069 1099 2122 1152 in
2156 1091 2337 1153 locum
2370 1099 2728 1168 superiorem,
2766 1098 2822 1152 in
2874 1097 3068 1166 capitis
3098 1096 3230 1151 sede
3283 1094 3470 1148 consi-

1913 1190 2062 1244 dent.

1982 1279 2237 1333 Philonis.
2275 1278 2562 1333 -—-Merito
2614 1279 2807 1333 mortis
2861 1275 3299 1338 meditationem,
3346 1289 3467 1327 um-

1916 1369 2179 1438 bramque
2209 1377 2266 1423 et
2294 1368 2523 1423 formam
2556 1368 2757 1422 futura:
2778 1382 2969 1421 rursus
3013 1365 3139 1419 vita:
3195 1363 3440 1417 instaura

1916 1462 2106 1525 tionis,
2127 1461 2384 1515 viri'vera
2401 1460 2676 1528 sapientes
2694 1467 2902 1512 asserte
2930 1456 3278 1510 tradiderunt
3309 1471 3325 1506 :
3349 1451 3467 1507 am;

1913 1551 2108 1605 borum
2153 1550 2300 1606 enim
2352 1551 2499 1603 clara
2559 1549 2665 1602 fert
2721 1547 3011 1601 simulacra
3039 1560 3104 1599 ac
3130 1544 3200 1598 de
3239 1544 3466 1614 integro

1914 1641 2169 1697 eumdem
2185 1656 2252 1694 ex
2280 1639 2528 1694 altero'in
2560 1638 2793 1691 alterum
2830 1633 3116 1689 transfert.
3325 1623 3328 1626 ’

1982 1729 2283 1786 Clementis.
2331 1760 2398 1770 —
2429 1728 2622 1784 Omnia
2644 1742 2771 1797 qua:
2805 1726 2874 1780 de
2932 1735 3127 1778 somno
3181 1723 3462 1784 dicuntur,

239 1805 345 1856 καὶ
404 1809 532 1874 περὶ
573 1810 805 1864 θανάτου
853 1812 1152 1879 ἐξακούειν.
1194 1817 1491 1891 Ἐκάτερος
1521 1822 1630 1892 γάρ
1668 1824 1813 1892 δηλοῖ

1925 1821 2190 1877 eademet
2213 1819 2281 1873 de
2311 1827 2491 1872 morte
2523 1819 2667 1872 dicta
2696 1815 3015 1885 accipienda
3045 1818 3175 1869 sunt
3199 1830 3215 1877 ;
3249 1822 3463 1867 utrum-

238 1894 347 1964 τὴν
377 1898 715 1954 ἀποστασίαν
740 1903 838 1973 τῆς
859 1903 1056 1976 ψυχῆς·
1088 1911 1118 1959 ό
1141 1908 1240 1978 μὲν
1264 1910 1485 1979 μᾶλλον,
1511 1914 1538 1966 ό
1556 1913 1612 1965 δὲ
1631 1907 1811 1982 ἦττον.

1915 1928 2023 1981 que
2049 1911 2196 1965 enim
2218 1909 2386 1963 animi
2413 1907 2777 1963 defectionem
2810 1906 3091 1974 declarat:
3133 1904 3249 1958 hac
3270 1899 3464 1970 magis,

1794 2044 1798 2048 .
1913 2004 2006 2059 ille
2027 2002 2230 2056 minus.

325 2073 468 2126 Πᾶσι
492 2053 569 2141 δὲς
614 2077 691 2151 ὡς
731 2077 859 2142 ἔπος
891 2081 1086 2146 εἰπεῖν,
1121 2084 1484 2155 διαμαχητέον
1517 2090 1646 2159 ὑμῖν
1679 2093 1817 2160 πρὸς
1854 2141 1856 2143 .

242 2160 342 2214 τδν
371 2161 556 2230 ὕπνον,
593 2167 670 2229 ὡς
695 2169 914 2222 πλείονα
942 2173 1131 2242 χρόνον
1161 2175 1255 2229 τοῦ
1283 2176 1383 2247 ζῇν
1413 2178 1502 2231 διὰ
1528 2179 1628 2251 τὴν
1650 2181 1816 2253 ἐγρήη

244 2267 444 2323 τορσιν
476 2256 932 2326 μεταλαμϐάνειν.

314 2340 400 2444 .12
412 2342 550 2444 ,γάρ
593 2344 758 2444 ὕπνος
796 2349 995 2444 ιῖισπερ
1037 2335 1406 2426 τελώνηςξτδν
1437 2360 1641 2430 ἥμισυν
1681 2363 1814 2434 ἡμῖν

240 2430 345 2485 τοῦ
372 2430 489 2500 βίου
522 2436 907 2509 συνδιαιρεῖται
931 2444 1144 2514 χρόνον.

319 2521 527 2576 Πολλοῦ
568 2541 632 2594 γε
678 2527 758 2580 δεῖ
802 2521 928 2599 ’μεθ’
953 2533 1165 2606 ἡμέραν
1190 2537 1488 2593 καθεύδειν
1510 2580 1526 2605 ,
1577 2544 1687 2605 τοῖς
1720 2544 1814 2596 καὶ

238 2609 347 2679 τῆς
381 2611 575 2678 νυκτὸς
603 2615 666 2668 τὺ
697 2619 945 2673 πλεῖστον
976 2625 1057 2686 είς
1083 2627 1411 2697 ἐγρήγορσιν
1438 2632 1810 2701 ἀποτεμνομέ-

239 2717 385 2763 νοις.
568 2720 574 2726 ·

240 2816 244 2820 -
315 2776 626 2879 δημοκριτ.
650 2821 718 2833 --
741 2793 1053 2865 ’Δγρυπνος
1077 2798 1169 2853 ἔσο
1195 2802 1335 2857 κατὰ
1359 2804 1451 2858 τὸν
1474 2807 1599 2861 νοῦν
1619 2826 1634 2840 ο
1681 2827 1812 2879 συγ-

238 2876 412 2947 γενὴς
430 2878 541 2949 γάρ
564 2879 657 2933 τοῦ
679 2880 933 2953 ἀληθινοῦ
957 2886 1185 2941 θανάτου
1213 2893 1242 2943 ό
1263 2894 1395 2965 περὶ
1412 2895 1601 2950 τοῦτον
1619 2876 1808 2963 ὕπνος.

249 3048 385 3149 .-οι
431 3049 720 3149 ήμερήσιιπ
974 3057 1225 3129 σώματος
1263 3063 1519 3135 ὄχλησιν,
1572 3069 1809 3143 ῆψυχῆς

235 3137 595 3210 ἀδημοσύνην
615 3182 637 3209 ,
683 3143 718 3212 ἦ
751 3146 950 3217 άργίην
980 3149 1014 3219 ἢ
1043 3151 1400 3209 ἀπαιδευσίαν
1432 3137 1803 3229 σημαίνουσιν.

313 3315 670 3386 Φιλοστράτ.
687 3322 902 3376 ονε-Οὐδὲ
922 3325 1030 3395 γὰρ
1052 3329 1103 3380 οἱ
1128 3330 1400 3402 σώφρονες
1423 3337 1518 3389 καὶ
1539 3342 1812 3396 σπουδαῖοι

235 3407 568 3472 νυστάζουσι
591 3450 607 3475 ,
661 3413 766 3467 κᾶν
807 3419 997 3487 ποῤῥω
1027 3420 1134 3474 τῶν
1158 3424 1367 3478 νυκτῶν
1396 3429 1806 3493 σπουδάζουσιν.

236 3497 320 3593 9E:
363 3499 481 3593 -γάρ
531 3501 730 3593 ἔξωθεν
777 3508 976 3570 αὐτοὺς
1027 3511 1056 3562 ό
1097 3497 1262 3576 ὕπνος
1301 3516 1490 3588 ὥσπερ
1522 3521 1807 3593 δεσπότης,

237 3587 478 3656 ὐδρίσας
523 3592 602 3652 είς
628 3592 720 3644 τὸν
747 3595 948 3662 αὐχένα
971 3596 1360 3667 δεδουλωμένον
1389 3603 1495 3656 ὑπὸ
1517 3606 1612 3659 τοῦ
1632 3587 1773 3662 οῐνου
1791 3627 1806 3642 ·

234 3676 364 3748 ἀλλ’
386 3678 661 3769 έλεύθεροί
688 3698 745 3734 τε
780 3684 874 3736 καὶ
900 3685 1051 3755 ὀρθοὶ
1079 3689 1378 3755 φαίνονται.
1423 3695 1808 3769 Καταδαρθένο

234 3783 336 3828 τις
381 3766 439 3819 δὲ
493 3768 711 3842 καθαρᾷ
758 3776 824 3844 τῇ
864 3774 1006 3848 ψυχῇ
1045 3779 1288 3848 δέχονται
1327 3783 1418 3837 τὸν
1451 3785 1618 3840 ὕπνον
1634 3766 1658 3852 ,V
1684 3790 1807 3844 οὔτε

237 3856 354 3910 ὑπὸ
379 3857 486 3911 τῶν
507 3862 823 3933 εὐπραγιῶν
849 3867 1357 3941 άνακουφιζόμενοι,
1378 3875 1501 3928 οὔτε
1524 3878 1628 3931 ὑπὸ
1649 3896 1810 3933 κακο-

235 3947 492 4038 πραγίας
531 3953 674 4038 τινὸς
713 3955 1134 4025 ὲκτρὼσκοντες.
1191 3963 1511 4033 Σύμμετρος
1530 3966 1642 4036 γάρ
1671 3968 1808 4038 πρὸς

233 4037 416 4104 ἄμφω
466 4037 639 4091 ταῦτα
691 4041 836 4111 ψυχὴ
885 4047 1162 4111 νήφουσα,
1225 4051 1319 4102 καὶ
1369 4053 1649 4124 οὐδετέρου
1696 4037 1803 4110 τῶν

235 4125 440 4180 παθῶν
466 4128 662 4197 ἥττων·
698 4131 822 4184 ὃθεν
853 4134 947 4186 καὶ
977 4129 1228 4190 καθεύδει
1260 4140 1454 4209 ἥδιστα
1483 4143 1576 4197 καὶ
1603 4146 1803 4201 ἀλυπό-

231 4235 406 4283 τατα,
445 4220 518 4292 μὴ
550 4221 875 4296 ἐξισταμένῃ
905 4226 998 4280 τοῦ
1025 4226 1213 4284 ὕπνου.

829 4509 1047 4563 ΛΟΓΟΣ
1076 4513 1135 4565 A’
1157 4514 1220 4567 ⁸⁷.

839 4622 980 4686 Περὶ
1001 4623 1207 4690 μέθης.

306 4726 496 4794 Αουκ.
523 4723 633 4780 xa'.
688 4756 758 4768 —
811 4729 1110 4799 Προσέχετε
1163 4736 1374 4799 ἑαυτοῖς
1397 4776 1411 4802 ,
1457 4739 1665 4808 μήποτε
1707 4740 1804 4810 βα-

233 4811 520 4885 ρυνθῶσιν
572 4817 628 4869 αἱ
678 4817 897 4888 καρδίαι
943 4821 1096 4890 ὑμῶν
1140 4824 1199 4876 ὲν
1232 4826 1509 4898 κραιπάλῃ
1543 4828 1636 4880 καὶ
1667 4831 1806 4902 μέθῃ

230 4904 344 4957 καὶ
380 4905 668 4974 μερίμναις
693 4908 983 4977 βιοτικαῖς’
1022 4913 1116 4968 καὶ
1147 4916 1426 4984 αἰφνιδίως
1460 4917 1584 4984 ὑμῖν
1610 4921 1806 4992 ἐπιστῇ

232 4997 270 5065 ἡ
305 4994 496 5064 ἡμέρα
523 4997 727 5069 ἐκείνη.

330 5085 504 5154 Ῥωμ.
529 5096 618 5183 ιιι.
642 5090 812 5183 -ξὮς
835 5092 893 5146 ὲν
918 5096 1100 5167 ἡμέρᾳ
1129 5097 1482 5180 έὺσχημόνως
1509 5069 1810 5177 “arma”?
1853 5181 1858 5183 _

1830 4595 1882 4651 Ι)

1983 2091 2139 2146 Totis
2164 2089 2398 2154 viribus,
2438 2098 2501 2144 ut
2527 2102 2735 2142 summa
2761 2086 2964 2149 dicam,
2996 2094 3122 2138 cum
3138 2082 3431 2153 616mm
3448 2107 3466 2118 -

1911 2198 1988 2237 no
2016 2183 2177 2236 nobis
2198 2180 2628 2252 digladiandum,
2656 2187 2718 2232 ut
2767 2193 2865 2248 per
2894 2175 3159 2247 vigiliam,
3217 2171 3460 2240 longion

1912 2272 2038 2325 vita:
2066 2271 2240 2341 spatia
2261 2282 2683 2338 consequamur.

1983 2363 2218 2418 Somnus
2247 2360 2398 2414 velut
2432 2358 2654 2431 quidam
2682 2356 3026 2425 publicanus,
3081 2367 3258 2423 prope
3304 2348 3469 2404 dimi-

1911 2453 2064 2507 dium
2093 2452 2216 2505 vita:
2235 2457 2450 2517 tempus
2481 2447 2641 2500 nobis
2665 2443 2867 2518 aufert.
3075 2464 3082 2467 -
3435 2437 3440 2444 “

1982 2543 2218 2596 Tantum
2248 2539 2405 2593 abest
2433 2545 2497 2591 ut
2524 2534 2765 2590 interdiu
2794 2530 3181 2587 dormiendum
3251 2527 3348 2591 sit,
3402 2535 3479 2581 ut‘

1910 2643 1967 2690 et
2017 2634 2197 2689 noctis
2230 2639 2441 2702 partem
2487 2626 2778 2682 maximam
2837 2623 3037 2694 vigilia
3094 2621 3165 2676 sit
3213 2618 3465 2674 tribuen-

1910 2721 2063 2779 dum.
3509 2777 3514 2782 .

1983 2812 2260 2868 Democrit.
2311 2839 2381 2850 —
2423 2808 2604 2861 Mente
2654 2803 2786 2872 vigil
2827 2809 2984 2867 esto;
3044 2799 3140 2869 qui
3190 2796 3337 2853 enim
3383 2793 3465 2849 illi

1911 2916 2137 2956 somnus
2168 2898 2414 2961 obvenit,
2465 2909 2608 2949 vera:
2655 2891 2848 2948 mortis
2886 2897 3151 2960 cognatus
3197 2895 3256 2942 et
3291 2883 3469 2940 amnis

1909 2982 2145 3036 exsistit.

1980 3070 2174 3128 Diurni
2207 3068 2384 3124 somni
2425 3077 2627 3136 corpus
2682 3070 2942 3136 gravant,
3004 3069 3100 3118 aut
3144 3058 3328 3114 animo
3373 3065 3467 3109 ta:—

1909 3161 2063 3218 dium
2092 3178 2156 3217 ac
2186 3160 2618 3217 mmstitudinem
2643 3156 2899 3217 afferunt,
2933 3161 3029 3224 aut
3059 3150 3220 3204 otiosi
3252 3147 3464 3217 segnis-

1905 3270 2017 3326 que
2074 3254 2240 3307 animi
2269 3253 2476 3306 indicio
2504 3258 2652 3312 sunt,
2690 3255 2785 3300 aut
2814 3239 3224 3310 indisciplinati.

1978 3339 2308 3396 Philostrati.
2336 3337 2526 3402 —Qui
2566 3335 2845 3403 sapientes
2871 3340 2927 3384 et
2947 3327 3114 3384 sobrii
3163 3335 3313 3389 sunt,
3344 3334 3464 3378 stu-

1908 3430 2160 3497 diosique
2175 3442 2240 3481 ac
2270 3427 2504 3490 strenui,
2531 3437 2812 3497 nunquam
2863 3419 3187 3482 dormitant,
3247 3415 3462 3470 etiamsi

1909 3495 2091 3575 Studia
2114 3534 2212 3574 sua
2237 3519 2293 3571 in
2317 3518 2544 3571 multam
2573 3495 2790 3569 noctem
2812 3511 3136 3582 producant.
3160 3507 3283 3562 Non
3314 3505 3461 3560 enim

1909 3622 2136 3662 somnus
2171 3617 2429 3675 tanquam
2458 3603 2716 3657 dominus
2749 3615 2845 3655 eos
2868 3597 3133 3661 extrudit,
3191 3594 3462 3649 cervicem

1908 3699 2038 3753 vino
2071 3697 2351 3752 subactam
2369 3693 2713 3749 contumeliae
2737 3690 2944 3744 habens
2958 3700 3188 3754 eamque
3211 3690 3460 3744 tentans;

1909 3788 2004 3842 sed
2029 3787 2192 3842 liberi
2215 3785 2462 3853 rectique
2485 3779 2921 3848 conspiciuntur.
2944 3774 3283 3829 Dormientes
3309 3785 3460 3832 vero,

1907 3893 2043 3948 pura
2074 3885 2258 3931 mente
2282 3888 2532 3938 somnum
2566 3870 2890 3939 suscipiunt,
2917 3875 2978 3920 nt
3007 3878 3184 3934 neque
3211 3859 3467 3916 secundis

1908 3966 2075 4021 rebus
2096 3965 2276 4020 levius
2296 3963 2620 4024 eﬂ'erantur,
2649 3973 2830 4028 neque
2863 3955 2990 4010 ullis
3041 3950 3288 4007 adversis
3329 3948 3468 4017 deji-

1907 4055 2146 4110 ciantur.
2175 4055 2234 4110 in
2256 4053 2504 4123 utrisque
2535 4051 2683 4106 enim
2710 4063 2863 4103 mens
2887 4044 3073 4101 sobria
3126 4039 3468 4095 moderatio-

1905 4162 2034 4203 nem
2068 4156 2238 4210 tenet,
2272 4155 2654 4213 neutroqucse
2679 4140 2876 4195 affectu
2908 4133 3051 4188 vinci
3099 4131 3322 4202 patitur.
3355 4129 3461 4181 Ita-

1908 4253 2014 4308 que
2035 4247 2092 4292 et
2120 4237 2441 4292 suavissime
2475 4233 2665 4289 etsine
2694 4227 2964 4292 molestia,
2991 4233 3183 4280 somuo
3214 4237 3326 4292 non
3381 4220 3464 4273 in-

1909 4336 2176 4397 tercepto,
2205 4326 2431 4380 dormit.

2462 4520 2690 4577 SERMO
2733 4517 2900 4573 XXX.

2493 4635 2570 4689 De
2605 4634 2872 4687 ebrietate.

1975 4742 2102 4797 Luc.
2126 4759 2236 4807 nt,
2263 4744 2353 4798 δι.
2378 4771 2446 4781 -—
2467 4740 2748 4798 Attendi—te
2779 4737 2958 4800 vobis,
2991 4751 3060 4790 ne
3096 4734 3315 4803 quando
3339 4750 3464 4805 gra-

1907 4842 2104 4888 ventur
2133 4833 2297 4887 corda
2325 4839 2504 4886 vestra
2528 4830 2584 4882 in
2613 4828 2837 4897 crapula
2869 4836 2926 4883 et
2946 4827 3218 4881 ebrietate
3239 4833 3296 4878 et
3313 4817 3491 4877 curis-

1877 4917 2074 4996 'hujus
2101 4924 2226 4978 vitae
2262 4940 2275 4974 :
2301 4932 2357 4975 et
2388 4918 2738 4988 superveniat
2795 4918 2852 4972 in
2899 4932 3001 4972 vos
3030 4914 3314 4985 repentina
3343 4913 3464 4968 die‘s

1910 5016 2023 5069 illa.
2740 5055 2747 5061 .

1984 5106 2132 5158 Rom.
2166 5119 2277 5165 xm,
2332 5102 2417 5156 l5.
2438 5130 2507 5140 --
2535 5099 2688 5155 Sicut
2721 5099 2778 5154 in
2833 5098 2924 5153 die
2949 5099 3177 5152 honeste
3225 5073 3458 5149 ambule-

231 5193 464 5245 σωμενο
519 5179 594 5249 μὴ
641 5180 856 5250 κώμαις
908 5187 1003 5240 καὶ
1045 5189 1277 5258 μέθαις,
1339 5194 1412 5264 μὴ
1445 5179 1674 5260 κοίταις
1719 5200 1811 5252 καὶ

1925 5213 2041 5251 mus
2073 5213 2085 5246 :
2123 5209 2232 5247 non
2256 5193 2312 5245 in
2341 5191 2834 5249 comessationibus
2849 5197 2906 5245 et
2927 5187 3308 5252 ebrietatibus,
3356 5200 3462 5238 non

230 5264 548 5333 άσελγίαις.

310 5357 459 5410 Σολ.
487 5354 550 5415 ζ’.
569 5389 638 5400 --
669 5360 896 5428 ’Δγαθὸν
924 5372 1256 5442 πορευθῆναι
1286 5376 1365 5438 είς
1387 5372 1533 5430 οἶκον
1563 5348 1808 5443 πένθους,

229 5446 262 5512 ἦ
303 5447 394 5508 αις
418 5443 567 5501 οἷκον
595 5450 781 5505 πότου.
1508 5477 1538 5487 ε

317 5540 562 5606 Παροιμ.
590 5547 699 5608 κγ’.
719 5545 899 5615 -ιΜὴ
934 5548 1042 5602 ῐσθι
1072 5553 1381 5625 οἰνοπότηςο
1439 5563 1543 5625 πᾶς
1573 5561 1681 5630 γὰρ
1717 5563 1811 5631 μὲ-

237 5629 410 5690 θυσος
443 5631 760 5698 πτωχεύσει.

322 5746 364 5776 ³⁷
379 5818 381 5820 _
396 5746 454 5800 In
487 5743 646 5800 Ccsn.
673 5728 886 5806 Stobzro
913 5752 1000 5807 88.

1916 5295 1970 5348 in
2001 5289 2278 5346 cubilibus
2306 5297 2362 5341 et
2390 5285 2772 5355 impudicitiis.

1987 5379 2158 5435 Ecclc.
2192 5394 2284 5441 vn,
2318 5377 2370 5430 5.
2402 5368 2694 5430 —Bonum
2723 5387 2807 5428 eSt
2833 5373 2915 5427 ire
2936 5370 2992 5424 in
3015 5371 3234 5425 domum
3264 5370 3464 5430 luctus,

1915 5486 2076 5541 quam
2109 5470 2163 5522 in
2197 5467 2418 5521 domum
2447 5466 2704 5519 convivii.

1985 5556 2140 5612 Prov.
2168 5573 2318 5620 χχιιι,
2344 5556 2434 5619 20,
2467 5556 2556 5608 2t.
2590 5555 2797 5608 —Noli
2826 5569 2946 5608 esse
2971 5551 3082 5606 vini
3116 5549 3311 5614 bibax;
3346 5564 3463 5603 om-

1917 5650 2169 5724 nis'enim
2200 5649 2326 5702 vino
2348 5647 2563 5702 deditus
2596 5643 2940 5700 mendicabit.
