3948 6338
166 457 269 518 889

1455 466 1618 525 LDCI
1657 467 2089 528 COMMUNES.
2180 471 2186 474 ’

3272 469 3378 530 890

237 569 630 622 εὐσεϐίου.-
645 568 866 640 Ἐχθρὸς
897 568 967 622 τὰ
989 568 1160 641 ἀληθῆ
1193 569 1382 635 εἰπὼν,
1414 571 1509 623 τοῦ
1543 589 1712 642 προσ-

1887 575 2114 628 Eusebii.
2144 605 2212 614 —
2249 575 2509 631 lnimicus
2543 577 2636 646 qui
2679 592 2806 631 vera
2857 576 3148 644 loquatur,
3201 575 3378 643 pluris

164 661 486 728 ποιουμένου
533 661 687 728 φίλου
735 662 871 730 πρὸς
901 662 1091 732 χάριν,
1138 663 1259 714 ἐστὶ
1314 663 1529 726 πάντως
1566 665 1718 731 αἱρε-

163 751 475 820 τὼτερος⁶³.

718 865 938 917 ΛΟΓΟΣ
975 866 1078 917 ΛΒ⁹
1092 865 1157 918 ⁸⁸.

652 954 791 1020 Περὶ
842 957 1200 1022 φιλοπονία(
1211 996 1224 1009 .

240 1045 424 1098 ’1ωάν.
458 1042 522 1097 ε’.
553 1074 623 1083 —
651 1044 710 1096 '0
746 1045 934 1114 Πατήρ
977 1062 1080 1114 μου
1111 1046 1214 1110 ἕως
1254 1047 1377 1117 ἄρτι
1407 1048 1716 1119 ἐργάζεται,

161 1135 314 1203 κάγὼ
357 1135 683 1205 ἐργάζομαι.
1178 1163 1184 1168 ι

222 1227 412 1294 Πράξ.
448 1224 518 1279 κ’.
546 1257 616 1268 --
645 1226 811 1280 Αὐτοὶ
847 1226 1140 1294 γινώσκετε
1164 1267 1180 1294 ,
1225 1227 1307 1280 ὅτι
1339 1231 1459 1291 ταῖς
1507 1228 1718 1298 χρείαις

161 1333 258 1384 μου
307 1319 407 1368 καὶ
433 1319 549 1378 τοῖς
575 1313 692 1369 οὖσι
723 1319 841 1386 μετ’
871 1316 1003 1386 ἐμοῦ
1027 1357 1042 1382 ,
1072 1318 1424 1387 ὑπηρέτησαν
1452 1320 1508 1370 al
1541 1321 1720 1387 χεῖρες

157 1398 334 1458 αὗται.
372 1407 554 1459 Πάντα
577 1407 825 1470 ὑπέδειξα
859 1407 1008 1474 ὑμῖν,
1037 1408 1120 1459 ὅτι
1148 1407 1291 1461 οὕτω
1314 1411 1618 1473 κοπιῶντας
1643 1412 1723 1463 δεῖ

155 1475 654 1563 ἀντιλαμϐάνεσθαι
681 1495 790 1546 τῶν
819 1495 1212 1549 ἀσθενούντων.

222 1587 450 1652 Σολομ.
491 1591 563 1653 τ’.
581 1585 905 1653 -Ἂγαθῶν
935 1587 1131 1650 πόνων,
1149 1587 1376 1658 ’καρπὸς
1405 1589 1648 1659 εὐκλεής.

189 1761 345 1824 .Σιρ.
377 1756 487 1810 ra'.
523 1787 594 1796 ——
621 1757 948 1829 Ἐργάζεσθε
991 1758 1052 1810 τὸ
1081 1757 1240 1826 ἔργον
1273 1759 1430 1826 ἡμῶν
1463 1759 1569 1827 πρὸ
1599 1776 1722 1810 και-

158 1847 268 1916 ροῦ,
299 1849 396 1900 καὶ
418 1847 579 1925 δώσει
603 1849 694 1900 τὸν
723 1848 912 1918 μισθὸν
940 1848 1094 1917 ὑμῶν
1127 1850 1183 1899 ὲν
1215 1848 1390 1918 καιρῷ
1422 1849 1610 1901 αὑτοῦ.

227 2028 446 2080 Board.
483 2056 553 2065 —
581 2026 655 2078 Τὸ
685 2025 798 2094 γὰρ
829 2025 975 2094 πόνῳ
1022 2025 1222 2094 κτηθὲν
1265 2025 1578 2094 περιχαρῶς
1612 2025 1718 2077 ὐπ-

157 2116 378 2186 εδέχθη,
460 2118 553 2169 καὶ
620 2117 921 2184 φιλοπόνως
983 2116 1336 2185 διεφυλάχθη.
1397 2111 1496 2168 *Ων
1541 2118 1720 2184 μέντοι

159 2209 450 2277 πρόχειρος
491 2209 521 2259 ὁ
556 2207 859 2277 πορισμὸς,
905 2207 1109 2258 τούτων
1162 2209 1196 2275 ἡ
1247 2208 1440 2275 κτῆσις
1481 2208 1720 2261 εὐκατα-

158 2300 447 2367 φρόνητος.

223 2388 289 2439 Τί
318 2388 430 2439 τῶν
458 2387 676 2454 ἀγαθῶν
712 2385 969 2453 εὖκολονς
1009 2387 1106 2449 Τίς
1138 2387 1416 2439 καθεύδων
1459 2388 1722 2457 τρόπαιον

159 2475 387 2546 ἔστησε;
441 2477 539 2539 Τίς
583 2476 806 2546 τρυφῶν
856 2477 953 2528 καὶ
1001 2476 1438 2546 καταυλούμενος
1474 2479 1583 2538 τοῖς
1624 2478 1722 2546 τῆς

158 2567 438 2628 εὐσεϐείας
481 2566 767 2634 στεφάνοις
810 2566 1228 2637 κατεκοσμήθη;
1278 2567 1463 2628 Οὐδεὶς
1495 2566 1570 2636 μὴ
1595 2567 1722 2636 δρα-

162 2657 275 2727 μὼν
304 2658 549 2710 ἀνείλετο
579 2657 846 2726 βραϐεῖον.
885 2657 1042 2709 Πόνοι
1070 2656 1298 2724 γεννῶσι
1339 2656 1518 2720 δόξαν,
1543 2658 1724 2725 κάμα-

157 2764 235 2800 τοι
257 2747 583 2818 προξενοῦσι
617 2747 930 2814 στεφάνους.

229 2923 402 2974 Θεολ.
430 2950 500 2960 -
531 2876 916 2987 Γενναιότερον
966 2918 1030 2970 ἐκ
1086 2917 1181 2970 τοῦ
1230 2919 1420 2971 παθεῖν
1463 2919 1524 2971 τὸ
1571 2919 1721 2988 φιλό-

161 3027 343 3080 σοφον,
386 3010 576 3080 ὥσπερ
618 3009 811 3080 ψυχρῷ
843 3010 1058 3082 σίδηρος
1080 3050 1096 3074 ,
1127 3010 1270 3064 οὕτω
1304 3014 1415 3074 τοῖς
1457 3011 1723 3074 κινδύνοις

159 3104 361 3172 mpm}
369 3119 548 3170 μενον.

1817 665 2039 718 omnino
2087 665 2407 730 faciendus,
2454 669 2631 720 amico
2694 667 2949 720 simulato
2995 661 3266 732 loquente.
3309 665 3379 718 ad

1817 753 2067 821 gratiam.

2361 863 2588 917 SERMO
2624 862 2840 916 XXXII.

2145 951 2221 1004 De
2247 951 2441 1006 labaris
2468 953 2639 1005 studio
2664 969 2726 1004 ac
2764 951 3063 1020 diligentia.

1885 1037 2041 1092 Joan.
2069 1057 2122 1102 v,
2159 1041 2246 1095 Η.
2272 1070 2340 1080 --
2359 1041 2519 1094 Pater
2531 1055 2686 1094 meus
2712 1054 2885 1107 usque
2912 1037 3074 1092 modo
3094 1029 3376 1107 operatur,

1817 1137 1872 1181 et
1894 1144 1995 1198 ego
2025 1144 2247 1198 operor.

1888 1219 2000 1272 Act.
2034 1237 2122 1282 xx,
2161 1222 2250 1275 '54.
2282 1252 2352 1262 —
2388 1221 2495 1290 lpsi
2519 1221 2672 1275 scitis
2695 1261 2710 1284 ,
2744 1221 3002 1288 quoniam
3036 1219 3103 1273 ad
3135 1234 3220 1283 ea,
3260 1236 3382 1288 qua:
3418 1290 3420 1292 ν

1819 1307 1952 1360 mihi
1979 1309 2117 1376 opifs
2131 1317 2306 1372 erant,
2358 1318 2413 1361 et
2447 1309 2534 1361 his
2554 1309 2646 1375 qui
2674 1313 2886 1361 mecum
2921 1316 3071 1371 sunt,
3097 1308 3382 1360 ministra-

1818 1404 2016 1450 verunt
2046 1412 2238 1450 manus
2266 1397 2400 1450 istae.
2440 1396 2632 1450 Omnia
2663 1397 2878 1448 ostendi
2901 1396 3075 1458 vobis,
3121 1397 3381 1464 quoniam

1821 1485 1899 1539 sic
1919 1486 2228 1539 laborantes
2251 1493 2466 1554 oportet
2509 1485 2786 1552 suscipere
2812 1485 3065 1538 infirmos

1892 1573 2020 1644 Sap.
2049 1592 2126 1639 Ill,
2166 1576 2252 1629 15.
2287 1606 2357 1614 -
2383 1575 2657 1629 Bonorum
2701 1575 2950 1627 laborum
2988 1574 3260 1644 gloriosus
3299 1579 3383 1630 est

1821 1666 1846 1718 f
1848 1675 2055 1719 ructus.

1893 1755 2056 1808 Eccli.
2086 1771 2158 1815 ιι,
2202 1756 2289 1808 58.
2335 1785 2406 1793 —
2447 1753 2760 1823 Operamini
2801 1769 2941 1821 opus
2979 1763 3220 1807 vestrum
3253 1762 3379 1811 ante

1824 1852 2055 1912 tempus,
2079 1853 2134 1896 et
2163 1842 2314 1895 dabit
2335 1843 2491 1895 vobis
2522 1842 2830 1895 mercedem
2877 1849 3114 1895 vestram
3162 1843 3216 1894 in
3243 1851 3382 1896 tem-

1821 1947 1952 2001 pore
2000 1947 2120 1984 suo.

1889 2019 2098 2072 Basilii.
2125 2049 2193 2060 —
2213 2017 2368 2083 Quod
2391 2017 2537 2071 enim
2563 2016 2753 2070 labore
2786 2026 3002 2085 partum
3025 2026 3143 2081 est,
3178 2019 3383 2086 majore

1822 2109 2008 2162 laetitia
2033 2109 2301 2176 accipitur
2341 2106 2769 2176 diligentiusque
2804 2117 3085 2174 servatur;
3144 2124 3379 2176 quorum

1821 2208 2004 2252 autem
2039 2199 2211 2252 facilis
2254 2207 2338 2253 est
2379 2199 2693 2267 acquisitio,
2737 2199 2932 2252 horum
2970 2200 3211 2268 proclive
3248 2215 3382 2254 con-

1821 2300 2098 2345 temnatur
2132 2293 2432 2361 possessio.

1887 2382 2026 2446 Quid
2051 2383 2104 2434 in
2125 2384 2226 2445 eis,
2251 2399 2373 2450 qua:
2404 2383 2471 2436 de
2498 2398 2695 2453 genere
2722 2383 2992 2435 bonorum
3018 2392 3167 2446 sunt,
3195 2382 3386 2436 facile?

1821 2470 1953 2536 Quis
1989 2487 2181 2526 somno
2209 2472 2429 2524 deditus
2467 2483 2731 2539 tropaeum
2768 2471 2985 2523 erexit?
3018 2470 3152 2534 Quis
3175 2471 3388 2524 deliciis

1823 2561 2118 2629 fractisque
2168 2560 2404 2613 modulis
2435 2570 2598 2629 atque
2641 2559 2832 2623 tibiis,
2883 2560 3102 2628 pietatis
3152 2575 3386 2614 coronas

1823 2660 2154 2705 consecutus
2174 2651 2298 2704 est?
2327 2652 2499 2705 Nemo
2533 2651 2636 2704 nisi
2677 2651 2768 2720 qui
2793 2650 3119 2713 cucurrerit,
3152 2651 3388 2718 palmam

1823 2742 2032 2795 retulit.
2067 2742 2307 2795 Labores
2336 2741 2561 2810 gloriam
2610 2740 2868 2808 pariunt;
2901 2740 3133 2794 sudores
3171 2739 3385 2793 strenui

1823 2834 2081 2900 anxiique
2107 2848 2432 2886 coronarum
2456 2832 2726 2885 exsistunt
2750 2831 2972 2898 pararii.

1890 2921 2151 2990 Theologi.
2184 2927 2252 2959 —'-
2275 2922 2354 2974 Ex
2389 2922 2652 2973 malorum
2685 2921 3038 2987 perpessione
3064 2919 3239 2972 virtus
3271 2918 3387 2985 ipsa

1825 3014 2142 3082 generosior
2169 3013 2473 3081 fortiorque
2501 3012 2782 3078 redditur;
2833 3027 2975 3081 quae,
3012 3012 3156 3066 sicut
3183 3012 3388 3066 ferrum

1827 3103 2044 3172 frigida,
2076 3103 2155 3157 sic
2174 3105 2438 3173 periculis
2461 3104 2693 3155 duretur

222 3165 531 3257 ipvo‘do't.
558 3219 627 3229 -—
655 3191 937 3259 Πανταχοῦ
976 3192 1063 3244 διὰ
1092 3192 1369 3255 δισκολίας
1414 3193 1505 3246 καὶ
1545 3165 1718 3246 πόνων

1895 3165 2265 3263 ἆοτυωυί-
2290 3195 2501 3262 Ubique
2538 3210 2633 3261 per
2669 3193 3017 3266 difﬁcultates
3047 3203 3103 3247 et
3145 3193 3383 3256 labores,

157 3282 267 3345 τοῖς
304 3279 615 3350 ἀνθρώποις
645 3280 854 3347 πέφυκε
901 3282 970 3332 τὰ
1015 3282 1262 3351 χρήσιμα
1306 3284 1719 3353 παραγίνεσθαι.

224 3369 518 3432 Φίλωνος.
546 3397 616 3406 -
646 3366 705 3420 '0
730 3369 828 3437 μὲν
859 3369 948 3420 τὸν
975 3370 1135 3422 πόνον
1167 3371 1405 3438 φεύγων,
1437 3373 1626 3438 φεύγει
1656 3371 1722 3423 τὰ

157 3458 370 3525 ἀγαθά·
426 3460 454 3511 δ
489 3459 547 3512 δὲ
587 3460 856 3530 τλητικῶς
906 3462 997 3512 καὶ
1030 3462 1288 3532 ἀνδρείως
1329 3463 1615 3531 ὑπομένων
1652 3461 1721 3512 τὰ

155 3547 591 3619 δυσκαρτέρητα,
621 3550 840 3601 σπεύδει
871 3550 1006 3618 πρὸς
1034 3551 1433 3619 μακαριότητα.
1472 3552 1474 3554 ⁷
1552 3561 1558 3569 ·

234 3639 448 3704 Ἰσοκρ.
469 3666 541 3676 -
569 3638 816 3707 Γύμναζε
857 3639 1050 3692 σαυτὸν
1082 3640 1264 3702 πόνοις
1297 3640 1601 3707 ἑκουσίοις,
1635 3640 1721 3693 ἵνα

155 3726 309 3799 δόξῃς
334 3729 434 3780 καὶ¹
463 3728 590 3790 τοὺς
617 3728 1253 3800 ἀκουσίους.ὑπομένειν.

812 3925 1054 3990 Καρκίν.

149 4015 356 4081 Οὐδεὶς
385 4014 640 4068 ἔπαινον
666 4015 907 4080 ἡδοναῖς
930 4015 1222 4080 ἐκτήσατο
1251 4031 1264 4043 °

155 4085 362 4149 Οὐδεὶς
385 4083 654 4150 ῥάθυμος
681 4084 938 4147 εὐκλεὴς
961 4082 1114 4148 ἀνήρ
1147 4099 1161 4112 ·

163 4152 319 4205 Ἀλλ’
353 4156 410 4204 οι
449 4152 622 4204 πόνοι
653 4151 923 4204 τίκτουσι
953 4151 1068 4218 τὴν
1095 4151 1436 4219 εὐανδρίαν.

215 4266 462 4318 Φιλίσκ.
493 4292 564 4303 --
590 4263 703 4316 Οὐκ
734 4262 903 4324 ἐστιν,
939 4255 984 4314 ὧ
1020 4263 1233 4332 μάταιε,
1262 4265 1358 4317 σὺν
1384 4262 1623 4334 ῥᾳθυμίᾳ
1649 4263 1716 4317 τὰ

149 4355 253 4407 τῶν
279 4355 587 4408 πονούντων
610 4355 693 4424 μὴ
715 4355 1050 4425 πονήσαντας
1079 4354 1277 4409 λαϐεῖν.

1825 3287 1965 3340 bona
2002 3286 2317 3339 hominibus
2348 3284 2608 3336 obvenire
2638 3284 2834 3335 solent.

1893 3374 2147 3426 Philonis.
2170 3404 2238 3411 —
2265 3373 2367 3438 Qui
2397 3374 2638 3426 laborem
2664 3373 2820 3440 fugit,
2853 3373 2897 3424 is
2924 3372 3067 3425 bona
3093 3370 3229 3441 fugit
3254 3389 3266 3436 ',
3293 3372 3388 3441 qui

1821 3473 2000 3518 autem
2032 3465 2295 3517 tolerante
2341 3472 2678 3532 strenuoque
2706 3463 2906 3516 mentis
2943 3464 3226 3532 pr0posito
3268 3479 3389 3532 qua:

1820 3556 1956 3609 dura
1995 3564 2124 3609 sunt
2156 3556 2413 3618 sustinet,
2437 3555 2506 3607 ad
2537 3555 2851 3609 beatitatem
2883 3554 3082 3608 festiue
3113 3555 3308 3608 currit.

1891 3647 2110 3700 Isocrat.
2142 3677 2209 3686 -—
2240 3647 2443 3700 Exerce
2480 3647 2716 3714 leipsum
2757 3645 3053 3712 assumptis
3085 3653 3279 3712 sponte
3309 3645 3388 3697 la-

1820 3737 2070 3801 boribus,
2105 3744 2165 3790 ut
2186 3744 2241 3790 et
2262 3752 2376 3800 eos,
2410 3736 2504 3803 qui
2535 3733 2720 3788 invitis
2741 3733 3068 3810 obveniunt,
3113 3735 3386 3788 sustinere
3473 3764 3478 3770 -

1819 3826 2086 3895 proberis.

2393 3936 2551 4004 621
2585 3936 2820 3992 Carcini.

1818 4003 1980 4077 gemo
2017 4021 2251 4077 unquam
2301 4003 2890 4077 laudemivoluptatibus
2919 4012 3251 4077 consecutus
3285 4012 3383 4058 est.

1816 4072 2018 4144 Nullus
2037 4072 2245 4141 segnior
2271 4077 2350 4128 vir
2381 4072 2671 4144 magniﬁce
2692 4078 2868 4129 clarus
2900 4076 3068 4144 factus
3101 4081 3195 4126 est.

1817 4141 1920 4196 Sed
1946 4143 2147 4196 labores
2188 4145 2338 4212 fortis
2370 4141 2539 4197 anihii
2565 4141 2871 4197 claritatem
2899 4141 3184 4194 adducunt.

1887 4258 2122 4312 Philisci.
2157 4289 2227 4298 —
2273 4259 2577 4311 Fieri'non
2623 4266 2823 4325 potest,
2883 4257 3048 4311 stulte
3094 4259 3278 4321 homo,
3327 4267 3386 4312 ut

1818 4363 1943 4402 cum
1997 4347 2248 4416 segnitie,
2285 4345 2388 4412 ipsi
2457 4361 2569 4399 non
2621 4345 2954 4412 laborantes,
3016 4347 3383 4400 laborantium

1818 4439 2035 4506 praemia
2074 4451 2488 4503 consequamur.

214 4529 538 4596 Ε-ὐαγρίου,
561 4559 630 4568 -
661 4527 893 4580 Ἀτοπόν
926 4530 1071 4580 ἐστιν
1100 4529 1365 4582 διώκοντα
1406 4529 1509 4591 τὰς
1525 4528 1710 4596 τιμὰς,

1885 4527 2116 4595 Evagrii.
2161 4554 2216 4563 -—-
2249 4526 2560 4579 Absurdum
2585 4536 2690 4588 est,
2721 4537 2780 4581 ut
2804 4528 2894 4596 qui
2935 4527 3168 4600 honores
3192 4543 3385 4582 conse-

149 4619 370 4687 φεύγειν
398 4621 526 4680 τοὺς
565 4619 780 4680 πόνους,
803 4621 868 4673 δι’
894 4615 968 4672 ὧν
997 4623 1052 4672 αἱ
1071 4621 1248 4689 τιμαί.

211 4711 436 4759 Πλουτ.
467 4735 538 4744 -
572 4705 783 4775 Ὠσπερ
836 4708 1064 4776 ὄργανον
1117 4709 1298 4761 ἄνεσιν
1335 4710 1429 4762 καὶ
1468 4709 1715 4760 ἐπίτασιν

146 4793 416 4864 λαμϐάνον
440 4796 540 4864 ἡδὺ
582 4795 811 4863 γίνεται,
839 4798 980 4850 οὕτω
1010 4801 1102 4852 καὶ
1137 4798 1270 4868 βίος.

207 4972 437 5026 Νικίου.
468 5002 539 5011 —-
561 4964 727 5036 Οὗτος
757 4973 895 5028 οὕτω
919 4975 1196 5042 φιλόπονος
1225 4974 1312 5045 ἦν,
1346 4975 1484 5025 ὥστε
1511 4973 1710 5025 πολλά-

146 5075 226 5121 κις
250 5062 461 5131 ἐρωτᾷν
481 5064 610 5124 τοὺς
640 5064 939 5129 οίκὲτας,εἰ
977 5066 1244 5125 λέλουται,
1268 5065 1372 5133 ἢέί
1393 5062 1706 5132 ἠρίστηκεν.

221 5147 526 5219 Ἀρχιμήδ.
559 5181 629 5190 -
670 5153 999 5222 Ἀρχιμήδην
1025 5155 1089 5222 τῇ
1125 5152 1292 5203 σανίδι
1319 5152 1710 5221 προσκείμενον

1815 4621 2014 4679 ctatur,
2055 4613 2272 4666 labores
2326 4613 2518 4682 fugiat,
2550 4616 2750 4683 quibus
2809 4615 3043 4668 honores
3095 4623 3377 4684 parantur.

1883 4702 2177 4756 Plutarchi.
2216 4734 2283 4743 —
2315 4704 2786 4768 Quemadmodum
2840 4720 3105 4772 organum
3169 4705 3377 4758 alterna

1812 4794 2136 4848 remissione
2188 4811 2251 4848 ac
2307 4794 2613 4847 intensione
2665 4810 2831 4848 suave
2883 4796 3152 4858 redditur,
3191 4795 3266 4847 sic
3322 4806 3377 4848 et

1810 4883 1943 4934 vita.

1877 4973 2076 5026 Nicias.
2107 5001 2174 5010 —
2203 4966 2299 5023 llic
2329 4970 2467 5022 adeo
2511 4970 2683 5024 labori
2711 4972 2942 5027 deditus
2979 4971 3101 5034 fuit,
3143 4977 3202 5023 ut
3233 4986 3373 5040 szepe

1805 5062 2037 5116 famulos
2067 5069 2312 5129 rogaret,
2342 5076 2471 5113 num
2499 5061 2739 5126 lavisset,
2775 5078 2838 5116 ac
2868 5077 3095 5130 pransus
3135 5068 3300 5113 esset.

1873 5150 2226 5204 Archimedes.
2256 5177 2325 5187 -—-
2365 5149 2743 5203 Archimedem
2805 5151 3003 5202 tabulae
3050 5150 3372 5205 incumben-

147 5235 501 5304 ἀποσπῶντες
533 5241 623 5311 βίᾳ
650 5243 697 5292 οἱ
729 5241 1076 5310 θεράποντες,
1108 5239 1343 5306 εἵλειφον
1381 5256 1393 5270 '
1447 5242 1474 5291 6
1503 5242 1580 5301 δὲ,
1614 5243 1707 5294 καὶ

1847 5257 1934 5304 :m,
1976 5255 2098 5292 cum
2155 5239 2339 5292 famuli
2398 5257 2493 5309 per
2528 5244 2634 5293 vim
2683 5241 3017 5292 abstractum
3071 5230 3370 5310 ungerent;

146 5323 232 5377 ἐπὶ
257 5333 352 5380 τοῦ
382 5330 633 5399 σώματος
657 5330 1030 5399 ἀληλιμμένου
1052 5330 1310 5398 διέγραφε
1334 5330 1401 5382 τὰ
1433 5333 1530 5398 σχή
1542 5349 1702 5399 ματα.

1802 5331 1894 5385 ille
1935 5331 1988 5382 in
2023 5329 2138 5397 ipsa
2172 5330 2416 5385 delibuta
2451 5345 2574 5386 cute
2602 5333 2801 5400 figuras
2843 5331 3195 5401 depingebat.

1399 5439 1625 5495 νΑιιιΑΞ
1662 5439 2062 5497 LECTIONES.

206 5527 251 5558 ιι
272 5528 388 5581 Bal.
443 5531 691 5600 Σωκράτ.
767 5532 812 5563 σί·
847 5531 902 5585 ιη
934 5531 1098 5586 Gesn.
1133 5531 1287 5585 Stob.
1321 5532 1474 5586 ηε..

1603 5621 1828 5677 NOTAE.

143 5722 255 5782 rum
280 5709 550 5782 cujusque
585 5713 770 5778 καιρὸς
805 5724 886 5767 est
936 5723 990 5767 et
1025 5720 1335 5779 tempestas,
1363 5729 1459 5780 per
1510 5730 1671 5782 quam

139 5777 426 5847 iucundior
451 5793 642 5831 eorum
671 5777 876 5848 gratia;
905 5783 1048 5853 quod
1080 5777 1256 5852 ipsum
1305 5777 1378 5836 de
1399 5777 1673 5851 pambola,

1786 5720 2254 5782 argulogsermoiie
2278 5708 2641 5782 etsenlcntia,
2705 5709 2936 5782 diversis
2978 5713 3096 5782 ejus
3143 5715 3357 5782 generis

1784 5779 2045 5846 exemplis
2075 5778 2352 5833 declarant
2380 5781 2492 5848 ipsa
2532 5778 2714 5830 divina
2744 5778 2986 5846 eloquia.
