3948 6338
142 382 243 451 833

1431 382 1601 442 LOCI
1640 381 1958 453 COMMUN
1962 385 2074 443 ES.

3258 377 3364 441 804

203 499 379 551 Θεολ.
407 524 480 535 --
521 494 580 549 '0
609 496 708 566 μὲν
738 494 845 567 γάρ
870 494 1129 567 εὐορκῶν,
1148 494 1307 566 τυχὸν
1330 495 1396 550 ἀν
1438 512 1568 549 ποτε
1607 498 1694 551 καὶ

1868 496 2130 567 Theotogi.
2166 520 2235 536 -
2264 494 2370 562 Qui
2406 482 2535 550 vere
2556 509 2619 549 ac
2634 500 2822 548 sancte
2841 490 3005 563 iurat,
3036 489 3175 547 forte
3198 496 3365 550 etiam

144 586 521 660 παρασφαλείη
547 603 562 619 ·
582 588 611 641 ό
641 586 696 641 δὲ
723 587 798 658 μὴ
848 587 1105 665 ὁμνύωνη
1134 586 1243 642 τδν-
1275 588 1373 658 τῆς
1415 587 1697 658 ιπιορκίας

142 680 389 761 κίνδυνοι
405 678 757 747 διαπέφευγε.

212 770 277 823 '0
303 770 470 839 νόμος
491 770 674 841 φησιν,
706 770 827 822 οὐκ
850 767 1239 838 ἐπιορκήσῃςν
1264 770 1328 824 σὺ
1352 770 1407 823 δὲ
1427 769 1560 824 Οὐδέ
1590 769 1697 840 ὁμῇ

141 854 233 929 τὴν
268 844 469 933 ἀρχὴν,
498 861 558 914 οὐ
609 858 804 931 μικρὸν
832 858 893 912 οὐ
921 858 1101 929 μεῖζον
1133 875 1147 890 ο
1185 860 1260 924 ὠς
1289 858 1383 913 τοῦ
1411 861 1572 930 ὅρκου
1598 859 1699 929 τὴν

142 949 424 1021 ἐπιορκίαν
451 948 750 1012 τίκτοντος.

202 1122 507 1191 Χρυσόστ.
537 1150 609 1162 -
638 1121 700 1175 οε
753 1121 1084 1190 συκοφάνται
1135 1121 1199 1175 τὸ
1249 1120 1445 1191 ψεῦδος
1489 1120 1696 1193 πιπρά-

147 1229 360 1268 σκουσιν
386 1228 401 1241 °
437 1210 699 1281 ἀλλήλους
732 1211 1053 1282 ψευδόμενοι
1082 1211 1209 1276 τοὺς
1246 1213 1443 1283 ὅρκους
1490 1212 1727 1281 ἀνήλιὼ.

147 1318 258 1365 σαν,
278 1301 361 1364 είς
375 1300 440 1354 τὸ
460 1299 705 1369 ὀμνύειν,
726 1300 822 1361 κα)
845 1301 1023 1371 μόνον,
1047 1302 1138 1356 τὸν
1163 1302 1296 1356 Θεδν
1324 1303 1694 1373 ἐπιστάμενοι.

205 1478 544 1546 Σουφάτης.
569 1508 637 1519 -
663 1478 756 1531 Δεῖ
783 1477 893 1549 γὰρ
915 1479 1042 1543 τοὺς
1070 1479 1306 1547 ἀγαθοὺς
1329 1480 1549 1552 ἄνδρας,
1576 1481 1699 1553 τρό-

147 1591 238 1628 πον
272 1574 442 1645 ὅρκου
465 1572 781 1644 πιστότερον
806 1571 1096 1641 φαίνεσθαι
1131 1572 1554 1643 παρεχομένους.

209 1753 412 1817 Ὅρκον
456 1752 689 1806 ἐπακτὸν
738 1752 1033 1822 προσδέχου
1086 1751 1173 1805 διά
1219 1750 1311 1804 δύο
1348 1750 1647 1820 προφάσεις
1676 1764 1694 1783 ⁸

1799 588 2135 659 quandoque
2158 585 2466 649 erraverit;
2498 592 2574 649 at,
2603 584 2697 653 qui
2727 576 3212 653 non’jur’a‘t,omne
3235 599 3366 653 per-

1795 680 1927 752 iurii
1962 678 2268 749 periculum
2313 676 2530 747 effugit.
2661 700 2667 706 -
3040 686 3043 693 ν
3096 684 3097 689 π

1869 770 1980 826 Lex
2007 771 2114 824 ait:
2148 769 2266 824 Non
2295 766 2589 839 periurabis
2624 762 3063 837 (Levit.x1x,'l‘2)
3103 782 3118 831 ;
3163 774 3222 819 tu
3269 780 3367 833 au-

1798 867 1909 916 tem
1968 879 1983 914 :
2026 858 2215 929 Neque
2283 856 2507 913 omnino
2558 856 2765 926 iurato,
2815 854 3087 924 quidquid
3128 852 3368 921 minoris

1796 929 2087 1019 maiorisve
2126 947 2421 1019 iuramenti
2448 946 2753 1015 est(Matth.
2779 960 2834 1006 ν,
2864 945 2975 1014 35);
3031 946 3177 1014 quod
3203 936 3367 999 nimi-

1718 1090 1731 1106 ,
1796 1054 1919 1093 rum
1943 1040 2318 1109 iuramentum
2341 1036 2569 1107 periurii
2594 1026 2807 1105 parens
2829 1026 2892 1089 ac
2910 1042 3108 1088 ‘auetor
3127 1035 3362 1090 exsistit.

1866 1124 2132 1196 Chrysost.
2156 1152 2222 1166 -—
2249 1124 2631 1195 Sycophanta,
2653 1121 3208 1197 mendacla'vendunt
3231 1140 3245 1188 ;
3271 1124 3363 1178 alii

1795 1217 1933 1272 alios
1988 1216 2259 1279 fallentes,
2316 1217 2628 1286 iuramenta
2697 1210 3029 1278 insumunt;
3100 1228 3209 1267 uno
3259 1213 3366 1269 hoc

1796 1308 1967 1362 Deum
1994 1306 2252 1370 scientes,
2285 1303 2431 1374 quod
2462 1302 2933 1379 interiuramenta
2959 1304 3078 1373 ejus
3099 1304 3362 1357 memine-

1797 1405 1946 1451 1⁸11111..

1866 1485 2126 1540 Socrates.
2177 1511 2237 1525 -ο
2281 1481 2460 1536 Bonos
2501 1481 2651 1535 viros
2708 1478 2884 1543 decet,
2939 1496 3060 1534 eam
3102 1481 3365 1535 exhibere

1757 1587 2009 1651 .morum
2084 1570 2445 1640 probitatem,
2504 1583 2627 1639 qua:
2666 1567 3025 1639 jurejurando
3083 1566 3148 1620 ad
3200 1566 3363 1620 ﬁdem

1796 1664 2009 1717 firmior
2029 1662 2305 1717 videatur.

1866 1753 2260 1823 Jusjurandum
2309 1733 2554 1806 oblatum
2597 1750 2803 1822 duplici
2850 1767 2916 1806 ex
2966 1766 3131 1805 causa
3185 1751 3363 1815 susci-

146 1842 426 1913 ἢσεαυτδν
463 1841 641 1905 αἰτίας
690 1820 971 1907 ἀπολύων,
1007 1842 1042 1912 ἢ
1097 1843 1286 1911 φίλους
1338 1843 1402 1895 ὲκ
1449 1841 1694 1911 μεγάλων

1824 1820 2047 1913 ιῖιο;ὐι
2077 1861 2273 1917 nempe
2326 1853 2379 1900 te
2437 1846 2551 1915 ipse
2603 1861 2633 1899 a
2676 1820 2908 1903 crimine
2950 1844 3222 1919 absolvas,
3271 1853 3368 1909 aut

146 1933 398 1986 κινδύνων
432 1932 730 1994 διασώζων.

213 2018 439 2070 Ἕνεκεν
471 2019 771 2087 χρημάτων
818 2018 1082 2089 μηδαμῶς
1119 2019 1251 2073 Θεὸν
1291 2019 1494 2091 ὀμόσῃς
1519 2037 1533 2051 ⁶
1579 2020 1701 2091 μηδ’

115 2102 205 2155 -lv
218 2103 463 2172 εὐορκεῖν
491 2103 702 2173 μέλλεις
721 2120 737 2136 ο
775 2106 946 2171 δόξεις
966 2107 1094 2174 γὰρ,
1124 2110 1235 2170 τοῖς
1262 2107 1361 2177 μὲν
1398 2110 1698 2179 ἐπιορκεῖν,

144 2196 245 2257 τοῖς
268 2194 329 2247 δὲ
360 2194 783 2265 φιλοχρημάτως
807 2195 971 2265 ἔχειν.

774 2305 1070 2377 Ἀμφίδος.

264 2396 465 2469 Ὅστις
486 2398 595 2469 γὰρ
626 2399 904 2469 emam
919 2401 1111 2469 μηδὲν
1142 2404 1421 2469 πείθεται,

263 2467 450 2533 Αὐτὸς
477 2467 775 2536 ἐπιορκεῖν
798 2467 1017 2537 ρᾳδῖωζ·
1050 2474 1384 2527 ἐπίσταται.

209 2553 271 2605 Oi
304 2553 488 2607 πολλοὶ
518 2558 630 2620 τοῖς
663 2557 971 2627 ἀνθρώποις
996 2562 1057 2613 τὸ
1091 2562 1351 2633 εὐόρκους
1392 2556 1530 2614 εἶναι
1562 2578 1705 2632 παρ-

145 2641 379 2694 αινοῦσιν
416 2658 432 2672 ·
491 2643 603 2710 ἐγὼ
632 2646 689 2698 δὲ
722 2649 816 2701 καὶ
844 2648 943 2719 τὴν
971 2650 1143 2721 ἀρχὴν
1181 2652 1302 2722 μηδ’
1326 2652 1569 2715 εὐπετῶς
1597 2654 1700 2723 όμ-

143 2730 285 2784 νῦναι
320 2731 467 2809 δσιον
490 2733 882 2807 ἀποφαίνομαι.

140 2822 444 2877 εὐσεσίου.
476 2853 547 2867 -
577 2825 791 2897 Τρόπου
823 2829 1246 2901 καλοκαγαθίαν,
1282 2834 1444 2906 ὅρκου
1476 2835 1557 2889 δεῖ
1610 2848 1697 2888 πια

147 2911 397 2984 ποτέραν
420 2913 585 2984 ἔχειν.

690 3048 907 3103 ΛΟΓΟΣ
944 3049 1043 3105 AA'
1071 3053 1136 3106 ⁸⁷.

644 3138 783 3205 Περὶ
814 3140 1178 3208 κενοδοξίας*

220 3221 475 3278 Vana".
505 3225 770 3289 -Δόξαν
829 3230 960 3297 παρ’
1011 3220 1254 3302 ἀλλήλων
1302 3233 1693 3305 λαμϐάνοντες,

142 3308 235 3381 τὴν
258 3310 417 3376 δόξαν
443 3313 542 3385 τὴν
573 3316 721 3386 παρά
746 3316 910 3387 μόνου
934 3318 1069 3373 Θεοῦ
1100 3324 1160 3374 οὐ
1195 3323 1424 3394 ζητεῖτε.

209 3488 353 3541 Γαλ.
397 3493 462 3541 ε’.
504 3490 686 3558 -Μὴ
746 3490 1031 3561 γενώμεθα
1087 3495 1694 3571 κενόδοξῡιηάλλήλους

141 3575 585 3648 προκαλούμενοι,
611 3578 869 3651 ἀλλήλους
891 3581 937 3614 ⁸⁸
964 3581 1305 3652 φθονοῦντες.

202 3769 441 3838 Παροιμ.
474 3768 574 3835 ιβ’.
607 3800 675 3812 -
698 3773 987 3843 Κρείσσων
1025 3776 1163 3848 ἀνὴρ
1216 3779 1275 3832 ὲν
1324 3780 1516 3851 ἀτιμίᾳ
1565 3782 1689 3835 δου-

136 3855 300 3910 λεύων
346 3860 543 3929 ἑαυτῷ,
581 3862 617 3931 ἢ
650 3865 679 3916 δ
709 3864 874 3936 τιμὴν
905 3867 1083 3938 ἑαυτῷ
1113 3871 1358 3939 περιθεὶς
1386 3872 1480 3926 καὶ
1514 3888 1685 3943 προσ-

135 3944 376 4013 δεόμενος
395 3949 581 4019 άρτου.
1570 3980 1575 3984 ’

200 4036 381 4126 Σιρὰχ
414 4044 486 4090 α’.
530 4067 599 4079 -
628 4040 719 4110 Μὴ
753 4041 953 4111 ὲξύψου
983 4048 1228 4114 σεαυτὸν,
1256 4049 1343 4103 ἴνα
1373 4052 1445 4121 μὴ
1492 4053 1686 4126 πέσῃς,

135 4125 224 4178 καὶ
250 4126 462 4200 ἐπάγῃς
484 4130 552 4199 τῇ
585 4128 731 4201 ψυχῇ
766 4148 859 4186 σου
882 4134 1126 4205 ἀτιμίαν.

198 4215 381 4284 Σιρὰχ
432 4222 487 4273 ι’.
518 4245 589 4258 -
622 4218 842 4292 Μισητὴ
898 4222 1138 4279 ἐναντίον
1195 4228 1401 4299 Κυρίου
1450 4233 1543 4286 καὶ
1594 4234 1688 4288 ἀν-

138 4304 363 4374 θρώπων
390 4309 423 4377 ή
449 4309 723 4376 κενοδοξία
747 4312 811 4367 ⁶⁹.

134 4480 157 4532 ε
204 4394 483 4461 Κενόδοξοί
507 4401 646 4453 εἰσιν
696 4403 746 4455 oi
796 4404 1168 4473 πλουτίζοντες
1217 4411 1467 4477 ἑαυτοὺς,
1521 4416 1687 4485 μηδὲν

160 4499 363 4551 χοντες.
724 4550 727 4551 ,

198 4571 516 4663 BavuiL—
544 4550 832 4642 Κινόδοξός
860 4581 1027 4647 ἑστιν,
1050 4587 1078 4636 ὁ
1112 4586 1272 4659 ψιλῆς
1306 4557 1488 4643 ἕνεκεν
1506 4595 1605 4663 τῆς
1631 4596 1689 4645 ὲν

135 4657 321 4730 κόσμῳ
358 4658 513 4733 δόξης
547 4664 717 4718 ποιῶν
735 4682 788 4719 τι
814 4667 846 4738 ἢ
869 4668 1063 4738 λέγων.

198 4830 285 4901 Τῷ
313 4832 425 4888 δντι
460 4835 870 4908 θεραπευόμενα
899 4842 967 4894 τὰ
992 4844 1312 4915 ὑπερήφανα
1373 4847 1500 4919 ἤθη,
1554 4848 1685 4903 ἑαυ-

133 4922 233 4975 τῶν
262 4926 745 5003 ὐπεροπτικὼτερα
770 4934 977 5002 πέφυκε
1000 4935 1263 5002 γίνεσθαι.

207 5014 437 5086 Ὁμοίως
459 5023 569 5093 γάρ
598 5024 712 5075 ἐστι
734 5025 962 5093 χαλεπὸν
993 5028 1047 5080 ἐν
1074 5047 1132 5083 τε
1153 5033 1459 5100 δυσκολίαις
1498 5050 1687 5106 πραγ-

140 5105 321 5173 μάτων
356 5109 718 5166 ἀταπείνωτον
743 5115 839 5186 τὴν
869 5116 1043 5188 ψυχὴν
1078 5122 1469 5193 διασώσασθαι,
1509 5105 1601 5183 καὶ
1627 5105 1684 5182 ἐν

133 5198 245 5261 ταῖς
271 5198 702 5272 ὑπερηφανείαις
737 5205 812 5276 μὴ
848 5208 1170 5279 ἐπαρθῆναι.

195 5371 367 5426 Θοολ.
399 5376 649 5455 ε-Μέγα
666 5379 776 5443 τοῖς
796 5378 1099 5451 ἀνθρώποις
1140 5386 1174 5455 ὴ
1222 5389 1493 5455 κενοδοξία
1544 5392 1680 5461 πρδε

128 5457 320 5532 ἀρετὴν
352 5464 625 5532 ἐμπόδιον.

1800 1940 2004 1994 amicos
2030 1955 2059 1993 a
2087 1938 2299 2008 magnis
2332 1920 2586 2006 periculis
2619 1937 2844 1992 liberes.
3150 1996 3153 2003 ν

1866 2030 2229 2086 Pecuniarum
2283 2018 2445 2086 causa
2484 2044 2554 2083 ne
2606 2029 2777 2084 Deum
2820 2028 3117 2098 iuraveris.
3163 2042 3265 2082 nec
3320 2028 3365 2082 si

1801 2136 1993 2175 verum
2052 2122 2345 2192 iuraturus
2388 2120 2498 2184 sis;
2549 2119 2672 2173 aliis
2717 2118 2864 2173 enim
2914 2118 3187 2190 perjurus,
3245 2118 3367 2173 aliis

1799 2209 2045 2262 avaritia:
2076 2208 2269 2262 morbo
2304 2208 2551 2261 laborare
2580 2206 2877 2261 videberis.

2431 2316 2470 2369 Λ
2482 2316 2723 2385 mpltidis.
2840 2326 2844 2331 ’

1972 2405 2074 2471 Qui
2103 2405 2234 2459 nihil
2268 2404 2393 2472 ﬁdei
2432 2406 2637 2473 iuranti
2673 2405 2875 2469 tribuit,

1970 2475 2090 2545 Ipse
2114 2475 2349 2544 pejerare
2388 2474 2539 2543 facile
2581 2476 2741 2527 novit.

1867 2567 2123 2636 Plerique
2195 2565 2447 2619 homines
2512 2565 2804 2633 hortantur
2880 2563 3235 2641 suadentque
3303 2573 3366 2619 ut

1796 2673 1990 2712 verum
2025 2658 2243 2726 iurent;
2289 2671 2391 2726 ego
2420 2671 2553 2710 vero
2576 2672 2646 2710 ne
2668 2650 2918 2727 primum
2951 2657 3174 2725 quidem
3204 2656 3365 2710 factio

1793 2746 2003 2816 iurare,
2037 2754 2287 2799 sanctum
2314 2745 2741 2814 religiosumque
2775 2745 3003 2798 allirmo.

1866 2831 2102 2885 Eusebii.
2140 2861 2207 2871 —
2240 2831 2448 2885 Morum
2478 2831 2807 2899 probitatem
2858 2840 2917 2885 et
2964 2831 3361 2897 innocentiam,

1798 2921 1999 2975 habere
2027 2920 2184 2975 decet
2216 2918 2576 2990 iurisiurandi
2624 2920 2890 2991 religione
2931 2921 3255 2979 ﬁrmiorem.

2290 3053 2557 3109 SERMO
2613 3054 2886 3112 XXXIV.

2351 3146 2429 3198 De
2452 3148 2602 3199 inani
2626 3147 2818 3215 gloria.
2846 3160 2857 3170 “

1862 3236 2021 3290 Joan.
2053 3252 2106 3298 ν,
2140 3236 2229 3288 ﬂ.
2258 3263 2324 3273 —
2347 3232 2450 3297 Qui
2501 3234 2728 3302 gloriam
2761 3234 2830 3287 ab
2871 3233 3103 3289 invicem
3150 3236 3360 3306 accipi-

1794 3323 1899 3388 tis,
1933 3332 1990 3377 et
2018 3322 2270 3394 gloriam,
2323 3337 2444 3391 qua:
2496 3336 2527 3375 a
2584 3323 2704 3377 solo
2741 3323 2854 3379 Deo
2890 3333 2997 3383 est.
3057 3341 3169 3379 non
3213 3342 3362 3396 qua:-

1794 3416 1939 3470 ritis.

1863 3507 2027 3578 623
2081 3505 2261 3562 Galat.
2297 3521 2352 3570 v,
2401 3505 2494 3561 ‘26.
2536 3534 2606 3547 -—
2657 3506 2776 3562 Non
2826 3506 3129 3564 efﬁciamur
3180 3510 3360 3567 inanis

1792 3600 1983 3671 gloria)
2017 3598 2227 3670 cupidi,
2258 3598 2492 3654 invicem
2521 3609 2910 3668 provocantes,
2954 3602 3185 3656 invicem
3218 3603 3362 3657 invi--

1792 3691 2009 3746 dentes.

1801 3841 1812 3848 _
1860 3780 2015 3833 Prov.
2044 3796 2137 3842 xu,
2176 3780 2230 3833 9.
2252 3776 2319 3819 ὲ-
2344 3778 2534 3831 Melior
2555 3786 2638 3832 est
2668 3779 2753 3832 vir
2774 3780 2828 3832 in
2863 3780 3075 3835 vilitate
3106 3782 3355 3836 serviens

1788 3867 1919 3933 sibi,
1969 3882 2132 3938 quam
2180 3868 2274 3937 qui
2334 3865 2440 3919 sibi
2492 3867 2758 3922 honorem
2804 3868 3095 3935 adhibens,
3148 3869 3357 3942 indiget

1786 3973 1948 4028 pane.
2021 3956 2027 3964 ”
2318 3978 2319 3983 η
2725 3951 2748 3968 ⁸

1790 4110 1809 4121 ,
1857 4046 2021 4101 Eccli.
2055 4064 2092 4111 ι,
2126 4049 2215 4104 58.
2249 4081 2318 4092 -
2349 4051 2427 4107 Ne
2453 4049 2661 4105 exaltes
2688 4049 2949 4117 teipsum,
2980 4066 3049 4104 ne
3077 4049 3262 4115 cadas,
3302 4060 3356 4106 et

1788 4138 2017 4193 inducas
2045 4140 2239 4195 anima:
2269 4150 2376 4195 tute
2411 4139 2909 4194 inlmnorationem.

1856 4228 2021 4284 Ereti.
2055 4247 2107 4293 χ,
2141 4231 2191 4282 7.
2226 4262 2294 4271 —
2317 4229 2552 4285 Odibilis
2599 4243 2781 4282 coram
2809 4228 3043 4283 Domino
3088 4236 3144 4281 et
3168 4229 3351 4283 homi-

1785 4320 1956 4375 nibus
1991 4320 2173 4372 inanis
2210 4320 2400 4388 gloria.
2478 4320 2494 4334 ‘

1856 4408 2036 4462 Inanis
2074 4408 2263 4477 gloriae
2298 4411 2437 4464 vitio
2482 4408 2756 4474 laborant,
2786 4407 2878 4478 qui
2910 4424 2969 4463 se
3032 4408 3230 4464 divites
3271 4412 3353 4481 ia-

1792 4505 1962 4561 ctant,
1987 4513 2112 4550 cum
2146 4498 2282 4552 nihil
2317 4500 2577 4555 habeant.

1853 4586 2061 4642 Basilii.
2089 4620 2154 4629 —
2188 4590 2376 4645 Inanis
2422 4594 2605 4663 gloriae
2652 4593 2883 4662 cupidus
2929 4609 2991 4646 ac
3031 4609 3203 4646 vanus
3246 4602 3347 4658 est,

1783 4677 1877 4745 qui
1902 4678 2065 4732 nudae
2096 4680 2284 4750 gloriae
2318 4684 2503 4735 saeculi
2547 4698 2734 4747 causa,
2776 4683 3059 4752 quidpiam
3098 4682 3226 4735 facit
3256 4692 3350 4735 aut

1784 4765 1936 4820 dicit.

1852 4858 2017 4911 Plane
2053 4860 2277 4927 superbi
2322 4874 2506 4913 mores
2550 4861 2817 4929 obsequio
2864 4862 3099 4925 deliniti,
3148 4861 3350 4930 seipsis

1782 4948 2191 5017 arrogantiores
2220 4949 2337 5002 ﬁeri
2361 4964 2723 5005 consuevere.

1850 5038 2081 5093 Perinde
2117 5039 2263 5093 enim
2294 5056 2456 5110 gravo
2489 5058 2553 5096 ac
2582 5044 2811 5096 arduum
2839 5052 2941 5106 est,
2994 5052 3105 5095 tum
3155 5059 3338 5096 rerum

1782 5127 2047 5195 angustiis
2112 5127 2288 5196 iisque
2342 5117 2556 5184 alllictis
2610 5148 2718 5184 non
2768 5132 2951 5184 animo
2990 5130 3175 5199 dejici,
3230 5140 3344 5186 tum

1782 5217 1889 5269 illis
1920 5214 2242 5270 ﬂorentibus
2290 5221 2590 5289 mundique
2634 5221 2913 5289 superbia,
2947 5238 3054 5275 non
3096 5237 3161 5275 co
3193 5224 3348 5278 exal-

1785 5306 1904 5359 tari.

1858 5395 2113 5464 Theologi.
2147 5427 2215 5437 —
2245 5397 2427 5455 Inanis
2451 5401 2617 5470 gloria
2674 5402 2865 5464 grande
2901 5398 3219 5456 mortalibus
3252 5417 3340 5469 pa-

1787 5486 1969 5538 randa:
1999 5487 2219 5541 virtutis
2262 5492 2606 5545 obstaculum
2645 5494 2817 5561 ponit.
3050 5486 3053 5489 ’

862 5668 865 5673 η
1378 5611 1605 5668 VARIAZ
1640 5616 2039 5672 LECTIONES.

191 5680 243 5753 ’λ’
266 5682 327 5737 in
362 5679 527 5738 Gesn.
562 5685 713 5742 Stob.
754 5690 866 5747 165.
944 5698 1167 5753 “Gesn.
1203 5700 1467 5771 ἀλλήλοις.
1544 5706 1587 5735 ’θο
1623 5706 1758 5760 Bibl.
1801 5709 1831 5773 ἡ
1868 5708 2091 5772 im:an
2147 5712 2415 5775 superbia.
