3948 6338
601 432 706 493 903

1746 417 1805 473 S.
1844 410 2126 473 MAXIM]
2168 422 2173 458 ι

2263 410 2673 469 NFESSORIS
3272 443 3276 446 ~
3691 399 3775 462 90$

666 532 937 589 Clitarchi.
961 558 1025 570 -—
1056 526 1238 581 Satius
1264 533 1348 579 cst
1376 523 1536 587 mori,
1564 536 1724 590 quam
1764 516 2159 573 incontinentia

2335 516 2712 584 Κλητάρχου.
2745 545 2811 554 --
2840 515 3099 585 Κρεῖττον
3139 510 3451 575 ἀποθανεῖν,
3478 509 3513 577 ἢ
3542 507 3608 561 δι’
3628 509 3775 562 ἀκοα-

598 625 841 678 animum
870 620 1160 674 oﬂ'uscare.
1936 680 1941 683 _

562 742 565 747 ν
668 710 993 764 Moschionis.
1035 696 1281 756 —'Aliis
1338 700 1461 753 aliis
1525 695 1910 766 ingruentibus
1952 692 2157 747 morbis

598 818 846 872 peneque
880 798 1178 861 continuis,
1211 809 1315 848 nec
1350 808 1498 847 mors
1546 791 1663 859 ipsa
1711 789 1903 843 adesse
1940 792 2161 870 cuncta-

603 901 714 945 tur.

672 982 756 1034 Ex
776 978 1061 1033 Pha‘vorini
1090 975 1318 1044 scriptis.
1368 1000 1437 1011 -——
1493 968 1760 1023 Aristides
1803 972 2161 1036 cognomento

599 1072 806 1132 Justus,
831 1080 1087 1137 rogatus,
1128 1064 1375 1134 quandiu
1415 1062 1578 1114 liceat
1604 1060 1877 1113 hominem
1910 1058 2041 1127 justi
2074 1071 2160 1109 re-

601 1161 783 1228 ctique
806 1167 1049 1212 tenacem
1077 1156 1265 1207 vivere
1294 1170 1307 1204 :
1351 1151 1570 1217 Quoad,
1598 1149 1797 1221 inquit,
1827 1146 2162 1201 existimabit

602 1259 861 1319 prtestare
898 1247 1056 1307 mori,
1088 1259 1251 1314 quam
1297 1242 1502 1296 vivorc.

673 1340 900 1393 Amasis.
935 1367 1004 1376 —
1031 1335 1243 1389 Amasis
1267 1333 1643 1404 Egyptiorum
1669 1346 1785 1395 rex,
1816 1328 1883 1383 ad
1928 1326 2162 1380 amicum

605 1430 806 1482 amisso
844 1427 957 1479 lilio
985 1424 1404 1480 consolatoriam
1466 1422 1714 1476 scribens
1766 1436 1779 1472 :
1842 1418 1920 1480 Si,
1964 1414 2160 1483 inquit,

606 1534 731 1572 cum
751 1517 990 1569 nondum
1018 1522 1164 1569 esset
1192 1530 1300 1567 non
1328 1513 1574 1575 dolebas,
1616 1524 1686 1562 ne
1726 1522 1872 1561 nunc
1920 1504 2162 1573 quidem,

607 1626 732 1664 cum
767 1624 875 1662 non
899 1606 1131 1675 amplius
1159 1604 1380 1657 futurus
1405 1609 1507 1663 cst,
1546 1600 1733 1653 dolere
1768 1597 1953 1649 debes.

678 1700 899 1767 Diogen.
923 1724 993 1734 ——
1025 1696 1293 1763 Diogenes
1310 1692 1545 1761 Cynicus
1561 1689 1879 1757 deplorante
1907 1679 2164 1754 quodam,

603 1788 748 1858 quod
776 1800 1001 1855 peregre
1019 1785 1143 1837 fatis
1181 1783 1467 1834 iuncturus
1494 1786 1659 1838 esset.
1681 1778 1757 1831 ait
1788 1795 1801 1828 :
1835 1775 1997 1841 Quid,
2031 1775 2167 1829 stul-

606 1888 659 1930 te
679 1917 694 1940 ,
743 1875 996 1943 deploras
1026 1886 1088 1925 ac
1120 1867 1391 1938 quereris,
1428 1882 1549 1919 cum
1566 1880 1633 1918 ex
1647 1865 1794 1918 omni
1826 1865 1947 1917 loco
1974 1864 2163 1917 eadem

606 1967 674 2020 ad
700 1965 974 2017 internum
1001 1962 1085 2015 via
1103 1960 1215 2014 sit?

658 2053 920 2121 "Docebat
943 2051 1187 2121 quidem,
1226 2064 1326 2102 nos
1352 2054 1543 2101 coaclo
1568 2053 1735 2108 cmtu,
1783 2060 1909 2098 eum
1940 2043 2035 2111 qui
2067 2057 2165 2095 na-

611 2155 701 2197 tus
724 2120 816 2205 sit,
842 2120 1061 2211 quantis
1093 2138 1251 2192 malis
1274 2136 1543 2190 obnoxius
1567 2136 1771 2198 veniat,
1806 2128 1951 2186 luctu
1977 2146 2165 2201 prose-

611 2233 704 2300 qui
732 2248 747 2295 ;
779 2238 970 2284 contra
998 2241 1131 2281 vero
1161 2226 1308 2278 vivis-
1328 2223 1605 2277 sublatum
1639 2230 1695 2275 et
1725 2223 1973 2275 laborum
2004 2220 2165 2274 ﬁnem

612 2299 893 2389 adeptum,
914 2317 1130 2388 gaudio,
1159 2315 1350 2369 faustis
1378 2313 1633 2367 laudibus
1656 2328 1720 2366 ac
1741 2299 2037 2376 ominibus,
2069 2310 2168 2364 do-

615 2425 705 2465 mo
728 2410 947 2463 ell'erre.
1420 2428 1423 2435 ν
2041 2395 2065 2405 ”

686 2500 921 2567 Epicuri.
948 2528 1018 2537 —
1046 2497 1325 2552 Adversus
1361 2495 1467 2549 alia
1499 2495 1717 2563 quidem
1746 2509 1804 2547 se
1837 2502 2012 2547 tutum
2038 2508 2172 2562 pra:-

613 2601 758 2644 stare
782 2590 910 2643 licet
939 2606 955 2653 ;
981 2589 1049 2641 ad
1074 2596 1303 2641 mortem
1324 2595 1505 2640 autem
1534 2586 1679 2653 quod
1713 2585 1927 2648 attinet,
1982 2599 2173 2638 omnes

617 2681 809 2735 urbem
838 2680 1067 2732 colimus
1095 2676 1523 2745 nullopraasidio
1547 2676 1831 2728 munitam.

686 2770 934 2824 Musonii.
959 2799 1029 2808 —
1052 2769 1171 2823 Non
1196 2776 1372 2836 potest
1409 2774 1733 2834 praesentem
1765 2766 1911 2820 diem
1943 2766 2173 2832 honeste

616 2861 823 2925 vivere,
857 2860 952 2929 qui
980 2874 1089 2913 non
1110 2855 1461 2927 proposuerit
1483 2870 1608 2909 eum
1626 2870 1685 2909 se
1732 2862 2040 2909 extremum
2091 2855 2173 2909 vi-

616 2960 856 3004 cturum.

688 3038 945 3107 Polyeni.
967 3066 1036 3076 -—
1058 3038 1137 3091 Ne
1168 3038 1353 3092 doleas
1378 3052 1542 3105 super
1556 3036 1644 3089 his
1686 3036 1780 3104 qui
1819 3037 2131 3109 moriuntur
2158 3052 2173 3099 ;

2180 631 2185 637 ι
2250 607 2381 687 ,σίας
2413 606 2590 675 ψυχὴν
2616 606 2965 675 ἀμαυρῶσαι.

2327 694 2699 760 Μοσχίωνος.
2733 721 2796 731 -
2845 691 2978 752 Ταῖς
3020 690 3198 762 νόσοις
3229 689 3258 741 ὁ
3290 687 3522 751 θάνατος
3553 686 3773 756 ἀλλήλαις

2256 781 2917 851 ἑπικαταλαμὸανούσαις,
2961 780 3068 831 οὐδ’
3099 779 3258 839 αὐτὸς
3292 780 3546 847 παρεῖναι
3576 776 3773 830 ἀναϐάλ-

2256 869 2426 923 λεται.

2242 983 2246 988 ·
2316 958 2434 1025 ¹Ἐκ
2470 959 2588 1011 τῶν
2614 934 2896 1027 Φαϐωρίν.
2922 988 2993 1000 --
3033 957 3359 1027 ’Δριστείδης
3388 957 3418 1010 ὁ
3440 957 3637 1019 δίκαιος
3664 957 3774 1025 lpu-

2256 1051 2461 1119 τηθεὶς,
2481 1050 2651 1103 Πόσον
2680 1051 2795 1103 ἐστὶ
2822 1050 3011 1120 χρόνον
3034 1049 3318 1119 ἄνθρωπον
3346 1048 3511 1102 καλὸν
3537 1050 3647 1118 ζῇν,
3670 1049 3771 1117 ἔφη,

2259 1143 2405 1205 Ἕως
2450 1142 2517 1197 ἂν
2564 1141 2811 1212 ὑπολάϐῃ
2864 1140 2925 1193 τὺ
2982 1140 3233 1195 τεθνάναι
3274 1140 3371 1194 τοῦ
3422 1142 3522 1211 ζῇν
3566 1138 3774 1211 κρεῖττον

2261 1228 2421 1284 εἶναι.

2334 1323 2608 1389 Ἄμασις.
2632 1350 2702 1361 -
2726 1321 2966 1388 ’Ἄμασις
2991 1322 3019 1374 ὀ
3046 1320 3155 1374 τῶν
3192 1320 3505 1387 Αἰγυπτίων
3535 1319 3776 1388 βασιλεὺς,

2261 1411 2756 1481 φίλῳάποσαλόντι
2787 1411 2922 1477 υίδν,
2954 1412 3180 1481 γράφων
3203 1411 3672 1481 παραμυθητικὸν,
3714 1408 3778 1463 εἶ-

2261 1519 2381 1568 πεν,
2410 1503 2474 1556 Εί
2501 1503 2587 1555 ὅτε
2615 1501 2826 1555 οὐδέπω
2854 1497 2922 1571 ἦν
2949 1503 3048 1554 οὐκ
3074 1501 3295 1567 ἐλύπου,
3322 1502 3456 1572 μηδὲ
3486 1502 3577 1554 νῦν
3604 1503 3677 1554 ὅτι
3696 1500 3782 1551 οὐκ

2264 1592 2341 1644 ἔτι
2381 1591 2537 1644 ἔσται
2568 1592 2835 1662 λυπηθῇς.
3747 1657 3750 1660 ,

2333 1681 2643 1748 Διογένης.
2665 1681 3018 1752 -νΔιογένης
3042 1684 3070 1735 ὁ
3098 1682 3334 1743 Κυνικὸς
3374 1679 3683 1751 ὀδυρομένου
3713 1663 3783 1730 τι·

2265 1773 2354 1834 νὸς
2400 1761 2587 1841 ἐπειδὴ
2638 1774 2731 1827 ἐπὶ
2790 1772 2945 1841 ξένης
2990 1772 3189 1842 ημελλε
3233 1771 3510 1842 τελευτᾷν,
3564 1770 3694 1834 εἶπε,
3729 1768 3783 1821 Τί

2198 1830 2238 1887 Β
2266 1830 2452 1935 65de,
2499 1858 2545 1918 ὦ
2575 1830 2817 1935 pirate;
2840 1830 3177 1932 πανταχόθεν
3204 1861 3314 1933 γὰρ
3498 1830 3539 1931 ’ἠ
3570 1830 3694 1931 αὕτη
3716 1862 3785 1933 εἰς

2265 1953 2412 2005 ἆδου.

2276 2006 2289 2022 ⁸
2349 2041 2547 2110 Ἐχρῆν
2569 2041 2666 2112 μὲν
2692 2042 2837 2111 ἡμᾶς
2859 2040 3110 2109 σύλλογον
3131 2038 3506 2108 ποιουμένους,
3527 2037 3616 2091 τὸν
3641 2035 3786 2108 φῦντα

2266 2118 2482 2218 θρηνεῖν
2511 2137 2591 2197 είς
2615 2124 2709 2187 ’ὅσ’
2739 2121 2952 2202 ἔρχεται
2980 2132 3152 2186 κακά’
3182 2129 3274 2183 τὸν
3300 2131 3345 2183 δ’
3373 2126 3440 2184 αὖ
3464 2130 3683 2185 θανόντα
3710 2130 3788 2181 καὶ

2265 2227 2442 2280 πόνων
2468 2226 2842 2295 πεπαυμένον,
2864 2225 3174 2296 χαίροντας,
3191 2222 3591 2294 εὐφημοῦντας,
3619 2222 3789 2292 ἐκπέμ-

2267 2330 2394 2366 πειν
2421 2314 2621 2382 δόμων.

2352 2487 2644 2555 Ἐπικούρ.
2702 2516 2769 2525 —
2822 2487 2963 2557 Πρὸς
2994 2486 3093 2556 μὲν
3121 2486 3172 2538 τ’
3196 2486 3329 2540 ἄλλα
3373 2486 3596 2541 δυνατὸν
3644 2488 3791 2557 ἀσφά-

2272 2577 2427 2629 λειαν
2456 2576 2784 2646 πορίσασθαι
2802 2594 2816 2607 ·
2854 2578 3013 2647 χάριν
3042 2576 3098 2628 δὲ
3127 2576 3357 2629 θανάτου
3386 2576 3588 2641 πάντες
3611 2578 3790 2649 ἀνθρω-

2268 2684 2364 2751 ποι
2389 2670 2543 2722 πόλιν
2570 2670 2874 2740 ἀτείχιστον
2905 2669 3180 2741 οἰκοῦμεν.

2341 2762 2717 2814 Μουσωνίου.
2741 2791 2811 2801 -
2838 2761 2953 2815 Οὐκ
2981 2762 3096 2816 ἔστι
3118 2765 3214 2836 τὴν
3235 2768 3586 2837 ἐνεστηκυῖαν
3614 2766 3793 2837 ἡμέραν

2272 2851 2453 2914 καλῶς
2493 2851 2705 2921 βιῶναι,
2759 2853 2835 2923 μὴ
2882 2855 3215 2925 προθέμενον
3260 2858 3429 2929 αὐτὴν
3474 2859 3551 2923 ὡς
3591 2860 3795 2929 ἐσχάτην

2275 2940 2489 3010 βιῶσαι.
3734 2978 3739 2981 ε

2342 3035 2701 3089 Πολυαίνου.
2724 3067 2793 3076 -
2824 3036 2946 3089 Ἐπὶ
2971 3040 3083 3100 τοῖς
3103 3040 3503 3111 ἀποθνήσκουσι
3537 3042 3609 3111 μὴ
3629 3038 3792 3093 λυποῦ·

615 3137 701 3182 est
728 3128 874 3183 enim
914 3128 1029 3182 haec
1051 3128 1371 3181 necessariae
1422 3127 1544 3180 vita:
1590 3126 1832 3191 functio;
1872 3126 1967 3177 sed
2010 3139 2173 3193 super

2274 3123 2567 3211 ἀναγκαῖον
2596 3128 2704 3196 γάρ
2723 3143 2738 3156 ⁸
2777 3127 2891 3180 ἀλλ’
2916 3130 3009 3181 ἐπὶ
3037 3131 3149 3192 τοῖς
3176 3131 3416 3200 αἰσχρῶς
3445 3132 3764 3185 τελευτῶσιν.

588 3278 593 3281 τ
618 3219 708 3272 his
727 3218 821 3287 qui
846 3219 1079 3286 turpiter
1099 3216 1242 3270 diem
1268 3216 1548 3270 claudunt.

688 3292 1067 3360 Democritf—
1083 3288 1444 3369 Democritus,
1468 3320 1592 3358 cum
1634 3318 1703 3358 ex
1753 3303 2077 3379 aegritudine
2122 3302 2179 3355 in

619 3398 927 3465 lethargum
1008 3396 1293 3448 incidisset
1320 3435 1335 3459 ,
1364 3404 1585 3461 tumque
1623 3395 1935 3447 emersisset
1967 3410 1981 3446 :
2032 3392 2179 3446 Nihil

623 3484 780 3546 mihi,
812 3482 1010 3550 inquit,
1040 3480 1164 3534 vitae
1205 3496 1358 3535 amor
1407 3481 1883 3549 imponet:seque
1924 3480 2103 3547 ipsum
2148 3493 2180 3532 e

623 3573 735 3627 vita
766 3572 980 3627 eduxit.

1248 3653 1562 3713 Menandri”.

868 3750 965 3804 Ter
1001 3752 1191 3804 misera
1229 3758 1280 3802 et
1321 3766 1617 3803 aerumnosa
1653 3758 1889 3815 natura;

868 3819 1154 3888 Multisque
1171 3821 1310 3873 curis
1336 3821 1445 3871 vita
1476 3819 1693 3887 referta.
1898 3874 1901 3876 ,
1950 3818 1953 3819 ⁷

697 3910 865 3978 Major
886 3910 1185 3962 necessitas
1213 3908 1466 3962 medendi
1488 3908 1693 3972 animo,
1728 3923 1891 3977 quam
1926 3910 2178 3978 corpori:

630 4006 851 4067 prastat
878 3999 1025 4051 enim
1061 3997 1221 4060 mori,
1248 4012 1412 4064 quam
1439 3997 1580 4049 male
1600 3997 1804 4049 vivere.

1267 4086 1553 4155 Sophoclis.

768 4177 925 4230 Fidus
957 4176 1064 4239 tibi,
1091 4174 1307 4238 tumule,
1333 4176 1446 4245 quis
1470 4191 1533 4228 ea:
1557 4175 1862 4229 mortalibus
1883 4176 1909 4228 2

772 4246 884 4298 Heu
906 4247 1120 4298 mortuis
1147 4246 1166 4297 !
1196 4262 1354 4313 quam
1382 4246 1482 4297 cito
1496 4246 1610 4314 ﬂuit
1639 4245 1960 4310 brevissima,

774 4314 841 4367 Et
869 4316 1090 4383 pristina
1116 4320 1290 4375 omitas
1315 4314 1499 4366 deserit
1524 4315 1653 4366 inita
1682 4314 1908 4383 gratia}?
1970 4332 1972 4334 '

691 4400 849 4457 ’Bias.
870 4434 937 4442 —
961 4404 1106 4468 Bias,
1141 4418 1265 4459 cum
1294 4403 1415 4470 quis
1449 4404 1503 4455 in
1547 4403 1843 4456 liberorum
1898 4403 2179 4457 interitum

2346 3299 2654 3367 Δημοκρίτ.
2686 3332 2753 3342 -
2778 3296 2945 3365 Οὗτος
2978 3305 3207 3373 νοσήσας
3242 3306 3337 3359 καὶ
3368 3307 3623 3378 ληθαργῷ
3663 3323 3798 3375 περιο

2278 3386 2481 3451 πεσὼν,
2509 3389 2584 3452 ὡς
2616 3392 2899 3461 ἁνένηψεν,
2942 3393 3106 3445 Οὐδέν
3135 3410 3224 3463 με,
3259 3395 3385 3464 ἐφη,
3411 3396 3727 3467 ἐξαπατήσει
3772 3384 3800 3450 ‘l

2278 3475 2539 3543 φιλοζωῒα
2558 3495 2573 3511 ·
2614 3480 2708 3533 καὶ
2736 3482 3003 3551 ἐξήγαγεν
3026 3482 3218 3535 ἑαυτὸν
3247 3482 3339 3535 τοῦ
3364 3482 3502 3552 βίου.

2870 3656 3237 3726 Μενάνδρου.

2388 3746 2735 3823 [ριονᾴρλιόν
2760 3762 2828 3814 τε
2853 3749 2949 3823 καί
2985 3750 3361 3823 tolerle
3384 3751 3584 3819 φύσει.

2383 3816 2640 3866 Πολλῶν
2664 3830 2729 3891 τε
2763 3817 2987 3880 μεστόν
3010 3817 3141 3869 ἐστι
3170 3818 3238 3870 τὸ
3263 3817 3361 3885 ζῇν
3386 3816 3739 3887 φροντίδων.

2347 3904 2541 3973 Ψυχὴν
2588 3904 2838 3973 σώματος
2869 3907 3288 3978 ἀναγκαιότερον
3325 3910 3528 3968 ἰᾶσθαι.
3580 3910 3679 3963 Τοῦ
3710 3908 3803 3976 γὰρ

2279 3994 2467 4057 κακῶς
2487 3996 2607 4065 ζῇν,
2637 3996 2699 4048 τὸ
2724 3995 2975 4050 τεθνάναι
3005 4001 3273 4068 κρεῖσσον.

2926 4091 3181 4157 Σοφοκλ.
3259 4127 3264 4132 -

2286 4177 2487 4250 τύμϐῳ
2513 4176 2626 4250 γὰρ
2670 4177 2863 4250 οὐδεὶς
2891 4179 3104 4250 πιστὸς
3136 4180 3459 4250 ανθρώπων
3491 4184 3683 4250 φίλος.

2280 4245 2397 4315 φεῦ
2432 4244 2541 4315 τοῦ
2569 4248 2877 4315 θανόντος,
2906 4248 2986 4310 ὡς
3013 4244 3217 4315 ταχεῖα
3239 4244 3363 4312 τοῖς
3397 4244 3637 4315 ,βρὸτοῖς

2279 4312 2458 4379 Χάρις
2503 4312 2748 4380 διαρῤεῒ,
2774 4314 2872 4366 καὶ
2902 4312 3186 4381 προόοῧσ’
3216 4312 3575 4375 ἁλίσκεται..

2351 4402 2514 4465 Βίας.
2548 4431 2619 4440 -
2669 4402 2802 4465 Βίας
2852 4403 3275 4473 ἐπικαλουμένου
3306 4408 3450 4471 τινὸς
3480 4410 3573 4462 τὸν
3602 4409 3804 4463 θάνατον

637 4502 865 4547 mortem
911 4493 1209 4564 invocaret:
1260 4491 1401 4556 Quid
1442 4500 1547 4553 est,
1600 4492 1797 4559 inquit,
1856 4492 2037 4554 homo,
2082 4507 2173 4544 cur

2280 4490 2374 4545 ἐπὶ
2401 4494 2605 4546 τέκνων
2632 4495 2902 4564 ἀπωλείᾳ.
2944 4496 3071 4565 ἐφη,
3102 4498 3169 4550 Τί
3196 4498 3358 4553 αὐτὸν
3386 4502 3589 4569 καλεῖς,
3617 4502 3805 4571 ἄνθρω-

635 4585 781 4639 illam
810 4598 1052 4637 arcessas
1079 4583 1102 4635 Ἰ
1126 4582 1373 4651 nunquid
1400 4596 1507 4651 non
1538 4583 1717 4636 veniet
1731 4582 1836 4635 nisi
1866 4582 2185 4635 arcesse-ris?

703 4674 875 4744 628
905 4673 1050 4726 Idem
1080 4681 1373 4739 conspecto
1395 4673 1635 4741 proiecto
1688 4672 1948 4740 humique
1973 4673 2185 4741 jacente

637 4763 835 4833 gladio,
863 4763 1058 4827 Quem,
1091 4764 1186 4826 ait,
1214 4762 1523 4829 perdidisti,
1552 4771 1647 4815 aut
1666 4762 1791 4829 quis
1814 4762 1904 4814 te?
1980 4780 1983 4781 ν

708 4851 853 4905 Idem
896 4862 1133 4919 rogatus,
1166 4865 1409 4919 quaenam
1466 4850 1609 4901 inter
1634 4857 1836 4902 mortes
1868 4862 2014 4901 mors
2049 4848 2185 4901 mala

642 4941 801 5004 loret,
829 4942 1110 5009 respondit
1158 4957 1174 4994 :
1215 4941 1345 5005 Quae
1384 4942 1531 5009 justa
1587 4940 1766 5007 legum
1826 4928 2059 4991 censura
2111 4938 2190 4990 in-

644 5029 864 5099 ﬂigitur.

711 5120 913 5175 Socrat.
949 5119 1289 5174 —Socrates
1326 5120 1395 5171 ab
1438 5118 1859 5183 Atheniensibus
1906 5117 2191 5187 pracipitii

640 5210 946 5273 damnatus,
982 5210 1144 5264 ﬂente
1175 5212 1294 5279 ejus
1327 5223 1494 5261 uxore
1527 5208 1816 5278 Xantippe,
1873 5218 2036 5277 atque
2104 5207 2189 5259 di-

2285 4602 2389 4649 πε;
2418 4585 2516 4637 οὐκ
2546 4584 2611 4637 ἂν
2652 4585 2727 4655 μὴ
2755 4586 2987 4657 καλέσῃς
3010 4587 3169 4657 ἥξεις

2354 4668 2520 4735 Οὗτος
2564 4673 2895 4742 θεασάμενος
2946 4676 3223 4747 μάχαιραν
3282 4678 3642 4749 ἐρριμμένην,
3695 4677 3805 4745 εφη.

2288 4762 2383 4823 Τίς
2414 4778 2474 4815 σε
2503 4761 2802 4825 ἀπώλεσεν,
2830 4764 2864 4832 ἢ
2894 4764 3013 4817 τινα
3048 4764 3137 4818 σύ.

2362 4852 2423 4903 '0
2452 4851 2613 4912 αὐτὸς
2642 4851 2958 4922 ἐρωτηθεὶς,
3010 4854 3168 4918 Ποῖος
3213 4855 3323 4908 τῶν
3365 4855 3612 4909 θανάτων
3640 4848 3805 4917 κακὸς,

2259 4940 2410 5009 ἐφη,
2453 4942 2509 4992 ’0
2539 4941 2647 4993 ἀπὸ
2668 4941 2776 4994 τῶν
2804 4943 2980 5013 νόμων
3012 4946 3365 5016 ἐπαγόμενος.

2357 5116 2687 5184 Σωκράτης.
2741 5149 2811 5158 —
2881 5121 3174 5191 Σωκράτης
3226 5120 3666 5185 ,καταδικασθεὶς
3721 5120 3808 5172 ὑπὸ

2299 5206 2596 5276 Ἀθηναίων
2623 5212 3183 5281 κατακριμνησθῆναι,
3211 5210 3310 5279 τῆς
3335 5213 3591 5295 γυναικὸς
3610 5211 3808 5264 Ξανθίπο

638 5311 799 5353 cente
828 5317 840 5351 :
870 5299 1037 5363 Quam
1079 5301 1284 5367 inique,
1319 5315 1352 5353 ο
1381 5299 1653 5363 Socrates,
1698 5300 1928 5353 moreris
1956 5302 1969 5352 ι
2011 5299 2173 5354 Velle:

2287 5313 2396 5365 πης
2422 5298 2709 5367 κλαιούσης
2745 5303 2838 5352 καὶ
2866 5300 3153 5369 λεγούσης,
3179 5295 3249 5351 Ὠ
3280 5299 3589 5370 Σώκρατες,
3621 5302 3694 5363 ὡς
3713 5301 3808 5354 (Ml-

642 5390 828 5459 igitur,
846 5390 1043 5457 inquit,
1081 5392 1321 5459 mejuste
1350 5390 1488 5443 mori
1512 5391 1534 5441 ?

713 5559 880 5622 Idem,
911 5560 1127 5613 dicente
1161 5559 1392 5627 quodam
1429 5558 1791 5620 Athenienses
1829 5561 2023 5614 mortis
2058 5575 2187 5613 sen—
2236 5562 2247 5571 '

648 5648 868 5701 tentiam
904 5638 1341 5705 in'eum'dixisse
1384 5668 1396 5701 :
1431 5650 1572 5713 Quin
1620 5658 1745 5703 ante
1802 5650 1945 5717 illos,
1988 5651 2185 5719 inquit,

644 5740 856 5793 natura.

2288 5401 2396 5447 κως
2422 5385 2807 5457 ἀποθνήσκεις,
2843 5384 2987 5453 εἷπε,
3028 5390 3099 5441 Σὺ
3134 5385 3230 5442 οὖν
3265 5389 3489 5441 ἐδούλου
3518 5407 3589 5458 με
3612 5389 3807 5449 δικαίως

2278 5474 2572 5527 ἀποθανεῖν
2592 5493 2607 5541 ;

2364 5565 2423 5615 '0
2451 5566 2613 5627 αὐτὸς
2659 5566 2901 5630 εἰπόντος
2944 5568 3093 5638 αὑτῷ
3132 5568 3294 5632 τινὸς,
3341 5569 3405 5620 οι
3439 5561 3711 5639 Ἀθηναῖοί
3731 5584 3808 5622 σου

2284 5655 2510 5719 θάνατον
2549 5659 2904 5728 ἐψηφίσαντο,
2936 5658 3061 5730 ἔφη,
3089 5658 3401 5727 ΙΙρδωὶτῶν
3432 5658 3752 5730 δὲέκ-γύας
