3948 6338
189 411 382 512 921'

1356 441 1365 450 '
1450 452 1615 512 Loet
1654 449 2081 510 consumes.

3281 440 3387 506 922

183 578 332 623 ακος
362 600 380 625 ,
437 559 549 614 οἷόν
601 578 650 614 τι
698 562 811 630 φῶς
869 565 959 616 καὶ
1011 563 1258 631 διαύγεια
1309 565 1440 634 πρὸς
1491 567 1587 636 τὴν
1640 565 1746 617 τῶν

1855 579 1944 617 ceu
1975 565 2066 616 lux
2093 559 2334 630 quatdam
2365 571 2429 613 ac
2456 558 2722 612 irralians
2763 556 2958 626 fulgor,
2989 554 3051 608 as!
3091 569 3266 607 rerum
3297 555 3385 623 ju-

185 654 536 722 πραγμάτων
595 653 894 724 διάκρισιν,
932 654 1284 718 ἀδιαλείπτως
1353 656 1695 726 παρεχομένη
1726 671 1740 688 ο

183 745 308 812 ἥτις
342 742 633 815 πόρρωθεν
682 741 778 812 τὴν
801 746 896 813 τῆς
930 744 1103 813 ψυχῆς
1135 762 1227 798 σου
1262 745 1581 798 ἐπιστασίαν
1611 761 1744 812 προ-

185 831 542 900 κατασχοῦσα
567 875 582 896 ,
639 833 732 885 καὶ
779 832 876 894 τὰς
918 834 1137 902 ἀληθεῖς
1178 836 1304 898 περὶ
1335 834 1561 887 ἑκάστου
1593 833 1746 897 δόξας

185 923 692 991 προευτρεπίζουσα
716 962 730 985 ,
790 924 880 975 ὑπ’
907 924 1112 985 οὐδενὸς
1162 924 1308 976 ἐάσει
1345 940 1404 975 σε
1443 924 1549 975 τῶν
1581 941 1748 993 προσ.

185 1013 502 1064 πιπτόντων
565 1011 957 1081 ἀλλοιωθῆναιο
1025 1002 1160 1065 ἀλλὰ
1222 1013 1747 1082 προευτρεπισμένον

183 1104 247 1170 τῃ
277 1101 522 1171 διανοίᾳ,
556 1101 743 1172 ὥσπερ
774 1103 892 1158 τινὰ
922 1102 1178 1154 σκόπελον
1207 1101 1478 1172 θαλάσσης
1507 1104 1742 1169 γείτονα,

186 1191 452 1260 ἀσφαλῶς
512 1193 604 1245 καὶ
655 1193 917 1255 ἀσείστως
964 1193 1071 1245 τῶν
1105 1209 1164 1244 τε
1209 1193 1396 1261 βιαίων
1426 1194 1748 1262 πνευμάτων

189 1281 282 1332 καὶ
317 1280 431 1331 τῶν
463 1281 718 1349 κυμάτων
748 1281 846 1342 τὰς
872 1281 1170 1351 προσὸολάς
1199 1282 1508 1350 ὑπομένειν.

261 1372 438 1423 Θεολ.
462 1400 530 1410 -
557 1372 771 1424 Βέλτιον
805 1372 897 1424 τοῦ
927 1375 1122 1441 τάχους
1156 1375 1188 1442 ἡ
1217 1373 1566 1442 μακροθυμία
1589 1415 1604 1439 ,
1658 1374 1750 1426 καὶ

186 1460 290 1530 τῆς
317 1459 605 1538 αὐθαδείας
637 1463 669 1532 ἡ
703 1462 1128 1529 συγκατάϐασις.

269 1631 506 1699 Ἀγαθὸν
522 1633 844 1703 χρηστῧτητι
863 1636 1018 1705 νικᾷν
1041 1633 1372 1704 θρασύτητα,
1396 1637 1488 1688 καὶ
1512 1635 1750 1706 βελτίους

191 1725 374 1775 ποιεῖν
439 1724 562 1786 τοὺς
608 1725 959 1788 ἀδικοῦντας,
1030 1721 1110 1788 οἷς
1183 1725 1558 1797 καρτεροῦμεν
1644 1725 1751 1778 πά-

190 1825 438 1880 σχοντες.
1129 1813 1132 1816 ’

1843 653 2046 708 dicium
2083 668 2147 708 ac
2195 649 2577 722 discretionem
2619 648 2818 718 jugiter
2870 656 3192 714 suppetens;
3244 642 3385 710 quod

1843 746 1977 799 olim
2012 754 2225 799 nactum
2255 749 2312 795 ut
2340 741 2519 794 animo
2564 750 2656 793 tuo
2685 737 2988 809 praesideat,
3017 750 3277 803 verasque
3313 733 3387 785 rei

1844 838 2107 905 cujusque
2138 832 2422 901 Opiniones
2453 837 2712 898 occupato
2756 829 3008 890 instruat,
3041 829 3094 880 in
3143 825 3306 878 nullis
3338 833 3387 875 te

1845 926 2063 980 casibus
2093 939 2120 976 a
2152 913 2452 975 constantia
2477 915 2734 974 dimoveri
2762 918 2936 981 sinat;
2967 917 3059 970 scd
3096 923 3272 968 mente
3306 914 3390 965 in-
3487 917 3491 922 ‘

1844 1020 2111 1066 structum
2135 1017 2294 1075 atque
2316 1015 2581 1075 paratum,
2609 1004 2758 1057 velut
2789 1002 3070 1072 scopulum
3100 1001 3388 1070 quanulam

1845 1101 1978 1154 mari
2040 1099 2469 1168 prominentem,
2523 1107 2714 1147 secure
2766 1091 3092 1159 immotaque
3141 1089 3393 1142 ﬁrmitate.

1845 1191 2112 1254 violentos
2154 1197 2440 1240 ventorum
2474 1185 2632 1236 ﬂatus
2674 1197 2735 1236 ac
2796 1196 2916 1236 sese
2964 1179 3248 1234 allidentes
3298 1179 3396 1231 llu-

1847 1288 1988 1338 etus.
2015 1277 2282 1331 sustinere
2311 1276 2496 1329 faciat.
3155 1284 3159 1288 ”

1918 1368 2171 1438 Tlteologi.
2194 1397 2263 1406 —
2283 1365 2470 1418 Melior
2499 1374 2583 1418 est
2607 1364 2801 1419 lenitas
2831 1359 3123 1421 celeritate,
3149 1368 3203 1413 et
3229 1357 3397 1411 comi-

1851 1467 1932 1512 tas
1955 1457 2230 1524 animique
2255 1453 2581 1524 indulgentis
2600 1449 3045 1513 accommodatio,
3061 1448 3218 1518 637
3237 1461 3395 1516 quam

1849 1547 2173 1618 pervicacia.

1918 1636 2144 1688 Prtestat
2177 1632 2456 1686 audaciam
2485 1628 2902 1683 mansuetudine
2951 1626 3195 1688 vincere,
3231 1634 3394 1692 atque

1851 1726 1916 1778 ad
1949 1726 2230 1777 meliorem
2262 1723 2474 1791 frugem
2530 1719 2743 1789 injuriae
2792 1729 3063 1780 anetores,
3113 1730 3219 1783 qua
3249 1714 3396 1769 Iole-

1854 1817 2027 1870 rantia
2056 1815 2193 1868 mala
2226 1813 2486 1882 patimur,
2516 1811 2810 1865 adducere.

271 1899 558 1966 Ἀλγοῦσιν
587 1901 681 1953 καὶ
719 1903 769 1954 oi
813 1901 891 1970 τῷ
936 1904 1126 1974 κόσμῳ
1176 1905 1604 1974 προστετηκότες
1636 1905 1750 1974 (m),

1927 1906 2118 1959 Dolent
2139 1914 2195 1958 et
2225 1877 2313 1971 qui
2341 1900 2545 1954 mundo
2576 1900 2780 1953 addicti
2807 1906 2956 1961 sunt,
2994 1910 3058 1950 ac
3090 1893 3262 1947 multo
3285 1906 3400 1946 ma-

188 1988 286 2042 καὶ
322 1988 506 2058 πολλῷ
534 1990 692 2043 πλέον
723 1991 802 2060 τῷ
833 1991 951 2060 Θεῷ
983 1993 1365 2048 δουλευόντων·
1401 1995 1533 2048 ἀλλὰ
1566 1995 1755 2066 μισθὸς

189 2079 383 2140 αὐτοῖς
411 2079 470 2132 τὸ
489 2079 673 2148 ἀλγεῖν
699 2097 712 2110 ·
751 2081 885 2149 ἡμῖν
914 2081 972 2145 δὲ
1016 2081 1112 2134 καὶ
1140 2083 1198 2134 τὸ
1223 2085 1450 2152 πάσχειν
1468 2084 1754 2153 ἔμμισθον,

187 2168 322 2222 δταν
355 2169 445 2222 διὰ
474 2170 564 2222 τὸν
596 2169 726 2223 Θεὸν
760 2172 1136 2247 καρτερῶμεν.

260 2345 357 2413 Μὴ
409 2344 693 2415 γενώμεθα
736 2347 912 2400 δοῦλοι
940 2339 1118 2416 κακοὶ,
1145 2350 1466 2425 ἀγαθύνοντι
1524 2355 1623 2425 μὲν
1666 2356 1746 2421 ἐξ·

187 2434 622 2506 ομολογούμενοι
651 2438 730 2506 τῷ
777 2440 1020 2510 Δεσπότῃ
1047 2456 1062 2471 ·
1104 2442 1478 2512 παιδευόμενοι
1533 2446 1627 2511 δὲ,
1680 2446 1753 2516 μὴ

187 2525 616 2596 προστιθέμενοι
665 2542 677 2554 ·
749 2526 928 2580 καίτοι
1014 2530 1144 2583 ποτὲ
1225 2535 1476 2601 κρεῖσσον
1569 2535 1756 2602 ὑγείας

190 2617 382 2683 πόνος,
423 2615 517 2668 καὶ
541 2616 784 2686 ὑπομονὴ
835 2618 1090 2682 ἀνέσεως,
1135 2623 1230 2675 καὶ
1277 2622 1561 2695 ἐπίσκεψις
1619 2627 1756 2696 άμε-

188 2705 364 2770 λείας.
757 2721 760 2724 ’

260 2798 569 2864 Χρυσοστ.
591 2827 657 2839 --
671 2799 832 2853 Οὐδὲν
856 2799 1024 2863 οὕτως
1046 2800 1351 2870 αἰδεσίμους
1368 2806 1526 2867 ποιεῖ,
1543 2805 1616 2868 ὡς
1631 2805 1754 2869 τοὺς

190 2886 592 2958 ὑϐριζομένους
628 2888 834 2960 φέρειν.

262 3062 538 3131 Καθάπερ
553 3065 666 3126 τοῖς
685 3065 1032 3133 μετανοοῦσιν
1060 3066 1094 3134 ἡ
1125 3065 1216 3118 τοῦ
1246 3065 1380 3119 Θεοῦ
1408 3068 1753 3138 μακροθυμία

1854 1998 1956 2068 gis,
1993 2010 2153 2065 quam
2181 1993 2272 2062 qui
2327 1991 2528 2044 divinis
2580 1988 2858 2056 obsequiis
2891 1985 3184 2053 mancipati
3231 1991 3393 2036 sunt:

1853 2104 2042 2144 verum
2077 2087 2185 2140 illis
2218 2085 2320 2138 hoc
2343 2096 2554 2135 merces
2582 2088 2686 2141 est,
2714 2087 2772 2130 ut
2795 2077 3046 2139 deleant;
3071 2074 3228 2127 nobis
3245 2087 3396 2134 vero,

1852 2196 1955 2234 nec
1981 2188 2038 2233 ut
2063 2177 2202 2230 mala
2231 2175 2472 2229 feramus
2501 2169 2753 2226 mercede
2783 2176 2959 2230 vacat,
2995 2163 3158 2219 modo
3175 2169 3399 2233 propter

1852 2268 2021 2321 Deum
2060 2264 2498 2319 toleraverimus.

1921 2357 1999 2411 Ne
2031 2355 2202 2409 simus
2245 2355 2388 2408 servi
2420 2353 2585 2415 mali,
2617 2351 2713 2419 qui
2753 2344 3122 2404 benefacienti
3167 2341 3400 2398 Domino

1853 2447 2052 2519 gratias
2085 2461 2338 2515 agamus;
2371 2444 2660 2512 castiganti
2689 2455 2839 2502 vero,
2888 2439 3129 2494 animum
3164 2451 3271 2490 non
3303 2434 3401 2488 ad-

1852 2538 2138 2593 hibeamus
2170 2553 2182 2587 :
2215 2533 2428 2588 tametsi
2485 2530 2812 2600 quandoque
2863 2524 3129 2595 aegritudo
3169 2525 3400 2578 sanitate

1853 2629 2067 2691 melior,
2098 2633 2424 2696 praestatque
2479 2621 2802 2676 remissione
2851 2615 3134 2686 patientia,
3187 2623 3242 2667 et
3269 2628 3400 2667 cura

1854 2731 2015 2785 quam
2044 2714 2332 2769 securitas.

1925 2805 2282 2874 ChrysosL—
2332 2801 2476 2854 Nihil
2514 2807 2718 2853 tantam
2758 2794 3167 2850 venerationem
3216 2790 3400 2844 conci-

1752 2971 1756 2974 .
1853 2896 1972 2959 liat,
2009 2910 2073 2949 ac
2107 2891 2252 2962 quod
2309 2890 2543 2961 injurias
2603 2887 2911 2959 probra'que
2953 2885 3225 2954 patienter
3275 2881 3404 2935 feri-

1857 3002 1997 3041 mus.

1925 3072 2393 3143 Quemadmodum
2440 3068 2836 3139 pmnitentibus
2883 3065 2978 3118 Dei
3009 3064 3203 3137 lenitas
3256 3060 3405 3114 utilis

190 3151 498 3219 ὠφέλιμος,
527 3152 669 3206 οὕτω
695 3157 806 3218 τοῖς
823 3155 1120 3218 άνενδότοις
1152 3157 1246 3209 καὶ
1288 3156 1542 3228 σκληροῖς
1572 3159 1750 3229 μειζό-

1855 3174 1955 3226 est,
1994 3163 2071 3216 sic
2106 3171 2159 3215 et
2185 3161 2564 3231 pervicacibus
2591 3175 2654 3212 ac
2683 3159 2823 3210 duro
2850 3154 3012 3209 corde
3038 3153 3259 3222 majoris
3276 3167 3406 3219 sup-

190 3258 300 3294 νων
327 3239 544 3307 γίνεται
567 3243 841 3297 κολάσεων
870 3247 1158 3316 πρόφασις.

263 3331 443 3384 Ὅταν
470 3347 553 3393 τις
586 3333 868 3402 ἐπηρεάζῃ
891 3373 906 3396 ,
970 3336 1045 3406 μὴ
1082 3337 1216 3406 πρὸς
1244 3338 1406 3391 αὐτὸν
1449 3339 1583 3409 ἴδῃς,
1621 3341 1755 3397 ἀλλὰ

189 3407 330 3493 tl);
349 3421 447 3475 τὸν
480 3422 729 3475 κινοῦντα
757 3423 1016 3491 δαίμονα·
1050 3429 1144 3480 καὶ
1186 3428 1282 3497 τὴν
1325 3407 1754 3500 ὀργὴν-άπάσαν

189 3513 325 3565 κατ’
361 3513 575 3565 ἐκείνου
614 3511 847 3565 κένωσον
871 3530 885 3542 ·
926 3515 1086 3569 αὐτὸν
1132 3517 1186 3569 δὲ
1229 3519 1323 3576 καὶ
1351 3520 1490 3572 ἐλέει
1537 3522 1628 3574 τὸν
1665 3522 1756 3574 ὑπ’

191 3601 414 3655 ἐκείνου
449 3581 621 3660 κινο(
607 3619 787 3671 μενον.

259 3693 436 3746 Οὐδὲν
455 3693 562 3762 γὰρ
581 3687 724 3746 οὕτω
745 3694 1026 3765 λαμπροὺς
1050 3697 1192 3748 ποιεῖ
1211 3695 1304 3749 καὶ⁵
1324 3694 1596 3767 ζηλωτοὺς
1616 3739 1629 3762 ,
1664 3699 1757 3752 καὶ

191 3784 414 3853 μυρίων
443 3783 746 3853 ἐμπίπλησι
775 3785 1125 3852 ἀγαθῶν,ιὼς
1169 3789 1492 3858 πειρασμῶν
1532 3790 1762 3857 πλῆθος,

189 3873 288 3926 καὶ
321 3870 561 3926 κίνδυνοι
581 3872 674 3924 καὶ
705 3873 858 3926 πόνοι
878 3874 974 3928 καὶ
993 3873 1218 3944 ἀθυμίαι
1236 3891 1251 3905 ·
1294 3877 1388 3928 καὶ
1415 3877 1474 3929 τὸ
1497 3877 1759 3946 διηνεκῶς

189 3958 668 4024 ἐπισουλεύεσθαι,
706 3962 801 4014 καὶ
859 3965 986 4033 παρ’
1012 3958 1088 4018 ὧν
1120 3965 1373 4035 οὐδαμῶς
1420 3968 1606 4037 ἐχρῆν,
1666 3969 1759 4021 καὶ

191 4055 379 4107 πάντα
409 4050 601 4122 πράως
631 4050 834 4118 φέρειν.
1227 4117 1238 4125 γ’
1289 4078 1295 4082 ι

263 4228 456 4294 Ὅπερ
507 4224 615 4295 γὰρ
652 4225 716 4277 ἂν
761 4223 1021 4293 πάθωμεν
1042 4225 1240 4289 ἀδίκως
1271 4228 1399 4297 παρ’
1449 4230 1688 4295 ὁτουοῦν,
1723 4232 1756 4302 ἢ

190 4320 275 4380 εἰς
329 4315 748 4405 ἁμαρτημάτων
781 4315 1023 4370 διάλυσιν
1055 4319 1082 4369 ὁ
1122 4317 1268 4380 Θεὸς.
1308 4318 1439 4387 ἡμῖν
1485 4319 1760 4388 λογίζεται

189 4411 296 4478 τὴν
330 4408 556 4462 ἀδικίαν
590 4408 824 4476 ἐκείνην,
856 4408 888 4478 ἢ
926 4411 1006 4470 εἰς
1036 4408 1230 4477 μισθοῦ
1263 4409 1547 4465 ἀντίδοσιν.

1852 3254 1998 3326 plicii
2031 3251 2245 3306 occasio
2270 3263 2541 3317 causaque
2567 3247 2818 3302 edicitur.

1921 3342 2054 3399 Cum
2075 3343 2200 3411 quis
2229 3341 2428 3411 injuria
2459 3339 2728 3392 damnove
2765 3335 3029 3396 olfecerit,
3065 3348 3133 3386 ne
3173 3331 3236 3383 ad
3273 3342 3401 3383 eum

1855 3434 2133 3504 respicias,
2161 3433 2254 3488 sed
2290 3432 2356 3486 ad
2396 3431 2695 3485 daemonem
2723 3443 2876 3481 noxa:
2907 3426 3402 3484 incentorem,om-

1853 3541 2088 3594 nemque
2120 3526 2174 3578 in
2201 3540 2326 3577 eum
2351 3523 2486 3575 iram
2515 3519 2736 3575 eﬂ'unde
2771 3535 2783 3570 :
2816 3518 2963 3571 illius
3003 3522 3184 3570 autem
3211 3512 3405 3582 quisic

1853 3626 2045 3684 agatur
2075 3629 2138 3666 ac
2169 3613 2499 3680 impellatur,
2535 3611 2700 3663 etiam
2741 3607 3022 3660 miserere.

1922 3706 2078 3760 Nulla
2107 3704 2350 3773 profecto
2394 3718 2482 3756 res
2511 3710 2615 3765 est,
2661 3706 2782 3767 qute
2827 3698 2906 3751 sie
2957 3694 3272 3765 splendidos
3318 3692 3404 3745 di-

1856 3814 2098 3871 gnosque
2121 3796 2468 3852 aemulatione
2493 3793 2712 3855 eﬂiciat,
2759 3799 2815 3844 et
2859 3787 3127 3842 sexcentis
3185 3786 3403 3839 demum

1856 3891 2017 3945 bonis
2050 3889 2361 3958 adimpleat,
2385 3900 2449 3939 ac
2482 3884 2845 3940 tentationum
2874 3880 3032 3933 turba
3062 3887 3117 3931 et
3163 3876 3404 3946 pericula

1856 3982 2183 4050 laboresque
2220 3994 2282 4033 ac
2331 3977 2606 4041 tristitiat;
2641 3988 2854 4028 necnon
2891 3970 3240 4025 continenter
3271 3967 3408 4021 insi-

1859 4072 1962 4126 diis
1986 4048 2192 4139 appeti,
2220 4069 2458 4138 ipsorum
2484 4078 2700 4135 quoque
2738 4077 2875 4130 quos
2902 4048 3124 4112 minime
3154 4056 3404 4120 ‘deceL-at,

1858 4162 2162 4220 molitione,
2191 4166 2494 4226 cunctaque
2519 4156 2719 4210 leniter
2754 4153 2920 4207 ferre.

1927 4249 2202 4318 Quidquid
2238 4248 2384 4301 enim
2430 4246 2630 4314 injuste
2675 4254 3050 4310 aquoennque
3102 4236 3403 4304 patiamur,

1859 4349 1952 4396 aut
1978 4341 2043 4392 ad
2071 4336 2330 4391 diluenda
2360 4343 2581 4403 peccata
2617 4331 2776 4384 nobis
2832 4327 3084 4396 injuriam
3133 4326 3276 4378 Deus
3308 4325 3406 4376 im-

1857 4437 2033 4503 putat,
2064 4434 2156 4480 aut
2181 4425 2246 4478 ad
2279 4421 2546 4476 mercedis
2574 4417 3090 4474 remunerationem.

261 4501 518 4554 Νείλου.
549 4528 620 4538 -
649 4499 719 4552 Τὸ
761 4500 1063 4570 ὀλιγωρεῖν,
1107 4503 1198 4554 καὶ
1231 4502 1304 4573 μὴ
1341 4502 1514 4556 θέλειν
1548 4502 1753 4576 ὑπομέ-

1861 4492 1877 4503 ’
1929 4513 2342 4573 Nili.—-Ta:dio
2383 4512 2686 4581 negligere,
2745 4523 2847 4562 nee
2882 4507 3021 4560 mala
3072 4505 3183 4575 pati
3243 4505 3403 4563 velle,

177 4607 312 4644 'VEIV
385 4590 694 4656 συμφορὰς,
749 4592 989 4662 μεγάλης
1018 4593 1111 4646 καὶ
1159 4595 1407 4664 ποικίλης
1453 4597 1759 4666 ἀφροσύνης

190 4681 353 4736 ἴδιον.

259 4767 618 4832 Γλύκωνος.
649 4795 716 4842 -_-
738 4769 939 4833 Γνῶσις
965 4772 1097 4826 Θεοῦ
1123 4773 1209 4826 διά
1241 4775 1621 4846 μακροθυμίας
1656 4779 1753 4830 καὶ

191 4861 516 4931 πραότητος
538 4859 617 4921 εἰς
642 4859 1180 4931 άνδραγνωρίζεται.

263 4954 464 5020 Γρητ.
495 4951 764 5004 Νὐσσ.-
800 4953 863 5003 Ἡ
891 4953 984 5004 τοῦ
1015 4954 1369 5027 λοιδορεῖσθαι
1401 4961 1492 5012 καὶ
1517 4960 1758 5029 ὑϐρίζειν

189 5040 538 5100 ἀκολουθία,
575 5041 661 5092 διὰ
719 5040 1097 5110 μᾳκροθυμίας
1151 5047 1360 5101 ἵσταται
1402 5052 1498 5120 τῆς
1547 5053 1639 5104 ἐπὶ
1690 5053 1759 5105 τὰ

191 5133 398 5200 πρόσω
442 5134 656 5201 φορᾶς·
696 5131 769 5194 ὡς
813 5132 864 5184 εἴ
893 5132 954 5200 γέ
991 5151 1073 5195 τις
1119 5135 1272 5203 ὕϐρει
1328 5140 1426 5209 τὴν
1471 5142 1626 5212 ὓϐριν
1663 5143 1755 5195 καὶ

191 5219 446 5292 λοιδορίᾳ
481 5222 580 5291 τὴν
607 5223 868 5293 λοιδορίαν
896 5224 1171 5293 ἀμύνοιτο,
1199 5228 1480 5284 πλεονάσει
1519 5235 1752 5296 πάντως,

193 5313 425 5383 τρέιξων
450 5311 538 5366 διά
569 5315 676 5366 τῶν
699 5314 896 5383 ὁμοίων
917 5316 974 5367 τὸ
1001 5315 1210 5370 ἄτοπον.
1423 5314 1426 5317 ’

1859 4621 2064 4676 magna:
2094 4603 2360 4671 variaeque
2387 4600 2670 4670 proprium
2716 4597 3038 4666 insipientia:
3060 4603 3162 4649 est.

1928 4783 2144 4853 Glycon.
2183 4810 2249 4819 —
2284 4779 2378 4832 Dei
2429 4777 2658 4832 scientia
2719 4791 2816 4844 per
2845 4775 3124 4828 lenitatem
3152 4782 3207 4825 et
3258 4786 3407 4824 man-

1860 4872 2207 4929 suetudinem
2247 4870 2299 4923 in
2335 4869 2510 4920 virum
2553 4865 2918 4934 cognoscitur.

1929 4963 2083 5033 Greg.
2112 4961 2263 5030 Nyss.
2285 4989 2350 4998 -—
2371 4957 2755 5012 Conviciorum
2813 4955 3243 5025 injuriarumque
3275 4967 3405 5020 pro-

1859 5070 2076 5124 gressus
2100 5051 2323 5105 lenitate
2355 5048 2564 5101 ferendi
2597 5047 2830 5101 sistitur.
2854 5047 2986 5099 Nam
3023 5047 3064 5100 si
3102 5046 3223 5113 quis
3267 5044 3404 5109 inju—

1859 5144 1992 5196 riam
2023 5140 2241 5208 injuria,
2278 5137 2697 5206 conviciumque
2723 5137 2969 5192 convicio
2997 5135 3179 5188 ulcisci
3215 5134 3405 5185 voluc-

1859 5232 1950 5291 rit,
1982 5231 2086 5282 hoc
2114 5228 2232 5296 ipso
2267 5228 2430 5295 plane
2464 5229 2593 5281 vitia
2623 5229 2858 5297 augebit,
2884 5227 3012 5280 dum
3039 5225 3182 5294 quod
3209 5226 3402 5279 absur-

1860 5322 1988 5376 dum
2015 5329 2116 5381 est,
2143 5333 2209 5370 ex
2251 5318 2524 5372 similibus
2557 5319 2672 5372 alit.

1683 5445 1911 5512 ΝΟΤΛΕ.

277 5539 384 5620 (an)
407 5538 528 5620 ,Καὶ
561 5542 615 5589 οἱ
639 5539 722 5620 τῷ
740 5543 1454 5620 ’κόσμρζπροστετηλςότεᾳ
1477 5545 1576 5610 Qui
1611 5565 1760 5601 num-

197 5611 269 5691 έο
303 5608 668 5691 ηιίάίιίιίδτυςξ.
704 5608 1028 5691 οἱίμιόίείῐίκί
1057 5631 1070 5666 :
1104 5608 1510 5691 metaphora—ab—
1534 5617 1619 5679 iis,
1641 5633 1760 5685 qua:

199 5677 509 5758 ἐξουοῖεριει
572 5677 694 5756 aliis
735 5677 1106 5758 aﬁjljndulytur.
1163 5677 1332 5758 atque
1380 5686 1504 5738 hinc
1552 5677 1762 5738 llrrnius

201 5748 423 5805 harent
446 5764 460 5812 ;
487 5763 543 5800 re
563 5748 642 5800 sic
668 5748 915 5816 proclivi,
940 5750 1074 5804 nihil
1103 5748 1430 5822 apte'Gesn.
1490 5756 1589 5818 Qui
1651 5757 1760 5809 orbi

1857 5546 2084 5616 prwfccti
2114 5554 2254 5616 sunt.
2287 5545 2521 5598 Possunt
2542 5539 2745 5616 etorbi
2798 5539 3033 5616 praefecti
3099 5539 3392 5616 essescrvi

1858 5607 1949 5671 Dei
1969 5607 2045 5671 'ac
2079 5615 2272 5675 sancti,
2305 5630 2406 5667 nec
2435 5629 2528 5667 eos
2554 5607 2864 5678 Tlteologus
2898 5609 3005 5662 illis
3031 5607 3276 5678 opponit,
3307 5609 3400 5663 scd

1857 5687 1948 5754 qui
1985 5685 2062 5740 sic
2093 5683 2294 5738 mundo
2319 5682 2489 5737 dediti
2515 5689 2660 5746 sunt,
2688 5689 2742 5734 et
2771 5677 2838 5734 dc
2885 5677 3088 5732 mundo
3113 5685 3260 5731 sunt.
