3966 6340
145 408 243 474 9⁸5

1432 399 1601 462 LOCI
1641 398 2073 458 COMMUNES.

3253 389 3363 452 966

191 518 412 597 ,Ὥσπερ
446 511 525 582 τῷ
570 510 815 583 στρουθῷ
866 509 975 563 τῶν
1028 507 1242 579 πτερῶν
1296 506 1497 578 δφελος
1523 509 1694 573 οὐδὲν,

1868 507 1936 563 Ut
1980 506 2295 576 passerculo
2337 505 2475 559 nihil
2516 503 2739 574 prodest
2776 501 2919 571 quod
2965 500 3065 554 alis
3108 499 3389 568 pncditus.

140 605 243 659 ὀπὴ
272 604 371 674 τῆς
400 602 627 673 παγίδος
660 602 861 671 ἁλόντι,
892 600 1008 653 ἀλλ’
1042 602 1165 670 είκῆ
1206 600 1301 653 καὶ
1345 599 1521 670 μάτην
1565 616 1696 652 πτε-

145 695 442 767 ρύσσεται⁶
489 691 634 746 οὕτω
662 690 758 745 καὶ
801 690 886 743 σοὶ
928 690 1036 743 τῶν
1073 688 1350 759 λογισμῶν
1383 689 1536 743 οὐδὲν
1568 688 1695 757 δφε-

140 784 252 848 λος,
282 784 377 835 ἐὰν
425 780 769 852 κατακράτος
811 778 917 831 ὑπὸ
962 778 1062 848 τῆς
1114 778 1355 847 πονηρᾶς
1407 776 1700 845 ἐπιθυμίας

209 959 548 1016 Διονυσίου.
582 987 655 998 —
683 957 799 1011 οὐκ
842 955 1266 1025 ὴναγκασμένην
1312 953 1455 1023 ζωὴν
1505 953 1701 1023 ἔχομεν

142 1051 191 1103 oi
217 1049 520 1121 ἅνθρωποι.
569 1044 706 1099 Οὔτε
737 1045 848 1115 γὰρ
876 1045 967 1097 διὰ
1010 1044 1111 1113 τὴν
1148 1042 1257 1095 τῶν
1288 1043 1702 1113 προνοουμένων

145 1138 595 1208 αὑτεξουσιότητα
624 1136 692 1189 τά
730 1135 850 1189 θεῖα
878 1133 1035 1203 φῶτα
1086 1134 1189 1204 τῆς
1227 1135 1590 1207 προνοητικῆς
1616 1136 1702 1187 ἐλ-

146 1231 394 1302 λὰμψεως
424 1226 860 1298 ἀπαμϐλύνεται.

215 1318 484 1386 Διδύμου.
531 1346 602 1356 —
647 1315 729 1368 Τά
762 1315 864 1385 μὲν
912 1313 1141 1368 ἀκούσια
1191 1316 1561 1385 ἁμαρτήματα
1610 1314 1702 1367 καὶ

156 1410 300 1479 νόμος
335 1410 636 1478 συγχωρεῖ,
677 1407 773 1459 καὶ
799 1405 931 1468 Θεὸς
955 1408 1172 1478 παρορᾷ
1199 1407 1576 1480 φιλάνθρωπος
1602 1406 1699 1473 ὢν,

151 1502 237 1555 καὶ
258 1502 361 1555 οὐκ
385 1500 598 1569 ἀπηνὴς
625 1498 720 1551 καὶ
743 1497 851 1549 τῶν
876 1498 1160 1550 ἑκουσίων.

212 1677 427 1731 Φίλων.
452 1704 522 1715 -
544 1635 762 1743 Οὐίὼς
790 1673 853 1726 τὸ
884 1671 1147 1736 ἑκουσίως
1172 1673 1512 1744 ἁμαρτάνειν
1557 1676 1705 1729 ἐστὶν

146 1764 326 1820 ἀδικον
343 1804 358 1829 ,
393 1762 533 1816 οὕτω
555 1763 652 1816 καὶ
678 1761 953 1823 ἀκουσίως
982 1763 1073 1814 καὶ
1095 1763 1237 1815 κατά
1259 1765 1507 1831 ἄγνοιαν,
1538 1765 1705 1828 εὐθὺς

146 1826 381 1905 δίκαιον·
420 1848 561 1903 ἀλλά
597 1848 742 1918 τάχα
793 1865 897 1902 που
925 1848 1177 1920 μεθόριον
1228 1826 1453 1920 ἀμξφοῖν,
1488 1826 1701 1906 δικαίου
1738 1826 1784 1886 Β

152 1944 241 1998 καὶ
280 1943 499 2007 ἀδίκου,
540 1941 600 1995 τὸ
644 1942 749 1995 ὑπό
799 1959 962 1995 τινων
1012 1941 1345 2012 καλούμενον
1392 1945 1700 2017 ἀδιάφορον.

166 2032 494 2106 ’Δμάρτημα
516 2031 626 2103 γάρ
655 2031 813 2085 οὐδὲν
840 2032 1005 2103 ἔργον
1033 2032 1402 2104 δικαιοσύνης.

1800 604 1904 660 est,
1935 596 1980 650 si
2017 597 2212 665 laqueo
2246 596 2494 649 irretitus
2528 602 2807 659 teneatur;
2839 592 2935 648 sed
2960 591 3163 645 frustra
3184 591 3362 643 nullo-

1800 702 1909 757 que
1950 687 2241 741 commodo
2276 684 2522 740 concutit
2559 685 2701 750 alas;
2741 686 2820 739 sic
2856 692 2915 738 et
2955 683 3055 737 tibi
3094 681 3364 735 rationum

1801 777 2001 830 mentis
2050 777 2201 831 nulla
2246 776 2433 830 futura
2468 775 2697 839 utilitas,
2747 775 2792 828 si
2834 789 2999 843 prava
3070 768 3376 841 cupiditate

1807 870 2035 923 omnino
2077 877 2273 939 captus
2304 866 2560 922 tenearis.

1869 960 2129 1031 Dionysii.
2166 989 2237 1000 -ο
2280 958 2400 1013 Non
2441 974 2506 1012 ea
2549 966 2734 1012 nostra
2778 955 3063 1010 hominum
3108 955 3217 1007 vita
3262 962 3366 1015 est,

1801 1063 1923 1117 qua:
1952 1046 2276 1101 necessitate
2305 1054 2515 1115 agatur.
2540 1046 2658 1099 Non
2689 1044 2835 1098 enim
2866 1043 3073 1097 idcirco
3096 1040 3243 1109 quod
3275 1039 3366 1108 qui

1801 1138 2149 1207 providentia
2172 1126 2455 1206 reguntur,
2472 1135 2725 1190 libertate
2746 1133 2960 1187 arbitrii
2984 1131 3192 1201 νεωύίιί
3219 1140 3368 1194 sunt,

1802 1228 1987 1283 divina
2016 1227 2223 1283 lumina
2250 1227 2578 1280 illustrantis
2603 1224 2961 1295 previdentize
2983 1216 3368 1276 obseurantur.

1868 1318 2100 1389 Didymi.
2127 1348 2194 1359 —
2224 1318 2450 1393 Peccata
2484 1332 2590 1369 non
2622 1330 2687 1369 cx
2714 1315 3016 1377 voluntate,
3041 1320 3097 1366 et
3125 1312 3209 1364 lex
3241 1325 3372 1363 con-

1803 1408 1991 1467 donat.
2015 1416 2071 1461 ct
2102 1408 2245 1461 Deus
2276 1421 2413 1475 pene
2441 1405 2695 1474 despicit,
2725 1414 2784 1458 ut
2807 1405 2901 1472 qui
2936 1403 3008 1457 sit
3037 1403 3277 1455 clemens
3308 1415 3374 1455 ac
3434 1417 3439 1421 '

1804 1498 2139 1562 misericors,
2165 1513 2264 1550 nec
2290 1498 2372 1550 vel
2396 1511 2589 1549 eorum
2616 1510 2737 1563 qua:
2764 1494 3069 1547 voluntaria
3099 1498 3246 1555 sunt,
3274 1490 3373 1543 im-
3404 1488 3407 1491 ’

1760 1620 1761 1623 η
1806 1588 1954 1642 mitis
1980 1589 2123 1642 ultor
2145 1588 2392 1643 exsistat.
2442 1638 2449 1641 _

1879 1679 2129 1732 Philonis.
2161 1709 2230 1719 ——
2261 1679 2380 1733 Non
2413 1688 2475 1733 ut
2505 1677 2814 1734 voluntarie
2849 1690 3078 1745 peccare
3112 1674 3372 1741 injustum

1807 1778 1911 1834 est,
1936 1770 2015 1823 sic
2044 1784 2156 1823 non
2184 1769 2496 1824 voluntarie
2527 1779 2584 1823 et
2614 1784 2713 1838 per
2744 1764 3186 1835 imprudentiam,
3211 1762 3368 1831 66],

1809 1860 2073 1913 continuo
2106 1860 2346 1928 justum;
2386 1858 2483 1913 sed
2521 1859 2663 1912 forte
2699 1858 2986 1910 amborum
3023 1852 3239 1907 contine
3275 1852 3375 1904 ali-

1809 1952 1937 2021 quid
1966 1951 2114 2021 (justi
2145 1951 2357 2005 scilicet
2380 1965 2445 2005 ae
2474 1948 2684 2019 iniusti)
2707 1946 2854 2016 quod
2881 1944 3153 2005 nonnulli,
3175 1943 3373 1997 horum

1811 2040 2054 2095 medium
2100 2055 2164 2095 ac
2210 2038 2531 2093 indilferens
2568 2044 2785 2091 vocant.
2821 2036 3023 2089 Eorum
3066 2033 3213 2088 enim
3256 2046 3377 2099 quae

1737 2176 1763 2192 .
1813 2140 1943 2185 sunt
1976 2138 2267 2201 peccatum
2291 2144 2354 2184 ac
2385 2145 2573 2207 error,
2606 2128 2817 2182 nullum
2846 2124 3074 2196 iustitia:
3103 2137 3244 2193 opus
3278 2121 3378 2176 ha-

218 2301 580 2371 κιήμεντος.
609 2301 947 2356 -Μάλιστα
982 2301 1201 2355 πάντων
1230 2303 1577 2372 Χριπιανοῖς
1606 2307 1707 2362 οὐκ

156 2390 358 2461 ἐφίεται
389 2392 449 2445 τὸ
476 2391 611 2464 πρὸς
637 2390 759 2461 βίαν
791 2391 1134 2461 ἐπανορθοῦν
1150 2391 1219 2444 τὰ
1238 2391 1345 2445 τῶν
1376 2394 1707 2466 ἀμαρτημάο

164 2477 750 2547 ’ων-πταίσματαρού
793 2479 901 2547 γὰρ
942 2480 1070 2541 τοὺς
1123 2480 1337 2551 ἀνάγκη
1376 2483 1477 2552 τῆς
1510 2486 1709 2552 κακίας

160 2566 541 2636 ἀπεχομένους,
578 2565 715 2619 ἀλλά
738 2567 868 2629 τοὺς
900 2568 1219 2636 προαιρέσει
1237 2551 1490 2639 στεφανοί
1508 2573 1535 2623 ό
1552 2551 1710 2635 Θεὸς..

221 2658 292 2709 ού
318 2655 545 2710 δυνατόν
567 2672 688 2708 τινα
717 2655 921 2722 ἀγαθὸν
947 2653 1086 2710 εἶναι
1116 2658 1370 2727 βεϐαίως,
1394 2663 1443 2713 εἰ
1468 2662 1542 2732 μὴ
1571 2658 1737 2717 κατά’

163 2748 467 2817 προαίρεσιν
494 2745 723 2799 οἰκείαν.
760 2733 821 2799 Ὅ
842 2747 951 2817 γὰρ
973 2749 1063 2816 ὑφ’
1094 2750 1285 2820 ἑτέρου
1308 2753 1552 2822 ἀνάγκης
1579 2757 1706 2823 ἀγα.

160 2834 243 2898 θδς
266 2834 569 2903 γινόμενος,
604 2834 706 2885 οὐκ
736 2833 938 2900 ἀγαθός
961 2850 977 2864 ·
1015 2836 1099 2887 ὅτι
1143 2838 1219 2907 μὴ
1253 2838 1359 2908 ίδίᾳ
1392 2845 1710 2912 προαιρέσει

158 2927 302 2978 ἑστιν
337 2925 367 2978 ὃ
401 2924 569 2978 ἔστιν.
599 2923 676 2976 Τὸ
708 2924 818 2995 γὰρ
850 2926 1079 2979 ἑκάστου
1118 2926 1423 2999 ἐλεύθερον,
1462 2933 1712 2985 ἀποτελεῖ

160 3017 217 3068 τὸ
262 3018 429 3080 δντως
482 3015 709 3083 ἀγαθὸν,
755 3017 851 3069 καὶ
909 3017 1143 3071 δεικνύει
1196 3021 1259 3073 τὸ
1308 3021 1476 3087 ὅντως
1522 3026 1708 3079 κακόν.

167 3106 316 3160 Ὅθεν
356 3107 448 3160 διά
496 3107 607 3159 τῶν
656 3106 968 3160 ὑποθέσεων
1008 3108 1209 3162 τούτων
1257 3113 1640 3186 ἐμηχανήσατο
1683 3117 1711 3167 ὁ
1742 3153 1786 3186 η.

1815 3166 1920 3195 cui,
1971 3166 2263 3199 ...νυ-κιαι,
2314 3166 2461 3200 qum.
2525 3166 2648 3185 ,μιν
2692 3166 2895 3184 ...........
2942 3166 3047 3183 ιο..
3114 3166 3382 3194 κανων..

1740 3166 2095 3291 ᾷεορίεηιει·
2142 3222 2420 3290 disposuit
2488 3222 2633 3274 Deus
2679 3230 2739 3274 ut
2773 3220 2859 3273 his
2904 3219 3242 3289 argumentis
3270 3232 3383 3286 quo

165 3194 284 3261 θεὸς
311 3196 626 3271 φανερῶσαι
650 3198 751 3265 τὴν
788 3198 1020 3253 ἑκάστου
1052 3200 1313 3256 διάθεσιν.

231 3387 519 3457 Χοραίου.
541 3417 613 3430 -—
643 3389 717 3442 Τὸ
768 3390 832 3442 ἔκ
882 3391 1095 3459 φύσεως
1123 3394 1307 3461 καλὸν,
1322 3397 1627 3468 ,ἀδόκιμοψ
1658 3400 1718 3452 τδ

166 3478 216 3555 δι
239 3480 296 3532 ἐκ
334 3478 727 3552 προαιρέσεως,
756 3481 1065 3534 ἐπαινετόν.

207 3639 782 3726 ’Ἐπικτήτουμ-Εί
832 3657 1010 3728 βούλει
1056 3659 1344 3730 ἀταράχως
1384 3664 1478 3716 καὶ
1523 3663 1717 3735 εύαρὲ-
1768 3636 1771 3639 ν

172 3764 299 3808 στως
340 3750 464 3821 ζῇν,
496 3748 672 3820 πειρῶ
708 3749 834 3813 τοὺς
877 3748 1255 3813 συνοικοῦντας
1294 3768 1376 3804 σοι
1400 3752 1718 3824 σύμπαντας

168 3837 393 3905 ἀγαθοὺς
429 3839 596 3909 ἔχειν.
622 3838 805 3915 "Eget;
832 3840 891 3892 δὲ
919 3840 1177 3907 ἀγαθοὺς,
1207 3843 1256 3894 εί
1299 3844 1423 3906 τοὺς
1466 3843 1543 3915 μὴ
1572 3846 1719 3899 ἐκόν-

168 3942 256 3989 ⁴εας
296 3928 592 3991 παιδεύεις,
637 3930 763 3991 τοὺς
789 3929 847 3981 δὲ
885 3928 1117 3993 ἄκοντας
1150 3930 1360 4003 [ιπειτα
1391 3935 1721 4006 κεχειρωμέ-

174 4033 281 4081 νους
305 4015 418 4088 (8)]
444 4017 720 4080 ἀπολύεις.
756 4017 1131 4086 Συμφεύξεται
1155 4022 1262 4092 γὰρ
1288 4024 1399 4084 τοῖς
1430 4023 1720 4093 φεύγουσιν

171 4105 202 4175 ἠ
233 4106 499 4177 μοχθηρία
534 4106 651 4175 ἃμα
682 4106 778 4159 καὶ
805 4107 839 4176 ἡ
889 4106 1135 4160 δουλεία·
1169 4112 1720 4184 συναπολειφθήσεται

169 4194 221 4248 ἃ
242 4200 348 4261 τοῖς
374 4195 732 4268 συμϐαίνουσί
771 4210 854 4247 σοι
903 4197 938 4266 ἡ
967 4198 1270 4270 χρηστότης
1312 4202 1407 4253 καὶ
1438 4203 1472 4272 ἠ
1502 4202 1720 4257 ἐλευθε-

177 4284 280 4353 ρία.

237 4464 491 4533 Σωκράτ.
527 4494 601 4505 -
655 4466 717 4519 '0
759 4467 883 4538 μὲν-
903 4467 1166 4528 ἑκουσίως
1205 4464 1590 4537 ταλαιπωρῶν,
1634 4467 1721 4518 ἐπ’

175 4550 339 4621 ἀγαθῇ
362 4550 538 4604 ἑλπίδι
567 4553 744 4605 πονῶν
771 4553 1117 4625 εὐφραίνεται
1143 4570 1158 4585 ο
1184 4554 1240 4607 αί
1279 4554 1336 4608 δὲ
1380 4554 1721 4629 ῥᾳδιουργίαι

174 4642 261 4692 καὶ
289 4642 352 4692 εκ
400 4638 497 4693 τοῦ
538 4642 881 4712 παραχρῆμα
916 4642 1119 4713 ἡδοναὶ,
1172 4642 1296 4696 οὔτε
1348 4643 1595 4714 σώματος
1634 4645 1721 4696 εὑ·

174 4727 314 4793 εξίαν
354 4729 537 4783 ἱκαναί
564 4731 702 4783 εἰσιν
740 4730 1089 4800 ἐργάζεσθαι,
1121 4730 1245 4784 οὔτε
1285 4732 1463 4803 ψυχῆς
1497 4734 1718 4804 ἑπιστήο

181 4835 279 4889 μην
299 4818 578 4889 ἀξιόλογον
606 4819 865 4889 οὐδεμίαν
893 4820 1238 4889 ἐμποιοῦσιν.

240 4998 496 5068 ϐεστ-οὖς
527 5000 950 5070 Πυθαγορείου.
985 5029 1056 5040 ——
1082 5000 1157 5052 Τὸ
1191 5000 1288 5069 μὲν
1318 4999 1592 5063 ἀκούσιον,
1625 5002 1725 5055 οὐκ

182 5084 293 5139 ἀνευ
312 5085 491 5159 λύπης
506 5089 600 5141 καὶ
620 5089 806 5156 φόϐου·
829 5089 890 5142 τὸ
912 5089 968 5143 δι
986 5089 1253 5152 ἑκούσιον,
1272 5088 1375 5143 ,οὐκ
1391 5088 1517 5142 ἄνευ
1535 5091 1725 5162 ἡδονῆς

183 5178 267 5230 ἀἱ
292 5175 711 5249 φιλοφροσύνης.
810 5200 813 5203 λ

1812 2222 2028 2278 bentur.

1883 2312 2186 2369 Clementia.
2210 2343 2282 2353 —
2306 2312 2446 2368 Cum
2476 2312 2672 2383 primis
2704 2310 2856 2366 haud
2881 2311 3014 2366 licet
3046 2304 3379 2363 Christianis

1812 2421 1912 2475 per
1934 2404 2046 2459 vim
2073 2405 2369 2458 emendare
2392 2444 2408 2468 ,
2438 2405 2484 2459 si
2509 2405 2643 2474 quid
2673 2410 3065 2474 peccaverunt.
3091 2399 3211 2453 Non
3229 2396 3379 2452 enim

1814 2497 1909 2566 qui
1941 2478 2272 2550 necessitate
2310 2480 2344 2551 a
2368 2496 2513 2549 malo
2541 2510 2600 2549 se
2626 2493 2928 2555 abstinent,
2954 2491 3099 2544 Deus
3123 2497 3376 2550 coronat,

1817 2586 1912 2641 sed
1937 2586 2032 2655 qui
2070 2587 2272 2641 mentis
2305 2586 2589 2655 proposito
2621 2593 2679 2639 et
2706 2583 3006 2638 voluntate.

1884 2678 2031 2732 Fieri
2070 2693 2182 2732 non
2221 2686 2405 2747 potest
2434 2686 2496 2747 ut
2518 2676 2649 2746 quis
2686 2674 2848 2729 aliter
2885 2672 3042 2726 ﬁrma
3064 2667 3378 2726 constantia

1814 2766 1995 2822 bonus
2012 2772 2085 2843 sit
2105 2808 2120 2831 ,
2155 2783 2320 2837 quam
2347 2759 2445 2821 sua‘
2476 2782 2601 2843 ipse
2623 2766 2927 2820 voluntate.
2974 2763 3111 2816 Nam
3141 2760 3238 2829 qui
3265 2759 3378 2815 alio

1814 2867 2043 2925 cogente
2076 2857 2251 2909 bonus
2283 2846 2553 2921 redditur,
2595 2855 2773 2908 bonus
2796 2870 2905 2907 non
2929 2863 3015 2908 est
3041 2853 3223 2923 ;quod
3257 2866 3369 2905 non

1814 2950 2033 3018 propria
2063 2948 2347 3001 voluntate
2372 2947 2545 3011 sit,1'd
2571 2946 2721 3017 quod
2751 2934 2857 3000 est.
2903 2945 3019 3011 Qua
3045 2946 3196 2999 enim
3228 2940 3382 3014 quis-

1815 3054 1923 3109 que
1957 3039 2126 3108 pollet
2151 3038 2430 3101 libertate,
2461 3038 2513 3091 id
2542 3047 2786 3107 przestat,
2816 3037 2964 3106 quud
3005 3052 3136 3091 vere
3159 3036 3381 3094 .bonum

1815 3139 1920 3195 est,
1971 3130 2264 3199 proditque
2314 3131 2461 3200 quod
2517 3146 2648 3185 vere
2691 3130 2895 3184 malum
2942 3138 3047 3183 est.
3112 3128 3382 3194 Quocirca

1814 3313 2045 3382 quisque
2086 3312 2269 3364 animo
2295 3312 2384 3372 sit,
2418 3320 2833 3363 monstraretur.

1887 3402 2132 3457 Clioricii.
2160 3432 2230 3441 —
2254 3401 2408 3467 Quod
2431 3417 2497 3455 ex
2530 3410 2725 3455 natura
2746 3401 2951 3454 bonum
2976 3408 3082 3463 est,
3115 3414 3225 3452 non
3249 3413 3380 3468 pro-

1816 3490 2012 3555 batur;
2058 3491 2204 3559 quod
2256 3501 2438 3544 autem
2484 3506 2553 3544 ex
2592 3491 2875 3549 voluntate
2933 3490 3215 3558 animique
3259 3501 3386 3557 pro-

1815 3575 2018 3642 posito,
2043 3575 2097 3627 id
2129 3591 2261 3629 vero
2283 3577 2511 3645 dignum
2531 3577 2696 3631 laude
2720 3577 2971 3631 habetur.

1888 3663 2133 3728 Epicteti.
2161 3692 2230 3703 --
2263 3665 2318 3718 Si
2358 3665 2441 3718 vis
2474 3667 2592 3719 sine
2624 3667 3044 3734 perturbatione
3080 3682 3144 3721 ac
3169 3662 3387 3735 placide

1815 3751 2025 3813 vivere,
2063 3752 2168 3804 hoc
2216 3751 2399 3812 stude,
2444 3759 2503 3803 ut
2536 3766 2677 3818 quos
2710 3752 3046 3804 domesticos
3081 3764 3388 3817 vernasque

1818 3839 2161 3903 adhibueris,
2196 3853 2389 3891 omnes
2425 3838 2553 3891 boni
2588 3838 2719 3891 sint.
2764 3838 2822 3891 Id
2852 3847 3036 3893 autem
3070 3836 3384 3904 contigerit,

1818 3930 1865 3984 si
1895 3944 1993 3983 eos
2020 3928 2114 3998 qui
2150 3927 2354 3991 velint,
2391 3927 2650 3991 erudias;
2699 3941 2796 3981 eos
2826 3936 3011 3981 autem
3066 3926 3162 3995 qui
3205 3926 3386 3980 nolint

1819 4034 1884 4073 ac
1932 4020 2271 4073 reluctantes
2315 4017 2433 4088 (ubi
2490 4016 2692 4073 deinde
2740 4015 3075 4086 edomueris)
3117 4015 3384 4070 dimittas.

1819 4109 1937 4164 Una
1972 4110 2119 4163 enim
2161 4124 2289 4163 eum
2340 4109 2453 4162 illis
2510 4108 2855 4178 fugientibus
2908 4108 3236 4177 improbitas
3270 4108 3385 4177 ipsa

1820 4200 2251 4269 aufugietatque
2298 4199 2572 4265 servitus;
2612 4215 2831 4267 unaque
2881 4214 3006 4253 cum
3036 4198 3149 4252 illis
3180 4200 3389 4268 quibus

1751 4307 1798 4362 ι)
1826 4299 2005 4343 tecum
2044 4291 2329 4353 convenit,
2355 4290 2604 4358 probitas
2628 4299 2793 4359 atque
2841 4291 3073 4344 libertas
3121 4293 3221 4344 tibi
3267 4307 3386 4346 ma-

1826 4379 1999 4432 nebit.

1897 4466 2101 4521 Socrat.
2134 4496 2199 4505 —
2222 4466 2327 4533 Qui
2375 4477 2574 4535 sponte
2612 4468 2665 4520 in
2695 4468 2960 4521 mrumnis
2992 4476 3245 4522 versatur
3279 4483 3385 4538 qua

1827 4572 1922 4626 spe
1946 4557 2088 4610 bona
2131 4555 2379 4619 inicitur,
2431 4556 2488 4610 in
2540 4542 2826 4611 laboribus
2849 4558 3080 4611 laetatur.
3128 4557 3248 4610 Otia
3286 4572 3388 4610 au-

1830 4651 1939 4696 tem
1975 4650 2031 4695 et
2073 4642 2446 4697 tumultuariae
2482 4643 2796 4710 voluptates
2842 4657 2906 4695 ac
2952 4628 3232 4703 libidines,
3284 4655 3387 4694 nec

1832 4734 2033 4787 bonam
2084 4734 2335 4804 corporis
2390 4735 2769 4790 habitudinem
2830 4742 3090 4801 praestare
3135 4745 3385 4800 possunt,

1831 4838 1934 4877 nec
1964 4823 2134 4876 animi
2163 4817 2655 4879 scientiam'ullam
2686 4822 3027 4890 iagenerant,
3060 4836 3181 4892 quae
3210 4821 3387 4877 alicu-

1825 4914 1917 4984 jus
1946 4915 2110 4984 pretii
2143 4914 2417 4969 videatur.
3412 4904 3415 4905 ⁷

1905 5005 2119 5075 Theagis
2148 5004 2482 5076 Pythagorei.
2503 4999 2737 5067 —Quod
2766 5002 3213 5065 involuntarium,
3238 4998 3382 5053 haud

1830 5083 2020 5148 dolore
2049 5100 2309 5163 metuque
2353 5100 2539 5155 caret;
2594 5092 2741 5161 quod
2771 5103 2952 5146 autem
2988 5090 3379 5152 voluntarium,

1833 5188 2168 5256 voluptatem
2196 5200 2259 5238 ac
2289 5183 2531 5237 laztitiam
2555 5185 2813 5238 comitem
2851 5184 3039 5237 habet.

1685 5292 1915 5350 NOTAE.

247 5379 315 5449 (ι)
356 5380 602 5461 Ἔπειτα
661 5381 1371 5461 κεχειρωμένους.“11ωεξι
1419 5385 1510 5461 hic
1547 5402 1716 5461 _aqua

364 5464 469 5520 nec
494 5450 653 5504 aliter
673 5446 915 5518 expedit.
941 5446 1115 5520 quam'
1147 5452 1403 5516 dicendo,
1434 5455 1488 5506 in
1535 5446 1715 5510 Grri'co

186 5516 401 5594 editur,
427 5519 619 5594 bring
646 5516 1157 5594 καὶχειρωμῖενουςς
1207 5536 1307 5574 nos
1339 5524 1500 5589 paulo
1523 5540 1714 5579 emen-

185 5585 348 5657 datius
376 5604 441 5642 ex
494 5587 629 5642 Ball.
692 5585 1276 5657 κεχειρωμένουςῇεο
1324 5585 1518 5645 sensus
1580 5596 1719 5648 adeo

185 5653 391 5726 erilium.
425 5658 553 5712 Vult
576 5653 859 5722 nimirum,
890 5653 1032 5726 quos
1083 5661 1163 5726 sic
1198 5659 1543 5713 in‘familiam
1577 5666 1718 5717 asci-

186 5723 317 5780 veris
338 5727 554 5798 sintque
587 5726 711 5780 duri
742 5742 806 5780 ac
834 5723 1136 5796 pervicacis
1180 5730 1403 5799 ingenii,
1441 5731 1531 5785 ubi
1586 5735 1720 5788 cdo-

1823 5391 2049 5449 mueris,
2095 5405 2159 5442 ac
2215 5389 2483 5459 tantisper
2534 5392 2842 5452 delinieris,
2896 5397 3027 5441 tunc
3073 5385 3285 5456 placide
3313 5402 3378 5459 ac

1821 5460 1938 5512 sine
1963 5459 2193 5525 strepitu
2219 5457 2575 5515 diiriittCIidos
2604 5477 2742 5514 esse.
2773 5460 2848 5513 περ
2870 5459 3015 5511 enim
3070 5468 3275 5525 speetat
3298 5457 3376 5517 τὸ,

1823 5521 2274 5600 κεχειρωεὶένους.
2316 5529 2427 5582 lluc
2454 5547 2584 5585 sane
2635 5528 3040 5600 plliiOSOpiitlllt,
3066 5537 3126 5577 ut
3172 5521 3280 5600 nec;
3324 5525 3377 5578 in

1828 5593 2219 5669 ipsodisccssu
2258 5600 2527 5669 gravioris
2558 5593 2765 5669 aliquid
2799 5593 3062 5652 tumultus
3084 5606 3179 5648 aut
3201 5593 3378 5649 ull'en-

1827 5667 1997 5719 siunis
2029 5665 2172 5718 domi
2203 5668 2437 5721 accidat.
2627 5691 2635 5699 -
