3966 6340
175 461 258 526 993
1422 457 1588 517 LOCI
1626 450 1941 515 COMMUN
1947 452 2056 511 ES.

1711 581 1758 636 Δ

795 576 1031 643 Θεολόγ.

256 661 434 725 Κακὸς
467 661 519 714 δ’
545 661 773 715 ἀκούων
803 661 1118 728 αἱσχύνου,
1143 657 1228 727 μὴ
1256 659 1575 728 δυσγενής.

254 733 300 786 Γ
304 734 429 794 ἐνος
461 730 570 797 γάρ
616 733 788 790 εἰσιν,
818 728 1081 797 οίίπάλαι
1113 730 1474 794 σεσηπότες.

258 796 475 862 Γένους
501 798 836 865 προᾴρχέιν,
866 796 902 862 ἢ
929 797 1292 865 λύεινᾷτένος
1318 800 1473 858 θέλε,

262 866 347 931 Ὠς
369 862 557 919 καλὸνἱ
585 862 735 918 eli-at
764 867 842 931 of,
878 865 917 930 ἢ
963 862 1168 917 καλῶν
1194 865 1540 931 πεφυκέναι.

226 979 391 1044 Γρητ.
421 965 618 1030 Nam}.
645 1004 714 1014 —
746 975 810 1026 Ἦ
844 974 1086 1040 εὐγένεια
1112 974 1204 1026 καὶ
1232 975 1265 1042 ἡ
1301 974 1563 1042 σεμνότης
1588 973 1682 1024 τοῦ

171 1067 496 1136 ὑπερηφάνου
535 1065 596 1117 τὸ
629 1064 884 1132 συγγενὲς
919 1064 1053 1134 πρὸς
1074 1064 1172 1133 τὴν
1206 1063 1421 1115 πλίνθον
1445 1062 1575 1130 ἔχει.

229 1157 503 1221 Χρυσοστ.
531 1181 602 1193 -·-
647 1153 910 1222 Λαμπρὸν
957 1154 1052 1205 καὶ
1105 1154 1388 1222 ἐπίσημον,
1424 1153 1485 1204 οὐ
1528 1167 1686 1220 περι-

168 1245 335 1307 φάνεια
365 1243 661 1312 προγόνων,
686 1243 819 1296 ἀλλὰ
843 1243 1020 1311 ψυχῆς
1045 1242 1213 1313 ἀρετὴ
1242 1244 1396 1295 ποεῖν
1420 1240 1607 1293 εἴωθε.

775 1354 1043 1421 Εὐριπίδ.

225 1449 401 1519 οὐδὲν
431 1450 471 1519 ἡ
505 1449 770 1519 εὐγένεια
805 1451 954 1518 πρὸς
985 1453 1057 1504 τὰ
1083 1450 1374 1519 χρήματα.

226 1516 469 1588 Τὸν
503 1516 790 1572 κάκιστον
813 1516 1208 1588 πλοῦτος-ἐίςς
1234 1518 1496 1588 πρώτους
1532 1516 1677 1586 ἄγει.

225 1586 388 1654 Ὅταν
411 1586 479 1640 δὲ
517 1588 736 1654 κρηπίς.
750 1587 836 1654 μὴ
872 1586 1212 1653 καταϐληθῇ
1237 1587 1447 1654 γένους

235 1653 449 1720 Ὀρθῶς,
493 1653 719 1721 ἀνάγκη
747 1653 1069 1722 δυστυχεῖν
1098 1653 1250 1719 τοὺς
1270 1656 1573 1722 ἐκγόνους.

222 1723 346 1783 Φεῦ,
385 1723 545 1790 φεῦν
575 1723 826 1787 παλαιὸς
875 1722 1041 1788 αἶνος
1070 1725 1140 1775 οὐ
1171 1722 1364 1787 καλῶς
1399 1723 1542 1790 ἔχει,

225 1793 333 1844 Οὐκ
367 1789 443 1843 ἂν
486 1789 708 1858 γένοιτο
746 1793 1005 1858 χρηστὸς
1038 1792 1106 1844 ἐκ
1142 1792 1328 1844 κακοῦ
1368 1789 1610 1857 πατρός.

3231 439 3331 506 991

2435 559 2692 632 Theologi.

1783 654 1942 710 Mala:
1966 655 2125 724 fama:
2149 654 2376 724 pudeat;
2401 653 2597 724 humile
2617 668 2719 704 non
2745 660 2796 703 te
2824 666 2984 719 genus

1781 724 2006 778 Movent.
2027 721 2195 778 Genus
2225 731 2352 781 sunt
2375 723 2464 790 qui
2486 721 2609 773 olim
2631 729 3020 790 computruere.

1782 792 1939 845 Malis
1975 808 2134 860 genus
2159 789 2442 858 auspicari,
2481 789 2886 860 quamsolvere;

1789 861 1874 914 Uti
1903 853 2066 912 bonus
2094 875 2224 923 esse,
2256 853 2414 927 quam
2441 853 2503 910 ea}
2531 858 2676 910 bonis
2708 857 2960 924 originem
2991 853 3217 907 trahere.

1856 969 2008 1038 Greg.
2065 967 2219 1037 Nysa.
2261 996 2326 1006 —
2362 966 2598 1035 Superbi
2638 965 2899 1018 nobilitas
2948 978 3012 1017 ac
3064 963 3314 1033 majestas

1779 1057 1940 1126 operi
1973 1057 2160 1126 ﬁglino
2187 1071 2250 1111 ac
2276 1057 2436 1110 lateri
2473 1054 2649 1108 aﬂinis
2678 1061 2782 1108 est.

1855 1147 2118 1219 Cltrgs.—
2138 1147 2258 1201 Non
2278 1148 2546 1215 majorum
2571 1143 2851 1206 nobilitas,
2890 1139 2985 1194 sed
3024 1141 3191 1194 animi
3219 1140 3333 1193 vir-

1784 1244 1892 1300 tus,
1919 1234 2269 1305 splendidum
2297 1248 2360 1286 ac
2390 1232 2634 1286 nobilem
2664 1231 2828 1284 habet
2847 1236 3126 1297 praestare.

2433 1343 2678 1413 Euripid.

1781 1457 1928 1526 Nihil
1957 1473 2107 1526 gener
2138 1473 2161 1509 ε
2193 1455 2439 1509 nooilitas
2464 1456 2532 1526 ad
2562 1457 2828 1525 pecunias.

1780 1525 1922 1580 Nam
1958 1520 2039 1578 uel
2068 1526 2350 1593 pessimum
2393 1520 2658 1593 opulentia
2689 1526 2825 1576 inter
2851 1522 3049 1591 primoa
3092 1520 3330 1576 collocat.

1782 1594 1850 1663 4t
1872 1597 1919 1647 si
1942 1595 2147 1662 generis
2181 1595 2326 1663 origo
2350 1603 2490 1646 recta
2515 1609 2618 1645 non
2648 1593 2824 1660 fuerit,

1782 1661 2027 1715 Posteros
2060 1663 2117 1714 in
2150 1661 2453 1714 calamitate
2484 1663 2687 1714 uersari
2704 1676 2905 1713 necesse
2927 1673 3023 1712 est.

1781 1729 1900 1782 Non
1924 1740 2058 1783 recte
2081 1746 2137 1782 se
2158 1729 2308 1783 habet
2335 1739 2478 1782 vetus
2507 1731 2614 1781 [nec
2637 1730 2914 1790 sententia,

1781 1797 1866 1851 Ea:
1896 1798 2036 1850 malo
2061 1808 2212 1868 patre
2237 1814 2507 1866 nunquam
2534 1804 2776 1850 nascetur
2794 1796 2974 1849 bonus.

225 1917 504 1983 Θεοπόμπ.
538 1945 610 1955 --
647 1916 901 1984 Εὐγενεῖς
942 1912 1079 1969 εἷναι
1109 1915 1320 1986 νόμιζε,
1358 1915 1431 1985 μὴ
1463 1914 1588 1975 τοὺς
1616 1914 1679 1965 ὲκ

1855 1910 2186 1979 Theopompi.
2228 1939 2298 1948 —
2334 1908 2556 1964 Nobiles
2591 1908 2903 1961 existimato
2932 1923 2995 1961 ac
3043 1908 3332 1979 ingenuos,

167 2005 255 2054 τῶν
285 2005 455 2057 καλῶν
499 2007 590 2058 καὶ
628 2006 842 2072 ἀγαθῶν
891 2007 1286 2074 γεγενημένους
1310 2021 1325 2035 ο
1386 2003 1522 2057 ἀλλά
1555 2003 1682 2064 τοὺς

162 2093 285 2145 καλὰ
315 2095 407 2175 καὶ
447 2094 623 2161 ἀγαθά
654 2095 1138 2164 προαιρουμένους.

223 2266 531 2319 Θεσπίδου.
581 2295 651 2305 -——
694 2266 817 2318 Ἐπὶ
873 2264 1154 2334 προγόνων¹
1193 2263 1440 2332 εὐγενείᾳ
1494 2262 1694 2332 μηδεὶς

161 2354 499 2423 ὲγκαυχάσθω
521 2372 535 2384 θ
585 2347 751 2423 πηλὸν
781 2354 888 2423 γὰρ
917 2322 1101 2423 ἔχουσι
1140 2322 1338 2416 πάντες
1365 2322 1459 2404 τοῦ

162 2445 478 2514 προπάτορα,
513 2446 604 2498 καὶ
635 2442 684 2497 οἱ
716 2446 773 2496 ἐν
799 2445 1056 2514 πορφύρα
1086 2445 1178 2496 καὶ
1204 2443 1388 2513 βύσσῳ
1415 2443 1685 2514 τρεφόμε-

159 2549 246 2598 νοι,
273 2536 362 2587 καὶ
386 2535 434 2587 οί
457 2537 515 2587 ὲν
548 2533 706 2604 πενίᾳ
733 2533 953 2603 ἀϐύσσῳ
982 2534 1375 2604 δαπανώμενοι.

745 2643 1060 2710 Σκληρίου.

245 2751 517 2816 Πολλοῖς,
553 2750 784 2819 θηητῶν
809 2753 847 2818 ἡ
869 2751 1144 2819 μὲν-ὄψις
1174 2754 1426 2819 εὐγενής
1450 2769 1464 2784 ⁸

257 2819 318 2872 '0
352 2820 496 2885 νοῦς
529 2819 581 2872 δ’
606 2821 675 2873 ἐν
701 2821 858 2887 αὐτῇ
888 2819 1188 2888 δυσγενὴς
1214 2824 1573 2888 εὑρίσκεται.

215 2933 569 3001 Σώστρατος.
603 2962 673 2972 -
700 2931 1012 3002 Σώστρατος
1045 2933 1072 2983 ὁ
1100 2932 1336 3002 αὑλητὴς
1361 2933 1683 3002 ὀνειδιζόμε-

158 3036 232 3084 νος
259 3021 358 3075 ὑπό
384 3039 527 3083 τινος
557 3022 649 3073 ἐπὶ
692 3019 764 3091 τῷ
815 3017 1014 3089 γονέων
1041 3021 1263 3090 ἀσήμων
1294 3018 1453 3085 εἶναι,
1491 3018 1610 3074 εἷπε
1663 3038 1677 3053 ⁸

156 3111 250 3164 Καὶ
287 3113 358 3182 μὴ
382 3113 469 3166 διὰ
496 3113 656 3166 τοῦτο
681 3099 878 3181 μᾶλλον
908 3110 1133 3179 ὤφειλον
1160 3111 1556 3182 θαυμάζεσθαι,
1595 3114 1678 3166 ὅτι

133 3202 239 3253 ἀπ’
267 3202 400 3269 ἐμοῦ
433 3201 588 3268 γένος
612 3203 855 3271 ἄρχεται.

218 3292 564 3358 Φαλάριδος.
590 3320 660 3331 -
683 3291 1044 3361 Σεμνύνεσθαι
1071 3291 1168 3360 μὲν
1193 3291 1381 3362 ὦρπερ
1409 3293 1550 3361 ἀλλῳ
1575 3291 1680 3344 τινὶ

160 3380 258 3431 τῶν
295 3380 474 3433 καλῶν
497 3382 584 3432 ἐπ’
615 3379 881 3451 εὐγενείᾳ,
920 3381 1020 3433 οὐκ
1063 3383 1288 3442 ἀπεικός
1332 3383 1498 3434 ἐστιν.
1544 3379 1682 3446 Ἐγὼ

156 3468 202 3519 δὲ
234 3469 354 3538 μίαν
386 3471 585 3541 ἀρετὴν
610 3465 746 3534 οῖδα,
793 3470 862 3522 τὰ
886 3471 930 3522 δ’
972 3470 1106 3522 ἀλλα
1149 3471 1323 3522 πάντα
1353 3469 1539 3538 τύχην.
1575 3469 1683 3520 Καὶ

157 3557 335 3622 γένοιτ’
363 3560 450 3623 ἂν,
480 3561 509 3611 ὁ
533 3559 629 3627 μιν
658 3562 723 3611 ἐκ
765 3556 980 3626 φαύλων
1023 3558 1240 3623 ἀγαθὸς,
1287 3559 1378 3609 καὶ¹
1418 3558 1684 3626 βασιλέων

156 3648 239 3698 καὶ
270 3648 483 3702 πάντων
513 3647 892 3714 εὐγενέστατος
917 3665 933 3679 ο
981 3648 1008 3698 6
1040 3647 1096 3698 δὲ
1127 3647 1184 3712 ἐξ
1215 3645 1431 3714 ἀγαθῶν
1464 3646 1682 3714 φαῦλος,

157 3730 624 3798 αὒτδςαύτοῦκαὶ
653 3736 762 3789 τῶν
805 3738 1198 3791 ταπεινοτάτων
1242 3738 1679 3806 δυσγενέστατος.

159 3824 301 3877 Ὥστε
323 3825 504 3894 ψυχῆς
531 3826 746 3879 ἔπαινον
770 3824 946 3895 αὔχει,
970 3827 1044 3898 μὴ
1064 3828 1339 3899 προγόνων
1365 3827 1684 3897 τεθνηκυῖαν

156 3914 224 3974 τίς
250 3912 593 3984 ἀδοξοτέρους
614 3915 913 3982 εὐγένειαν.

219 4173 280 4228 ’0
316 4177 374 4243 ἐξ
409 4176 607 4246 ἀρετῆς
649 4178 944 4247 γεννηθεὶς,
979 4180 1185 4241 ἐκεῖνος
1225 4180 1450 4248 εὐγενὴς
1489 4180 1668 4233 εἰκονίο

182 4285 309 4322 εται.

182 4285 309 4322 εται.

153 4267 180 4329 ζ
214 4361 472 4426 Δημοσθ.
498 4387 568 4398 --
595 4356 729 4410 Οὗτε
761 4359 904 4410 σῖτον
931 4359 1150 4428 ἄριστον
1182 4360 1244 4412 ὲκ
1267 4360 1360 4412 τοῦ
1399 4360 1681 4413 καλλίστου

138 4448 320 4515 ,πεδίου
355 4448 638 4517 κρίνομεν,
687 4443 822 4500 ἀλλὰ
866 4449 956 4502 τὸν
996 4448 1211 4502 εὔθετον
1260 4450 1395 4519 πρὸς
1439 4451 1680 4517 τροφήν·

150 4534 257 4588 οὔτε
287 4537 456 4606 ἄνδρα
487 4536 821 4603 σπουδαῖονῆ
853 4536 1002 4602 φίλον
1026 4536 1229 4599 εὔνουν,
1260 4537 1349 4587 τὸν
1392 4537 1451 4599 ὲξ
1489 4529 1684 4604 ἐπιφα-

148 4623 260 4686 νοῦς
306 4624 442 4677 ὄντα
491 4623 701 4690 γένους,
734 4624 867 4676 ἀλλά
905 4623 996 4676 τὸν
1025 4625 1334 4695 ὑπάρχοντα
1384 4627 1460 4696 τῷ
1493 4627 1682 4698 τρόπῳ

150 4714 438 4780 κρείττονα.

209 4823 329 4885 Τοῖς
350 4824 599 4890 εὒτενὲσι
623 4826 713 4878 καὶ
739 4825 920 4888 καλοῖς
941 4825 1169 4894 μάλιστα
1195 4825 1528 4893 κατεπείγει,
1557 4829 1686 4880 κάλ-

149 4909 226 4974 λος
255 4914 355 4982 μὲν
390 4917 483 4967 ἐπὶ
511 4915 608 4984 τῆς
657 4915 848 4984 ὅψεως,
877 4915 1225 4984 σωφροσύνην
1257 4915 1312 4967 δὲ
1344 4917 1436 4968 ἐπὶ
1464 4917 1561 4985 τῆς
1583 4921 1685 4986 ψυ-

145 5002 257 5072 χῆς,
293 5005 549 5073 ἀνδρείαν
579 5005 637 5057 δὲ
685 5008 768 5058 ἐπ’
799 5007 1120 5076 ἀμφοτέρων
1151 5006 1353 5059 τούτων
1373 5022 1388 5034 ·
1426 5008 1582 5077 χάριν
1628 5010 1684 5060 δὲ

147 5092 229 5143 ἐπὶ
254 5095 359 5147 τῶν
379 5095 554 5161 λόγων
581 5097 834 5148 διατελεῖν
859 5096 1058 5166 ἔχουσι.

206 5183 505 5249 Διογένης.
545 5213 613 5222 -
646 5185 1050 5252 Πυνθανομένου
1078 5186 1250 5248 τινὸς,
1281 5186 1435 5248 Τίνες
1462 5187 1567 5240 τῶν
1594 5190 1684 5242 ἀν-

147 5270 366 5339 θρώπων
420 5275 837 5340 εὐγενέστατοι;
897 5277 957 5327 Oi
1006 5276 1484 5344 καταφρονοῦντες,
1542 5275 1680 5344 εἷπε,

146 5359 390 5421 πλούτου,
447 5359 624 5428 δόξης,
676 5362 885 5434 ἡδονῆς,
941 5363 1118 5429 ζωῆςο
1176 5363 1280 5414 τῶν
1325 5365 1380 5415 δὲ
1430 5366 1684 5420 ἐναντίων

151 5446 392 5514 ῖιπεράνω
420 5447 592 5512 ὄντες,
615 5452 830 5513 πενίας,
861 5450 1091 5515 ἀδοξίας,
1118 5452 1300 5517 πόνου,
1326 5453 1576 5507 θανάτου.

204 5715 434 5783 Ζήνων.
486 5743 557 5754 --
612 5715 652 5766 Ο
688 5716 843 5776 αὐτὸς
888 5716 1013 5785 ἔφη,
1071 5719 1143 5787 μὴ
1191 5719 1298 5770 δεῖν
1329 5720 1508 5787 ζητεῖν
1559 5722 1682 5784 τοίας

1785 2013 1896 2052 non
1934 1997 2031 2066 qui
2100 2012 2167 2050 ex
2226 1996 2475 2066 honestis
2512 1996 2813 2065 probisque
2860 1997 3181 2064 parentibus
3225 1995 3332 2050 orti

1781 2071 1935 2152 sunt,
1959 2086 2055 2141 sed
2086 2087 2181 2155 qui
2217 2087 2479 2140 honestos
2504 2085 2819 2153 probosque
2853 2097 3035 2138 mores
3069 2085 3332 2153 proﬁten-

1788 2186 1899 2230 tur.

1854 2262 2143 2335 Thespidis.
2196 2263 2546 2336 ——-Majorum
2571 2265 2856 2321 nobilitate
2903 2280 3066 2320 nemo
3109 2265 3332 2335 gloriari

1784 2355 1969 2411 debet.
2007 2356 2234 2412 Cunctis
2266 2358 2412 2411 enim
2441 2359 2656 2426 generis
2684 2359 2837 2424 origo
2871 2358 3046 2412 lutum
3073 2366 3176 2421 cst,
3216 2367 3331 2410 tum

1785 2445 1875 2510 iis,
1910 2446 2003 2515 qui
2035 2447 2089 2499 in
2114 2462 2356 2514 purpura
2377 2447 2618 2522 etﬂb‘ysso
2661 2439 3002 2510 nutriuntur,
3025 2443 3187 2515 676
3214 2454 3328 2498 tum

1783 2535 1877 2603 qui
1909 2535 1964 2587 in
1989 2534 2253 2587 altissima
2292 2515 2613 2602 paupertate
2643 2533 2948 2587 tabescunt.

2445 2635 2676 2702 SHeriaz.

1785 2752 1962 2806 Multis
1984 2751 2289 2806 mortalium
2322 2729 2549 2820 ingemng
2581 2754 2775 2820 facies;

1782 2820 1892 2875 Sub
1916 2837 1978 2875 ea
2007 2838 2126 2875 vero
2158 2839 2299 2875 mens
2326 2820 2598 2888 illiberalis
2633 2822 2910 2891 obtegitur.

1853 2931 2144 2986 Sostratus.
2168 2964 2235 2974 -—
2271 2931 2550 2986 Sostratus
2576 2931 2795 3000 tibicen,
2819 2949 2943 2987 cum
2978 2934 3196 3003 quidam
3227 2936 3329 2992 ob-

1775 3023 2028 3091 jectaret,
2078 3021 2223 3091 quod
2273 3037 2336 3076 ex
2368 3022 2617 3076 obscuris
2667 3025 2984 3091 parentibus
3031 3035 3330 3096 prognatus

1781 3121 1928 3167 esset
1954 3130 1966 3165 :
1990 3112 2179 3180 Atqui,
2211 3112 2409 3181 inquit,
2435 3113 2507 3167 ob
2533 3113 2584 3167 id
2625 3114 2801 3182 ipsum
2830 3115 2993 3168 debui
3025 3117 3195 3185 magis
3216 3117 3330 3169 lau‘

1702 3220 1747 3280 ρ
1780 3199 1921 3265 dari,
1956 3201 2102 3269 quod
2136 3216 2166 3253 a
2205 3216 2290 3254 me
2316 3216 2488 3270 genus
2516 3201 2737 3275 initium
2770 3201 3006 3261 duxerit.

1850 3288 2571 3345 Phataridis.—Nobilitate
2603 3289 2822 3358 generis
2862 3290 3324 3356 quemadmodum

1782 3379 1960 3448 aliqua
1989 3395 2046 3434 re
2077 3379 2183 3433 alia
2212 3380 2438 3434 honesta
2460 3377 2700 3447 gloriari,
2734 3392 2844 3430 non
2876 3377 3196 3434 indecorum
3220 3392 3325 3437 est.

1781 3468 1862 3522 Ad
1900 3484 1984 3523 me
2016 3469 2169 3537 quod
2197 3469 2410 3531 attinet,
2437 3482 2600 3520 unam
2619 3467 2878 3522 virtutem
2924 3469 3086 3535 novi;
3117 3471 3328 3540 reliqua

1782 3557 1961 3609 omnia
1978 3544 2272 3609 fortunam.
2304 3555 2375 3608 Et
2393 3555 2511 3608 ﬁeri
2541 3563 2741 3624 potest,
2769 3563 2828 3608 ut
2851 3556 2946 3625 qui
2974 3571 3040 3610 ex
3066 3559 3329 3627 improbis

1783 3653 1886 3707 est,
1911 3645 2026 3711 ipse
2058 3644 2263 3710 probus
2283 3644 2530 3707 exsistat,
2557 3660 2854 3714 regumque
2873 3655 2930 3699 et
2953 3648 3195 3701 omnium
3227 3664 3296 3702 no
3312 3676 3334 3685 -

1783 3734 2083 3787 bilissimas
2113 3732 2319 3802 fulgeat
2342 3750 2359 3798 ;
2387 3733 2480 3802 qui
2507 3742 2691 3788 autem
2712 3735 2899 3804 probis
2935 3747 3098 3790 natus
3125 3751 3326 3803 paren-

1785 3823 1932 3876 tibus
1988 3831 2092 3886 est,
2141 3824 2423 3892 improbus
2482 3824 2700 3889 audiat,
2757 3825 2982 3892 ipseque
3035 3825 3214 3892 seipse
3264 3840 3327 3878 ac

1783 3912 1994 3965 cunctis
2019 3911 2398 3981 abjectissimis
2429 3912 2721 3981 ignobilior
2749 3912 2989 3967 sordeat.
3022 3911 3197 3977 Quare
3213 3913 3329 3966 lau-

1783 4001 1906 4055 dem
1957 4002 2125 4055 animi
2174 4001 2405 4069 gloriose
2433 4000 2599 4067 jacta,
2646 4014 2754 4053 non
2798 3998 2856 4052 in
2904 3999 3326 4056 obscurioribus

1782 4093 2019 4159 posteris
2040 4092 2364 4145 exstinctam
2393 4092 2662 4160 majorum
2693 4089 3056 4148 nobilitatem.

1853 4183 1956 4248 Qui
1989 4198 2056 4235 ex
2080 4172 2284 4236 virtute
2337 4189 2499 4232 natus
2540 4186 2641 4241 est,
2677 4178 2723 4231 is
2780 4192 3078 4246 generosus
3118 4179 3328 4251 eﬂingi-

1787 4281 1894 4325 tur.
2293 4282 2300 4286 ”

1852 4355 2504 4429 Demosth—Optimum
2556 4357 2798 4410 triticum
2840 4372 2948 4410 non
3002 4373 3068 4411 ex
3121 4361 3330 4427 optimo

1785 4461 1914 4516 agro
1955 4448 2312 4510 azstimamus,
2343 4446 2438 4502 sed
2470 4463 2536 4502 ex
2561 4462 2628 4502 eo
2657 4447 2803 4516 quod
2832 4447 3012 4499 cibum
3063 4449 3326 4515 optimum

1713 4520 1757 4574 D
1784 4536 2026 4604 prmbeat
2060 4554 2074 4589 :
2110 4551 2213 4591 nec
2250 4537 2431 4590 virum
2456 4537 2660 4591 bonum
2689 4545 2784 4589 aut
2823 4535 3058 4589 amicum
3087 4536 3328 4591 benevo-

1781 4627 1919 4691 lum,
1940 4626 2034 4695 qui
2064 4641 2131 4680 ex
2196 4627 2398 4681 illustri
2426 4635 2728 4695 prognatus
2761 4639 2957 4695 genere
2983 4626 3074 4690 sit,
3105 4627 3198 4681 sed
3233 4630 3329 4696 qui

1783 4718 2006 4787 optimis
2033 4718 2280 4772 moribus
2309 4718 2424 4787 ipse
2451 4718 2645 4770 niteat.
2701 4759 2703 4762 ‹

1851 4827 2108 4896 lngeuuis
2141 4827 2434 4896 probisque
2456 4827 2687 4880 maxime
2718 4827 3009 4892 incumbit.
3033 4837 3096 4882 ut
3117 4829 3172 4882 in
3193 4829 3330 4884 facie

1783 4917 2061 4981 decorem,
2087 4917 2144 4970 in
2168 4918 2352 4970 animo
2384 4916 2736 4971 sobrietatem
2773 4925 2829 4972 et
2877 4919 3246 4987 prudentiam,
3272 4921 3327 4974 in

1782 5007 2049 5060 ambobus
2108 5005 2512 5070 fortitudinem,
2565 5007 2621 5061 in
2662 5023 2915 5064 sermone
2962 5011 3189 5078 gratiam
3232 5009 3329 5062 ba-

1783 5096 1967 5149 beant.

1850 5184 2122 5253 Diogenes.
2155 5211 2177 5224 -
2211 5184 2500 5254 Diogenes,
2530 5187 2765 5255 quodam
2786 5203 2853 5241 ex
2880 5187 2974 5240 illo
2997 5188 3327 5255 sciscitante,

1782 5273 2010 5338 Quinam
2065 5273 2347 5328 hominum
2414 5276 2743 5332 nobilissimi
2785 5286 2971 5332 essent
3011 5295 3329 5349 summeque

1783 5363 2004 5433 ingenui
2039 5380 2051 5414 :
2090 5363 2152 5424 li,
2194 5364 2392 5433 inquit,
2444 5367 2539 5436 qui
2571 5368 2810 5432 divitias,
2855 5370 3117 5437 gloriam,
3172 5372 3331 5423 volu-

1783 5463 2007 5523 ptatem,
2044 5455 2210 5508 vitam
2236 5466 2634 5523 contemnunt;
2685 5467 2848 5534 atque
2882 5461 2967 5513 his
3013 5461 3326 5523 contrariis,

1783 5553 2121 5612 paupertate,
2147 5556 2466 5619 contemptu
2486 5591 2500 5614 ,
2532 5550 2740 5614 labore,
2795 5562 2966 5604 morte
3017 5548 3328 5617 superiores

1785 5634 2082 5692 exsistunt,

1857 5722 2176 5778 Zenon.-—ls
2211 5725 2431 5781 dicebat
2459 5745 2470 5779 :
2510 5726 2872 5792 Quaerendum
2899 5742 3007 5781 non
3031 5740 3172 5790 esse,
3193 5724 3328 5779 sint-
