3966 6340
150 396 260 463 591

852 510 1020 561 Θεολ.

209 601 417 663 rum
446 599 702 666 γέλωτος
833 597 1163 666 φρονοῦσιν
1190 598 1356 664 ἄξιος
1376 640 1390 664 ,

213 665 495 721 Μάλιστα
524 666 640 733 μὲν
666 665 783 730 πᾶς
807 704 824 726 .
851 667 918 718 τὸ
950 665 1138 718 πλέον
1173 667 1225 718 δ’
1259 671 1291 720 d
1325 669 1623 734 πορνικός.

211 736 421 800 rem
451 736 723 800 ἄτακτος,
746 735 1029 802 συλλέγει
1058 735 1156 787 καί
1181 735 1460 802 δάκρυον.

211 864 458 927 Γέλωτος
493 864 662 934 θυμὸς
706 864 928 934 ἔμφρων
984 864 1421 936 προτιμώτεροςο
1457 867 1706 936 αὐστηρᾷ

140 955 252 1024 γὰρ
273 954 522 1008 διαθέσει
549 952 864 1022 προσώπου,
905 953 1264 1024 κατορθοῦται
1298 954 1463 1024 ψυχή.

207 1046 278 1098 Δί
319 1044 420 1113 μὲν
451 1042 630 1097 τοίνυν
666 1043 777 1095 τῶν
827 1042 1006 1112 σοφῶν
1037 1043 1205 1114 ψυχαὶ
1254 1045 1701 1114 σκυθρωπάζουσι

141 1137 234 1186 καὶ
275 1134 689 1187 συστέλλονται·
722 1134 779 1186 αἰ
820 1132 878 1186 δὲ
916 1132 1024 1187 τῶν
1051 1134 1300 1204 ἀφρόνων
1342 1135 1700 1206 ἐπαιρόμεναι

139 1223 467 1295 διαχέονται.

180 1317 519 1382 ,Χρυσοσι
547 1341 616 1356 -
640 1314 703 1368 Εἰ
728 1314 904 1385 βούλει
927 1313 1094 1379 δεῖξαι
1126 1313 1310 1383 σαφῶς
1336 1316 1488 1385 ἡμῖν,
1519 1315 1600 1367 ὅτι
1637 1316 1698 1366 οὐ

140 1405 353 1476 χαίρεις
385 1405 584 1475 αἰσχρά
631 1406 1017 1475 φθεγγόμενος,
1063 1406 1194 1475 μηδὲ
1228 1405 1446 1458 ἀκούειν
1481 1405 1695 1474 ἀνέχου.

137 1492 252 1548 Νῦν
280 1493 341 1546 δὲ
387 1493 518 1545 πότε
567 1494 772 1564 δυνήσῃ
812 1495 938 1555 τοὺς
998 1494 1133 1566 ὑπὲρ
1197 1497 1296 1564 τῆς
1347 1496 1698 1565 σωφροσύνης

142 1583 376 1654 ἰδρῶτας
417 1584 680 1650 ἐνεγκεῖν,
709 1580 850 1635 κατά
904 1585 1100 1654 μικρὸν
1147 1584 1430 1655 ὑπορρέων
1469 1586 1570 1637 ὑπὸ
1602 1586 1696 1639 τοῦ

138 1673 400 1741 γέλωτος,
462 1673 556 1725 καὶ⁵
603 1672 709 1725 τῶν
757 1672 996 1743 αἰσχρῶν
1010 1671 1224 1728 ’τούτων
1258 1676 1550 1745 ῥημάτων;
1602 1678 1696 1729 καὶ

139 1761 446 1830 ἀγαπητὸν,
501 1762 756 1816 ἁπάντων
801 1763 1006 1816 τούτων
1056 1763 1470 1832 καθαρεύουσαν
1517 1765 1694 1838 ψυχὴν

139 1850 433 1920 δυνηθῆναι
461 1850 712 1917 γενέσθαι
736 1852 937 1921 σεμνὴν
958 1852 1052 1905 καὶ
1086 1852 1356 1922 σώφρονα.

207 1942 282 1993 οὐ
322 1939 404 1992 δεῖ
451 1939 789 2008 φιλογέλωτα
843 1938 1004 1994 εἶναι.
1044 1942 1235 2011 Σχεδὸν
1285 1942 1391 2012 γὰρ
1438 1943 1564 1995 ὅταν
1613 1961 1695 2006 τις

140 2028 463 2098 ὲφηδυνθείη
492 2028 570 2100 τῷ
603 2028 784 2099 πολλῷ
807 2029 1046 2099 ίγὲλωτι,
1092 2030 1316 2100 ἰσχυρὰν
1338 2031 1432 2082 καὶ
1462 2031 1693 2099 μεταδο-

145 2119 240 2187 λὴν
265 2117 360 2170 τὸν
393 2116 654 2172 τοιοῦτον.

217 2295 322 2348 ἐκ
371 2290 490 2347 τῶν
525 2293 899 2360 Ἐπικτήτου.
927 2322 996 2336 -
1033 2293 1116 2362 Τὰ
1156 2293 1324 2347 πολλά
1346 2293 1401 2347 δὲ
1427 2293 1489 2345 τὸ
1531 2292 1694 2362 γελᾷν

140 2382 361 2436 ἀπέστω
413 2382 511 2435 καὶ
551 2383 612 2435 τὸ
657 2383 866 2451 γέλωτα
915 2385 1105 2437 κινεῖν.
1146 2383 1457 2453 Ὀλισθηρδς
1524 2383 1631 2454 γὰρ
1667 2383 1695 2433 ὁ

139 2473 298 2532 τόπος
342 2473 423 2533 εἰς
461 2471 790 2540 ἰδιωτισμόν.

219 2557 281 2613 '0
303 2559 478 2628 γέλως
525 2561 600 2629 μὴ
627 2560 795 2623 πολὺς
832 2560 992 2623 ἔστω,
1023 2561 1158 2629 μηδὲ
1192 2559 1284 2612 ἐπὶ
1310 2559 1542 2621 πολλοῖς.
1575 2556 1694 2609 Δεί-

141 2666 294 2712 πνοις
320 2652 444 2711 τοῖς
471 2648 575 2712 ἔξω
603 2651 698 2702 καὶ
726 2651 1014 2713 ἰδιωτικοῖς
1041 2651 1102 2703 τὸ
1132 2651 1266 2703 πολὺ
1293 2648 1555 2713 ἀπόταξαι
1580 2665 1596 2682 ο
1631 2647 1698 2700 ἂν

144 2739 200 2792 δὶ
255 2739 484 2808 γένηται
531 2739 758 2809 καιρὸς,
807 2740 1101 2808 φυλάσσου.
1140 2740 1278 2793 Ἴσθι
1335 2741 1442 2808 γὰρ
1493 2740 1576 2792 δτι
1630 2739 1696 2790 ἂν

139 2829 321 2899 ἕτερος
403 2827 828 2899 μεμολυσμένος,
855 2830 949 2881 καὶ
975 2829 1066 2882 τὸν
1101 2829 1285 2900 ἕτερον
1320 2827 1697 2898 ἔμπλησθῆναι

141 2919 351 2990 ἀνάγκη
361 2957 376 2970 .

220 3009 506 3077 Ἰσοκράτ.
535 3008 726 3078 -Μὴ
780 3009 953 3080 παρὰ.
983 3009 1165 3077 γέλοια
1213 3008 1514 3074 σπούδαζε,
1562 3007 1698 3078 μηδὲ

141 3099 286 3169 παρὰ
318 3099 390 3152 τὰ
421 3100 682 3152 σπουδαία
707 3102 816 3162 τοῖς
838 3100 1063 3166 γελοίοις
1099 3101 1274 3170 χαῖρε.
1309 3098 1380 3151 Τὸ
1410 3099 1516 3168 γὰρ
1540 3098 1697 3151 ἄκαι-

145 3204 248 3257 ρον,
281 3171 568 3257 πανταχοῖί
584 3188 844 3257 λυπηρόν.
1548 3260 1554 3265 _

205 3277 579 3343 Μοσχίωνος.
619 3305 690 3317 -
726 3276 892 3347 Γελᾷν
921 3279 948 3329 ὸ
975 3276 1141 3330 θέλων
1191 3277 1327 3352 μετά
1388 3279 1691 3350 μειρακίου,

143 3365 365 3434 αἰσχρὰς
393 3363 580 3435 ὕϐρεις
600 3365 849 3435 κερδήσει
899 3366 992 3417 καὶ
1020 3366 1244 3434 μέμψιν.

206 3454 506 3519 Κάτωνος.
532 3482 603 3495 —-
626 3455 687 3507 Οί
714 3453 1102 3516 σπουδάζοντες
1133 3455 1191 3506 ἐν
1220 3457 1332 3515 τοῖς
1361 3454 1605 3521 γελοίοις,
1637 3455 1694 3506 ὲν

143 3545 246 3604 τοῖς
273 3542 580 3604 σπουδαίοις
607 3541 842 3608 γίνονται
875 3541 1287 3607 καταγέλαστοι.

211 3632 552 3698 Στρατόνικ.
590 3657 658 3668 -—
682 3630 1032 3698 Στρατόνικος
1075 3631 1103 3682 ὁ
1140 3630 1460 3699 κιθαριστὴς
1502 3631 1695 3683 θεασά-

149 3719 298 3785 μενός
351 3734 475 3770 τινα
508 3717 694 3785 ἀφυῶς
729 3717 1013 3783 τοξεύοντα
1035 3758 1052 3785 ,
1104 3718 1350 3772 ἀπελθὼν
1386 3719 1512 3788 ἐστη
1545 3719 1694 3789 παρὰ

147 3807 228 3858 τὸν
243 3809 463 3859 σκοπόν.
483 3808 890 3879 Πυνθανομὲνου
911 3808 1124 3873 δέτινος
1147 3811 1248 3879 τὴν
1265 3810 1462 3877 αἰτίαν,
1483 3811 1690 3874 Ὅπως,

147 3895 261 3965 ἔφη,
288 3897 364 3966 μὴ
393 3896 603 3966 πληγῶ.

699 4029 916 4081 ΛΟΓΟΣ
941 4029 1037 4084 ΞΕ⁰
1067 4031 1130 4086 “.

657 4133 797 4200 Περί
851 4133 1170 4212 ἐνυπνίων.

208 4265 393 4320 Maro.
457 4260 556 4320 κζ’.
594 4292 662 4304 -
693 4260 874 4331 Μηδὲν
908 4262 990 4313 σοὶ
1015 4265 1107 4316 καὶ
1140 4265 1216 4336 τῷ
1247 4267 1438 4338 δικαίῳ
1469 4269 1689 4340 ἐκείνῳ*

145 4350 305 4402 πολλά
362 4350 472 4419 γὰρ
499 4349 696 4404 ιπαθον
725 4351 961 4420 σήμερον
983 4349 1110 4415 κατ’,
1131 4352 1264 4425 δναρ
1300 4356 1366 4408 δι’
1401 4357 1579 4410 αὐτόν.

1437 400 1605 459 LOCI
1643 386 2071 466 GOMMUNES.

3257 393 3362 475 938

2470 517 2728 588 Thcologi.
3219 560 3223 564 .
3280 537 3284 541 '

1882 601 2030 670 Risus
2056 602 2182 654 bene
2203 605 2348 656 sanis
2381 605 2512 657 risui
2539 606 2792 670 habetur;

1881 669 2028 739 Risus
2057 671 2264 739 quidem
2302 675 2490 731 omnis,
2521 676 2747 726 maxime
2769 669 3110 730 meretricius.

1879 738 2028 790 Risus
2053 738 2380 804 immodicus,
2402 743 2561 793 etiam
2590 743 2769 811 ﬂetum
2799 747 2958 812 parit.

1879 871 1960 925 Ira
1986 871 2228 940 prudens
2268 873 2382 926 risu
2437 874 2660 941 potior;
2707 882 2929 930 austera
2976 877 3124 930 enim
3174 877 3360 931 vultus

1809 962 2210 1030 compositione
2234 962 2450 1016 animus
2476 964 2578 1017 rite
2605 965 2972 1033 componitur.

1879 1050 2224 1119 Sapientium
2252 1051 2447 1106 animae
2479 1062 2688 1107 mmstaa
2713 1053 2977 1108 incedunt
3003 1070 3070 1108 ac
3094 1055 3359 1109 modestia

1806 1147 2264 1206 componuntur;
2347 1141 2640 1194 stultorum
2701 1157 2833 1196 vero
2887 1157 3006 1197 sese
3070 1144 3363 1196 eﬂerentes

1805 1221 2084 1275 dilﬂuunt.

1874 1310 2058 1382 Chrys.
2085 1341 2144 1353 -—
2173 1312 2228 1367 Si
2259 1314 2406 1367 clare
2437 1315 2597 1368 nobis
2621 1317 2852 1384 probare
2877 1319 2979 1382 vis,
3024 1327 3078 1372 te
3107 1333 3213 1372 non
3261 1317 3360 1372 de-

1803 1401 1992 1455 lectari
2011 1401 2176 1472 678
2200 1403 2538 1457 obscenitate
2571 1405 2887 1468 verborum,
2917 1421 2984 1459 ne
3017 1407 3206 1472 audire
3235 1408 3360 1475 qui-

1804 1490 1928 1545 dem
1957 1492 2252 1545 sustineas.
2284 1491 2440 1546 Nunc
2471 1509 2602 1546 vero
2629 1495 2847 1561 quando
2887 1496 3104 1549 labores
3129 1497 3358 1549 castita-

1804 1581 1875 1633 tis
1899 1596 2065 1635 causa
2116 1582 2470 1637 desudandos
2515 1583 2665 1637 ferre
2715 1585 2943 1652 poteris,
2981 1586 3075 1652 qui
3124 1587 3358 1638 subinde

1801 1669 1919 1722 risu
1951 1671 2246 1738 verbisque
2276 1671 2612 1741 eiuscemodi
2655 1671 2909 1725 obscenis
2929 1673 3177 1725 dimuas?
3208 1675 3354 1727 Bene

1799 1773 2040 1826 namque
2096 1741 2288 1829 agatur
2319 1775 2687 1829 magnumque
2718 1761 2812 1823 sit,
2839 1769 2903 1814 ut
2955 1762 3041 1815 his
3097 1764 3354 1817 omnibus

1725 1847 1768 1902 Β
1797 1848 2039 1902 mundus
2063 1849 2302 1911 animus,
2329 1849 2599 1904 honestus
2623 1865 2688 1904 ac
2715 1860 2902 1904 castus
2932 1851 3069 1904 eﬂici
3103 1852 3293 1920 possit.

1865 1937 2186 1993 Cavendum
2212 1955 2280 1993 ne
2312 1940 2461 1994 risus
2488 1947 2736 1994 amantes
2763 1940 2965 2009 illoque
2991 1942 3359 2012 indulgentio-

1800 2044 1890 2082 res
1919 2029 2112 2082 simus.
2146 2027 2238 2083 Sic
2273 2029 2420 2083 enim
2447 2029 2565 2083 fere
2605 2039 2999 2098 comparatum,
3050 2040 3111 2084 ut
3139 2034 3232 2100 qui
3267 2049 3359 2086 ve-

1795 2117 2132 2172 hementiori
2163 2119 2276 2171 risu
2321 2117 2656 2184 delectatur,
2702 2118 3104 2174 vehementiori
3140 2136 3358 2190 quoque

1793 2207 2067 2264 obnoxius
2101 2208 2394 2262 mutationi
2419 2207 2706 2262 reddatur.

1864 2298 1948 2352 Ea:
1971 2299 2196 2369 Epictet.
2223 2299 2918 2367 sententiis.—Plerumque
2946 2300 3177 2355 facessat
3194 2303 3357 2364 risus.

1794 2399 1898 2437 nec
1924 2384 2080 2438 facile
2109 2386 2282 2437 risum
2313 2398 2534 2438 movere
2579 2384 2736 2437 velis.
2789 2384 2888 2437 E‘st
2935 2386 3081 2438 enim
3106 2387 3359 2443 lubricus

1795 2473 1974 2535 locus,
2009 2482 2069 2526 ut
2093 2473 2161 2525 ad
2190 2475 2444 2542 vulgares
2475 2471 2712 2539 ineptias
2734 2472 2952 2526 animus
2981 2482 3248 2528 vertatur.

1864 2563 1998 2614 Risu
2023 2561 2331 2629 profusiore
2354 2559 2424 2616 ne
2455 2562 2648 2623 utitor,
2675 2577 2778 2615 nec
2804 2564 3116 2632 promiscuo
3145 2580 3210 2619 ac
3231 2582 3356 2619 cum

1795 2650 1942 2718 vulgi
2006 2650 2344 2705 hominibus.
2396 2648 2595 2722 Canas
2649 2663 2938 2706 extraneas
2972 2668 3036 2707 ac
3100 2656 3356 2725 vulgares

1794 2739 1909 2794 fere
1945 2755 2185 2808 respue;
2216 2741 2302 2795 sin
2350 2727 2531 2805 tamen
2586 2743 2655 2796 iis
2697 2744 2965 2798 interesse
2991 2747 3206 2799 occasio
3237 2745 3368 2802 fue-

1797 2828 1891 2891 rit,
1929 2828 2047 2896 ipsc
2098 2839 2295 2884 cautus
2337 2839 2481 2884 esto.
2536 2831 2685 2885 Scito
2708 2833 2877 2896 enim,
2936 2834 3084 2901 quod
3138 2835 3183 2889 si
3216 2835 3358 2891 alter

1796 2916 1964 2970 fuerit
1988 2919 2254 2985 pollutus,
2274 2919 2508 2974 alterum
2529 2913 2751 2990 quoque
2773 2923 2990 2992 impleri
3010 2938 3234 2978 necesse
3250 2935 3353 2979 est.

1869 3004 2091 3058 Isocrat.
2114 3007 2319 3061 —Noli
2347 3008 2524 3062 serius
2555 3025 2674 3064 esse
2703 3011 2759 3062 in
2786 3013 2956 3065 rebus
2977 3012 3202 3080 jocosis,
3255 3028 3358 3066 nec

1801 3094 1948 3149 inter
1993 3097 2138 3151 seria
2198 3097 2452 3152 ridiculis
2497 3100 2693 3168 gaude.
2748 3101 2882 3154 Nam
2910 3103 3063 3171 quod
3090 3103 3355 3171 intempe-

1725 3160 1770 3221 θ
1801 3183 2002 3239 stivum
2033 3193 2140 3249 est,
2173 3187 2380 3256 ubique
2402 3160 2694 3243 molestum
2727 3200 2830 3243 est.

1866 3275 2191 3331 Maso/tionis.
2217 3308 2286 3317 —
2325 3277 2429 3344 Qui
2473 3294 2595 3334 cum
2630 3281 2978 3334 adolescente
3003 3282 3185 3337 ridere
3213 3283 3350 3348 vult,

1797 3373 1984 3434 turpes
2012 3369 2374 3423 contumelias
2400 3371 2845 3442 vitupcriumque
2877 3371 3202 3428 lucrabitur.

1863 3453 2402 3511 Catonis.—Aiebat
2455 3459 2588 3513 Cato
2624 3479 2636 3513 :
2679 3462 2778 3526 Qui
2838 3463 2894 3515 in
2943 3463 3192 3518 ridiculis
3223 3466 3352 3518 serii

1793 3542 1922 3605 sint,
1966 3544 2019 3596 in
2053 3545 2220 3599 rebus
2253 3549 2413 3601 seriis
2443 3549 2562 3603 fieri
2591 3551 2871 3606 ridiculos.

1860 3628 2603 3708 Stratonic.+Stratonicus
2651 3637 3009 3702 citharoedus,
3061 3641 3179 3694 viso
3217 3657 3352 3707 quo-

1793 3716 1916 3770 dam
1941 3719 2193 3786 imperite
2218 3723 2519 3790 jaeulante,
2580 3724 2647 3776 ad
2704 3725 2880 3792 ipsum
2931 3742 3156 3787 scopum
3191 3745 3349 3782 accc-

1793 3805 1950 3871 dens,
2008 3809 2184 3862 stetit.
2225 3810 2454 3866 Causam
2515 3816 2726 3882 roganti
2782 3816 3346 3884 cuidan1,l\'cferiar,

1794 3897 1888 3950 ait.

2359 4037 2584 4092 SERMO
2609 4037 2769 4092 LXV.

2400 4147 2476 4198 De
2494 4149 2730 4200 somniis.

1859 4272 2050 4326 Matth.
2076 4287 2242 4337 xxv",
2272 4273 2430 4327 19.--
2453 4275 2599 4329 Nihil
2629 4269 2750 4342 tﬂii,
2769 4287 2824 4331 et
2848 4277 3004 4333 Iusto
3029 4281 3105 4334 illi
3133 4299 3144 4334 :
3171 4283 3339 4338 multa

1805 4364 1950 4419 enim
1979 4377 2136 4431 passa
2162 4377 2284 4416 sum
2308 4364 2474 4418 hodie
2501 4380 2600 4434 per
2631 4367 2808 4420 visum
2841 4379 3065 4438 propter
3097 4387 3241 4425 eum.

207 4440 391 4507 Πράξ.
432 4442 500 4494 θ’.
547 4469 616 4482 —
645 4437 755 4494 Ἦν
799 4442 856 4494 δέ
896 4458 979 4504 τις
1021 4441 1266 4512 μαθητὴς
1300 4447 1356 4497 ὲν
1393 4440 1686 4518 Δαμασκῷ,

1867 4452 1980 4504 Act.
2006 4466 2081 4514 ιι,
2113 4450 2200 4504 10.
2237 4481 2307 4490 -
2353 4453 2484 4506 Erat
2547 4461 2729 4508 autem
2777 4437 2998 4524 quidam
3047 4459 3347 4528 discipulus

143 4528 358 4597 ὀνόματι
407 4531 671 4595 Ἁνανίας,
707 4532 800 4585 καὶ
831 4527 952 4585 εἷπε
982 4530 1118 4601 πρὸς
1157 4532 1318 4586 αὑτὸν
1345 4537 1373 4587 ό
1403 4537 1603 4606 Κύριος
1631 4540 1689 4592 ὲν

145 4618 374 4688 ὁράματι
397 4635 413 4649 ο
459 4618 694 4673 ’Δνανία.
743 4621 802 4672 '0
838 4621 895 4674 δὴ
926 4616 1098 4673 εἶπενο
1124 4620 1278 4686 ι’ἰδοὺ
1325 4623 1457 4692 ἐγὼ,
1488 4626 1684 4696 Κύριε.

155 4707 210 4760 '0
239 4710 295 4762 δὲ
336 4706 540 4776 Κύριος
566 4709 703 4778 πρὸς
743 4711 924 4766 αὐτόν’
971 4708 1228 4772 Ἀναστὰς
1254 4715 1546 4785 πορεύθητι
1597 4717 1689 4770 ἐπὶ

146 4800 235 4867 τὴν
265 4798 446 4868 ῥύμην
479 4795 578 4866 τὴν
603 4799 941 4870 καλουμένην
965 4799 1210 4864 Εὐθεῖαν,
1249 4803 1342 4853 καὶ
1369 4803 1601 4874 ζήτησον
1632 4807 1689 4859 ὲν

147 4888 282 4959 οἰκίᾳ
360 4887 550 4952 Ἰούδα,
614 4887 817 4941 Σαῦλον
855 4892 1080 4961 ὀνόματι
1127 4890 1364 4959 Ταρσέα.
1411 4894 1537 4946 Ἰδοὺ
1584 4897 1690 4966 γάρ

150 4975 522 5044 προσεύχεται,
555 4974 649 5026 καὶ
687 4970 826 5028 εἶδεν
875 4980 935 5032 ὲν
974 4980 1207 5050 ὁράματι
1254 4979 1420 5049 ἄνδρα.
1469 4983 1691 5050 ὀνόματι

161 5064 404 5120 Ἀνανίαν
433 5052 760 5128 εἰσελθόντα,
807 5066 899 5119 καὶ
925 5069 1178 5123 ἔπιθέντα
1201 5068 1348 5138 αύτῷ
1375 5071 1475 5134 τὰς
1504 5077 1687 5144 χεῖρας

151 5151 284 5215 ὅπως
316 5152 613 5223 ἀναϐλέψῃ.

213 5246 423 5309 Σολομ.
455 5243 574 5301 .16"
596 5241 957 5311 Παραγίνεται
993 5248 1240 5301 ἐνύπνιον
1271 5249 1328 5301 ὲν
1353 5234 1545 5318 πλήθει
1568 5270 1688 5305 πει-

155 5330 375 5398 ρασμοῦ.

214 5421 390 5487 Σιρὰχ
421 5411 602 5469 λδθ-
622 5420 709 5482 Ὠς
734 5421 762 5472 ὀ
792 5420 1148 5491 δρασσόμενος
1185 5428 1338 5489 σκιᾶς
1365 5428 1455 5481 καὶ
1481 5431 1689 5486 διώκων

153 5503 396 5576 ἀνέμους,
429 5505 596 5568 οὕτως
629 5511 660 5586 ,ὁ
695 5509 973 5578 προσέχων
991 5514 1301 5578 ίὲνυπνίοις.

214 5643 257 5712 ν
281 5680 342 5736 ιιι
366 5680 530 5736 Gesn.
561 5680 708 5740 sm.
744 5687 850 5762 90.,

1800 4540 2070 4605 Damasci,
2097 4541 2321 4594 nomine
2342 4541 2611 4608 Ananias;
2646 4551 2702 4596 et
2724 4545 2862 4598 dixit
2891 4547 2970 4600 illi
2999 4548 3257 4602 Dominus
3288 4549 3346 4601 in

1794 4631 1919 4684 visu
1951 4645 1963 4681 :
1996 4628 2230 4684 Anania.
2266 4630 2335 4683 At
2370 4629 2460 4683 ille
2498 4632 2614 4684 ait:
2668 4632 2808 4687 Ecce
2848 4649 2970 4704 ego,
3009 4638 3252 4691 Domine.
3277 4637 3347 4690 Et

1797 4719 2060 4774 Dominus
2092 4719 2162 4772 ad
2198 4735 2365 4773 cum:
2423 4719 2615 4790 Surge,
2646 4732 2704 4777 et
2749 4723 2885 4778 vade
2925 4726 2977 4778 in
3021 4727 3220 4788 vicum,
3247 4726 3343 4794 qui

1797 4819 2025 4865 vocatur
2053 4809 2292 4875 Rectus;
2345 4818 2401 4864 et
2434 4828 2617 4881 quaere
2645 4815 2700 4867 in
2734 4817 2896 4869 domo
2920 4817 3090 4879 Judm,
3120 4815 3343 4870 Saulum

1793 4900 2016 4954 nomine
2038 4898 2397 4954 Tarsensem:
2434 4916 2563 4957 ecce
2590 4904 2736 4957 enim
2761 4914 2900 4958 orat.
2927 4906 2992 4958 Et
3015 4905 3147 4957 vidit
3164 4904 3340 4965 virum

1793 4990 2058 5044 Ananiam
2091 4990 2316 5044 nomine
2344 4991 2738 5056 introeuntem,
2765 5003 2821 5045 et
2851 4995 3213 5062 imponentem
3233 4993 3339 5047 sibi

1794 5095 2008 5143 manus,
2043 5088 2104 5131 ut
2141 5081 2320 5133 visum
2348 5081 2595 5152 recipiat.

1863 5253 2026 5307 Eccli.
2054 5268 2238 5317 nm,
2265 5251 2326 5308 1.
2345 5285 2414 5294 -
2438 5255 2597 5310 Venit
2625 5254 2959 5310 insomnium
3009 5260 3062 5312 in
3087 5259 3334 5315 multitu-

1794 5345 1920 5397 dine
1953 5352 2040 5397 ten
2050 5345 2288 5400 lationis.

1820 5431 1980 5499 679
1998 5429 2342 5499 Eccli.xxx1v,
2367 5435 2422 5487 ἓ.
2442 5461 2506 5474 -—
2527 5433 2690 5498 Quasi
2714 5436 2808 5503 qui
2834 5439 3189 5507 apprehendit
3215 5455 3334 5494 um.

1795 5525 1947 5577 bram
1965 5525 2378 5594 etpersequitur
2390 5517 2718 5588 ventum,sic
2738 5527 2831 5594 qui
2847 5529 3070 5581 attendit
3085 5532 3332 5591 somniis.
