3966 6340
159 508 265 595 iam

1408 507 1574 568 LOCI
1612 505 2044 567 COMMUNES.
2112 538 2117 541 -

3211 504 3354 568 1003

211 630 443 693 Παροιμ.
476 624 585 678 κδ’.
610 652 679 665 --
718 622 841 676 Ἐὰν
869 622 1011 698 πέσῃ
1037 623 1065 675 ὁ
1090 620 1279 692 ἐχθρός
1305 638 1417 684 σου,
1456 621 1529 691 μὴ
1564 622 1682 672 ἐπι-

1854 608 2011 673 Prov.
2043 634 2183 695 xxiv,
2218 619 2303 672 l7.
2330 648 2399 657 ——
2433 617 2488 672 Si
2521 617 2784 672 ceciderit
2812 616 3066 671 inimicus
3108 625 3251 679 tuus,
3276 633 3344 670 ne

156 719 301 787 χαρῇς
351 715 533 784 αὐτῷ’
582 716 639 766 ἐν
673 712 729 765 δέ
768 710 845 781 τῷ
892 712 1319 780 ὑποσκελίσματι
1371 710 1555 774 αὑτοῦ,
1610 710 1684 780 μὴ

1822 710 2025 764 audeas
2054 725 2219 779 super
2247 725 2407 763 eum:
2444 719 2500 763 et
2540 710 2593 762 in
2640 707 3084 777 supplantatione
3128 707 3249 776 ejus
3278 723 3345 761 ne

154 806 379 873 ἐπαίρου,
431 804 513 856 ὃτι
542 803 735 871 suam
762 801 989 871 Κύριος,
1021 800 1117 853 καὶ
1150 802 1248 852 οὐκ
1278 798 1465 869 ἁρέσει
1503 797 1681 866 αὐτῷ,

155 894 236 946 καὶ
256 892 585 961 ἀποστρέψει
622 892 713 943 τὸν
743 890 912 960 θυμὸν
943 888 1107 942 αὑτοῦ
1134 889 1229 942 ἀπ’
1256 887 1445 942 αὐτοῦ.

211 985 447 1050 Παροιμ.
484 982 581 1044 ιβ’.
610 1009 682 1019 —-
722 978 863 1031 Ὀδοὶ
894 977 1245 1048 μνησικάκων
1273 979 1353 1039 εἰς
1382 977 1629 1055 θάνατον.

1785 799 2088 863 extollaris,
2117 800 2377 869 quoniam
2410 797 2624 851 videbit
2652 797 2917 855 Dominus
2945 804 3002 851 ct
3034 810 3146 849 non
3173 795 3351 864 placi»

1785 890 1867 943 bit
1887 890 1961 953 ei,
1992 890 2045 943 et
2066 896 2278 943 avertet
2312 890 2446 942 iram
2485 902 2639 942 suam
2671 886 2743 939 ab
2766 901 2852 940 co.
2964 924 2967 925 7

1858 965 2014 1032 Prov.
2056 997 2151 1044 xu,
2177 980 2266 1033 9.9.
2301 961 2376 1019 —.
2406 979 2518 1033 Vite
2539 991 2753 1041 eorum,
2790 975 2885 1044 qui
2917 973 3193 1028 memores
3222 984 3352 1028 sunt

1706 1108 1709 1109 7
1789 1067 2130 1137 injuriarum,
2167 1069 2220 1121 in
2263 1076 2518 1121 mortem.

199 1140 450 1226 ~Hap0tp.
476 1163 584 1210 κε’.
618 1154 757 1208 -Ὂ
794 1154 1167 1224 μνησικακῶν,
1200 1152 1536 1223 παράνομος.

208 1329 449 1400 Παροιμ.
476 1322 568 1377 ιδ’.
595 1352 667 1363 -—
694 1325 757 1377 '0
794 1324 999 1385 ἄκακος
1032 1324 1274 1377 πιστεύει
1294 1325 1455 1377 παντὶ
1479 1324 1641 1394 λόγῳ.

210 1417 449 1481 Παροιμ.
475 1418 551 1465 α’.
588 1440 658 1451 -
684 1412 848 1463 Ὅσον
869 1412 1058 1482 χρόνον
1109 1412 1322 1483 ἔχονται
1351 1414 1547 1468 ἄκακοι
1591 1414 1691 1481 τῆς

148 1503 500 1572 δικαιοσύνης,
540 1501 637 1553 οὐκ
666 1500 1136 1569 αίσχυνθήσονται.

207 1592 383 1657 Σιρὰχ
419 1596 533 1657 κη’.
562 1617 633 1631 --
666 1588 838 1656 Ἄφες
889 1588 1133 1660 ἀδίκημα
1186 1589 1264 1660 τῷ
1311 1590 1540 1660 πλησίον
1573 1606 1689 1650 σου,

151 1684 232 1734 καὶ
277 1681 399 1735 τότε
451 1676 727 1749 δεηθέντος
766 1693 879 1743 σου,
933 1679 991 1729 αἱ
1051 1679 1316 1749 ἁμαρτίαι
1388 1695 1479 1731 σου
1530 1676 1695 1745 mea.

149 1756 353 1825 σονται.¹
516 1772 520 1777 ’
1380 1824 1383 1827 .
1450 1815 1471 1827 .

211 1864 425 1915 8001.1.
450 1890 522 1904 σ-
548 1861 623 1913 Oi;
655 1860 734 1912 δεῖ
770 1860 862 1912 ἐπὶ
896 1859 1259 1931 παροργισμῷ
1283 1858 1523 1927 ἀδελφοῦ
1542 1858 1695 1912 δῦναι

143 1943 228 2003 τὸν
257 1952 435 2021 ἥλιον,
477 1953 686 2021 μήποτε
723 1951 756 2019 ἡ
779 1950 875 2015 νὺξ
899 1952 1213 2021 μεταστήσῃ
1236 1951 1437 2019 μεταξὺ
1455 1944 1695 2019 ἁμφοτέ-
1722 1932 1770 1990 Β

149 2057 270 2109 ρων,
288 2042 383 2094 καὶ
404 2039 681 2110 καταλίπῃ
710 2039 767 2091 ἐν
788 2040 969 2110 ἡμέρᾳ
992 2039 1223 2110 κρίσεως
1241 2039 1407 2109 ἐγκλη
1418 2044 1494 2108 μα
1512 2040 1693 2108 ἀπαρ-

141 2131 375 2201 αίτητον.

207 2223 448 2303 Ἥκιστα
477 2224 673 2278 κακίαν
699 2224 799 2293 οὐχ
826 2223 1088 2292 ὑφορᾶται
1110 2222 1194 2292 (f),
1235 2223 1294 2274 τὸ
1328 2221 1522 2287 κακίας
1548 2206 1689 2274 ἐλεύι

140 2312 318 2380 θερον.

206 2403 525 2471 Θεολόγου.
558 2431 627 2442 -
665 2402 721 2456 Ὀ
743 2403 842 2471 μὲν
865 2400 975 2472 γὰρ
998 2400 1167 2467 κακὸς
1183 2401 1413 2471 τάχιστα
1439 2401 1513 2469 ἂν(
1532 2386 1698 2453 κατα.

145 2492 295 2561 γνοίη
323 2489 427 2546 ’καὶ
460 2490 553 2545 τοῦ
581 2492 783 2561 ἀγαθοῦ
809 2509 823 2522 ·
859 2493 887 2545 ὁ
912 2490 1115 2560 ἀγαθὸς
1132 2491 1213 2565 δὲ,
1242 2492 1363 2544 οὐδὲ
1401 2491 1493 2544 τοῦ
1526 2489 1697 2544 κακοῦ

147 2582 369 2651 ῥᾳδίως.
422 2582 498 2634 Τὸ
532 2582 640 2653 γὰρ
686 2585 766 2646 είς
795 2583 993 2635 κακίαν
1038 2582 1135 2651 οὐχ
1162 2581 1403 2651 ἕτοιμον,
1453 2580 1562 2632 οὐδ’
1620 2581 1703 2643 είς·

148 2672 405 2727 ὑπόνοιαν
432 2673 673 2743 εὐχερές.
1172 2716 1175 2717 7

200 2762 394 2825 Οὐδεὶς
410 2763 566 2833 κακῷ
593 2762 760 2815 κακὸν
789 2764 952 2826 ἰᾶται,
971 2760 1286 2832 ἀλλ’ἀγαθῷ
1317 2762 1377 2813 τὸ
1406 2761 1594 2814 κακόν.

198 2853 513 2918 Χρυσοστ.
547 2839 617 2893 -ὲ-
651 2852 817 2911 Ὅταν
854 2854 1193 2924 ἐννοήσωμεν
1248 2851 1390 2923 ἅπερ
1429 2852 1701 2921 ἐπάθομεν

134 2939 285 3008 παρὰ
306 2940 424 2991 τῶν
458 2939 775 3005 συνδούλων,
798 2938 1143 3010 λογισώμεθα
1171 2940 1264 2993 καὶ
1289 2939 1431 3010 ἅπερ
1450 2942 1703 3012 ἐποιήσαο

137 3046 235 3097 μεν
286 3029 374 3092 είς
414 3029 506 3081 τὸν
544 3028 839 3099 Δεσπότην,
876 3030 970 3083 mi.
1018 3030 1096 3099 τῷ
1146 3030 1292 3100 φόϐῳ
1341 3031 1447 3082 τῶν
1486 3033 1703 3085 οἰκείων

136 3121 587 3194 ἁμαρτημάτων,
627 3125 717 3175 τδν
757 3115 1059 3192 θυμὺντδν
1108 3123 1202 3199 ἐπὶ
1251 3126 1363 3186 τοῖς
1408 3101 1703 3195 ἀλλοτρίοις

133 3214 583 3286 πλημμελήμασι
607 3214 816 3283 ταχέως
850 3214 1174 3268 ἀπώσασθαι
1208 3216 1563 3286 δυνησόμεθα.

199 3307 263 3357 Et
290 3306 411 3375 γὰρ
444 3306 525 3361 δεῖ
553 3306 858 3375 μεμνῆσθαι
879 3306 1315 3377 ἁμαρτημάτων,
1348 3309 1704 3362 τῶνηοίκείων

132 3391 213 3444 δεῖ
256 3392 583 3463 μεμνῆσθαι
618 3393 902 3461 μόνον.Ἃν
937 3394 1044 3445 τῶν
1076 3393 1290 3447 οἰκείων
1322 3395 1709 3464 μνημονεύσω-

133 3498 233 3549 μεν
264 3520 283 3546 ,
324 3476 602 3534 οὐδέποτε
628 3481 697 3535 τά
732 3481 988 3552 ἀλλότρια
1037 3481 1384 3557 λογιοῦμεθα.

207 3657 310 3716 Ἂν
359 3658 544 3728 ἀφῆτε
581 3658 694 3720 τοῖς
726 3656 1151 3728 ἐχθρυ’ἰς’ὐμῶν,
1206 3659 1534 3730 ἀφεθήσεται
1564 3662 1707 3731 ὑμῖν.

132 3746 307 3815 ’Δφες
340 3747 574 3799 δουλικὰ
603 3748 991 3817 ἁμαρτῂματα,
1036 3748 1123 3799 ἵνα
1152 3748 1325 3820 λάβῃς
1367 3750 1713 3820 συγχώρησιν

128 3832 480 3901 δεσποτικὴν
526 3833 964 3902 ἁμαρτημάτων.
1005 3834 1069 3885 Εἰ
1098 3834 1156 3885 δὲ
1197 3835 1405 3903 μεγάλα
1435 3837 1709 3906 ἠδίκησεν,

126 3923 359 3994 ὅσῳπερ
386 3924 461 3976 ἄν
497 3923 718 3992 μείζονα
739 3924 903 3992 ἀφῇς,
927 3924 1164 3993 τοσούτῳ
1202 3922 1420 3993 μείζονα
1435 3924 1578 3997 λήψῃ
1616 3927 1714 3995 τὴν

129 4010 521 4079 συγχώρησιν.
540 4011 639 4063 Διὰ
656 4010 764 4080 γὰρ
780 4010 935 4063 τοῦτο
950 4011 1305 4080 ἐδιδάχθημεν
1322 4012 1522 4079 λέγειν,
1534 4015 1713 4081 Ἄφες

122 4098 271 4164 ἡμῖν
286 4098 506 4163 καθὼς
520 4097 768 4165 ἀφίεμεν
788 4113 802 4127 ·
837 4098 923 4151 ενα
941 4099 1218 4168 μάθωμεν,
1236 4100 1317 4151 δτι
1331 4100 1391 4152 τδ
1413 4100 1604 4169 μέτρδν
1619 4103 1716 4170 τῆς

123 4187 387 4253 ἀφέσεως
408 4187 545 4253 παρ’
562 4189 595 4255 ἡ
603 4186 716 4254 μῶν
731 4186 945 4255 πρῶτον
960 4188 1224 4257 λαμϐάνει
1240 4189 1337 4258 τὴν
1352 4190 1618 4260 ἀρχήν.Ὤ
1627 4208 1712 4243 πε

118 4278 353 4349 ὅσῳπερ
386 4278 463 4331 ἂν
483 4279 512 4329 ὁ
537 4276 727 4347 ἐχθρὸς
756 4278 1076 4349 ἐργάζηται,
1096 4281 1188 4332 καὶ
1201 4281 1438 4353 τοσούτῳ
1456 4283 1714 4351 μειζόνως

1857 1159 2015 1212 Prov.
2050 1175 2159 1223 xxx,
2192 1159 2281 1211 21.
2329 1189 2398 1198 ——-
2444 1156 2549 1223 Qui
2596 1157 2922 1227 injuriarum
2982 1166 3194 1206 memor
3244 1158 3351 1214 est,

1791 1238 2013 1317 iniquus
2038 1257 2141 1302 est.
2480 1232 2481 1239 ‘

1793 1378 1798 1383 7
1857 1342 2014 1395 Prov.
2047 1356 2155 1402 xxv,
2200 1339 2285 1392 l5.
2314 1370 2381 1379 --
2404 1339 2645 1407 Simplex
2673 1337 2851 1392 credit
2885 1336 3036 1390 omni
3058 1335 3247 1389 verbo.

1860 1424 2018 1499 Prou.
2054 1446 2093 1498 ιε,
2120 1427 2210 1481 22.
2242 1457 2308 1466 —
2342 1416 2558 1492 Quanto
2586 1434 2836 1494 tempore
2876 1424 3153 1492 simplices
3183 1421 3357 1475 inhm-

1796 1528 1919 1575 rent
1950 1520 2199 1590 justitim,
2242 1533 2352 1572 non
2400 1508 2826 1571 confundentur.

1852 1610 2017 1665 Eccli.
2044 1625 2226 1673 xxvm,
2256 1610 2309 1662 2.
2334 1637 2402 1647 --
2426 1606 2651 1660 Dimitte
2682 1605 2937 1675 injuriam
2963 1603 3213 1672 proximo
3239 1612 3357 1667 tuo;

1792 1707 1846 1752 et
1888 1707 2019 1751 tunc
2047 1704 2272 1766 rogante
2305 1703 2378 1759 te,
2413 1702 2635 1763 peccata
2666 1702 2757 1747 tua
2788 1693 3093 1746 solventur.

1862 1786 2068 1841 Basilii.
2100 1816 2171 1825 -—
2196 1785 2315 1839 Non
2338 1784 2496 1840 decet
2534 1791 2594 1836 ut
2624 1768 2707 1837 sol
2731 1797 2899 1851 super
2938 1779 3222 1834 iracundia
3246 1779 3358 1832 fra-

1797 1880 1898 1932 tris
1954 1877 2167 1932 occidat
2218 1876 2431 1945 (Ephes.
2476 1890 2550 1938 1v,
2588 1872 2701 1943 26),
2747 1888 2818 1927 ne
2879 1872 3023 1925 forte
3066 1886 3171 1923 nox
3217 1871 3361 1923 inter

1798 1978 2094 2034 utrumque
2126 1973 2388 2028 transeat,
2413 1974 2476 2017 ac
2506 1961 2715 2016 crimen
2753 1960 2905 2021 nulla
2944 1959 3171 2028 dignum
3202 1955 3359 2009 venia

1795 2057 1849 2109 in
1880 2053 2181 2125 dicjudicii
2213 2054 2505 2122 relinquat.

1868 2228 2202 2297 Simplicitas
2223 2243 2287 2281 ac
2313 2226 2467 2296 quod
2500 2233 2657 2280 vacat
2689 2224 2920 2289 malitia,
2958 2224 3183 2278 minime
3238 2237 3360 2276 om-

1797 2319 1949 2373 nium
1974 2318 2244 2371 malorum
2276 2317 2531 2385 suspicax
2568 2315 2831 2369 exsistit;

1814 2445 1828 2457 .
1866 2408 2126 2477 Theologi.
2152 2405 2339 2473 *Qui
2384 2406 2562 2460 malus
2585 2415 2690 2471 est,
2724 2405 2883 2459 facile
2916 2401 3282 2474 reprehendat
3309 2409 3366 2455 et

1799 2498 1946 2569 quod
1976 2484 2182 2551 bonum
2228 2504 2349 2561 est;
2397 2496 2578 2551 bonus
2621 2504 2826 2566 autem,
2879 2508 2949 2547 ne
3000 2494 3202 2547 malum
3238 2493 3365 2561 qui-

1800 2588 1942 2641 dem.
1966 2570 2300 2652 Quod’enim
2322 2582 2386 2638 ad
2410 2584 2687 2649 .‘malitiam
2714 2596 2952 2651 pronum
2987 2597 3096 2634 non
3126 2590 3228 2644 est,
3261 2596 3366 2635 nec

1700 2728 1703 2733 .
1799 2677 1866 2730 ad
1892 2676 2280 2745 suSpicandum
2303 2673 2462 2729 facile
2504 2682 2605 2728 est.
2671 2672 2675 2676 ’

1868 2765 2038 2819 Nemo
2065 2765 2267 2818 malum
2296 2764 2438 2833 malo
2456 2766 2633 2830 sanat,
2668 2763 2765 2818 sed
2797 2763 2942 2818 bene
2969 2763 3195 2815 malum.

1871 2856 2133 2927 Clirysost.
2155 2886 2222 2895 —
2246 2855 2380 2909 Cum
2411 2857 2732 2909 intmentem
2758 2854 2993 2915 venerit,
3019 2866 3210 2906 eorum
3243 2865 3367 2920 qua:

1801 2964 1830 3002 a
1878 2948 2157 3001 conservis
2214 2946 2357 3016 passi
2414 2960 2601 2999 sumus
2636 2962 2649 2996 :
2683 2944 2989 3013 cogitemus
3031 2943 3196 2997 etiam
3244 2957 3367 3012 quae

1799 3040 1904 3110 ipsi
1941 3040 1995 3094 in
2024 3038 2316 3097 Dominum
2344 3036 2817 3101 commiserimus;
2850 3045 3112 3104 metuque
3145 3042 3362 3088 nostro-

1804 3146 1925 3184 rum
1966 3130 2314 3192 delictorum,
2355 3128 2491 3181 iram
2526 3129 2608 3180 ex‘
2654 3124 2848 3178 alienis
2896 3123 3137 3193 peccatis
3180 3135 3371 3176 susce-

1729 3249 1772 3306 ο
1802 3228 1949 3290 ptam
1978 3220 2086 3274 cito
2118 3221 2399 3289 depellere
2413 3216 2737 3286 poterimus.

1877 3310 1934 3366 Si
1963 3310 2182 3381 quidem
2206 3314 2557 3379 peccatorum
2580 3306 2709 3359 licet
2751 3304 3088 3367 meminisse,
3145 3311 3367 3358 nostro-

1809 3417 1929 3457 rum
1984 3403 2248 3456 duntaxat
2294 3396 2610 3453 meminisse
2660 3395 2945 3449 debemus.
2981 3392 3136 3458 Quod
3168 3392 3212 3446 si
3269 3406 3369 3445 no-

1808 3500 2048 3545 strorum
2080 3504 2348 3543 memores
2378 3486 2607 3550 erimus,
2636 3498 2914 3554 nunquam
2947 3481 3124 3536 aliena
3159 3496 3367 3550 suppu-

1810 3580 2070 3633 tabimus.

1893 3670 1911 3740 (
1940 3671 2119 3725 Matth.
2150 3686 2222 3735 vr,
2260 3667 2383 3734 Η.)
2415 3666 2472 3721 Si
2514 3664 2836 3720 dimiseritis
2867 3662 3103 3717 inimicis
3151 3659 3368 3724 vestris,

1810 3756 2115 3810 dimittetur
2142 3756 2318 3810 vobis.
2373 3757 2603 3825 Ignosce
2637 3769 2921 3809 servorum
2967 3753 3189 3814 erratis,
3230 3760 3292 3805 ut
3338 3767 3369 3804 ο

1810 3847 2040 3899 Domino
2067 3852 2415 3913 peccatorum
2436 3845 2649 3897 veniam
2694 3842 3071 3911 consequaris.
3128 3840 3284 3906 Quod
3323 3841 3373 3894 si

1810 3949 2029 4003 gravem
2057 3934 2313 4001 injuriam
2362 3932 2514 3997 fecit,
2564 3940 2777 4001 quanto
2818 3931 3024 3999 majora
3067 3930 3373 3991 remiseris.

1812 4030 1963 4076 tanto
1992 4023 2252 4091 majorem
2297 4021 2513 4076 veniam
2564 4016 2908 4091 impetrabis.
2944 4017 3159 4072 ldcirco
3203 4018 3371 4073 etiam

1813 4111 1958 4169 (loeti
2008 4126 2203 4165 sumus
2233 4112 2451 4183 dicere:
2501 4109 2719 4163 Dimitte
2770 4109 2940 4173 nobis,
2974 4109 3109 4162 sicut
3148 4109 3372 4163 dimitti-

1814 4201 2175 4273 mus(ib.,12),
2198 4201 2595 4265 utnovcrimus
2634 4199 2973 4254 dimissionis
3004 4208 3167 4268 atque
3201 4198 3374 4252 venia

1813 4293 2094 4347 moduma
2144 4293 2303 4369 nobis
2329 4293 2570 4361 primum
2622 4274 2892 4345 inchoari.
2942 4290 3156 4355 Quanto
3208 4290 3375 4359 igitur

120 4370 449 4438 εὐεργετεῖ.
482 4367 803 4436 Σπεύδωμεν
828 4369 1005 4422 τοίνυν
1036 4372 1128 4423 καὶ
1152 4372 1500 4440 ἐπειγώμεθα
1520 4375 1708 4428 καταλ-

1822 4382 2073 4437 inimicus
2098 4367 2272 4452 magis
2305 4372 2526 4447 laeserit,
2564 4388 2714 4435 tanto
2748 4381 2913 4433 etiam
2945 4381 3152 4447 majore
3203 4378 3372 4452 bene-5

118 4456 437 4510 λάττεσθαι
455 4456 594 4524 πρὸς
617 4457 740 4518 τοὺς
756 4455 1145 4528 λελυπηκότας.
1170 4460 1234 4512 ἄν
1250 4476 1310 4511 τε
1336 4459 1555 4524 δικαίως
1575 4462 1640 4514 ἄν
1655 4478 1708 4513 τε

1822 4470 1939 4525 licio
1956 4470 2137 4523 allicit.
2168 4448 2513 4524 festinemus
2536 4468 2702 4537 igitur
2729 4466 2987 4533 omnique
3015 4463 3173 4534 631
3204 4448 3373 4532 opera

116 4548 329 4629 ἀδίκως
352 4545 717 4617 ὀργίζωνται.
738 4547 834 4597 Ἂν
852 4546 1082 4616 μὲν-γὰρ
1104 4547 1334 4601 ἐνταῦθα
1346 4550 1708 4619 καταλλαγῆς,

1822 4571 2094 4618 conemur,
2125 4562 2187 4606 ut
2227 4556 2314 4608 his
2345 4553 2436 4621 qui
2483 4553 2738 4621 injurlam
2788 4549 3060 4614 fecerunt,
3116 4549 3369 4604 reconci-

112 4634 474 4704 ἀπηλλάγης
501 4633 601 4699 τῆς
628 4636 743 4685 ἐκεῖ
756 4634 1015 4703 κρίσεως·
1040 4636 1105 4688 ἂν
1129 4636 1185 4687 δὲ
1214 4637 1416 4705 μεταξὺ
1443 4637 1708 4706 μενούσης

1822 4647 2033 4707 Iiemur,
2074 4644 2191 4698 sive
2236 4644 2315 4697 illi
2356 4644 2497 4712 jure,
2536 4642 2653 4699 sive
2686 4641 2889 4711 injuria
2932 4640 3261 4694 irascantur.
3312 4638 3368 4694 Si

114 4724 214 4792 τῆς
244 4723 504 4794 ἔχθρας,
536 4722 758 4797 θάνατος
790 4724 1014 4785 ἐπιστὰς
1036 4725 1222 4795 ἀπάγῃ
1240 4764 1256 4785 ,
1282 4726 1378 4793 τὴν
1410 4725 1708 4795 ἀπέχθειαν

1822 4736 1959 4789 enim
1990 4735 2099 4787 vita
2129 4724 2232 4787 hac
2257 4730 2472 4787 mortali
2505 4732 2893 4787 reconciliatus
2921 4730 3110 4793 fueris,
3136 4730 3376 4786 afuturo.

117 4810 557 4881 μεσολαϐήσας,
584 4809 666 4870 είς
690 4807 752 4859 τδ
763 4808 1103 4878 δικαστήριον
1126 4810 1312 4861 λοιπὸν
1346 4814 1521 4863 ἐκεῖνο
1539 4813 1599 4863 τὸ
1616 4828 1708 4880 φο-

1822 4812 1953 4876 I'rber
1975 4821 2182 4890 judicio
2210 4819 2480 4883 evaseris;
2510 4820 2594 4873 sin
2624 4827 2809 4872 autem
2853 4820 3074 4873 interim
3116 4826 3370 4872 manente

113 4901 174 4952 σε
185 4900 285 4971 ρδν
323 4896 669 4966 εἰσαχθῆναι
697 4897 794 4965 τὴν
837 4896 991 4965 δίκην
1022 4898 1261 4967 ἀνάγκη·
1296 4901 1389 4952 καὶ
1417 4900 1514 4970 τὴν
1542 4902 1708 4970 ἐσχά-

1822 4914 2121 4975 inimicitia,
2147 4927 2298 4973 mors
2326 4911 2623 4966 adveniens
2657 4912 2965 4975 abduxerit,
3014 4911 3230 4982 vigente
3257 4910 3374 4966 ani-

113 5008 218 5063 ττῖν
250 4988 480 5049 δώσεις
514 4986 670 5055 δίκην
698 4988 790 5040 ἐπὶ
817 4990 882 5058 τῇ
912 4988 1077 5058 ψήφῳ
1106 4990 1199 5042 τοῦ
1224 4989 1479 5043 δικαστοῦ
1496 4992 1714 5046 πάντων
1817 5002 1923 5057 mis
1959 5001 2255 5063 simultate,
2290 4998 2355 5063 ad
2382 4999 2723 5053 tremendum
2777 4998 2912 5053 illud
2967 4982 3235 5063 deinceps

111 5082 357 5133 ἐκείνων
372 5093 394 5127 1
422 5074 531 5128 καὶ
552 5076 848 5146 ἀμφότεροι
862 5076 1127 5146 τιμωρίαν
1143 5077 1512 5148 ὐποστήσεσθεΔ
1532 5081 1714 5151 ἁπαρ-

111 5173 380 5243 αἰτητον,
444 5170 482 5221 ὁ
533 5168 631 5237 μὲν
660 5167 859 5230 ἀδίκως
888 5167 1263 5236 ὀργιζόμενος,
1312 5169 1401 5222 διὰ
1436 5171 1593 5226 τοῦτο
1630 5174 1715 5226 ὅτι

108 5264 353 5326 ἀδίκως,
399 5262 436 5313 ὁ
499 5257 556 5309 δὲ
585 5257 809 5319 δικαίως
836 5295 852 5321 ,
901 5256 989 5308 διὰ
1018 5257 1172 5310 τοῦτο
1200 5259 1350 5323 αὐτὸ,
1381 5260 1463 5312 ὅτι
1490 5260 1708 5325 δικαίως

1822 5267 2057 5322 omnium
2090 5263 2259 5333 judex
2285 5259 2537 5327 exsistit;
2586 5262 2859 5333 amboque
2907 5263 3366 5333 indeprecabilem

109 5356 623 5426 δμνησικάκησεν.
1813 5356 1978 5412 luetis
2012 5366 2269 5422 poenam:
2314 5352 2360 5405 is
2396 5351 2616 5421 quidem
2653 5353 2747 5421 qui
2792 5352 2994 5423 injuria
3044 5352 3216 5407 iratus
3261 5363 3367 5410 est.

108 5441 353 5504 idcirco-
395 5444 561 5515 quod
602 5440 838 5514 hijuria;
875 5445 923 5499 is
959 5459 1090 5499 vero
1140 5446 1234 5513 qui
1286 5448 1418 5517 justi
1478 5452 1709 5519 quadam
1749 5451 1930 5522 specie
1968 5448 2297 5503 simultatem
2371 5445 2530 5511 fovit,
2576 5445 2723 5515 quod
2770 5446 2856 5500 vel
2898 5447 2975 5501 sic
3047 5446 3368 5514 injuriarum

110 5557 341 5597 memor
386 5539 607 5592 animo
630 5553 911 5592 rancorcm
946 5539 1265 5592 servaverit.

1817 5002 1923 5057 mis
1959 5001 2255 5063 simultate,
2290 4998 2355 5065 ad
2382 4999 2723 5053 tremendum
2777 4998 2912 5053 illud
2967 4998 3227 5069 deinceps
3274 4996 3371 5055 tri-

1813 5090 1979 5146 bunal
2030 5104 2249 5144 causam
2304 5087 2504 5142 deferri
2568 5102 2797 5142 necesse
2861 5096 2966 5153 est,
3018 5091 3371 5159 extremoque

1813 5177 2083 5247 supplicio
2123 5174 2415 5231 addiceris.
2469 5172 2616 5227 illius
2660 5175 2953 5242 sententia,
3000 5176 3093 5245 qui
3147 5176 3368 5229 illorum

1645 5658 1873 5714 ΝΟΤᾸΞ.

289 5747 579 5825 ςΉνισίτα
627 5744 840 5825 κακίαν
884 5747 995 5814 οὐχ
1040 5739 1343 5814 ὑφορᾶται.
1399 5749 1503 5815 Hic
1540 5745 1681 5804 idem

1822 5769 1935 5817 στα,
1968 5751 2112 5822 quod
2156 5754 2412 5825 μάλιστα,
2443 5753 2534 5825 qui
2570 5769 2700 5808 usus
2727 5753 2877 5806 vocis
2937 5760 3179 5819 pervius,
3228 5743 3367 5815 opti-

106 5817 216 5876 me“
229 5817 589 5875 Phavorino
619 5817 915 5878 expositus.

522 5895 789 5981 Pamop.
834 5900 943 5959 Gn.
997 5901 1143 5960 XCI.
2960 5904 3035 5980 32
