3966 6340
218 413 354 482 1021

1514 428 1922 491 OONFESSIO
1958 433 2182 500 FIDEI.

3302 441 3440 508 102!
3484 510 3487 515 ,

213 529 313 622 καί
360 526 438 598 τῷ
474 529 722 622 μάκαρ-ίῳ
780 531 1108 605 Ἀμόροσίῳ,
1158 534 1234 603 τῷ
1277 536 1619 601 Μεδιολάνων
1654 544 1743 596 ἐπι

1878 545 2229 602 Ambrosium
2270 536 2729 607 Hediolanensem
2754 550 3073 622 episcopum
3094 593 3108 619 ,
3137 563 3208 609 ει-
3229 551 3445 612 beatum

214 616 427 689 σκόπῳ,
456 620 553 673 καὶ
598 620 674 690 τῷ
725 623 981 693 μακαρίῳ
1032 624 1373 698 Αύγουστίνῳ
1400 629 1497 699 τῆς
1525 632 1617 685 τοῦ
1656 636 1772 689 Ἰπ-

210 708 394 770 πιῖινος
417 709 628 773 πόλεως
655 712 958 797 ἐπισκόπῳ·
993 715 1071 786 τῷ
1104 717 1389 788 ἁγιωτάτῳ
1429 736 1489 773 τε
1531 721 1775 794 Ἱερωνύ-

211 814 297 867 μῳ
322 798 408 870 τῷ
436 802 772 873 ἰσχυροτάτῳ
802 805 900 874 τῆς
925 805 1033 860 τῶν
1059 809 1350 878 αἱρετικῶν
1383 813 1775 886 στρεϐλότητος

209 894 614 962 καταμαχητῇ,
655 893 1027 963 ἀκολουθήσας
1075 898 1104 949 ὀ
1159 902 1430 972 μακάριος
1477 904 1769 975 Κύριλλος,

208 977 303 1031 καὶ
344 980 443 1033 σὺν
488 982 637 1052 αύτῷ
669 984 765 1053 ὅλη
796 988 829 1054 ἡ
876 985 1006 1053 ἁγία
1049 978 1399 1064 οἱκουμενικὴ
1444 997 1605 1065 τρίτη
1651 999 1773 1059 σύν-

206 1066 347 1133 οδος,
404 1072 790 1143 γεγραμμένον
836 1074 966 1145 ἡμῖν
1016 1079 1307 1135 κατέλιπον
1357 1087 1657 1156 ἐμφανῶς,
1710 1090 1771 1142 sb

206 1157 437 1229 Πνεῦμα
467 1156 615 1215 εἶναι
653 1164 718 1216 ἐκ
745 1163 838 1217 τοῦ
869 1165 1019 1224 Υίοῦ.
1048 1170 1204 1223 Ὅθεν
1243 1173 1338 1227 καὶ
1362 1176 1642 1245 ὀρθόδοξος
1668 1179 1769 1233 οὐκ

202 1245 377 1312 ιστιν,
408 1250 528 1341 ἀλλ’
558 1252 631 1341 ἐκ
659 1253 759 1323 τῆς
788 1256 1321 1326 πίστεωςέξοδεύει,
1353 1266 1504 1329 ὅστις
1537 1270 1654 1331 τοῖς
1680 1271 1772 1341 ῥή-

204 1350 378 1406 μασιν
414 1338 581 1393 αὑτοῦ
622 1348 1024 1417 καταμάχεται.
1052 1350 1214 1418 Λέγει
1250 1352 1357 1423 γὰρ
1390 1338 1765 1426 φανερώτατα,

200 1426 259 1517 ἐν
285 1427 369 1499 τῷ
400 1429 596 1485 ἑαυτοῦ
645 1436 781 1505 πρὸς
824 1438 916 1491 τὸν
958 1439 1180 1508 βασιλέα
1212 1442 1490 1497 Θεοδόσιον
1520 1449 1768 1517 περὶτῆς

198 1514 483 1589 ὁροοόόξου
541 1522 778 1587 πίστεως
813 1530 1303 1597 Προσφωνητικῷ,
1338 1534 1399 1585 τὸ
1448 1514 1769 1608 Πνεῦμανεί-

198 1610 397 1663 ναι-ἑκ
437 1612 532 1665 τοῦ
582 1613 732 1678 Υίοῦ,
793 1616 882 1670 διά
928 1618 1130 1671 τούτων
1186 1622 1294 1673 τῶν
1346 1625 1625 1692 ῥημάτων·
1656 1629 1769 1683 Καὶ

194 1700 324 1771 μὴν
348 1702 536 1770 ἄνδρα
571 1705 783 1773 λέγων,
823 1707 931 1759 τὸν
976 1708 1125 1762 ὅσον
1156 1712 1322 1764 οὔπω
1354 1719 1768 1785 παρεσόμενον

198 1790 297 1843 καί
330 1788 767 1860 ὀφθησόμενον,
789 1794 993 1871 ⁴αὐτὸν
1033 1799 1146 1864 ἔφη
1175 1799 1486 1861 βαπτίζειν
1508 1804 1578 1857 ἐν
1620 1807 1763 1873 πυρί

1880 637 2246 706 Augustinum
2268 636 2670 707 Hipponensem
2692 640 2821 695 item
2855 642 3194 714 episcopum,
3232 661 3443 702 necnon

1878 728 2287 784 sanctissimum
2308 729 2719 801 Hieronymum,
2742 732 3014 789 haeretica:
3034 736 3319 804 pravitatis
3348 753 3444 791 vs-

1879 812 2213 875 lidissimum
2234 809 2691 893 impugnatorem,
2716 834 2938 879 secutus
2960 826 3156 881 beatus
3183 827 3441 898 Cyrillus,
3490 816 3494 819 ’

1878 920 1938 967 et
1968 926 2099 975 cum
2117 928 2184 967 eo
2213 916 2471 968 universa
2512 922 2697 969 sancta
2729 908 3062 970 incumenica
3085 918 3244 971 tertia
3277 932 3445 987 syno-

1876 1003 2003 1066 dus,
2032 1004 2299 1072 scriptum
2329 1003 2490 1057 nobis
2522 1004 2813 1059 manifeste
2845 1006 3098 1075 reliquit,
3136 1008 3279 1077 quod
3322 1008 3444 1077 Spi-

1874 1086 2018 1145 ritus
2047 1107 2115 1147 ex
2143 1092 2281 1147 Filio
2313 1093 2401 1146 sit.
2439 1092 2529 1147 Ait
2560 1094 2709 1149 enim
2754 1097 3096 1165 apertissime
3144 1099 3201 1152 in
3244 1113 3345 1153 suo
3370 1098 3440 1153 ad

1874 1181 2244 1235 Theodosium
2288 1181 2675 1249 imperatorem
2706 1183 2774 1239 de
2804 1184 2909 1238 ﬁde
2936 1186 3237 1239 orthodoxa
3281 1186 3442 1240 Pros-

1872 1269 2144 1339 phonetico
2174 1308 2189 1331 ,
2225 1268 2491 1337 Spiritum
2534 1284 2600 1322 ex
2657 1270 2791 1324 Filio
2824 1286 2944 1325 esse
2969 1311 2982 1334 ,
3026 1272 3176 1327 hisee
3205 1274 3387 1328 verbis
3420 1290 3436 1328 :

1874 1359 2033 1428 Atqui
2054 1374 2170 1412 cum
2201 1359 2461 1412 hominem
2486 1359 2630 1423 dicit,
2658 1362 2747 1430 qui
2766 1361 3000 1431 jamjam
3024 1378 3252 1431 praesens
3290 1365 3439 1433 futu-

1875 1466 1967 1502 rus
2000 1456 2115 1502 erat
2143 1457 2193 1502 et
2212 1448 2373 1503 oculis
2393 1452 2803 1520 conspiciendus,
2823 1454 2995 1522 ipsum
3017 1454 3147 1507 dixit
3170 1455 3440 1525 baptizare

1873 1541 1930 1593 in
1962 1541 2082 1609 igne
2123 1548 2173 1592 et
2208 1537 2409 1609 Spiritu
2448 1542 2629 1595 sancto
2669 1558 2688 1596 .'
2721 1558 2826 1595 non
2868 1544 2958 1611 qui
2992 1543 3227 1597 alienum
3269 1546 3438 1615 bapti-

1870 1629 2057 1682 zandis
2087 1630 2390 1683 immitteret
2412 1628 2671 1699 Spiritum
2696 1671 2709 1695 ,
2740 1631 2916 1685 servili
2946 1649 3088 1685 more
3118 1650 3179 1686 ac
3201 1634 3407 1692 ministe
3436 1666 3437 1669 η

1872 1720 2207 1783 rialiter,sed
2246 1729 2302 1773 ut
2327 1730 2521 1773 natura
2548 1720 2715 1773 Deum
2749 1738 2867 1774 cum
2900 1739 3128 1791 superna
3159 1731 3433 1792 potestate,

1872 1811 1963 1879 qui
2016 1825 2079 1862 ea:
2107 1810 2239 1877 ipso,
2299 1818 2355 1862 et
2384 1812 2497 1879 ejus
2523 1812 2765 1878 praprius
2804 1811 2966 1881 692
3018 1820 3111 1864 est.
3145 1812 3289 1877 Quid
3333 1814 3435 1869 hac

199 1876 296 1931 καί
336 1879 481 1947 ἁγίῳ
516 1881 832 1949 Πνεύματι·
880 1885 989 1936 οὐκ
1028 1885 1351 1954 ἀλλότριον
1399 1891 1523 1957 τοῖς
1544 1893 1751 1956 βαπτι·

1865 1876 2187 1954 auctoritate
2232 1876 2627 1954 manifestius?
2653 1901 2752 1955 Hic
2782 1876 3313 1971 enim—apertissime
3366 1903 3433 1960 de

200 1966 463 2037 ζομένοις
488 1970 725 2024 ἀνιέντα
755 1973 993 2042 Πνεῦμα
1011 2014 1025 2037 ,
1070 1975 1495 2047 δουλοπρεπῶς
1526 1984 1625 2037 καὶ
1651 1989 1765 2039 ὐπ-

199 2061 507 2129 ουργικῶςο
538 2063 671 2115 ἀλλ’
694 2064 775 2130 ὡς
821 2066 969 2118 Θεὸν
1012 2066 1162 2119 κατὰ
1188 2069 1397 2135 φύσιν,
1426 2075 1556 2140 μετ’
1585 2074 1760 2137 ἐξου-

199 2152 342 2217 ἀνίας
362 2151 469 2219 τῆς
495 2152 792 2217 ἀνωτάτω,
823 2155 891 2208 τὸ
918 2155 987 2219 ἐξ
1017 2158 1201 2211 αὑτοῦ
1226 2160 1322 2212 καί
1358 2160 1514 2214 ιδιον
1550 2166 1759 2220 αὐτοῦ.

199 2239 264 2291 Τί
301 2239 505 2309 ταύτης
535 2241 637 2311 τῆς
688 2242 995 2314 μαρτυρίας
1049 2247 1458 2320 φανερώτερινς
1511 2246 1614 2305 ὦδε
1654 2255 1763 2325 γὰρ

198 2329 554 2399 φανερώτατα
581 2334 708 2403 περὶ
735 2333 830 2388 τοῦ
858 2335 988 2389 Υἱού
1015 2337 1185 2406 λέγει,
1216 2341 1300 2393 ὅτι
1330 2341 1402 2398 Τὸ
1425 2346 1671 2414 Πνεῦμα
1696 2347 1760 2401 τὸ

199 2420 372 2491 ἅγιον
402 2422 528 2489 τοῖς
541 2424 998 2494 βαπτιζομένοις
1016 2428 1236 2497 ἐνίησι,
1257 2432 1323 2486 τὸ
1347 2433 1417 2497 ἐξ
1435 2436 1643 2500 αὐτοῦ,
1664 2437 1763 2491 καὶ

200 2511 357 2567 ιόιον
390 2514 595 2569 αὐτοῦ.
636 2516 748 2567 Καὶ
779 2517 936 2570 τοῦτο
977 2520 1108 2573 αύτὺ
1132 2522 1207 2590 τῷ
1248 2523 1475 2597 Ἑρμείᾳ
1503 2527 1704 2598 γράφει
1733 2531 1778 2582 ὁ,

198 2603 356 2665 αὐτὸς
382 2605 652 2673 μακάριος
679 2605 966 2674 Κύριλλος,
989 2610 1048 2659 ἐν
1064 2613 1128 2681 τῇ
1161 2613 1425 2684 ἑρμηνείᾳ
1458 2616 1549 2669 τοῦ
1570 2619 1758 2673 ἐνάτου

196 2690 636 2761 άναθεματισμοῦ
669 2693 824 2748 τοῦτο
844 2696 976 2749 αὐτὸ
992 2696 1183 2765 λέγων.
1231 2702 1321 2753 Ἐν
1346 2703 1422 2771 τῷ
1449 2706 1623 2777 ἐνάτῳ
1650 2707 1759 2779 γάρ

196 2784 641 2855 ἀναθεματισμῷ,
675 2784 802 2839 ἴδιον
832 2783 969 2842 εἶναι
1008 2789 1100 2844 τοῦ
1132 2791 1261 2845 Υεοῦ
1311 2794 1370 2847 τδ
1418 2796 1641 2868 Πνεῦμα
1684 2804 1758 2854 εί-

196 2874 331 2935 πὼν,
351 2876 442 2928 τὸν
467 2876 626 2931 αὐτὸν
638 2877 824 2930 ἔνατον
842 2880 1003 2939 άναθε
1013 2899 1176 2950 ματισ
1182 2885 1277 2952 μὸν
1290 2886 1316 2936 ἐ
1325 2902 1353 2955 ρ
1361 2903 1435 2955 μη
1442 2904 1497 2939 νε
1506 2888 1633 2955 ύων,
1652 2891 1755 2945 τίνι

195 2967 372 3039 ἐννοίᾳ
408 2966 536 3021 ίδιον
561 2967 725 3021 αὐτοῦ
761 2966 899 3022 εἶναι
935 2970 994 3023 τὸ
1022 2971 1242 3042 Πνεῦμα
1285 2975 1508 3046 ἀνέῳξε,
1557 2968 1753 3047 λέγὶυνο

198 3059 528 3125 Ἀνθρωπος
544 3059 797 3129 γεγονὼς
819 3062 852 3113 ό
871 3063 1210 3132 Μονογενὴς
1238 3066 1342 3120 τοῦ
1370 3070 1516 3121 Θεοῦ
1541 3071 1749 3138 Λόγος,

192 3148 600 3267 ἀπρμεμένηκε
618 3152 713 3205 καί
736 3151 890 3205 οὕτω
917 3154 1079 3218 Θεός·
1104 3154 1301 3267 ἓτάντα
1324 3158 1610 3229 ὑπάρχων
1638 3163 1755 3217 ὅσα
1780 3215 1818 3267 C

194 3256 265 3267 ..η
313 3243 341 3267 ,ι
364 3240 556 3267 ,μέρη
589 3242 720 3267 ω---
750 3244 929 3267 “In---
953 3244 1053 3267 --ε
1080 3263 1100 3267 _
1246 3251 1312 3267 πε
1338 3266 1341 3267 ν
1370 3249 1398 3267 1
1447 3264 1457 3267 -
1557 3252 1570 3267 ι
1597 3253 1657 3267 --

194 3240 286 3294 καί
308 3243 341 3294 δ
356 3240 723 3311 Παϋιρβίχα
735 3244 929 3311 μόνου
950 3244 1055 3299 τοῦ
1074 3242 1224 3300 εἶναι
1239 3249 1459 3318 Πατήρο
1476 3252 1573 3305 καί
1596 3253 1751 3307 ἴδιον

192 3331 343 3397 ἔχων
360 3330 427 3383 τὸ
458 3331 527 3395 ἐξ
550 3330 734 3385 αὑτοῦ
767 3334 865 3386 καί
883 3335 1185 3400 οὺσιωδῶς
1205 3338 1546 3407 ἐμπεφυκὸς
1592 3344 1752 3409 αὐτῷ

191 3420 357 3491 ἅγιον
375 3421 634 3491 Πνεῦμα,
660 3424 755 3475 καὶ
773 3424 841 3476 τά
863 3424 1043 3478 λοιπά.
1069 3418 1193 3479 Ὧδε
1217 3430 1377 3481 πάλιν
1396 3431 1749 3501 φανερώτατα

190 3510 248 3563 τὺ
272 3510 492 3580 Πνεῦμα
529 3510 587 3563 τὸ
627 3510 780 3580 ἅγιον
810 3515 874 3565 ἐκ
903 3514 994 3566 τοῦ
1023 3514 1154 3567 Υίοῦ
1186 3512 1321 3569 εἶναι
1366 3518 1513 3587 λέγει
1541 3522 1568 3572 ὁ
1597 3523 1749 3589 ἆγιος

192 3602 397 3674 Πατήρ.
431 3602 545 3656 Οὐκ
573 3604 773 3671 ὀφείλει
801 3603 856 3656 δέ
883 3621 988 3659 τινι
1012 3599 1150 3660 εῖναι
1176 3607 1503 3677 ἀμφίϐολον,
1540 3612 1621 3664 ὅτι
1651 3613 1747 3684 τὴν

191 3694 390 3748 ἔννοιαν
415 3693 654 3765 ἐκείνην,
687 3689 790 3747 ὧδε
829 3695 1063 3767 ἀνέῳξεν
1089 3700 1118 3751 ὁ
1159 3698 1347 3766 ἅγιος,
1374 3701 1565 3771 ἥντινα
1602 3699 1747 3773 εἶχεν

187 3785 274 3840 ὅτε
312 3788 403 3841 τὸν
446 3787 889 3858 άναθεματισμὸν
916 3789 1149 3854 ἐξέθετο.
1180 3792 1283 3846 Τὸν
1309 3795 1746 3866 άναθεματισμὸν

185 3875 239 3929 δὲ
270 3877 497 3942 ἐκεῖνον,
538 3879 635 3931 σὺν
688 3880 823 3931 πᾶσι
876 3880 1058 3944 ἄλλοις
1107 3882 1577 3954 άναθεματισμοῖς
1629 3887 1744 3938 ἐδέ-

186 3964 309 4031 ξατο
334 3967 367 4037 ἡ
396 3968 525 4035 άγία
539 3970 633 4021 καὶ
660 3970 1013 4040 οίκουμενικὴ
1039 3970 1088 4039 γ’
1116 3971 1354 4038 σύνοδος,
1377 3976 1436 4026 ἐν
1464 3976 1650 4047 ἐκείνῃ
1674 3979 1740 4047 τῇ

186 4055 381 4126 ἐννοίᾳ,
398 4057 457 4108 ἐν
539 4057 568 4108 ό
584 4057 736 4124 άγιος
764 4057 998 4121 ἐξέθετο.
1020 4060 1297 4129 ’Δρίδηλον
1323 4062 1431 4134 γάρ
1457 4065 1593 4127 ἐστι,
1616 4069 1741 4131 τοὺς

184 4145 622 4217 ἁγίουςΠατέρας
638 4150 695 4201 ἐν
719 4150 783 4217 τῇ
813 4148 944 4220 άγίᾳ
964 4152 1334 4223 προειρημένῃ
1359 4157 1739 4225 συναχθέντας,

185 4237 309 4308 ὅλην
342 4238 441 4309 τὴν
463 4240 653 4312 τρίτην
692 4240 786 4294 τοῦ
827 4243 1227 4313 προειρημένου
1260 4246 1473 4317 Πατρὸς
1522 4246 1742 4306 ἐπιστοη

183 4328 277 4400 λὴν
306 4331 438 4402 πρὸς
464 4331 556 4385 τὸν
584 4332 755 4402 ἀσεσῆ
780 4333 1073 4405 Νεπόριον
1102 4335 1195 4389 τὸν
1225 4338 1741 4395 Κωνσταντινουπό-

182 4420 623 4487 ὴωςέπίσκοπον
655 4425 1044 4496 γεγραμμένην
1078 4426 1245 4498 χωρίς
1271 4446 1419 4493 τινος
1439 4431 1736 4502 δισταγμοῦ

1868 1991 2005 2045 Filio
2045 1991 2179 2045 dicit
2210 2007 2223 2043 :
2256 1991 2544 2045 Immittere
2595 1989 2850 2061 Spiritum
2888 2002 3127 2046 sanctum
3148 2036 3161 2056 ,
3195 1996 3307 2058 his,
3345 1997 3438 2065 qui

1866 2068 2223 2151 baptizantur,
2246 2083 2335 2150 qui
2362 2098 2425 2134 ea:
2452 2083 2564 2151 ipso
2610 2089 2661 2135 et
2697 2083 2809 2149 ejus
2855 2086 3097 2153 proprius
3128 2094 3220 2137 est.
3254 2085 3433 2154 Atque

1866 2172 1970 2224 hoc
1995 2171 2139 2224 idem
2172 2171 2405 2225 Hermia:
2447 2170 2641 2226 scribit
2674 2171 2818 2226 idem
2851 2172 3043 2226 beatus
3083 2172 3337 2243 Cyrillus,
3374 2174 3430 2229 in

1862 2262 2203 2329 expositione
2232 2263 2361 2315 noni
2394 2262 2837 2317 anathematismi
2878 2263 2983 2317 hoc
3016 2265 3193 2333 ipsum
3219 2265 3428 2321 dicens.

1862 2352 1921 2406 In
1946 2366 2090 2405 nono
2120 2353 2264 2405 enim
2294 2354 2777 2416 anathematismo,
2802 2368 2925 2406 cum
2956 2353 3218 2417 dixisset,
3261 2355 3429 2423 Spiri-

1863 2452 1974 2497 tum
2021 2442 2141 2497 Filii
2165 2445 2440 2513 praprium
2468 2448 2597 2507 esse,
2631 2442 2886 2497 eumdem
2912 2428 3427 2499 anathematismum

1860 2551 2177 2605 exponens,
2206 2551 2315 2604 quo
2378 2550 2541 2589 sensu
2590 2534 2832 2604 Spiritus
2865 2535 2984 2603 ejus
3028 2535 3286 2604 proprius
3332 2537 3425 2602 sit,

1860 2628 2094 2697 aperuit,
2127 2625 2314 2679 dicens
2345 2643 2356 2677 :
2390 2625 2554 2679 Homo
2589 2625 2786 2694 factum
2805 2626 3033 2692 unigena
3061 2624 3153 2677 Dei
3182 2624 3423 2691 Verbum,

1856 2719 1931 2771 sic
1953 2734 2155 2787 quoque
2188 2717 2440 2770 remansit
2485 2716 2661 2781 Deus;
2694 2732 2804 2769 cum
2850 2719 2915 2769 sit
2940 2718 3115 2768 omnia
3142 2756 3155 2779 ,
3208 2733 3424 2785 quteque

1856 2816 1933 2861 est
1962 2816 2010 2858 et
2040 2807 2221 2869 Pater,
2239 2808 2342 2858 uno
2374 2808 2467 2858 hoc
2491 2807 2718 2874 dempto,
2738 2807 2875 2875 quod
2910 2821 3013 2857 non
3045 2814 3119 2858 est
3152 2805 3349 2872 Pater;
3372 2803 3448 2860 et‘

1856 2899 2127 2968 proprium
2162 2896 2370 2960 habeat,
2401 2897 2492 2966 qui
2517 2912 2580 2949 ex
2603 2897 2714 2966 ipso
2734 2902 2828 2959 est,
2864 2904 2914 2949 et
2946 2899 3000 2950 in
3029 2900 3141 2967 ipso
3173 2898 3421 2952 substan-

1855 2986 2053 3039 tialiter
2068 2993 2263 3039 natura
2290 2986 2444 3049 inest,
2466 2983 2693 3055 Spiritus
2738 2994 2982 3050 sanctus,
3026 2996 3131 3041 etc.
3166 2984 3266 3042 llic
3292 3003 3410 3041 rur-

1855 3091 1949 3130 sus
1988 3075 2288 3130 clarissime
2318 3115 2332 3139 ,
2371 3089 2492 3129 esse
2539 3075 2802 3144 Spiritum
2862 3085 3109 3129 sanctum
3156 3090 3223 3128 ex
3258 3075 3417 3138 Filio,

1854 3173 2077 3220 sanctus
2110 3166 2274 3220 Pater
2309 3164 2460 3218 dicit.
2499 3164 2715 3229 Nemini
2748 3173 2930 3218 autem
2973 3164 3269 3232 quidquam
3316 3163 3419 3217 du-

1853 3257 2002 3311 bium
2031 3271 2149 3310 esse
2200 3255 2383 3319 debet,
2418 3255 2665 3309 eamdem
2725 3254 2817 3308 hic
2878 3263 3113 3308 mentem
3166 3262 3415 3309 sanctum

1848 3348 2149 3417 aperuisse,
2179 3360 2341 3414 quam
2375 3345 2667 3409 habuerit,
2705 3356 2819 3399 tum
2842 3384 2856 3409 ,
2893 3360 3016 3399 cum
3048 3345 3414 3400 anathemati-

1846 3452 2022 3491 smum
2044 3437 2249 3495 ederet.
2272 3435 2429 3490 Hunc
2448 3450 2612 3505 porro
2634 3436 3148 3490 anathematismum
3174 3452 3297 3493 cum
3324 3452 3416 3493 re-

1846 3527 2011 3597 liquis
2034 3526 2289 3580 omnibus
2314 3527 2783 3582 anathematismis
2813 3528 3019 3597 recepit
3051 3528 3209 3583 tertia
3231 3538 3416 3584 sancta

1845 3627 1901 3673 et
1922 3619 2259 3673 (ecumenica
2297 3619 2541 3689 synodus
2563 3659 2577 3682 ,
2628 3634 2738 3687 quo
2772 3634 2937 3673 sensu
2972 3629 3198 3673 sanctus
3224 3619 3413 3673 edide-

1847 3718 1948 3764 rat.
1982 3710 2325 3765 Manifestum
2370 3711 2516 3764 enim
2547 3721 2652 3769 est,
2682 3720 2900 3764 sanctos
2936 3712 3123 3764 Patres
3178 3712 3233 3762 in
3266 3711 3411 3764 dicta

1844 3811 2028 3857 sancta
2060 3802 2265 3871 synodo
2286 3810 2675 3871 congregatos,
2701 3810 2869 3854 totam
2902 3803 3117 3856 tertiam
3148 3801 3278 3856 dicti
3307 3802 3409 3855 Pa-

1844 3892 1943 3945 tris
1976 3890 2261 3959 epistolam
2291 3891 2556 3945 adversus
2580 3890 2811 3960 impium
2847 3890 3159 3946 Nestorium
3196 3894 3412 3962 episco-

1841 3996 1970 4050 pum
2018 3981 2707 4052 Constantinopolitanum,
2740 3982 2998 4053 scriptam
3038 3983 3242 4052 absque
3299 3983 3410 4037 ulla

1842 4074 2244 4128 retractationis
2273 4073 2619 4129 haesitatione
2654 4074 2946 4143 recepisse.
2984 4072 3200 4143 Scimus
3223 4082 3405 4128 autem

1814 4148 1999 4219 dictat
2027 4166 2270 4234 epistofae
2298 4176 2596 4223 extremam
2624 4173 2832 4233 partem
2859 4205 2873 4228 ,
2903 4163 3079 4217 dictos
3112 4163 3404 4218 duodecim

1840 4255 2315 4331 anatliematismos
2345 4253 2647 4308 continere.
2674 4251 2829 4317 Quod
2860 4252 2905 4305 si
2932 4252 3056 4320 quis
3084 4250 3238 4319 quasi
3268 4251 3404 4321 legi-

1841 4347 1971 4400 tima
2004 4346 2142 4400 tueri
2176 4344 2520 4414 aggrediatur
2546 4341 2867 4395 Theodoriti
2895 4342 3019 4411 Cyri
3037 4342 3279 4410 episc0pi
3304 4343 3406 4395 im-

1839 4437 2078 4507 piissima
2098 4436 2260 4489 verba
2282 4476 2294 4495 .
2329 4450 2449 4504 quae
2486 4434 2532 4488 is
2565 4433 2713 4489 omni
2765 4434 3107 4504 imprudentia
3156 4435 3402 4489 evomuit

182 4508 485 4573 άναξάνεως
517 4510 931 4584 [ἀνεξετάστως]
962 4514 1223 4584 δεδέχθαι.
1256 4517 1599 4589 Γινώσκομεν
1648 4522 1724 4581 δὲ,

1851 4527 2093 4581 idversus
2132 4524 2263 4578 dicti
2301 4524 2477 4578 Patris
2504 4523 2795 4579 duodecim
2850 4524 3125 4593 capitula,
3185 4525 3402 4577 noverit

180 4601 263 4667 ὅτι
307 4601 402 4671 τῆς
433 4602 842 4672 προειρημένης
876 4605 1167 4674 ἐπιστολῆς
1207 4608 1268 4660 τὸ
1292 4607 1517 4677 ἔσχατον
1546 4612 1734 4680 μέρος,

180 4691 303 4754 τοὺς
318 4690 746 4762 προειρημένους
774 4694 1019 4764 περιέχει
1042 4696 1521 4767 άναθεματισμορς
1551 4699 1638 4771 ιβ’.
1674 4703 1737 4755 Ei

179 4780 234 4835 δέ
258 4798 341 4845 τις
368 4780 614 4854 νομίμως
630 4782 942 4855 »ἐπιχειροίη
964 4785 1029 4839 τὰ
1046 4785 1138 4839 τοῦ
1156 4788 1488 4858 Θεοδωρίτου
1513 4794 1737 4847 ἐπισκό-

180 4888 278 4926 που
306 4873 486 4944 Κύρου
521 4872 739 4943 ῥήματα
766 4876 832 4927 τὰ
865 4875 1221 4944 ἀσεϐέστατα,
1252 4880 1411 4935 ἅτινα
1467 4885 1609 4937 κατὰ
1637 4886 1733 4939 τοῦ

180 4963 573 5033 προειρημένου
616 4965 829 5036 Πατρδς
871 4966 959 5020 διὰ
1013 4968 1080 5038 ιβ’
1108 4972 1422 5040 κεφαλαίων
1464 4974 1733 5047 ἐξήμεσεν

177 5054 414 5125 ἅναίδην,
445 5058 761 5124 γινωσκέτω
797 5058 896 5127 τὴν
925 5059 1181 5131 πέμπτην
1228 5064 1391 5131 ἁγίαν
1425 5067 1517 5119 καὶ
1548 5070 1731 5122 οἰκου-

180 5146 400 5216 μενικὴν
426 5147 663 5211 σύνοδον,
690 5148 1164 5218 ἀναθεματίσασαν
1194 5153 1317 5217 τοὺς
1344 5156 1437 5208 τοῦ
1470 5177 1731 5232 προειρη-

180 5233 335 5299 μένου
366 5235 694 5304 Θεοδωρίτου
736 5237 1053 5308 βαϐισμούς’
1089 5242 1235 5303 ὅστις
1279 5247 1418 5298 κατὰ
1456 5248 1551 5300 τοῦ
1621 5268 1725 5318 μα-

178 5324 359 5394 καρίου
386 5325 656 5411 Κυρίλλου
684 5328 926 5396 ῥήματα,
967 5331 1024 5384 ἐν
1053 5328 1135 5394 οἷς
1167 5335 1260 5386 καὶ
1304 5336 1453 5403 αὐτῷ
1494 5339 1725 5411 ἀπεκρί-

176 5428 320 5503 νατο,
367 5416 525 5484 μόνον
558 5410 666 5468 οῐδε
695 5425 1035 5491 κατηγορεῖν.
1089 5425 1252 5492 Λέγει
1293 5428 1402 5498 γὰρ
1432 5431 1465 5498 ἡ
1499 5410 1722 5503 πέμπτη

177 5502 304 5570 ἁγία
341 5507 435 5559 καὶ
463 5504 723 5575 καθολικὴ
759 5508 974 5575 σύνοδος
1002 5516 1059 5566 ἐν
1092 5517 1287 5585 πράξει
1317 5520 1497 5592 ὀγδόῃ,
1527 5502 1720 5588 οὕτωςζ

179 5596 607 5664 Κατακρίνομον
661 5598 757 5652 καί
820 5602 1315 5676 ἀναθεματίζομεν
1395 5612 1546 5679 πρὸς
1599 5615 1721 5680 τοῖς

180 5682 381 5751 ἄλλοις
425 5686 655 5744 ἅπασιν
690 5691 1005 5759 αἰρετικοῖς
1036 5696 1156 5761 τοῖς
1188 5704 1589 5766 κατακριθεῖσι
1621 5708 1717 5758 καὶ

178 5772 704 5848 ἀναθεματισθεῖσι,
747 5782 904 5849 πειρᾷ
945 5800 1005 5838 τε
1050 5784 1161 5841 τῶν
1189 5789 1512 5857 εἰρημένων
1539 5794 1719 5855 ἁγίων

1840 4620 2079 4665 sanctam
2122 4612 2364 4681 quintam
2409 4626 2473 4666 ac
2527 4613 2921 4667 tecumenicam
2969 4612 3237 4682 synodum
3266 4613 3400 4667 dicti

1838 4703 2157 4758 Theodoriti
2218 4719 2390 4774 nugas
2435 4703 2572 4757 diris
2622 4704 2910 4778 devovisse
2954 4720 3125 4759 :cum
3162 4704 3207 4758 is
3254 4712 3401 4759 totus

1836 4796 1891 4850 in
1928 4812 1994 4850 eo
2033 4796 2124 4861 sit,
2152 4804 2213 4850 ut
2262 4796 2406 4851 beati
2454 4796 2637 4867 Cyrilli
2686 4796 2852 4850 verba
2884 4797 3287 4866 reprehendat,
3342 4798 3400 4853 in

1834 4888 2036 4957 quibus
2084 4888 2248 4943 etiam
2296 4887 2386 4942 ille
2425 4887 2475 4942 ei
2520 4871 2822 4955 respondit.
2885 4887 2976 4941 Ait
3028 4887 3174 4942 enim
3207 4889 3398 4955 quinta

1834 4990 2017 5033 sancta
2056 4986 2111 5034 et
2165 4973 2489 5034 universalis
2533 4978 2774 5048 synodus
2806 5020 2819 5044 ,
2880 4980 3100 5033 actione
3155 4988 3342 5031 octava
3378 4995 3394 5033 :

1832 5070 2161 5123 Dumnamus
2190 5077 2239 5120 et
2261 5069 2793 5132 anathematizamus,
2821 5086 2934 5122 cum
2984 5068 3198 5137 reliquis
3227 5069 3398 5124 omni-
3440 5061 3447 5064 v

1831 5162 1921 5214 bus
1947 5162 2197 5214 ha’reticis
2229 5161 2495 5213 damnatis
2509 5161 2628 5230 jam
2668 5168 2717 5211 et
2753 5161 3090 5212 anathemate
3116 5160 3391 5226 percussis,

1829 5271 1861 5305 a
1905 5252 2098 5305 sanctis
2122 5260 2349 5321 quatuor
2378 5252 2527 5305 dictis
2560 5252 2789 5321 synodis,
2836 5260 2884 5303 et
2914 5268 2944 5303 a
2984 5257 3169 5301 sancta
3215 5261 3260 5301 et
3299 5265 3391 5303 ca-

1827 5343 2019 5396 tholica
2055 5342 2315 5405 Ecclesia,
2349 5344 2511 5395 etiam
2548 5342 2890 5403 Theodorum,
2929 5340 3019 5409 qui
3062 5338 3394 5407 Mopsuestia:

1824 5439 2091 5505 (πρίει-ορατ
2139 5435 2268 5504 fuit,
2324 5435 2540 5503 ejusque
2586 5432 2751 5502 impia
2814 5439 3185 5493 monumenta;
3232 5430 3393 5497 impie

1821 5530 1945 5581 item
1973 5529 2267 5597 conscripta
2298 5546 2330 5581 α
2354 5527 2681 5588 Theodorito,
2705 5537 2890 5580 contra
2928 5526 3125 5579 rectam
3155 5522 3313 5591 ﬁdem
3340 5531 3396 5576 et

1820 5615 2088 5669 duodecim
2138 5616 2371 5684 capitula
2402 5617 2571 5668 sancti
2609 5614 2771 5684 693
2810 5612 2997 5683 Cyrilli
3039 5630 3099 5665 ac
3147 5620 3389 5665 sanctam

1821 5711 2029 5761 tertiam
2064 5707 2379 5776 Ephesinam
2416 5706 2692 5776 synodum.
2724 5704 3056 5772 Qua‘cunquc
3100 5701 3398 5756 demumab

1821 5815 1877 5853 eo
1897 5800 2105 5868 scripta
2128 5806 2249 5851 sunt
2274 5811 2365 5865 pro
2402 5795 2699 5866 defensione
2728 5793 2975 5851 Theodori
2996 5803 3044 5848 et
3067 5794 3311 5849 Nestorii.
