3966 6340
592 372 3742 427 W

1663 529 1800 582 ΤΟΥ
1835 528 1927 582 EN
1961 526 2188 609 mox:
2216 521 2489 581 narro:
2512 522 2706 578 nmen

954 687 1750 831 ΜΑΞΙΜΟΥ
1825 604 2170 821 ΤΟΥ
2227 685 3427 822 ΟΜΟΑΟΓΗΤΟΥ

1770 920 1932 965 ΠΕΡΙ
1974 916 2299 977 meorum
2332 918 2617 965 morm
2646 968 2651 971 ι

1012 1108 1016 1112 τ
1082 1073 1309 1159 ΤΩΝ
1364 1070 1695 1157 ΑΓΙΩΝ
1758 1068 2366 1157 ΑΙΟΝΥΣΙΟΥ
2430 1069 2625 1151 ΚΑΙ
2685 1036 3299 1155 ΓΡΗΓΟΡΙΟΥ

1592 1247 1783 1302 ΠΡΟΣ
1834 1244 2084 1300 ΘΩΜΔΝ
2140 1244 2274 1297 ἸῸΝ
2300 1244 2793 1301 ΗΓΙΑΣΜΕΝΟΝ.

803 1583 958 1737 s.
1033 1590 1199 1734 P.
1291 1578 3579 1781 N.MAX1MICONFESSORIS

1612 1850 1708 1911 DE
1742 1850 1998 1912 VARIIS
2032 1849 2524 1912 DIFFlClLIBUS
2568 1850 2785 1913 LOCIS

1103 2032 1302 2183 SS.
1370 2036 1584 2145 PP.
1655 2032 2306 2148 DIONYSII
2378 2030 2559 2143 ET
2622 2029 3300 2146 GREGORII

1806 2256 1920 2317 AD
1977 2204 2342 2319 ΤΗΟΜΑΜ
2404 2259 2573 2322 7.5.

667 2437 905 2482 LIBRUM
931 2437 1014 2485 EX
1042 2438 1276 2505 ‘CODIGI
1322 2402 1753 2484 “NUSCMPTO
1797 2438 2079 2485 GUDIANO
2108 2439 2464 2485 DESCRIPSIT
2492 2440 2569 2483 ET
2610 2440 2676 2486 IN
2700 2440 2973 2488 LATINUM
3007 2443 3342 2492 ωιοιωι
3376 2443 3705 2491 rumne-

1398 2600 1617 2656 TATUS,
1659 2601 1812 2645 POS’I‘
1845 2601 1895 2645 J.
1941 2601 2113 2646 SCOTI
2157 2601 2234 2642 ΕΤ
2272 2600 2397 2667 ΤΗ..
2422 2600 2581 2646 GALE
2628 2598 3006 2663 ΤΒΝΤΑΠΙΠΔ,

1794 2758 1922 2794 nunc
1948 2758 2130 2813 eam
2152 2758 2393 2795 manu:
2426 2759 2585 2797 tum:

1446 2904 2111 3068 ranam,
2191 2906 2941 3021 omnum

1682 3110 1859 3173 (ﬁalis,
1894 3113 1946 3164 ς,
1970 3113 2027 3164 Ε.
2055 3115 2117 3163 κ.
2144 3115 2345 3167 Pfeﬂ’er.
2371 3114 2739 3179 κορίαννα.)

1875 3436 2545 3529 ΡΒλΕΡᾹΤΙΟ.

2182 3636 2251 3649 -'

686 3769 831 3829 Cum
858 3769 999 3826 ante
1026 3761 1149 3823 hos
1177 3760 1393 3824 decem
1412 3760 1543 3822 fere
1574 3776 1773 3822 annos
1803 3761 1999 3822 turbae
2021 3761 2230 3823 civiles
2264 3780 2377 3841 per
2403 3745 2662 3841 patriam
2699 3761 3112 3839 ﬁnitimasque
3141 3765 3428 3841 regiones
3450 3784 3775 3845 grassaren-

602 3869 728 3933 tur,
768 3870 829 3924 et
859 3862 1067 3923 omnia
1102 3862 1289 3938 plena
1318 3867 1526 3921 essent
1554 3859 1791 3921 furoris.
1809 3867 1995 3938 atque
2016 3862 2293 3937 insaniae,
2326 3862 2421 3923 bis
2438 3863 2671 3923 ferrum
2693 3862 2974 3945 etigqem
2999 3868 3059 3922 et
3077 3865 3309 3942 quaevis
3328 3864 3560 3929 ferocia
3587 3872 3774 3945 aperte

601 3964 1053 4034 minitantibus,
1093 3960 1216 4021 illis
1246 3977 1357 4039 per
1388 3961 1585 4020 varias
1617 3960 1919 4021 factiones
1943 3961 2417 4041 societatesque,
2464 3980 2725 4041 quarum
2770 3937 2887 4025 sibi
2920 3980 3311 4043 unaquaeque
3360 3982 3569 4027 veram

603 4069 759 4130 ranti
784 4067 1156 4129 medicinam
1203 4080 1389 4125 nosse
1414 4063 1757 4133 videbatur,
1791 4062 2241 4141 rempublicam
2293 4064 2801 4141 distrahentibus,
2865 4066 2966 4127 vix
3010 4066 3216 4129 dicere
3264 4047 3519 4147 possum
3565 4050 3775 4149 quanto

601 4186 746 4229 cum
776 4165 999 4241 gaudio
1041 4182 1116 4225 ex
1137 4164 1355 4224 harum
1378 4180 1586 4223 rerum
1622 4170 1861 4223 terrore
1893 4179 1963 4223 ac
1994 4161 2182 4222 ttedio
2207 4162 2282 4223 ad
2312 4180 2416 4223 eas
2437 4181 2536 4224 me
2573 4181 2822 4242 semper
2858 4165 3171 4227 retulerim
3208 4174 3370 4229 artes
3387 4184 3540 4245 qum.
3560 4166 3773 4248 pridem

600 4264 784 4331 cultas
818 4263 935 4323 illis
970 4262 1311 4341 praesertim
1346 4260 1737 4339 temporibus
1760 4259 1834 4321 ad
1869 4260 2320 4322 consolandum
2352 4261 2626 4321 animum
2658 4270 2717 4321 et
2737 4279 2812 4321 ex
2839 4264 3153 4325 communi
3182 4267 3461 4327 omnium
3486 4268 3772 4329 bonorum

596 4359 844 4422 tristitia
874 4359 1234 4435 erigendum
1265 4359 1573 4437 imprimis
1596 4365 1756 4437 apta
1787 4375 1921 4419 esse
1952 4357 2343 4425 videbantur.
2369 4358 2549 4417 Forte
2578 4356 2800 4419 accidit
2820 4367 2885 4419 ut
2908 4376 2943 4420 a
2977 4360 3148 4421 libris
3183 4362 3460 4438 Gregorii
3513 4359 3771 4441 Nysseni,

603 4463 780 4539 cujus
799 4457 1004 4519 studio
1032 4476 1171 4518 cum
1201 4459 1471 4519 maxime
1505 4456 1780 4531 tenebar,
1812 4458 1889 4519 ad
1943 4457 2230 4536 quaedam
2274 4455 2523 4517 Maximi
2580 4457 2983 4533 Confessoris,
3052 4458 3409 4537 phiIOSOphi
3439 4457 3769 4538 gravissimi,

605 4561 830 4639 scripta
854 4558 1151 4631 deferrer,
1176 4558 1361 4635 cujus
1390 4565 1459 4617 ut
1487 4558 1715 4619 dimcili
1749 4566 1809 4619 et
1835 4558 2137 4636 impedito
2174 4575 2275 4618 me
2304 4573 2533 4633 genere
2565 4556 2727 4620 baud
2749 4576 2887 4620 raro
2905 4558 3302 4637 defatigatum
3337 4576 3474 4621 esse
3519 4577 3643 4622 non
3666 4556 3770 4618 dif-

602 4661 807 4734 ﬁteor,
846 4661 930 4723 ita
964 4667 1019 4721 et
1056 4660 1499 4721 sententiarum
1534 4656 1911 4719 sublimitate
1941 4665 2000 4719 et
2038 4659 2404 4738 placitorum
2435 4659 2709 4731 veritate,
2742 4677 2776 4720 e
2804 4658 3063 4738 limpido
3099 4660 3187 4739 pii
3215 4677 3287 4721 ac
3328 4660 3555 4722 sinceri
3606 4653 3768 4722 animi

602 4762 779 4824 fonte
809 4769 1173 4839 temperata,
1198 4758 1571 4819 mirabiliter
1605 4764 1881 4818 erectum
1914 4764 2240 4819 etauctum
2278 4775 2379 4818 me
2412 4774 2548 4819 esse
2576 4757 2765 4819 hodie
2793 4759 3088 4836 gratulor.
3128 4758 3302 4830 Quod
3335 4759 3503 4819 enim
3542 4756 3774 4819 Pbotius

601 4860 879 4937 Myriob.
912 4862 1050 4922 cod.
1084 4879 1267 4921 cxcn.
1302 4859 1444 4941 (col.
1496 4858 1601 4919 501
1652 4858 1752 4918 ed.
1789 4856 2063 4944 Hmscb.)
2096 4857 2173 4916 de
2201 4857 2322 4917 alio
2352 4858 2601 4917 Maximi
2623 4875 2816 4937 opere
2848 4859 3061 4930 sensit,
3082 4856 3424 4917 orationem
3450 4856 3583 4934 ejus
3603 4852 3773 4917 refer—

604 4969 728 5021 tam
759 4961 1143 5039 hyperbatis,
1164 4959 1795 5021 circumductionibus
1812 4957 2271 5033 verborumque
2297 4956 3214 5037 translationibuslaborantem,
3234 4952 3396 5014 haud
3419 4969 3560 5015 raro
3581 4952 3775 5015 obscu-

608 5060 852 5117 ritatem
876 5065 937 5117 et
964 5055 1384 5117 diﬂicultatem
1417 5073 1635 5134 parere
1666 5055 2038 5132 legentibus,
2070 5053 2179 5113 sed
2216 5052 2265 5112 si
2303 5053 2402 5113 cui
2431 5061 2668 5129 gratum
2684 5056 2759 5115 sit
2776 5053 3067 5131 anagogis
3094 5060 3152 5113 et
3174 5049 3773 5129 contemplationibus

609 5162 885 5218 mentem
912 5154 1253 5232 implicare,
1283 5171 1601 5231 nunquam
1623 5171 1763 5213 eum
1793 5170 1943 5215 sano
1980 5158 2369 5229 reperturum
2402 5169 2535 5212 esse
2566 5153 2686 5215 illis
2713 5161 2816 5215 aut
2853 5153 3045 5230 magis
3082 5151 3245 5212 varia
3287 5158 3393 5211 aut
3447 5145 3774 5228 diligentius

609 5253 946 5322 elaborata,
977 5256 1283 5333 imprimis
1318 5272 1466 5315 vero
1490 5255 1724 5333 ubique
1746 5256 1992 5317 elucere
2022 5252 2137 5313 viri
2160 5252 2451 5331 pietatem
2471 5262 2531 5316 et
2549 5274 2773 5334 purum
2805 5256 3240 5333 sincerumque
3274 5254 3501 5314 Christi
3552 5245 3773 5312 deside-

614 5352 797 5418 rium.
839 5350 898 5411 id
921 5351 1223 5430 judicium
1249 5353 1325 5415 de
1369 5354 1603 5432 majore
1628 5371 1890 5431 operum
1922 5351 2170 5415 Maximi
2199 5359 2373 5428 parte
2397 5343 2862 5432 pronuntiatum
2896 5358 3097 5430 potest
3149 5352 3360 5413 videri.
3427 5351 3570 5423 Sed,
3608 5355 3669 5409 ut
3706 5340 3774 5405 ad

614 5467 743 5509 rem
770 5458 1057 5521 revertar,
1091 5451 1205 5510 sub
1232 5451 1436 5528 ipsum
1468 5450 1622 5511 illud
1670 5456 1917 5530 tempus
1957 5468 1992 5511 a
2045 5447 2569 5525 Schmnemanno,
2611 5450 3004 5511 bibliotheca
3051 5447 3608 5527 Guelpherbytanaa
3648 5451 3775 5503 tunc

615 5546 931 5623 praefecto,
965 5548 1095 5609 viro
1153 5555 1212 5609 et
1233 5539 1573 5625 gratissima
1594 5557 1655 5611 et
1685 5550 1956 5628 piissima
1979 5549 2278 5610 memoria
2302 5566 2551 5630 semper
2578 5551 2868 5623 colend’o,
2887 5548 3111 5611 certior
3150 5553 3285 5609 Sum
3311 5548 3509 5610 factus
3536 5546 3608 5607 de
3633 5555 3775 5623 prc-

608 5646 987 5709 stantissimo
1005 5649 1541 5714 codice-Gudiano
1571 5650 1664 5712 39.
1690 5652 1819 5725 Gr.,
1859 5652 1966 5730 qui
2003 5657 2227 5728 praeter
2252 5650 2369 5713 alia
2396 5653 2643 5714 Maximi
2666 5667 2877 5732 Opera,
2915 5649 3103 5710 multo
3146 5649 3532 5710 emendatius
3569 5644 3794 5709 am
