3966 6340
146 489 267 557 1029
1237 490 1498 553 FRANC.
1538 490 1844 553 OEHLER
1880 491 2289 555 PREFATIO.
3212 485 3347 557 1030

147 624 322 688 quam
354 588 564 667 essent
594 619 628 667 a
650 602 1028 666 Combeﬁsio
1059 602 1245 692 edita,
1271 603 1575 665 ineditum
1597 622 1854 684 quoque
1872 603 2129 665 haberet
2153 600 2302 664 illud
2348 604 2666 680 egregium
2728 619 2889 684 opus
2918 608 3050 681 Περὶ
3077 611 3348 681 διαφόρων

145 717 376 788 ἀποριῶν
404 715 514 768 τῶν
534 714 704 782 ἁγίων
729 714 1004 768 Διονυσίου
1026 712 1120 767 καὶ
1145 713 1444 784 Γρηγορίου
1472 714 1604 785 πρὸς
1632 713 1711 766 Ou

1778 715 1833 766 iv
1878 715 1967 766 τὸν
2000 713 2351 784 ἡγιασμένον.
2415 703 2666 781 Optanti
2713 703 2845 780 ejus
2907 703 3041 762 libri
3102 703 3344 781 copiam

147 807 367 867 habere
397 804 753 865 humaniter
783 803 1024 877 annuit,
1050 803 1334 864 codicem
1369 804 1728 864 transmisit.
1763 803 1976 877 Inveni
2011 821 2170 881 opus
2208 828 2233 857 «
2261 805 2528 880 spissum
2553 809 2740 880 atque
2761 803 3048 875 arduum,
3085 827 3110 857 υ
3144 812 3212 864 ut
3233 818 3346 882 ap-

151 902 861 984 pellatMuntefalconius
896 902 1080 964 Catal.
1114 903 1266 962 bibl.
1294 903 1502 974 Coisl.,
1539 922 1596 981 p.
1631 902 1764 962 311.
1807 905 1933 963 Nec
1993 921 2250 981 parvum
2315 911 2444 962 erat
2498 901 2951 962 transcribendi
3003 904 3156 980 ejus,
3231 922 3347 965 nec

147 1006 318 1066 taedio
339 1023 585 1079 vacans,
613 1005 723 1066 sed
754 1004 1130 1071 fructuosus,
1157 1007 1225 1061 ut
1246 1001 1660 1071 confidebam,
1695 999 1889 1060 labor.
1927 1000 2112 1060 Multa
2142 999 2383 1060 inerant
2414 1016 2712 1078 perquam
2740 1000 3041 1062 subtiliter
3068 1001 3344 1079 disputa-

148 1116 218 1180 ta,
248 1106 441 1166 multa
473 1107 722 1182 egregie
750 1108 1142 1184 pertractata,
1172 1101 1436 1180 plurima
1478 1101 1708 1161 utiliter
1765 1101 2067 1178 exposita,
2122 1116 2250 1160 non
2293 1115 2490 1178 pauca
2540 1117 2682 1177 quin
2739 1100 3048 1178 abripiant
3107 1101 3348 1160 animos

148 1207 610 1285 castissimoque
635 1213 695 1266 et
719 1204 1043 1266 mitissimo
1077 1203 1222 1279 igne
1254 1202 1712 1280 perfundantet
1741 1220 1867 1282 quo
1895 1201 1968 1262 ad
1993 1203 2266 1261 sanctius
2294 1202 2432 1261 vitae
2477 1218 2676 1278 genus
2728 1203 3178 1263 instituendum
3241 1220 3345 1263 ac-

150 1306 505 1369 cendamur.
544 1305 666 1366 Sed
694 1311 905 1365 tamen
944 1301 1231 1363 dolebam
1263 1299 1432 1378 quod
1467 1316 1628 1377 opus
1676 1308 1800 1360 tam
1890 1298 2123 1357 varium
2164 1307 2412 1375 tamque
2452 1299 2801 1376 copiosum,
2874 1305 2995 1358 tam
3060 1300 3348 1374 gravitate

149 1419 322 1479 quam
355 1401 731 1462 sublimitate
759 1398 1355 1460 commentationum
1392 1403 1694 1474 praestans
1723 1396 1936 1456 tandiu
1970 1396 2251 1471 ignotum
2299 1397 2559 1473 jaceret,
2589 1413 2661 1458 ac
2715 1398 2944 1470 statim,
2984 1396 3035 1458 si
3095 1399 3349 1475 quando

148 1503 332 1563 otium
367 1499 554 1572 foret,
579 1499 767 1560 edere
794 1497 947 1559 illud
975 1498 1038 1557 in
1061 1497 1338 1558 animum
1366 1496 1609 1555 induxi.
1641 1497 1768 1556 Nec
1810 1495 2102 1556 hesterna
2140 1502 2231 1555 est
2266 1496 2398 1574 ejus
2446 1496 2630 1568 fama,
2685 1496 2736 1556 si
2793 1496 3049 1573 quidem
3081 1499 3350 1559 Joannes

137 1589 505 1678 jam'Scotus
537 1599 716 1677 jussu
741 1595 940 1679 Caroli
982 1596 1144 1657 Calvi
1177 1595 1459 1654 Latinum
1496 1593 1648 1655 illud
1679 1593 1885 1656 facere
1923 1594 2070 1655 olim
2099 1594 2388 1656 instituit.
2423 1595 2608 1673 Cujus
2663 1596 2970 1657 versionis
3001 1614 3034 1657 e
3099 1597 3349 1659 Clunia-

147 1701 304 1762 censi
346 1698 771 1762 bibliotbecaa
797 1699 1035 1759 Joanne
1076 1695 1367 1757 Mabillon
1407 1695 1722 1772 quondam
1778 1704 2046 1773 receptat
2095 1702 2155 1755 et
2219 1712 2361 1755 cum
2391 1694 2629 1756 Thoma
2677 1694 2826 1756 Gale
2882 1696 3354 1758 communicata;

145 1799 432 1877 reliquias
467 1801 627 1878 (nam
658 1798 710 1857 si
739 1815 867 1858 non
895 1796 1127 1867 omnia,
1159 1800 1326 1855 certe
1344 1795 1521 1873 plura
1543 1795 1799 1854 vertisse
1816 1797 2121 1855 Joannem
2149 1796 2401 1855 Scotum
2435 1811 2622 1871 quam
2677 1812 2816 1873 qua;
2851 1801 3206 1855 manserunt
3236 1812 3352 1873 ap-

146 1906 312 1976 paret
349 1906 479 1958 tum
509 1914 584 1957 ex
608 1895 966 1975 praefatione
999 1894 1223 1971 ipsius,
1257 1899 1387 1953 tum
1410 1911 1484 1953 ex
1508 1893 1648 1954 loco
1686 1895 1772 1952 De
1802 1883 2104 1953 divisione
2133 1900 2374 1951 naturae
2397 1895 2627 1971 operis,
2664 1912 2724 1971 p.
2753 1892 2865 1954 210
2893 1894 2989 1955 ed.
3032 1895 3192 1967 Gal.,
3241 1885 3354 1956 ubi

145 1998 480 2076 capitulum
512 1994 1053 2074 quadragesimum
1085 1992 1354 2070 primum
1400 1991 1476 2052 de
1501 1990 1809 2065 ambiguis
1843 1988 2069 2049 citatin
2119 1989 2465 2050 orationem
2526 1991 2807 2068 Gregorii
2863 1991 3230 2052 Nazianzeni
3273 1993 3355 2053 de

145 2097 456 2168 Pascbate,
495 2100 557 2155 et
585 2094 765 2172 plura
793 2092 1035 2154 videtur
1061 2093 1244 2153 etiam
1271 2090 1675 2150 Combeﬁsius
1696 2088 2014 2159 habuisse,
2048 2088 2100 2148 si
2137 2088 2274 2167 ejus
2316 2090 2504 2150 verba
2561 2089 2628 2149 in
2678 2089 2976 2152 Biblioth.
3017 2093 3350 2151 concinna-

141 2191 298 2258 toria
328 2203 482 2256 tom.
511 2195 538 2253 Ι
568 2194 791 2271 posita,
842 2192 1117 2269 indeque
1155 2191 1222 2250 in
1264 2190 1526 2252 Fabricii
1553 2188 1853 2250 Biblioth.
1913 2188 2022 2250 Gr.
2067 2194 2218 2249 tom.
2247 2190 2351 2261 IX,
2396 2208 2459 2268 p.
2511 2188 2648 2260 673,
2690 2191 2791 2252 ed.
2838 2191 3005 2253 Harl.
3067 2193 3348 2271 repetita,

137 2316 277 2362 cum
308 2303 590 2363 Fabricio
623 2308 790 2363 recte
809 2300 1229 2381 interpretor)
1272 2298 1468 2360 edidit
1505 2296 1595 2358 vir
1627 2298 1964 2359 litterarum
2007 2295 2192 2358 laude
2225 2295 2701 2357 ﬂorentissimus
2744 2296 3013 2359 Thomas
3071 2299 3221 2359 Gale
3275 2298 3351 2357 ad

140 2399 369 2460 calcem
425 2399 727 2476 librorum
771 2401 1051 2480 quinque
1087 2399 1343 2462 Joannis
1377 2399 1545 2459 Scoti
1601 2410 1706 2476 Περ

1786 2407 1984 2474 ρύσεως
2013 2403 2302 2475 μερισμοῦ,
2351 2397 2550 2456 Oxon.
2587 2395 2758 2467 1631‘,
2818 2415 2881 2476 p.
2921 2395 3090 2469 1-45,
3126 2397 3352 2476 quibus

137 2496 388 2558 alteram
420 2501 634 2579 Operis
695 2509 832 2579 Περὶ
855 2507 1130 2577 διαφόρων
1163 2507 1402 2576 ἀποριῶν
1436 2497 1703 2576 particul

1784 2513 1968 2558 iuna
2027 2513 2168 2556 cum
2214 2495 2424 2556 Latina
2479 2495 2989 2571 interpretatione
3047 2513 3109 2573 p.
3163 2496 3350 2554 46-70

138 2600 476 2678 subjunxit.
504 2602 841 2679 Postquam
869 2600 1058 2676 igitur
1082 2599 1273 2660 totius
1312 2605 1372 2659 et
1400 2599 1628 2673 integri
1665 2605 1954 2720 Atacpdpmv‘
1980 2601 2237 2673 ’Δτοοριῶν
2289 2578 2574 2720 crat-poris
2614 2609 2733 2671 ego
2763 2594 2990 2655 edendi
3021 2594 3351 2655 consilium

144 2700 268 2720 --ἐξ
331 2700 452 2720 ηικξ
483 2717 653 2720 ,-_,_A
696 2699 804 2720 _,-m_'
883 2705 933 2720 ,Α
966 2696 1214 2720 1Α-....3-
1258 2697 1420 2720 0....A:
1460 2703 1511 2720 ,ι
1551 2695 1803 2720 Γιπῑελ-η...
1849 2694 1930 2720 Π..
1967 2709 1995 2720 Α
2054 2693 2335 2720 ..Α-ηζηηη
2456 2692 2598 2720 ιεηηι
2647 2693 2831 2720 ..ΗΑ-,ι
2921 2710 3046 2720 ..Α-ρ.
3116 2711 3318 2720 Ακη-..

137 2670 297 2778 cepi,
329 2670 833 2778 utriusque-viri,
877 2670 1217 2758 etJoannis
1258 2697 1426 2756 Scoti
1456 2703 1517 2754 et
1542 2670 1805 2754 ‘Thomaa
1839 2670 2020 2765 Gale,
2054 2670 2422 2778 versionehl;
2456 2692 2600 2754 licet
2644 2693 2859 2766 altera,
2921 2710 3052 2754 non
3111 2701 3373 2772 Operae,

138 2739 297 2778 νυνι,
332 2739 661 2778 unusun
705 2739 833 2771 ηιι,
877 2739 1217 2758 “unum...
1258 2739 1426 2756 νυν..
1456 2739 1517 2754 υ.
1565 2739 1804 2754 ....,......
1852 2739 2020 2765 .,......,
2066 2739 2372 2754 ,ν..,.ν..νυ
2458 2739 2600 2754 μνη.
2644 2739 2859 2766 ww...
2924 2739 3052 2754 μυ..
3112 2739 3350 2772 ore...”

138 2799 241 2857 sed
279 2797 554 2858 auctoris
582 2794 676 2854 sui
709 2792 982 2871 peccatis
1022 2797 1310 2865 scateret,
1340 2792 1532 2852 altera
1563 2797 1729 2852 certe
1762 2789 2078 2852 erroribus
2118 2807 2248 2852 non
2275 2739 2536 2884 careret.
2568 2800 2697 2852 tam
2741 2793 3131 2872 antiquitatis
3162 2812 3354 2872 quam

135 2899 252 2977 piis
277 2910 650 2974 magnorum
682 2893 1006 2953 nominum
1028 2892 1352 2953 memoris
1375 2908 1524 2968 ergo
1561 2892 1914 2952 immutatas
1970 2891 2240 2953 retinere
2305 2907 2432 2954 non
2466 2892 2768 2965 dubitavi,
2812 2910 2955 2955 cum
3003 2897 3354 2973 praesertim

135 2998 410 3058 Joannes
463 2995 688 3056 Scotus
739 2991 968 3068 corrigi
1002 3006 1130 3052 non
1163 2996 1401 3070 posset,
1432 2991 1584 3069 quin
1612 2990 1709 3050 sui
1731 2990 1917 3069 plane
1978 2990 2298 3052 dissimilis
2326 2992 2528 3054 ﬁeret;
2549 2994 2819 3055 Thomas
2845 2995 2994 3057 Gale
3037 2997 3100 3056 in
3131 2999 3355 3060 Praefa-

131 3099 308 3160 tione
343 3097 645 3158 librorum
672 3092 722 3154 ν
747 3091 1003 3155 Joannis
1029 3093 1198 3153 Sco‘ti
1225 3092 1314 3153 De
1343 3091 1646 3153 divisione
1686 3103 1945 3166 naturai,
1991 3117 2019 3148 α
2046 3095 2306 3155 Sanctus
2326 3094 2650 3168 Maximus,
2685 3096 2910 3175 inquit,
2951 3101 3197 3177 scripsit
3241 3119 3351 3162 ex-

133 3199 510 3275 positionem
536 3193 973 3269 ambiguorum
1001 3190 1239 3269 aliquot
1277 3191 1556 3253 locorum
1594 3209 1735 3271 qua;
1758 3194 1822 3255 in
1853 3194 1913 3254 S.
1938 3193 2213 3272 Dionysii
2235 3200 2294 3253 et
2330 3194 2611 3270 Gregorii
2643 3196 3008 3256 Nazianzeni
3046 3199 3218 3259 libris
3253 3216 3354 3261 oc-

126 3303 411 3361 currunt.
475 3293 625 3355 Hac
652 3292 954 3369 Ambigua
980 3292 1254 3352 Joannes
1281 3291 1542 3368 Erigena
1566 3292 1747 3354 vertit
1772 3293 2005 3353 Latine.
2039 3293 2263 3354 Nescio
2293 3310 2372 3353 an
2403 3294 2602 3356 totum
2654 3296 2899 3354 Maximi
2954 3312 3137 3373 Opus,
3187 3317 3350 3376 quo-

133 3400 294 3462 niam
338 3399 554 3458 Graaca
579 3395 641 3454 S.
678 3393 925 3453 Maximi
959 3391 1197 3476 integra
1233 3392 1513 3482 nondum
1544 3401 1763 3454 nactus
1801 3411 1961 3456 sum.
1995 3397 2140 3468 Quae
2174 3395 2274 3455 hic
2324 3397 2386 3454 in
2417 3395 2540 3455 ﬁne
2595 3393 2772 3470 legis,
2804 3403 3060 3474 accepta
3107 3415 3350 3460 mecum

130 3500 293 3571 refer
318 3496 544 3577 partim
580 3491 888 3553 beneﬁCio
915 3492 984 3552 V.
1020 3491 1110 3550 Cl.
1147 3489 1410 3550 Emerici
1438 3490 1686 3567 Bigotii,
1721 3492 1828 3569 qui
1851 3505 1936 3552 ex
1966 3493 2345 3554 bibliotheca
2365 3495 2525 3569 regis
2560 3494 2892 3554 Galliarum
2915 3496 2980 3555 in
2999 3513 3175 3558 meos
3205 3517 3355 3561 usus

129 3595 441 3672 descripta
474 3588 867 3660 examinavit,
905 3587 1129 3666 partim
1170 3587 1372 3646 codici
1399 3603 1565 3659 meo,
1604 3590 1712 3665 qui
1763 3591 2204 3667 complurimas
2267 3592 2544 3669 ejusdem
2598 3593 2843 3652 Maximi
2893 3593 3353 3658 lucubrationes

127 3692 434 3757 continet.
472 3689 772 3746 Caaterum
805 3692 874 3744 ut
895 3684 1144 3745 redeam
1181 3683 1257 3742 ad
1290 3683 1566 3755 Scotum,
1604 3685 1739 3762 ejus
1788 3687 2204 3758 tralationem,
2245 3706 2430 3766 quam
2464 3690 2566 3750 hic
2613 3692 2757 3760 edo,
2797 3709 3043 3752 mecum
3075 3711 3354 3755 commu-

131 3789 359 3850 nicavit
411 3772 796 3845 humanitate
837 3787 896 3841 et
923 3782 1271 3844 eruditione
1301 3782 1564 3843 celebris
1597 3785 1688 3845 vir
1712 3787 1766 3845 J.
1799 3785 2111 3858 Mabillon,
2147 3788 2223 3846 de
2261 3804 2411 3868 quq
2433 3805 2619 3866 snpra
2671 3795 3173 3852 commemoravi.
3207 3797 3350 3855 Haec

127 3885 331 3949 versio
363 3885 599 3962 absque
623 3881 699 3942 iis
733 3897 873 3959 quas
898 3880 960 3940 in
990 3881 1158 3941 libris
1206 3884 1289 3943 De
1318 3882 1620 3944 divisione
1651 3894 1891 3944 natura
1931 3883 2111 3946 facile
2171 3886 2597 3962 observantur,
2641 3889 2784 3950 satis
2816 3892 3086 3952 ostendit
3133 3895 3346 3970 Erige-

124 4004 267 4048 nam
328 3984 612 4047 fuissein
666 3984 897 4044 Graecis
936 3983 1121 4062 plane
1149 3982 1700 4062 alphabetarium.»

196 4104 420 4166 Codex
462 4101 798 4172 Gudianus,
844 4117 970 4178 quo
1005 4117 1155 4162 usus
1203 4120 1363 4176 sum,
1399 4105 1749 4184 descriptus
1799 4116 1890 4167 est
1942 4109 2021 4170 ab
2077 4110 2306 4170 Eberto
2346 4110 2408 4171 in
2471 4112 2761 4190 Catalogo
2804 4113 3100 4177 librorum
3161 4137 3350 4184 manu

125 4205 507 4284 scriptorum
528 4200 938 4262 bibliotheca).
960 4201 1200 4263 ducalis
1259 4205 1837 4286 Guelpbe‘rbitanm;
1872 4214 1964 4270 est
2020 4210 2531 4293 membranaceus
2567 4229 2709 4273 sasc.
2745 4231 2859 4273 xm
2897 4218 3225 4281 continens
3261 4223 3351 4284 fo-

125 4306 199 4366 tia
229 4308 298 4366 in
334 4311 584 4384 quarto,
615 4306 784 4384 quOd
799 4306 1012 4368 dicunt
1038 4354 1052 4379 ,
1091 4313 1344 4368 centum
1410 4307 1728 4384 sexaginta
1782 4316 2075 4386 quatuor,
2141 4317 2358 4386 estque
2388 4315 2508 4369 tam
2540 4310 2855 4386 eleganter
2873 4320 3124 4395 tamque
3160 4338 3346 4385 accu-

124 4409 254 4464 rate
284 4404 686 4482 conscriptus
713 4412 784 4467 ut
821 4423 948 4467 non
991 4406 1192 4468 solum
1232 4407 1334 4468 alii
1366 4407 1512 4468 inde
1565 4409 1706 4468 libri
1749 4409 1990 4487 posSint
2034 4409 2282 4485 egregie
2326 4407 2643 4480 emendari
2688 4418 2876 4491 atque
2903 4419 3204 4497 suppleri,
3238 4425 3346 4485 sed

121 4500 256 4578 ipse
283 4503 368 4563 ad
407 4502 528 4562 hoc
552 4513 1112 4583 ΔιαφόρωνἈποριῶν
1143 4523 1304 4584 opus
1331 4506 1862 4584 intenpretandum
1904 4504 2158 4580 alterius
2183 4506 2327 4567 libri
2385 4509 2682 4586 auxilium
2727 4529 2856 4575 non
2902 4517 3342 4590 desiderarem.

119 4599 292 4659 Alios
360 4601 614 4660 codices
668 4619 851 4662 manu
912 4609 1194 4663 exaratos
1253 4610 1702 4664 commemorat
1753 4603 2092 4677 Fabricius,
2135 4606 2578 4670 Taurinensem
2613 4629 2744 4690 reg.
2796 4616 3005 4691 XXIV,
3044 4620 3346 4683 Venetum

118 4698 177 4756 S.
222 4699 425 4758 Marci
464 4697 768 4758 CXXXVI.
816 4697 1074 4776 (Morell.
1106 4700 1263 4791 Bibl.
1296 4703 1440 4760 Msc.
1472 4702 1574 4760 Gr.
1607 4708 1668 4761 et
1693 4705 1823 4762 Lat.
1849 4703 1898 4773 Ι,
1932 4720 1996 4780 p.
2028 4702 2100 4761 82
2132 4702 2176 4783 j,
2202 4721 2279 4766 ex
2319 4723 2444 4785 quo
2487 4710 2688 4787 capita
2718 4713 3004 4790 quaedam
3042 4719 3202 4778 edita
3248 4721 3350 4779 ha-

118 4797 229 4858 bes
273 4798 344 4857 in
372 4795 675 4858 Gallandii
703 4793 999 4858 Biblioth.
1031 4799 1290 4860 Patrum
1329 4799 1713 4876 Appendice,
1762 4818 1823 4877 p.
1860 4797 1968 4859 153
2010 4817 2151 4881 sqq.
2189 4802 2352 4882 (qua;
2374 4805 2775 4868 inveniuntur
2814 4812 2878 4871 in
2906 4815 3051 4874 cod.
3085 4817 3345 4882 Gudiani

115 4894 156 4954 f.
204 4895 328 4957 229
365 4895 560 4976 sqq.),
591 4897 871 4958 codicem
912 4896 1064 4997 bibl.
1108 4895 1368 4957 Nania’n.
1412 4896 1888 4997 LXIV.ACodi_ces
1916 4897 2072 4960 alios
2103 4903 2272 4962 novit
2302 4903 2489 4997 etiam
2533 4905 2956 4982 Combeﬁsius,
2985 4930 3168 4990 quem
3200 4936 3350 4997 0pc-

117 5012 254 5056 rum
302 4997 372 5056 S.
405 4996 672 5056 Maximi.
708 5013 744 5057 a
775 5012 842 5076 se
877 4995 1183 5057 editorum
1234 5011 1462 5073 corpus
1483 4995 1665 5054 tertio
1703 4995 2016 5087 volumine
2059 4999 2378 5076 complere
2399 4995 2663 5059 voluisse
2712 5013 2975 5080 constat,
3003 5011 3052 5068 si
3093 4995 3344 5090 quidem

115 5098 177 5159 in
203 5097 522 5158 Biblioth.
554 5099 1042 5168 concionaloria,
1076 5104 1226 5155 tom.
1263 5099 1285 5156 ι
1314 5096 1415 5174 (cf.
1440 5098 1703 5158 Fabricii
1735 5099 1900 5158 Bibl.
1932 5100 2041 5160 Gr.
2079 5107 2228 5158 tom.
2264 5100 2364 5166 IX,
2413 5119 2475 5177 p.
2507 5099 2620 5160 6‘73
2652 5105 2751 5163 ed.
2793 5107 2957 5168 Harl.
2991 5114 3036 5188 ),
3066 5137 3090 5165 ‹‹
3127 5116 3186 5172 S.
3218 5118 3348 5182 Ma,

115 5196 351 5267 ximus,
388 5196 614 5272 inquit,
680 5195 854 5256 locos
895 5194 1172 5255 ditﬁciles
1211 5193 1479 5273 plurium
1536 5199 1815 5276 Gregorii
1868 5201 2216 5260 orationum
2278 5218 2348 5261 ac
2383 5206 2794 5280 quorumdam
2864 5214 3203 5276 carminum
3271 5237 3347 5281 ex

115 5295 292 5372 regio
325 5292 553 5354 codice
585 5293 605 5371 (
636 5291 1054 5352 DCCCXXXVI
1098 5291 1254 5351 Bibl.
1295 5294 1450 5369 Reg.
1518 5297 1712 5357 Catal,
1736 5317 1801 5376 p.
1836 5317 1901 5359 η.
1935 5319 1998 5377 ρ.
2036 5298 2142 5359 172
2175 5299 2219 5374 ),
2266 5299 2493 5362 collato
2550 5321 2690 5365 cum
2720 5307 2916 5369 altero
2948 5329 3070 5370 rev.
3111 5315 3350 5377 abbatis

110 5392 431 5454 Gerasimi
457 5389 726 5462 Blacchi,
757 5390 1031 5451 Venetiis
1073 5389 1515 5451 humanissime
1563 5396 1890 5468 submisso,
1953 5397 2209 5474 ipsaque
2239 5397 2494 5458 Joannis
2522 5401 2803 5479 Erigonae
2867 5423 2940 5468 ex
2963 5408 3347 5478 Cluniacensi

111 5490 842 5589 bibliothecaversionc.
874 5488 1298 5570 Colophonem
1323 5489 1489 5551 dabit
1515 5493 1623 5553 viri
1652 5495 1729 5556 cl.
1756 5496 2087 5574 Baphaelis
2109 5495 2192 5558 du
2210 5500 2437 5562 Fresne
2465 5513 2557 5565 τοῦ
2582 5517 2882 5585 μακαρίτου
2913 5511 3351 5589 pulcherrimis

111 5587 511 5678 membranis
546 5587 965 5664 pulcherrime
995 5598 1055 5663 et
1092 5607 1275 5650 manu
1325 5594 1566 5654 erudita
1606 5604 1889 5658 exaratus
1935 5600 2155 5673 codex,
2189 5605 2241 5664 si
2297 5610 2557 5682 quando
2590 5608 2850 5670 facultas
2899 5587 2976 5673 sit
3039 5623 3099 5673 et
3151 5620 3349 5682 otium
3442 5610 3446 5614 ’

109 5706 250 5752 cum
284 5687 410 5748 illo
460 5685 847 5790 conferendi.
886 5711 913 5743 in
939 5689 1206 5790 _Thomaa
1236 5689 1382 5750 Gale
1432 5691 1656 5768 libros,
1692 5704 1814 5758 tam
1855 5701 1967 5778 qui
1994 5701 2195 5779 ipsum
2228 5707 2474 5768 Maximi
2515 5725 2676 5786 opus
2729 5729 2916 5788 quam
2965 5715 3070 5790 qui
3111 5719 3347 5780 versio-

103 5801 252 5856 nam
281 5786 554 5852 Joannis
573 5786 739 5848 Scoti
783 5788 1128 5866 continent,
1187 5789 1474 5868 suspicor
1530 5800 1836 5860 reccnseri
1899 5802 1957 5861 iu
2005 5801 2296 5880 Catalogo
2338 5807 2529 5868 Codd.
2562 5809 2722 5869 MSS.
2750 5786 3000 5888 ‘Anglite—
3023 5819 3081 5874 et
3126 5813 3350 5882 Hiber-

2031 29 2064 39 ’,ει
2087 28 2194 40 .-ιο-..Δ
2211 28 2280 40 Δ.
2291 28 2552 41 ³...Ἱῒ-ῌ-
2559 33 3144 42 —_—____.___—_____.
3153 37 3250 43 -.__.,
3267 37 3282 43 -
3325 39 3350 42 ....
3359 39 3366 42 .
3379 37 3402 42 ρ
3415 40 3418 42 ,
3431 39 3440 43 _
