3966 6340
678 412 814 485 13L?

1800 426 1860 486 s.
1894 422 2181 486 MAXIM!
2217 407 2719 491 GONFESSORIS

3760 429 3877 498 ιθιι

674 530 837 590 simul
891 550 1015 589 cum
1050 522 1467 592 inﬁrmitatibus
1502 537 1642 592 meis
1684 539 1738 593 in
1775 539 1958 609 seipso
1983 540 2189 606 ferens,

2341 563 2360 597 ι
2392 546 2551 602 Ὅλον
2571 550 2631 601 ὲν
2652 547 2954 619 ἑαυτῷιὲμὲ
2985 547 3163 618 φέρων
3192 549 3329 618 μετὰ
3352 547 3463 601 τῶν
3491 547 3662 620 ἐμῶν,
3696 569 3717 603 ι
3749 567 3877 605 τουτ-

672 627 778 682 laoc
812 636 902 681 est
927 626 1097 682 totam
1146 628 1439 683 humanam
1495 640 1747 686 naturam
1793 648 1893 700 per
1932 632 2235 703 hypostati-

670 731 792 772 eam
819 715 1096 780 unionem,
1136 716 1243 771 una
1287 732 1415 771 cum
1453 718 1576 788 ejus
1623 717 1914 784 aﬁ‘ectibus
1956 718 2234 794 insepara-

670 804 895 861 bilibus.
922 807 1018 861 His
1044 807 1114 861 ita
1138 808 1330 879 gestis,
1367 816 1424 862 et
1445 824 1511 863 eo
1529 809 1823 879 absumpto
1846 809 1993 878 quod
2031 811 2230 865 eratin

667 896 832 951 nobis
857 896 1124 959 deterius,
1154 914 1253 967 per
1283 899 1430 967 quod
1471 899 1639 953 etiam
1665 907 1869 954 nostrae
1900 898 2116 953 natura:
2148 898 2231 953 iu-

663 988 907 1044 ainnavit
931 1004 1052 1045 sese
1078 990 1136 1042 τὸ
1156 991 1418 1059 passibile
1470 990 1600 1061 (hoc
1651 1001 1857 1056 autem,
1902 1000 1964 1046 ut
2009 992 2228 1061 planius

664 1080 865 1146 dicam,
892 1091 1012 1137 erat
1040 1084 1251 1152 peccati
1275 1084 1363 1137 lex
1388 1091 1444 1138 et
1466 1084 1934 1158 transgressionis,
1948 1099 2070 1154 quae
2081 1086 2227 1141 vires

662 1174 1067 1245 aumitaprava
1100 1185 1301 1230 nostra:
1344 1176 1642 1231 voluntatis
1692 1176 2070 1241 inclinatione,
2104 1191 2226 1245 qua:

662 1272 872 1318 natura:
893 1274 1088 1333 sponte
1115 1280 1212 1319 sua
1257 1265 1502 1335 passibili
1537 1265 1768 1322 aﬂectus
1815 1264 2225 1335 superinfundit

646 1366 812 1407 nunc
838 1353 1119 1418 remissos,
1143 1370 1289 1409 nunc
1318 1344 1718 1426 vehementes),
1747 1355 1850 1410 sub
1880 1362 2104 1425 peccato
2130 1356 2225 1410 de-

659 1451 845 1498 tentos
876 1459 983 1499 non
1015 1444 1230 1500 tantum
1280 1447 1542 1514 servavit,
1588 1447 1780 1502 verum
1812 1447 1978 1502 etiam
2022 1446 2222 1503 divinae

655 1534 882 1589 virtutis
903 1536 1202 1607 participes
1243 1534 1457 1604 eﬂ'ecit,
1494 1536 1733 1607 pretium
1782 1554 1881 1609 pro
1914 1538 2078 1594 nobis
2104 1540 2219 1609 ipse

656 1624 964 1695 deponens.
1001 1625 1138 1682 Nam
1178 1643 1278 1697 per
1321 1627 1624 1683 voluntatis
1663 1630 2029 1685 constantiam
2072 1629 2217 1685 circa

654 1714 714 1770 id
756 1715 903 1785 quod
945 1717 1126 1787 reipsa
1181 1718 1387 1778 bonum
1429 1729 1533 1785 est,
1577 1728 1636 1775 et
1663 1721 1860 1776 animae
1898 1721 2127 1777 ﬁrmitas
2162 1731 2218 1778 et

2337 636 2452 695 ἐστι
2480 638 2579 709 τὴν
2604 639 2950 708 ἀνθρωπείαν
2980 638 3027 670 ⁸⁸
3060 637 3219 706 φύσιν
3252 638 3563 709 ὁλόκληρον,
3599 641 3790 694 ἑνώσει
3823 645 3875 712 τῇ

2334 725 2457 779 καθ’
2488 727 2783 779 ὑπόστασιν
2818 726 2958 795 μετά
2992 727 3101 778 τῶν
3134 725 3302 796 αὐτῆς
3330 725 3666 796 ἀδιασλήτων
3682 728 3871 783 παθῶν.
3900 736 3905 743 ’

2333 812 2428 880 Οἷς
2456 816 2613 885 ἡμῶν
2643 817 2960 887 δαπανήσας
2986 817 3048 870 τὸ
3082 818 3288 889 χεῖρον,
3311 816 3393 869 διδ
3415 818 3483 886 τῇ
3521 816 3677 885 φύσει
3704 818 3768 871 τὸ
3793 836 3874 871 πα-

2333 903 2495 973 θητὸν
2532 906 2910 975 ἑπεισεκρίθη,
2959 905 3104 972 λέγω
3140 905 3197 958 δὲ
3224 905 3316 959 τὸν
3345 906 3411 957 ὲκ
3458 904 3559 973 τῆς
3605 908 3873 975 παρακοῆς

2331 994 2493 1064 νόμον
2514 995 2613 1063 τῆς
2643 995 2934 1065 ἁμαρτίας,
2985 987 3046 1047 οὗ
3083 995 3285 1065 κράτος
3316 995 3466 1047 ἐστὶν
3494 996 3529 1066 ή
3558 994 3705 1064 παρά
3726 994 3872 1063 φύσιν

2288 1150 2293 1155 ἔ
2325 1084 2426 1153 τῆς
2459 1084 2737 1157 ἡμετέρας
2763 1083 2989 1166 γνώμης
3019 1085 3280 1148 διάθεσις,
3315 1086 3620 1155 ὲμπάθειαν
3644 1085 3737 1155 τῷ
3784 1104 3869 1138 πα-

2327 1172 2473 1244 θητῷ
2505 1173 2604 1243 τῆς
2633 1173 2847 1243 φύσεως
2878 1174 3245 1241 ἐπεισάγουσα
3272 1174 3391 1226 κατ’
3417 1174 3602 1228 ἄνεσιν
3637 1177 3730 1227 καὶ
3762 1175 3870 1227 ὲπίσ

2323 1272 2501 1329 τασιν,
2531 1265 2591 1318 οὐ
2613 1263 2789 1334 ,μόνον
2823 1264 3065 1317 σέσωκεν
3093 1263 3197 1323 ὑπὸ
3222 1264 3321 1333 τῆς
3352 1265 3631 1334 ἁμαρτίας
3656 1281 3869 1333 κατεχοέ

2328 1354 2714 1427 μένους,’ἀλλὰ
2741 1358 2836 1408 καὶ
2869 1343 3330 1425 θείαςδυνάμεως
3356 1355 3548 1425 (los
3574 1355 3624 1425 b)
3662 1340 3864 1426 μεταδέ-

2321 1445 2493 1503 δωκεν
2525 1442 2793 1514 ίν-έαυτῷ
2827 1442 3010 1506 ,λύσας
3052 1444 3214 1513 ἡμῶν
3263 1442 3324 1496 τὸ
3365 1444 3660 1512 ιπιτίμιον,
3699 1444 3856 1512 ψυχῆς

2321 1533 2585 1605 ἀτρεψίαν
2616 1535 2708 1588 καὶ
2722 1517 2978 1604 ’σώματος
3000 1520 3306 1604 ἀφθαρσίαν
3339 1533 3708 1603 ἐργαζομένης
3729 1534 3780 1584 ὲν
3800 1534 3853 1601 τῇ

2321 1623 2451 1694 περὶ
2484 1622 2547 1676 τδ
2576 1623 2734 1692 φύσει
2778 1622 2941 1677 καλὸν
2983 1625 3080 1693 τῆς
3128 1610 3357 1695 γνώμης
3398 1624 3713 1693 ταυτότητι,
3766 1626 3856 1685 τοῖς

2318 1716 2464 1786 ἔργῳ
2507 1716 2673 1785 τιμᾷν
2701 1715 2811 1785 τὴν
2846 1715 3011 1785 χάριν
3041 1715 3448 1778 σπουδάζουσιν.
3497 1714 3681 1787 Ὅπερ
3727 1712 3861 1785 οἶμαι

654 1811 906 1879 corporis
961 1812 1349 1868 immortalitas
1393 1813 1703 1868 innascitur
1734 1814 1989 1869 omnibus
2026 1814 2097 1874 iis
2121 1814 2207 1884 qui

2316 1805 2583 1859 διδάσκων
2606 1807 2636 1858 ό
2660 1806 2812 1873 ἀγιός
2842 1821 3030 1874 φησιν⁸
3057 1804 3202 1859 «Ἰνα
3240 1807 3299 1858 ὲν
3326 1804 3500 1875 ἑαυτῷ
3525 1805 3857 1877 δαπανήσηπ

652 1908 870 1959 tantum
914 1903 1145 1971 gratiam
1192 1919 1303 1958 non
1342 1903 1467 1959 ﬁcte
1516 1904 1827 1960 excoluisse
1886 1905 2210 1965 allaborant.

650 1989 771 2046 Hoc
800 1993 947 2046 enim
980 2002 1064 2048 est
1098 1995 1245 2063 quod
1293 1995 1673 2050 sanctissimus
1730 1996 1988 2065 magister
2017 1996 2209 2060 voluit,

652 2096 779 2135 cum
803 2082 1048 2138 diceret:
1082 2103 1099 2134 ι
1131 2086 1202 2140 Ut
1225 2086 1371 2155 quod
1399 2087 1647 2141 deterius
1667 2096 1773 2151 est,
1802 2087 1858 2141 in
1893 2102 1950 2142 se
1981 2088 2096 2157 ipse
2120 2087 2216 2141 ab-

637 2184 833 2228 vsnmat
858 2185 913 2230 et
942 2175 1218 2238 conﬁciat,
1273 2192 1381 2231 non
1414 2193 1574 2233 secus
1611 2194 1675 2233 ac
1712 2194 1894 2235 ceram
1924 2181 2084 2250 ignis,
2119 2190 2214 2235 aut

650 2271 812 2318 terrae
838 2280 1095 2333 vaporem
1137 2265 1269 2320 solis
1314 2266 1522 2331 radius,
1554 2276 1720 2338 atque
1757 2269 1875 2338 ipse
1913 2270 1983 2324 ob
2018 2270 2211 2340 hujus-

648 2352 799 2408 modi
869 2356 1313 2427 conjunctionem
1371 2358 1645 2411 bonorum
1728 2358 1874 2413 illius
1937 2361 2211 2428 particeps

647 2441 797 2508 ﬁam,
826 2462 844 2494 ι
882 2443 938 2498 id
965 2452 1048 2499 est
1074 2460 1104 2499 a
1137 2445 1488 2516 passionibus
1532 2462 1631 2517 per
1655 2446 1884 2517 gratiam
1918 2447 2212 2501 mundatus

646 2534 700 2588 ei
731 2534 928 2588 similis
957 2534 1178 2589 cﬂiciar.
1209 2538 1306 2591 Est
1338 2553 1503 2606 porro
1548 2545 1605 2592 et
1657 2537 1763 2591 alia
1807 2537 2075 2607 expositio
2093 2524 2209 2591 'ho-

648 2638 772 2678 rum
802 2624 1120 2680 verborum.
1164 2627 1413 2681 Alienam
1469 2628 1702 2681 formam
1750 2628 2010 2697 suscepit,
2046 2643 2209 2697 quam

645 2730 748 2786 ego
773 2712 945 2772 didici
995 2733 1024 2771 a
1060 2717 1299 2787 quodam
1345 2724 1536 2773 sancto
1567 2718 1709 2785 viro,
1745 2718 2014 2789 dictisque
2038 2728 2094 2774 et
2125 2720 2207 2774 fa-

645 2806 751 2862 ctis
796 2808 1224 2878 sapientissimo.
1290 2810 1339 2864 ls
1393 2809 1563 2881 igitur
1620 2827 1650 2869 a
1697 2827 1784 2866 me
1842 2812 2209 2882 interrogatus

643 2899 947 2969 respondit,
971 2902 1152 2956 Verbo
1166 2903 1261 2956 Dei
1284 2917 1383 2971 per
1406 2911 1655 2958 naturam
1681 2902 2071 2967 obedientiam,
2090 2912 2208 2968 tum

645 2989 1047 3058 subjectionem
1107 2992 1340 3045 alienam
1371 3008 1519 3056 esse,
1551 2994 1695 3048 hanc
1723 2994 1815 3061 ille
1870 3009 1971 3062 pro
2023 2993 2203 3057 nobis,

642 3081 737 3150 qui
775 3092 1110 3152 prazceptum
1169 3098 1388 3139 eramus
1447 3085 1790 3155 transgressi,
1819 3085 2095 3155 praestitit,
2122 3094 2207 3139 to-

2318 1897 2378 1951 τὸ
2416 1900 2617 1968 χεῖρον,
2646 1898 2721 1961 ὼς
2752 1897 2924 1969 κηρὸν
2951 1897 3081 1968 πῦρ,
3114 1898 3147 1969 ἢ
3196 1897 3272 1961 ὡς
3301 1898 3498 1967 ἀτμίδα
3549 1899 3654 1967 γῆς
3703 1899 3853 1967 ἥλιος,

2319 1984 2475 2052 κάγὼ
2505 1983 2795 2054 μεταλάϐω
2825 1986 2934 2038 τῶν
2967 1985 3178 2037 ἐκείνου
3232 1985 3321 2037 διά
3348 1985 3447 2055 τὴν
3490 1984 3811 2053 σύγκρασιν·
3841 2004 3853 2034 ι

2316 2076 2558 2147 καθαρὸς
2593 2075 2795 2146 δηλαδὴ
2839 2079 2906 2147 τῇ
2942 2074 3125 2148 χάριτι
3165 2076 3375 2139 πάθους
3420 2076 3553 2140 ῐσως
3587 2078 3635 2109 ⁸⁸
3682 2077 3858 2144 ἐκείνῳ

2314 2169 2626 2239 γενόμενος.
2656 2166 2785 2221 υἷδα
2806 2169 2861 2220 δὲ
2876 2169 2971 2222 καὶ
2994 2168 3151 2237 λόγον
3177 2168 3363 2237 ἕτερον
3385 2166 3648 2239 περὶτοῦ,
3681 2187 3700 2219 ι
3737 2170 3859 2236 Μορ-

2314 2259 2508 2331 φοῦται
2542 2261 2602 2313 τὸ
2639 2259 2942 2331 ἀλλότριον,
2986 2279 3005 2313 ι
3044 2261 3194 2331 παρά
3218 2278 3365 2324 τινος
3400 2261 3559 2328 ἁγίου
3586 2259 3754 2327 σοφοῦ
3785 2260 3859 2312 καὶ

2313 2354 2468 2421 λόγον
2495 2354 2590 2406 καὶ
2619 2351 2732 2422 βίον
2752 2351 2958 2418 μαθών.
2984 2352 3176 2419 Ἔλεγε
3214 2353 3323 2423 γὰρ
3352 2350 3642 2423 ἐρωτηθεὶς
3668 2352 3857 2411 ἐκεῖνος

2311 2444 2589 2513 ἀλλότριον
2618 2439 2757 2496 εἶναι
2796 2442 2890 2495 τοῦ
2923 2442 3099 2510 Λόγου
3126 2442 3285 2511 φύσει
3314 2442 3418 2511 τὴν
3462 2443 3729 2511 ὑπακοὴν,
3763 2440 3857 2493 ὥς·

2313 2551 2418 2606 περ
2445 2534 2541 2587 καὶ
2564 2533 2670 2604 τὴν.
2695 2531 2997 2603 ὑποταγὴν,
3031 2534 3096 2604 ἢν
3127 2533 3271 2603 ὑπὲρ
3300 2532 3460 2603 ἡμῶν
3505 2532 3855 2603 παραϐάντων

2309 2626 2409 2697 τὴν
2437 2623 2657 2695 ἐντολὴν
2686 2625 2908 2688 ἐκτίσας
2939 2624 3067 2695 ὅλην
3099 2624 3395 2696 εἰργάσατο
3422 2623 3516 2677 τοῦ
3548 2623 3737 2691 γένους
3772 2623 3857 2692 τὴν

2311 2716 2605 2787 σωτηρίαν,
2664 2715 2856 2769 ἑαυτοῦ
2908 2713 3260 2787 ’ποιούμενος
3306 2714 3364 2767 τὸ
3437 2716 3725 2785 ἡμέτερον.
3770 2714 3857 2767 Διά

2306 2807 2467 2862 τοῦτο
2497 2807 2641 2880 ἔργῳ
2679 2808 2815 2877 τιμᾷ
2842 2807 2941 2876 τὴν
2968 2806 3235 2877 ὑπακοὴν,
3256 2806 3371 2867 νέος
3409 2805 3587 2876 ’Δδάμ
3608 2804 3739 2874 ὑπὲρ
3762 2803 3847 2855 τοῦ

2307 2898 2540 2969 παλαιοῦ
2575 2897 2738 2967 φύσει
2766 2899 3079 2968 γενόμενος,
3122 2899 3219 2953 καὶ
3260 2898 3522 2967 πειρᾶται
3553 2897 3743 2962 ταύτης
3790 2888 3848 2944 ἐκ

2306 2990 2401 3043 τοῦ
2425 2991 2643 3055 παθεῖν,
2675 2989 2763 3043 διὰ
2784 2990 2894 3059 τῶν
2932 2990 3113 3045 αὐτῶν
3145 2989 3411 3051 ἑκουσίως
3456 2988 3589 3058 ἡμῖν
3632 2984 3853 3056 ἐνεχθεὶς

2307 3080 2665 3151 παθημάτων.
2700 3080 2875 3151 Εἴπερ
2905 3080 3050 3134 κατά
3076 3079 3265 3133 τοῦτον
3300 3077 3515 3148 ἀληθῶς
3547 3077 3642 3131 τὸν
3695 3078 3851 3147 μέγαν

641 3178 870 3242 tumque
897 3189 1071 3244 genus
1102 3184 1351 3229 nostrum
1378 3176 1626 3240 salvavit,
1656 3185 1906 3231 nostrum
1933 3176 2200 3248 quidquid

2307 3172 2652 3237 διδάσκαλον,
2686 3190 2705 3223 ι
2742 3172 3051 3245 Έκοπίασι,
3069 3170 3171 3225 καὶ
3198 3169 3470 3234 suam“,
3500 3167 3591 3221 καὶ
3608 3166 3849 3237 ἐδίψησε,

637 3271 759 3318 erat
811 3263 868 3319 in
923 3265 1165 3334 seipsum
1222 3267 1632 3347 transferendo.
1690 3268 1919 3339 Propter
1977 3269 2105 3323 hoc-
2143 3286 2207 3326 re

2307 3265 2401 3318 καὶ
2427 3263 2719 3347 ἠγωνίασε,
2743 3258 2839 3316 καί.
2886 3262 3150 3339 ἐδάκρυσε
3181 3280 3201 3313 ι
3246 3252 3398 3332 νόμῳ
3435 3258 3708 3331 σώματος,
3740 3260 3771 3313 δ
3801 3258 3857 3327 δή

636 3351 814 3421 ipsam
864 3353 1234 3408 obedientiam
1284 3354 1495 3409 honore
1539 3354 1707 3408 allicit
1740 3396 1755 3417 ,
1813 3362 1991 3409 novus
2014 3354 2203 3425 utique

637 3444 816 3497 factus
842 3443 1083 3498 Adamus
1104 3459 1203 3513 pro
1227 3445 1320 3498 illo
1349 3444 1557 3498 Adamo
1585 3446 1779 3509 veteri,
1811 3460 1909 3514 per
1925 3454 2199 3510 naturam,

634 3544 869 3602 eamque
889 3533 1107 3587 dolores
1143 3533 1405 3603 patiendo
1430 3534 1702 3605 degustat,
1731 3535 1861 3607 dum
1893 3552 1952 3591 se
1984 3552 2015 3591 e
2042 3536 2201 3592 nobis

634 3638 807 3679 unum
844 3624 973 3679 facit
999 3640 1096 3694 per
1126 3625 1407 3695 passiones
1432 3626 1673 3682 easdem.
1706 3626 1848 3693 Quid
1881 3628 2028 3682 enim
2051 3628 2200 3683 aliud

640 3717 805 3772 docet
831 3732 1059 3787 magnus
1086 3733 1275 3773 revera
1300 3719 1579 3789 magister,
1610 3719 1837 3774 dicens:
1872 3738 1891 3771 ι
1924 3720 2201 3790 Fatigatus

631 3812 740 3872 est,
771 3805 910 3861 fame
940 3807 1171 3862 affectus
1194 3816 1297 3873 est,
1324 3808 1415 3862 siti
1445 3807 1736 3875 laboravit,
1765 3816 2000 3862 mortem
2024 3824 2192 3876 expa-

630 3899 733 3963 vit,
782 3898 1063 3971 lacrymas
1094 3899 1280 3953 emisit
1309 3900 1419 3951 ιῖ»
1479 3894 1731 3968 corporis
1767 3899 2027 3953 nimirum
2082 3899 2199 3954 hare

631 3998 793 4043 erant
829 3989 1034 4053 omnia,
1092 3990 1367 4058 simulque
1427 3990 1575 4045 clara
1633 3989 2027 4044 demonstratio
2084 3998 2195 4044 tum

630 4079 863 4135 affectus
893 4080 1116 4136 minime
1157 4081 1369 4146 inertis,
1434 4095 1647 4135 necnon
1692 4080 1959 4134 indicium
1991 4081 2196 4136 conde-

630 4170 936 4227 scensionis
962 4186 1090 4243 erga
1114 4186 1413 4226 conservos
1435 4179 1491 4226 et
1541 4184 1749 4225 servos.
1778 4170 2044 4225 Dominus
2068 4170 2193 4240 qni-

628 4261 755 4317 dcm
792 4271 849 4317 et
873 4271 1067 4317 natura
1096 4261 1201 4317 fuit
1234 4271 1290 4318 et
1334 4262 1651 4332 permansit,
1698 4260 1793 4315 sed
1834 4268 2055 4330 propter
2083 4275 2190 4327 me,

627 4354 725 4432 qui
756 4362 951 4408 natura
976 4369 1170 4409 servus
1198 4368 1369 4417 eram,
1400 4353 1576 4408 factus
1613 4361 1697 4406 est
1746 4367 1959 4415 servus,
1994 4361 2064 4406 nt
2104 4366 2192 4408 me

627 4440 748 4509 ejus
777 4440 982 4495 faceret
1006 4441 1311 4503 dominum,
1343 4440 1437 4509 qui
1476 4455 1574 4509 per
1610 4439 1857 4495 fraudem
1906 4443 2185 4511 tyrannice

2307 3354 2478 3425 σαφὴς
2504 3342 2767 3429 ὲίιεργοῦς
2796 3356 2945 3407 ἐστιν
2973 3352 3250 3416 ἀπόδειξις
3298 3351 3613 3418 διαθέσεως,
3638 3352 3738 3425 καὶ
3766 3350 3857 3419 τῆς

2303 3446 2440 3517 πρὸς
2468 3446 2594 3509 τοὺς
2622 3442 2944 3516 ὁμοδούλους
2969 3462 3028 3498 τε
3056 3443 3149 3498 καὶ
3180 3442 3394 3507 δούλους
3419 3442 3717 3512 τεκμήριον
3733 3455 3860 3507 συγ-

2301 3536 2672 3600 καταὸάσεως.
2738 3535 3013 3606 Δεσπότης
3054 3535 3166 3605 γὰρ
3218 3533 3374 3604 φύσει
3418 3533 3731 3605 μεμένηκεν
3762 3528 3858 3581 καὶ

2299 3629 2575 3691 δοῦλοςδι*
2602 3628 2702 3698 ius
2729 3628 2821 3681 τὸν
2851 3627 3013 3695 φύσει
3040 3625 3224 3679 δοῦλον
3247 3624 3563 3692 γενόμενος,
3591 3622 3676 3679 ἵνα
3703 3620 3860 3686 ποιή-

2295 3737 2370 3793 βῃ
2390 3722 2434 3752 ιτ
2468 3720 2734 3788 δεσπότην
2782 3717 2882 3769 τοῦ
2910 3717 2979 3770 δι’
3007 3717 3224 3784 ἀπάτης
3278 3713 3615 3785 τυραννικῶς
3646 3712 3859 3787 mpm}.

2300 3827 2512 3873 σαντος,
2539 3808 2629 3862 διὰ
2670 3807 2825 3861 τοῦτο
2849 3807 2919 3859 τά
2950 3804 3051 3875 μὲν
3083 3803 3304 3858 δουλικὰ
3340 3800 3671 3863 δεσποτικῶς
3708 3804 3853 3873 ἀνερ-

2297 3902 2432 3970 γῶν,
2468 3899 2715 3953 τουτέστι
2746 3897 2816 3951 τά
2863 3897 3106 3969 σαρκικά
3157 3894 3379 3961 θεῖκῶς,
3425 3893 3521 3964 τὴν
3550 3893 3747 3964 ἀπαθῆ
3774 3890 3851 3945 ut

2298 3991 2456 4061 φύσει
2508 3989 2881 4053 δεσπόζουσαν
2924 3990 2983 4043 έν
3031 3987 3468 4056 τοῖς¹σαρκιιιοίς
3512 3984 3855 4038 ἐπεδείκνυτο

2294 4081 2542 4151 δύναμιν,
2570 4080 2756 4152 (ιω
2789 4081 2843 4147 a)
2876 4078 2967 4133 διά
3000 4078 3228 4144 πάθους,
3261 4078 3363 4149 τὴν
3412 4076 3622 4148 φθορὰν
3662 4072 3856 4142 ἀφανί-

2295 4176 2514 4240 ζουσαν,
2570 4176 2665 4227 ιιαὶ
2708 4172 2797 4225 διὰ
2826 4172 3055 4226 θανάτου
3106 4171 3252 4240 ζωὴν
3286 4168 3717 4240 δημιουργοῠσαν
3756 4164 3853 4217 ἀν-

2292 4266 2527 4335 ώλεθρον
2541 4264 2610 4326 ⁵⁸,
2639 4263 2708 4317 τὰ
2723 4263 3017 4316 δεσποτικά
3041 4262 3099 4316 δὲ
3126 4262 3380 4330 πράττων
3400 4256 3679 4319 δουλικῶς,
3700 4268 3858 4314 τωτ-

2292 4352 2501 4409 ἐστιτὰ
2533 4348 2652 4405 θεῖα
2710 4351 2754 4382 ⁸⁸
2787 4340 3107 4418 ’σαρκικῶς
3139 4346 3237 4416 τὴν
3282 4345 3491 4412 ἄφατον
3529 4342 3853 4397 succinum

2292 4446 2547 4510 κένωσιν,
2585 4439 2672 4494 διὰ
2732 4437 2939 4508 σαρκὸς
2982 4436 3235 4506 παθητῆς
3282 4433 3346 4487 τὸ
3393 4434 3553 4502 γένος
3595 4432 3747 4488 ita“
3784 4433 3846 4501 τῇ

628 4529 766 4597 mihi
788 4513 1195 4612 dominabatur.
1225 4530 1455 4598 Propter
1485 4530 1590 4583 hoc
1629 4530 1883 4583 servilem
1911 4531 2181 4586 conditio-

2307 4536 2467 4604 ρθορᾷ
2495 4530 2699 4600 γεωθὲν
2746 4520 3136 4597 θεόυργσῦσαν.
3175 4527 3254 4598 Τῇ
3311 4525 3421 4597 γὰρ
3452 4526 3656 4612 τούτων
3687 4523 3849 4577 ἐπαλ-

626 4622 752 4675 dem
784 4620 1207 4686 administravit,
1243 4630 1303 4676 nt
1342 4621 1627 4687 Dominus,
1671 4620 1785 4676 hoc
1835 4631 1919 4677 est
1964 4638 2185 4679 carnem

627 4711 887 4766 cxaltavit
912 4712 1094 4777 Deus;
1150 4712 1335 4782 itaque
1378 4710 1677 4780 potentiam
1713 4710 2106 4780 impassibilem
2131 4711 2215 4767 et'

628 4802 787 4872 planp
812 4802 1089 4865 dominam
1119 4803 1283 4869 etiam
1321 4804 1375 4858 in
1412 4819 1578 4859 carne
1627 4801 2043 4869 demunstravit,
2067 4819 2187 4872 qua:

628 4817 717 4871 ptl
812 4817 1089 4865 dominam
1119 4817 1283 4869 etiam
1321 4821 1375 4858 ιιι
1412 4819 1578 4859 carne
1627 4817 2043 4869 demonstrant,
2067 4819 2187 4872 qua:

626 4817 1068 4981 peragassionem
1102 4910 1321 4949 omnem
1343 4895 1591 4949 aboleret
1611 4885 2042 4973 corruptionem,
2060 4909 2194 4967 per-~

626 4995 734 5049 que
756 4970 1006 5037 mortem
1036 4989 1266 5053 pareret
1282 4970 1907 5057 immortalem./Rursus
1932 4990 2185 5053 tanquam

627 5087 821 5126 servus
850 5074 1069 5128 Domini
1128 5082 1314 5143 partes
1355 5065 1781 5137 administrévit,
1818 5074 1991 5129 Deum
2038 5092 2097 5131 se
2132 5077 2187 5132 in

626 5174 849 5214 carnem
882 5152 1196 5226 demittens,
1238 5163 1570 5218 ineﬂ'abilem
1610 5162 2051 5241 humiliationem
2090 5167 2187 5223 de-

626 5250 875 5335 claravit,
902 5267 999 5322 pcr
1033 5268 1195 5322 quam
1244 5254 1516 5309 deificavit
1578 5248 2041 5322 genus'nostrum
2066 5261 2217 5339 uni-’

629 5356 866 5411 versum,
890 5346 953 5399 in
980 5361 1143 5400 carne
1170 5345 1413 5414 passibili
1437 5386 1451 5410 ,
1480 5345 1627 5417 quod
1652 5360 1751 5415 per
1780 5352 2188 5419 corruptionem

2292 4626 2431 4693 λαγῇ
2464 4621 2649 4690 σαφῶς
2682 4620 2969 4673 ὲπιστοῦτο
2995 4619 3093 4682 τάς
3121 4636 3180 4672 τε
3215 4618 3409 4688 φύσεις
3436 4611 3512 4671 ὧν
3534 4616 3699 4681 αὐτὸς
3729 4614 3857 4668 ὑπόο

2295 4732 2479 4777 στάσις
2528 4709 2619 4784 ἦν,
2676 4714 2771 4765 καὶ
2829 4712 2929 4775 τὰς
2981 4712 3159 4766 αὐτῶν
3204 4711 3481 4772 οὐσιὼδεις
3553 4707 3853 4775 ἐνεργείας,

2292 4807 2458 4875 ἥγουν
2488 4807 2747 4877 κινήσεις,
2779 4799 2859 4883 Eni
2889 4806 3049 4867 αὐτὸς
3086 4803 3280 4866 ένωσις
3304 4798 3372 4872 ἦν
3403 4800 3727 4883 ἀσύεαντος,
3782 4796 3857 4865 μὴ

2291 4890 2551 4967 δεχομένη
2580 4881 2996 4968 διαίρεσινκαΐ
3039 4896 3208 4966 ἄμφω
3236 4893 3337 4955 τὰς
3367 4891 3558 4959 φύσεις
3588 4881 3664 4943 ὧν
3693 4889 3857 4950 αὐτὸς

2293 4988 2587 5051 ὑπόστασις
2612 4983 2700 5057 ἦν,
2749 4985 2907 5057 εἴπερ
2957 4985 3135 5054 ἑαυτῷ
3184 4980 3479 5052 προσφυῶς
3535 4978 3857 5050 μοναδικῶς.

2291 5064 2568 5135 τουτέστιν
2608 5078 2855 5142 ἑνοειδῶς
2885 5075 3123 5147 ἐνεργῶν
3157 5075 3225 5138 ⁸⁸,
3254 5073 3349 5126 καὶ
3392 5072 3459 5125 δι’
3483 5071 3727 5125 ἑκάστου
3755 5071 3855 5126 τῶν

2294 5172 2385 5225 ὑπ’
2414 5168 2579 5223 αὐτοῦ
2617 5154 2916 5238 γινομένων
2949 5167 3015 5234 τῇ
3038 5163 3266 5233 δυνάμει
3298 5163 3399 5232 τῆς
3431 5161 3635 5246 ,ἑαυτοῦ
3671 5162 3848 5228 θεότη-

2293 5256 2399 5325 τος¹
2416 5260 2736 5330 ἀχωρίστως
2754 5256 3135 5323 συνεκφαίνων
3162 5254 3261 5323 τῆς
3287 5254 3491 5314 οίκείας
3521 5255 3739 5322 σαρκὸς
3768 5254 3855 5322 τὴν

2295 5354 2593 5423 ἐνέργειαν.
2630 5347 2804 5401 Αὑτοῦ
2831 5345 2950 5416 -γάρ
2989 5346 3105 5409 ένὸς
3131 5344 3284 5409 ὄντος
3325 5346 3476 5398 οὐδὲν
3503 5344 3855 5419 ένικώτερον.

582 5514 587 5519 -
622 5509 631 5516 -
694 5479 994 5549 ‘Joau.1v,
1018 5483 1051 5537 6
1084 5500 1097 5548 ;
1130 5481 1323 5536 Matth.
1360 5498 1433 5548 ιν,
1470 5481 1729 5548 2;-Joan.
1764 5498 1873 5550 nx,
1901 5486 1999 5553 28;
2021 5490 2155 5557 Luc,
2197 5510 2348 5557 xxi",
2375 5490 2481 5555 56;
2513 5489 2672 5543 Joan.
2700 5500 2772 5545 τι,
2798 5484 2885 5537 55.

1891 5598 1976 5679 va
1990 5602 2127 5659 nm;
2146 5582 2560 5661 LECTIONES.

702 5684 1122 5762 “JiEQPwEiYTEV
1150 5692 1235 5746 ed.
1268 5692 1387 5747 Gal.
1472 5694 1517 5726 "
1535 5694 1834 5762 δαπανήσει
1857 5697 1945 5751 ed.
1974 5699 2089 5753 Gal.
2136 5718 2139 5719 '
2166 5701 2212 5731 ⁵⁸
2245 5702 2371 5761 ἴσως
2395 5699 2516 5753 cod.
2572 5698 2713 5753 Gud.

2815 5687 2879 5729 ’τ’
2920 5698 3137 5767 ποιήσει
3165 5697 3255 5751 ed.
3286 5696 3407 5751 Gal.
3495 5686 3861 5767 "iV-@1530."

626 5754 908 5840 cql._Gai.':'
950 5758 995 5789 ⁵⁰
1024 5754 1180 5839 θηεῖκά
1202 5764 1290 5817 ed.
1317 5762 1432 5818 Gal.
1524 5765 1567 5797 “
1596 5764 1653 5818 In
1678 5754 1798 5820 cod.
1830 5766 1968 5827 Gud.
2000 5771 2262 5840 scriptum
2288 5754 2525 5839 ἐνῆργει,
2576 5769 2668 5823 sed
2701 5767 2889 5822 eadem
2927 5754 3119 5823 manus
3144 5767 3347 5823 litteris
3372 5762 3754 5835 superponit
3774 5754 3860 5815 ὴ-

627 5826 843 5902 subsit
874 5828 1130 5900 ἐνεργῶν.
1209 5907 1216 5914 ‘
