3966 6340
517 354 643 418 ὩΞῚ

1637 359 1698 416 S.
1739 356 2023 416 ΜΑΧΙΜΙ
2062 355 2202 416 CON
2213 358 2562 420 FESSORIS

3633 364 3768 429 1058

525 471 666 525 tibus
697 470 865 525 rebus
891 467 1039 539 quas’
1055 470 1338 539 produxit,
1369 469 1578 523 ideirco
1603 454 2088 538 postincarnatio-

2215 472 2298 523 τῶν
2325 472 2384 536 ἐξ
2403 473 2569 526 αὐτοῦ
2599 474 2967 544 παρηγμένων
2989 475 3268 546 ὀνόμασιν,
3287 479 3557 548 οἰόμενον.
3582 485 3767 554 τυχὸν,

526 578 629 617 tem
659 563 825 616 etiam
851 562 1046 616 eodem
1073 561 1239 616 modo
1270 561 1443 614 Deum
1473 560 1683 615 dictum
1715 561 1887 615 fuisse
1915 561 2090 614 hom-i-

527 669 633 708 tem
657 669 724 707 ne
746 653 888 707 forte
907 653 1252 708 existimaret
1269 647 1435 707 Caius
1452 653 1776 717 monachus,
1799 652 1886 706 his
1906 651 2091 706 verbis

508 761 635 801 eum
658 745 882 800 instruit
907 761 1138 816 magnus
1159 745 1472 816 Dionysius.
1498 745 1751 799 Ostendit
1771 745 1919 798 enim
1943 743 2089 813 quod

513 837 898 891 universorum
939 837 1083 891 Deus
1113 836 1181 890 ab
1215 835 1594 891 incarnatione
1623 850 1735 890 non
1767 835 2093 904 simpliciter

514 925 716 980 dicitur
739 925 926 989 homo,
958 925 1053 981 sed
1091 934 1202 981 tota
1228 924 1468 994 essentia
1490 932 1548 980 et
1570 940 1702 980 vere
1732 924 1919 979 homo.
1942 925 2093 980 lianc

515 1014 809 1069 essentiam
835 1001 978 1069 nihil
1022 1013 1170 1068 aliud
1220 1027 1350 1070 vere
1395 1014 1658 1079 declarat,
1691 1023 1890 1084 praeter
1921 1000 2092 1069 solam

517 1107 663 1161 illam
712 1116 836 1177 pote
868 1107 1040 1171 xtiam,
1090 1121 1214 1175 quae
1257 1105 1432 1174 ipsius
1478 1114 1730 1161 naturam
1776 1105 2090 1171 constituit;

517 1215 637 1256 eam
683 1201 729 1255 si
779 1216 831 1268 qn
879 1216 904 1254 s
948 1199 1252 1254 naturalem
1285 1200 1680 1268 operationem
1729 1199 1949 1262 dixerit,
1985 1215 2094 1253 non

521 1293 774 1360 multum,
811 1292 1028 1361 opinor,
1059 1307 1089 1345 a
1127 1307 1294 1362 scopo
1322 1291 1663 1347 aberraverit
1691 1309 1703 1344 :
1734 1305 1859 1344 nam
1890 1299 1946 1344 et
1976 1303 2095 1344 eam

520 1373 743 1455 proprie
787 1394 843 1438 et
890 1384 1068 1454 primo
1091 1383 1318 1447 .delinit,
1366 1391 1556 1452 utpote
1591 1383 1710 1452 ejus
1749 1379 2004 1450 speeiﬁca
2043 1390 2099 1434 et

523 1477 830 1533 communis
876 1477 1143 1546 operatio,
1189 1475 1246 1530 in
1297 1490 1407 1545 qua
1445 1474 1626 1528 omnis
1673 1473 1724 1528 ei
1771 1472 2098 1527 naturaliter

524 1555 845 1639 competens
880 1566 1188 1636 proprietas
1220 1564 1725 1634 comprehenditur,
1754 1571 1905 1618 extra
1934 1577 2099 1631 quam

524 1661 665 1716 nihil
697 1667 783 1714 est
809 1665 1008 1728 praeter
1040 1656 1093 1711 id
1125 1657 1270 1726 quod
1305 1672 1412 1712 non
1441 1667 1560 1721 est;
1607 1670 1734 1710 nam
1781 1671 1850 1710 ex
1880 1664 2098 1710 senten-

524 1749 602 1804 tia
627 1748 791 1818 hujus
814 1747 993 1817 magni
1021 1745 1266 1816 magistri
1297 1746 1472 1800 solum
1503 1745 1560 1799 id
1587 1745 1734 1815 quod
1763 1745 1916 1800 nullo
1938 1745 2101 1800 modo

518 1846 613 1892 .cst
653 1851 754 1891 nec
787 1835 1162 1906 operationem
1199 1834 1366 1889 habet
1407 1842 1511 1890 nec
1541 1834 1942 1890 exsistentiam.
1988 1835 2102 1892 Ma-

529 1929 882 1985 nifestissime
933 1930 1099 1999 igitur
1148 1928 1308 1985 docet
1353 1929 1525 1984 Deum
1574 1927 1916 1982 inearnatum
1965 1926 2106 1980 nihil

532 2022 757 2092 omnino
794 2020 1017 2073 humani
1053 2035 1083 2074 a
1130 2035 1188 2073 se
1231 2018 1471 2073 alienum
1515 2017 1877 2079 existimasse,
1909 2024 2108 2084 prater

534 2123 839 2183 peccatum,
875 2112 1020 2181 quod
1059 2111 1282 2180 quidem
1316 2110 1382 2164 ad
1429 2118 1684 2164 naturam
1727 2124 1837 2184 non
1867 2109 2108 2179 pertine-

534 2203 658 2269 bat;
686 2217 856 2272 quare
891 2216 994 2258 nec
1023 2201 1301 2255 hominem
1338 2199 1661 2269 simpliciter
1692 2199 1849 2265 dixit,
1886 2201 1980 2256 sed
2012 2201 2109 2256 ho-

535 2295 740 2349 minem
768 2293 1069 2366 secundum
1100 2301 1266 2348 totam
1295 2291 1590 2346 essentiam
1621 2293 1900 2363 conceptis
1926 2292 2108 2348 verbis

537 2387 860 2456 designavit.
890 2385 1063 2456 Hujus
1085 2385 1252 2456 igitur
1276 2384 1330 2437 in
1357 2384 1716 2453 sequentibus
1735 2393 1791 2439 et
1811 2384 2109 2439 essentiam

536 2479 758 2548 preprie
803 2487 860 2532 et
906 2493 1111 2532 nomen
1156 2485 1282 2545 post
1327 2475 1836 2529 inhumanationem
1883 2490 2110 2543 progre-

537 2568 740 2624 diendo
775 2568 1050 2636 explicat:
1089 2584 1106 2617 ι
1141 2566 1252 2619 Nos
1278 2579 1410 2618 vero
1451 2564 1638 2618 Jesum
1683 2579 1792 2618 non
1818 2563 2113 2618 definimus

540 2670 639 2731 per
663 2660 959 2713 hominem.
1002 2678 1019 2707 ι
1054 2657 1241 2726 Neque
1276 2656 1422 2711 enim
1448 2671 1660 2710 merum
1689 2657 1965 2710 hominem
1991 2671 2111 2711 esse

540 2750 912 2812 decernimus,
950 2749 1023 2803 ita
1066 2749 1214 2802 enim
1255 2747 1632 2802 seinderemus
1675 2747 1962 2813 unitatem,
1993 2763 2114 2817 quae

544 2845 880 2899 intellectum
928 2825 1172 2911 superat,
1209 2839 1304 2894 sed
1335 2839 1402 2894 de
1445 2839 1578 2902 Deo,
1623 2840 1716 2909 qui
1756 2855 1885 2894 vere
1915 2854 2114 2893 secun-

542 2931 675 2985 dum
704 2944 806 2983 nos
828 2929 1120 2983 essentiam
1145 2935 1390 2981 nostram
1420 2929 1737 2996 assumpsit,
1763 2944 1963 2983 nomen
1989 2929 2113 2991 hoc,

543 3025 732 3088 homo,
764 3021 1096 3076 aliirmemus
1139 3019 1524 3082 essentiaiiter,
1574 3033 1694 3073 non
1732 3028 1914 3074 autem
1963 3035 2028 3074 ac
2070 3020 2117 3073 si

2193 565 2288 616 καὶ
2344 565 2482 633 μετὰ
2521 564 2618 634 τὴν
2648 567 2925 636 σάρκωσιν
2953 568 3128 637 τούτῳ
3180 571 3328 640 μόνῳ
3366 571 3414 603 ’³
3450 573 3527 641 τῷ
3577 575 3770 646 τρόπῳ

2194 653 2355 707 πάλιν
2403 656 2590 724 (110
2642 656 2698 723 a)
2751 655 3039 728 ἄνθρωπον
3083 659 3174 712 τὸν
3222 659 3353 713 Θεὸν
3402 661 3771 732 ὀνομάζεσθαι

2193 743 2403 807 τούτοις
2433 745 2526 798 τὸν
2555 745 2895 816 θεραπευτὴν
2925 747 3084 800 Γάϊον
3117 749 3514 819 ἐπανορθοῦται
3537 756 3651 814 τοῖς
3674 756 3776 824 ρή-

2199 850 2364 903 μασιν
2391 834 2612 897 ὁ·πολὺς
2637 835 2935 903 Διονύσιος,
2954 837 3224 909 ’διδάσκων
3259 839 3336 902 ὡς
3363 840 3462 909 οὐχ
3514 841 3702 904 ἁπλῶς
3743 841 3775 893 ό

2193 926 2303 979 τῶν
2337 927 2473 979 ὅλων
2504 926 2638 990 Θεὸς
2684 927 2991 998 σαρκωθεὶς
3035 929 3254 998 λέγεται
3301 931 3609 1002 ἄνθρωπος,
3654 933 3774 984 ἀλλ’

2197 1021 2272 1083 ὡς
2304 1020 2434 1073 αὐτὸ
2461 1021 2581 1074 κατ’
2603 1019 2791 1074 οὐσίαν
2811 1021 2941 1092 ὅλην
2973 1021 3187 1091 ἀληθῶς
3223 1022 3508 1094 ἄνθρωπος
3543 1024 3638 1079 ών.
3663 1019 3775 1088 Ἦς

2145 1131 2150 1137 ·
2202 1110 2339 1179 μόνη
2384 1127 2445 1163 τε
2496 1111 2592 1162 καὶ
2649 1110 2855 1180 ἀληθής
2891 1112 3038 1166 ἐστιν
3078 1113 3347 1180 ἀπόδειξις
3377 1117 3410 1185 ἡ
3441 1117 3582 1169 κατά
3610 1115 3773 1184 φύσιν

2199 1199 2373 1267 αὐτῆς
2403 1197 2706 1268 συστατικὴ
2728 1198 2980 1269 δύναμις,
3015 1202 3081 1270 ἣν
3105 1201 3203 1254 οὐκ
3228 1201 3292 1254 ἀν
3319 1219 3404 1265 τις
3443 1205 3673 1273 ἁμάρτοι
3720 1203 3770 1233 ⁷⁸

2201 1289 2298 1358 τῆς
2331 1288 2612 1356 ἀληθείας·
2637 1292 2871 1363 φυσικὴν
2901 1293 3080 1362 φήσας
3105 1295 3409 1364 ἐνέργειαν,
3455 1296 3649 1367 κυρίως
3699 1285 3759 1348 τὲ

2202 1381 2296 1433 καὶ
2323 1379 2556 1452 πρώτως
2598 1383 3104 1454 χαρακτηριστικὴν
3151 1385 3344 1454 αὐτῆς,
3379 1385 3459 1448 ὡς
3507 1386 3757 1440 εἰδοποιὸν

2205 1463 2560 1542 ὑπάρχουσαν
2576 1473 2811 1539 κίνησιν,
2829 1473 3200 1542 γενικωτάτην
3220 1457 3515 1544 πάἷηῖτῆς
3529 1475 3761 1543 φυσικῶς

2205 1563 2344 1635 αὐτῇ
2380 1563 2693 1634 προσούσης
2729 1565 3082 1635 περιεκτικῆς
3098 1565 3147 1596 ⁷⁵
3171 1564 3452 1635 ἰδιότητος,
3493 1561 3563 1635 ἦς
3603 1566 3767 1634 χωρὶς

2209 1654 2372 1722 μόνον
2405 1653 2524 1706 ἐστὶ
2553 1653 2613 1705 τὸ
2643 1652 2716 1722 μὴ
2754 1653 2834 1719 ὃν,
2877 1653 2952 1716 ὡς
2987 1655 3148 1724 μόνου
3175 1655 3271 1708 τοῦ
3303 1656 3567 1726 μηδαμῶς
3595 1656 3772 1718 ὄντος.

2208 1746 2345 1800 κατά
2375 1745 2564 1800 τοῦτον
2581 1747 2672 1800 τὸν
2695 1747 2866 1816 μέγαν
2891 1747 3230 1813 διδάσκαλον,
3255 1748 3377 1801 οὔτε
3400 1749 3612 1818 κίνησιν
3647 1747 3776 1800 οὔτε

2208 1837 2440 1910 ὓπαρξιν
2454 1839 2686 1907 ἔχοντος.
2704 1839 3019 1909 Τρανότατα
3033 1838 3162 1907 γοῦν
3173 1840 3409 1893 διδάσκει
3427 1841 3589 1910 μηδὲν
3602 1841 3637 1908 ἠ
3646 1840 3778 1910 ρνῆ-

2209 1929 2335 1983 σθαι
2364 1930 2411 1961 ⁷⁸
2446 1929 2763 1982 παντάπασι
2805 1929 2914 1982 τῶν
2963 1930 3246 2000 ἡμετέρων
3280 1929 3372 1983 τὸν
3395 1930 3526 1983 Θεὸν
3557 1947 3779 2000 σαρκω-

2208 2020 2390 2085 θέντα,
2423 2014 2567 2092 πλὴν
2614 2021 2715 2090 τῆς
2755 2019 3064 2090 ἁμαρτίας,
3102 2021 3223 2072 ἐπεὶ
3255 2020 3391 2092 μηδὲ
3419 2022 3521 2092 τῆς
3560 2021 3778 2090 φύσεως

2205 2107 2296 2184 ἦν,
2326 2113 2424 2182 οὐχ
2449 2111 2635 2174 ἀπλῶς
2663 2110 2968 2180 ἄνθρωπον,
2998 2110 3112 2163 ἀλλ’
3142 2109 3272 2162 αὐτὸ
3305 2113 3424 2164 κατ’
3441 2110 3627 2165 οὐσίαν
3649 2109 3779 2177 ὃλην

2207 2200 2426 2271 ἀληθῶς
2489 2200 2775 2270 ἄνθρωπον
2823 2201 2952 2254 ὄντα
2994 2201 3293 2272 διαρρήδην
3337 2201 3778 2271 ἀποφηνάμενος.

2210 2287 2286 2345 Οὗ
2319 2291 2526 2362 κυρίως
2559 2287 2696 2344 εἶναι
2730 2289 2818 2342 διὰ
2851 2290 2958 2342 τῶν
2992 2291 3350 2360 ἐπαγομένων
3395 2292 3489 2343 καὶ
3516 2290 3615 2357 τὴν
3643 2287 3780 2356 κλῆ-

2213 2401 2297 2436 σιν
2341 2374 2706 2452 ἀνθραῖπικῶς
2745 2380 3100 2444 οὑσιωθὲντος
3137 2380 3538 2451 διατεινόμενᾶς
3589 2394 3779 2450 φησιν’

2218 2495 2235 2526 ι
2258 2474 2448 2546 Ἡμεῖς
2467 2475 2526 2526 δὲ
2555 2474 2646 2528 τὸν
2662 2472 2868 2544 Ἰησοῦν
2888 2473 2986 2525 οὐκ
3011 2471 3372 2543 ἀνθρωπικῶς
3391 2472 3744 2543 ἀφορίζομεν.
3759 2492 3780 2525 ι

2226 2567 2380 2622 Ἐπεὶ
2417 2566 2492 2638 μὴ
2521 2567 2564 2598 ⁷⁷
2595 2564 2751 2636 ψιλὸν
2808 2564 3094 2635 ἄνθρωπον
3135 2566 3299 2618 αὑτὸν
3353 2565 3784 2635 δογματίζομεν,

2213 2661 2504 2732 τέμνοντες
2562 2662 2663 2732 τὴν
2718 2660 2859 2730 ὑπὲρ
2889 2660 2933 2692 ⁷⁸
2983 2659 3187 2712 ἔννοιαν
3233 2657 3448 2712 ἕνωσιν.
3501 2656 3782 2720 Οὑσιωδῶς

2215 2754 2345 2825 γὰρ,
2388 2751 2503 2808 ἀλλ’
2547 2752 2647 2822 οὐχ
2702 2751 2778 2815 ὡς
2806 2749 3112 2821 ἀνθρώπων
3158 2749 3327 2826 αίτίου
3375 2749 3466 2800 ἐπ’
3499 2747 3663 2802 αὑτοῦ
3691 2744 3774 2799 τοῦ

2218 2842 2377 2911 φύσει
2407 2829 2543 2894 Θεοῦ
2572 2839 2694 2912 καθ’
2718 2840 2864 2911 ἡμᾶς
2886 2838 3100 2908 ἀληθῶς
3121 2836 3470 2899 οὐσιωθέντος
3488 2837 3552 2888 τὸ
3574 2837 3778 2903 ἅνθρω-

2219 2951 2333 2998 πος
2365 2933 2535 3002 ὄνομα
2577 2931 2829 3001 λέγομεν.
2857 2928 2992 2982 Οὐδὲ
3028 2930 3138 3002 γάρ
3173 2926 3458 2997 ἄνθρωπος
3489 2926 3683 2996 μόνον,
3705 2925 3782 2977 δτι

2220 3027 2315 3080 καὶ
2345 3026 2477 3088 Θεὸς
2499 3027 2526 3076 ὁ
2564 3023 2744 3086 αὐτὸς,
2775 3039 2793 3072 ι
2832 3020 2951 3073 οὐδὲ
2975 3019 3299 3089 ὑπερούσιος
3339 3017 3523 3086 μόνον,
3551 3035 3568 3069 ι
3592 3017 3673 3069 ὅτι
3696 3016 3787 3068 καὶ

545 3115 890 3172 solummodo
918 3129 1081 3169 causa
1108 3112 1391 3168 hominum
1413 3115 1636 3168 esset‘et
1658 3111 1902 3168 ell‘ecto'r.
1927 3113 2113 3184 Neque

2220 3118 2506 3188 ἄνθρωπος
2531 3116 2560 3167 ὁ
2600 3113 2796 3177 αὐτὸς,
2830 3111 2989 3181 εἴπερ
3019 3109 3094 3181 μὴ
3125 3109 3280 3178 ψιλὸς
3329 3108 3610 3179 ἄνθρωπος
3647 3110 3788 3179 μήτε

545 3209 692 3264 enim
723 3206 1067 3262 solummodo
1097 3205 1262 3260 homo
1293 3215 1396 3267 est,
1430 3204 1527 3260 sed
1555 3211 1613 3259 et
1633 3204 1787 3260 Deus
1819 3204 1960 3260 idem
1990 3215 2113 3260 est:

546 3316 725 3370 neque
770 3315 937 3369 super
983 3297 1280 3354 essentiam
1329 3305 1574 3352 nostram
1619 3297 1797 3352 solum
1844 3306 1948 3362 est,
1982 3290 2118 3367 quo-

547 3393 693 3444 niam
724 3390 868 3444 idem
903 3389 1071 3442 etiam
1104 3389 1270 3441 homo
1295 3394 1411 3452 est;
1440 3401 1542 3440 nec
1566 3386 1714 3440 enim
1743 3402 1934 3442 merus
1958 3388 2120 3443 homo

549 3490 645 3536 :nzt
685 3481 868 3535 nudus
911 3481 1058 3535 Deus
1091 3485 1196 3540 est,
1229 3477 1326 3532 sed
1371 3490 1566 3531 revera
1613 3474 1798 3542 homo,
1844 3478 2122 3548 praecipuo

551 3572 787 3642 quodam
817 3586 945 3639 erga
977 3568 1232 3624 homines
1273 3583 1460 3623 amore
1501 3559 1748 3624 affectus.
1795 3569 1900 3624 Per
1940 3569 2124 3623 inlini-

552 3676 668 3718 tum
701 3678 826 3733 erga
857 3663 1111 3716 homines
1139 3675 1382 3716 amorem
1425 3660 1603 3716 laetus
1631 3669 1715 3717 est
1753 3661 1886 3716 illud
1919 3662 2120 3732 ipsum,

553 3764 611 3810 et
653 3756 876 3826 quidem
907 3755 1217 3817 verissime,
1249 3752 1396 3822 quod
1443 3755 1680 3815 amabat,
1721 3753 1794 3808 ita
1841 3760 2024 3807 tamen
2065 3761 2126 3806 ut

557 3862 655 3903 sua
689 3828 861 3916 ipsius
886 3844 1127 3899 essentia
1161 3843 1298 3897 nihil
1339 3843 1742 3912 amitteretper
1773 3844 1912 3897 hanc
1939 3843 2128 3897 ineﬂ‘a-

549 3939 723 3994 bilem
741 3934 1189 3996 exinanitionem,
1208 3949 1310 3988 nec
1335 3940 1529 3986 natura
1560 3933 1798 3987 humana
1829 3933 2128 4003 quidquam

561 4031 782 4085 omnin-xi
812 4027 897 4080 vel
925 4023 1246 4079 mutationis
1272 4022 1356 4076 vel
1384 4021 1766 4078 diminutionis
1793 4038 1890 4092 per
1919 4039 2130 4078 assum-

562 4123 805 4192 ptionem
863 4114 1282 4172 inenarrah‘ilem
1340 4121 1641 4184 pateretur.”
1689 4115 1772 4168 Ab
1821 4114 2132 4183 eohabuit

562 4211 962 4272 deﬁnitionem,
989 4207 1058 4261 ab
1095 4220 1161 4260 eo
1187 4214 1244 4267 et
1282 4204 1751 4259 constitutionem.
1787 4225 1804 4257 ι
1833 4205 2008 4275 Supra
2038 4221 2129 4260 ca-

562 4315 716 4374 ptum
739 4303 1062 4362 humanum,
1095 4317 1111 4349 »
1134 4298 1260 4366 quia
1283 4296 1399 4350 sine
1420 4295 1658 4350 hominis
1691 4312 1792 4365 ope
1816 4318 1832 4347 ε
1855 4307 1910 4351 et
1931 4311 2130 4351 secun-

564 4395 693 4447 dum
730 4391 1044 4453 hominem;
1078 4408 1095 4439 ι
1126 4403 1248 4442 nam
1273 4401 1424 4439 more
1451 4386 1713 4449 humano,
1737 4387 1865 4455 quia
1886 4403 1982 4456 per
2008 4403 2133 4457 par-

566 4497 702 4541 tum.
728 4485 804 4538 Ex
829 4481 1071 4537 hominis
1090 4477 1415 4538 substantia,
1437 4491 1561 4529 cum
1585 4492 1750 4545 super
1771 4479 2132 4534 substantiam

567 4565 912 4636 subsisteret,
946 4571 1307 4627 substantiam
1346 4567 1657 4637 assumpsit.
1690 4567 1806 4622 Non
1853 4570 2021 4633 enim,
2052 4586 2137 4625 se-

569 4668 807 4724 eundum
846 4675 1140 4736 nugatores
1173 4663 1518 4725 Manichteos,
1552 4677 1755 4715 meram
1802 4661 1984 4716 carnis
2025 4679 2138 4717 sua:

2220 3207 2428 3279 γυμνὸς
2483 3205 2718 3276 ὑπάρχει
2781 3201 2914 3265 Θεὸς
2941 3241 2957 3265 ,
2989 3220 3008 3253 ι
3057 3199 3172 3253 ἀλλ’
3198 3227 3202 3234 ·
3228 3200 3512 3272 ἄνθρωπος
3569 3198 3789 3267 ἀληθῶς

2221 3301 2250 3352 ὁ
2282 3298 2648 3368 διαφερόντως
2675 3293 3076 3366 φιλάνθρωπος.
3122 3300 3150 3344 ι’
3189 3293 3431 3364 Ἀπείρῳ
3481 3291 3590 3361 γὰρ
3641 3287 3788 3360 πόθῳ

2221 3389 2299 3460 τῷ
2333 3378 2468 3459 πρᾶς
2499 3386 2822 3459 ἀνθρώπους
2862 3387 2998 3458 ὅπερ
3023 3378 3179 3438 ἐστὶν
3212 3384 3430 3454 ἀληθῶς
3473 3382 3605 3435 αὐτὸ
3634 3379 3786 3449 φύσει

2223 3483 2283 3536 τὸ
2309 3481 2473 3536 ποθού
2483 3480 2675 3551 μενον(
2683 3481 2726 3549 ι
2738 3479 2841 3549 ιο
2855 3479 2906 3546 b)
2929 3479 3140 3548 γέγονε,
3165 3477 3301 3548 μήτε
3332 3492 3386 3527 τι
3406 3472 3686 3535 πεπονθὼς
3705 3473 3781 3534 εἰς

2224 3576 2322 3646 τὴν
2347 3575 2391 3607 τ’
2423 3575 2559 3629 ἰδίαν
2596 3573 2782 3626 οὐσίαν
2822 3570 2959 3642 πρὸς
2991 3569 3093 3638 τῆς
3137 3567 3444 3636 ἀφθέγκτου
3491 3565 3786 3626 κενώσεως,

2231 3672 2365 3740 μήτε
2391 3683 2445 3720 τι
2477 3666 2579 3734 τῆς
2609 3661 2958 3734 ἀνθρωπίνης
2975 3660 3065 3713 διὰ
3094 3659 3193 3728 τὴν
3221 3657 3532 3728 ἀπόρρητον
3555 3657 3600 3690 ⁸ο
3631 3655 3795 3726 πρόσ-

2207 3759 2392 3828 ληψιν
2421 3754 2684 3827 ἀμείψας,
2722 3753 2756 3822 ἣ
2793 3749 3034 3822 μειώσας
3052 3750 3113 3803 τὸ
3148 3747 3367 3803 σύνολον
3397 3747 3631 3818 φύσεως,
3667 3743 3744 3800 ὧν
3769 3749 3797 3798 ὸ

2226 3848 2384 3915 λόγος
2439 3844 2644 3915 κυρίως
2691 3842 2860 3910 αὐτῆς
2916 3839 3224 3910 καθέστηκε
3250 3839 3522 3902 σύστασις.
3561 3857 3580 3890 ι
3626 3836 3797 3908 ’Υπὲρ

2230 3939 2569 4007 ἀνθρώπους,
2600 3954 2618 3987 ι
2656 3934 2737 3989 ὅτι
2769 3933 2965 3996 θεῖκῶς
3004 3931 3195 4001 ἀνδρὸς
3215 3931 3384 4002 χωρὶς
3412 3930 3454 3962 ⁸¹
3481 3947 3503 3983 ι
3531 3931 3631 3982 καὶ
3659 3927 3795 3982 κατὰ

2231 4027 2576 4100 ἀνθρώπους,
2610 4045 2630 4080 ι
2694 4024 3057 4096 ἀνθρωπικῶς
3108 4023 3194 4093 ,ὅτι
3225 4023 3270 4054 ⁸³
3329 4023 3480 4092 νόμῳ
3527 4021 3788 4092 κυήσεως.

2238 4143 2256 4174 ι
2306 4123 2403 4176 Ἐκ
2432 4121 2530 4191 τῆς
2551 4117 2859 4191 ἀνθρώπων
2891 4115 3076 4178 οὐσίας
3110 4115 3138 4167 ὁ
3173 4113 3500 4185 ὑπεροὺσιος
3531 4108 3786 4175 οὺσιωμέ-

2233 4231 2319 4276 νος
2345 4230 2358 4243 ·
2403 4231 2420 4263 ι
2465 4211 2658 4281 οὐγὰρ
2681 4208 2844 4280 ψιλὴν
2871 4209 3038 4279 μόνην
3063 4209 3362 4275 ὲφάντασεν
3388 4205 3522 4272 ἡμῖν
3547 4206 3609 4256 ὲν
3627 4200 3788 4268 ἑαυτῷ

2232 4306 2332 4377 τὴν
2370 4306 2426 4357 ὲν
2453 4303 2498 4336 ⁸³
2532 4289 2662 4356 εῖδει
2695 4300 2898 4371 σαρκὸς
2930 4299 3328 4368 διαμόρφωσιν,
3354 4293 3502 4346 κατά
3535 4297 3659 4357 τοὺς
3689 4292 3795 4344 τῶν

2233 4393 2554 4463 Μανιχαίων
2577 4392 2776 4460 λήρους
2792 4388 2861 4451 ³⁵,
2887 4387 2920 4457 ἢ
2940 4387 3120 4456 σάρκα
3155 4384 3598 4454 συνουσιωμένην
3639 4384 3796 4454 οὐρα-

2236 4486 2390 4550 νόθεν
2426 4481 2602 4551 ἑαυτῷ
2635 4479 3055 4549 συγκατήγαγε,
3085 4478 3224 4533 κατά
3262 4478 3386 4542 τοὺς
3428 4477 3796 4546 ’Δπολιναρέου

2243 4573 2468 4645 μύθους,
2495 4568 2610 4623 ἀλλ’
2645 4569 2775 4623 αὐτὸ
2809 4568 2926 4621 κατ’
2959 4568 3146 4621 οὐσίαν
3176 4566 3304 4634 ὅλην
3347 4565 3563 4637 ἀληθῶς
3599 4564 3800 4633 ἀνθρω-

2239 4682 2339 4727 πος
2392 4660 2652 4732 γεγονὼς,
2693 4659 3011 4740 ,προσλήψει
3059 4659 3307 4730 δηλονότι
3359 4656 3560 4727 σαρκὸς
3593 4654 3799 4724 ’νοερῶς

571 4763 809 4833 speciem
858 4770 912 4816 et
944 4761 1260 4830 phantasma
1292 4758 1345 4811 in
1375 4757 1556 4826 seipso
1584 4755 1744 4810 nobis
1769 4754 1942 4820 forma
1980 4765 2106 4811 tenu

2242 4752 2620 4826 ὲψυχωμὲνης,
2659 4751 2952 4833 ὲνωθεξσης
2983 4751 3134 4822 αὐτῷ
3164 4749 3288 4803 καθ’
3330 4749 3648 4800 ὑπόστασιν.

571 4831 886 4923 ostentavit,
924 4862 1040 4916 aut,
1067 4849 1368 4904 secundum
1393 4847 1713 4917 Apollinarii
1760 4846 1993 4911 fabulas,
2027 4862 2245 4901 carnem
2291 4847 2395 4902 sibi
2429 4846 2559 4900 olim
2620 4831 3143 4899 consubstantiatam
3177 4841 3244 4894 de
3303 4838 3443 4894 caelo
3482 4853 3664 4893 secum
3705 4835 3798 4891 de-

571 4931 744 5012 «ltuiit,
777 4946 871 5000 sed
943 4942 1241 4998 secundum
1289 4940 1580 4994 essentiam
1632 4948 1795 4995 totam
1860 4955 1989 4994 vere
2036 4940 2198 4996 hoino
2236 4940 2412 4995 laetus
2455 4947 2560 5005 est,
2611 4937 2984 5008 assumptione
3027 4933 3239 5017 scilicet
3290 4931 3473 4986 carnis
3525 4932 3704 4986 anima
3746 4934 3800 4984 et

574 5049 752 5096 mente
777 5037 1039 5110 przeditae,
1071 5035 1346 5104 unitceque
1369 5034 1472 5088 sibi
1497 5049 1595 5103 per.
1621 5035 1957 5106 hypostasin.

651 5182 666 5210 c
706 5163 802 5216 Est
858 5169 1036 5214 tamen
1101 5155 1458 5209 nihilominus
1511 5158 2135 5225 supersubstantialitate

577 5252 1050 5324 superabundans,
1081 5255 1267 5316 utpote
1294 5247 1386 5315 qui
1432 5261 1645 5315 semper
1680 5264 1839 5318 supra
1883 5251 2146 5305 substan-'

583 5323 707 5398 tiam
749 5342 838 5397 sit.
895 5358 912 5390 ›
963 5339 1149 5408 Neque
1183 5337 1330 5392 enim
1374 5352 1496 5391 cum
1536 5338 1688 5390 lieret
1731 5339 1895 5392 homo
1939 5323 2146 5396 natura:

2333 5173 2351 5206 ι
2387 5155 2625 5209 "Eo-11.6%.
2659 5138 2812 5225 οὐδὲν
2842 5145 2997 5225 ἦττον
3048 5145 3497 5216 ὑπερουσιότητος
3535 5142 3799 5214 ὑπερτελή-

2253 5257 2349 5321 ρης
2379 5251 2405 5301 ὁ
2436 5251 2520 5301 ἀεὶ
2554 5222 2896 5314 ὑπεροῖὂσιος.
2944 5222 3067 5291 »⁷οὑ
3090 5237 3196 5307 γὰρ
3228 5237 3533 5307 ὑπεζεύχθη
3563 5238 3626 5304 τῇ
3650 5234 3798 5302 φύσει

2255 5341 2544 5412 γενόμενος
2574 5337 2879 5405 ἅνθρωπος,
2912 5330 3218 5385 τούναντίον
3255 5331 3310 5384 δὲ
3359 5329 3555 5400 μᾶλλον
3601 5321 3788 5380 συνεπ-

1883 5504 2112 5560 ΥΑΒΙᾸΞ
2152 5501 2550 5560 LECTIONES.

653 5645 699 5677 ⁷³
726 5645 882 5710 μόνον
909 5645 995 5698 ed.
1032 5641 1149 5699 Gal.
1206 5643 1251 5674 7‘
1289 5641 1509 5710 ἁμάρτῃ
1530 5638 1616 5710 ed.
1651 5637 1806 5710 Gal._
1829 5641 1873 5671 τ³
1902 5625 2256 5710 περιεκτικὴν
2281 5639 2366 5692 ed.
2394 5637 2679 5710 Gal._Hi_nc
2696 5636 3018 5710 corrigenda
3042 5637 3168 5710 ejus
3193 5634 3394 5710 versit).
3524 5623 3796 5710 a‘ipzt’noaf-f

585 5718 673 5776 ml.
909 5693 1233 5780 ἴτ’μτῖδέέά.
1257 5693 1418 5764 (ἤιξ’
1452 5693 1633 5779 ’δ’πὲρ
1655 5708 1742 5762 ed.
1769 5708 1886 5780 Gal.
1923 5695 2091 5780 ’ξ’-τὴν
2124 5693 2434 5780 nnnltabet
2463 5707 2702 5780 edrCal.
2735 5709 2808 5780 _““
2842 5693 3190 5779 ihéqtov'cd.
3229 5706 3344 5760 Gal.
3428 5703 3467 5732 "
3503 5693 3800 5768 γὰρχωρῖς

585 5791 669 5846 cd.
697 5785 837 5844 Gal;
867 5785 907 5814 "
937 5777 1149 5852 γάρ-ὃτι
1183 5783 1268 5838 τά.
1303 5780 1415 5834 Gal.
1508 5781 1552 5806 “
1667 5793 1770 5831 om.
1809 5779 1894 5831 ml.
1921 5777 2033 5833 Gal.

2130 5781 2168 5810 °‘
2207 5779 2437 5848 ﬁlim-ﬁ»;
2471 5779 2590 5833 rod.
2631 5777 2767 5831 Gtt-tl.
