3966 6340
93 445 108 461 -
126 414 255 477 1049

1349 432 1863 498 AMBIGUORUM
1902 441 2155 503 LIBER.

3207 446 3342 511 1050

117 525 243 592 ἦρεν
272 523 320 555 ⁸⁵
358 522 538 593 ἐαυτῷ
565 524 664 587 τὴν
695 526 874 594 φύσιν,
903 530 1089 601 ἕτερον
1116 533 1282 604 αὐτὴν
1318 541 1546 608 ποιήσας
1570 545 1669 611 μυέΔ

1776 548 2057 618 subjectus
2085 550 2207 615 fuit,
2235 552 2547 621 scdpotius
2571 553 2692 607 vice
2718 568 2874 608 versa
2899 554 2965 609 ad
2998 571 3055 611 sc
3078 557 3342 614 sublima-

115 618 357 683 στήριον,
398 616 557 678 αὐτὸς
593 617 649 669 δέ
675 618 722 650 ⁸⁸
772 621 962 688 μείνας
1022 625 1367 681 παντάπασιν
1419 616 1679 703 ἄληπτος,

112 708 204 758 καὶ
230 708 334 775 τὴν
359 707 570 761 οἰκείαν
598 709 872 779 σάρκωσιν
902 712 1172 782 λαχοῦσαν
1200 718 1417 785 γένεσιν
1443 723 1683 794 ὑπερθύ-

113 813 224 849 σιον
257 799 561 868 μυστηρίου
588 801 786 864 παντὸς
810 803 986 881 δείξας
1006 805 1401 881 ἀληπτοτέραν,
1428 814 1682 869 τοσοῦτον

113 887 463 953 καταληπτὸς
484 888 747 982 δι”αὑτὴν
768 894 1002 961 γεγονὼς
1025 896 1148 948 ὅσον
1171 900 1217 931 ⁸⁷
1244 901 1404 954 πλέον
1434 906 1678 976 ἐγνώσθη

113 977 383 1047 διἀὑτῆς
440 977 828 1053 ἀληῗττότερος.
866 1004 885 1035 ι
954 987 1197 1058 Κρύφιος
1257 992 1367 1064 γάρ
1429 997 1680 1050 ἐστικαὶ

122 1067 251 1137 με.τά
282 1070 385 1137 τὴν
417 1070 711 1139 ἔκφανσιν,
742 1092 761 1122 ι
790 1077 954 1143 φησὶν
980 1079 1007 1129 ό
1058 1079 1399 1146 διδάσκαλος,
1441 1105 1459 1135 ι
1495 1086 1552 1154 ἦ,
1588 1086 1679 1140 ἵνα

122 1158 180 1210 τὸ
223 1158 492 1229 θειότερον
539 1162 699 1225 εἴπω,
736 1155 915 1216 καὶ’ἐν
945 1170 1011 1237 τῇ
1054 1172 1334 1245 ἐκφάνσει.
1364 1168 1472 1227 Καὶ
1520 1175 1679 1229 τοῦτο

128 1246 222 1331 γὰρ
260 1248 439 1317 Ἰησοῦ
474 1250 798 1319 κέκρυπται,
830 1255 921 1306 καὶ
961 1258 1135 1312 οὐδενὶ
1184 1261 1346 1332 λόγῳ,
1382 1265 1500 1317 οὐδὲ
1525 1265 1602 1335 νῷ
1630 1268 1675 1300 ⁸⁸

124 1335 175 1386 τὸ
203 1338 324 1386 κατ’
346 1336 508 1405 αίέτὸν
540 1338 763 1406 ἐξῆκται
798 1346 1115 1414 μυστήριον,
1149 1350 1283 1421 ἀλλὰ
1314 1354 1405 1404 καὶ
1448 1353 1676 1425 λεγόμε-

120 1440 202 1473 νον
244 1425 489 1495 ἇρρητον
533 1428 724 1496 μένει,
753 1431 849 1484 καὶ
891 1435 1196 1506 νοούμενον,
1229 1439 1521 1508 ἄγνωστον.
1556 1464 1574 1495 ι
1612 1447 1676 1497 Τί

117 1512 305 1566 τούτου
340 1516 473 1585 πρὸς
503 1516 776 1585 ἀπόδειξιν
806 1520 957 1585 θείας
981 1526 1430 1599 ὑπερουσιότητος
1478 1533 1678 1600 γένοιτ’

116 1602 178 1655 ἀν
232 1605 777 1679 ἀποδεικτικώτερον,
818 1615 1069 1682 ἐκφάνσει
1122 1619 1301 1689 (ιιι
1329 1620 1384 1691 (ι)
1442 1622 1502 1675 τὸ
1546 1623 1678 1692 κρύ-

117 1710 239 1763 φιον
303 1699 397 1747 καί
439 1696 579 1768 λόγῳ
620 1701 720 1771 τὴν
760 1703 997 1771 ἀφασίαν
1030 1710 1124 1759 καὶ
1169 1708 1243 1777 νῷ
1282 1710 1546 1782 δηλούσης
1579 1711 1675 1782 τὴν

122 1783 241 1874 καθ’
284 1784 553 1856 ὑπεροχὴν
584 1789 884 1857 ἀγνωσίαν,
916 1795 1009 1847 καὶ
1044 1797 1101 1848 τὸ
1135 1796 1198 1868 δὴ
1240 1798 1422 1874 μεῖζον
1476 1803 1673 1865 εἰπεῖν,

116 1873 441 1939 οὐσιώσειτὺ
466 1877 790 1948 ὑπερούσιον
814 1898 829 1946 ;
855 1902 873 1933 ι
897 1885 1112 1953 Ἀμέλει
1139 1890 1205 1958 τῇ
1226 1873 1427 1960 ταύτης
1456 1909 1677 1962 περιουο

120 1961 209 2031 σία
229 1963 275 1995 ³⁸
300 1966 390 2017 καὶ
414 1968 495 2029 είς
525 1968 719 2023 οὐσίαν
740 1970 955 2042 ἀληθῶς
987 1974 1156 2029 ἐλθὼν
1182 1978 1322 2050 ὑπὲρ
1368 1961 1558 2034 οὐσίαν
1583 1984 1676 2036 οὒ·-

123 2052 292 2123 σιώθη
314 2069 328 2084 ·
358 2074 377 2106 ι
409 2059 538 2122 τοὺς
561 2060 755 2129 νόμους
776 2061 973 2134 δηλαδὴ
998 2070 1396 2138 καινοτομήσας
1410 2072 1508 2139 τῆς
1533 2074 1675 2127 κατὰ

124 2141 283 2210 φύσιν
324 2149 615 2214 γενέσεως,
652 2153 744 2203 καὶ
790 2152 912 2222 δίχα
934 2155 1045 2238 1ιιτῆς
1096 2157 1154 2221 ἐξ
1197 2159 1391 2228 ἀνδρὸς
1428 2164 1485 2213 ἐν
1542 2163 1673 2215 εἴδει

125 2234 323 2299 σπορᾶς
377 2235 596 2303 ἀληθῶς
656 2234 947 2309 γενόμενος
1000 2244 1302 2315 ἄνθρωπος.
1362 2250 1471 2300 Καὶ
1520 2250 1673 2320 δηλοί

120 2322 384 2388 Παρθένος
419 2329 581 2381 αὑτὸν
612 2331 909 2401 ὑπερφυῶς
936 2336 1141 2390 κύουσα
1168 2340 1258 2391 τὸν
1280 2341 1324 2372 ⁹⁰
1353 2342 1674 2411 ὑπερούσιον

122 2412 283 2483 Λόγον
312 2418 481 2488 χωρὶς
511 2420 698 2490 ἀνδρὸς
727 2424 788 2474 ἐκ
810 2424 919 2475 τῶν
949 2426 1116 2495 αὐτῆς
1146 2431 1487 2499 παρθενικῶν
1510 2435 1674 2503 αἱμά-

121 2518 218 2557 των
270 2507 651 2578 ἀνθρωπικῶς,
711 2512 845 2581 ξένῳ
898 2518 1047 2584 παρά
1101 2520 1200 2585 τὴν
1256 2520 1416 2586 φύσιν
1462 2522 1667 2591 θεσμῷ.

120 2593 585 2667 διαπλαττόμενον.
619 2621 636 2651 ι
687 2603 794 2654 Καὶ
848 2605 989 2674 ὑπὲρ
1035 2606 1318 2676 ἄνθρωπον
1364 2611 1593 2680 ἐνήργει
1624 2613 1666 2643 ⁸³

126 2684 183 2736 τὰ
199 2685 483 2756 ἀνθρώπου
519 2689 562 2720 θ’
584 2706 596 2719 ο
629 2709 647 2737 ι
671 2690 769 2760 τὴν
799 2695 907 2744 τῶν
937 2698 1214 2764 στοιχείων
1242 2700 1462 2761 ἀπαθῶς
1492 2694 1668 2754 καινο-

123 2778 354 2846 τομήσας
390 2778 553 2846 φύσιν
574 2784 694 2843 ταῖς
724 2781 935 2851 βάσεσι.
976 2787 1085 2838 Καὶ
1116 2788 1266 2857 δηλοί
1300 2790 1485 2858 σαφῶς
1523 2792 1666 2863 ὕδωρ

118 2866 358 2933 ἄστατον,
392 2869 593 2923 ὑλικῶν
628 2872 721 2924 καὶ
749 2874 961 2945 γεηρῶν
991 2876 1036 2908 ⁹³
1076 2877 1248 2930 ποδῶν
1288 2880 1477 2950 ἀνέχον
1500 2882 1665 2954 βάρος

116 2957 208 3010 καὶ
252 2958 323 3029 μὴ
367 2962 606 3025 ὑπεῖκον,
650 2963 767 3015 ἀλλ’
817 2965 1085 3035 ὑπερφυεῖ
1136 2969 1361 3040 δυνάμει
1420 2972 1558 3042 πρὸς
1607 2976 1668 3028 τὸ

112 3045 392 3116 ἄδιάχυτον
450 3053 880 3122 συνιστάμενον⁸
930 3058 1087 3128 εἴπερ
1137 3059 1350 3130 ἀληθῶς
1412 3064 1667 3135 ἁὸρόχοις
1708 3074 1709 3077 “

1783 641 1862 694 vit
1906 650 2173 704 naturam,
2203 642 2257 695 in
2284 657 2349 696 ea
2385 642 2533 697 aliud
2560 647 2877 715 mysterium
2922 646 3192 714 efficiens;
3227 650 3341 719 ipse

1762 732 1926 798 enim
1954 733 2517 802 incomprehensibilis
2542 737 2859 804 permansit,
2889 745 2945 791 et
2977 753 3128 805 suam
3160 730 3339 797 incar.

1750 836 1751 841 η
1782 819 2058 873 rationem
2081 823 2228 876 omni
2253 812 2508 892 mysterio
2532 824 2701 893 magis
2730 825 3340 894 incomprehensibilem

1781 912 2041 973 ostendit,
2067 930 2167 982 per
2205 916 2608 984 generationem
2643 933 2802 986 supra
2835 933 3051 991 omnem
3081 921 3335 976 substan-

1783 1003 1933 1067 tiam,
1980 1011 2129 1057 tanto
2162 1004 2380 1075 quidem
2416 1021 2514 1073 per
2553 1005 2698 1059 illam
2725 1006 2899 1060 factus
2923 1007 3334 1076 comprehensi-

1781 1091 1927 1155 bilis,
1957 1103 2161 1161 quanto
2188 1110 2285 1163 per
2311 1096 2456 1159 illam
2500 1096 2839 1167 dignoscitur
2876 1113 2994 1152 esse
3040 1097 3209 1168 magis
3248 1099 3333 1153 in-

1779 1185 2310 1252 comprehensibilis.
2346 1206 2364 1237 ι
2399 1183 2767 1242 Absconditus
2789 1190 2932 1243 enim
2962 1200 3144 1245 manet
3170 1193 3336 1246 etiam

1778 1280 1900 1340 post
1948 1266 2470 1340 manifestationem,
2522 1296 2540 1327 ι
2594 1287 2654 1331 ut
2702 1279 2836 1332 dicit
2891 1281 3145 1350 magister
3212 1281 3339 1346 ille,

1786 1380 1803 1412 ι
1844 1358 1957 1427 aut,
2003 1372 2061 1417 ut
2101 1363 2342 1419 divinius
2382 1366 2595 1435 loquar,
2628 1368 2681 1421 in
2727 1368 2841 1438 ipsa
2879 1371 3336 1436 manifestationc,

1776 1454 1978 1507 etenim
2001 1452 2106 1507 hoc
2127 1455 2288 1508 etiam
2320 1456 2492 1525 ipsius
2516 1459 2642 1513 Jesu
2666 1462 2971 1516 occultatur
2994 1465 3335 1533 mysterium,
3385 1453 3388 1456 ’

1776 1558 1879 1597 nec
1918 1542 2031 1597 ullo
2071 1558 2323 1600 sermone
2364 1548 2449 1601 vel
2475 1548 2750 1602 intellectu
2790 1552 3135 1619 exprimitur.
3175 1555 3337 1621 quin-

1777 1633 1889 1687 imo
1918 1633 2046 1688 dum
2077 1635 2369 1703 profertur,
2405 1652 2688 1702 arcanum,
2734 1650 2789 1694 et
2828 1641 2956 1694 dum
2991 1643 3327 1710 intelligitur,

1775 1735 1960 1780 manet
1993 1726 2257 1795 ignotum.
2300 1746 2317 1777 ›
2349 1715 2616 1792 ρυίίίὀει
2656 1729 2821 1806 quod
2850 1729 3091 1788 divinam
3133 1747 3327 1799 super-

1778 1813 2287 1870 substantialitatem
2334 1817 2548 1885 plenius
2596 1818 2699 1872 hoc
2732 1819 3105 1874 demonstrare
3142 1829 3327 1889 queat,

1778 1904 1897 1973 qua:
1924 1921 2021 1974 per
2048 1920 2199 1959 suam
2231 1906 2722 1962 manifestationem
2757 1924 2813 1963 se
2853 1912 3109 1975 occultat,
3142 1920 3197 1965 et
3236 1929 3334 1982 per

1776 2010 2082 2050 sermonem
2118 2012 2175 2050 se
2220 1997 2546 2051 inell‘abilem
2592 1997 2852 2063 declarat,
2877 2008 2932 2054 et
2973 2016 3070 2070 per
3096 2011 3332 2057 mentem
3376 2064 3379 2067 η

1774 2085 2205 2143 eminentissime
2255 2102 2314 2140 se
2360 2086 2837 2156 incognoscibilem
2884 2090 3097 2157 prohat,
3144 2100 3217 2153 et,
3274 2100 3336 2146 ut

1774 2177 1949 2245 majus
1970 2176 2172 2245 aliquid
2204 2177 2418 2240 addam,
2446 2194 2542 2246 per
2563 2178 2880 2232 substantiae
2907 2182 3331 2247 assumptionem

1773 2282 1830 2320 se
1858 2283 1975 2321 esse
2016 2284 2177 2336 supra
2210 2284 2424 2321 nionem
2459 2269 2817 2323 substantiam
2853 2272 3127 2325 ostendit?
3156 2291 3171 2321 ι
3204 2272 3333 2325 Pro-

1772 2355 1912 2411 fecto
1962 2359 2125 2427 hujus
2170 2360 2521 2428 praerogativa
2552 2361 2715 2413 etiam
2769 2377 2891 2414 cum
2940 2378 3066 2415 vere
3102 2363 3153 2414 in
3196 2364 3329 2431 sub-

1771 2449 2025 2502 stantiam
2065 2448 2296 2509 veniret,
2333 2462 2497 2512 supra
2535 2449 2896 2524 substantiam
2937 2450 3331 2504 substantiatns

1768 2546 1868 2590 est.
1902 2554 1919 2586 ι
1950 2536 2213 2589 Nimirum
2243 2536 2607 2604 generationis
2631 2537 2895 2591 naturalis
2926 2538 3096 2608 legem
3135 2540 3329 2592 immn-

1770 2625 1920 2687 tavit,
1955 2634 2010 2678 et
2050 2624 2428 2692 absque-virili
2467 2626 2671 2679 semine
2708 2626 2759 2679 in
2798 2629 2979 2695 specie
3006 2628 3168 2681 homo
3201 2646 3328 2684 vere

1765 2712 1940 2766 factus
1972 2721 2083 2777 est;
2115 2712 2167 2766 id
2193 2713 2339 2781 quod
2382 2709 2810 2783 declarat'Virgo
2838 2730 2958 2783 qum
2985 2716 3133 2767 illum
3167 2716 3339 2770 modo.

1766 2803 2164 2872 supernaturali
2207 2803 2352 2871 parit
2392 2803 2631 2857 Verbum
2676 2805 3229 2873 supersubstantiale,
3273 2814 3331 2861 et

1767 2894 1986 2963 quidem
2026 2894 2232 2963 absque
2261 2909 2365 2963 ope
2398 2893 2504 2947 viri
2534 2910 2601 2948 ex
2639 2910 2739 2949 suo
2772 2895 3023 2965 virginali
3067 2899 3329 2967 sanguine

1766 2993 2103 3047 concretum,
2141 3000 2207 3051 eo
2253 2984 2414 3038 modo
2453 3000 2562 3055 quo
2608 2985 2788 3041 czclcri
2841 2986 3095 3063 homines
3124 2989 3329 3056 produ-

1767 3085 1989 3140 cuntur,
2020 3076 2137 3147 lege
2165 3086 2343 3130 tamen
2373 3071 2632 3131 nascendi
2676 3092 2783 3131 non
2812 3086 3042 3131 servata.
3074 3079 3141 3132 Et
3169 3094 3330 3146 supra

116 3137 257 3200 ποσὶ,
293 3141 599 3207 σωματικὸν
635 3143 797 3210 ὄγκον
827 3144 1028 3213 ἔχουσι.
1059 3150 1153 3201 καὶ
1179 3150 1307 3221 ὕλης
1350 3152 1535 3224 βάρος,
1565 3156 1665 3227 τὴν

1768 3167 2051 3221 hominum
2083 3168 2454 3223 conditionem
2480 3169 2647 3237 gessit
2674 3183 2736 3221 ea
2761 3185 2881 3237 quae
2908 3170 3140 3222 hominis
3170 3178 3327 3233 sunt;

118 3227 282 3297 ὑγράν
329 3231 423 3283 καὶ
472 3232 703 3287 ἄστατον
752 3236 938 3289 οὐσίαν
960 3238 1006 3271 ’⁸
1031 3243 1417 3309 μεταϐατικῶς·
1453 3249 1655 3302 ἐπεπό-

124 3332 262 3387 ρευτο
287 3322 351 3385 ⁸⁵,
376 3324 694 3390 περιπατῶν
718 3326 809 3378 ἐπὶ
832 3327 1105 3399 θαλάσσης
1133 3332 1207 3395 ὡς
1228 3335 1314 3386 ἐπ’
1338 3337 1384 3368 ⁸⁸
1413 3338 1664 3408 ἐδάφους,

126 3406 204 3494 καὶ
224 3410 286 3477 τῇ
317 3408 543 3478 δυνάμει
566 3413 665 3480 τῆς
686 3414 880 3467 ἑαυτοῦ
915 3416 1171 3487 θεότητος
1214 3406 1535 3494 ἀχωρίστως
1576 3430 1665 3483 διὰ

120 3493 204 3563 τῆς
224 3496 267 3528 ⁵⁷
305 3499 657 3565 μεταϐάσεως
699 3506 1071 3571 συνεκφαίνων
1101 3511 1200 3575 τῆς
1223 3512 1425 3575 οἰκείας
1466 3518 1666 3583 σαρκὸς

116 3583 206 3654 τὴν
236 3586 370 3639 κατά
409 3586 575 3654 φύσιν
618 3589 901 3657 ἐνέργειαν
937 3607 951 3621 ·
988 3593 1146 3664 εἴπερ
1182 3597 1342 3663 φύσει
1390 3601 1593 3672 ταύτης
1625 3606 1657 3674 ἡ

119 3674 437 3748 μεταϐατικὴ
465 3677 773 3748 καθέστηκε
797 3681 1034 3750 κίνησις,
1064 3682 1179 3737 ἀλλ’
1209 3675 1268 3738 οὗ
1308 3690 1406 3759 τῆς
1443 3692 1662 3763 ἡνωμέ-

116 3779 208 3833 νης
226 3767 358 3838 αὐτῇ
394 3769 515 3823 καθ’
550 3770 847 3824 ὑπόστασιν
875 3775 1247 3847 ὑπεραπείρου
1298 3782 1395 3833 καὶ
1428 3784 1665 3856 ὑπερθυ-

119 3854 224 3942 σίου
275 3856 537 3930 θεότητος.
573 3860 752 3925 ’Δπαξ
779 3861 884 3933 γὰρ
926 3865 1291 3937 ἀνθρωπικῶς
1326 3854 1607 3942 ςύσιωθεὶς
1635 3878 1664 3931 ὁ

121 3940 428 4015 ὓπερούοιος
484 3950 653 4019 Λόγος
723 3952 859 4021 μετά
904 3954 1003 4024 τῆς
1067 3940 1411 4032 ἀνθρωπίνης
1474 3966 1663 4031 οὐσίας

126 4034 377 4105 ἀμείωτον
408 4036 569 4110 εἶχεν,
599 4042 673 4106 ὡς
714 4043 851 4096 ἰδίαν
881 4046 1045 4099 αὑτοῦ
1075 4087 1090 4112 ,
1145 4052 1241 4104 καὶ
1274 4055 1451 4125 (ιιι
1486 4057 1535 4127 b)
1567 4059 1662 4130 τὴν

123 4128 335 4220 γενικῶς
367 4131 527 4183 αὑτὸν
566 4133 638 4196 ὼς
683 4132 971 4204 ἄνθρωπον
1014 4145 1521 4214 χαρακτηρίζουσαν
1563 4128 1662 4220 τῆς

121 4214 289 4279 οὐσίας
335 4221 547 4291 κίνησιν
595 4227 759 4277 πᾶσιν
812 4222 891 4290 οἷς
939 4226 1014 4287 ὡς
1058 4229 1342 4302 ἄνθρωπος
1368 4237 1587 4310 ἐνήργει
1614 4214 1660 4287 δε

108 4309 345 4400 φυσικῶς
392 4314 836 4388 είδοποιουμένην
870 4335 883 4349 '
936 4321 1093 4393 εἴπερ
1148 4325 1363 4397 ἀληθῶς
1430 4309 1655 4400 γέγονεν

123 4398 405 4491 ἄνθρωπος,
429 4407 732 4477 ἀναπνέων,
756 4411 951 4480 λαλῶν,
977 4415 1228 4484 βαδίζων,
1261 4398 1451 4491 χεῖρας
1474 4398 1656 4490 κινῶν,

1765 3256 2161 3321 elementorum
2210 3256 2357 3309 enim
2404 3264 2654 3311 naturam
2688 3258 3015 3321 immolavit,
3049 3258 3181 3311 nihil
3216 3260 3331 3327 ipse

1766 3347 2085 3402 immutatus
2133 3347 2246 3403 suis
2294 3348 2591 3417 gressibus.
2642 3348 2757 3403 Hoc
2806 3349 2952 3404 clare
2996 3349 3333 3403 demonstrat

1764 3450 1903 3503 aqua
1946 3452 2044 3504 per
2087 3452 2146 3491 se
2192 3437 2485 3502 instabilis,
2524 3454 2645 3508 quae
2676 3440 2875 3516 pedum
2920 3455 2985 3494 ex
3016 3440 3241 3493 materia
3274 3450 3330 3495 et

1764 3533 1909 3578 terra
1932 3535 2317 3579 concretorum
2338 3528 2657 3596 gravitatem
2676 3528 2930 3597 sustinet,
2949 3544 3123 3598 neque
3149 3536 3327 3583 tamen

1763 3614 1927 3674 cedit,
1959 3614 2054 3668 sed
2082 3615 2286 3668 virtute
2312 3618 2715 3684 supernaturali
2742 3619 2860 3672 sine
2885 3618 3174 3673 dill‘usione
3200 3620 3329 3672 sub-

1762 3702 1925 3756 sistit.
1953 3702 2090 3756 Vere
2126 3703 2312 3771 utique
2348 3704 2509 3759 siccis
2550 3706 2803 3773 pedibus,
2830 3706 2994 3768 mole,
3040 3722 3267 3774 corpore
3296 3722 3325 3759 a

1762 3793 2012 3857 materia,
2046 3801 2104 3849 et
2148 3795 2388 3863 pondere
2434 3794 2698 3864 praeditis,
2737 3796 2910 3849 ﬂuxas
2941 3804 2995 3850 et
3046 3796 3326 3851 instabiles

1763 3901 1932 3957 aquas
1958 3886 2330 3955 pertransiens
2353 3886 2759 3952 obambulabat,
2793 3888 3143 3957 calcabatque
3177 3904 3324 3943 more

1763 3983 2021 4047 tanquam
2054 3977 2449 4048 pavimentum,
2483 3978 2645 4031 simul
2679 3993 2803 4031 cum
2838 3979 3079 4047 potentia
3111 3979 3329 4034 deitatis

1764 4084 1876 4123 sua:
1901 4068 2344 4137 inseparabiliter
2367 4084 2465 4138 per
2493 4085 2613 4123 eam
2638 4068 3120 4123 inambulationem
3148 4072 3329 4125 carnis

1762 4161 1997 4229 prOpria:
2039 4161 2413 4228 operationem
2459 4169 2913 4216 commonstrans.
2947 4161 3117 4230 Hujus
3160 4163 3329 4231 siqui-

1764 4250 1885 4305 dem
1922 4252 2102 4305 carnis
2150 4252 2403 4320 proprius
2454 4251 2710 4305 erat'ille
2759 4252 3075 4305 ambulandi
3125 4262 3324 4318 motus,

1763 4356 2109 4410 nequaquam
2154 4350 2335 4395 autem
2375 4343 2655 4395 immensa:
2701 4349 2756 4395 et
2788 4344 3328 4410 supersubstantialis

1764 4433 1981 4487 deitatis
2027 4433 2078 4485 ei
2126 4448 2225 4501 per
2265 4431 2579 4501 hypostasin
2615 4430 2871 4484 aduniue.
2905 4432 3142 4484 Verbum
3178 4433 3325 4487 enim

123 4490 395 4589 προσφυῶς
442 4500 563 4559 ταῖς
616 4501 898 4570 αἰσθήσεσι
943 4505 1222 4575 χρώμενος
1265 4490 1657 4584 agamnam

1768 4523 2215 4591 superesscntiale
2265 4524 2356 4577 ubi
2393 4522 2558 4576 semel
2610 4521 2849 4575 hominis
2898 4521 3187 4574 essentiam
3239 4538 3325 4576 as-

122 4578 220 4630 τῶν
265 4582 552 4651 αίσθητῶν,
584 4591 802 4657 πεινῶν,
832 4594 1020 4661 διψῶν,
1054 4599 1269 4665 ἐσθίων,
1320 4603 1523 4670 ὑπνῶν,
1582 4623 1665 4658 κο·

125 4671 269 4728 πιῶν.
292 4673 561 4742 δακρύων,
620 4682 890 4751 ἀγωνιῶν,
921 4688 1098 4740 καίτοι
1137 4690 1363 4762 δύναμις
1402 4693 1477 4747 ὢν
1530 4697 1663 4749 αὐθ-

1761 4613 2012 4681 sumpsit,
2044 4614 2205 4666 simul
2236 4630 2359 4669 cum
2388 4630 2451 4667 ea
2485 4613 2677 4667 habuit
2706 4623 2760 4666 et
2790 4618 2995 4666 motum
3028 4614 3203 4680 plene,
3229 4616 3320 4680 qui

1761 4702 1966 4757 homini
1998 4703 2253 4771 proprius
2275 4714 2378 4766 est,
2408 4704 2612 4772 quique
2635 4705 2753 4773 ejus
2776 4703 3067 4758 essentiam
3095 4719 3322 4772 genera-

126 4763 421 4850 νπὸστατος,
483 4769 578 4820 καὶ
624 4774 693 4827 τὰ
748 4775 906 4841 λοιπά
960 4780 1136 4833 πάντα
1165 4776 1246 4845 οἷς
1290 4785 1664 4856 αὐτουργικῶς

1768 4794 1885 4847 liter
1932 4793 2343 4855 characterizat,
2398 4795 2564 4861 inque
2601 4795 2668 4848 iis
2707 4796 2962 4849 omnibus
3005 4796 3325 4848 naturaliter

125 4850 281 4945 ψνχῆς
307 4854 460 4924 δίκην
491 4863 733 4927 φυσικῶς
757 4867 817 4918 τὸ
864 4870 1107 4939 συμφυὲς
1165 4871 1326 4941 σῶμα
1383 4850 1661 4945 κινοξὶσης,

125 4944 210 5013 τὴν
244 4945 680 5015 προσληφθεῖσαν
730 4957 891 5034 φάσιν
927 4961 1093 5014 κινῶν
1120 4962 1196 5026 ὡς
1236 4965 1403 5017 αὑτοῦ
1446 4968 1540 5018 καὶ
1570 4944 1663 5035 γε·

126 5035 334 5127 vopiqu
376 5036 591 5107 ἀληθῶς
631 5045 724 5095 καὶ
769 5047 1171 5122 λεγομένην,ἢν
1203 5056 1407 5127 κυρίως
1458 5061 1657 5124 είπεῖν,

126 5126 268 5217 αὐτὸς
318 5126 443 5195 δίκα
490 5131 697 5198 τροπῆς
738 5136 1049 5212 τοῦθ’ὃπερ
1104 5126 1219 5197 ἐστὶ
1259 5151 1663 5217 πραγματικῶς

124 5216 153 5284 ἡ
174 5218 323 5311 φύσις
342 5219 629 5311 γενόμενος
658 5222 1015 5295 ἀφαντάστως
1038 5235 1082 5267 ⁸⁸
1102 5235 1200 5305 τὴν
1224 5237 1370 5309 ὕπερ
1408 5216 1562 5311 ημῶν
1587 5244 1661 5294 οἰ-

126 5310 361 5379 κονομίαν
386 5308 766 5380 πεπλήρωκεν.
802 5319 915 5374 Οὐκ
950 5323 1156 5377 ἀνεῖλεν
1184 5322 1276 5379 οὖν
1319 5329 1415 5397 τὴν
1463 5348 1660 5383 συστα-

1760 4883 2105 4951 specilieatur
2142 4882 2194 4934 in
2227 4883 2425 4950 quibus
2460 4892 2520 4937 ut
2554 4884 2717 4937 homo
2750 4886 3112 4954 operabatur;
3146 4900 3321 4952 quau-

1758 4972 2049 5041 doquidem
2089 4988 2217 5026 vere
2245 4974 2417 5027 factus
2444 4982 2527 5028 est
2555 4975 2740 5040 homo,
2775 4976 3096 5045 respirabat,
3130 4974 3319 5041 loque-

1759 5066 1939 5129 batur,
1968 5065 2297 5128 ambulabat,
2330 5082 2524 5121 manus
2548 5070 2821 5131 movebat,
2852 5067 3103 5122 sensibus
3131 5066 3322 5119 uteba-

1759 5164 1848 5209 tur
1895 5163 2273 5223 congruentcr.
2305 5155 2374 5209 ad
2439 5172 2527 5210 res
2574 5158 2861 5211 sensibiles
2906 5156 3315 5225 percipiendas,

1757 5243 2053 5307 esuriehat,
2093 5243 2334 5306 sitiebat,
2359 5245 2579 5309 edebat,
2616 5244 2937 5306 dormiebat,
2969 5244 3314 5313 fatigabatur,

1756 5332 2174 5402 lacrymabatur,
2207 5333 2651 5387 contristabatur.
2686 5335 2943 5409 Quamvis
2972 5334 3188 5388 interim
3228 5351 3313 5389 es-

1355 5464 1579 5520 V’ARUE
1619 5466 2016 5522 LECTIONES.

198 5538 577 5611 “_auvérrstpev
625 5541 711 5611 ed.
746 5544 861 5598 Gal.
944 5551 988 5580 ἰδ
1031 5570 1086 5604 τε
1126 5532 1212 5609 ed.
1250 5557 1365 5611 Gal.

129 5604 166 5636 "
206 5606 289 5661 τὸν
346 5623 453 5659 om.
506 5607 597 5660 ed.
642 5609 758 5665 Gal.
840 5617 924 5665 ¹¹¹ἐ

128 5671 268 5729 πει..
313 5678 358 5707 ’⁸
412 5678 771 5744 ἐπεπορεύετο
825 5684 912 5738 ed.
958 5671 1073 5744 Gal:

345 5695 368 5755 ἰ
412 5695 771 5755 επςπέρξυετο
825 5695 912 5738 ett.
958 5695 1073 5744 Gal.
1154 5695 1198 5723 9‘
1241 5697 1329 5748 ἐπὶ
1350 5697 1435 5751 ed.
1471 5698 1586 5753 Gal.

128 5744 406 5807 τασιαστῶς
432 5743 519 5797 ed.
552 5744 666 5801 Gal.

1453 5560 1497 5589 ⁸⁷
1519 5562 1627 5616 ὅσω
1656 5563 1742 5616 ed.
1778 5562 1893 5615 Gal.

913 5619 924 5629 .
1032 5580 1086 5604 τε
1126 5580 1212 5609 cu.
1250 5580 1365 5611 um.
1453 5580 1491 5589 η’
1519 5580 1627 5630 οσῳ
1656 5580 1742 5616 eu.
1778 5580 1893 5615 hat.
1977 5580 2020 5591 ηπ
2049 5580 2201 5613 ουοεν
2233 5580 2277 5628 ῳ
2301 5580 2387 5617 eu.
2436 5580 2551 5617 bat.
2598 5580 2642 5595 α’
2689 5580 3001 5632 περιουσιας
3050 5580 3137 5616 cu.
3193 5580 3307 5623 bal.

908 5621 1255 5700 ενεηεργτει-ρίίἲ
1292 5626 1414 5700 (ἶειΙἶ
1482 5631 1526 5700 ξ’
1554 5631 1865 5700 ἀνθριῖιπινα
1891 5630 1977 5683 eti.
2001 5629 2126 5700 Cal,
2186 5632 2230 5665 9’
2261 5632 2487 5700 γειερῶν
2508 5632 2595 5685 ed.
2627 5632 2742 5685 Cal.
2796 5633 2839 5663 "'
2868 5633 3054 5684 οὐσίαν
3083 5650 3191 5686 om.
3222 5640 3307 5691 ed.

1678 5701 1815 5754 ³³⁷-ηδι“
1848 5700 2013 5767 αὐτῆς
2065 5699 2151 5753 ed.
2210 5701 2324 5755 Gal.
2386 5699 2448 5734 7"
2475 5702 2704 5771 ἐνείργει
2736 5702 2822 5756 ed.
2862 5702 2977 5755 Gul.

1977 5561 2201 5632 '[ot‘ari‘sv
2233 5555 2387 5628 (bed.
2436 5561 2551 5617 Gal.
2598 5563 2642 5595 ⁸⁸
2689 5567 3001 5632 περιουσίας
3050 5564 3137 5616 ml.
3193 5566 3311 5623 Cal.

3070 5703 3112 5733 "’
3140 5709 3311 5773 ἀφαν-
