3966 6340
492 5832 508 5839 Ὤ
564 5774 571 5783 ’
621 5753 712 5811 ed.
747 5752 862 5821 Gal.
895 5758 981 5819 μία
1008 5752 1337 5819 ἄνελλὲίπῶς
1368 5758 1452 5811 od.
1477 5758 1593 5811 Gal.
1672 5761 1707 5789 ”

601 427 731 497 Ubi

1741 436 1800 494 s.
1843 434 2124 495 MAXlMI
2164 404 2668 497 CONFESSORIS

3679 437 3811 507 1052

596 538 685 603 set
714 548 959 617 potentia
994 564 1089 617 pe;
1115 563 1173 602 sc
1204 548 1525 610 subsistens,
1561 558 1615 602 et
1640 564 1703 603 ea
1732 551 1784 603 in
1816 566 1873 603 se
1907 550 2158 604 contine—

2268 550 2416 619 τικὴν
2438 550 2537 620 τῆς
2566 551 2581 580 ⁸
2615 546 3048 620 προσληφθείσης
3076 546 3263 611 οὐσίας
3292 548 3597 618 ἐνέργειαν,
3627 549 3805 623 ὥσπερ

598 646 682 691 ret
710 638 894 690 omnia
928 654 1026 705 per
1059 653 1179 706 qua:
1225 638 1386 692 modo
1419 639 1719 701 liberrimo,
1751 656 1858 693 non
1903 655 2060 695 secus
2090 655 2156 694 ac

598 729 781 781 anima
808 744 1007 797 corpus
1040 729 1141 782 sibi
1186 729 1443 782 aduatum
1480 731 1802 784 naturaliter
1831 741 2031 793 movet,
2070 747 2158 785 as-

599 828 868 893 sumptam
901 828 1145 872 naturam
1178 820 1406 889 agitans,
1437 829 1497 873 ut
1521 836 1674 883 suam
1704 830 1759 873 et
1793 837 1921 875 vere
1960 821 2157 876 factam

599 914 656 962 et
686 910 1056 974 veredietam,
1090 910 1199 971 vel,
1247 917 1306 963 ut
1349 911 1569 979 proprie
1621 911 1832 979 loquar,
1879 911 1993 979 ipse
2042 912 2159 965 sine

550 1034 555 1035 ν
600 1002 896 1056 mutatione
924 1002 977 1056 id
1007 1002 1184 1070 ipsum
1228 1002 1403 1070 rcipsa
1430 988 1611 1055 ’factus
1665 1011 1750 1054 est
1794 1001 1939 1070 quod
1964 992 2159 1055 natura

547 1098 558 1113 ‘
599 1101 716 1145 erat
746 1107 846 1160 pro
870 1092 1028 1146 nobis
1054 1092 1538 1160 dispensationem,
1566 1108 1672 1145 non
1699 1101 1875 1146 tamen
1907 1093 1960 1145 in
1992 1093 2160 1162 phan-

601 1168 851 1241 tasmate,
887 1179 1222 1248 adimplevit.
1259 1181 1373 1233 Non
1408 1180 1573 1249 igitur
1609 1181 1845 1249 abolevit
1884 1182 2159 1249 operatio—

603 1284 745 1333 nem,
774 1286 894 1338 qua:
933 1281 1049 1325 erat
1078 1272 1429 1325 constitutiva
1461 1272 1599 1325 ratio
1642 1280 1932 1339 assumpta:
1970 1287 2161 1325 essen-

604 1361 709 1423 tire,
755 1361 1212 1429 quemadmodum
1239 1378 1337 1414 nec
1380 1362 1550 1430 ipsam
1585 1361 1909 1414 sententiam
1944 1363 2164 1415 sustulit

605 1442 857 1518 magister
903 1464 1027 1502 cum
1073 1450 1317 1509 diceret:
1354 1469 1372 1501 ι
1412 1450 1588 1519 Super
1628 1450 1982 1505 substantiam
2029 1453 2163 1506 sub-

604 1538 895 1610 stantiatus
931 1548 1049 1603 est,
1087 1548 1143 1591 et
1192 1554 1353 1608 supra
1378 1540 1769 1594 'conditionem
1817 1542 2055 1597 hominis
2097 1558 2159 1597 ea

557 1612 562 1617 ’
604 1642 727 1693 qua:
770 1627 1006 1681 hominis
1040 1637 1168 1683 sunt
1198 1630 1547 1699 operabatur,
1587 1650 1605 1681 ι
1643 1632 1737 1685 sed
1782 1634 2036 1702 utrinque
2071 1650 2163 1688 os-

606 1715 781 1777 tendit
807 1717 1093 1793 quamgam
1126 1719 1411 1773 modorum
1435 1719 1751 1785 novitatem,
1778 1723 1942 1776 salvis
1971 1723 2162 1776 iisdem

605 1807 909 1861 rationibus
937 1810 1307 1875 naturalibus,
1344 1813 1545 1880 quibus
1584 1813 1781 1867 ablatis
1822 1814 1959 1868 nihil
1989 1824 2073 1869 cst
2105 1814 2161 1869 id

604 1897 750 1964 quod
778 1910 898 1951 esse
926 1910 1113 1953 natum
1148 1910 1283 1954 erat.
1315 1901 1371 1955 Si
1404 1919 1537 1956 vero
1575 1881 1873 1957 dix’erimus
1901 1906 2045 1973 quod
2076 1921 2164 1958 as-
2196 1878 2237 1932 Β

516 2049 526 2057 _
605 1994 832 2056 sumptae
877 1988 1192 2043 substantia:
1238 1991 1563 2058 positionem
1610 1992 1848 2061 itemque
1890 1996 2166 2062 Operatio-

606 2074 693 2127 nis
724 2090 842 2128 eam
892 2078 1277 2133 constituentis
1323 2079 1650 2134 ablationem
1682 2084 1957 2137 contineat
2005 2084 2059 2137 in
2107 2099 2166 2138 se

605 2164 1019 2231 supereminens
1042 2168 1277 2235 negatio,
1296 2183 1401 2236 qua
1427 2170 1641 2221 tandem
1667 2170 1874 2225 ratione
1894 2173 2161 2238 eamdem,

606 2253 826 2321 utrique
859 2256 1141 2322 mqualiter
1178 2256 1517 2321 attributam,
1553 2261 1710 2313 istius
1742 2272 1986 2331 respectu
2020 2266 2162 2319 exsi-

604 2345 877 2408 stentiam,
908 2345 1072 2415 hujus
1108 2363 1239 2422 vero
1272 2348 1632 2403 sublationem
1661 2350 1943 2420 designare
1978 2367 2163 2409 osten-

602 2434 833 2487 demus?
876 2435 929 2489 Si
964 2452 1173 2499 rursus,
1206 2439 1533 2507 quandoque
1562 2456 1668 2493 non
1709 2452 1791 2494 est
1824 2459 1921 2510 per
1948 2460 2006 2497 se
2047 2461 2167 2499 mo-

603 2523 729 2576 bilis
768 2537 1045 2593 assumpta
1088 2537 1304 2591 natura,
1337 2529 1431 2583 sed
1466 2539 1716 2583 movetur
1758 2547 1788 2583 a
1826 2532 2027 2586 deitate
2062 2535 2167 2588 sibi

603 2628 702 2681 per
726 2613 1041 2683 hypostasin
1077 2632 1203 2671 vere
1238 2618 1412 2680 unita,
1444 2627 1650 2672 motum
1678 2620 1769 2687 qui
1806 2638 1923 2674 eam
1963 2626 2167 2679 consti-

605 2706 710 2761 tuit
740 2707 1059 2772 auferimus,
1090 2725 1194 2764 nec
1226 2711 1395 2779 ipsam
1424 2711 1802 2778 substantiam,
1834 2715 1946 2771 sive
1978 2733 2168 2772 essen-

604 2799 756 2861 tiam,
788 2801 1319 2883 conservaverimus,
1369 2810 1429 2856 ut
1475 2819 1596 2871 qua:
1633 2820 1739 2859 non
1777 2806 1943 2883 fuerit
1986 2825 2082 2877 per
2111 2825 2169 2864 se

604 2888 930 2955 subsistens,
964 2891 1059 2945 sed
1109 2892 1164 2945 in
1207 2871 1385 2947 Verbo
1428 2893 1540 2951 Deo
1582 2882 1708 2961 vere
1732 2896 1781 2949 ei
1808 2874 2170 2953 consubstan-

608 2978 742 3037 tiato
791 2994 950 3032 suum
992 2996 1112 3034 esse
1158 2983 1425 3047 obtineat,
1462 2985 1588 3052 quia
1638 3000 1737 3053 par
1782 2995 1867 3040 est
1913 2990 2171 3057 utrinque

564 3099 568 3102 ~
606 3068 748 3120 ratio
778 3068 862 3142 ad.
893 3070 1308 3137 postulandum,
1353 3074 1518 3126 etiam
1565 3084 1789 3151 motum‘
1822 3082 1945 3129 cuin
1979 3085 2170 3133 natura

2256 640 2363 693 οὐδ’
2388 639 2556 708 αὐτὴν
2582 640 2682 708 τὴν
2716 638 2903 691 οὐσίαν
2926 641 2954 691 ὁ
2980 637 3317 701 διδάσκαλος,
3352 640 3543 691 είτιών·
3572 658 3593 691 ι
3640 641 3808 713 ’Υπὲρ

2257 730 2442 782 οὐσίαν
2472 730 2492 759 θ
2521 728 2781 798 οὖσιώθη.
2812 728 2909 781 καὶ
2946 728 3087 797 ὑπὲρ
3123 728 3409 798 ἄνθρωπον
3438 731 3660 801 ἐνήργει
3696 733 3721 764 ³
3744 734 3809 786 τὸ

2257 810 2542 889 ἀνθρώπου
2569 836 2583 849 ’
2627 837 2646 871 ι
2675 819 2788 871 ἀλλ’
2816 818 3016 885 ἔδειξεν
3042 818 3133 871 ἐπ’
3162 820 3366 889 ἀμφοῖν
3393 822 3493 888 τὴν
3520 823 3813 893 καινότητα

2256 910 2361 962 τῶν
2379 910 2596 979 τρόπων
2627 913 2682 962 ἐν
2704 912 2769 980 τῇ
2796 909 3119 979 μονιμότητι
3149 910 3262 962 τῶν
3290 913 3539 979 φυσικῶν
3564 912 3813 984 σωζομέ-

2264 1016 2359 1066 νην
2388 998 2578 1066 λόγων.
2623 993 2697 1051 ὧν
2726 999 2893 1070 χωρὶς
2937 999 3088 1053 οὐδὲν
3132 999 3239 1053 τῶν
3282 1000 3453 1054 ὄντων
3489 1003 3639 1057 ἐστὶν
3676 1004 3818 1075 ὕπερ

2258 1091 2420 1143 ἐστίν.
2451 1092 2509 1142 El
2541 1091 2597 1143 δὲ
2617 1091 2825 1159 φῶμεν,
2860 1090 2936 1153 ὡς
2966 1091 3065 1160 τῆς
3098 1092 3196 1161 μὲν
3233 1092 3679 1163 προσληφθείσης
3731 1096 3821 1147 οὐ·

2238 1181 2377 1242 ’σίας
2407 1180 2572 1243 θέσις,
2596 1181 2697 1248 τῆς
2720 1182 2774 1233 δὲ
2798 1183 3125 1253 συστατικῆς
3154 1183 3322 1264 αθτῆς
3350 1185 3635 1254 ἐνεργείας
3655 1188 3821 1254 ἀφαί-

2264 1288 2429 1341 ρεσις,
2460 1273 2493 1340 ή
2532 1272 2652 1324 καθ’
2686 1271 2708 1303 ⁸
2728 1272 2999 1343 ὑπεροχήν
3021 1275 3170 1326 ἐστιν
3193 1274 3497 1344 ἀπόφασις,
3524 1277 3631 1329 τίνι
3656 1277 3802 1347 λόγῳ

2259 1362 2355 1432 τὴν
2382 1362 2547 1432 αὐτὴν
2574 1362 2660 1414 ἐπ’
2697 1363 2897 1430 ἀμφοῖν
2929 1364 3059 1426 ἴσως
3088 1364 3358 1429 τεθεῖσαν,
3383 1367 3487 1436 τῆς
3524 1368 3619 1437 μὲν
3636 1368 3803 1439 ὓπαρ-

2262 1450 2364 1515 ξιν,
2392 1453 2489 1519 τῆς
2520 1450 2576 1518 δὲ
2598 1451 2816 1512 πάντως
2843 1452 3123 1521 ἀναίρεσιν
3138 1454 3517 1522 σημαίνουω
3548 1455 3797 1524 δείξομενς

2264 1540 2334 1591 ’Ἡ
2364 1536 2522 1590 πάλιν
2552 1538 2783 1608 ἐπείπερ
2806 1539 2907 1592 οὐκ
2938 1540 3291 1610 αὐτοκίνητος
3326 1543 3360 1609 ἡ
3408 1540 3802 1612 προσληφθεῖσα

2263 1628 2421 1697 φύσις
2448 1629 2613 1691 ἐστὶν,
2646 1630 2749 1682 ὑπὸ
2780 1629 2881 1699 τῆς
2911 1629 3193 1701 ήνωμένης
3214 1630 3396 1701 (ιιι
3422 1634 3477 1699 a)
3508 1632 3649 1702 αὐτῇ
3695 1632 3811 1686 καθ’

2265 1714 2555 1768 ὑπόστασιν
2581 1715 2795 1785 ἀληθῶς
2822 1717 3113 1789 κινουμένῃ
3132 1719 3153 1750 ⁵
3183 1718 3451 1788 θεότητος,
3475 1720 3570 1772 καὶ
3599 1721 3704 1788 τὴν
3728 1738 3819 1771 συ-

2267 1805 2524 1873 στατικὴν
2575 1804 2745 1874 αὐτῆς
2784 1806 3166 1876 ἀφαιρούμεθα
3209 1807 3440 1878 κίνησιν,
3470 1810 3592 1878 μηδ’
3648 1810 3823 1879 αὐτὴν

2264 1894 2363 1961 τὴν
2385 1894 2570 1947 οὐσίαν
2612 1896 3018 1966 ὁμολογήσομεν
3048 1897 3091 1962 ⁸,
3123 1897 3224 1951 οὐκ
3270 1898 3675 1953 αὐθυπόστατον
3702 1916 3823 1969 »φας

2264 1989 2465 2051 νείσαν,
2494 1986 2738 2041 τουτέστι
2767 1987 2892 2041 καθ’
2922 1988 3142 2058 ἑαυτὴν,
3168 1988 3285 2041 ἀλλ’
3317 1990 3377 2042 ἑν
3398 1988 3549 2059 αὐτῷ
3580 1988 3661 2059 τῷ
3681 1990 3824 2043 κατ’

2265 2077 2522 2147 ἀλήθειαν
2544 2062 2713 2149 αὐτὴν
2738 2080 3052 2132 οὐσιωθέντι
3078 2078 3197 2150 Θεῷ
3241 2079 3399 2149 Λόγῳ
3448 2079 3511 2132 τὸ
3553 2074 3694 2135 εῖναι
3734 2080 3826 2133 λα-

2267 2167 2486 2232 ϐοῦσαν,
2512 2168 2633 2238 ίσην
2649 2171 2735 2221 ἐπ’
2751 2170 2951 2239 ἀμφοῖν
2972 2170 3072 2238 τὴν
3100 2168 3278 2223 αἰτίαν
3305 2168 3521 2239 ἔχοντες
3545 2169 3647 2239 τῆς
3672 2186 3819 2239 παρ·

2266 2261 2551 2329 σιτήσεως,
2583 2260 2616 2331 ἦ
2644 2260 2664 2290 ⁷
2703 2260 2798 2312 καὶ
2830 2261 2930 2329 τὴν
2960 2261 3174 2331 κίνησιν
3220 2262 3287 2330 τῇ
3329 2261 3489 2327 φύσει
3529 2260 3820 2330 συνομολοη

2266 2352 2528 2421 γήσομεν,
2549 2345 2617 2419 ἧς
2636 2351 2805 2418 χωρὶς
2826 2350 2946 2402 οὐδὲ
2980 2349 3139 2417 φύσις
3167 2349 3306 2414 ἐστὶ,
3342 2349 3701 2415 γινώσκοντες
3745 2349 3819 2409 ὡς

2267 2440 2451 2508 ἔτερος
2476 2440 2573 2507 μὲν
2610 2421 2638 2491 ό
2667 2438 2758 2490 τοῦ
2787 2433 2925 2489 εἶναι
2947 2438 3099 2506 λόγος
3136 2439 3307 2502 ἐστὶν,
3343 2437 3531 2507 ἕτερος
3554 2438 3608 2489 δὲ
3654 2439 3684 2489 ό
3722 2437 3819 2489 τοῦ

2269 2528 2385 2590 πῶς
2407 2524 2543 2581 εἶναι
2575 2528 2796 2597 τρόπος,
2819 2529 2846 2580 ὁ
2873 2527 2973 2596 μὲν
2996 2525 3095 2596 τὴν
3125 2526 3311 2603 φύσιν,
3336 2528 3367 2579 6
3403 2526 3460 2578 δὲ
3490 2528 3588 2591 τὴν
3618 2528 3819 2579 οἰκονο-

2272 2621 2398 2691 μίαν
2431 2614 2935 2689 πιστούμενος.,⁷ον
2959 2622 2992 2688 ή
3017 2620 3230 2683 σύνοδος
3253 2620 3313 2673 τὸ
3353 2620 3497 2690 μέγα
3529 2620 3625 2688 τῆς
3654 2620 3820 2687 ὑπερ-

2270 2713 2439 2783 φυοῦς
2489 2712 2665 2784 Ἰησοῦ
2724 2713 3067 2781 φυσιολογίας
3128 2710 3475 2782 ποιησαμένη
3526 2712 3817 2782 μυστήριον

2271 2804 2582 2876 σωζομένην
2614 2805 2814 2869 ἔδειξεν
2839 2806 2897 2858 ἐν
2920 2804 3101 2874 ταυτῷ
3122 2805 3218 2875 τὴν
3245 2805 3513 2875 διαφορὰν
3537 2804 3647 2855 τῶν
3674 2805 3811 2869 ἔνερ-

2268 2896 2432 2960 γειῶν
2474 2896 2568 2948 καὶ
2596 2897 2693 2965 τὴν
2740 2880 3107 2965 ἓνωσιν,τὴν⁷
3133 2895 3229 2964 μιν
3273 2894 3595 2963 ἀδιαιρέτως
3636 2896 3693 2944 ὲν
3734 2892 3806 2958 τῷ

2272 2985 2480 3055 φυσικῷ
2535 2984 2914 3055 θεωρουμένην
2963 2984 3109 3053 λόγῳ
3144 2984 3250 3036 τῶν
3292 2981 3614 3052 ήνωμένων,
3647 2982 3739 3051 τὴν
3762 2981 3841 3055 δὲ’

2271 3070 2587 3145 ἀσυγχὺτως
2637 3077 2695 3128 ὲν
2740 3076 2817 3145 τῷ
2856 3073 3135 3145 μοναδικῷ
3177 3072 3584 3141 γνωριζομένην
3636 3071 3819 3141 τρόπῳ

607 3157 985 3223 conliteamur,
1019 3160 1136 3215 sine
1177 3177 1284 3229 qua
1331 3178 1400 3216 ne
1434 3172 1579 3217 stare
1613 3164 1834 3233 quidem
1865 3174 2044 3235 potest
2071 3184 2170 3223 na-

2271 3168 2378 3220 τῶν
2406 3167 2724 3236 γινομένων.
2764 3168 2829 3219 Τί
2859 3166 2967 3235 γὰρ
2997 3166 3089 3219 καὶ
3115 3164 3219 3229 τίς,
3246 3162 3351 3217 ποῦ
3380 3180 3437 3215 τε
3459 3166 3546 3215 καὶ
3572 3164 3693 3227 πῶς
3724 3164 3819 3231 φό-

610 3260 752 3314 tura,
786 3252 918 3305 illud
957 3261 1224 3318 tenentes,
1262 3254 1410 3323 quod
1454 3256 1560 3309 alia
1605 3256 1676 3312 sit
1702 3259 1919 3313 essendi
1961 3260 2172 3330 simpli-

605 3343 764 3405 citer,
796 3341 900 3397 alia
929 3352 1109 3397 autem
1138 3345 1241 3399 hoc
1277 3347 1442 3400 modo
1484 3348 1704 3402 essendi
1750 3351 1912 3413 ratio,
1944 3338 2173 3419 quarum

608 3431 686 3484 illi
724 3440 937 3495 natura,
976 3432 1104 3485 huic
1132 3434 1467 3502 dispensatio
1506 3436 1777 3489 innititur.
1802 3438 2001 3490 Harum
2040 3454 2173 3493 con-

610 3535 802 3573 cursus
832 3536 1086 3590 magnum
1121 3523 1256 3576 illud
1282 3523 1412 3578 Jesu
1444 3526 1875 3593 supematuralis
1897 3528 2177 3599 physiolo-

609 3610 710 3680 gia:
734 3612 1051 3681 mysterium
1085 3613 1376 3681 perﬁciens
1410 3616 1466 3670 in
1507 3632 1574 3671 eo
1597 3600 2175 3675 ostenditconservari

496 3743 506 3759 ε
609 3703 987 3771 operationum
1010 3703 1416 3761 distinctionem
1442 3708 1603 3763 simul
1624 3718 1679 3763 et
1699 3709 2021 3775 unitionem,
2044 3711 2174 3765 dum

610 3792 725 3848 hinc
766 3794 1013 3847 cernitur
1056 3786 1332 3850 indivisim
1387 3799 1443 3851 in
1494 3798 1727 3852 naturali
1771 3800 2047 3853 unitorum
2085 3817 2175 3853 ra-

611 3884 781 3944 tione,
819 3885 911 3939 illa
942 3901 1074 3939 vero
1106 3887 1432 3940 inconfusim
1461 3887 1801 3956 dignoscitur
1845 3887 1901 3939 in
1942 3886 2176 3955 simplici

498 4004 516 4023 .
610 3973 987 4040 operationum
1020 3974 1203 4031 modo.
1247 3975 1377 4039 Quae
1416 3976 1560 4027 enim
1595 3983 1688 4028 aut
1721 3976 1916 4043 qualis,
1945 3978 2039 4031 ubi
2083 3985 2177 4031 aut

611 4062 886 4129 quomodo
916 4071 1110 4117 natura
1133 4064 1243 4117 erit
1282 4064 1633 4118 constitutiva
1662 4064 1874 4131 privata
1899 4066 2177 4134 potentia?

612 4154 744 4207 Nam
772 4155 918 4222 quod
957 4155 1182 4209 omnino
1216 4155 1420 4210 nullam
1460 4154 1627 4209 habet
1656 4156 1972 4223 potentiam,
1998 4172 2175 4227 neque

614 4248 788 4317 ipsum
822 4259 924 4313 est,
951 4267 1127 4320 neque
1169 4251 1342 4320 ipsius
1373 4250 1481 4303 ulla
1512 4250 1735 4304 omnino
1758 4260 1842 4306 est
1871 4253 2089 4322 positio,
2114 4262 2177 4310 ut

614 4340 690 4393 ait
720 4340 866 4392 alibi
898 4356 1123 4409 magnus
1163 4341 1253 4395 hic
1299 4341 1575 4409 magister.
1625 4341 1743 4396 Jam
1784 4343 1831 4395 si
1871 4345 1986 4398 haec
2026 4346 2175 4399 nullo

616 4427 777 4480 modo
802 4427 916 4481 ﬁeri
949 4428 1180 4495 possint,
1215 4437 1431 4496 oportet
1456 4430 1547 4495 pie
1570 4428 1819 4481 conﬁteri
1854 4445 1977 4482 cum
2013 4440 2175 4483 natu-

2277 3273 2360 3318 σις
2396 3256 2545 3307 ἔσται
2585 3254 2915 3323 συπατικῆς
2954 3254 3157 3325 ἔρημος
3193 3256 3451 3326 γενομένη
3488 3251 3818 3320 δυνάμεωςς

2276 3346 2348 3397 Τὸ
2384 3346 2489 3415 γὰρ
2532 3345 2779 3411 εκαθόλου
2849 3345 2982 3415 μηδὲ
3056 3345 3187 3414 μίαν
3234 3344 3359 3415 ἔχον
3411 3345 3632 3415 δύναμιν
3699 3342 3819 3396 οὔτε

2276 3433 2419 3486 ἔστιν
2446 3435 2489 3500 ⁸,
2516 3424 2639 3486 οὔτε
2665 3433 2719 3485 τί
2744 3434 2889 3509 ἐστιν
2919 3434 2962 3497 ⁸,
2986 3430 3109 3484 οὔτε
3143 3432 3260 3485 ἔστι
3295 3450 3379 3497 τις
3422 3432 3587 3486 αὑτοῦ
3627 3445 3819 3484 mm-

2275 3524 2379 3587 λῶς
2433 3524 2601 3588 θέσις,
2640 3524 2806 3593 φησὶν
2845 3524 2872 3575 ό
2918 3522 3087 3584 πολὺς
3122 3516 3277 3586 οὗτος
3314 3523 3649 3583 διδάσκαλος.
3675 3520 3810 3571 Eia

2273 3614 2473 3669 τούτων
2496 3615 2650 3683 λόγος
2684 3615 2876 3677 οὐδεὶς,
2911 3612 3149 3677 εὐσεϐῶς
3180 3612 3563 3682 ὁμολογεῖσθαι
3590 3610 3692 3680 χρὴ
3716 3607 3814 3669 τάς

2273 3723 2330 3759 τε
2352 3704 2441 3758 τοῦ
2475 3705 2709 3775 Χριστοῦ
2732 3705 2923 3773 φύσεις
2954 3696 3029 3756 ὧν
3068 3702 3230 3765 αὐτὸς
3272 3703 3568 3763 ὑπόστασις
3610 3696 3698 3770 ἦν,
3726 3700 3822 3752 καὶ

2273 3797 2372 3857 τὰς
2416 3793 2581 3847 αὐτοῦ
2635 3794 2872 3861 φυσικὰς
2923 3790 3223 3862 ἐνεργείας,
3253 3783 3326 3842 ὧν
3362 3791 3521 3852 αὐτὸς
3540 3790 3731 3851 ἔνωσις
3755 3784 3823 3859 ἦν

2275 3885 2505 3953 ἀληθὴς,
2536 3885 2664 3942 κατι
2678 3883 2845 3953 ἄμφω
2868 3881 2967 3945 τὰς
2997 3882 3190 3951 φύσεις
3219 3897 3232 3910 ·
3263 3880 3421 3950 εῐπερ
3449 3874 3621 3949 ἑαυτῷ
3652 3896 3822 3950 προσ-

2276 3975 2448 4043 φυῶς,
2480 3974 2798 4042 μοναδικῶς,
2828 3974 2995 4044 ἤγουν
3033 3972 3300 4036 ἑνοειδῶς,
3337 3971 3589 4041 ἐνεργῶν,
3620 3972 3717 4023 καὶ
3734 3968 3820 4022 διὰ

2275 4064 2491 4119 πάντων
2535 4064 2853 4135 ἀχωρίστως
2901 4066 2967 4134 τῇ
3018 4063 3173 4134 θεῖκῇ
3200 4063 3428 4133 δυνάμει
3462 4059 3820 4128 συνεκφαίνων

2272 4157 2372 4227 τῆς
2419 4156 2627 4219 οἰκείας
2670 4156 2870 4225 σαρκὸς
2908 4156 3005 4227 τὴν
3054 4155 3355 4225 ἐνέργειαν.
3385 4153 3569 4222 (.112
3600 4151 3651 4218 ό)
3698 4147 3811 4207 Ιῦῖις

2273 4248 2381 4317 γὰρ
2418 4247 2571 4301 ἔσται
2602 4247 2760 4315 φύσει
2783 4247 2941 4311 Θεὸς,
2973 4246 3069 4299 καὶ
3094 4245 3256 4314 φύσει
3287 4242 3448 4295 πάλιν
3484 4241 3753 4311 ἄνθρωπος
3780 4238 3810 4288 ὁ

2274 4338 2453 4401 αὐτὸς,
2481 4337 2579 4389 οὐκ
2630 4336 2769 4404 ἔχων
2813 4334 3115 4397 ἀνελλιπῶς
3145 4335 3188 4366 ⁸⁸
3216 4333 3277 4386 τὸ
3309 4332 3469 4400 φύσει
3517 4331 3637 4384 κατ’
3660 4329 3819 4399 ἄμφω

2277 4429 2515 4493 πεφυκός
2550 4442 2565 4491 ;
2603 4427 2668 4477 Τί
2696 4443 2755 4477 τε
2786 4427 2881 4477 καὶ
2908 4426 2993 4488 τίς
3016 4425 3283 4495 ,ὑπάρχων
3318 4423 3706 4493 γνωσθήσεται,
3745 4419 3819 4490 μὴ

618 4533 703 4571 ras
728 4517 954 4582 Christi,
987 4532 1215 4586 quarum
1247 4518 1362 4585 ipse
1384 4518 1468 4598 'sit
1506 4517 1833 4585 hypostasis,
1864 4526 1976 4571 tum
2008 4520 2170 4574 etiam

2277 4517 2634 4585 πιστούμενος
2692 4511 2774 4579 οἷς
2823 4516 3065 4585 ἐνήργει·
3104 4515 3347 4583 φυσικῶς
3400 4517 3539 4585 ὅπερ
3596 4513 3705 4567 ἐστὶ
3745 4510 3820 4581 μὴ

614 4609 891 4666 naturales
915 4608 1280 4677 Operationes,
1314 4621 1543 4675 quarum
1570 4621 1695 4659 vera
1725 4606 1839 4674 ipse
1864 4617 1947 4661 est
1972 4609 2171 4672 unitio,

617 4699 914 4754 secundum
962 4707 1249 4767 utramque
1293 4705 1564 4753 naturam.
1609 4698 1653 4750 si
1700 4712 1887 4751 verum
1928 4699 2057 4753 illud
2106 4702 2177 4754 sit

615 4787 763 4853 quod
806 4788 908 4840 sibi
951 4788 1051 4855 ipsi
1095 4797 1478 4857 congruenter,
1510 4782 1845 4856 Simpliciter
1878 4797 1934 4842 et
1972 4791 2177 4844 unifor-

518 4882 520 4885 ’
618 4876 748 4928 mite
812 4878 1158 4947 operabatur,
1190 4894 1399 4947 perque
1445 4881 1627 4932 omnia
1659 4878 1817 4932 simul
1862 4864 1917 4932 et
1960 4880 2177 4949 insepa-

618 4891 865 5047 rabiliter
888 4969 1281 5044 demonstravit
1315 4985 1421 5023 una
1456 4985 1581 5023 cum
1622 4968 1805 5033 divina
1830 4954 2032 5024 virtute
2066 4987 2177 5027 sua:

618 4954 865 5044 rabiliter
888 4969 1281 5044 demonstravit
1315 4985 1421 5023 una
1456 4985 1581 5023 cum
1622 4968 1805 5033 divina
1830 4954 2032 5024 virtute
2066 4987 2177 5027 sua:
2208 4994 2214 4999 ~

524 5064 527 5067 '
617 5058 796 5113 carnis
832 5058 1225 5129 operationem.
1270 5057 1373 5123 Qui
1402 5059 1546 5113 enim
1588 5056 1910 5135 vereDeus,
1959 5068 2014 5112 ot
2048 5076 2175 5115 vere

620 5148 782 5202 homo
814 5160 934 5203 esse
964 5157 1165 5217 posset,
1192 5148 1236 5202 si
1265 5156 1479 5202 careret
1504 5164 1572 5202 eo
1597 5149 1741 5217 quod
1773 5159 2059 5220 utramque
2082 5168 2175 5205 na-

622 5247 794 5291 turam
822 5255 948 5293 vere
978 5239 1297 5295 constituit?
1323 5239 1493 5294 Porro
1518 5238 1671 5309 quid,
1704 5255 1907 5309 quaeso,
1936 5251 2030 5295 aut
2053 5242 2177 5311 quis

618 5342 737 5384 esse
783 5330 1313 5396 existimabitur,‘si
1365 5346 1463 5399 per
1508 5331 1784 5385 naturales
1832 5332 2176 5401 Operationes

2281 4607 2615 4678 τρεπόμενον
2644 4625 2659 4670 ;
2690 4607 2805 4670 πῶς
2849 4608 2905 4660 δὲ
2956 4607 3287 4661 πιστῶσεται
3313 4608 3357 4639 “
3385 4607 3506 4660 καθ’
3532 4606 3588 4659 ἓν
3630 4604 3739 4658 τῶν
3764 4602 3821 4668 ἐξ

2279 4692 2375 4761 ὧν,
2414 4701 2473 4751 ὲν
2510 4696 2591 4761 οἷς
2635 4715 2693 4751 τε
2733 4698 2828 4751 καὶ
2872 4697 3015 4769 ἅπερ
3049 4697 3200 4751 ἐστὶν
3226 4698 3499 4767 ἀκίνητος.
3522 4696 3686 4766 μένων
3730 4694 3822 4745 καὶ

2278 4790 2630 4860 ἀνενὲργητος
2659 4806 2674 4854 ;
2722 4788 2894 4860 ’Υπὲρ
2934 4788 3122 4841 οὐσίαν
3159 4782 3254 4841 οὖν
3281 4787 3541 4856 οὐσιῶθη,
3569 4785 3821 4853 γενέσεως

2278 4880 2448 4951 ἀρχὴν
2472 4881 2564 4931 καὶ
2586 4872 2890 4947 γεννήσεως
2912 4879 3101 4948 ἑτέραν
3124 4879 3192 4945 τῇ
3223 4875 3820 4946 φύσει-δημιουργήσας,

2281 4969 2607 5039 συλληφθεὶς
2643 4969 2744 5038 μὲν
2773 4970 2950 5038 σπορᾷ
2984 4970 3084 5038 τῆς
3125 4967 3334 5030 (³κείας
3378 4965 3595 5036 σαρκὸς,
3616 4962 3821 5031 τεχθεὶς

2278 5059 2334 5112 δὲ
2364 5058 2597 5128 σφραγὶς
2619 5058 2718 5126 τῆς
2745 5057 3043 5127 παρθενίας
3072 5057 3381 5130 έῇλτεκούσῃ
3403 5057 3707 5127 γενόμενος,
3734 5054 3823 5106 καὶ

2278 5149 2388 5201 τῶν
2446 5144 2691 5217 ἀμίκτων
2739 5148 2824 5199 ἐπ’
2857 5147 3025 5218 αὐτῆς
3065 5148 3110 5179 ¹⁹
3155 5148 3265 5218 τὴν
3317 5134 3599 5215 ἀντίφασιν
3646 5143 3824 5207 δείξας

2284 5236 2771 5305 συναληθεύοινσαν.
2802 5237 2868 5290 Ἡ
2888 5238 2997 5307 γὰρ
3019 5222 3157 5310 αὐτὴ
3184 5240 3277 5292 καὶ
3304 5238 3571 5308 παρθένος
3599 5234 3692 5287 καὶ
3724 5235 3849 5303 μήν

2238 5318 2239 5321 η
2280 5346 2406 5398 τηρ,
2437 5328 2829 5397 καινοτομοῦσα
2857 5330 2956 5399 τὴν
2991 5329 3149 5398 φύσιν
3198 5332 3264 5401 τῇ
3297 5330 3502 5398 συνόδῳ
3528 5326 3631 5381 τῶν
3679 5326 3827 5377 ἀντι·

1906 5489 2137 5543 νΑιιιλΕ
2177 5484 2578 5540 LECTIONES.

692 5617 709 5649 ¹
765 5619 861 5687 τὴν
904 5621 1024 5673 cod.
1065 5620 1204 5673 Gud.
1284 5622 1304 5651 ⁸
1334 5621 1663 5687 ὑπερουσίαν
1686 5621 1808 5673 cod.
1845 5621 1984 5675 Gud.

2074 5623 2093 5651 ³
2117 5595 2350 5688 ἐνείργει
2394 5620 2481 5673 ed.
2507 5620 2623 5675 Gal.
2706 5625 2723 5654 ⁸
2750 5626 2798 5676 τί
2830 5625 2949 5675 καθ’
2984 5624 3069 5677 Nl.
3117 5625 3235 5677 Cal.

3323 5626 3342 5654 '
3396 5624 3485 5677 καὶ
3542 5619 3816 5684 κινουμένη

620 5684 709 5756 ed.
758 5685 894 5756 βαι,
942 5690 961 5718 ⁸
992 5686 1401 5756 ὁμολογήσαιμεν
1419 5684 1505 5740 ed.
1536 5689 1651 5743 Gal.
1708 5691 1727 5719 ⁷
1761 5691 1792 5756 ἦ
1822 5707 1930 5743 0m.
1957 5692 2043 5743 Pd.
2075 5690 2190 5744 Gal.
2232 5684 2268 5717 "‘
2293 5689 2413 5740 οὔτε
2439 5689 2581 5741 ἔστιν
2610 5692 2953 5747 desideratur
2982 5693 3033 5745 in
3057 5694 3143 5746 ml.
3171 5694 3286 5749 Gal.
3366 5696 3387 5726 ’
3438 5691 3545 5744 οὔτ’
3572 5689 3650 5740 ἔτι
3682 5687 3821 5738 εστῗν

1741 5759 2073 5827 πιστώσηται
2106 5759 2192 5811 ed.
2230 5758 2373 5812 GLIL'
2434 5762 2476 5789 "
2508 5760 2684 5825 αὐτοῖς
2706 5763 2791 5817 ed.
2826 5762 2940 5816 Cal.
