3966 6340
514 5795 519 5799 .
580 5738 710 5801 ἀπι.
800 5748 843 5775 ⁸⁷

563 419 698 485 1055

1716 418 1776 477 S.
1818 413 2099 476 MAXIMI
2137 363 2278 471 (1οΝ
2284 408 2638 471 FESSORIS

3646 403 3787 469 1056

561 537 646 589 cui
683 550 783 588 nos
815 534 1156 604 subjicimur.
1190 509 1209 583 ὶ
1241 533 1357 588 Non
1391 532 1535 602 quod
1572 547 1680 586 non
1716 541 1868 585 esset
1886 529 2069 592 homo,
2104 546 2122 579 ι

2239 541 2353 593 τητι
2380 523 2597 593 τρόπων
2619 560 2633 583 ,
2669 520 2805 589 ὅπερ
2837 517 2935 588 οὐχ
2964 518 3145 588 ἡμεῖς,
3178 516 3277 587 τὴν
3317 516 3481 585 φύσιν
3520 517 3788 587 περιγρά-

562 626 821 693 quoniam
873 627 1174 679 secundum
1228 634 1394 679 totam
1441 624 1736 679 essentiam
1783 637 1911 677 vere
1960 622 2125 675 homo

562 725 709 776 erat,
750 716 922 783 iisque
964 717 1217 771 omnibus
1256 716 1525 770 obnoxius
1561 729 1682 784 qua:
1727 721 1979 766 naturam
2026 726 2125 764 no-

566 811 734 855 stram
775 806 1136 871 comitantur;
1177 824 1196 856 ‹
1239 806 1514 874 sedquod
1550 814 1712 858 natus
1744 818 1897 857 more
1932 802 2126 855 huma-

564 907 658 955 no,
699 912 716 943 ι
766 894 1036 963 siquidem
1079 896 1322 965 ejusdem
1364 895 1651 948 nobiscum
1697 904 1814 948 erat
1854 892 2124 957 essentiae,

566 992 615 1035 et
660 983 818 1036 homo
860 999 964 1052 per
997 994 1270 1049 naturam,
1305 992 1402 1052 per
1437 1000 1599 1052 quam
1638 992 1694 1037 et
1729 998 1846 1036 nos.
1886 1001 1903 1032 ι
1955 982 2127 1050 Supra

568 1068 839 1132 homines,
874 1090 889 1119 1
932 1071 1093 1124 modo
1128 1086 1287 1135 novo,
1315 1072 1459 1140 quod
1492 1087 1592 1125 nos
1620 1087 1728 1125 non
1758 1071 2002 1135 facimus,
2037 1087 2131 1123 na-

569 1170 746 1214 turam
790 1162 1263 1217 circumscribens.
1316 1182 1334 1213 ι
1380 1163 1448 1217 Ει
1487 1178 1651 1232 supra
1682 1162 1961 1215 hominem
2004 1177 2128 1216 verc

570 1252 745 1305 factus
791 1254 972 1307 homo.
1027 1273 1044 1305 ι
1098 1254 1285 1307 Medos
1332 1256 1479 1308 enim
1531 1270 1697 1322 supra
1745 1264 2026 1314 naturam,
2075 1258 2131 1305 et

572 1343 812 1394 rationes
856 1342 1159 1395 secundum
1204 1349 1454 1395 naturam
1502 1342 1739 1395 invicem
1780 1343 1898 1395 sine
1939 1341 2129 1396 fraude

571 1433 886 1485 connexuit.
922 1432 1126 1485 Horum
1169 1447 1469 1486 concursus
1502 1447 1624 1486 cum
1662 1448 1759 1501 per
1789 1447 1846 1485 se
1878 1432 2130 1500 impossi-

570 1520 696 1573 bilis
729 1531 894 1584 esset,
922 1521 1033 1585 ille,
1068 1522 1156 1575 cui
1194 1521 1329 1576 nihil
1362 1532 1446 1576 est
1475 1521 1829 1591 impossibile,
1858 1536 1954 1576 eos
1985 1522 2039 1576 in
2073 1538 2131 1577 se

570 1625 698 1663 vere
750 1611 962 1674 univit,
1010 1622 1259 1666 neutram
1308 1610 1365 1665 in
1416 1622 1624 1681 partem
1672 1612 1894 1667 omnino
1940 1628 2132 1667 eorum

569 1715 804 1769 quorum
843 1710 958 1753 erat
995 1701 1306 1776 hypostasis
1342 1702 1412 1755 ab
1450 1703 1713 1756 alterutro
1758 1702 1813 1756 in
1856 1704 2134 1771 Operando

570 1789 882 1852 declinans,
915 1790 1022 1843 imo
1056 1790 1236 1859 potius
1270 1806 1368 1859 per
1400 1790 1725 1845 alterutrum
1765 1792 2129 1857 conﬁrmans;

571 1878 836 1947 siquidem
872 1889 1163 1950 utrumque
1195 1896 1324 1936 vere
1356 1892 1460 1945 est,
1492 1891 1548 1936 et
1574 1891 1633 1935 ut
1661 1883 1804 1935 Deus
1834 1897 1987 1935 suam
2019 1882 2133 1951 ipse

572 1981 751 2023 movet
788 1971 1201 2037 humanitatem,
1232 1984 1503 2042 quatenus
1544 1982 1725 2026 autem
1767 1973 1949 2037 homo,
1981 1989 2133 2028 suam

571 2060 829 2123 declarat'
856 2063 1135 2117 deitatem.
1180 2064 1240 2116 In
1284 2072 1479 2117 natura
1520 2064 1735 2127 divina,
1775 2065 1817 2117 si
1863 2065 1941 2118 sic
1983 2065 2132 2134 loqui

572 2150 752 2214 Iit-eat,
790 2167 982 2219 passus
1025 2162 1139 2213 est,
1178 2169 1301 2205 nam
1346 2154 1654 2208 voluntarie
1700 2170 1892 2223 passus
1933 2165 2045 2220 est,
2078 2166 2135 2212 et

572 2257 757 2294 merus
786 2242 949 2295 homo
980 2234 1089 2297 non
1121 2243 1251 2309 fuit;
1286 2244 1338 2298 in
1373 2254 1567 2298 natura
1603 2246 1838 2299 humana
1874 2247 2136 2304 miracula

572 2334 837 2400 patravit,
886 2350 1007 2387 nam
1060 2333 1113 2386 in
1162 2350 1324 2388 carne
1371 2336 1506 2398 fuit,
1550 2351 1653 2390 nec
1699 2337 1878 2391 nudus
1924 2340 2137 2394 exstitit

572 2420 736 2474 Deus.
771 2422 845 2475 Ita
878 2422 1097 2490 quidem
1130 2424 1406 2492 passiones
1437 2432 1592 2479 erant
1618 2424 1896 2480 mirabiles
1926 2434 1983 2479 et
2009 2429 2135 2481 novi

571 2514 805 2579 generis,
833 2525 1051 2581 propter
1079 2516 1380 2583 potentiam
1409 2516 1649 2569 divinam
1676 2526 1881 2571 naturae
1904 2519 2022 2587 ejus
2042 2520 2136 2587 qui

574 2616 767 2669 passus
800 2611 901 2663 est,
928 2612 983 2654 et
1015 2604 1274 2669 miracula
1309 2612 1467 2657 erant
1501 2605 1644 2658 inter.
1676 2607 1978 2673 passiones,
2003 2624 2139 2677 quo-

482 2763 491 2772 _
573 2691 719 2743 niam
754 2700 961 2759 patrata
992 2702 1148 2746 erant
1173 2694 1227 2746 in
1255 2695 1498 2763 passibili
1526 2697 1767 2764 potentia
1798 2699 1996 2765 carnis,
2019 2702 2139 2770 ejus

573 2778 668 2844 qui
717 2794 777 2831 ea
822 2778 1048 2833 miriﬁce
1094 2781 1392 2835 secundum
1438 2791 1689 2838 naturam
1733 2798 1993 2855 operatus
2031 2798 2135 2843 est.

575 2866 731 2933 Quod
770 2870 1041 2924 intellexit
1068 2872 1324 2941 magister
1352 2889 1474 2927 cum
1509 2875 1715 2930 diceret
1748 2896 1761 2929 :
1806 2897 1823 2928 ι
1860 2880 2138 2935 Postremo

575 2971 683 3008 non
716 2972 819 3023 qua
848 2958 986 3011 Deus
1015 2959 1197 3012 divina
1227 2961 1413 3029 gessit.
1443 2980 1460 3010 1
1496 2961 1615 3015 Non
1650 2969 1859 3015 tantum
1890 2974 1947 3016 ut
1972 2967 2136 3029 Deus,

575 3054 631 3098 et
661 3062 905 3099 seorsum
941 3064 969 3099 a
1008 3064 1203 3112 carne,
1238 3062 1413 3117 neque
1448 3051 1600 3131 enim
1636 3044 1841 3105 tantum
1880 3042 2134 3124 superes-

2226 631 2360 681 φων.
2399 631 2417 663 ι
2458 613 2565 665 Καὶ
2592 611 2731 678 ὑπὲρ
2757 610 3040 678 ἄνθρωπον
3069 606 3281 676 ἀληθῶς
3311 606 3596 675 ἄνθρωπος
3624 622 3789 672 γεγο-

2227 700 2352 766 νὼς,
2389 720 2406 750 1
2441 700 2565 761 τοὺς
2596 701 2733 767 ὑπὲρ
2762 697 2920 765 φύσιν
2948 696 3177 765 τρόπους
3198 695 3436 757 καὶτοὺς
3461 695 3601 747 κατά
3623 694 3791 762 φύσιν

2227 792 2419 859 λόγους
2451 788 2789 860 ’άλυμάντως
2836 788 2974 857 ἔχων
3023 786 3270 856 ἀλλήλοις
3311 786 3353 817 ¹’
3385 788 3789 854 συνημμένους,

2229 875 2302 935 ὧν
2333 867 2611 951 ἀμήχανος
2645 883 2677 949 ἡ
2704 879 2974 949 σύμϐασις
3024 874 3112 949 ἦν,
3145 877 3303 939 αὐτὸς
3330 872 3375 944 ᾧ
3402 877 3587 945 ἔμηδέν
3636 881 3793 930 ἐστιν

2227 974 2508 1041 ἀμήχανον
2557 972 2761 1041 ἀληθὴς
2815 970 3106 1040 γενόμενος
3144 968 3339 1030 ἒνωσις
3387 968 3667 1037 μηδετέρῳ
3731 970 3796 1021 τὸ

2230 1064 2492 1132 παράπαν
2538 1057 2612 1115 ὧν
2647 1063 2944 1123 ὑπόστασις
2987 1056 3054 1129 ἦν
3103 1060 3333 1130 θατέρου
3369 1059 3794 1129 κεχωρισμένως

2230 1150 2489 1222 ἐνεργῶν,
2524 1153 2591 1205 δι’
2625 1152 2888 1223 ἐκατέρου
2921 1151 2976 1203 δὲ
3013 1150 3210 1220 μᾶλλον
3243 1148 3612 1217 πιστούμενος.
3632 1150 3795 1203 θάτε-

2235 1262 2352 1316 ρον·
2390 1246 2545 1315 εἴπερ
2578 1245 2741 1313 ἄμφω
2762 1244 2884 1297 κατ’
2917 1244 3173 1314 ἀλήθειαν
3200 1241 3273 1294 ὢν
3311 1242 3386 1303 ὡς
3414 1241 3514 1310 μὲν
3535 1242 3661 1303 Θεδς
3681 1241 3788 1309 τῆς

2234 1335 2370 1397 ἰδίας
2415 1330 2483 1404 ἦν
2525 1334 2797 1403 κινητικὸς
2832 1331 3267 1400 άνθρωπότητος.
3303 1330 3377 1391 ὡς
3425 1328 3777 1396 άνθρωποςδὲ

2228 1427 2329 1494 τῆς
2395 1424 2600 1486 οἰκείας
2655 1422 2976 1491 ὲκφαντικὸς
3026 1422 3234 1491 ὑπῆρχε
3265 1419 3540 1487 θεότητος.
3583 1418 3773 1481 Θείκῶς

2234 1517 2352 1586 μὲν,
2387 1515 2453 1567 ἵν’
2479 1513 2649 1577 οὕτως
2682 1512 2840 1576 εἴπω,
2858 1514 2919 1565 τὸ
2943 1512 3169 1581 πάσχειν
3196 1508 3357 1581 ἔχων,
3386 1509 3631 1561 ἑκούσιον
3652 1508 3773 1577 γάρ,

2232 1608 2353 1659 ἐπεὶ
2382 1596 2457 1675 μῆ
2485 1605 2636 1673 ψιλὸς
2664 1604 2947 1675 ἄνθρωπος
2965 1600 3054 1672 ἦν.
3085 1599 3448 1670 ἀνθρωπικῶς
3480 1599 3537 1650 δὲ
3565 1599 3629 1650 τὸ
3659 1597 3783 1650 θαυ-

2236 1684 2583 1767 ματουργείν,
2601 1695 2688 1755 διά
2717 1694 2913 1764 σαρκὸς
2929 1692 3058 1763 γάρ,
3089 1691 3213 1744 ἐπεὶ
3243 1689 3321 1760 μὴ
3348 1687 3549 1757 γυμνὸς
3574 1688 3790 1758 ὑπῆρχε

2234 1793 2385 1855 Θεός.
2434 1794 2519 1855 Ὠς
2558 1788 2697 1845 εἶναι
2726 1791 2796 1845 τά
2852 1792 2951 1861 μὲν
3002 1790 3147 1855 πάθη
3191 1785 3477 1858 θαυμαστὰ
3519 1786 3587 1855 τῇ
3645 1778 3795 1835 κατὰ

2236 1883 2395 1951 φύσιν
2425 1883 2578 1953 θεῖκῇ
2618 1884 2844 1953 δυνάμει
2876 1882 2969 1935 τοῦ
2994 1881 3290 1951 πάσχοντος
3320 1877 3692 1945 καινιζόμενα,
3725 1870 3796 1923 τὰ

2234 1975 2291 2029 δὲ
2327 1974 2580 2044 θαύματα
2611 1974 2848 2043 παθητὰ,
2876 1976 2941 2043 τῇ
2980 1973 3119 2026 κατὰ
3150 1970 3310 2040 φύσιν
3353 1968 3446 2022 τοῦ
3489 1966 3627 2020 αὐτὰ
3658 1964 3798 2017 θαυ-

2239 2049 2668 2136 ματουργοῦντος
2723 2063 2995 2134 παθητικῇ
3051 2063 3279 2131 δυνάμει
3327 2056 3796 2129 συμπληρούμενα

2233 2158 2331 2227 τῆς
2362 2158 2583 2227 σαρκός.
2610 2157 2786 2226 Ὅπερ
2831 2154 2983 2217 εἰδὼς
3016 2156 3042 2206 ὁ
3073 2151 3388 2213 διδάσκαλός
3414 2164 3584 2218 φησι·
3621 2164 3640 2195 ι
3680 2143 3797 2197 Καὶ

2233 2251 2293 2301 τὸ
2323 2249 2505 2301 λοιπὸν
2530 2248 2589 2299 οὐ
2620 2249 2758 2299 κατὰ
2784 2247 2913 2299 Θεὸν
2935 2246 3000 2297 τὰ
3027 2245 3143 2296 θεῖα
3164 2242 3385 2312 δράσας,
3419 2259 3437 2290 ι
3463 2241 3545 2292 ὅτι
3578 2237 3657 2306 μὴ
3688 2235 3793 2304 μό·

2234 2356 2325 2390 νον
2349 2337 2545 2400 θεῖκῶς
2579 2338 2955 2406 κεχωρισμένα
2987 2334 3207 2403 σαρκὸς,
3231 2331 3291 2385 οὐ
3326 2331 3435 2399 γάρ
3467 2325 3795 2396 ὑπεροὺσιος

2240 2427 2417 2497 μόνον,
2455 2425 2578 2479 οὔτε
2615 2425 2683 2476 τά
2731 2422 3039 2490 ἀνθρώπινα
3078 2419 3217 2473 κατὰ
3255 2418 3560 2487 ἄνθρωπον,
3594 2415 3679 2467 ὅτι
3714 2413 3796 2483 μὴ

2241 2516 2398 2585 μόνον
2430 2516 2703 2585 σαρκικῶς
2735 2513 3111 2582 κεχωρισμένα
3154 2511 3423 2577 θεότητος,
3461 2509 3522 2561 οὐ
3552 2506 3660 2577 γὰρ
3693 2506 3798 2559 ἇν-

2238 2608 2453 2678 θρωπος
2502 2608 2679 2676 μόνον,
2719 2605 2898 2676 (114
2936 2605 2990 2673 a)
3030 2622 3047 2653 ι
3101 2602 3211 2655 ἀλλ’
3256 2599 3624 2667 ἀνδρωθέντος
3652 2595 3793 2649 Θεοῦ

2237 2698 2431 2766 καινὴν
2461 2715 2581 2750 τινα
2613 2699 2712 2766 τὴν
2757 2716 2773 2746 ι
2810 2694 3129 2766 θεανδρικὴν
3163 2712 3181 2745 ι
3216 2692 3497 2762 ἐνέργειαν
3530 2692 3661 2759 ἡμῖν
3695 2704 3795 2739 πε-

2238 2790 2642 2858 πολιτευμένος.
2682 2808 2699 2838 ι
2746 2790 2851 2841 Καὶ
2884 2787 2992 2856 γὰρ
3036 2784 3333 2855 προσλήψει
3366 2781 3573 2851 σαρκὸς
3594 2777 3787 2847 νοερῶς

2242 2882 2593 2951 ἐψυχωμένης
2627 2882 2671 2911 ¹⁰
2714 2878 2922 2948 άληθῶς
2955 2877 3235 2947 ἄνθρωπος
3266 2871 3531 2939 γεγονὼς,
3554 2871 3582 2921 ὁ
3607 2870 3779 2937 διαφε-

2244 2973 2438 3041 ρόντως
2474 2970 2871 3040 φιλάνθρωπος,
2910 2969 3006 3037 τὴν
3045 2968 3101 3019 δὲ
3136 2966 3318 3032 Οεῖκὴν
3361 2962 3648 3032 ἐνέργειαν
3674 2958 3786 3010 καθ’

2241 3064 2433 3114 ἕνωσιν
2472 3064 2705 3131 ἄρρητον
2734 3063 2797 3129 τῇ
2840 3042 3087 3126 συμφυϊᾳ
3121 3056 3161 3085 ²¹
3192 3055 3288 3122 τῆς
3326 3052 3594 3122 σαρκικῆς
3634 3050 3799 3119 ἐσχη-

577 3138 825 3192 sentiatis
863 3147 979 3193 erat
1022 3158 1034 3191 :
1087 3159 1105 3191 ι
1151 3156 1327 3210 neque
1366 3141 1604 3195 humana
1645 3152 1706 3197 ut
1737 3142 1929 3210 homo;
1972 3166 1989 3197 1
2030 3164 2135 3200 non

2242 3150 2350 3207 κὼς
2395 3150 2778 3225 ἀνδρωθεῖσαν,
2816 3149 2913 3215 τὴν
2960 3146 3098 3215 ὑπὲρ
3147 3144 3305 3213 ἡμῶν
3356 3140 3667 3209 οἰκονομίαν
3703 3155 3804 3191 πε-

575 3228 722 3281 enim
767 3237 973 3283 tantum
1014 3240 1073 3284 ut
1108 3246 1265 3297 caro,
1300 3234 1590 3302 separatim
1630 3250 1659 3287 a
1695 3234 1924 3300 deitate,
1960 3253 2135 3307 neque

574 3321 720 3374 enim
748 3322 759 3373 Ι
786 3337 908 3373 omo
935 3332 1141 3376 tantum
1171 3342 1183 3376 :
1220 3344 1236 3374 ι
1267 3325 1361 3379 sed
1388 3327 1529 3379 Deus
1551 3326 1724 3380 factus
1746 3328 1916 3380 homo
1940 3344 2135 3382 novam

577 3408 869 3477 quamdam
909 3408 1241 3462 dei-virilem
1275 3412 1648 3478 operationem
1684 3412 1969 3465 nobiscum
2004 3428 2137 3466 con-

575 3499 846 3553 versando
905 3500 1175 3553 exhibuit.
1233 3518 1251 3550 ι
1311 3500 1697 3569 Assumptione
1750 3502 1897 3554 enim
1958 3504 2138 3559 carnis

2242 3241 2496 3310 πλήρωκε
2528 3237 2872 3307 θεανδρικῶς,
2911 3239 3073 3307 ἡγουν
3104 3235 3299 3298 θεῖκῶς
3347 3236 3453 3303 ἅμα
3484 3232 3575 3283 καὶ
3608 3231 3800 3298 ἀνδρι-

2242 3330 2351 3393 κῶς
2379 3330 2447 3382 τά
2488 3345 2558 3403 τεξ
2588 3328 2705 3379 θεῖα
2745 3328 2835 3379 καὶ
2866 3328 2935 3379 τὰ
2964 3325 3275 3397 ἀνθρώπινα
3306 3326 3525 3396 δράσας,
3560 3321 3594 3389 ἦ
3629 3317 3803 3385 σαφέ-

2244 3434 2431 3487 στερον
2464 3416 2654 3477 εἰπεῖν,
2688 3416 2870 3485 θεϊκὴν
2908 3420 2965 3469 ὲν
3014 3416 3192 3485 ταυτῷ
3232 3416 3326 3468 καὶ
3353 3409 3608 3482 ἀνδρικὴν
3647 3407 3798 3476 ὲνέρ-

2242 3526 2395 3575 γειαν
2428 3508 2899 3577 πεπολιτευμένος.

579 3599 758 3642 mente
789 3591 1075 3658 animaque
1106 3590 1343 3659 praedita:
1368 3606 1496 3645 vere
1528 3592 1691 3645 homo
1720 3591 1903 3646 factus
1922 3602 2005 3647 est
2034 3594 2125 3650 ille
2164 3614 2326 3669 supra
2364 3599 2585 3653 modum
2618 3614 2747 3668 erga
2813 3599 3061 3651 homines
3092 3594 3382 3662 benignus,
3444 3590 3797 3656 divinamque

578 3680 949 3747 operationem
984 3682 1177 3735 uniens
1241 3680 1590 3735 ineﬂ‘abiliter
1654 3682 1924 3747 humanae,
1956 3700 2054 3752 per
2081 3690 2262 3743 carnis
2296 3689 2662 3749 coalitionem,
2696 3702 2795 3755 pro
2854 3686 3013 3739 nobis
3048 3681 3364 3750 adimplevit
3432 3677 3803 3748 dispensatio-

578 3782 702 3822 nem
740 3769 1084 3839 θεανδρὶκῶς,
1118 3771 1221 3825 hoc
1252 3779 1424 3827 estet
1457 3781 1713 3839 tanquam
1783 3771 1926 3826 Deus
1992 3782 2047 3827 et
2114 3784 2371 3843 tanquam
2416 3776 2599 3837 homo,
2668 3774 2962 3839 divinaque
3005 3778 3059 3824 et
3095 3770 3331 3843 humana
3372 3767 3805 3831 administravit,

576 3860 693 3921 vel,
720 3870 779 3913 ut
810 3860 1011 3914 clarius
1046 3861 1255 3929 loquar,
1285 3862 1403 3930 ejus
1439 3862 1627 3939 politia
1667 3862 1854 3915 divina
1890 3863 2050 3916 simul
2086 3872 2141 3917 et
2182 3865 2449 3918 humanas
2477 3862 2823 3933 operationcs
2872 3862 3177 3916 exhibebat.

649 3969 784 4023 Cum
810 3971 973 4038 igitur
996 3970 1178 4023 divina
1201 3981 1255 4024 et
1276 3972 1513 4025 humana
1536 3973 1680 4025 inter
1700 3988 1758 4026 se
1781 3973 1951 4027 dividi
1969 3966 2135 4043 nega-

580 4060 673 4114 bat
708 4060 923 4127 sapiens
957 4060 1235 4129 magister,
1265 4061 1485 4129 quando
1514 4062 1771 4116 unionem
1804 4061 2133 4129 aﬂirmabat,

582 4167 692 4205 non
742 4141 975 4205 nescivit
1023 4154 1171 4206 unita
1219 4154 1381 4207 etiam
1431 4154 1573 4207 inter
1614 4170 1670 4207 se
1713 4154 1960 4219 diderre;
2008 4156 2138 4209 unio

582 4244 731 4297 enim
767 4244 1089 4297 divisionem
1126 4260 1410 4299 removens
1442 4260 1551 4299 non
1587 4244 1768 4299 ollecit
1797 4246 2136 4301 diﬂ'erentias.

586 4331 641 4385 Si
677 4342 855 4385 autem
884 4333 1205 4388 differentiae
1236 4335 1504 4389 rationem
1538 4335 1758 4389 unionis
1789 4337 1983 4390 modus
2012 4353 2141 4391 con-

584 4430 787 4485 servat,
817 4438 943 4477 sane
977 4424 1065 4477 hic
1096 4439 1273 4476 sermo
1303 4424 1407 4475 viri
1440 4425 1609 4477 sancti
1648 4426 1980 4493 periphrasis
2012 4426 2138 4490 erit,

588 4527 683 4582 per
702 4528 859 4580 quam
886 4514 1144 4574 ostendit,
1169 4513 1309 4565 bene
1334 4515 1649 4581 congruenti
1678 4517 1945 4579 oratione,
1968 4517 2142 4585 dupli-

585 4615 703 4655 cem
736 4602 1110 4669 operationem
1147 4603 1201 4654 in
1233 4601 1451 4655 Christo
1476 4601 1609 4654 duas
1635 4610 1859 4655 naturas
1886 4604 2140 4656 habente.

588 4692 850 4756 Quoniam
896 4694 1043 4746 nullo
1089 4700 1246 4762 pacto
1291 4707 1387 4761 per
1430 4692 1711 4757 unionem,
1744 4692 1858 4745 sive
1898 4702 2144 4744 naturam

591 4790 803 4845 {spectes
864 4768 976 4838 sive
1018 4782 1387 4849 'qualitatem,
1432 4796 1619 4834 eorum
1680 4784 1800 4848 qua:
1854 4780 2145 4845 uniuntur,

590 4870 899 4947 essentialis
953 4873 1170 4925 lzeditur
1216 4873 1375 4925 ratio.
1428 4873 1559 4933 Nec,
1600 4880 1659 4924 ut
1706 4872 1897 4924 volunt
1948 4872 2146 4940 aliqui,

542 5026 545 5027 ν
591 4956 831 5012 cxtrenia
858 4960 1106 5029 negando
1138 4962 1375 5014 medium
1407 4962 1680 5030 quoddam
1716 4959 1972 5026 aﬂirmat;
2014 4962 2149 5016 nihil

591 5047 735 5102 enim
766 5057 847 5102 est
875 5050 1114 5105 medium
1140 5054 1282 5119 quod
1314 5053 1380 5107 de
1408 5052 1627 5107 Christo
1660 5066 1758 5119 per
1780 5060 2145 5108 extremorum

596 5139 933 5207 negationem
969 5140 1222 5196 alIirmari
1256 5152 1455 5211 potest.
1494 5162 1511 5192 ι
1553 5142 1755 5197 Novam
1798 5163 1816 5194 ι
1858 5144 2011 5213 dixit,
2045 5145 2149 5200 hoc

594 5237 679 5280 est
704 5245 900 5285 novum
929 5233 1247 5303 mysterium
1277 5234 1689 5299 characterizat,
1715 5238 1870 5307 cujus
1898 5239 2035 5292 ratio
2061 5249 2145 5293 est

601 5316 886 5374 .neﬂ‘abilis
907 5321 1098 5375 modus
1122 5322 1383 5377 naturalis
1406 5323 1825 5391 conjunctionis.
1843 5323 1975 5389 Quis
1996 5325 2147 5378 enim

2311 3978 2517 4030 Οὐκοῦν
2567 3978 2835 4045 ἀποφάσει
2863 3977 2959 4046 τῆς
2988 3976 3094 4029 τῶν
3115 3976 3276 4029 θείων
3298 3976 3393 4028 καὶ
3429 3971 3798 4041 ἀνθρωπίνων

2242 4068 2375 4136 πρὸς
2403 4067 2604 4136 ἄλληλα
2633 4066 2945 4138 διαιρέσεως
2972 4068 3067 4137 τὴν
3093 4064 3193 4132 τῆς
3215 4063 3459 4126 ἑνώσεως
3484 4061 3803 4129 κατάφασιν

2241 4162 2268 4211 ὁ
2312 4160 2469 4226 σοφὸς
2499 4159 2860 4228 ποιησάμενος
2904 4159 3001 4227 τὴν
3054 4156 3287 4225 φυσικὴν
3336 4155 3442 4205 τῶν
3500 4151 3792 4221 ήνωμένων

2242 4248 2499 4318 διαφορὰν
2527 4250 2627 4301 οὐκ
2650 4248 2930 4316 ἠγνόησεν
2963 4249 2994 4314 ἡ
3024 4246 3131 4315 γὰρ
3172 4246 3362 4303 ἓνωσις
3397 4241 3497 4310 τὴν
3536 4240 3792 4308 διαίρεσιν

2246 4339 2580 4408 ἀπωσαμένη
2628 4338 2725 4405 τὴν
2758 4336 3015 4402 διαφορὰν
3060 4335 3159 4385 οὐκ
3185 4330 3473 4395 ὲλὼδησεν.
3512 4329 3578 4381 El
3610 4329 3666 4381 δὲ
3697 4327 3798 4397 τῆς

2240 4431 2499 4496 διαφορᾶς
2548 4428 2637 4479 τὸν
2682 4426 2836 4491 λόγον
2864 4427 2891 4476 ό
2928 4426 3024 4491 τῆς
3051 4422 3289 4484 ἑνὼσεως
3320 4420 3521 4491 τρόπος
3550 4421 3664 4491 ἔχει
3696 4438 3800 4473 σω-

2241 4518 2480 4587 ζόμενον,
2515 4516 2619 4584 ἄρα
2648 4516 2692 4546 ²²
2728 4512 3048 4583 περίφρασίς
3085 4514 3229 4564 ἐστιν
3254 4514 3285 4580 ἡ
3308 4510 3401 4563 τοῦ
3436 4511 3589 4577 ἁγίου
3619 4511 3798 4580 φωνὴ,

2243 4605 2559 4674 καταλλήλῳ
2605 4604 2792 4674 κλήσει
2824 4602 2913 4655 τοῦ
2959 4600 3136 4655 διττοῦ
3167 4600 3211 4631 ’³
3245 4600 3341 4669 τὴν
3367 4599 3527 4668 φῦσιν
3558 4598 3800 4669 Χριστοῦ

2243 4692 2341 4762 τὴν
2370 4693 2547 4762 διττὴν
2578 4694 2622 4723 ⁸⁵
2655 4691 3085 4762 παραδηλοῦντος
3119 4689 3419 4758 ἐνέργειαν⁸
3448 4691 3606 4757 εἴπερ
3632 4691 3803 4755 φύσει

2242 4800 2301 4834 τε
2329 4783 2372 4813 ’⁵
2400 4783 2487 4834 καὶ
2517 4781 2761 4850 ποιότητι
2816 4781 2935 4837 κατ’
2976 4779 3164 4830 οὐδένα
3212 4778 3410 4849 τρόπον
3447 4780 3512 4831 ὲκ
3547 4779 3645 4847 τῆς
3676 4777 3803 4831 ἑνώ-

2249 4890 2384 4935 σεως
2415 4876 2441 4925 ό
2471 4873 2577 4925 τῶν
2612 4856 2906 4941 ἡνωμένων
2962 4868 3223 4938 οὑσιώδης
3264 4870 3563 4939 μεμείωται
3612 4868 3801 4936 λόγος.

2226 4962 2395 5014 ’Ἀλλ’
2435 4963 2531 5029 οὐχ
2586 4959 2659 5021 ὣς
2707 4976 2812 5009 τινι
2837 4958 2918 5020 ’⁸,
2960 4958 3235 5024 ἀποφάσει
3271 4958 3377 5010 τῶν
3421 4957 3603 5028 ἄκρων
3651 4956 3804 5017 τινὸς

2249 5053 2412 5122 μέσου
2445 5051 2761 5127 ποιουμένου
2790 5049 2835 5079 ¹τ
2890 5048 3217 5115 κατάφασιν.
3265 5049 3380 5102 Οὐκ
3429 5049 3540 5100 ἐστι
3590 5048 3707 5117 γάρ
3755 5064 3806 5100 τι

2249 5144 2411 5214 μέσον
2440 5142 2531 5193 ἐπὶ
2561 5141 2604 5172 ’⁸
2631 5138 2885 5209 Χριστοῦ,
2918 5142 2982 5209 τῇ
3008 5139 3115 5191 τῶν
3138 5140 3322 5210 ἄκρων
3346 5139 3614 5207 ἀποφάσει
3629 5156 3811 5193 καταρ

2250 5231 2607 5302 φασκόμενον.
2646 5245 2665 5279 ‘c
2713 5228 2917 5297 Καινὴν
2954 5230 3071 5300 μὲν,
3110 5247 3127 5279 ι
3172 5229 3245 5289 ὡς
3282 5229 3470 5281 καινοῦ
3495 5230 3806 5299 μυστηρίου

2247 5320 2766 5391 χαρακτηριστικὴν,
2785 5315 2844 5374 οὗ
2871 5321 3024 5387 λόγος
3053 5320 3199 5373 ἐστὶν
3222 5321 3581 5389 όιάπόρῤητος
3599 5321 3807 5390 τρόπος

1884 5483 2121 5539 VARI/15
2164 5482 2559 5539 LECTIONES.

660 5610 701 5639 ‘9
734 5607 983 5679 ἀλλήλοις
1015 5611 1150 5679 ἔχων
1190 5611 1276 5663 ed.
1327 5612 1441 5665 Cal.

1532 5614 1576 5644 ²⁰
1622 5614 2118 5684 ἐμψυχιιιμένης-ριι.
2143 5617 2256 5669 Gal.

596 5678 685 5749 ed.
714 5668 937 5749 Galgln
970 5668 1102 5733 ico'd.
1152 5680 1288 5734 Gud.
1346 5699 1374 5734 ιι
1419 5698 1498 5749 pr.
1555 5700 1625 5735 Ill.
1654 5668 1797 5738 'én’.‘
1818 5668 2081 5737 δὶπλοῦί
2105 5668 2361 5749 ίδνδικτὴν
2391 5668 2623 5736 (κάίίίιιί,

917 5750 1205 5825 εοιουμένον
1240 5752 1360 5820 (sie)
1408 5752 1527 5804 cod.
1580 5753 1716 5807 Gud.
1754 5754 2070 5823 ποιούμενον
2103 5756 2189 5807 ed.
2224 5754 2342 5807 Gal.
2414 5754 2457 5783 "
2493 5755 2605 5805 ἐστὶ
2634 5754 2716 5808 ed.
2752 5752 2864 5809 Cal.

2348 5616 2389 5645 ²¹
2418 5615 2689 5684 συμφυεέᾳ
2715 5615 2801 5668 ed.
2842 5614 2956 5667 Gal.
3019 5616 3063 5645 ²¹
3096 5610 3200 5681 ἄρα
3227 5614 3312 5667 ed.
3338 5613 3455 5668 Gal.
3544 5615 3593 5645 "
3624 5608 3794 5684 δεκτῷ

2708 5686 2751 5714 ⁸⁸
2785 5700 2865 5735 τε.
2915 5698 3021 5736 0111.
3075 5675 3161 5737 ed.
3214 5684 3329 5737 Cal.
3433 5685 3477 5712 ""
3516 5700 3663 5744 τινες
3710 5675 3798 5733 ed-
