3966 6340
236 425 389 522 ποετ

1477 455 1991 525 ΛΜΒΙΕΙῙΟΒΠΜ
2031 446 2280 518 LIBER.
2301 524 2304 528 ,

3325 461 3466 531 1053.

235 569 351 636 τῆς
373 563 648 635 συμφυΐας
677 565 742 616 ’³.
771 563 864 627 Τις
888 562 994 633 γὰρ
1017 563 1155 631 ἔγνω
1189 561 1302 625 πῶς
1335 562 1626 632 σαρκοῠται
1656 562 1803 627 θεὸς,

1910 563 2063 618 novit
2101 563 2376 632 quomodo
2413 564 2558 619 Deus
2596 565 2931 629 incantatur,
2965 575 3019 620 et
3059 577 3236 622 tamen
3280 587 3464 628 manet

238 657 350 710 καὶ
375 654 712 724 μένειῦεόςς
749 653 862 718 πῶς
897 654 1069 723 μένων
1096 652 1228 716 Θεὸς
1262 653 1488 725 ἀληθὴς,
1523 652 1804 723 ἅνθρωπός

247 743 455 816 (ιιι
484 745 544 811 ὗ)
605 747 753 798 ἐστιν
801 743 1050 812 amotae;
1114 744 1278 812 ἄμφω
1350 743 1561 805 δεικνὺς
1617 743 1804 795 ἐαυτὸν

245 833 470 902 άληθῶς
510 831 742 901 ὑπάρξει
781 833 1009 900 φυσικῇ,
1034 831 1140 891 ,καὶ
1169 831 1234 882 δι’
1268 830 1531 900 ἐκατέρου
1557 829 1804 900 θάτερον,

245 923 350 978 καὶ
385 921 664 993 μηδετέρῳ
705 923 1058 993 τρεπόμενος.
1094 920 1276 974 Ταῦτα
1317 921 1451 990 μόνη
1487 920 1665 997 πίστις
1695 936 1806 988 χω-

248 1018 358 1086 ρεῖ,
407 1017 534 1084 σιγῇ
572 1013 787 1083 τιμῶσα
817 1013 908 1064 τὸν
939 1013 1131 1080 Λόγον,
1166 1006 1372 1074 οὗτινος
1403 1011 1669 1082 τῇ-’φύσει
1697 1006 1805 1062 τῶν

248 1105 418 1159 όντων
450 1106 738 1174 ἐμπέφυκε
788 1105 944 1172 λόγος
993 1105 1190 1183 οὐδείς.
1224 1123 1242 1171 ᾳ
1278 1103 1610 1173 Θεανδρικὴν
1666 1121 1684 1152 ι
1723 1102 1803 1165 δὲ,

249 1199 349 1266 οὐχ
371 1196 467 1258 ὡς,
486 1196 688 1263 άπλῆν,
718 1196 840 1248 οὐδὲ
884 1196 1116 1265 πρᾶγμά
1154 1211 1208 1246 τι
1241 1193 1510 1259 σύνθετον,
1536 1194 1629 1246 καὶ
1656 1193 1688 1262 ἢ
1711 1194 1807 1262 μό*

243 1305 346 1356 νης
387 1286 602 1356 γυμνῆς
651 1286 794 1338 κατὰ
835 1286 994 1353 φύσιν
1040 1286 1325 1355 θεότητος,
1359 1285 1392 1354 ἢ
1441 1285 1606 1354 μόνης
1644 1285 1806 1354 ψιλῆς

243 1367 605 1448 ὑπάρχουσαν
634 1377 1050 1446 άνθρωπότητος
1070 1418 1085 1442 ,
1115 1377 1148 1448 ἢ
1185 1375 1428 1445 συνθέτῳ
1453 1374 1612 1444 φύσει
1644 1375 1806 1428 τινῶν

483 1468 789 1538 μεταιχμίῳ
844 1468 1223 1536 προσήκουσαν
1247 1507 1263 1530 ,
1315 1466 1430 1519 ἀλλ’
1481 1465 1805 1540 ἀνδρωθέντι

239 1538 393 1628 Θεῷ.
430 1560 675 1615 τουτέστι
706 1558 927 1621 τελείως
975 1558 1476 1628 ἐνανθρωπὴσαντι,
1513 1538 1805 1626 ιπροσφυεὲ

244 1633 629 1716 mammosa
679 1644 746 1703 αὖ
803 1644 963 1700 πάλιν
1004 1647 1150 1717 μίαν,
1199 1645 1276 1709 ὡς
1321 1647 1420 1698 οὐκ
1450 1647 1516 1701 ἂν
1549 1647 1593 1679 ⁸⁸
1631 1646 1806 1709 ἄλλως

241 1721 508 1810 νοηθῆναι
554 1760 573 1792 ι
606 1741 703 1810 τῆς
736 1742 928 1808 καινῆς
961 1759 979 1790 ο
1018 1729 1160 1790 καθᾶ
1190 1754 1330 1790 τισιν
1353 1736 1549 1800 ἔδοξεν,
1575 1737 1607 1794 ἦ
1636 1754 1653 1786 ι
1677 1738 1805 1804 μιᾶς

1906 653 2082 707 Deus?
2103 655 2379 723 quomodo
2404 664 2620 709 maneat
2643 657 2786 710 Deus
2805 671 2988 722 verus,
3008 668 3062 713 et
3086 675 3246 715 verus
3267 663 3458 724 homo,

1903 745 2199 802 ostendens
2223 762 2281 800 se
2305 762 2434 801 vere
2462 762 2583 801 esse
2610 756 2904 818 utrumque
2933 752 3170 805 naturali
3199 755 3462 808 exsisten-

1905 837 2000 900 tia,
2017 845 2191 904 et'per
2210 831 2532 892 alterutrum
2557 847 2846 908 utrumque
2871 840 2923 892 in
2949 851 3146 894 neutro
3166 843 3464 898 alteratus?

1906 924 2031 980 Haec
2076 919 2209 981 ﬁdes
2254 929 2370 982 sola
2417 929 2590 998 capit,
2629 930 2846 985 silentio
2883 946 3150 986 venerans
3192 933 3459 1003 Verbum,

1903 1017 2063 1085 cujus
2090 1028 2298 1073 natura
2327 1020 2477 1075 nulla
2511 1020 2565 1074 in
2598 1021 2764 1076 rebus
2798 1021 2998 1076 creatis
3029 1025 3206 1076 oratio
3239 1040 3465 1094 respon—
3564 1063 3568 1066 -

1905 1106 2017 1160 det.
2043 1106 2396 1179 Θεανδρικὴν,
2430 1133 2445 1157 ι
2483 1109 2842 1174 dei-virilem,
2872 1130 2890 1162 ι
2921 1112 3152 1176 addidit,
3177 1129 3286 1166 non
3316 1115 3460 1182 quod

1904 1195 2173 1266 intelligat
2209 1198 2294 1252 vel
2339 1198 2638 1267 simplicem
2695 1193 3099 1269 operationem,
3160 1205 3242 1256 vel
3286 1204 3461 1272 reipsa

1904 1284 2282 1352 compositam,
2313 1302 2415 1341 nec
2454 1287 2633 1341 adhuc
2677 1303 2796 1341 eam
2835 1304 2954 1356 qua:
2993 1290 3162 1344 solius
3198 1293 3464 1360 nudaeque

1903 1380 2047 1426 esset
2080 1371 2328 1439 deitatis,
2355 1387 2449 1431 aut
2481 1377 2652 1430 solius
2682 1387 2739 1432 et
2767 1393 2928 1432 merae
2958 1380 3341 1448 humanitatis,
3369 1392 3465 1436 aut

1904 1472 2180 1531 postremo
2212 1474 2422 1520 natura:
2453 1469 2737 1538 cujusdam
2771 1471 3104 1538 compositae,
3132 1489 3251 1540 qua:
3284 1474 3462 1527 media

1902 1563 2048 1607 esset
2082 1553 2225 1607 inter
2255 1555 2366 1610 duo
2403 1566 2644 1612 extrema
2683 1578 2696 1613 :
2732 1561 2826 1615 sed
2865 1576 2983 1614 eam
3018 1578 3138 1630 qua:
3170 1565 3462 1619 naturalis-

1903 1642 2038 1702 sime
2064 1652 2399 1714 competeret
2422 1647 2537 1702 Deo
2567 1647 2941 1713 inhumanato,
2968 1653 3072 1705 hoc
3105 1663 3188 1706 est
3215 1655 3308 1722 qui
3339 1670 3462 1723 per-

1901 1729 2044 1786 fecte
2069 1731 2245 1788 factus
2296 1742 2381 1788 cst
2433 1736 2617 1790 homo.
2660 1738 2872 1792 Rursus
2930 1755 3091 1794 unam
3144 1742 3311 1805 dixit,
3352 1757 3463 1796 non

237 1829 573 1902 δυναμένης
610 1849 631 1881 ›
659 1831 943 1900 ποιότητος
991 1829 1119 1896 γὰρ,
1165 1826 1280 1880 ἀλλ’
1328 1825 1725 1902 οὒᾷποσότητος
1769 1825 1802 1894 ἡ

1905 1826 2085 1876 tamen
2117 1824 2192 1878 ita
2219 1839 2282 1880 ac
2307 1824 2352 1878 si
2402 1841 2542 1880 nova
2574 1847 2592 1878 ι
2621 1829 2868 1897 operatio
2891 1845 2997 1884 non
3027 1844 3210 1899 posset
3231 1833 3461 1902 intelligi

251 1940 271 1971 ι
326 1890 606 1990 καινότής·
665 1936 685 1969 ι
738 1890 862 1973 ἐπεὶ
909 1890 1014 1972 καὶ.
1041 1890 1203 1988 φύσιν
1236 1918 1294 1983 ἐξ
1349 1900 1592 1985 ἀνάγκης
1620 1890 1802 1984 ⁷ι-ἰαυτῗί

1909 1913 2011 1966 nisi
2041 1929 2160 1981 per,
2188 1931 2373 1981 unam,
2408 1935 2426 1968 ι
2460 1925 2518 1972 ιιι
2543 1921 2833 1990 nonnullis
2848 1921 3056 1990 placet;
3090 1939 3213 1977 nam
3240 1925 3463 1993 adqua-

247 2008 553 2074 συνεισάξει
584 2009 838 2078 τοιαύτην
860 2025 876 2042 ·
934 2001 1096 2080 εἴπερ
1126 2009 1304 2075 πάσης
1359 2006 1575 2074 φύσεως
1621 2007 1747 2076 ὅρος
1777 2005 1806 2058 ό

251 2097 352 2166 τῆς
382 2096 671 2159 οὐσιὼδους
704 2097 869 2164 αὐτῆς
893 2097 1169 2169 ἐνεργείας
1201 2093 1504 2161 καθέστηκε
1531 2091 1708 2158 λόγος,
1737 2090 1806 2161 ἢν

250 2186 318 2241 οὐ
342 2185 532 2255 διπλῆν
571 2185 614 2215 ³¹
649 2183 792 2236 εῐποι
846 2183 890 2214 ³⁸
939 2184 1056 2235 ποτ’
1103 2182 1180 2236 ἂν
1215 2175 1572 2251 τραγελάφων
1616 2177 1806 2248 μύθοις

245 2263 716 2345 φιλοτιμούμενος.
785 2271 909 2333 Πῶς
958 2272 1019 2323 δὲ
1076 2273 1182 2345 καί¹
1223 2271 1412 2324 τούτου
1473 2268 1724 2331 δοθέντοςι
1777 2269 1805 2321 ὁ

241 2337 710 2430 τοῦτο’-πεφυκὼς
761 2361 891 2431 μίαν
936 2359 1074 2429 ἔχων
1119 2337 1419 2430 ἐνίέργειαν,
1449 2358 1544 2412 καὶ
1598 2356 1804 2428 ταύτην

244 2437 520 2525 φυσικὴν,
564 2449 861 2508 ἐπιτέλέσει
909 2454 976 2519 τῇ
1019 2450 1155 2520 αὐτῇ
1186 2451 1257 2502 τὰ
1293 2449 1556 2520 θαύματα
1596 2448 1691 2502 καὶ
1736 2447 1804 2510 τὰ

244 2543 424 2614 πάθη,
451 2543 598 2611 λόγῳ
629 2543 842 2612 φύσεως
880 2539 1121 2612 ἀλλήλων
1149 2539 1642 2610 διαφέροντα,·δίχα
1684 2554 1805 2591 στε-

244 2637 463 2708 ρήσεως
490 2632 994 2703 ἐπισυμϐαινούσης
1028 2633 1093 2701 τῇ
1121 2630 1438 2698 ἀπογενέσει
1473 2629 1573 2698 τῆς
1598 2629 1761 2695 ἕξεως
1785 2645 1800 2694 ;

243 2725 415 2779 Οὐδὲν
437 2725 548 2792 γὰρ
590 2724 695 2777 τῶν
721 2723 890 2776 ὄντων
921 2722 1018 2792 μιᾷ
1049 2721 1140 2773 καὶ
1165 2722 1230 2790 τῇ
1261 2721 1398 2790 αὐτῇ
1431 2721 1679 2788 ἐνεργείᾳ
1706 2719 1803 2770 τά·

241 2815 437 2870 ναντία
467 2813 679 2883 πέφυκε
711 2804 874 2884 δρᾷν,
907 2814 1018 2884 ὅρῳ
1049 2829 1108 2864 τε
1155 2812 1249 2863 ml.
1275 2811 1418 2880 λόγῳ
1450 2809 1802 2884 συνεχόμενον

241 2907 480 2972 φύσεως.
525 2907 618 2959 Διὸ
668 2905 798 2974 μίαν
847 2903 1029 2966 ἁπλῶς
1072 2902 1106 2972 ἢ
1149 2900 1380 2970 φυσικὴν
1429 2901 1520 2952 ἐπὶ
1567 2897 1800 2978 Χριστοῦ

244 2999 501 3066 θεότητος
531 2999 624 3051 καὶ
655 2996 856 3068 σαρκὸς
887 2995 1169 3064 ἐνέργειαν
1194 2993 1372 3060 λέγειν
1407 2991 1468 3044 οὐ
1511 2990 1688 3059 θέμις,
1721 2989 1801 3041 aII-'-

243 3106 358 3160 περ
372 3092 446 3158 μὴ
469 3091 660 3143 ταυτὸν
689 3089 931 3159 ποιότητι
951 3088 1151 3156 φυσικῇ
1181 3084 1368 3152 θεότης
1385 3083 1479 3134 καὶ
1504 3082 1659 3152 σὰρξ,
1679 3079 1800 3132 ἐπεὶ

237 3180 343 3235 καὶ
368 3180 546 3247 φύσιν,
575 3181 672 3234 καὶ
695 3176 1202 3274 γενήσεταιυτετρὰς
1246 3173 1496 3274 lit-(115
1529 3175 1584 3274 α)
1617 3172 1798 3274 τριάςί
1826 3218 1868 3274 c

201 3260 203 3262 ’
238 3267 383 3324 οὔτε
417 3269 522 3338 γὰρ
543 3270 683 3340 κᾳτά
713 3268 894 3338 φύσιν,
923 3265 1047 3320 οὔτε
1075 3263 1216 3319 κατὰ
1242 3263 1492 3331 δύναμιν,
1525 3261 1649 3316 οὔτε
1678 3262 1798 3314 κατ’

241 3359 548 3430 ἐνέργειαν,
575 3359 767 3425 γέγονε
795 3356 1016 3418 ταυτὸν.
1048 3356 1202 3427 φησὶ,
1227 3357 1294 3425 τῇ
1324 3345 1487 3431 σμρκί
1513 3354 1578 3408 ³³.
1614 3353 1802 3407 Οὐδενὶ

242 3449 351 3519 γὰρ
391 3440 436 3514 ᾧ
496 3445 734 3514 πέφυκεν
785 3443 928 3498 εἶναι
964 3446 1052 3499 διὰ
1095 3446 1194 3516 τὴν
1245 3445 1375 3514 μίαν
1407 3444 1594 3496 οὐσίαν
1625 3443 1800 3512 Πατρὶ

242 3539 343 3592 καὶ
360 3535 634 3606 Πνεύματι
658 3534 848 3586 ταυτὸν
878 3534 905 3584 ό
941 3533 1087 3592 Υἱὸς,
1114 3532 1301 3598 γέγονε
1329 3529 1521 3582 ταυτὸν
1544 3531 1611 3597 τῇ
1640 3527 1801 3597 σαρκὶ

242 3631 338 3685 διά
361 3631 456 3700 τὴν
480 3629 697 3689 ἕνωσιν,
731 3623 833 3677 κάν
863 3623 1161 3691 πεποίηκεν
1182 3619 1356 3688 ¹αὐτὴν
1375 3618 1635 3682 ζωοποιδν
1667 3615 1798 3668 ἐνώ-

247 3735 339 3772 σει
362 3722 426 3788 τῇ
454 3717 590 3787 πρὸς
633 3714 814 3777 αὑτὸν,
837 3712 1066 3782 ἔχουσαν
1099 3707 1164 3768 τδ
1193 3707 1351 3777 φύσει
1390 3707 1602 3779 θνητόν.
1649 3706 1800 3757 Ἐπεὶ

239 3811 346 3864 καὶ
381 3807 616 3877 τρεπτῆς
655 3805 913 3874 ὑπάρχων
947 3802 1285 3864 δεεράιῐεται
1318 3798 1552 3868 φύσεως,
1587 3797 1678 3848 καὶ
1701 3796 1800 3867 τὴν

238 3899 432 3956 οὐσίαν
468 3897 564 3965 τῆς
608 3897 809 3966 σαρκὸς
849 3896 928 3958 εἰς
970 3893 1114 3962 ὅπερ
1137 3903 1232 3942 nnc
1260 3886 1326 3960 ἦν
1355 3888 1672 3952 ἀλλοιώσας,
1705 3888 1801 3940 καὶ

245 3989 452 4044 ταυτὸν
485 3985 796 4054 πεποιηκὼς
849 3987 914 4055 τῇ
962 3984 1120 4051 φύσει
1163 3983 1262 4050 τὴν
1307 3979 1662 4048 ἕνωσιν..Τὴν
1691 3977 1800 4049 γὰρ

241 4073 570 4146 θεανδρικὴν
619 4073 920 4142 ἐνέργειαν,
954 4071 1030 4132 ὡς
1078 4069 1314 4138 ἀπεδόθη
1377 4069 1679 4138 νοήσωμεν·
1733 4069 1801 4134 ἢν

237 4175 381 4244 ἡμῖν
411 4171 511 4240 οὐχ
542 4166 715 4236 ἐαυτῷ
733 4163 1191 4231 πολιτευσάμενος
1222 4164 1317 4229 τὴν
1342 4160 1501 4226 φύσιν
1533 4162 1644 4222 τοῖς
1659 4159 1799 4228 ὑπὲρ

246 4263 414 4333 φύσιν
450 4251 687 4314 ἐκαίνισε
707 4257 773 4312 ’⁸.
811 4254 1074 4309 Πολιτεία-
1097 4253 1206 4323 γάρ
1247 4254 1362 4305 ἐστι
1396 4251 1508 4321 βίος
1543 4250 1683 4303 κατὰ
1710 4250 1800 4302 νό-

249 4367 355 4421 μον
411 4349 624 4419 φύσεως
676 4345 1076 4414 διεξαγόμενος.
1145 4342 1374 4403 Διπλοῦς
1424 4341 1478 4392 δὲ
1516 4338 1591 4392 ὢν
1625 4339 1669 4370 ³⁵
1695 4338 1794 4408 τὴν

244 4439 411 4508 φύσιν
434 4441 464 4492 ό
492 4439 712 4511 Κύριος,
744 4437 965 4498 εἰκότως
999 4433 1110 4503 βίον
1150 4434 1286 4503 ἔχων
1335 4431 1508 4500 ἐφάνη
1534 4428 1799 4499 κατάλληο

1905 1999 2135 2067 litatem,
2158 2019 2268 2058 non
2295 2021 2425 2061 vero
2459 2009 2526 2062 ad
2557 2011 2912 2078 quantitatem
2949 2013 3218 2081 καινότης,
3251 2034 3269 2065 ι
3305 2015 3462 2069 inno-

1903 2091 2082 2155 vatio,
2116 2095 2438 2162 i,pertinet,
2463 2099 2718 2167 quoniam
2753 2109 3002 2156 naturam
3036 2104 3346 2158 necessario
3379 2106 3460 2160 in.

1905 2181 2058 2238 ducit
2085 2184 2279 2250 talem;
2311 2201 2435 2240 nam
2461 2188 2640 2250 omnis
2668 2188 2874 2245 naturae
2895 2191 3140 2246 deﬁnitio
3165 2195 3369 2262 petitur
3389 2195 3462 2248 ab

1903 2274 2023 2342 ejus
2048 2274 2357 2358 essentialis
2381 2278 2717 2345 operationis
2743 2282 2972 2345 ratione,
2999 2297 3158 2351 quam
3185 2270 3458 2352 duplicent
3509 2355 3512 2358 Α

1901 2376 2022 2417 esse
2052 2377 2122 2418 ne
2156 2363 2204 2418 is
2227 2365 2449 2432 quidem
2481 2367 2680 2423 dixerit
2707 2371 2799 2438 qui
2835 2373 3274 2440 tragelaphorum
3307 2374 3462 2428 fabu-

1903 2451 1983 2507 las
2011 2455 2374 2523 amplectitur.
2402 2456 2537 2518 lmo,
2565 2457 2668 2511 hoc
2694 2459 2997 2523 dato,.talis
3018 2462 3111 2530 qui
3140 2463 3325 2529 fuerit,
3355 2481 3461 2518 una

1904 2551 2114 2598 tantum
2155 2546 2492 2624 operatione,
2522 2561 2694 2617 eaque
2735 2550 2968 2602 naturali
3010 2551 3289 2619 praeditus,
3320 2570 3460 2624 quo-

1903 2633 2068 2687 modo
2107 2634 2206 2704 per
2239 2650 2360 2690 eam
2402 2617 2756 2709 etfrniracula
2792 2646 2847 2692 et
2882 2641 3160 2708 passiones
3195 2644 3458 2709 ostendit,

1903 2693 2138 2794 quorum
2163 2727 2305 2781 ratio
2333 2693 2658 2802 natuRtliter
2685 2693 2916 2783 multum
2948 2730 3162 2786 diversa
3195 2720 3298 2797 est,
3326 2693 3458 2802 quin

1903 2739 2138 2794 quorum
2163 2737 2305 2781 ratio
2333 2737 2494 2783 natur
2532 2737 2658 2782 liter
2685 2737 2916 2783 multum
2948 2737 3162 2786 diversa
3195 2743 3298 2797 est,
3326 2737 3456 2802 quin

1903 2813 2121 2868 habitus
2165 2737 2573 2916 corruptionzkt
2617 2816 2850 2884 privatio
2893 2829 3276 2888 consequatur.
3310 2820 3456 2874 Nihil

1901 2904 2046 2957 enim
2079 2913 2163 2958 est
2193 2903 2340 2974 quod
2373 2920 2478 2978 una
2505 2903 2812 2974 eademque
2839 2910 3155 2985 operatione
3184 2913 3458 2966 contraria

1885 3004 2082 3080 ‘potest
2108 2993 2342 3062 edicere,
2375 2996 2420 3050 si
2459 3006 2676 3054 maneat
2705 2998 2844 3076 intra
2884 3015 2993 3054 suae
3029 3010 3235 3058 naturae
3271 3006 3459 3059 termio

1901 3101 2033 3140 num
2067 3094 2123 3140 et
2149 3085 2434 3141 rationem.
2463 3085 2806 3157 Quapropter
2833 3104 2942 3143 non
2971 3100 3055 3144 est
3084 3092 3164 3147 fas
3192 3092 3471 3162 afﬁrmare,

1902 3174 1971 3229 de
2001 3174 2204 3230 Christi
2236 3175 2437 3230 deitate
2467 3185 2522 3230 et
2551 3191 2713 3232 carne
2744 3183 2906 3232 u‘nam
2937 3179 3255 3250 simpliciter
3275 3192 3332 3238 et
3358 3201 3457 3237 na-

1901 3267 2134 3320 turalem
2163 3268 2559 3336 operationem,
2590 3268 2636 3322 si
2673 3269 2834 3322 modo
2870 3271 3011 3324 idem
3046 3287 3152 3325 non
3189 3273 3255 3328 sit
3288 3290 3459 3342 penes

1901 3357 2216 3426 qualitatem
2269 3361 2568 3413 naturalem
2619 3358 2796 3414 deitas
2845 3369 2900 3413 et
2950 3376 3094 3415 caro.
3146 3361 3260 3418 Hoc
3308 3365 3454 3419 enim

1899 3453 2056 3514 pacto
2077 3453 2134 3500 et
2155 3462 2315 3501 unam
2341 3456 2592 3502 naturam
2617 3446 3022 3514 amrmabimus,
3044 3459 3101 3505 et
3124 3451 3341 3507 trinitas
3364 3451 3458 3507 ﬁet

1898 3536 2256 3603 quaternitas.
2281 3536 2450 3592 Filius
2477 3537 2622 3591 enim
2657 3538 2800 3594 idem
2832 3549 2952 3594 erat
2978 3540 3119 3595 Patri
3150 3540 3205 3596 et
3229 3542 3458 3611 Spiritui

1867 3700 1872 3705 ⁸
1898 3639 1996 3693 per
2021 3626 2285 3679 unitatem
2314 3629 2586 3693 es’sentize,
2612 3628 2707 3683 sed
2736 3645 2844 3683 non
2876 3630 2980 3684 fuit
3008 3631 3152 3686 idem
3181 3633 3330 3686 carni
3362 3649 3462 3702 per

1897 3715 2178 3780 unionem,
2201 3715 2416 3770 etiamsi
2438 3715 2707 3771 viviﬁcam
2737 3735 2855 3772 eam
2881 3721 3028 3782 fecit,
3056 3737 3177 3775 cum
3208 3738 3325 3776 eam
3352 3725 3457 3778 sibi

1900 3805 2106 3870 uniret;
2142 3805 2332 3860 habuit
2363 3806 2509 3860 enim
2539 3821 2603 3865 ea
2637 3806 2695 3861 in
2728 3823 2784 3863 se
2817 3809 2993 3862 adhuc
3024 3800 3306 3863 mortalem
3342 3825 3461 3866 sor-

1899 3903 2028 3950 tem.
2055 3895 2122 3950 Et
2145 3896 2259 3964 ipse
2288 3895 2544 3950 Christus
2573 3906 2781 3951 natura:
2810 3896 3085 3952 mutabilis
3109 3897 3274 3954 fuisse
3303 3915 3481 3968 repe-'

1900 3987 2102 4049 rietnr;
2136 3986 2301 4040 etiam
2328 3987 2510 4040 carnis
2537 3987 2831 4065 essentiam
2860 3988 2913 4041 in
2948 3989 2998 4042 id
3031 3989 3172 4057 quod
3205 3975 3466 4044 uouerat

1900 4077 2153 4138 mutavit,
2178 4085 2234 4131 et
2266 4078 2520 4132 unionem
2554 4095 2677 4132 cum
2713 4089 2909 4138 natura
2947 4079 3241 4133 identidem
3278 4081 3460 4134 conci-

1899 4165 2070 4219 liavit.
2093 4165 2519 4222 Consideremus
2541 4169 2686 4222 enim
2711 4168 3035 4222 dei-virilem
3064 4169 3459 4235 operationem,

1899 4252 2077 4321 qualis
2117 4245 2398 4324 apparuit;
2442 4265 2590 4310 certe
2632 4271 2742 4309 non
2783 4255 2899 4320 sui,
2932 4254 3026 4308 sed
3071 4257 3242 4310 nostri
3285 4259 3468 4327 gratia

1899 4341 1990 4395 hic
2026 4350 2280 4398 versatus
2318 4353 2431 4408 est,
2469 4351 2826 4412 naturamque
2877 4343 2942 4397 ad
2994 4349 3461 4413 supernaturalem

1901 4429 2269 4486 conditionem
2304 4433 2503 4488 evexit.
2532 4433 2648 4488 Jam
2686 4432 2875 4502 politia
2909 4445 2992 4488 est
3023 4436 3128 4490 vita
3161 4437 3462 4492 secundum

242 4529 361 4591 λον,
394 4531 542 4598 νόμῳ
569 4545 631 4581 τε
661 4527 786 4598 θείῳ
828 4530 922 4580 καὶ
966 4525 1310 4596 ἀνθρωπίνῳ,
1353 4524 1491 4576 κατὰ
1528 4520 1722 4583 ταυτὸν
1754 4522 1798 4552 ³⁸

1901 4531 2110 4577 naturae
2144 4522 2292 4593 leges
2327 4523 2608 4589 traducta;
2645 4533 2700 4578 et
2731 4523 2984 4579 Christus
3017 4535 3209 4578 natura
3245 4534 3328 4579 est
3355 4527 3462 4580 du-

239 4617 564 4684 ὰσυγχύτως
592 4616 1118 4685 συγκεκροτημένον·
1150 4615 1332 4666 καινὸν
1372 4613 1465 4665 καὶ
1482 4612 1665 4673 αὐτὸν,
1701 4612 1799 4681 οὺχ

240 4706 327 4766 ὡς
360 4705 517 4773 μόνον
569 4704 717 4769 ξένον
760 4708 870 4766 τοῖς
921 4705 1013 4755 ἐπὶ
1062 4703 1165 4773 γῆς
1219 4705 1310 4755 καὶ
1345 4701 1665 4772 παράδοξον,
1708 4703 1800 4755 καὶ

241 4777 405 4846 οὔπω
444 4793 506 4860 τῇ
543 4789 701 4858 φύσει
756 4789 861 4842 τῶν
894 4790 1064 4842 ὄντων
1092 4791 1505 4858 διεγνωσμένον,
1535 4789 1672 4841 ἀλλὰ
1708 4790 1800 4842 καὶ

241 4880 570 4952 χαρακτῆρα
597 4881 786 4957 καινῆς
808 4879 903 4932 τοῦ
933 4881 1133 4943 καινῶς
1165 4880 1459 4949 βιώσαντος
1498 4879 1798 4950 ἐνεργείας.

247 4971 358 5025 *Ην
391 4969 705 5040 θεανδρικὴν
749 4971 905 5039 τυχὸν
937 4973 1370 5041 προσηγόρευσεν
1405 4972 1433 5021 ὁ
1485 4969 1560 5038 τῷ
1600 4987 1804 5038 μυστη-

247 5060 354 5134 ρίῳ
384 5060 558 5130 τούτῳ
595 5061 788 5130 κλῆσιν
842 5065 1130 5132 ἐπινοήσας
1183 5061 1458 5132 ἁρμόδιον,
1508 5061 1592 5110 ἵνα
1656 5058 1805 5130 δείξῃ

242 5151 341 5206 τὸν
373 5151 511 5204 κατὰ
536 5151 630 5224 τὴν
651 5153 960 5224 ἀπόρρητον
987 5151 1180 5205 ἕνωσιν
1211 5151 1307 5217 τῆς
1333 5149 1652 5211 ἀντιδόσεως
1680 5151 1804 5219 τρό-

242 5258 372 5308 πον,
405 5243 550 5315 ,κατ’
588 5245 898 5314 ἐπαλλαγὴν
944 5245 1014 5296 τὰ
1063 5241 1303 5312 φυσικῶς
1348 5241 1590 5310 ἐκατέρῳ
1650 5242 1806 5310 μέρει

243 5333 345 5388 τοῦ
380 5335 616 5407 Χριστοῦ
664 5336 933 5407 προσόντα
963 5335 1174 5404 θατέρῳ
1202 5332 1586 5401 πεποιημένον,
1634 5333 1803 5402 χωρὶς

242 5423 350 5496 τῆς
387 5428 646 5496 ἑκατέρου
679 5426 875 5496 μέρους
912 5425 1045 5494 πρὸς
1089 5424 1316 5492 θάτερον
1351 5419 1494 5472 κατὰ
1525 5420 1616 5472 τὸν
1643 5421 1801 5488 φύσει

1901 4615 2027 4685 ple:
2053 4630 2067 4666 :
2095 4615 2291 4668 merito
2315 4612 2482 4684 igitur
2505 4615 2848 4670 vitam‘snant
2875 4615 3112 4670 ostendit
3135 4614 3238 4684 legi
3265 4615 3462 4670 divinae

1905 4714 1961 4759 et
1986 4704 2090 4774 legi
2121 4705 2373 4759 humanae
2400 4715 2814 4777 congruentem,
2843 4717 2897 4762 et
2925 4707 2992 4760 ad
3025 4715 3310 4772 utramque
3343 4705 3462 4759 sine

1907 4793 2227 4849 confusione
2253 4804 2734 4865 contemperatam.
2759 4797 2904 4850 Nova
2930 4797 3035 4848 vita
3063 4795 3184 4848 fuit.
3207 4809 3315 4846 non
3347 4803 3464 4847 tan-

1907 4893 2024 4938 tum
2053 4883 2326 4954 incognita
2353 4896 2407 4941 et
2431 4888 2568 4940 mira
2593 4902 2783 4940 eorum
2815 4893 3064 4953 respectu
3095 4884 3185 4952 qui
3218 4884 3270 4937 in
3305 4885 3464 4966 terris

1907 4983 2038 5027 tunc
2085 4984 2242 5028 erant
2285 4985 2342 5029 et
2387 4976 2568 5028 adhuc
2619 4990 2800 5028 rerum
2848 4983 3043 5026 natura
3094 4972 3462 5042 incomperta,

1906 5077 2097 5116 verum
2132 5065 2296 5117 etiam
2335 5064 2594 5132 quoniam
2633 5065 2914 5118 character
2943 5076 3062 5119 erat
3096 5082 3245 5120 nova:
3277 5067 3462 5134 cujus-

1905 5151 2030 5204 dam
2064 5153 2420 5221 operationis,
2453 5155 2572 5221 ejus
2603 5156 2693 5224 qui
2732 5173 2872 5210 uovo
2908 5157 3011 5209 ritu
3046 5157 3281 5210 \ivebat.
3319 5155 3465 5210 lianc

1873 5207 2041 5293 .forte
2072 5241 2163 5309 qui
2198 5242 2408 5309 primus
2439 5243 2566 5295 huic
2601 5250 2854 5315 mysterio
2889 5247 3302 5314 appellationem
3337 5261 3464 5298 eon-

1901 5331 2210 5385 venientem
2231 5334 2576 5402 excogitavit,
2600 5355 2615 5385 ι
2641 5337 2966 5390 dei-virilem
2991 5356 3007 5384 ι
3036 5336 3265 5397 dixit,ut
3283 5344 3468 5388 osten-

1902 5419 2058 5475 deret
2102 5421 2324 5476 modum
2370 5424 2522 5476 illum
2559 5426 3066 5479 counnunirationis
3110 5425 3162 5477 in
3201 5424 3460 5479 ineﬂ‘abiii
3496 5494 3503 5501 π

1496 5550 1732 5606 VARIE
1772 5552 2171 5611 LECTIONES.

316 5647 364 5681 ”
419 5665 567 5716 συμφ

586 5785 631 5817 ³⁸
651 5785 724 5838 ὣν
755 5774 862 5838 ὀήι.
893 5785 980 5840 ed.
1012 5785 1127 5839 Gal.

241 5787 338 5844 ed.
370 5784 487 5842 Gal.

571 5649 721 5709 υειας
765 5648 854 5701 ed.
915 5648 1032 5702 Gal.
1082 5646 1178 5701 Uti
1228 5653 1560 5697 constanter.
1645 5645 1690 5676 ³ο
1739 5647 1815 5708 ὡς
1871 5645 1974 5698 κᾶν
2011 5646 2102 5700 ed.
2153 5646 2271 5702 Gal.

241 5717 374 5772 cod.
401 5712 554 5770 Gud.
602 5717 645 5746 "
668 5719 795 5786 εἴπῃ
823 5716 1065 5770 ed.-Gal.
1147 5713 1388 5766 "-Vcrba
1421 5712 1772 5782 Obte'rap—
1803 5745 1874 5754 —
1905 5741 1978 5753 —-
2002 5717 2064 5785 τῇ
2096 5719 2257 5786 σαρκὶ
2291 5733 2400 5770 non
2429 5712 2748 5785 comparent
2778 5716 2830 5769 in
2853 5716 2940 5770 cd.
2966 5715 3058 5770 Gal

241 5787 338 5838 ed.
370 5784 487 5838 Gal.
586 5785 631 5817 ³⁸
651 5785 724 5838 ὣν
755 5801 862 5838 om.
893 5785 980 5838 ed.
1012 5785 1127 5838 Gal.
1215 5784 1259 5814 ³⁶
1290 5784 1406 5834 κατ’
1439 5782 1600 5834 αὑτὸν
1622 5784 1710 5836 ed.
1755 5785 1874 5838 Gal.

2382 5649 2424 5678 ³¹
2463 5649 2523 5699 οὐ
2551 5648 2744 5716 διπλῆν
2783 5648 2868 5700 ed.
2906 5646 3021 5716 Gal.
3050 5645 3172 5716 οὖδέ
3215 5642 3464 5716 πλάστης
3510 5676 3514 5682 -

3138 5713 3182 5744 ⁸⁵
3211 5712 3466 5781 ἐκαίνησι
