3966 6340
262 386 406 454 teet
1320 453 1340 462 ι
1422 414 1431 431 -γ
1485 384 2003 469 AMBIGUQRUM
2043 339 2304 443 LIBER.
3332 375 3468 446 toea
3521 434 3528 443 .

466 574 703 620 DOMINO
749 573 1209 620 GLORIOSISSIMO
1259 570 1647 623 PHSSISIOQUE
1695 571 1903 615 DIVINA
1954 570 2349 614 PROVIDENTE
2398 568 2595 621 ATQUE
2642 566 3007 610 ADJUVANTE
3050 566 3273 610 GRATIA

1678 712 1823 754 REGI
1853 710 2115 757 KAROLO

579 854 858 899 somnus
888 850 1218 896 EXTREMUS
1247 849 1588 919 sznvonuu
1618 851 1992 917 vnsrnonuu
2018 849 2391 893 PERPETUAM
2418 847 2481 892 IN
2510 845 2766 890 cmusro
2797 844 3075 887 SALUTEM
3095 828 3147 885 ⁸.

339 1005 448 1062 Hoc
482 1024 613 1077 opus
644 1006 859 1061 Maximi
886 1007 1125 1071 monachi
1156 1015 1203 1058 et
1226 1006 1447 1069 abbatis,
1466 1006 1625 1076 quod,
1653 994 1983 1060 sanctissimo
2012 1014 2169 1076 atque
2190 1007 2493 1059 beatissimo
2523 1003 2909 1071 archiepiscopo
2934 998 3125 1068 Kyzico
3155 995 3229 1066 (a)
3252 996 3458 1049 Joanne

268 1093 595 1165 postulante,
624 1094 686 1145 de
727 1092 1075 1162 quorumdam
1126 1093 1178 1145 in
1220 1094 1556 1145 'sermonibus
1613 1093 1893 1151 beatissimi
1927 1093 2157 1161 Gregorii
2189 1092 2411 1161 theologi
2439 1089 2956 1157 Ambiguorumghoc
2997 1083 3067 1151 (b)
3097 1092 3171 1135 est
3204 1082 3467 1134 intellectu

262 1182 586 1251 difﬁcilium,
628 1179 1083 1249 explanationibus
1112 1179 1417 1248 composuit,
1462 1181 1525 1232 de
1554 1180 1733 1235 Gra’co
1769 1182 1823 1232 iit
1844 1180 2087 1243 Latinum
2118 1180 2256 1231 vobis
2292 1176 2587 1246 iubentibus
2608 1173 2778 1237 edidi;
2824 1170 3186 1237 difﬁcillimum
3232 1184 3465 1237 prorsus,

260 1268 702 1322 orthodoxissime
742 1282 942 1335 regum,
978 1265 1182 1319 servulo
1209 1275 1395 1327 vestro,
1424 1265 1671 1319 imbecilli
1702 1267 1853 1318 valde
1876 1267 2031 1317 etiam
2065 1266 2118 1316 in
2156 1263 2379 1325 Latinis,
2409 1261 2573 1314 multo
2600 1260 2764 1328 magis
2801 1259 2855 1310 in
2894 1256 3100 1318 Grecis,
3128 1255 3353 1306 laborem
3381 1255 3465 1305 in-

256 1355 535 1424 iunxistis.
554 1354 781 1421 Insuper
808 1353 966 1404 etiam
1005 1351 1296 1405 accelerare
1315 1351 1475 1404 veluti
1500 1352 1704 1403 erudito
1730 1352 1995 1419 utriusque
2013 1350 2202 1419 lingua:
2221 1351 2421 1416 citoque
2444 1343 2691 1418 perﬁcere
2707 1345 3022 1413 imperastis.
3053 1341 3151 1394 Sed
3168 1358 3261 1410 pro
3280 1341 3467 1393 viribus

260 1440 522 1508 ingenioli
557 1444 659 1492 mei
691 1448 738 1492 ct
772 1432 1057 1491 acceleravi
1074 1448 1161 1502 ,.et
1190 1439 1364 1491 divina
1409 1437 1626 1489 ducente
1655 1453 1717 1490 ac
1765 1436 2018 1505 largiente
2040 1436 2234 1504 gratia,
2273 1435 2341 1486 ad
2368 1433 2527 1501 finem
2565 1448 2725 1499 usque
2749 1432 2985 1501 perduxi.
3007 1428 3260 1481 Fortassis
3291 1434 3469 1478 autem

262 1525 627 1595 qualicunque
648 1525 892 1595 apologia
922 1524 1181 1593 defensus,
1216 1541 1318 1577 non
1350 1533 1458 1576 tam
1485 1523 1671 1577 densas
1692 1524 1938 1576 subierim
1961 1522 2225 1591 caligines,
2255 1522 2355 1581 nisi
2374 1519 2599 1573 viderem
2627 1518 2907 1606 praefatum
2930 1517 3279 1607 beatissimum
3299 1513 3470 1567 Maxi-

266 1629 423 1667 mum
446 1616 726 1682 scpissime
756 1616 810 1666 in
838 1628 1076 1682 processu
1105 1614 1187 1677 sui
1213 1613 1381 1682 operis
1409 1610 1801 1664 obscurissimas
1832 1609 2146 1661 sanctissimi
2173 1606 2394 1675 theologi
2422 1605 2656 1674 Dionysii
2674 1600 3003 1671 Areopagita:
3035 1600 3337 1664 se'ntentias,
3374 1617 3466 1652 cu-

256 1699 363 1769 jus
398 1699 699 1766 sgmbolicos
733 1698 1144 1767 theologicosque
1163 1715 1342 1751 sensus
1365 1714 1528 1768 nuper
1554 1698 1691 1750 vobis
1710 1695 1947 1759 similiter
1954 1695 2254 1764 jubentibus
2276 1691 2543 1753 transtuli,
2567 1691 2942 1750 introduxisse,
2968 1689 3295 1758 mirabilique
3318 1691 3469 1743 modo

264 1783 602 1845 dilucidasse,
629 1786 682 1836 in
714 1793 917 1837 tantum
938 1793 994 1835 ut
1026 1783 1170 1836 nullo
1206 1784 1358 1836 modo
1391 1773 1679 1836 dubitarem
1706 1784 1933 1836 divinam
1951 1779 2301 1841 clementiam,
2328 1794 2443 1847 quae
2471 1776 2741 1830 illuminat
2776 1775 3076 1828 abscondita
3116 1777 3465 1837 tenebrarum,
3548 1775 3556 1786 '

263 1885 370 1922 sua
400 1868 647 1937 ineﬂ'abili
675 1869 996 1937 providentia
1013 1869 1113 1920 hoc.
1134 1869 1464 1937 disposuisse,
1492 1878 1548 1920 ut
1574 1884 1635 1921 ea
1660 1869 1871 1937 quidem
1907 1883 2021 1937 qute
2048 1865 2188 1919 nobis
2216 1865 2442 1917 maxime
2466 1862 2698 1917 obstrusa
2730 1865 2784 1916 in
2820 1862 3079 1931 prtedictis
3112 1862 3247 1915 beati
3275 1862 3470 1931 Diony—

269 1955 341 2007 sii
369 1954 532 2016 libris,
567 1960 657 2006 aut
679 1954 776 2007 vix
820 1956 1015 2025 pervia,
1042 1970 1323 2025 sensusque
1343 1964 1542 2007 nostros
1564 1954 1739 2024 fugere
1766 1953 2091 2015 videbantur,
2117 1951 2774 2020 aperiret,sapientissimo
2797 1951 3015 2019 prtefato
3060 1947 3289 2001 Maximo
3335 1948 3466 2001 luci-

274 2040 482 2093 dissime
518 2040 855 2109 explanante.
883 2040 1124 2111 Exempli
1147 2044 1343 2111 gratia,
1372 2048 1427 2093 ut
1453 2056 1617 2109 pauca
1651 2041 1712 2091 de
1730 2038 1961 2107 pluribus
1988 2038 2177 2099 dicam,
2208 2035 2458 2103 quomodo
2480 2051 2640 2087 causa
2660 2036 2908 2096 omnium,
2927 2047 3042 2102 qua:
3069 2031 3203 2083 Deus
3232 2041 3326 2094 est,
3359 2049 3468 2085 una

269 2127 345 2178 sit
375 2124 599 2195 simplex
625 2142 687 2178 ac
746 2126 1055 2196 multiplex;
1102 2127 1275 2197 qualis
1329 2129 1393 2181 sit
1426 2127 1701 2195 processio,
1730 2125 1784 2176 id
1806 2131 1879 2175 est
1917 2121 2279 2190 multiplicatio
2304 2120 2490 2173 divina:
2519 2120 2765 2173 bonitatis
2808 2135 2899 2187 per
2926 2118 3098 2170 omnia
3131 2131 3245 2185 qua
3271 2126 3410 2177 sunt,
3435 2136 3467 2170 a
3506 2181 3510 2186 .

265 2227 478 2265 summo
504 2227 663 2281 usque
692 2212 960 2275 deorsum,
994 2230 1087 2282 per
1119 2214 1416 2282 generalem
1442 2214 1672 2265 omnium
1698 2210 1975 2283 essentiam
2009 2211 2195 2277 primo,
2224 2208 2459 2276 deinceps
2503 2224 2593 2276 per
2616 2222 2809 2276 genera
2843 2203 3255 2274 generalissima,
3286 2202 3468 2254 deinde

266 2310 373 2366 per
393 2310 590 2363 genera
616 2298 966 2367 generaliora,
988 2298 1109 2350 inde
1140 2291 1232 2368 per
1256 2300 1446 2368 species
1465 2296 1791 2366 specialiores
1821 2308 1980 2361 usque
2006 2295 2073 2345 ad
2100 2294 2289 2363 species
2304 2292 2705 2361 specialissimas
2727 2308 2818 2361 per
2838 2291 3151 2359 differentias
3180 2290 3469 2358 proprieta-

265 2391 450 2448 tesque
464 2382 789 2436 descendens.
820 2382 885 2435 Et
912 2385 1125 2447 iterum,
1148 2384 1401 2451 ejusdem,
1433 2384 1619 2436 divina?
1640 2381 1873 2435 videlicet
1911 2379 2175 2442 bonitatis,
2212 2378 2383 2445 qualis
2418 2380 2487 2430 sit
2511 2380 2756 2439 reversio,
2798 2379 2849 2429 id
2881 2385 2955 2428 est
2992 2377 3345 2444 congregatio,
3378 2392 3469 2443 ρει·

263 2465 475 2519 eosdem
506 2467 699 2534 gradus
717 2468 780 2522 ab
807 2466 1018 2534 inﬁnita
1052 2483 1233 2520 eorum
1256 2485 1373 2538 quae
1393 2476 1514 2522 sunt
1551 2468 1799 2535 variaque
1824 2462 2256 2532 multiplicatione
2281 2478 2441 2526 usque
2470 2458 2537 2514 ad
2548 2524 2553 2535 κ
2565 2460 3005 2529 simplicissimam
3026 2461 3257 2511 omnium
3294 2462 3471 2513 unita-

263 2543 534 2619 tem,un
558 2554 612 2605 in
642 2554 749 2607 Deo
777 2562 851 2606 est
878 2562 926 2606 et
948 2553 1087 2606 Deus
1109 2561 1205 2619 est,
1231 2556 1308 2608 ita
1333 2564 1389 2607 ut
1413 2565 1462 2608 et
1500 2554 1634 2607 Deus
1664 2553 1841 2605 omnia
1865 2553 1933 2603 sit
1961 2558 2007 2600 et
2046 2550 2220 2601 omnia
2245 2549 2384 2601 Deus
2429 2540 2579 2639 sint“
2594 2547 2661 2599 Et
2690 2546 2943 2615 quomodo
2985 2545 3233 2639 prwdicta
3263 2545 3470 2639 quidem
3529 2554 3537 2560 '

264 2604 447 2690 divina
482 2638 538 2690 in
562 2641 736 2692 omnia
767 2642 1025 2709 processio
1050 2604 1345 2707 avalb'ttxh
1385 2642 1593 2704 dicitur,
1638 2640 1730 2691 hoc
1755 2645 1828 2689 est
1860 2634 2124 2697 resolutio,
2178 2637 2402 2688 reversio
2430 2604 2549 2686 verti
2569 2606 2794 2709 Χ’ρέωσις,
2834 2634 2925 2685 hoc
2980 2640 3053 2683 est
3092 2631 3368 2698 deiﬁcatio.
3401 2632 3470 2684 Et

260 2739 376 2793 qua
396 2725 597 2776 ratione
626 2742 742 2794 quae
776 2710 921 2779 ’sunt
947 2728 1181 2781 maxima
1203 2727 1658 2796 multiplicatione,
1699 2724 1917 2775 minima
1940 2729 2061 2775 sunt
2083 2719 2304 2784 virtute;
2336 2737 2452 2791 qua:
2479 2710 2834 2796 veroi‘minima
2860 2718 3309 2787 multiplicatione,
3350 2736 3468 2771 ma-

256 2809 413 2862 xima
439 2811 649 2861 virtute.
680 2809 817 2872 Quid
867 2814 1238 2879 καταφατικὴν
1276 2809 1695 2879 θιρποφατικὴν
1721 2809 1800 2860 dic

1913 2807 2205 2873 θεολογίαν,
2235 2808 2292 2858 in
2336 2808 2517 2876 quibus
2560 2804 2785 2859 maxime
2832 2806 3068 2873 praedicti
3098 2804 3234 2857 beati
3271 2805 3466 2874 Diony-
3516 2832 3519 2835 ν

259 2897 336 2949 sii
359 2896 684 2963 Areopagitae
704 2898 1123 2965 'profundissima
1153 2899 1572 2965 divinissimaque
1610 2894 1926 2947 admiranda
1963 2904 2037 2947 est
2067 2894 2350 2963 disputatio
2375 2895 2399 2947 ?
2428 2894 2601 2958 Quam
2627 2895 2765 2961 clare
2792 2892 3099 2963 pulchreque
3119 2897 3311 2964 aperit,
3335 2911 3466 2962 quo-

264 2980 449 3043 modo,
472 2997 586 3033 cum
606 2982 745 3033 inter
769 2999 827 3035 se
860 2985 1107 3051 opposita:
1128 2981 1376 3050 valdeque
1402 2983 1678 3033 contraria:
1705 2981 1999 3044 vidcantur,
2029 2982 2095 3033 ad
2132 2998 2295 3033 unum
2325 2991 2501 3033 tamen
2546 2998 2848 3034 consensum
2891 2984 3223 3049 perveniunt,
3257 2992 3311 3032 ut
3344 2982 3466 3033 dum

261 3082 381 3118 una
412 3076 577 3135 neget,
605 3068 775 3120 altera
824 3067 1112 3132 conﬁrmet,
1150 3076 1429 3136 utrumque
1474 3069 1529 3119 in
1564 3076 1788 3134 utraque
1829 3070 2191 3131 contineatur;
2245 3070 2320 3121 ita
2354 3068 2415 3134 ﬁt
2462 3077 2519 3119 ut
2572 3079 2618 3121 et
2658 3069 2996 3137 καταφατικὴ
3046 3086 3146 3121 non
3199 3068 3468 3133 conﬁrmet

259 3152 413 3217 quod
446 3154 754 3222 ἀποφατική
784 3154 1028 3222 abnegat,
1054 3169 1216 3222 neque
1242 3153 1548 3221 ἀποφατικὴ
1573 3152 1786 3221 abneget

1909 3154 1973 3204 od
2018 3154 2356 3221 καταφατικὴ
2391 3155 2636 3221 affirmat.
2665 3154 2731 3207 Et
2755 3170 2855 3204 non
2881 3153 3049 3207 solum
3077 3157 3167 3207 has
3197 3154 3324 3206 duas
3355 3173 3468 3207 ma-

256 3238 440 3290 ximas
468 3239 735 3309 theologia:
770 3246 947 3309 partes
976 3240 1032 3291 in
1063 3238 1190 3303 Deo,
1222 3239 1312 3292 sed
1335 3241 1493 3291 etiam
1524 3240 1580 3291 in
1613 3240 1754 3291 omni
1800 3247 2043 3291 creatura
2077 3255 2186 3292 esse
2227 3232 2664 3308 manifestissimis
2704 3240 2937 3293 declarat
2969 3240 3247 3309 exemplis;
3274 3258 3467 3308 pereas

262 3340 499 3392 namque
529 3325 733 3377 ordines
760 3326 1043 3378 caelestium
1074 3325 1414 3379 essentiarum
1441 3333 1487 3376 et
1512 3324 1879 3377 discernuntur
1912 3336 1961 3375 et
1990 3322 2333 3376 ordinantur.’
2358 3324 2428 3377 Et
2456 3343 2560 3395 qua
2586 3329 2785 3379 ratione
2820 3326 2957 3380 Deus
2979 3328 3165 3379 dicitur
3190 3343 3389 3379 movere
3418 3336 3466 3380 et

262 3410 484 3473 moueri,
514 3410 637 3461 dum
672 3412 737 3462 sit
758 3411 1095 3463 immutabilis
1121 3428 1137 3471 ;
1169 3420 1215 3463 et
1241 3406 1377 3479 quod
1404 3425 1493 3461 nec
1536 3410 1802 3463 sensibilia
1851 3427 1942 3481 per
1967 3426 2174 3463 sensum
2221 3410 2357 3464 Deus
2391 3416 2602 3471 sentiat,
2644 3429 2733 3465 nec
2785 3413 3128 3482 intelligibilia
3153 3429 3243 3479 per
3265 3414 3465 3465 intelle-

259 3503 429 3555 ctum,
464 3511 555 3547 nec
574 3495 836 3548 sensibilia
860 3511 953 3562 per
981 3495 1320 3551 intellectum.
1354 3511 1445 3546 nec
1468 3494 1816 3564 iutelligibilia
1864 3513 1954 3566 per
1991 3511 2231 3559 sensum,
2259 3498 2348 3549 sed
2384 3501 2557 3550 omnia
2579 3500 2632 3549 in
2652 3500 2859 3550 internis
2884 3502 2988 3551 suis
3029 3498 3311 3551 rationibus
3345 3517 3464 3550 con-

268 3579 575 3647 templatur.
608 3580 683 3631 De
703 3582 906 3631 unitate
929 3595 1131 3647 quoque
1160 3582 1319 3633 trium
1354 3580 1654 3634 divinarum
1706 3584 2142 3646 substantiarnm,
2185 3582 2347 3652 deque
2396 3586 2552 3637 tribus
2591 3584 3108 3637 subslantiisdivitta:
3135 3586 3352 3636 unitatis
3380 3567 3467 3639 vix:

270 3663 371 3714 luti
418 3664 775 3731 mgsticissimo
808 3662 1119 3716 mirabiliter
1153 3664 1387 3735 disputat
1416 3669 1665 3733 senario;
1698 3678 1745 3721 et
1788 3669 1954 3722 multa
1999 3669 2125 3731 alia,
2170 3688 2284 3740 quis
2317 3674 2573 3725 studiosus
2601 3671 2868 3733 prmsentis
2918 3671 3085 3740 Operis
3141 3669 3299 3723 lector
3324 3673 3459 3723 inve-

262 3749 395 3800 niet.
428 3748 765 3801 Eusebestate
796 3749 861 3817 (c)
888 3751 1049 3819 igitur
1080 3766 1280 3819 regum,
1339 3768 1467 3820 opus
1500 3754 1636 3820 quod
1685 3754 1752 3806 ad
1782 3770 2101 3807 communem
2141 3756 2405 3810 catholica:
2437 3756 2559 3822 ﬁdei
2586 3755 3021 3809 illuminationem
3060 3758 3290 3825 jussistis
3317 3756 3454 3823 ﬁeri,

257 3831 535 3885 altissima:
577 3836 903 3887 auctoritatis
934 3843 1115 3889 vestrae
1141 3837 1331 3897 iudicio
1360 3853 1461 3889 non
1497 3842 1752 3907 respuatis
1775 3840 2007 3892 roborari
2026 3878 2039 3901 ,
2077 3847 2126 3891 et
2157 3843 2294 3894 inter
2331 3841 2525 3895 similia
2550 3857 2695 3894 sana:
2720 3843 2965 3894 doctrina:
2991 3843 3336 3895 instrumenta
3370 3858 3453 3893 rc-

254 3919 389 3985 cipi,
415 3935 529 3970 cum
555 3935 616 3971 ex
642 3921 1063 3986 prazclarissimis
1092 3921 1393 3976 Gra’corum
1424 3922 1645 3990 fontibus
1669 3932 1771 3977 non
1799 3924 2031 3977 dubitetis
2053 3923 2311 3991 derivari;
2342 3928 2394 3978 in
2428 3926 2606 3993 quibus
2631 3928 2675 3978 si
2697 3926 2819 3994 quid
2839 3928 3111 3993 incognita:
3129 3928 3291 3978 adhuc
3312 3925 3452 3977 nobis

255 4002 518 4056 doctrinis
543 4004 856 4067 inveniatur,
886 4007 1183 4059 auctoribus
1206 4007 1328 4074 ipsis
1367 4015 1440 4059 est
1462 4008 1834 4075 deputandum,
1859 4010 1979 4081 quia
2002 4023 2151 4061 nemo
2173 4011 2319 4064 aliud
2350 4013 2403 4064 in
2435 4012 2527 4063 hoc
2555 4027 2708 4081 Opere
2729 4019 2860 4063 recte
2893 4014 3019 4064 mihi
3042 4012 3182 4064 debet
3209 4011 3448 4077 tribuere,

259 4090 367 4142 nisi
392 4088 714 4151 solummodo
743 4089 1050 4158 simpliciter
1077 4091 1421 4144 transtulisse.
2842 4114 2847 4119 ί

752 4227 851 4277 ΕΚ
882 4225 1022 4277 ΤΟΥ
1048 4226 1236 4278 ΑΥΤΟ
1253 4227 1306 4278 Υ.

2419 4206 2427 4211 ’
2484 4231 2587 4284 EX
2621 4233 2877 4289 EODEM.

261 4330 417 4396 Πρὸς
455 4333 727 4402 Ἰωάννην
750 4335 1228 4402 ἀρχιεπίσκοπον
1260 4336 1514 4396 Κυζίκου
1550 4340 1805 4411 Μάξιμος

1915 4340 2248 4396 Sanctissimo
2272 4362 2332 4397 ac
2352 4344 2645 4397 beatissimo
2670 4345 3046 4411 archiepiscopo
3071 4341 3239 4412 Cyzici
3257 4345 3450 4401 Joanni

751 4423 818 4475 ἐν
843 4425 1031 4491 Κυρίῳ
1060 4427 1307 4492 χαίρειν.

341 4512 718 4569 Ἐπαινοῦνται
755 4522 870 4588 μὲν,
907 4522 999 4575 καὶ
1030 4524 1188 4592 τυχὸν
1211 4522 1430 4585 δικαίως
1453 4562 1468 4587 ,
1500 4502 1649 4595 παρὰ
1676 4530 1809 4583 πάν-

253 4619 365 4657 των
408 4603 510 4671 τῆς
552 4604 901 4674 φιλομαθείας
946 4611 1131 4664 ἕνεκεν
1169 4616 1216 4665 οἱ
1258 4612 1648 4686 προθυμότεροι
1700 4620 1807 4672 τῶν

254 4691 443 4747 καλῶν
458 4694 695 4778 ,ἐρασταὶ
722 4698 812 4749 καὶ
834 4699 932 4766 τῆς
957 4702 1042 4752 ἐπ’
1068 4703 1250 4764 αὐτοῖς
1275 4702 1580 4774 ἐπιστήμης
1608 4709 1805 4778 ἐπιμε-

251 4782 419 4851 )ηταὶ
447 4786 846 4857 σπουδαιότερα
873 4791 985 4851 τοῖς
1012 4793 1284 4860 κρείττοσι
1314 4793 1407 4844 καὶ
1429 4794 1535 4846 τῶν
1566 4798 1804 4866 κρειττό-

393 4869 732 4937 διδασκάλοις
764 4876 1075 4945 προσιόντες
1093 4922 1106 4943 ,
1141 4880 1220 4931 ὅτι
1250 4879 1317 4930 δι’
1346 4881 1664 4952 ἐρωτήσεως
1705 4866 1819 4957 τὴν»

254 4956 459 5026 γνῶσιν
483 4959 589 5013 τῶν
613 4964 960 5032 ἠγνοημένων
1007 4969 1099 5021 καὶ
1122 4969 1219 5037 τὴν
1247 4968 1551 5037 ἐπιστήμην
1584 4974 1805 5025 ἀνεπαι-

255 5047 504 5120 σχύντως
557 5052 916 5123 λαμὸάνοντες
976 5061 1116 5128 σφᾶς
1184 5059 1375 5121 αὐτοὺς
1435 5060 1653 5125 ἀγνοίας
1711 5065 1803 5115 καὶ

322 5180 402 5317 fa)
427 5180 602 5252 [reges
633 5185 822 5268 ϐατὴ-ί.
858 5187 1055 5271 (Cale)

433 5249 592 5337 ls‘est
618 5254 989 5337 lnu;u_s_operts
1014 5262 1226 5337 titulus.
1250 5260 1617 5337 Nam‘Scholia
1648 5265 1796 5337 aliud

257 5321 709 5402 opus_est_nujus
752 5321 989 5402 Ρτίειιιίῐῐιί-ἶ
1032 5327 1248 5402 Horum
1281 5330 1650 5402 Ambiguorum
1683 5334 1798 5402 ipse

222 5408 227 5413 ’
258 5388 511 5442 meminit
534 5388 801 5445 Maximus
838 5408 890 5461 p.
927 5394 992 5447 15
1041 5400 1175 5452 tomi
1206 5399 1248 5453 ll
1298 5388 1455 5467 Opp."
1492 5388 1800 5465 editoru'm;

2117 4430 2380 4485 Maximus
2405 4432 2611 4486 humilis
2642 4432 2917 4486 monachus
2941 4429 3165 4484 salutem
3183 4435 3238 4485 “.

1978 4528 2291 4583 Laudantur
2315 4516 2556 4597 quidem,
2582 4538 2636 4583 et
2654 4526 2901 4580 fortassis
2924 4528 3089 4596 juste,
3109 4529 3177 4582 ab
3198 4531 3449 4583 omnibus

1908 4616 1999 4685 qui
2045 4615 2186 4672 bona
2231 4628 2458 4688 propter
2503 4617 2739 4671 studium
2783 4615 3048 4671 doctrinae
3092 4620 3447 4688 promptiores

1902 4713 2107 4769 amant,
2131 4716 2188 4761 et
2220 4707 2581 4775 disciplinam,
2613 4718 2734 4771 quas
2767 4703 2822 4757 in
2857 4706 2938 4759 eis
2970 4716 3074 4768 est,
3104 4708 3445 4760 sollicitiores

1907 4793 2167 4863 cogitant,
2195 4796 2262 4851 ad
2297 4797 2549 4850 meliores
2573 4800 2629 4845 et
2658 4793 2946 4847 meliorum
2976 4795 3263 4864 magistros
3296 4794 3469 4852 accc?

1908 4885 2117 4949 dentes,
2146 4888 2273 4955 quia
2308 4900 2404 4954 per
2433 4884 2911 4952 interrogationem
2948 4886 3249 4953 sapientum
3282 4886 3444 4938 disci-

1908 4972 2106 5042 plinam
2134 4981 2448 5029 reverenter
2469 4972 2821 5040 accipientes,
2848 4987 2904 5026 se
2934 4972 3080 5040 ipsos
3107 4976 3173 5027 ab
3199 4976 3444 5043 ignoran-

1910 5063 1979 5115 tia
2020 5070 2075 5115 et
2112 5064 2380 5133 imperitia
2416 5070 2473 5116 et
2511 5077 2698 5117 earum
2737 5064 3030 5141 opprobrio
3064 5065 3313 5118 liberant.
3342 5065 3444 5117 Vos
3527 5078 3533 5083 '

1903 5196 2151 5248 meminit
2176 5197 2422 5257 Photius,
2453 5197 2987 5251 meminitBaronius
3015 5207 3069 5252 et
3096 5200 3149 5252 in
3163 5197 3444 5253 codicibus
3521 5223 3525 5226 ~

1904 5263 2184 5333 Vaticanis
2214 5266 2420 5319 servari
2458 5274 2711 5320 testatur.
2746 5264 2942 5333 (Gale.)
3270 5310 3271 5314 η

1975 5332 2041 5401 (c)
2071 5333 2291 5398 |Eadem
2332 5349 2494 5388 manu
2534 5337 2586 5389 in
2618 5332 3078 5402 marg.rscri'ptum
3106 5333 3277 5402 reperi
3306 5334 3440 5386 Piis-

1896 5402 2048 5484 sime.
2075 5402 2253 5455 Credo
2278 5402 2499 5457 Scotum
2529 5404 2713 5458 Grmca
2746 5401 3049 5467 affectasse,
3089 5414 3145 5456 ut
3171 5401 3328 5454 alibi.
3361 5404 3437 5457 Id.

317 5496 665 5575 zjf‘iﬂﬂhﬂc
694 5501 899 5575 ερίεῑίζιεξ
939 5503 1068 5575 inter
1104 5509 1262 5573 Opera
1301 5509 1498 5575 Joannis
1539 5512 1666 5575 Secti
1696 5516 1895 5575 (nostra:
1919 5512 2236 5575 _Patrologiat
2273 5513 2449 5566 Latina:
2491 5522 2609 5564 tom.
2629 5511 2813 5573 CXX-il,
2841 5525 2898 5560 ex
2929 5511 3443 5575 recensioneloannis

152 5590 157 5597 ~
252 5556 592 5635 iigllflflogs,
614 5556 922 5635 Bonﬁensis).
960 5556 2045 5635 lion-ovesutriUSqueVediiioni‘sveoilatione’
2062 5556 2233 5624 Exibit;
2248 5556 3265 5635 ré'siiillimiié'auié"'ébile'éldiié’iiaiensss
3288 5556 3441 5623 clé'EaI

256 5622 458 5682 “ptem
484 5622 678 5669 oculum
703 5622 940 5682 fugerant.
969 5623 1083 5675 Enn-

285 5676 333 5699 "
375 5678 559 5728 Joanne
582 5683 728 5732 Scuto
751 5676 1038 5741 interprete.
