3966 6340
627 400 648 458 1
661 399 763 463 063

1782 402 1843 463 S.
1877 401 2161 464 MAXIMI
2198 404 2702 472 CONFESSORIS

3718 422 3863 489 Ῑθῗλὶ

625 520 807 567 autem
842 515 967 583 quis
1001 516 1162 585 digne
1198 515 1433 571 laudarit
1466 518 1679 570 sermo?
1711 518 1807 571 aut
1839 517 1961 586 quis
1997 518 2164 572 homi-

2279 523 2533 595 ἀπειρίας
2559 528 2654 579 καὶ
2682 527 2781 580 τοῦ
2810 532 2927 582 κατ’
2961 530 3127 595 αὑτάς
3159 534 3389 598 ὀνείδους
3437 535 3855 607 ἐλεδθεροῦσιν.

624 620 757 657 num
780 645 794 667 ,
824 606 925 660 etsi
960 606 1255 676 diligentiae
1283 608 1715 676 etperimcntum
1750 608 2056 677 accipiens.
2080 624 2176 663 ve-

625 703 751 748 stra).
775 695 996 749 virtutis
1027 697 1453 766 magnitudinem
1483 698 1717 751 idoneus
1743 685 2015 752 inveniet?
2040 686 2175 763 Quia

624 786 943 854 probabiles
966 788 1147 841 ovium
1175 773 1578 846 rationabilium
1605 798 1850 857 pastores
1875 778 2008 842 dum~
2034 789 2173 851 sitis,

625 884 683 929 et
705 876 769 928 ad
801 892 1097 944 supernum
1126 879 1270 931 ovile
1296 878 1521 931 vocibus
1548 878 1740 932 ﬁstula:
1764 878 2061 947 spiritualis
2085 893 2176 932 eas

623 968 825 1021 dueere
865 978 922 1022 et
961 970 1311 1022 introducere
1353 968 1555 1032 nostis,
1592 970 1952 1038 singularem,
1989 969 2175 1023 multis

624 1058 1034 1125 impossibilem,
1067 1059 1306 1127 mysticae
1339 1058 1648 1111 divinorum
1684 1060 1925 1113 scientia:
1955 1059 2174 1112 habitu-

620 1147 803 1201 dinem
846 1150 1291 1218 praeoecupastis,
1332 1166 1430 1218 per
1469 1166 1631 1219 quam
1671 1149 1874 1203 Christi
1915 1149 2171 1203 Ecclesiae

620 1239 767 1305 digni
824 1239 1116 1307 ﬁdelesque
1166 1239 1565 1308 gubernacula,
1608 1240 1763 1293 navis
1812 1239 1865 1291 in
1916 1238 2167 1302 modum,

619 1318 959 1397 disciplinate
1003 1330 1267 1399 dirigitis,
1302 1346 1427 1385 eum
1471 1345 1637 1383 onere
1682 1328 1832 1393 ﬁdei,
1865 1329 2170 1399 divinaeque

617 1420 1047 1473 conversationis
1070 1420 1266 1472 decore
1293 1420 1359 1473 ad
1389 1428 1605 1487 portum
1630 1421 1829 1474 divina:
1852 1420 2164 1484 voluntatis,
2203 1459 2211 1468 .

617 1508 723 1575 per
745 1524 893 1561 mare
928 1509 1109 1562 sarculi
1142 1509 1532 1563 tentationibus
1564 1510 1808 1564 illaesam.
1848 1511 1920 1563 De
1952 1510 2039 1562 his
2072 1524 2169 1562 au-

616 1603 748 1655 tem,
780 1611 899 1663 quae
929 1596 1085 1648 vobis
1111 1596 1325 1663 cognita
1357 1604 1505 1659 sunt,
1534 1612 1765 1664 quorum
1803 1597 1966 1650 etiam
2004 1599 2169 1673 magi-
2212 1648 2218 1655 .

616 1694 759 1738 stros
780 1700 875 1738 vos
908 1688 1500 1749 constituit'Dominus,
1526 1703 1637 1755 non
1672 1688 1846 1760 solum
1879 1687 2167 1755 sapientio-

615 1789 736 1835 res,
770 1774 813 1827 si
860 1776 984 1843 quis
1037 1776 1111 1847 (ά)
1164 1786 1406 1845 vestrum
1458 1784 1542 1831 est
1593 1777 1817 1831 omnino
1868 1777 2165 1831 secundum

2295 612 2469 681 ’Υμᾶς
2502 615 2560 667 δέ
2598 616 2682 678 τίς
2714 616 2779 669 ἂν
2808 618 2970 683 ἀξίως
3001 621 3529 691 ἐπαινέσειελλόγοςς
3563 627 3595 695 ἢ
3629 628 3723 687 τίς
3759 630 3853 683 ἀν-

2282 702 2513 774 θρώπων
2542 707 2645 760 κᾶν
2668 708 2876 781 διανοίᾳ
2905 712 3216 782 περιλαϐεῖν
3245 715 3396 783 ὑμῶν
3408 716 3453 747 ⁸⁸
3482 717 3539 767 τὸ
3582 718 3690 785 τῆς
3722 719 3856 787 ἀρε-

2279 795 2378 862 τῆς
2410 795 2637 864 μέγεθος
2673 799 2853 864 ἱκανὸς
2883 802 3269 872 εὑρεθήσεται;
3294 806 3416 872 Ὅτι
3440 807 3652 874 δόκιμοι
3694 808 3852 875 λογι-

2280 884 2392 937 κῶν
2421 886 2706 955 προϐάτων
2749 892 3001 960 ποιμένες
3032 894 3398 967 ὑπάρχοντες,
3433 897 3528 948 καὶ
3568 900 3717 966 πρὸς
3753 896 3849 967 τὴν

2277 974 2391 1027 ἄνω
2421 975 2661 1047 μάνδραν
2688 980 2893 1047 φωναῖς
2916 981 3174 1051 σύριγγος
3199 988 3575 1054 πνευματικῆς
3610 988 3847 1053 ἀνά-τείν

2276 1080 2335 1115 τε
2382 1067 2476 1118 καὶ
2516 1068 2799 1136 ἐπάγειν⁸⁹
2831 1072 3051 1137 εἰδότες,
3092 1070 3178 1126 οἷα
3195 1076 3239 1107 ⁶⁰
3284 1076 3347 1145 δὴ
3396 1077 3495 1144 τῆς
3540 1062 3835 1144 ἀνεφίκτου

2275 1154 2388 1216 τοῖς
2416 1154 2596 1218 ἄλλοις
2625 1158 2735 1212 τῶν
2764 1159 2921 1213 θείων
2964 1162 3229 1229 μυστικῆς
3276 1163 3530 1230 γνώσεως
3575 1165 3676 1234 τὴν
3729 1166 3843 1229 ἕξιν

2276 1240 2696 1315 προειληφότεςο
2748 1248 2869 1301 καθ’
2927 1250 2993 1319 ἦν
3042 1252 3150 1318 τῆς
3202 1252 3438 1320 Χριστοῦ
3507 1253 3841 1321 Ἐκκὶησίας

2275 1332 2444 1397 ἀξίως
2477 1339 2879 1407 πεπιστωμένοι
2910 1332 3093 1412 (116
3118 1342 3169 1407 b)
3195 1341 3321 1403 τοὺς
3343 1343 3535 1404 οίακας
3551 1344 3669 1411 νηὸς
3694 1348 3803 1413 τρό

2275 1438 2378 1474 πον
2406 1425 2783 1495 ἐπιστημόνως
2824 1428 3052 1488 ἰθύνετε,
3099 1432 3237 1497 μετά
3261 1431 3355 1483 τοῦ
3383 1433 3576 1504 φόρτου
3602 1435 3693 1502 τῆς
3728 1437 3827 1486 πῖ-

2276 1528 2447 1575 στεως
2471 1514 2565 1568 καὶ
2586 1516 2686 1585 τῆς
2707 1516 2801 1570 τοῦ
2834 1519 2975 1572 κατά
2998 1519 3132 1574 Θεὸν
3165 1522 3281 1590 βίου
3308 1524 3654 1593 εὐπρεπείας,
3684 1524 3824 1593 προς

2271 1602 2363 1655 τὸν
2408 1603 2600 1673 λιμένα
2646 1607 2739 1660 τοῦ
2776 1609 2921 1661 θείου
2951 1610 3256 1681 θελήματος
3280 1655 3295 1677 ,
3341 1615 3506 1682 μηδὲν
3543 1616 3652 1668 τῶν
3674 1620 3832 1669 κατὰ

2271 1692 2373 1763 τὴν
2405 1695 2682 1748 θάλασσαν
2710 1698 2803 1750 τοῦ
2836 1697 2950 1766 βίου
2996 1702 3320 1771 πειρασμῶν
3361 1691 3829 1771 παραϐλαϐεῖσαν.

2273 1778 2408 1849 Περὶ
2434 1780 2541 1833 τῶν
2569 1783 2922 1851 ἐγνωσμένων
2961 1787 3108 1856 ὑμῖν,
3150 1783 3225 1840 ὧν
3267 1790 3355 1842 καὶ
3382 1791 3658 1861 ἐξηγητὰς
3689 1796 3832 1863 ὑμᾶς

615 1862 897 1916 scientiam
932 1864 1206 1931 superior,
1232 1863 1328 1918 sed
1361 1875 1418 1918 et
1448 1865 1599 1918 nullo
1630 1864 1845 1935 dignos,
1870 1876 1926 1919 et
1954 1866 2164 1934 penitus

2271 1869 2604 1938 κατέστησεν
2631 1874 2659 1923 ὁ
2686 1874 2829 1936 Θεὸς
2850 1916 2864 1938 ,
2896 1876 2957 1927 οὐ
2976 1878 3149 1945 μόνον
3176 1880 3303 1943 τοὺς
3333 1885 3671 1953 σοφωτέρους
3695 1926 3714 1948 ,
3734 1862 3821 1940 εί·

612 1954 793 2007 munis
847 1954 1129 2022 imperitos
1171 1954 1465 2016 doctrinae,
1514 1955 1622 2009 ﬁde
1677 1955 1991 2009 inveniendi
2039 1955 2171 2024 quid

612 2045 797 2098 nobile
828 2045 988 2099 etiam
1020 2046 1162 2115 apud
1198 2045 1267 2117 (ε)
1306 2045 1637 2109 immundos,
1662 2046 1804 2101 sicut
1831 2044 1978 2109 soliti
2012 2045 2168 2107 estis,

616 2134 897 2203 indignum
925 2135 1265 2205 interrogare
1296 2152 1405 2209 non
1432 2136 1652 2189 ducitis.
1676 2136 1752 2189 Ac
1780 2147 1881 2203 per
1902 2134 2007 2189 hoc
2030 2134 2171 2188 acci-

613 2221 771 2288 piens
808 2229 862 2274 ct
894 2237 994 2290 ego
1012 2223 1393 2276 Venerabilem
1421 2231 1658 2277 vestram
1694 2223 2004 2292 epistolam,
2031 2223 2168 2278 scri-

612 2310 742 2365 bere
780 2311 936 2365 vobis
970 2312 1252 2381 jubentem
1290 2313 1357 2367 de
1401 2329 1733 2383 unoquoque
1771 2313 2060 2368 dubiorum
2102 2312 2166 2385 (Γ)

608 2399 765 2453 vobis
801 2386 1163 2468 capitulorum
1196 2401 1251 2454 in
1286 2402 1459 2456 sancti
1496 2402 1733 2471 theologi
1768 2402 2014 2472 Gregorii
2048 2417 2168 2455 ser-

609 2491 892 2555 monibus,
937 2490 1006 2545 de
1055 2491 1258 2560 quibus
1310 2492 1552 2547 studium
1602 2493 1901 2556 habebam,
1946 2491 2168 2560 quando

606 2596 730 2634 cum
763 2583 1213 2637 convenientibus
1243 2598 1413 2646 eram,
1442 2583 1709 2637 redditam
1740 2590 1870 2636 tunc
1898 2581 2164 2636 rationem

606 2672 889 2739 scriptura:
928 2672 1268 2726 commendo.
1299 2674 1409 2728 Vos
1448 2672 1670 2741 quidem
1713 2672 1908 2733 merito
1943 2672 2165 2728 virttitis

606 2761 837 2814 miratus
882 2776 1033 2823 sum,
1071 2769 1127 2815 et
1166 2760 1222 2814 in
1267 2762 1381 2831 ipsa
1435 2762 1633 2815 claram
1683 2771 1845 2831 atque
1889 2762 2161 2816 excelsam

604 2849 822 2904 Christo
853 2850 1152 2918 placentem
1188 2860 1419 2906 vestram
1459 2851 1883 2921 hospitalitatem
1916 2848 2157 2916 laudavi,

2274 1973 2481 2048 περτις
2507 1959 2658 2028 ὑμῶν
2690 1963 2835 2018 ἐστιν
2855 1965 2991 2029 ὅλως
3019 1969 3159 2022 κατά
3187 1969 3283 2040 τὴν
3315 1973 3511 2038 γνῶσιν
3531 1975 3824 2048 ἀνώτερος,

2269 2046 2527 2102 ἀλλὰκαὶ
2554 2051 2681 2114 τοὺς
2722 2053 2946 2123 μηδενὸς
2985 2057 3167 2121 ἀξίους
3196 2060 3289 2113 καὶ
3318 2064 3596 2127 παντελῶς
3625 2046 3828 2131 παντὸς

2267 2136 2530 2208 ἀπείρους
2580 2141 2897 2212 μαθήματος
2923 2183 2938 2207 ,
2970 2147 3150 2201 πίστει
3196 2151 3289 2204 τοῦ
3330 2154 3508 2224 εὑρεῖν
3535 2173 3610 2222 τι,
3644 2159 3826 2222 καθὼς
3867 2177 3877 2186 ⁸

2267 2229 2493 2320 είώθατε
2515 2274 2530 2298 ,
2568 2234 2665 2286 καὶ
2712 2236 2869 2304 παρὰ
2897 2240 3008 2301 τοῖς
3041 2240 3275 2317 ἀσήμοις
3315 2243 3584 2315 ἐπίσημον
3615 2250 3827 2320 ἐρωτᾷν

2265 2318 2363 2387 οὐχ
2389 2321 2607 2389 ἡγεῖσθε
2641 2323 2874 2389 ἀνάξιον.
2896 2326 2987 2379 Διὸ
3014 2314 3169 2396 κάγὼ
3192 2314 3610 2408 δεξάμενος-δὴν
3633 2314 3825 2407 τιμίαν

2265 2408 2419 2477 ὑμῶν
2443 2410 2732 2483 ἐπιστολὴν
2754 2415 2845 2467 τὸν
2880 2420 3007 2487 περὶ
3041 2421 3271 2474 ἐκάστου
3300 2425 3409 2475 τῶν
3435 2427 3826 2497 ἀπορηθέντων

2266 2500 2394 2569 ὑμῖν
2408 2500 2450 2533 ⁸⁸
2484 2503 2793 2586 κεφαλαίων
2823 2507 2878 2563 ἐν
2907 2511 3018 2582 τοῖς
3064 2509 3159 2562 τοῦ
3205 2512 3359 2579 ἁγίου
3405 2515 3704 2586 Γρηγορίου
3731 2519 3822 2572 τοῦ

2266 2591 2523 2667 Θεολόγου
2536 2594 2582 2626 ⁸⁸
2631 2582 2841 2664 λόγοις,
2889 2600 3015 2669 περὶ
3062 2594 3138 2656 ὧν
3184 2582 3607 2677 ἐφιλοπονοῦμεν
3659 2611 3826 2680 ἡνίκα

2266 2683 2363 2735 σὺν
2392 2682 2639 2754 ἀλλήλοις
2667 2681 2810 2756 ἦμεν
2828 2728 2843 2751 ,
2876 2688 3205 2744 ἀποδοθέντα
3239 2695 3298 2746 τὸ
3326 2696 3632 2764 τηνικαῦτα
3658 2699 3824 2768 λόγου

2263 2776 2448 2843 γραφῇ
2492 2774 2846 2847 καταθεμένῳ
2875 2779 3077 2832 στεῖλαι
3118 2781 3243 2850 ὑμῖν
3290 2785 3640 2848 κελεύουσαν,
3673 2789 3819 2857 ὑμεῖς

2266 2861 2364 2928 μὲν
2393 2863 2618 2927 εἰκότως
2649 2865 2748 2935 τῆς
2780 2868 2989 2937 ἀρετῆς
3011 2862 3296 2946 ἐθαύμασα
3323 2874 3417 2925 καὶ
3443 2875 3545 2943 τῆς
3576 2878 3682 2929 κατ’
3710 2878 3809 2930 αὖ·

604 2943 777 3010 magis
805 2958 935 3015 vero
964 2942 1061 3010 per
1084 2958 1301 2997 omnem
1332 2944 1551 2997 modum
1585 2958 1683 3011 per
1710 2958 1806 2996 vos
1835 2952 1891 2997 et
1918 2943 1974 2996 in
2005 2941 2162 2996 vobis

2266 2951 2359 3022 τὴν
2406 2957 2836 3026 χριστοπρεποῦς
2881 2958 3036 3028 ὑμῶν
3083 2941 3354 3032 πτωχείας
3370 2965 3415 2996 ⁸³
3456 2941 3517 3019 το
3568 2970 3817 3037 παμφαὲς

604 3028 960 3097 gloriﬁcatum
988 3030 1298 3095 Dominum,
1324 3032 1416 3099 qui
1449 3032 1575 3085 fecit
1603 3048 1703 3086 vos
1735 3032 1800 3085 ad
1836 3028 1941 3087 hec
1968 3033 2161 3101 dignos

2266 3042 2358 3094 καὶ
2392 3042 2597 3111 ὑψηλὸν
2642 3046 2928 3117 ἀνύμνησα
2951 3089 2966 3112 ,
3017 3028 3306 3119 μᾶλλον-δέ
3349 3055 3445 3107 τὸν
3479 3057 3619 3110 κατά

603 3117 744 3182 ﬁeri,
769 3119 1129 3188 donatamque
1151 3121 1221 3174 ab
1248 3122 1366 3189 ipso
1385 3122 1662 3188 virtutem,
1689 3123 1781 3191 qui
1808 3125 1921 3176 suis
1948 3122 2021 3191 (g)
2046 3137 2163 3175 δεῖς

2266 3134 2459 3202 τρόπον
2492 3134 2561 3186 δι’
2594 3136 2745 3218 ρμῶν
2775 3155 2832 3191 τε
2861 3141 2954 3191 καὶ
2979 3117 3036 3191 ἐν
3064 3142 3189 3209 ὑμῖν
3208 3142 3558 3219 δοξαζόμενον
3589 3149 3808 3219 Κύριον,

601 3206 686 3260 vis
710 3223 807 3276 per
829 3217 1006 3262 vestra
1028 3225 1193 3278 opera
1214 3210 1458 3264 veritatis
1480 3223 1666 3280 aperte
1690 3212 2153 3281 pulchritudinem

2266 3195 2351 3274 τδν
2383 3221 2478 3274 καὶ
2510 3195 2813 3294 ποίησαντα
2841 3225 2986 3295 ὑμᾶς
3015 3195 3113 3279 καί
3133 3230 3235 3298 τὴν

601 3299 934 3363 manifestat,
960 3316 1130 3371 usque
1163 3302 1232 3355 ad
1262 3317 1347 3358 me
1382 3318 1630 3371 parvum,
1657 3312 1714 3357 et
1736 3303 1885 3357 nullo
1910 3302 2155 3373 dignum,

600 3396 658 3439 et
703 3387 1011 3455 indoctum,
1054 3398 1109 3443 ct
1150 3392 1297 3444 omni
1349 3392 1556 3444 nudum
1600 3394 1825 3446 omnino
1860 3394 2063 3447 virtute
2104 3403 2161 3447 et

602 3476 852 3528 scientia.
891 3478 967 3530 Ac
1010 3495 1107 3546 per
1147 3480 1249 3533 hoc
1296 3482 1612 3535 humiliatos
1656 3482 2039 3545 considerans,
2073 3497 2160 3536 me

604 3565 781 3632 ipsum
811 3568 1063 3635 accipere
1092 3578 1332 3622 vestrum
1366 3581 1696 3639 praeceptum
1729 3571 2024 3625 secundum
2053 3574 2160 3627 vir-

602 3664 772 3707 tutem
810 3658 1199 3725 compuleram,
1227 3659 1629 3716 dum'in.nullo
1665 3662 1986 3716 temerarius
2014 3664 2160 3716 aesti-

603 3746 791 3799 mabor
823 3749 1009 3801 multis
1039 3749 1203 3802 vestri
1246 3751 1418 3817 gratia
1458 3751 1664 3806 faciens
1702 3767 2031 3814 sermonem,
2058 3753 2158 3807 sed

600 3846 656 3888 ct
684 3853 779 3890 vos
807 3846 1012 3905 gratam
1047 3846 1101 3891 et
1133 3841 1418 3893 amabilem
1452 3842 1817 3900 obaudientia:
1850 3842 2156 3895 mercedem

602 3926 850 3993 accipere
880 3930 1215 3995 exspectanti
1248 3939 1458 3983 vestras
1483 3930 1739 3984 videlicet
1770 3931 2046 3985 orationes
2076 3932 2161 3985 in-

602 4024 778 4068 tentas
802 4010 1064 4069 consuete
1089 4016 1381 4081 donabitis,
1406 4027 1464 4071 ut
1484 4017 1735 4073 Christus
1759 4019 2039 4085 Dominus,
2062 4020 2157 4089 qui

600 4116 685 4159 est
716 4115 958 4174 paratum
993 4107 1298 4161 timentium
1333 4124 1391 4161 se
1424 4108 1774 4178 adjutorium,
1807 4110 1991 4163 veniat
2021 4111 2155 4164 mihi

600 4199 869 4251 sermonis
895 4198 1142 4269 adjutor;
1175 4200 1345 4269 magis
1370 4208 1549 4254 autem
1576 4201 1808 4254 dicendo
1838 4210 2010 4255 totum
2043 4203 2153 4271 pie,

602 4295 664 4339 ut
705 4288 943 4341 Verbum
996 4289 1258 4358 largiatur
1303 4290 1553 4343 verbum.
1598 4290 1768 4343 Posco
1825 4298 2005 4344 autem
2056 4306 2153 4345 vos

601 4379 960 4447 postulantes.
988 4396 1056 4433 ne
1086 4393 1330 4435 ornatam
1363 4381 1619 4449 quaeratis
1653 4398 1681 4434 a
1718 4397 1802 4435 me
1833 4381 2151 4445 dictionem,

600 4470 694 4538 qui
745 4479 1003 4523 ornantes
1053 4471 1298 4523 auditum
1350 4487 1629 4525 sermones
1680 4487 1787 4526 non
1845 4472 2048 4535 habeo,
2099 4480 2155 4526 et

601 4560 835 4614 curiosis
872 4560 945 4625 (Ii)
979 4561 1196 4613 bombis
1225 4562 1462 4615 ambitus
1493 4562 1670 4617 facere
1706 4564 1914 4633 ignoro.
1941 4564 2152 4617 Talium

598 4652 747 4705 enim
778 4651 1148 4705 doctrinarum
1183 4652 1310 4703 dum
1345 4652 1445 4704 sim
1480 4653 1714 4716 inscius,
1740 4664 1796 4707 ct
1835 4671 2009 4718 curze,
2035 4671 2155 4724 qua:

603 4737 657 4790 in
690 4739 771 4791 eis
801 4747 904 4803 est,
933 4740 1360 4809 magnitudinem
1393 4756 1497 4793 non
1529 4743 1889 4805 constituens,
1919 4745 2157 4799 dilectis-

602 4828 797 4881 simum
830 4846 952 4883 reor
978 4842 1142 4898 atque
1172 4830 1436 4899 optabile,
1458 4830 1503 4883 si
1532 4845 1751 4884 sensum
1782 4831 1960 4899 magni
1994 4834 2156 4901 hujus

599 4926 656 4971 et
682 4920 850 4971 sancti
881 4921 1143 4988 magistri,
1166 4922 1269 4975 etsi
1298 4921 1523 4975 confusa
1553 4919 1951 4991 explanatione,
1971 4932 2027 4977 et
2052 4925 2156 4979 hoc

601 5006 998 5074 aliquantulum
1040 5008 1459 5072 considerarim,
1495 5027 1602 5063 non
1647 5020 1826 5065 tamen
1866 5013 2151 5081 multiplici

601 5112 763 5150 versu
795 5099 1189 5166 expositionem
1220 5100 1645 5155 honoriﬁcando.
1672 5102 1978 5173 Thcologus
2008 5105 2152 5157 enim

2259 3310 2352 3365 τοῦ
2390 3311 2644 3380 γενέσθαι
2683 3315 3030 3383 χαρισθεῖσαν
3059 3319 3188 3389 ὑμῖν
3216 3320 3445 3391 δύναμιν
3476 3304 3589 3389 τοῖς
3621 3328 3821 3383 ἐαυτόῦ

2264 3400 2515 3469 ίδιώμασι
2541 3402 2607 3454 δι’
2636 3404 2815 3458 αὐτῶν
2844 3406 2952 3459 τῶν
2966 3408 3011 3439 ⁸⁸
3058 3408 3235 3479 ἔργων
3263 3400 3371 3466 καὶ
3412 3415 3511 3484 τῆς
3561 3417 3822 3485 ἀληθείας

2260 3490 2527 3560 ἀριδήλως
2558 3494 2905 3567 ὡραῖσμένην
2938 3499 3281 3567 ὲκφαίνοντα,
3316 3505 3509 3574 μέχρις
3554 3507 3680 3575 ἐμοῦ
3715 3508 3813 3561 τοῦ

2262 3581 2459 3652 μικροῦ
2492 3585 2584 3635 καὶ
2619 3586 2845 3656 μηδενὸς
2890 3587 3042 3652 ἀξίου
3086 3591 3182 3644 καὶ
3211 3592 3457 3661 ἀμαθοῦς
3502 3598 3594 3649 καὶ
3633 3598 3820 3666 πάσης

2258 3672 2468 3741 γυμνοῦ
2503 3675 2848 3728 παντάπασιν
2875 3679 3075 3748 ἀρετῆς
3100 3682 3193 3733 καὶ
3223 3683 3499 3749 γνώσεως.
3532 3687 3667 3754 Περὶ
3690 3690 3820 3741 τού-

2258 3779 2353 3815 του
2378 3763 2812 3828 ταπεινωθέντας
2843 3766 3111 3837 θεώμενος
3141 3773 3377 3842 ἐμαυτὸν
3401 3777 3456 3827 δὲ
3507 3779 3527 3844 (
3549 3780 3713 3847 117
3746 3781 3815 3847 a)

2260 3853 2655 3917 καταδέξασθαι
2682 3855 2836 3925 ὑμῶν
2859 3858 2920 3911 τὸ
2950 3861 3231 3931 ἐπίταγμα
3252 3865 3388 3917 κατά
3408 3865 3641 3934 δύναμιν
3671 3869 3812 3923 ἐϐια-

2262 3939 2460 4009 σάμην,
2497 3940 2702 4012 μηδένα
2740 3944 2836 4023 “rei?
2888 3949 3166 4021 προπετὴς
3194 3951 3508 4021 νομισθῆναι
3536 3957 3654 4017 τοῖς
3687 3956 3814 4008 πολ-

2256 4030 2369 4093 λοῖς
2427 4026 2576 4101 ὑμῶν
2638 4035 2796 4105 χάριν
2855 4039 3224 4107 ποιησάμενος
3284 4042 3473 4110 λόγον·
3536 4044 3673 4097 ἀλλὰ
3723 4044 3831 4097 καί

2258 4122 2415 4190 ὑμεῖς
2440 4122 2531 4176 τὸν
2558 4124 2828 4207 προσφιλῆ
2858 4128 2954 4181 καὶ
2978 4130 3240 4200 ἐράσμιον
3264 4132 3361 4199 τῆς
3391 4126 3696 4196 εὐπειθείας
3713 4152 3807 4203 μι-

2259 4211 2384 4264 σθὸν
2422 4212 2729 4267 ἀντιλαϐεῖν
2766 4215 3105 4288 ἐκδεχομένῳ
3134 4219 3233 4283 τὰς
3264 4221 3546 4290 ὑμετέρας
3576 4225 3807 4283 ἐκτενεῖς

2256 4303 2421 4371 εὑχάς
2447 4303 2694 4374 συνήθως
2722 4307 3040 4376 χαρίσασθε,
3066 4308 3214 4372 ὅπως
3254 4311 3495 4379 Χριστὸς
3524 4316 3550 4365 ό
3575 4314 3745 4373 Θεδςτ
3776 4314 3811 4379 ἡ

2256 4389 2444 4460 ἑτοίμη
2475 4391 2585 4443 τῶν
2613 4393 2961 4461 φοϐουμένων
2991 4397 3151 4457 αὐτὸν
3182 4399 3403 4465 βοήθεια
3422 4439 3438 4461 ,
3476 4402 3616 4454 ἔλθοι
3645 4402 3688 4433 ⁸⁸
3722 4421 3810 4472 μοι

2254 4477 2333 4545 τῷ
2373 4479 2516 4548 λόγῳ
2548 4480 2861 4550 σύμμαχος,
2897 4482 3097 4551 μᾶλλον
3123 4484 3181 4544 δὲ
3210 4485 3301 4558 τὸν
3340 4487 3437 4541 τοῦ
3481 4489 3659 4558 λέγειν
3690 4493 3811 4545 ελον

2257 4568 2499 4632 εὐσεϐῶς
2529 4570 2605 4632 ὡς
2652 4570 2824 4639 Λόγος
2856 4576 3150 4645 χορηγήσοι
3182 4557 3359 4645 λόγον.
3404 4557 3559 4646 ’ᾹΕιῶ
3588 4583 3646 4635 δέ
3668 4584 3813 4653 ὑμᾶς

2256 4660 2715 4728 ἐντυγχάνοντας,
2765 4663 2839 4731 μὴ
2887 4664 2986 4733 τὴν
3038 4666 3489 4738 κεκομψευμένην
3537 4672 3813 4741 ἐπιζητεῖν

2257 4750 2391 4819 πρὸς
2439 4750 2579 4820 ἐμοῦ
2619 4752 2783 4817 λέξιν,
2828 4757 2951 4815 τοὺς
2983 4759 3462 4828 περικομποῦντας
3500 4763 3599 4829 τὴν
3645 4766 3813 4833 ἀκοὴν

2256 4840 2446 4906 λόγους
2503 4841 2603 4893 οὐκ
2658 4842 2889 4910 ἔχοντος,
2928 4846 3018 4897 καὶ
3046 4876 3053 4887 ~
3081 4849 3197 4910 ταῖς
3257 4849 3570 4919 περιέργοις
3623 4857 3815 4919 τομαῖς

2259 4927 2696 4998 ἐμπεριηχήτους
2725 4934 2899 4983 ποιεῖν
2928 4933 3268 4999 ἀγνοοῦντος.
3314 4932 3563 5009 Ἀτριϐὴς
3590 4940 3699 5008 γὰρ
3744 4939 3816 4992 ὢν

2258 5017 2367 5069 τῶν
2399 5018 2651 5071 τοιούτων
2685 5022 3045 5091 μαθημάτων,
3072 5025 3165 5077 καὶ
3199 5026 3296 5095 τῆς
3334 5029 3419 5079 ἐπ’
3449 5030 3629 5092 αὐτοῖς
3662 5031 3818 5099 μελέ-

2261 5122 2359 5176 της
2404 5109 2629 5177 ἄπειρος
2658 5113 2963 5182 τυγχάνων,
2993 5114 3275 5185 ἀγαπητὸν
3300 5117 3540 5186 ἡγοῦμαι
3582 5122 3679 5172 καὶ
3724 5124 3815 5175 ἐπ-

1894 5216 2127 5271 νΑΒΙΑΞ
2170 5217 2459 5273 LECTION
2468 5222 2568 5276 ES.

657 5299 1124 5395 I:‘ullaert‘:nilujperi‘t‘e
1155 5306 1318 5395 vertit
1344 5305 1988 5395 S‘qotutshquoducu'ilib‘e't
2021 5317 2189 5395 patet.
2218 5309 2411 5395 (Cale).
2472 5315 2833 5395 ⁵⁹ιέπρν.ἁγειν
2871 5318 2959 5395 ed.
3003 5316 3127 5395 Cal.
3204 5320 3263 5395 i'-
3286 5319 3480 5395 Scotus
3514 5325 3656 5395 male
3692 5326 3822 5395 legit

603 5368 738 5420 οἷαν.
790 5368 996 5447 ίίὲιιίιξξ)Δ
1061 5375 1114 5447 f‘
1168 5376 1298 5441 ἡμῖν
1348 5376 1444 5447 ed.
1492 5375 1609 5447 Cal.

1731 5381 1781 5465 ‘n’t
1833 5378 2088 5465 εζιεολόγουΔ
2133 5380 2429 5465 Ιίρηγοριξου
2469 5383 2567 5465 ed;
2590 5378 2738 5465 Cal."
2789 5387 2835 5465 ξ’
2860 5389 2956 5465 καί
2970 5387 3029 5437 τὸ
3050 5389 3308 5457 παμφαὲς
3347 5392 3465 5443 κατ’
3496 5378 3670 5463 αὐτὴν
3698 5378 3820 5465 έρἲὲ

605 5441 941 5504 στοπρεποῦς
977 5441 1125 5509 ὑμῶν
1155 5445 1424 5513 πτωχείας
1446 5445 1534 5498 ed.
1564 5446 1680 5500 Gal.
1743 5448 1785 5479 °"
1808 5448 1910 5499 τῶν
1937 5441 2092 5500 abest
2122 5441 2189 5500 ab
2218 5441 2448 5502 éd.'Gal.
2524 5454 2568 5484 ⁶⁵
2590 5454 2716 5524 ἔλθῃ
2738 5455 2827 5510 ed.
2862 5455 2977 5510 Gal.

2060 5541 2288 5596 NOTAE.

774 5685 950 5767 Credo
978 5688 1189 5767 legerat
1211 5685 1498 5767 disc-Stivouq.
1536 5695 1732 5767 (Gale.)

674 5616 748 5749 ἑά)
785 5616 948 5671 Verte
976 5620 1133 5673 vobis.
1167 5621 1362 5693 (Cale)

697 5690 742 5749 e)
774 5685 950 5739 Credo
978 5688 1181 5749 legerat
1211 5693 1362 5749 ἀσέμε

677 5750 739 5820 (ἶ)
772 5754 911 5825 Lege
935 5750 1097 5813 nobis;
1132 5750 1327 5829 (Gale.)'

2425 5632 2619 5717 gentes
2636 5639 2833 5717 legisse
2853 5640 3073 5717 videtur
3090 5641 3260 5717 ίδίοις,
3279 5644 3425 5711 quod
3447 5640 3853 5717 inepttm.ld._

2329 5702 2404 5787 (fi)
2436 5704 2576 5787 Quid
2604 5702 2911 5787 hicﬁcotus
2936 5709 3131 5787 legerit
3156 5702 3448 5787 inceitnjr.
3485 5702 3831 5787 ’ξᾷμςιέιιυιιι

2252 5773 2363 5839 sint
2395 5772 2631 5839 explicat
2664 5772 3036 5847 Hermogenés
3065 5772 3102 5833 ἶ.
3155 5801 3213 5845 ιι,
3246 5800 3314 5836 ue
3351 5772 3589 5839 Formis'.
3621 5772 3831 5856 (Cale).
