3966 6340
150 365 310 434 ἰθθῦ

1355 375 1590 438 ΑΜΒῙΟ
1599 375 1870 438 UORUM
1909 363 2156 437 LIBER.

3232 353 3388 450 .1066

161 475 387 539 ευκτδν,
413 474 464 527 εί
486 474 584 546 τῆς
605 474 838 539 διανοίας
859 475 952 530 τοῦ
978 476 1132 545 ἁγίου
1149 475 1338 531 τούτου
1369 479 1464 532 καὶ
1487 479 1716 549 μεγάλου

1825 483 1926 536 iste
1957 479 2063 546 vir,
2090 480 2230 533 sicut
2260 479 2434 544 scitis,
2462 481 2647 537 brevis
2679 484 3024 539 sermonibus
3052 485 3180 540 dum
3215 487 3305 550 sit,
3332 500 3392 542 et

161 564 519 629 διδασκάλου,
550 563 652 617 κᾶν
679 565 736 616 ὲν
765 565 957 635 χυδαιᾳ
982 567 1199 636 φράσει,
1220 568 1313 620 καὶ
1335 567 1492 620 τοῦτο
1518 566 1721 632 ποσῶς,

163 655 670 725 καταστοχάσαιμι,
695 655 825 734 μήτι
851 655 908 708 δὲ
926 656 972 687 ⁸⁸
983 655 1060 725 τῷ
1084 656 1388 726 πολυστίχῳ
1408 656 1516 710 τῶν
1533 657 1725 727 ἐξηγή-

157 757 312 798 σεων
337 745 718 815 ἐπισκήπτειν.
759 745 817 797 '0
841 745 1102 813 Θεολόγος
1137 746 1246 816 γάρ
1271 740 1425 808 οὗτος
1450 747 1588 816 ἀνὴρ
1605 789 1619 812 ,
1648 746 1724 810 ὡς

162 833 289 886 ἴστε
313 872 331 900 ,
371 832 705 904 βραχυλόγος
744 833 1004 903 ὑπάρχων
1047 833 1143 885 καὶ
1179 834 1440 898 πολύνους
1481 836 1724 904 ἀνάγκην

158 924 354 977 δίδωσι
387 923 468 992 τῷ
506 921 769 986 ἑξαπλοῦν
801 921 1106 994 βουλομένῳ
1152 925 1243 975 τὸν
1284 925 1448 977 αὐτοῦ
1498 925 1718 990 σκοπὸν,

159 1013 271 1067 κᾶν
323 1015 353 1066 6
407 1013 835 1084 ῥητορικώτατος
892 1010 926 1082 ᾖ
987 1014 1084 1070 καὶ
1131 1013 1584 1082 φιλοσοφώτατος,
1634 1015 1724 1068 διὰ

159 1102 381 1156 πολλῶν
423 1102 561 1154 ίέναι
584 1140 601 1166 ,
649 1103 744 1156 καὶ
774 1101 1009 1171 μάλιστα
1047 1104 1170 1172 ἐμοὶ
1208 1102 1284 1172 τῷ
1313 1101 1542 1172 ,ἰδιώτεεγ
1579 1104 1627 1155 εί
1675 1103 1722 1156 δ’

159 1189 312 1258 ὑμᾶς
341 1188 586 1258 συνήθως
611 1191 640 1242 ό
673 1188 921 1259 θεοφιλής
949 1191 1263 1260 ἁνακινήσοι
1308 1187 1467 1258 ζῆλος
1496 1191 1633 1259 πρὸς
1662 1191 1722 1244 τὺ

161 1278 436 1348 σύντομον
481 1278 598 1346 ἅμα
637 1281 733 1332 καὶ
775 1279 1148 1350 εὑφραδὲς,τὰ
1189 1281 1508 1350 γραφόμενα
1556 1288 1722 1350 μετασ-

156 1362 414 1440 κομίσαι,
443 1369 476 1439 ἢ
506 1370 600 1422 καὶ
632 1363 738 1423 τδν’
755 1370 878 1424 νοῦν
909 1370 1028 1424 ὅλον
1062 1371 1457 1440 διορθώσασθαι
1500 1371 1635 1441 πρὸς
1657 1371 1722 1424 τὺ

156 1459 518 1529 ὑψηλότερον,
549 1459 737 1529 μισθὸν
778 1459 1038 1530 αὐτοτελῆ
1067 1455 1322 1530 λήψεσθε,
1351 1460 1451 1522 τὰς
1473 1459 1566 1512 τοῦ
1601 1460 1720 1513 θεοᾳ

157 1549 332 1626 φόρου
367 1550 502 1621 πρὸς
530 1549 622 1602 τὸν
653 1536 930 1621 Δεσπότην
956 1551 1064 1603 τῶν
1110 1551 1245 1624 ὅλων
1277 1551 1445 1620 εὐχὰς
1469 1591 1484 1615 ,
1515 1551 1611 1604 ἅτε
1645 1549 1719 1621 μὴ

157 1639 670 1711 συγχωρήσαντες(
700 1641 854 1710 117
881 1641 946 1710 ὁ)
977 1640 1144 1693 αὐτοῦ
1178 1641 1246 1694 τὰ
1283 1641 1402 1695 θεῖα
1427 1642 1523 1694 καὶ
1552 1641 1721 1709 ὑπερ-

1825 569 2030 622 multus
2071 570 2384 635 intellectu,
2416 573 2796 627 necessitatem
2837 575 2930 629 dat
2968 575 3258 644 explanare
3297 592 3392 633 vo—

1824 657 1958 711 lenti
1981 659 2100 728 ejus
2129 658 2509 724 intentionem,
2527 663 2630 716 etsi
2655 662 3077 720 facundissimus
3098 675 3154 721 et
3177 667 3392 736 sapien-

1826 749 2074 803 tissimus
2101 749 2161 820 (i)
2193 751 2250 804 in
2281 751 2467 805 multis
2498 753 2589 816 sit,
2613 761 2669 808 et
2696 755 2866 824 magis
2893 756 3028 809 mihi
3061 758 3301 812 indocto.
3331 758 3390 813 Si

1821 852 1959 891 vero
1987 853 2084 892 vos
2110 851 2370 893 consuete
2400 839 2509 893 Deo
2532 841 2776 896 amabilis
2803 846 3033 898 moverit
3058 847 3230 910 zelus,
3257 847 3388 900 dum

1821 927 1888 980 ad
1936 927 2106 982 breve
2147 929 2310 982 simul
2355 945 2419 984 ac
2460 931 2681 998 planum
2721 947 2804 997 ea,
2836 949 2955 1002 quas
2995 936 3197 1004 scripta
3235 947 3384 1000 sunt,

1822 1017 2140 1083 deferimus,
2170 1034 2270 1073 nos
2303 1021 2473 1090 magis
2507 1037 2669 1090 quam
2687 1032 2872 1089 totum
2909 1025 3248 1080 intellectum
3280 1029 3388 1080 eri-

1821 1109 1998 1178 gimus
2029 1109 2097 1162 ad
2133 1108 2188 1163 id
2222 1111 2368 1179 quod
2401 1114 2674 1168 excelsius
2705 1123 2821 1178 est,
2851 1117 3158 1172 mercedem
3195 1134 3294 1188 per
3327 1135 3386 1173 se

1820 1197 2114 1266 perfectam
2136 1201 2444 1278 accipietis,
2469 1203 2669 1257 Deiferi
2694 1206 2842 1261 illius
2869 1207 3077 1263 scilicet
3107 1210 3173 1263 ad
3202 1211 3387 1264 Domi-

1820 1303 1954 1342 num
2002 1291 2252 1344 omnium
2299 1294 2604 1359 orationes,
2635 1305 2825 1364 utpote
2866 1314 2976 1352 non
3023 1301 3388 1357 concedentes

1777 1373 1782 1377 ’
1816 1378 1944 1446 ejus
1967 1378 2184 1434 divinos
2209 1389 2265 1435 et
2290 1385 2736 1451 supernaturales
2759 1387 3071 1444 intellectus
3099 1392 3299 1459 spretis
3323 1408 3388 1448 ac

1792 1467 2026 1535 [vilibus
2080 1471 2304 1524 tractari
2358 1474 2926 1543 contemplationibus.
2974 1479 3389 1550 Consequenter

1819 1565 2004 1612 autem
2035 1569 2231 1615 vestrae
2268 1563 2515 1632 epistolae
2552 1580 2651 1634 per
2687 1567 2899 1636 singula
2937 1570 3113 1638 capita
3153 1571 3387 1640 inquisi-

1822 1645 2029 1700 tionem
2059 1647 2198 1722 qfeci,
2231 1658 2287 1704 et
2327 1651 2525 1706 litteris
2571 1655 2968 1721 commendavi,
3001 1659 3176 1714 bonos
3220 1668 3385 1730 atque

154 1729 273 1800 φυῆ
302 1732 550 1801 νοήματα
592 1732 712 1793 ταῖς
735 1729 1090 1792 άποτεύκτοις
1105 1731 1148 1762 ⁸⁷
1184 1731 1278 1784 καὶ
1321 1730 1716 1800 χαμαιπετέσιν

1822 1733 2213 1791 misericordes
2231 1753 2330 1794 vos
2353 1754 2544 1818 eorum
2572 1757 2693 1813 quae
2715 1743 2861 1798 dicta
2889 1747 3243 1817 suntjudiccs
3265 1729 3384 1804 fieri

152 1821 442 1885 ἑπιὸολαῖς
473 1819 903 1890 παρασύρεσθαι.
944 1819 1278 1884 Ἀκολούθως
1299 1822 1358 1874 δὲ
1389 1825 1453 1891 τῇ
1479 1822 1721 1892 ὑμετέρᾳ
1749 1807 1792 1862 Β
1820 1819 2140 1890 deprecans.

140 1905 430 1986 ἐπιστολῇ
483 1915 581 1985 τὴν
646 1914 776 1985 περὶ
807 1915 1036 1969 ἑκάστου
1078 1914 1374 1983 κεφαλαίου
1421 1914 1790 1985 ποιησάμενος
1827 1915 2054 1985 ζήτησιν
2103 1920 2414 2001 κατεθέμην
2466 1924 2546 1994 τῷ
2598 1925 2914 1998 γράμματι,
2969 1933 3236 2000 χρηστοὺς
3289 1933 3386 1986 καὶ

151 2005 582 2078 φιλανθρώπους
601 2006 744 2076 ὑμᾶς
773 2005 880 2060 τῶν
908 2005 1214 2078 λεγομένων
1238 2004 1430 2076 κριτὰς
1463 2004 1716 2076 γενέσθαι
1752 2006 2102 2078 παρακαλῶν.
2840 2012 2846 2017 ’

166 2190 274 2246 Ἐκ
299 2190 410 2245 τοῦ
443 2190 574 2258 περὶ
608 2188 1013 2260 φιλοπτωχιας
1039 2193 1245 2261 λόγου,
1283 2191 1372 2256 είς
1397 2189 1484 2254 τὸ,
1535 2207 1554 2242 ι
1584 2189 1716 2244 Φεί-

198 2282 410 2352 ;δομαι
447 2283 527 2345 ὠς
565 2281 862 2350 συνεργοῦ
885 2322 900 2346 ,
943 2282 1042 2335 καὶ
1093 2283 1203 2335 οὐκ
1234 2280 1351 2349 ἔχω
1386 2278 1513 2345 πῶς
1551 2281 1720 2350 φύγω

225 2375 349 2442 τὴν
380 2373 814 2435 ἐπανάστασιν,
851 2374 890 2441 ἢ
924 2372 1050 2439 πῶς
1087 2373 1172 2442 μὴ
1206 2373 1324 2426 ἀπὸ
1355 2372 1501 2425 Θεοῦ
1551 2371 1717 2425 πέσω

215 2465 514 2534 ,βαρηθεὶς
557 2462 686 2528 ταῖς
746 2463 954 2529 πέδαις
1011 2453 1438 2530 κατασέτώσαις
1486 2464 1525 2528 ἢ
1584 2477 1717 2516 κατ’·

222 2559 518 2626 εχούσαις
542 2556 627 2621 είς
655 2555 876 2625 ἐδαερος
917 2557 1013 2627 (ι).
1063 2575 1081 2606 ι

224 2650 304 2702 Οὐ
339 2647 530 2700 ταυτὸν
544 2645 620 2715 τῷ
640 2645 1056 2719 κατασπᾶσθαι
1078 2648 1138 2700 τὸ
1154 2647 1509 2716 κατέχεσθαι
1527 2644 1712 2716 νενόη-

148 2750 243 2794 ται
271 2738 355 2808 τῷ
388 2737 641 2807 μακαρίῳ
665 2735 838 2807 τούτῳ
864 2738 1045 2808 ἀνδρὶ,
1077 2737 1151 2807 μὴ
1176 2736 1315 2788 οὕτω
1339 2736 1588 2805 νομίσῃςὲ
1624 2735 1712 2787 δο-

153 2831 458 2904 κιμώτατε,
490 2830 648 2898 εἰπερ
674 2831 726 2882 τί
759 2815 1012 2882 σοι’νοεῖν
1043 2830 1141 2897 τῆς
1166 2821 1330 2880 αὑτοῦ
1359 2827 1714 2896 μεγαλονοίας

151 2924 308 2988 ἄξιον
335 2918 750 2974 διεσπούδασται
771 2937 784 2949 ·
814 2919 936 2972 ἐπεὶ
963 2918 1211 2988 περιττὸς
1236 2915 1379 2970 οὕτω
1399 2920 1511 2979 τοῖς
1535 2916 1714 2984 λόγοις

153 3015 248 3066 καὶ
281 3012 376 3064 τὸν
403 3008 525 3062 νοῦν
553 3003 630 3078 τῷ
657 3009 802 3078 λόγῳ
834 3010 908 3079 μὴ
941 3010 1297 3078 ἐφιστάμενον
1323 3009 1464 3080 έχων
1503 3011 1713 3077 ἀναφα-

1818 2189 1904 2245 Ex
1948 2208 2185 2248 sermone
2230 2195 2292 2248 de
2330 2196 2717 2267 hospitalitate,
2748 2200 2803 2253 in
2849 2203 2942 2254 hoc
2987 2220 3004 2256 :
3053 2222 3071 2253 ι
3117 2204 3288 2258 Parca
3326 2213 3386 2258 ut

1887 2286 2242 2355 eooperatori,
2273 2295 2321 2364 et
2353 2303 2454 2340 non
2487 2289 2650 2342 habeo
2681 2292 2937 2359 quomodo
2969 2293 3173 2361 fugiam
3204 2310 3387 2365 super-

1885 2382 2116 2441 ventum,
2153 2385 2246 2430 aut
2285 2362 2540 2446 quomodo
2582 2395 2687 2431 non
2730 2397 2762 2433 a
2801 2379 2910 2432 Deo
2946 2381 3154 2444 cadam,
3188 2390 3386 2451 gravas-

1887 2474 1969 2520 tus
2021 2466 2090 2536 (j)
2139 2468 2314 2536 pueris
2362 2467 2729 2539 deripientibus
2788 2477 2881 2522 aut
2932 2469 3275 2524 detinentibus
3327 2473 3383 2526 in

1886 2562 2102 2607 terram.
2139 2572 2157 2605 ι

1884 2643 2004 2698 Non
2029 2645 2087 2698 id
2118 2647 2297 2714 ipsum
2337 2647 2506 2704 denini
2538 2649 2685 2718 quod
2713 2658 2798 2704 est
2827 2652 3049 2707 detineri
3081 2655 3256 2709 visum
3299 2665 3384 2710 est

1813 2730 1975 2785 beato
2006 2732 2135 2785 huic
2155 2734 2304 2798 viro;
2327 2749 2504 2802 neque
2526 2737 2605 2789 sic
2621 2739 2930 2803 arbitreris,
2964 2742 3382 2808 probatissimo,

1813 2818 1856 2871 si
1882 2819 2016 2887 quid
2055 2819 2152 2873 tibi
2177 2820 2483 2891 intelligere
2502 2823 2674 2892 ipsius
2695 2828 3140 2895 magnanimitate
3157 2833 3384 2902 dignum

1813 2909 2174 2964 sollicitudini
2221 2911 2312 2965 sit.
2346 2901 2480 2967 Nam
2524 2916 2837 2984 superfluus
2889 2920 3075 2975 verbis
3125 2932 3181 2976 et
3223 2901 3384 2978 intel-

1812 2997 2017 3051 lectum
2044 3013 2330 3054 sermones
2349 3004 2852 3069 superemincntem
2881 3023 3003 3060 non.
3023 3009 3233 3065 habens
3263 3028 3384 3066 ma-

151 3105 418 3173 νήσεται,
448 3099 605 3170 εἴπερ
639 3101 712 3170 μὴ
747 3099 895 3169 πάσῃ
941 3098 1175 3169 συλλαϐῇ
1224 3100 1409 3170 σχεδὸν
1450 3099 1547 3171 τὴν
1582 3101 1714 3170 πρέ-

1822 3086 2190 3153 nifestaretur,
2228 3090 2274 3144 si
2306 3107 2417 3144 non
2465 3095 2613 3146 omni
2662 3095 2777 3150 fere
2826 3099 3049 3167 syllabae
3093 3101 3383 3159 decentem

152 3207 368 3246 πουσαν
397 3189 682 3258 ἐνθέμενος
712 3187 919 3241 ἔννοιαν
953 3189 1092 3258 πρὸς
1120 3190 1188 3242 τὰ
1227 3179 1491 3244 κάλλιστά
1523 3207 1583 3242 τε
1621 3193 1716 3243 καὶ

153 3284 410 3353 χρήσιμα
437 3282 561 3343 τοὺς
585 3279 815 3342 ὀπαδοὺς
841 3280 1053 3351 ὁδηγεῖν
1083 3275 1245 3353 παντὶ
1274 3281 1458 3350 τρόπῳ
1492 3281 1715 3349 διεγνω-

151 3375 306 3427 κέναι
338 3371 648 3442 ὑποληφθῇ.
697 3373 808 3440 Οὑχ
847 3372 990 3424 οὓτω
1041 3372 1099 3424 δὲ
1136 3371 1289 3424 ταῦτ’
1337 3371 1468 3441 ἔχει,
1517 3371 1711 3436 πόθενς

150 3464 289 3518 ἀλλά
319 3464 416 3516 καὶ
436 3462 512 3532 νῷ
539 3463 694 3530 λόγον
735 3461 882 3531 σοφῷ
906 3461 1205 3527 συνίστησι,
1241 3459 1334 3511 καὶ
1358 3459 1499 3526 λόγῳ
1525 3459 1714 3527 ὑψηλῷ

151 3556 275 3609 νοῦν
305 3555 593 3623 ἐφίστησιν
623 3553 970 3622 ὑψηλότερον,
1001 3550 1069 3602 ἵν’
1098 3548 1301 3618 ὑψηλὸς
1343 3549 1528 3618 ὑψηλῷ
1557 3549 1713 3615 διαγ-

149 3646 452 3714 γέλληται,
488 3636 582 3696 καὶ
629 3642 729 3708 τῆς
776 3640 1034 3711 ἀληθείας
1081 3639 1265 3702 ποσῶς
1303 3640 1370 3692 δι’
1402 3641 1604 3710 ἀμφοῖν
1652 3640 1714 3693 τὸ

149 3734 288 3796 τέως
339 3736 451 3794 τοῖς
499 3730 712 3796 πολλοῖς
743 3729 776 3800 ἢ
807 3730 902 3782 καὶ
935 3731 1101 3782 πᾶσιν
1126 3730 1454 3783 ἀνεπίϐατον
1484 3731 1715 3799 μέγεθος

149 3819 428 3889 διαδειχθῇ
443 3819 507 3872 ⁸⁸.
544 3818 658 3869 Ἵνα
680 3817 735 3868 δὲ
765 3818 996 3888 φανερὸν
1022 3818 1168 3871 ᾶπαν
1197 3820 1326 3888 ήμῖν
1351 3819 1573 3887 γένηται
1606 3819 1713 3871 τῶν

149 3900 462 3977 λεγομένων
485 3907 546 3959 τὸ
567 3908 814 3976 αἴνιγμα,
859 3906 998 3958 αὐτά
1024 3907 1100 3970 ὡς
1143 3908 1255 3976 ἔχει
1300 3908 1390 3960 τοῦ
1440 3909 1712 3977 μακαρίου

150 3999 520 4066 σκοπήσωμεν
578 3995 647 4048 τὰ
693 3996 851 4066 ῥητά.
889 3997 1168 4065 Φείδομαι,
1221 3997 1406 4066 φησὶν,
1461 3997 1537 4059 ώς
1589 4004 1714 4050 συν-

148 4088 338 4159 εργοῦ,
371 4089 464 4142 καὶ
493 4088 592 4139 οὐκ
636 4085 743 4156 ἔχω
782 4086 897 4148 πῶς
929 4085 1084 4154 φύγω
1127 4087 1224 4155 τὴν
1256 4088 1644 4148 ἐπανάστασιν,
1677 4087 1711 4158 ἦ

1814 3178 2068 3234 inserens
2095 3182 2346 3236 notitiam
2376 3224 2390 3248 ,
2425 3185 2503 3238 ad
2564 3188 2939 3254 pulcherrima
2987 3199 3044 3244 et
3098 3195 3252 3248 utiiia
3298 3210 3386 3249 se-

1813 3277 2046 3338 quentes
2119 3272 2413 3338 ducendo,
2495 3276 2606 3329 ullo
2669 3279 2832 3332 modo
2899 3279 3240 3351 disceptandi
3293 3301 3386 3340 re-

1813 3356 2179 3427 linqueretur.
2243 3363 2360 3416 Non
2409 3364 2491 3417 sic
2549 3365 2666 3420 haec
2717 3367 2926 3425 habent
2970 3387 3028 3426 se
3058 3374 3239 3444 longe,
3287 3377 3384 3432 sed

1813 3456 1871 3502 et
1927 3448 2234 3505 intellectui
2300 3443 2612 3509 sermonem
2671 3460 2950 3528 sapienter
3008 3443 3381 3532 constituunt,

1813 3545 1870 3590 et
1897 3553 2204 3594 sermonem
2258 3546 2537 3598 excelsum
2591 3551 2843 3604 excelsus
2888 3557 3264 3621 supereminet
3297 3559 3382 3612 in-
3436 3575 3443 3581 '

1815 3627 2100 3690 tellectus,
2167 3639 2229 3682 ut
2293 3637 2544 3688 excelsus
2595 3639 2814 3692 excelso
2867 3645 3273 3708 annuntietur,
3324 3657 3383 3703 et

1811 3716 2060 3769 veritatis
2082 3717 2483 3787 aliquantulum
2513 3740 2580 3777 ex
2609 3727 2878 3783 ambobus
2919 3730 3140 3786 interim
3167 3737 3379 3801 multis,

1813 3812 1910 3856 aut
1950 3806 2130 3858 etiam-
2153 3809 2410 3863 omnibus
2456 3811 2601 3866 invia
2654 3817 2972 3885 magnitudo
3029 3823 3377 3881 ostendatur.

1812 3893 1884 3947 Ut
1917 3909 2046 3948 vero
2069 3898 2356 3976 manifesta
2399 3902 2561 3958 nobis
2591 3905 2660 3958 sit
2686 3908 2867 3963 omnis
2890 3925 3082 3966 eorum
3114 3931 3236 3983 qua:
3296 3918 3380 3971 di-

1816 3993 1905 4038 cta
1935 3994 2064 4038 sunt
2090 3986 2422 4056 obscuritas,
2465 3993 2578 4061 ipsa
2618 4004 2755 4075 utse
2785 3998 2990 4054 habent
3029 4003 3173 4057 beati
3195 4008 3380 4061 consi-

1812 4071 2129 4127 derabimus
2167 4077 2326 4130 verba
2366 4089 2379 4130 ι
2419 4099 2436 4129 ι
2461 4082 2655 4146 Pareo,
2685 4071 2889 4154 inquit,
2909 4097 2969 4142 ut
2996 4095 3375 4160 cooperaturi,

150 4181 268 4242 πῶς
327 4177 405 4248 μὴ
448 4177 558 4231 ἀπὸ
605 4175 737 4230 Θεοῦ
794 4177 964 4240 πέσω,
1020 4176 1279 4246 βαρηθεὶς
1332 4178 1450 4240 ταῖς
1501 4178 1712 4243 πέδαις,

151 4267 546 4331 κατασπώσαις
568 4267 601 4337 ῆ
633 4266 988 4336 κατεχούσαις
1017 4269 1096 4328 εἰς
1120 4267 1336 4335 ἔδαφος.
1361 4267 1524 4333 Ταῦτ’
1547 4267 1714 4320 εἰπὼν

1813 4169 2007 4217 etnon
2046 4167 2224 4222 habeo
2268 4172 2548 4237 quomodo
2585 4173 2790 4243 fugiam
2816 4189 3243 4246 supervenlum,
3281 4193 3380 4239 aut

1814 4257 2090 4323 quomodo
2135 4275 2300 4325 nona
2334 4263 2441 4316 Deo
2463 4264 2672 4328 cadam,
2703 4277 2957 4334 gravatus
2990 4271 3180 4336 pueris
3228 4260 3378 4326 deri-

150 4361 248 4429 οὐχ
279 4357 463 4425 ἑαυτῷ
506 4356 753 4419 πάντως,
799 4355 935 4409 ἀλλὰ
970 4355 1269 4424 (118a)
1309 4356 1376 4407 δι’
1419 4354 1608 4407 ἑαυτοῦ
1636 4356 1714 4425 τῷ

1822 4345 2095 4424 pientibus
2112 4359 2206 4402 aut
2228 4351 2602 4406 detinentibus
2631 4356 2686 4406 in
2721 4363 2943 4411 terram.
2976 4376 2993 4408 ι
3035 4358 3158 4414 "me
3185 4361 3378 4419 dicens

150 4449 313 4518 κοινῷ
341 4447 438 4516 τῆς
455 4445 551 4499 ἀνθ
558 4445 868 4516 ρωπάτητος
887 4445 1213 4510 διαλέγεται,
1233 4445 1384 4507 εἰδὼς
1405 4445 1489 4497 ὅτι
1508 4447 1613 4524 πᾶς
1629 4461 1713 4504 τις

1822 4452 1927 4490 non
1961 4439 2030 4492 de
2089 4442 2272 4508 seipse
2305 4436 2548 4504 omnino,
2575 4443 2668 4510 sed
2704 4460 2801 4512 per
2833 4447 3074 4515 seipsum
3107 4449 3175 4504 de
3227 4465 3378 4506 com~

151 4540 181 4591 δ
209 4539 490 4608 σωτηρίας
517 4539 654 4608 ὲρῶν
692 4537 725 4607 ἢ
772 4537 966 4605 πράξει
995 4537 1027 4604 ἢ
1054 4536 1256 4605 θεωρίᾳ
1287 4535 1504 4596 πάντως
1543 4550 1713 4603 προσ-

1822 4527 1970 4578 muni
2003 4528 2340 4581 humanitate
2372 4531 2654 4613 disputat,
2689 4535 2883 4590 videns
2907 4539 3035 4607 quia
3074 4543 3254 4596 omnis
3281 4545 3376 4612 qui

151 4629 359 4696 ανέχει.
409 4628 632 4697 ’Δρετῆς
677 4625 784 4693 γὰρ
817 4627 911 4676 καὶ
959 4629 1212 4689 γνώσεως
1255 4626 1423 4692 χωρὶς
1461 4623 1710 4690 οὐδαμῶς

1822 4615 2045 4668 salutem
2083 4627 2247 4678 amat,
2275 4626 2370 4670 aut
2397 4621 2598 4675 actioni
2643 4626 2864 4692 penitus
2910 4637 3005 4682 aut
3040 4634 3376 4701 contempla-

151 4715 321 4776 οὐδεὶς
371 4713 591 4766 πώποτε
637 4713 819 4779 τυχεῖν
865 4711 1137 4778 σωτηρίας
1165 4709 1484 4778 δεδύνηται.
1539 4709 1713 4779 Εἴπερ

1822 4701 1952 4754 tioni
1995 4704 2252 4772 attendit.
2300 4706 2520 4775 Absque
2575 4713 2722 4765 enim
2788 4716 2994 4772 virtute
3042 4729 3100 4773 et
3145 4721 3374 4778 scicntia

151 4799 242 4856 οὖν
265 4801 380 4854 τῶν
406 4801 494 4853 διὰ
524 4798 772 4870 θεωρίας,
801 4798 956 4866 φησὶ,
985 4797 1101 4866 Θεῷ
1133 4797 1596 4866 προσεδρευὸντων
1618 4799 1712 4852 καὶ

1823 4791 2013 4844 nullus
2040 4793 2152 4846 ullo
2188 4795 2350 4847 modo
2375 4797 2671 4866 aliquando
2698 4807 2960 4874 consequi
2995 4809 3224 4863 salutem
3273 4826 3377 4879 po-

149 4891 245 4944 τοῦ
293 4889 568 4960 μακαρίου
614 4887 845 4949 κάλλους
885 4888 1351 4957 κατατρυφώιιτων
1396 4888 1710 4958 καθέστηκα

1822 4877 1940 4930 tuit.
2008 4879 2063 4932 Si
2096 4897 2227 4949 ergo
2254 4898 2350 4951 per
2398 4892 2940 4958 contemplationem,
2976 4897 3171 4965 inquit,
3206 4877 3373 4952 collo-

152 4975 264 5048 εἷς,
299 4980 526 5049 εἰρήνην
554 4977 692 5047 ἔχων
723 4979 1035 5033 παντάπασι
1063 4980 1155 5030 καὶ
1194 4980 1480 5049 ἁγιασμόν,
1509 4980 1584 5047 ὡς
1610 4983 1705 5050 ἐμ-

1822 4974 2062 5020 satorum
2109 4971 2222 5024 Deo
2285 4983 2341 5028 et
2391 4975 2546 5031 beata
2600 4983 3012 5048 pulchritudine
3071 4987 3369 5043 fruentium

1443 5071 1678 5127 ΥΑΒΙᾸΞ
1708 5075 2108 5135 LECTIONES.

237 5159 285 5189 ⁸⁸
307 5157 584 5244 Βεεςζῑρεί
614 5161 744 5230 μήτι
769 5160 826 5212 δὲ
858 5161 1115 5244 ριόημήτε
1140 5160 1217 5221 δὲ’
1242 5160 1398 5244 Ἧι(ξᾷ
1437 5161 1560 5214 cod.
1613 5163 1780 5244 Qud”
1820 5169 1907 5244 vel
1956 5173 2114 5240 μήτε,
2170 5166 2314 5243 quod
2370 5177 2458 5232 ed.
2507 5178 2622 5232 Gal.
2669 5183 2854 5236 habet.
2931 5185 2974 5216 "
3005 5185 3205 5241 Eadem
3228 5190 3371 5244 anti-

154 5240 258 5294 qua
284 5241 482 5280 manus
500 5229 556 5280 in
584 5228 754 5298 marg.
785 5228 908 5283 cod.
943 5228 1084 5283 Gud.
1114 5228 1548 5288 emendationem
1570 5228 1860 5304 adscripsit
1884 5228 2201 5305 ἀπἐόκτρῖςζ
2257 5228 2332 5276 Ἷιει
2352 5228 2854 5318 δξέάχδῇέάς“ᾶίῖ¹“ς
3005 5228 3127 5286 “vf

1715 5348 1944 5407 NOTIE.

1807 5453 2024 5564 ptgram
2077 5460 2325 5516 putarem
2378 5465 2712 5522 corruptam,
2766 5460 3109 5532 vertisseqne
3138 5463 3366 5522 Scotum

1807 5527 1868 5564 νε
1907 5532 2019 5564 1618.

1805 5527 2019 5580 pedicas.

215 5426 280 5504 (ί)
313 5426 379 5504 ζμ
404 5429 605 5504 mnltis,
644 5438 808 5504 verte
834 5431 1002 5504 fusius
1039 5435 1348 5501 exspatiari.
1376 5435 1570 5504 (Gale.)

220 5496 287 5565 0')
303 5496 924 5570 faeris,_in_scitissiine.
968 5496 1492 5570 Vertdcompedibus,
1523 5496 1708 5559 vincu-

157 5563 250 5618 ίίσξ
273 5564 472 5633 (Gale.)
503 5566 619 5619 Nisi
649 5567 790 5620 infra
817 5569 961 5621 idem
978 5571 1170 5622 vitium
1194 5563 1533 5637 occurreret,
1559 5577 1701 5628 scri-

223 5653 300 5722 (l)
332 5653 493 5720 Greg.
525 5654 654 5708 Naz.
687 5655 779 5710 0r.
813 5657 876 5709 de
901 5646 1071 5728 Paup.
1105 5676 1282 5714 amore
1313 5676 1432 5730 cap.
1470 5651 1613 5732 7,"p.
1645 5666 1768 5734 261,
1801 5677 1932 5725 tom.
1967 5673 2006 5738 l,
2043 5673 2175 5744 Opp.
2211 5677 2297 5732 ed.
2333 5678 2534 5735 Bened.

385 5744 656 5805 PATROL.
677 5747 804 5810 .Gn.
839 5749 998 5809 XCI.
2972 5777 3054 5839 3E
