3966 6340
608 488 739 552 1071

1761 487 1820 546 s.
1859 486 2143 545 MAXIMI
2183 454 2687 545 consessoms

3691 490 3833 558 1m

606 600 843 662 dei-ium,
881 598 975 654 sed
997 609 1051 652 et
1080 597 1283 667 gratias
1305 604 1473 651 restat
1502 595 1749 651 conﬁteri
1782 611 1877 652 eos
1897 597 2039 651 malo
2066 597 2157 664 qui

2272 595 2320 647 οἱ
2371 596 2527 647 τοῦτο
2577 595 2928 664 περιέποντες
2979 595 3041 648 τδ
3082 574 3380 670 ιρρόνημα,
3436 600 3513 664 ὡς
3560 601 3630 654 δι’
3666 603 3829 657 αὐτοῦ

608 691 770 745 talem
788 694 1095 756 sequuntur
1110 686 1457 756 sapientiam,
1473 685 1668 737 merito
1683 700 1781 753 per
1800 685 1997 753 ipsum,
2020 684 2167 754 quod

606 786 948 840 necesscvcst,
968 760 1265 839 discentes,
1290 776 1344 828 in
1362 775 1508 829 bono
1531 774 1742 830 scilicet
1763 774 1994 826 ﬁxuram
2026 788 2165 842 quo-

602 868 878 940 quomodo
898 868 1100 922 habere
1124 868 1473 943 prenitentcs,
1500 873 1555 943 et
1579 864 1989 935 generationem
2008 863 2076 917 ab
2100 878 2166 916 eo

606 962 915 1016 necessario
938 958 1199 1020 dixerint,
1220 955 1489 1026 siquidem
1523 951 1745 1009 sibimet
1760 954 2163 1024 generationem

602 1061 853 1106 astruere
873 1056 1170 1109 noverunt,
1204 1056 1401 1099 natura
1428 1046 1541 1114 ipsa
1570 1037 2010 1114 utiliorem,jure
2029 1035 2161 1099 dum

602 1146 673 1198 sit
698 1132 942 1213 proﬁcua
963 1138 1263 1195 Secundum
1290 1154 1483 1193 corum
1505 1137 1809 1192 doctrinam
1840 1145 1896 1191 et
1917 1137 2162 1190 omnium

600 1234 894 1304 pretiosior
910 1231 1204 1301 possessio.
1220 1229 1296 1283 Ex
1309 1229 1577 1284 charitate
1589 1228 1713 1282 dico
1726 1228 2160 1298 generationem,

600 1340 697 1391 per
724 1328 886 1390 quam
921 1319 1243 1373 naturaliter
1278 1320 1443 1383 inest,
1483 1318 1668 1372 omnia
1686 1333 1750 1371 ex
1787 1319 1901 1371 Deo
1932 1317 2072 1372 facta
2103 1318 2161 1371 in

598 1413 767 1465 Deum
799 1408 1118 1477 congregari
1144 1414 1414 1475 perpetuo
1457 1414 1622 1474 atque
1643 1407 2159 1477 inconversibilitcr.

668 1499 737 1552 Et
763 1498 983 1560 iterum,
1035 1508 1227 1550 eorum
1274 1508 1397 1561 qua:
1455 1508 1523 1547 ex
1552 1493 1664 1547 Deo
1704 1493 1850 1547 facta
1902 1502 2070 1557 sunt,
2105 1504 2161 1548 et

598 1587 1026 1657 intelligibilium
1060 1596 1117 1640 et
1148 1584 1498 1641 sensibilium
1520 1624 1535 1649 ,
1568 1584 1856 1654 generatio
1894 1592 2020 1637 ante
2046 1599 2160 1637 mo-

598 1689 713 1731 tum
741 1678 1088 1747 intelligitur.
1119 1676 1239 1731 Non
1262 1676 1409 1735 enim
1459 1681 1643 1744 potest
1675 1681 1801 1729 ante
1847 1673 2157 1744 generatio-

594 1784 719 1822 nem
745 1778 927 1823 motus
967 1784 1125 1833 esse;
1164 1783 1355 1822 eorum
1390 1767 1541 1821 enim
1566 1781 1687 1835 quae
1720 1765 1862 1819 facta
1903 1771 2032 1818 sunt
2075 1773 2189 1819 est'

592 1870 797 1925 motus,
824 1861 937 1914 sive
982 1860 1415 1929 intelligibilium
1463 1857 2001 1927 intelligihilis,~sive
2026 1872 2157 1911 sen-

2269 684 2329 735 τδ
2379 684 2896 753 δέονδιδαχθέντες
2947 688 3042 739 καὶ
3088 688 3184 756 τὴν
3237 690 3295 741 ὲν
3344 691 3422 760 τῷ
3468 693 3617 762 καλῷ
3668 694 3832 763 πῆξιν

2270 776 2386 838 πῶς
2410 775 2554 844 ἔχειν
2581 776 2987 844 μεταμαθὸντες
3017 778 3107 831 καὶ
3130 779 3343 854 γένεσιν
3363 781 3496 834 αὐτὸ
3519 784 3831 851 ἀναγκαὶως

2257 866 2472 927 ,εἴποιεν
2502 868 2568 917 ἂν
2589 907 2604 930 ,
2660 866 2821 936 εἴπερ
2852 868 3061 930 ἑαυτοῖς
3084 873 3319 943 ,στοιχεῖν
3349 869 3646 938 διέγνωσαν
3665 915 3681 937 ,
3742 877 3831 929 καὶ

2268 953 2365 1026 τῆς
2409 956 2623 1024 φύσεως
2667 956 2837 1026 αὐτῆς
2878 959 3330 1028 χρησιμωτέραν,
3381 960 3458 1022 ὡς
3493 961 3584 1012 τοῦ
3616 964 3829 1031 συμφέο

2269 1059 2456 1114 ροντος
2496 1046 2619 1098 κατ’
2638 1046 2835 1107 αὐτοὺς
2864 1042 3028 1110 οὖσαν
3054 1046 3361 1118 διδάκτικὴν
3380 1090 3413 1113 ,ν
3443 1050 3534 1101 καὶ
3562 1050 3655 1102 τοῦ
3687 1054 3828 1105 πᾶν·

2264 1152 2373 1188 των
2402 1136 2728 1206 τιμιωτέρου
2759 1139 3056 1206 κτήματος,
3086 1137 3186 1205 τῆς
3210 1138 3429 1208 ἀγάπης
3454 1139 3609 1206 λέγω,
3633 1157 3826 1212 γεννη-

2265 1225 2421 1295 τικὴν
2440 1266 2455 1290 ,
2505 1226 2625 1278 καθ’
2652 1227 2717 1295 ἣν
2762 1226 2969 1292 πέφυκε
3016 1226 3290 1279 πάντατὰ
3318 1229 3381 1279 ὲκ
3407 1226 3542 1280 Θεοῦ
3568 1230 3823 1297 γινόμενα

2264 1317 2344 1378 εἰς
2395 1315 2526 1379 Θεὸν
2598 1298 2931 1384 συνάγεσθαι
3009 1317 3253 1387 μονίμως
3322 1318 3547 1371 τεκαὶ
3603 1321 3818 1393 ἀπαρα-

2263 1406 2531 1478 τρὲπτως.

2333 1498 2443 1548 Καὶ
2492 1495 2652 1549 πάλιν
2676 1538 2689 1563 ,
2747 1497 2855 1550 τῶν
2904 1499 2969 1550 ὲκ
3010 1498 3144 1553 Θεοῦ
3188 1500 3495 1570 γενομένων
3530 1503 3737 1574 νοητῶν
3764 1522 3817 1561 τι

2262 1586 2445 1654 (120
2463 1594 2517 1655 a)
2555 1588 2649 1639 καὶ
2678 1587 2951 1657 αἰσθητῶν
2982 1590 3014 1659 ἡ
3041 1590 3252 1657 γένεσις
3280 1592 3377 1660 τῆς
3400 1594 3815 1665 κινήσεωςηπρο-

2259 1678 2571 1727 επινοεῖται.
2610 1678 2683 1729 Οὐ
2729 1679 2835 1747 γὰρ
2886 1674 2995 1732 οἷόν
3027 1697 3088 1732 τε
3138 1681 3245 1749 πρὸ
3272 1681 3536 1749 γενέσεως
3566 1680 3710 1739 εἶναι
3737 1686 3818 1738 ati-

2258 1780 2435 1834 νησιν.
2491 1764 2610 1816 Τῶν
2648 1766 2758 1836 γὰρ
2797 1769 3105 1836 γενομένων
3136 1771 3169 1839 η
3197 1770 3481 1849 κίνησις,ἧ
3503 1788 3560 1826 τε
3590 1774 3815 1844 νοητῶν,

2258 1854 2421 1923 νοητὴ
2441 1894 2456 1917 ,
2481 1854 2517 1923 ἥ
2556 1871 2614 1906 τε
2641 1854 2947 1923 αἰσθητῶν,
2981 1858 3230 1929 αἰσθητή.
3268 1860 3435 1914 Οὐδὲν
3459 1864 3565 1931 γὰρ
3594 1854 3706 1915 τῶν
3729 1881 3816 1931 γε·

589 1950 835 2021 sibilium
866 1950 1144 2003 sensibilis
1180 1966 1193 2001 :
1226 1950 1436 2003 nullum
1459 1949 1605 2003 enim
1637 1952 1828 2003 eorum
1873 1963 1994 2015 qua:
2014 1947 2156 2002 facta

2261 1944 2497 2013 νομένων
2539 1944 2713 1996 earl."
2761 1943 2821 1995 τὺ
2862 1942 3123 2015 παράπαν
3171 1945 3248 2015 τῷ
3292 1947 3414 1999 καθ’
3441 1929 3571 2001 αὐτὸ
3592 1951 3638 1980 ⁷⁷
3683 1929 3822 2022 λόγῳ

594 2046 722 2092 sunt
755 2047 841 2093 est
871 2038 1095 2092 omnino
1120 2039 1317 2113 eadem
1342 2038 1553 2092 ratione
1613 2038 1895 2092 immobile
1925 2078 1939 2103 ,
1976 2053 2155 2108 neque

591 2116 785 2183 uorum
816 2130 994 2182 anima
1042 2128 1349 2182 carentium
1380 2136 1435 2182 et
1466 2128 1834 2189 sensibilium,
1867 2128 2008 2182 sicut
2037 2137 2155 2182 stu-

590 2217 928 2272 niiosioribus
950 2233 1142 2272 eorum
1173 2234 1295 2287 quae
1317 2225 1446 2271 sunt
1495 2218 2024 2287 contemplatoribus
2078 2220 2157 2273 vi-

592 2322 711 2359 sum
756 2316 877 2371 est;
920 2307 1131 2361 moveri
1180 2307 1333 2361 enim
1380 2306 1563 2361 omnia
1603 2307 1863 2362 dixerunt
1905 2318 2000 2362 aut
2058 2324 2156 2378 per

597 2407 798 2457 rectam
846 2398 1071 2463 lineam,
1115 2405 1212 2453 aut
1264 2414 1364 2468 per
1407 2398 1702 2463 circulum,
1761 2408 1856 2453 aut
1907 2382 2151 2470 oblique.

590 2487 783 2558 «)mnis
807 2487 951 2540 enim
1002 2494 1188 2541 motus
1237 2487 1474 2556 simplici
1524 2472 1944 2558 et’cOmposito
1977 2489 2153 2542 conti-

595 2587 758 2630 netur
801 2577 984 2631 modo.
1032 2576 1092 2631 Si
1153 2593 1286 2649 ergo
1326 2578 1645 2648 intelligitur
1697 2581 1977 2648 generatio
2027 2570 2153 2633 ante

592 2675 799 2721 motum
841 2682 1033 2721 eorum
1094 2683 1331 2737 quorum
1370 2676 1461 2722 'est
1488 2710 1503 2733 ,
1554 2669 2155 2740 inspicitttr..profecto

588 2772 783 2810 eorum
811 2772 1043 2826 quorum
1070 2767 1155 2812 est
1177 2768 1360 2813 motus
1378 2775 1477 2828 per
1501 2761 1938 2830 generationem,
1965 2770 2153 2829 utpote

590 2848 721 2899 dum
766 2848 845 2900 sit
906 2858 1027 2917 post
1097 2864 1217 2903 eam
1277 2849 1581 2904 secundum
1630 2850 1910 2916 notitiam.
1966 2851 2153 2904 Talem

589 2945 772 2993 autem
825 2948 1030 2990 motum
1099 2940 1355 2991 virtutem
1436 2949 1634 2993 vocant
1703 2940 2008 2994 naturalem
2086 2941 2152 2994 ad

589 3042 749 3082 suum
786 3026 944 3080 ﬁnem
978 3026 1345 3088 festinantem,
1370 3026 1441 3094 (ο)
1474 3028 1566 3094 qui
1598 3044 1806 3081 sacram
1840 3030 2152 3087 divinorum

590 3118 750 3173 nobis
806 3117 1191 3189 mysteriorum
1256 3115 1540 3169 scientiam
1611 3130 1766 3169 sacra
1829 3117 2149 3171 iutroduxe-
2200 3148 2201 3151 η

590 3217 768 3271 runt;
818 3218 912 3260 aut
964 3207 1293 3276 passionem,
1350 3205 1405 3259 id
1454 3212 1538 3259 est
1591 3213 1795 3258 motum
1855 3220 1921 3259 ex
1975 3206 2150 3259 altero
2178 3244 2222 3305 ο

585 3301 896 3354 venientem
945 3299 1013 3351 ad
1046 3299 1279 3352 alterum
1322 3298 1478 3366 cujus
1526 3296 1648 3348 ﬁnis
1701 3305 1784 3349 est
1841 3296 2148 3365 impossibi-

573 3388 734 3453 fiitas,
771 3396 865 3440 aut
898 3385 1272 3457 operationem
1303 3385 1558 3446 activam.
1597 3387 1753 3455 cujus
1789 3385 1912 3439 ﬁnis
1947 3395 2030 3440 est
2052 3402 2151 3456 per

586 3480 825 3546 scipsum
873 3476 1160 3545 perfectio.
1212 3476 1434 3530 Nullum
1473 3490 1606 3530 vero
1642 3490 1835 3529 eorum
1867 3491 1988 3544 quae
2010 3475 2151 3541 facta

588 3576 719 3622 sunt
736 3568 937 3622 suimet
964 3566 1089 3622 ﬁnis
1118 3574 1222 3631 est,
1245 3567 1507 3635 quoniam
1528 3581 1706 3636 neque
1738 3567 1823 3619 sui
1849 3581 2013 3626 causa
2038 3577 2149 3633 est;

482 3681 489 3687 -
559 3658 833 3726 alioquin
867 3667 923 3712 et
968 3656 1274 3727 ingenitum
1323 3663 1379 3710 et
1433 3670 1629 3710 carens
1665 3656 1942 3725 principio
1982 3664 2037 3709 et
2071 3656 2153 3708 in—

559 3749 971 3803 ‘commotabile
997 3756 1181 3813 esset,
1208 3747 1407 3813 merito
1433 3746 1501 3799 ad
1529 3746 1739 3799 nullum
1763 3745 2152 3816 quoquomodo

582 3838 799 3892 habens
836 3837 1085 3898 moveri;
1130 3833 1549 3907 transcenderet
1600 3832 1973 3896 enim_eorum
2022 3849 2147 3904 quas

589 3938 719 3984 sunt
770 3938 1041 3993 naturam,
1077 3934 1268 3996 utpote
1309 3940 1411 3995 pro
1443 3924 1595 3981 nullo
1638 3933 1824 3989 esset;
1870 3924 2145 3993 siquidem

590 4037 721 4075 vera
749 4008 815 4074 de
846 4021 964 4089 ipso
993 4017 1264 4081 deﬁnitio,
1289 4015 1536 4085 quamvis
1565 4014 1762 4079 aliena,
1818 4030 1939 4082 qum
1967 4015 2101 4068 dicit
2135 4032 2147 4066 :

582 4112 742 4165 'Finis
768 4120 853 4165 est
885 4125 986 4180 pro
1016 4124 1127 4178 quo
1158 4108 1363 4173 omnia,
1397 4108 1515 4177 ipse
1547 4120 1681 4161 vero
1718 4119 1817 4175 pro
1844 4096 2013 4158 nullo.
2046 4105 2150 4176 Ne-

589 4218 697 4272 que
732 4217 830 4271 per
854 4217 911 4255 se
936 4200 1199 4271 perfectio
1220 4242 1234 4266 ,
1268 4201 1514 4270 alioquin
1547 4212 1659 4251 non
1691 4194 2000 4250 eﬁiceretur
2025 4194 2150 4264 jure

586 4295 850 4362 plenum;
888 4299 945 4345 et
972 4290 1229 4349 similiter
1249 4301 1306 4344 et
1332 4306 1362 4343 a
1395 4289 1549 4343 nullo
1572 4301 1694 4340 esse
1734 4284 2001 4344 haberet;
2053 4298 2151 4360 per

567 4400 651 4437 .se
688 4382 833 4435 enim
876 4381 1197 4451 perfectum,
1239 4376 1703 4449 quemadmodum
1745 4383 1802 4429 et
1846 4372 2145 4427 incausale.

592 4473 781 4541 Neque
816 4471 1248 4541 impassibilitas,
1279 4468 1485 4537 alioqui
1522 4477 1579 4521 et
1614 4464 1690 4537 (p)
1722 4480 1951 4519 manens
1981 4472 2034 4518 et
2068 4464 2149 4516 in-

2257 2033 2535 2101 ἀκίνητον,
2573 2031 2680 2084 οὐδ’
2705 2032 2882 2085 αὐτῶν
2910 2031 3016 2088 τῶν
3044 2032 3263 2103 ἀψύχων
3298 2034 3393 2087 καὶ
3420 2036 3717 2104 αἰσθητῶν,
3747 2040 3819 2102 ὡς

2254 2126 2367 2185 τοῖς
2388 2117 2828 2193 ἐπιμελεστέρως
2850 2122 2954 2174 τῶν
2975 2121 3143 2180 ὅντων
3171 2123 3429 2194 θεάμοσιν
3451 2125 3619 2190 ἔδοξε.
3648 2130 3821 2181 Κινιῖ-

2258 2215 2381 2269 σθαι
2404 2215 2511 2285 γὰρ
2541 2216 2714 2269 πάντα
2738 2215 2965 2284 ἔφασαν,
3000 2214 3032 2284 ἦ
3065 2214 3189 2268 κατ’
3210 2215 3446 2279 εὐθεῖαν,
3480 2218 3513 2288 ἢ
3547 2219 3689 2271 κατὰ
3720 2219 3819 2271 κὺ-

2256 2306 2402 2371 κλον,
2437 2306 2469 2377 ἦ
2501 2306 2828 2368 ἑλικοειδῶς.
2865 2307 3024 2358 Πᾶσα
3051 2305 3160 2377 γὰρ
3190 2307 3404 2376 κίνησις
3432 2310 3509 2379 τῷ
3536 2310 3695 2379 ἁπλῷ
3727 2310 3819 2365 καὶ

2247 2395 2330 2465 ’τῷ
2376 2395 2617 2466 συνθέτῳ
2663 2396 2981 2465 περιέχεται
3019 2397 3223 2467 τρόπῳ.
3283 2400 3347 2451 El
3378 2399 3556 2453 τοίνυν
3589 2419 3817 2471 προεπιτ

2254 2489 2453 2540 νοεῖται
2488 2487 2586 2555 τῆς
2621 2480 2696 2541 ὧν
2738 2486 2852 2539 ἐστι
2890 2489 3155 2558 κινήσεως
3183 2489 3215 2558 ἡ
3240 2490 3473 2557 γένεσις,
3504 2491 3817 2560 ἐπιθεωρεῖ-

2253 2596 2341 2635 ται
2384 2578 2449 2648 δὴ
2466 2577 2582 2609 ’⁸·⁷⁹
2633 2576 2732 2647 τῆς
2778 2570 2853 2629 ὧν
2900 2580 3016 2631 ἐστι
3063 2579 3331 2646 γενέσεως
3370 2582 3403 2650 ἡ
3448 2581 3699 2649 κίνησις,
3746 2582 3820 2643 ὡς

2257 2669 2374 2739 μετ’
2394 2669 2564 2738 αὐτὴν
2589 2667 2939 2719 κατεπινοιαν
2972 2663 3123 2721 οὖσα.
3160 2669 3375 2740 Ταύτην
3398 2670 3454 2722 δὲ
3483 2671 3579 2741 τὴν
3609 2672 3820 2739 κίνησιν

2252 2758 2481 2825 δύναμιν
2509 2755 2764 2809 καλοῦσιν
2790 2756 3049 2826 φυσικὴν,
3085 2759 3221 2827 πρὸς
3249 2758 3309 2812 τὸ
3336 2759 3455 2811 κατ’
3478 2759 3649 2829 αὐτὴν
3669 2760 3819 2822 τέλος

2255 2844 2638 2915 ἐπειγομένην,
2676 2846 2709 2915 ἢ
2744 2845 2932 2909 πάθος,
2970 2847 3087 2919 ἦτοι
3115 2848 3347 2919 κίνησιν,
3382 2848 3443 2912 ἐξ
3466 2849 3653 2920 ἑτέρου
3681 2850 3819 2919 πρδς

2254 2936 2438 3005 ἕτερον
2462 2934 2776 3005 γινομένην,
2810 2934 2962 2996 τέλος
2989 2935 3215 3005 ἔχουσαν
3227 2937 3309 2988 ’τὸ
3337 2937 3566 3001 ἀπαθὲς,
3604 2939 3637 3010 ἦ
3666 2940 3821 3009 ἐνέρ-

2256 3048 2410 3099 γειαν
2437 3018 2755 3102 spatium,
2787 3029 2937 3092 τέλος
2964 3029 3193 3099 ἔχουσαν
3226 3029 3287 3081 τὸ
3310 3026 3616 3090 αὐτοτελές.
3653 3029 3821 3082 Οὐδὲν

2252 3121 2308 3172 δὲ
2342 3120 2452 3172 τῶν
2478 3120 2719 3189 γενητῶν
2734 3120 2781 3151 ⁸⁸
2821 3118 3037 3172 ἑαυτοῦ.
3058 3118 3211 3181 τέλος
3236 3118 3385 3170 ἐστὶν
3410 3154 3427 3179 ,
3477 3118 3663 3187 ἐπειδὴ
3695 3118 3822 3170 οὕτε

2254 3208 2569 3270 αὑταίτιον,
2620 3208 2740 3259 ἐπεὶ
2771 3200 2863 3260 καὶ
2892 3208 3154 3276 ἀγένητον
3184 3208 3279 3260 καὶ
3308 3208 3537 3277 ἄναρχον
3570 3208 3666 3259 καὶ
3696 3209 3823 3260 ἀκί-

2251 3312 2409 3367 νητον
2428 3336 2443 3360 ,
2479 3296 2555 3357 ὡς
2589 3296 2726 3365 πρὸς
2761 3297 2931 3364 μηδὲν
2957 3296 3073 3358 πῶς
3101 3296 3222 3364 ἕχον
3252 3298 3558 3366 κινηθῆναι.
3594 3297 3823 3350 Ἐκϐαί-

2249 3402 2330 3437 νει
2358 3385 2465 3456 γὰρ
2498 3385 2603 3438 τῶν
2628 3384 2797 3437 ὄντων
2824 3384 2921 3454 τὴν
2951 3386 3134 3452 φύσιν,
3171 3386 3247 3448 ὡς
3270 3387 3482 3445 οὐδενὸς
3511 3386 3699 3439 ἕνεκεν
3736 3388 3823 3451 δν,

2250 3478 2409 3547 εἴπερ
2440 3475 2647 3546 ἀληθὴς
2688 3478 2716 3529 ὁ
2750 3477 2876 3545 περὶ
2904 3474 3066 3528 αὑτοῦ
3097 3475 3325 3547 ὁρισμὸς
3344 3515 3359 3537 ,
3407 3475 3507 3528 κᾶν
3535 3475 3827 3545 ἀλλότριος

2251 3564 2291 3640 ᾗ
2314 3570 2342 3621 ὁ
2366 3567 2563 3634 λέγων.
2600 3558 2764 3629 Τέλος
2790 3568 2935 3619 ἐστὶν
2972 3559 3033 3619 οὗ
3062 3565 3249 3618 ἕνεκεν
3279 3565 3346 3618 τὰ
3372 3565 3568 3629 πάντα,
3604 3566 3742 3618 αὐτὸ
3770 3567 3826 3619 δὲ

2251 3658 2464 3721 οὐδενὸς
2510 3658 2719 3711 ἕνεκεν.
2781 3658 2915 3711 Οὐδὲ
2962 3656 3278 3721 αὐτοτελὲς,
3329 3658 3450 3709 ἐπεὶ
3476 3657 3566 3710 καὶ
3593 3657 3827 3729 ἀνενέρ-

2252 3761 2414 3814 γητον
2440 3784 2454 3806 ,
2510 3744 2584 3805 ὡς
2635 3744 2874 3819 πλῆρες,
2927 3746 3021 3798 καὶ
3065 3745 3325 3809 ὡσαύτως
3368 3744 3463 3799 καὶ
3503 3746 3829 3814 μηδαμόθεν

2251 3833 2310 3885 τὸ
2359 3828 2497 3885 εἶναι
2541 3831 2679 3901 ἔχον.
2737 3833 2810 3891 Τὸ
2838 3833 3123 3897 αὐτοτελὲς
3146 3834 3256 3904 γάρ
3284 3844 3401 3896 πως
3430 3834 3521 3886 καὶ
3547 3833 3824 3889 ἀναίτιον.

2252 3921 2373 3973 Οὐδ’
2396 3921 2622 3987 ἀπαθὲς,
2659 3922 2784 3977 ἐπεὶ
2816 3922 2911 3975 καὶ
2940 3924 3100 3992 μόνον
3132 3924 3226 3977 καὶ
3254 3923 3481 3992 ἄπειρον
3508 3923 3600 3975 καὶ
3620 3924 3828 3997 ἀπερί-

2251 4026 2478 4080 γραφον.
2518 4011 2592 4063 Ού
2623 4011 2730 4082 γὰρ
2756 4010 2983 4081 πάσχειν
3010 4012 3217 4080 πέφυκε
3244 4010 3472 4064 καθόλου
3499 4010 3558 4063 τὸ
3579 4000 3822 4078 ἇπαθὶς,

2250 4100 2329 4169 τῷ
2361 4102 2485 4170 μήτ’
2510 4102 2637 4170 ὲρᾷν
2666 4101 2825 4154 ἄλλου
2845 4140 2858 4162 ,
2894 4101 2926 4168 ἢ
2955 4101 3219 4155 κινεῖσθαι
3253 4101 3390 4173 πρὸς
3415 4100 3607 4171 (120
3627 4101 3691 4171 b)
3718 4102 3823 4166 ἆρ-

2251 4189 2311 4241 λό
2337 4207 2386 4241 τι
2423 4192 2539 4257 κατ’
2562 4190 2767 4257 ἔφεσιν.
2824 4190 2989 4242 Οὐδὲν
3018 4190 3124 4261 ἄρα
3165 4190 3272 4243 τῶν
3300 4190 3606 4260 γενητῶν⁸⁶
3634 4189 3825 4243 κινοῶ

2255 4296 2416 4347 μενον
2442 4280 2592 4349 ἔστη,
2627 4280 2702 4340 ὡς
2731 4279 2836 4347 τῆς
2864 4266 3094 4349 πρώτης
3121 4282 3213 4332 καὶ
3243 4280 3411 4349 μόνης
3440 4279 3643 4343 αἰτίας,
3669 4280 3737 4343 ἐξ
3755 4275 3826 4349 ἧς

2248 4369 2311 4422 τὸ
2332 4367 2470 4424 εἶναι
2497 4374 2608 4433 τοῖς
2634 4367 2751 4423 οὖσι
2776 4372 3044 4440 περίεστι,
3075 4370 3240 4439 μήπω
3262 4369 3443 4438 τυχὸν,
3473 4369 3507 4439 ἢ
3535 4368 3631 4421 τοῦ
3653 4370 3828 4440 ἐσχά-

2251 4478 2343 4513 του
2377 4462 2528 4523 ὲντὺς
2556 4461 2843 4529 γενόμενον
2870 4459 3118 4530 ὀρεκτοῦ,
3154 4459 3218 4511 ἵν’
3242 4462 3307 4513 ὲκ
3331 4463 3828 4531 προγεγενημένης

591 4562 810 4617 ﬁnitum
835 4572 890 4617 et
922 4559 1471 4635 pincircumscrithm
1510 4568 1676 4612 esset.
1724 4556 1843 4611 Non
1866 4554 2012 4610 enim
2036 4553 2146 4623 pati

2255 4550 2434 4614 ἑνὰδος
2485 4554 2513 4603 ὁ
2555 4552 2661 4602 τῶν
2710 4548 2944 4617 λογικῶν
2998 4550 3302 4620 οκεδασμὸς
3350 4550 3532 4621 ἑαυτῷ
3572 4551 3681 4623 τὴν
3714 4553 3826 4605 τῶν

593 4654 916 4708 naturaliter
964 4653 1147 4715 inest,
1193 4648 1339 4719 quod
1387 4648 1772 4702 universaliter
1817 4644 2150 4714 impassibile

2253 4641 2519 4710 σωμάτων
2548 4640 2760 4708 γένεσιν
2786 4639 3095 4703 ἀκολούθως
3118 4632 3533 4711 συνεισκομισας
3558 4644 3845 4715 νομισθῇ.Γ

592 4754 699 4807 est,
736 4744 882 4816 quod
930 4759 1109 4812 neque
1143 4751 1359 4795 amatur
1407 4740 1477 4795 ab
1508 4723 1621 4794 alio
1651 4748 1747 4794 aut
1791 4746 2041 4793 movetur
2083 4736 2149 4789 ad

2255 4732 2358 4783 Kal.
2419 4730 2755 4801 μαρτυροῦσι
2808 4731 3050 4800 Μωῦσῆς
3108 4732 3203 4785 καὶ
3257 4732 3423 4815 dum
3470 4732 3565 4785 καὶ
3604 4733 3829 4795 Παῦλος

594 4836 745 4890 aliud
767 4835 897 4904 quid
922 4850 1020 4904 per
1046 4846 1311 4887 amorem.
1345 4831 1572 4887 Nullum
1611 4832 1781 4901 igitur
1815 4835 2006 4885 eorum
2031 4844 2153 4898 qua:

591 4937 849 4996 generata
876 4933 1005 4980 sunt
1039 4931 1245 4977 motum
1276 4929 1404 4985 stat,
1437 4928 1628 4991 utpote
1666 4921 1899 4991 primam
1938 4927 1996 4973 et
2036 4933 2152 4971 ma-

592 5027 815 5072 nentem
838 4998 1080 5078 causam,
1124 5029 1191 5067 ex
1214 5028 1322 5081 qua
1354 5011 1605 5069 essebis
1650 5026 1772 5078 quae
1818 5017 1949 5064 sunt
1985 5009 2148 5069 inest,

594 5109 840 5161 nondum
868 5102 1362 5174 comprehenderis,
1393 5110 1485 5155 aut
1510 5101 1651 5175 intra
1678 5100 2036 5156 novissimum
2070 5097 2151 5149 fa-

598 5203 743 5249 ctum
767 5206 851 5252 est
889 5196 1111 5260 datum,
1161 5203 1255 5249 aut
1300 5209 1364 5247 ex
1406 5191 1773 5261 primogenita
1812 5191 2021 5243 unitate
2063 5203 2149 5241 ra—

2250 4821 2303 4903 ol
2319 4819 2483 4887 ἅγιοι,
2518 4821 2613 4874 καὶ
2639 4822 2668 4873 ὁ
2697 4820 2901 4876 τούτων
2923 4824 3203 4893 Δεσπότης
3225 4814 3478 4892 Χριστὸς,
3504 4822 3533 4874 ὀ
3553 4820 3690 4889 μὲν.
3732 4823 3831 4891 Iul

2234 4912 2579 4992 γεύσασθαι
2629 4912 2736 4966 τοῦ
2779 4914 2970 4978 ξύλου
3007 4914 3118 4982 τῆς
3171 4911 3319 4980 ζωῆς
3359 4912 3452 4965 τὸν
3495 4913 3836 4984 προπάτορα

2261 4994 2567 5072 ιστορήσας,
2606 5005 2698 5056 καὶ
2737 5004 2918 5059 ἄλλοθι
2963 5005 3163 5068 εἰπὼν,
3203 5006 3286 5057 οὐ
3338 5004 3453 5072 γὰρ
3493 5001 3691 5070 ﬁxura
3722 5004 3837 5071 ἕως

2245 5094 2361 5173 ,τοῦ
2383 5095 2498 5147 νῦν
2512 5098 2599 5159 εἰς
2618 5096 2735 5163 τὴν
2760 5096 3138 5151 κατάπαυσιν
3152 5096 3251 5149 καὶ
3278 5097 3364 5161 εις
3385 5093 3500 5161 τὴν
3525 5097 3835 5163 uaporu-

2253 5188 2418 5255 μίαν,
2445 5184 2524 5251 ἣν
2547 5188 2760 5254 Κύριος
2784 5190 2816 5241 ό
2836 5186 2980 5250 Θεὸς
2998 5183 3430 5257 ἡμῶν-δίδωσιν
3458 5182 3624 5253 ὑμῖν.
3663 5186 3732 5239 '0
3756 5185 3837 5248 ει.

659 5357 663 5363 .
773 5325 776 5331 ‘
992 5326 998 5331 '
1209 5331 1212 5334 ’
1874 5302 2108 5358 νΑιιιΑῖ
2129 5297 2529 5354 LECTIONES.

696 5398 741 5476 ’ξ
761 5398 874 5476 ἐστ)
914 5398 1142 5476 ξᾱιίὲιιι.
1207 5403 1249 5433 ⁷⁷
1281 5398 1426 5469 αὐτῷ
1450 5397 1538 5452 ed.
1564 5397 1684 5451 Gal.
1752 5396 1869 5428 ’Μ’
1900 5392 2100 5476 Scripsi
2131 5393 2194 5462 δὴ
2224 5407 2321 5461 pro
2348 5391 2423 5454 δὲ,
2456 5394 2603 5462 quod
2631 5401 2718 5464 est
2748 5393 2801 5446 in
2826 5392 2947 5446 cod.
2979 5389 3121 5445 Gud.
3154 5398 3208 5444 et
3236 5389 3290 5444 in
3322 5388 3414 5444 ed.
3437 5388 3552 5444 Gal.
3625 5388 3680 5419 ⁸³
3710 5404 3826 5457 γεν-

604 5468 777 5536 νητῶν
795 5469 883 5522 ed.
918 5467 1038 5523 Gal.

2060 5574 2281 5629 ΝΟΤᾸΞ,

676 5677 750 5745 (q)
781 5674 882 5739 Qui
904 5692 1113 5731 sacram
1131 5703 1283 5745 -.—7—
1313 5675 1716 5745 introduxerunt
1768 5671 2156 5726 desiderantur

607 5743 665 5802 in
686 5742 895 5799 Graecis
927 5756 1034 5799 tam
1059 5746 1147 5800 ed.
1180 5744 1296 5799 Gal.
1332 5755 1494 5810 quam
1520 5743 1640 5794 cod.
1666 5742 1809 5796 Gud.

682 5814 755 5885 (p)
779 5813 891 5883 [me
918 5830 1081 5869 unum
1118 5814 1305 5869 solum.
1338 5804 1405 5887 Et
1451 5824 1573 5864 mox
1616 5813 1841 5878 primam
1890 5818 1937 5861 ct
1967 5804 2155 5860 solam.

2263 5666 2392 5731 Quae
2418 5672 2724 5734 sequuntur
2764 5672 2895 5719 sunt
2927 5661 3248 5717 obscuriora
3292 5661 3348 5715 in
3402 5659 3621 5714 Latinis
3670 5671 3840 5730 qua.

2267 5737 2320 5789 in
2350 5736 2572 5790 Grzccis.
2610 5734 2805 5805 (Gale.)
3748 5741 3761 5755 ·
