3966 6340
219 402 398 470 1073

1481 403 1990 466 AMBlGUORUM
2032 406 2279 467 LIBER.

3336 400 3472 471 1οη

253 495 747 586 Χορτασθήσομαι
764 519 928 583 ,ϐοῶν
944 519 1012 573 ἐν
1032 515 1107 582 τῷ
1119 517 1270 586 θ’ροιῖ
1279 517 1373 567 ναί
1384 533 1483 584 μοι
1506 515 1617 582 τὴν
1631 513 1817 576 δόξαν

1933 512 2274 568 lionabilium
2300 530 2518 585 sparsor
2571 515 2792 569 sibimet
2837 515 3125 581 corporum
3167 510 3472 580 generatio-

254 627 396 662 σου·
417 612 530 674 καὶ,
546 611 868 679 Ἐδίψησεν
886 612 924 678 ἡ
948 610 1116 679 ψυχή
1128 625 1244 677 μου
1260 607 1408 674 πρὸς
1427 607 1532 659 τὸν
1553 605 1700 659 Θεὸν
1715 605 1821 656 τὸν

255 700 515 768 ίσχυρὸν
541 701 646 754 τὸν
684 699 888 762 ζῶντα,
911 703 1051 754 πότε
1083 700 1207 766 ἥξω
1234 696 1332 750 καὶ
1368 695 1708 764 ὀφθήσομαι
1741 693 1820 757 τῷ

256 789 560 855 προσώπῳ
599 791 707 844 τὸν
731 793 898 844 Θδόν.
935 793 994 842 '0
1029 790 1087 842 δὲ
1125 787 1508 852 Φιλιππησίοις
1547 785 1644 855 μὲν
1689 784 1822 853 19d-

258 895 401 946 φων,
430 879 499 933 E1
521 896 638 946 πως
672 880 1024 946 καταντήσω
1040 883 1124 946 είς
1149 879 1263 946 τὴν
1283 877 1690 944 ἐξανάστασιν
1707 872 1823 926 τῶν

257 969 513 1036 νεκρῶν,
530 973 602 1025 οὐ
605 991 642 1039 χ
659 971 746 1024 ὅτι
759 971 876 1039 ἤδη
888 971 1108 1028 ἔλαϐον
1119 971 1156 1038 ἣ
1172 970 1286 1038 ἤδη
1299 968 1693 1034 τετελείωμαι,
1703 963 1824 1017 διώ-

260 1076 351 1110 κω
369 1059 436 1111 δὲ
464 1060 520 1112 ετ
547 1077 613 1128 γε
635 1054 964 1123 καταλάϐω,
999 1062 1093 1130 ἐφ’
1113 1055 1161 1126 ᾧ
1189 1061 1285 1116 καὶ
1304 1058 1685 1130 κατελήφθην
1704 1055 1822 1109 ὑπὸ

274 1149 478 1214 Ἰησοῦ
497 1149 774 1216 Χριστοῦ.
804 1150 1077 1219 Ἑϐραίοις
1095 1151 1174 1216 δὲ,
1213 1151 1264 1202 '0
1292 1150 1401 1218 γὰρ
1427 1130 1715 1201 ucum.»-
1739 1148 1825 1210 είς

260 1239 384 1303 τὴν
395 1240 778 1294 κατάπαυσιν
791 1235 977 1294 αὐτοῦ
995 1241 1094 1294 καί
1110 1241 1288 1304 αὐτὸς
1308 1238 1687 1291 κατέπαυσεν
1709 1237 1823 1290 ἀπὸ

263 1324 389 1376 τῶν
416 1326 604 1394 ἔργων
624 1331 831 1392 αὑτοῦ,
854 1329 1056 1397 ὥσπερ
1089 1327 1207 1383 ἀπὸ
1233 1327 1352 1381 τῶν
1382 1329 1564 1391 ἰδίων,
1595 1331 1628 1380 ό
1662 1325 1822 1388 Bede.

266 1415 383 1466 Καὶ
415 1416 575 1468 πάλιν
606 1419 662 1470 ὲν
690 1422 756 1490 τῇ
788 1421 926 1489 αὐτῇ
955 1419 1237 1489 Ἐπιστολῇ
1271 1417 1475 1486 μηδένα
1496 1416 1826 1486 κομίσασθαι

265 1502 369 1559 τὰς
421 1506 754 1572 ἐπαγγελίας
813 1506 1307 1576 διαϐεϐαιούμενος.
1369 1508 1432 1560 '0
1487 1507 1578 1568 δὲ,
1652 1507 1830 1559 Δεῦτε

265 1593 420 1656 πρός
431 1609 526 1659 με,
551 1594 772 1659 πάντες
795 1598 849 1647 ol
871 1595 1194 1660 κοπιῶντες
1224 1597 1318 1649 καί
1351 1595 1826 1664 πεφορτισμένοι,

266 1679 434 1745 κάγὼ
479 1681 812 1738 ἀναπαύσω
851 1683 1026 1753 ὑμᾶς.
1069 1685 1235 1738 Οὔπω
1275 1682 1368 1738 οὖν
1406 1686 1653 1755 οὐδαμῶς
1679 1686 1830 1739 οὐδὲν

263 1765 381 1818 τῶν
417 1770 1154 1844 γενητῶν¹¹¹σ¹¹¹τὴνφυσικὴν
1186 1775 1413 1844 δύναμιν
1456 1775 1591 1844 πρὸς
1620 1775 1680 1827 τὸ
1713 1775 1830 1826 κατ’

265 1855 445 1926 αὐτὴν
469 1859 621 1922 τέλος
651 1859 975 1932 κινουμένήν
1001 1863 1246 1932 ἔστησεν.
1283 1865 1402 1916 οὐδὲ
1429 1866 1525 1932 τῆς
1551 1861 1831 1932 ἐνεργείας

265 1946 549 2000 ἐπαύσατο
590 1950 668 2020 τῷ
709 1953 829 2003 κατ’
849 1952 1020 2021 αὐτὴν
1063 1954 1203 2006 τέλει
1250 1956 1603 2024 προσερεῖσαν
1641 1951 1826 2020 αὐτὴν,

264 2035 394 2086 οὐδὲ
428 2037 522 2088 τοῦ
559 2038 800 2106 (121a)
838 2041 977 2093 κατὰ
1007 2041 1219 2109 κίνησιν
1266 2042 1467 2106 πάθους
1497 2044 1589 2096 τὸν
1620 2043 1828 2116 καρπὸν

266 2125 567 2193 ἰδρέψατο,
620 2127 681 2180 τὺ
725 2128 962 2195 ἀπαθὲς,
1013 2130 1188 2199 φημὶ,
1250 2133 1343 2185 καὶ
1397 2133 1670 2202 ἀκίνητον.
1720 2132 1831 2187 Μό-

264 2231 366 2267 νου
402 2215 511 2286 γὰρ
553 2217 690 2269 Θεοῦ
731 2219 792 2270 τὸ
822 2219 972 2281 τέλος
1001 2216 1139 2273 εἶναι
1186 2222 1279 2274 καὶ
1310 2223 1372 2275 τὸ
1401 2223 1602 2276 τέλειον
1645 2225 1738 2279 καὶ
1769 2225 1830 2278 τὸ

262 2297 513 2360 ἀπαθὲς,
572 2300 646 2365 ὡς
682 2303 939 2374 ἀκινήτου
992 2306 1084 2357 καὶ
1119 2306 1355 2377 πλήρους
1390 2311 1484 2363 καὶ
1513 2311 1826 2376 ἀπαθοῦς⁸³,

263 2388 383 2440 τῶν
412 2391 654 2460 γενητῶν
668 2392 716 2425 ⁸⁸
739 2393 796 2446 δὲ
834 2395 894 2446 τὸ
922 2396 1055 2466 πρὸς
1083 2397 1234 2461 τέλος
1267 2400 1499 2470 ἄναρχον
1524 2395 1832 2469 κινηθῆναι,

264 2479 368 2529 καὶ
400 2479 586 2549 ἀπὸσῳ
623 2482 812 2552 τελείῳ
849 2481 992 2536 τέλει
1021 2485 1066 2516 ³⁸
1123 2487 1326 2539 παῦσαι
1381 2488 1480 2557 τὴν
1528 2489 1826 2556 ἐνέργειαν,

265 2568 369 2618 καὶ
405 2569 616 2634 παθεῖν,
649 2571 762 2622 ἀλλ’
795 2574 894 2624 οὐκ
915 2569 1056 2625 εἶναι
1083 2575 1116 2643 ἢ
1169 2574 1420 2641 γενέσθαι
1472 2567 1589 2628 ἕατ’
1644 2576 1850 2640 οὐσίαν⁵

264 2653 332 2702 τὸ
366 2651 554 2705 ἄποιον
579 2670 592 2682 ·
640 2657 748 2709 πᾶν
775 2656 883 2726 γὰρ
907 2660 1132 2728 γενητὸν
1163 2662 1254 2713 καὶ
1292 2661 1630 2715 κτιστδνοὺκ
1668 2662 1831 2732 ἇσχε-
1876 2716 1878 2719 ,

263 2757 364 2792 τον
390 2742 650 2811 δηλονότι.
681 2747 1050 2818 Εὺγνωμὸνως
1076 2751 1132 2803 δὲ
1160 2751 1252 2805 τοῦ
1278 2753 1480 2815 πάθους
1508 2754 1795 2807 ἀκουστέον
1814 2771 1828 2786 ο

263 2832 334 2882 οὐ
357 2832 469 2901 γὰρ
500 2833 562 2886 τὸ
590 2839 730 2888 κατὰ
751 2840 959 2909 τροπὴν
989 2840 1022 2909 ἢ
1054 2839 1260 2911 φθορὰν
1287 2842 1565 2910 δυνάμεως
1600 2842 1830 2894 ἐνταῦθα

262 2921 529 2990 δηλοῦται
585 2927 774 2992 πάθος,
831 2930 965 2983 ἀλλὰ
1023 2930 1083 2982 τὸ
1139 2931 1296 2998 φύσει
1351 2934 1688 3000 συνυπάρχον
1721 2936 1831 2994 τοῖς

263 3008 414 3066 οὖσι.
443 3015 628 3068 Πάντα
666 3019 774 3087 γὰρ
809 3021 908 3072 ὅσα
951 3021 1139 3087 γέγονε
1174 3021 1368 3088 πάσχει
1436 3020 1495 3072 τὸ
1544 3021 1828 3086 κινεῖσθαι,

264 3103 348 3164 ὡς
382 3104 456 3173 μὴ
490 3105 622 3159 ὄντα
643 3109 987 3178 αΰτοκίνησις
1035 3110 1067 3179 ἥ
1128 3108 1500 3180 αὑτοδύναμις.
1553 3114 1617 3164 Ei
1655 3114 1842 3175 τοίνυν,

264 3193 480 3260 γενητὰ
531 3196 762 3265 ὑπάρχει
787 3197 878 3248 -τὰ
926 3197 1118 3266 λογικὰ
1176 3201 1269 3252 καὶ
1324 3204 1552 3265 κινεῖται
1595 3204 1833 3271 πάντως,

263 3282 346 3343 ὼς
370 3283 427 3348 ἐξ
461 3285 632 3354 ἀρχῆς
659 3288 800 3339 κατὰ
835 3288 994 3357 φύσιν
1044 3291 1132 3350 διὰ
1176 3290 1236 3342 τὺ
1290 3287 1450 3359 εἶναι,
1500 3294 1635 3362 πρὸς
1684 3295 1836 3359 τέλος

267 3374 418 3426 κατὰ
472 3375 696 3447 γνώμην
721 3365 810 3431 δίά
845 3381 905 3432 τὸ
945 3376 1003 3432 εὖ
1036 3377 1172 3433 εἶναι
1200 3380 1510 3450 κινούμενα.
1540 3383 1702 3446 Τέλος
1729 3385 1842 3453 γὰρ

207 3510 210 3511 ,
265 3464 377 3531 τῆς
410 3465 515 3518 τῶν
539 3470 870 3538 κινουμένων
899 3473 1165 3540 κινήσεως
1205 3472 1342 3523 αὐτὸ
1391 3474 1452 3522 τὸ
1501 3474 1560 3524 ὲν
1615 3472 1694 3543 τῷ
1751 3476 1838 3527 ἀεὶ

265 3551 337 3604 εὖ
381 3549 521 3606 εἷναί
561 3549 730 3620 ἐστιν,
767 3558 953 3629 ὥσπερ
983 3562 1077 3612 καὶ
1121 3560 1262 3629 ἁρχὴ
1291 3560 1422 3614 αὐτὸ
1443 3561 1504 3612 τὸ
1533 3558 1671 3616 εἶναι
1701 3566 1837 3633 ὅπερ

267 3644 424 3695 ἐστὶν
459 3646 488 3696 ὁ
526 3645 675 3709 Θεὸς,
705 3649 734 3700 δ
753 3650 859 3700 καὶ
886 3647 980 3699 τοῦ
1012 3645 1148 3701 εἶναι
1185 3651 1348 3722 δοτὴρ
1376 3653 1469 3703 καὶ
1498 3652 1592 3704 τοῦ
1614 3649 1672 3705 εὖ
1697 3649 1837 3707 εἶναι

268 3727 612 3804 χαριστικδς,
649 3730 724 3792 ὡς
762 3733 903 3802 ἁρχὴ
953 3735 1046 3785 καὶ
1077 3736 1228 3799 τέλος
1262 3755 1274 3766 ·
1329 3738 1387 3801 ἐξ
1417 3739 1578 3790 αὑτοῦ
1611 3740 1720 3810 γὰρ
1745 3744 1838 3794 καὶ

263 3815 337 3867 τὸ
376 3816 566 3880 ἁπλῶς
610 3821 876 3875 κινεῖσθαι
931 3824 1098 3899 ἡμᾶς,
1151 3826 1224 3888 ὡς
1282 3829 1474 3897 ἀρχῆς,
1511 3830 1695 3882 καὶτὸ
1721 3832 1837 3894 πῶς

269 3904 544 3960 κινεῖσθαι
597 3911 732 3978 πρὸς
778 3912 1044 3976 αὐτὺνιὼς
1069 3916 1220 3978 τέλος
1249 3918 1414 3970 ἐστίν.
1442 3920 1503 3971 Ei
1527 3920 1583 3973 δὲ
1610 3925 1837 3976 κινεῖται

267 3996 554 4066 ἀναλόγως
579 3999 758 4069 ἑαυτῷ
787 4002 986 4073 νοερῶ;
1014 4005 1073 4056 τὸ
1101 4005 1302 4074 νοερὸν,
1336 4010 1428 4059 καὶ
1453 4011 1804 4074 νοείπάντως
1823 4029 1836 4042 ·

266 4085 406 4139 εἰδὲ
434 4091 558 4156 νοεῖ,
579 4089 676 4143 καὶ
698 4092 800 4161 ὲρᾷ
825 4093 1038 4156 παντως
1072 4095 1166 4147 τοῦ
1199 4099 1477 4166 νοηθέντος
1512 4116 1526 4128 '
1559 4104 1606 4153 εί
1637 4102 1681 4154 δ’
1716 4105 1835 4173 ἐρᾷ,

267 4176 376 4229 καὶ
416 4178 611 4249 πάσχει
663 4182 878 4246 πάντως
907 4184 1006 4254 τὴν
1036 4186 1170 4255 πρὸς
1208 4189 1337 4240 αὐτὸ
1382 4190 1457 4252 ὡς
1512 4192 1737 4261 ἐραστδν
1793 4196 1838 4227 ⁸⁸

264 4263 539 4323 ἔκστασιν
567 4286 582 4304 ο
617 4273 666 4324 εί
695 4272 762 4325 δὲ’
799 4275 1019 4344 πάσχει,
1076 4277 1315 4345 δηλονότι
1368 4280 1464 4333 καὶ
1515 4283 1792 4350 ἐπείγεται
1821 4301 1835 4314 ·

268 4361 325 4423 ei
376 4359 432 4411 δὲ
477 4362 774 4431 ἐπείγεται,
823 4366 917 4418 καὶ
962 4368 1217 4421 ἐπιτείνει
1279 4373 1496 4433 πάντως
1518 4371 1584 4424 ’τὸ
1611 4373 1838 4448 σφοδρὸν

1927 621 2051 657 nem
2107 615 2510 675 consequenter
2569 614 2830 673 coaptans
2881 601 3176 655 arbitratus
3234 606 3338 653 est.
3405 599 3472 651 Et

1924 694 2296 748 testimonium
2327 695 2622 765 perhibent
2654 693 2864 763 Moyses
2895 705 2951 746 et
2979 690 3149 745 David
3179 699 3232 742 et
3269 689 3473 742 Paulus

1922 785 2119 848 sancti,
2166 774 2233 840 et.
2262 800 2454 839 eorum
2483 786 2748 839 Dominus
2777 783 3047 837 Christus.
3098 781 3331 848 Moyses"
3351 777 3474 845 qui-

1922 876 2046 928 dem
2081 893 2094 927 :
2124 875 2200 929 Ne
2221 885 2393 947 gustet
2422 893 2485 929 ea:
2517 875 2656 947 ligno
2688 877 2808 929 vita:
2834 873 2862 912 ι)
2889 915 2904 938 ,
2930 871 3164 941 primum
3191 877 3472 938 parentem

1923 964 2264 1027 describens,
2283 964 2350 1018 "et
2379 964 2512 1033 alibi
2543 964 2732 1017 dicens
2757 947 2786 1014 ἓ
2805 961 2923 1014 Νοη
2953 961 3092 1012 enim
3136 957 3346 1011 venistis
3388 973 3476 1008 us-

1925 1071 2023 1118 que
2053 1071 2190 1107 nunc
2219 1055 2277 1107 in
2307 1057 2530 1124 quietem
2559 1064 2606 1107 et
2633 1057 2688 1107 in
2739 1053 3116 1113 haereditatem',
3166 1064 3326 1118 quam
3369 1047 3476 1098 Do-

1928 1146 2098 1196 minus
2134 1142 2270 1196 Deus
2297 1153 2466 1196 vester
2517 1143 2662 1197 dabit
2697 1143 2834 1198 vobis
2863 1153 2912 1195 °.
2956 1139 3127 1195 David
3165 1152 3300 1192 vero
3332 1154 3347 1189 :
3377 1134 3480 1189 Su-

1927 1235 2094 1288 tiabor
2127 1234 2386 1298 clamans,
2417 1234 2542 1287 dum
2565 1233 2874 1303 apparuerit
2919 1231 3046 1282 mihi
3076 1228 3247 1298 gloria
3289 1234 3382 1278 tua
3409 1223 3476 1288 d;

1927 1333 1981 1376 et
2021 1340 2034 1376 :
2069 1321 2246 1376 Sitivit
2279 1324 2460 1375 anima
2491 1339 2604 1375 mea
2639 1322 2709 1374 ad
2752 1319 2919 1373 Deum
2962 1317 3147 1386 fortem
3185 1316 3478 1367 viventem:

1926 1414 2138 1483 quando
2189 1415 2394 1475 veniam
2431 1423 2481 1465 et
2532 1411 2794 1482 apparebo
2833 1409 3000 1463 vultui
3029 1407 3124 1461 Dei
3159 1406 3233 1458 οἳ
3278 1404 3482 1464 Paulus

1928 1519 2146 1572 quoque
2172 1503 2617 1574 Philippensibus
2636 1502 2858 1572 quidem
2881 1499 3156 1555 scribens:
3189 1495 3244 1550 Si
3267 1512 3486 1566 quomo-

1929 1592 1994 1645 do
2020 1607 2290 1644 occurram
2319 1592 2376 1644 in
2418 1591 2874 1653 resurrectionem,
2901 1604 3016 1657 quae
3037 1593 3114 1639 est
3140 1601 3202 1638 ea:
3224 1584 3441 1637 mortuis
3463 1599 3484 1646 ;

1932 1698 2036 1733 non
2060 1681 2199 1750 quod
2211 1682 2331 1749 jam
2362 1681 2668 1748 acceperim,
2694 1686 2787 1731 aut
2797 1679 2916 1746 jam
2944 1677 3201 1745 perfectus
3227 1676 3322 1727 sim
3347 1689 3482 1736 ρεπ-

1931 1778 2104 1840 specto
2137 1787 2257 1823 vero
2288 1772 2333 1823 si
2366 1772 2504 1839 forte,
2536 1764 2993 1837 comprehendam
3015 1766 3069 1832 in
3097 1781 3207 1832 quo
3249 1771 3296 1815 et
3341 1778 3486 1816 eom-

1937 1862 2216 1930 prehensus
2244 1876 2361 1912 sum
2409 1859 2472 1912 ab
2507 1858 2633 1911 Iesu
2682 1857 2889 1912 Christo
2921 1856 2963 1908 τ.
3025 1854 3268 1909 Hebraeis
3305 1853 3436 1906 item
3467 1869 3480 1903 :

1934 1947 2050 2016 Ipse
2086 1949 2223 2000 enim
2254 1949 2458 2000 intrans
2479 1947 2534 1998 in
2567 1946 2794 2014 requiem
2825 1961 2999 2020 suam,
3053 1952 3101 1996 et
3147 1943 3256 2012 ipse
3294 1940 3486 2010 quievit

1935 2043 1998 2095 ab
2028 2040 2265 2111 aperibus
2285 2041 2416 2104 suis,
2443 2038 2648 2092 velutia
2684 2039 2909 2110 propriis
2933 2037 3069 2090 Deus
3103 2038 3150 2089 ³.
3184 2035 3252 2088 Ει
3283 2035 3483 2086 iterum

1936 2133 1991 2186 in
2030 2132 2220 2186 eadem
2249 2130 2492 2198 Epistola
2515 2129 2789 2184 neminem
2813 2127 3129 2198 pervenisse
3157 2125 3223 2178 ad
3251 2124 3484 2192 promis-

1936 2223 2119 2276 siones
2151 2221 2401 2275 afﬁrmat.
2435 2219 2689 2274 Christus
2719 2234 2887 2273 vero:
2933 2217 3111 2271 Venite
3135 2217 3202 2268 ad
3232 2230 3329 2274 me,
3373 2231 3486 2264 om-

1936 2331 2024 2367 nes
2057 2312 2356 2366 laborantes
2385 2317 2434 2363 et
2464 2311 2668 2363 onerati
2695 2351 2708 2374 ,
2757 2317 2806 2361 et
2839 2325 2934 2377 ego
2976 2309 3233 2377 quiescere
3278 2319 3364 2355 vos
3402 2304 3488 2370 la»

1934 2405 2136 2457 ciamh.
2166 2400 2417 2457 Nondum
2451 2414 2582 2471 ergo
2609 2400 2721 2453 ullo
2753 2399 2916 2452 modo
2941 2399 3110 2451 ullum
3145 2411 3333 2450 eorum
3369 2409 3490 2461 qua:

1935 2488 2075 2542 facta
2117 2497 2247 2542 sunt
2274 2489 2578 2543 naturalem
2623 2488 2883 2542 virtutem
2939 2486 3009 2540 ad
3070 2485 3232 2538 ﬁnem
3287 2491 3490 2536 molam

1935 2579 2305 2642 stabilitavit.
2353 2594 2532 2648 neque
2595 2577 2967 2648 operationem
3022 2576 3307 2647 quiescere
3363 2572 3491 2626 fecit

1938 2670 2014 2740 (q)
2077 2670 2501 2725 contendentem
2572 2685 2630 2724 se
2711 2683 2811 2722 suo
2879 2666 2993 2721 ﬁne
3025 2706 3041 2729 ,
3105 2680 3286 2733 neque
3363 2675 3490 2729 pas-

1937 2757 2108 2812 sionis
2133 2773 2255 2826 quae
2280 2757 2582 2811 secundum
2625 2763 2833 2809 motum
2869 2762 2954 2808 est
2975 2748 3485 2808 fructummessuil,

1936 2846 2432 2914 impassibilitatem
2475 2845 2599 2898 dico
2643 2854 2699 2898 et
2738 2842 3255 2897 immutabilitatem.
3307 2838 3490 2893 Solius

1935 2939 2081 2993 enim
2103 2937 2198 2991 Dei
2223 2935 2450 2990 estﬂnis
2482 2951 2622 3000 esse,
2652 2943 2706 2989 et
2737 2933 2999 3003 perfectio
3028 2943 3084 2987 et
3138 2929 3490 3000 impassibili-

1937 3035 2018 3081 tas
2063 3045 2074 3079 :
2108 3041 2304 3083 eorum
2337 3042 2471 3082 vero
2494 3043 2617 3096 quae
2643 3027 2781 3080 facta
2821 3033 2969 3090 sunt,
2997 3024 3063 3079 ad
3096 3023 3258 3078 ﬁnem
3289 3021 3492 3090 princi-

1937 3115 2031 3184 pio
2059 3124 2338 3171 carentem
2362 3116 2572 3170 moveri
2598 3124 2654 3169 et
2683 3131 2714 3169 a
2740 3124 2890 3170 tanto
2921 3113 3166 3184 perfecto
3198 3111 3305 3164 line
3334 3110 3489 3178 quie—

1936 3215 2046 3260 tam
2086 3206 2269 3261 facere
2298 3206 2694 3276 operationem,
2728 3214 2784 3260 et
2805 3205 2950 3274 pati;
2974 3203 3068 3257 sed
3094 3218 3205 3256 non
3234 3215 3374 3263 esse,
3395 3207 3490 3253 aut

1936 3313 2047 3352 non
2078 3297 2197 3352 ﬁeri
2225 3297 2524 3377 secundum
2560 3295 2852 3351 essentiam
2886 3309 2997 3348 non
3030 3300 3114 3348 est
3139 3290 3212 3364 (r)
3253 3289 3492 3344 delecta-

1937 3388 2066 3442 bile.
2100 3387 2271 3442 Omne
2300 3387 2449 3441 enim
2470 3386 2673 3441 factum
2696 3394 2752 3440 et
2773 3391 3017 3439 creatum
3038 3397 3147 3436 non
3165 3381 3489 3434 immensum

1938 3476 2221 3545 profecto;
2271 3475 2505 3530 ﬁdeliter
2549 3483 2730 3529 autem
2762 3472 3003 3543 passioni
3051 3468 3488 3525 auscultandum.

1936 3565 2055 3618 Non
2085 3565 2232 3618 enim
2255 3580 2318 3619 ea
2348 3580 2469 3633 qua:
2493 3564 2793 3618 secundum
2836 3561 3250 3616 conversionem
3286 3568 3340 3611 et
3369 3572 3493 3610 coro

1937 3653 2250 3721 rnptionem
2281 3653 2503 3706 virtutis
2536 3661 2620 3706 est
2648 3651 2740 3705 hic
2790 3650 3097 3704 declaratur
3129 3647 3330 3718 passio,
3397 3645 3491 3698 sed

1937 3755 2000 3796 ea
2040 3758 2160 3810 qua:
2202 3757 2301 3812 per
2346 3736 2598 3796 naturam
2641 3739 2894 3794 subsistit
2924 3739 2979 3792 in
3025 3738 3279 3806 his-qua:
3329 3746 3489 3800 sunt;

1937 3834 2120 3886 omnia
2135 3833 2282 3886 enim
2300 3847 2640 3901 quaecunque
2662 3830 2802 3884 facta
2825 3824 3243 3899 suntpaliuntur
3258 3829 3490 3890 moveri,

1937 3926 2080 3979 sicut
2127 3939 2192 3978 ca
2246 3939 2368 3992 qua:
2411 3937 2521 3976 non
2553 3929 2681 3976 sunt
2730 3937 2832 3990 per
2861 3935 2918 3974 se
2952 3920 3362 3989 ipsum-motus,
3398 3930 3492 3974 aut

1937 4003 2038 4087 per
2060 4032 2118 4072 se
2151 4017 2537 4085 ipsam-virtus
2560 4025 2707 4069 sunt.
2741 4014 2796 4069 Si
2841 4029 2970 4084 ergo
2997 4027 3119 4081 qua:
3159 4011 3337 4081 genita
3363 4019 3492 4063 sunt

1897 4171 1901 4175 _
1939 4108 2284 4173 rationabilia
2327 4108 2656 4172 subsistunt,
2704 4106 2929 4160 omnino
2957 4104 3122 4158 etiam
3179 4109 3488 4159 moventur,

1938 4207 2128 4266 utpote
2167 4215 2234 4254 ex
2267 4199 2539 4267 principio
2578 4197 2877 4251 secundum
2917 4204 3167 4250 naturam
3209 4206 3306 4259 per
3346 4193 3487 4251 esse,

1939 4289 2005 4342 ad
2038 4289 2222 4350 linem,
2267 4288 2568 4341 secundum
2620 4285 2987 4354 cognitionem
3042 4297 3138 4349 per
3187 4281 3325 4332 bene
3369 4294 3490 4332 esse

1937 4387 2119 4442 mota;
2156 4377 2280 4429 linis
2299 4377 2446 4430 enim
2482 4390 2673 4428 eorum
2707 4389 2828 4442 quae
2853 4381 3143 4446 moventur
3176 4380 3358 4424 motus
3406 4369 3474 4437 ip-

266 4452 380 4519 τῆς
420 4454 682 4525 κινήσεως
711 4472 726 4486 ο
767 4457 814 4508 εί
861 4457 918 4509 δὲ
975 4460 1233 4512 ἐπιτείνει
1284 4461 1527 4533 σφοδρῶς
1556 4467 1653 4532 τὴν
1682 4465 1832 4535 κίνη-

1937 4483 2055 4521 sum
2083 4468 2135 4519 in
2159 4482 2226 4519 eo
2260 4466 2404 4534 quod
2439 4481 2653 4533 semper
2678 4474 2759 4518 est
2787 4463 2925 4517 bene
2956 4477 3078 4516 esse
3107 4469 3218 4524 cst;
3265 4461 3408 4514 sicut
3436 4470 3491 4513 et

261 4557 388 4604 σιν,
438 4541 534 4611 οὐχ
591 4544 832 4621 ἵσταται,
857 4549 1049 4616 μέχρις
1099 4551 1165 4603 ἂν
1212 4553 1433 4619 γένηται
1485 4554 1605 4611 ὅλον
1649 4556 1707 4608 ὲν
1755 4557 1832 4624 τῷ

264 4630 493 4698 ἰραστῷ
527 4632 631 4700 ὅλῳ
684 4634 775 4684 καὶ
798 4634 841 4665 ⁸¹
879 4637 969 4703 ὑφ’
998 4639 1119 4690 ὅλου
1177 4639 1353 4708 (121
1387 4643 1438 4708 b)
1491 4644 1831 4715 περιληφθῇ.

262 4717 539 4779 ἑκουσίως
562 4720 682 4771 ὅλον
727 4724 870 4775 κατὰ
925 4727 1239 4795 προαίρεσιν
1292 4731 1388 4798 τὴν
1437 4733 1701 4802 σωτήριον
1749 4751 1837 4786 πεο

267 4811 878 4882 ριγραφὴνδεχόμενον,
927 4817 992 4867 ἵν’
1047 4818 1166 4870 ὅλον
1205 4820 1310 4889 ὅλῳ
1365 4823 1568 4893 ποιωθῇ
1613 4824 1689 4894 τῷ
1736 4844 1833 4878 πε⁶

265 4900 618 4968 ριγράνερντο,
647 4904 718 4966 ὡς
753 4907 874 4977 μηδ’
904 4908 1037 4970 ὅλως
1077 4909 1258 4962 λοιπὸν
1290 4912 1570 4979 βούλεσθαι
1623 4915 1680 4981 ἐξ
1717 4917 1835 4970 ἑαυ-

357 5035 388 5075 δ
419 5036 553 5090 Gen.
589 5055 646 5101 ll,
681 5041 764 5094 17.

843 5053 864 5079 θ
895 5043 1053 5098 Deut.
1080 5061 1170 5108 xu,
1199 5048 1251 5099 9.
1329 5050 1354 5085 (ί
1383 5049 1522 5102 Psal.
1563 5066 1647 5102 xvr
1675 5051 1782 5113 ,l5.

267 5108 302 5146 δ
347 5105 539 5160 Matth.
574 5123 646 5172 τι,
670 5110 758 5164 28.

1865 5063 1885 5088 ο
1921 5051 2060 5104 Psal.
2100 5067 2179 5102 xu
2212 5092 2222 5113 ,
2252 5050 2305 5100 2.

1939 4558 2268 4627 principium
2297 4564 2381 4614 est
2403 4557 2580 4625 ipsum
2600 4569 2741 4619 esse,
2771 4554 2915 4623 quod
2944 4553 3166 4622 quidem
3210 4561 3295 4605 est
3324 4552 3490 4612 Deus.

1941 4649 2033 4717 qui
2059 4657 2115 4702 et
2147 4665 2267 4703 esse
2291 4647 2384 4701 dat
2408 4656 2466 4701 et
2491 4647 2630 4701 bene
2660 4662 2780 4701 esse
2809 4645 2996 4709 donat,
3020 4647 3139 4715 jure
3161 4642 3490 4712 principium

1941 4748 1997 4792 et
2028 4739 2184 4803 linis;
2208 4753 2271 4791 ex
2305 4737 2423 4806 ipso
2446 4737 2591 4790 enim
2621 4745 2677 4789 et
2728 4735 2974 4789 absolute
3001 4733 3208 4787 moveri
3236 4747 3336 4784 nos
3366 4739 3426 4783 ut
3459 4745 3490 4782 a

1942 4829 2235 4898 principio,
2254 4837 2309 4881 et
2329 4827 2714 4896 quoquomodo
2731 4825 2937 4879 moveri
2954 4825 3019 4878 ad
3037 4841 3114 4890 se,
3137 4833 3196 4876 ut
3214 4823 3281 4876 ad
3304 4822 3488 4885 iluetn,

1942 4929 2045 4972 est.
2088 4919 2142 4972 Si
2198 4927 2378 4972 autem
2424 4927 2676 4972 movetur
2723 4915 3219 4970 corrationabiliter
3270 4910 3491 4964 sibimet

2429 5048 2446 5086 ¹
2478 5048 2712 5117 Philipp.
2750 5064 2826 5112 ιιι,
2876 5048 2962 5100 ll.
3039 5054 3065 5092 8
3096 5045 3262 5099 llehr.
3284 5059 3369 5106 λιν,
3401 5045 3488 5097 l0.

1512 5207 1736 5262 unm
1775 5207 2177 5278 LECTmNES.

282 5287 412 5328 ﬂ-“
455 5292 724 5360 γεννητῶν
745 5294 831 5347 cd.
869 5293 984 5347 Gal.

269 5497 322 5530 "
354 5502 414 5551 ὲν
443 5497 546 5568 ὅλῳ
573 5499 876 5570 τῷὲραστῷ
905 5502 996 5554 καὶ
1021 5497 1106 5555 cd.
1135 5503 1248 5557 Gal.

534 5294 724 5372 ίνητῶν
745 5294 831 5347 ed.
869 5294 984 5376 Cal.
1083 5294 1130 5376 ”_
1161 5296 1436 5376 Verba‘d);
1464 5327 1533 5339 —
1553 5330 1622 5376 :-
1642 5332 1707 5340 —
1737 5302 1833 5354 am

1933 5302 1978 5360 ις
2013 5315 2119 5352 non
2154 5300 2429 5376 transtulit
2452 5299 2664 5376 Scottis.
2697 5298 2850 5376 Unde
2878 5299 3182 5376 exemplum
3221 5313 3332 5376 quo
3357 5315 3490 5353 usus

271 5369 364 5436 es_t
397 5364 749 5436 ca_ruis§e_ci_s
778 5364 958 5436 verbis
986 5367 1252 5436 suspicor.
1292 5367 1357 5436 ξ*
1374 5370 1619 5436 γενητῶν
1651 5371 1752 5422 alia
1800 5385 1991 5423 manus
2027 5369 2266 5421 correxit
2302 5369 2356 5420 in
2390 5368 2511 5420 cod.
2546 5368 2711 5430 Gud,
2744 5370 2889 5436 quia

271 5428 409 5512 161v.
439 5428 538 5512 Ed.
570 5428 684 5512 Gal.
718 5432 882 5512 habet
913 5428 1228 5512 γεννηςξόρι.⁵
1287 5435 1331 5464 ⁸⁵
1360 5428 1626 5505 Corrupto
1657 5439 1746 5492 ed.
1776 5441 1833 5493 ϐε

1933 5447 2010 5490 ἰιι
2043 5438 2096 5489 iu
2151 5437 2357 5501 multis,
2421 5436 2528 5488 ἀπὺ
2556 5441 2630 5512 τῷ
2663 5428 2874 5508 τελέίεικ

2931 5385 3011 5437 pr.
3037 5367 3116 5420 7m.
3148 5367 3487 5437 habetqu-
3518 5393 3522 5398 ·

2960 5439 3002 5469 ⁸⁸
3038 5436 3227 5506 ὲρατδν
3253 5435 3339 5489 ed.
3369 5437 3487 5493 Cal.

1676 5621 1679 5624 .
1761 5576 1991 5630 ΝΟΤιΕ.

348 5662 426 5792 Sey)
465 5662 643 5717 Voluit
668 5665 868 5719 dixisse
919 5669 1083 5735 ipsum
1119 5668 1169 5718 in
1196 5685 1287 5721 suo
1312 5670 1415 5734 ﬁne
1438 5671 1681 5736 deﬁgens.
1722 5670 1913 5738 (Cultu)

377 5733 424 5792 r)
457 5733 639 5786 ἄποιον
667 5765 731 5774 -——
774 5737 885 5789 sine
930 5738 1193 5792 aﬂ'crtlone
1223 5741 1288 5789 ad
1340 5739 1504 5791 aliud.
1554 5742 1798 5792 inunmn‘.
1847 5741 1906 5792 lG

377 5733 424 5795 r)
457 5733 639 5786 ἄποιον
667 5765 731 5774 -—-
774 5737 885 5789 sine
930 5733 1193 5799 affectione
1223 5741 1288 5789 ad
1340 5733 1506 5791 aliud.
1541 5733 1798 5793 immune.
1847 5733 2040 5804 (Galea
