  <div class='ocr_page' id='page_1' title='image "/cluster/home/n/w/nwhite01/storage/ocr_20150623/91/pst.000005712977/571.png"; bbox 0 0 3966 6340; ppageno 0'>
   <div class='ocr_carea' id='block_1_1' title="bbox 577 787 808 842">
    <p class='ocr_par' dir='ltr' id='par_1_1' title="bbox 577 787 808 842">
     <span class='ocr_line' id='line_1_1' title="bbox 577 787 808 842; baseline 0.004 -1"><span class='ocrx_word' id='word_1_1' title='bbox 577 787 581 791; x_wconf 73' lang='grc'><strong>’</strong></span> <span class='ocrx_word' id='word_1_2' title='bbox 650 797 808 842; x_wconf 86' lang='lat' dir='ltr'><strong>nat:</strong></span> 
     </span>
    </p>
   </div>
   <div class='ocr_carea' id='block_1_2' title="bbox 655 310 927 384">
    <p class='ocr_par' dir='ltr' id='par_1_2' title="bbox 655 310 927 384">
     <span class='ocr_line' id='line_1_2' title="bbox 655 310 927 384; baseline 0.011 -3"><span class='ocrx_word' id='word_1_3' title='bbox 655 310 927 384; x_wconf 46' lang='grc' dir='ltr'>Ῑθτδπ</span> 
     </span>
    </p>
   </div>
   <div class='ocr_carea' id='block_1_3' title="bbox 1800 330 2716 397">
    <p class='ocr_par' dir='ltr' id='par_1_3' title="bbox 1800 330 2716 397">
     <span class='ocr_line' id='line_1_3' title="bbox 1800 330 2716 397; baseline 0.009 -8"><span class='ocrx_word' id='word_1_4' title='bbox 1800 331 1859 389; x_wconf 92' lang='lat' dir='ltr'><strong>S.</strong></span> <span class='ocrx_word' id='word_1_5' title='bbox 1893 330 2175 390; x_wconf 81' lang='grc' dir='ltr'><strong>ΜΑΧΙΜΙ</strong></span> <span class='ocrx_word' id='word_1_6' title='bbox 2214 331 2716 397; x_wconf 86' lang='lat' dir='ltr'><strong>CONFESSORIS</strong></span> 
     </span>
    </p>
   </div>
   <div class='ocr_carea' id='block_1_4' title="bbox 3729 290 3929 410">
    <p class='ocr_par' dir='ltr' id='par_1_4' title="bbox 3729 290 3929 410">
     <span class='ocr_line' id='line_1_4' title="bbox 3729 290 3929 410; baseline 0.005 -1"><span class='ocrx_word' id='word_1_7' title='bbox 3729 342 3847 410; x_wconf 67' lang='lat' dir='ltr'><strong>1cm</strong></span> 
     </span>
    </p>
   </div>
   <div class='ocr_carea' id='block_1_5' title="bbox 656 431 2213 519">
    <p class='ocr_par' dir='ltr' id='par_1_5' title="bbox 656 431 2209 505">
     <span class='ocr_line' id='line_1_5' title="bbox 656 431 2209 505; baseline 0.003 -22"><span class='ocrx_word' id='word_1_8' title='bbox 656 431 1099 489; x_wconf 73' lang='lat' dir='ltr'><strong>intellectualiter</strong></span> <span class='ocrx_word' id='word_1_9' title='bbox 1129 433 1518 499; x_wconf 85' lang='lat' dir='ltr'><strong>intellectuale,</strong></span> <span class='ocrx_word' id='word_1_10' title='bbox 1552 434 1774 491; x_wconf 92' lang='lat' dir='ltr'><strong>omnino</strong></span> <span class='ocrx_word' id='word_1_11' title='bbox 1794 437 1957 490; x_wconf 88' lang='lat' dir='ltr'><strong>etiam</strong></span> <span class='ocrx_word' id='word_1_12' title='bbox 2004 435 2209 505; x_wconf 81' lang='lat' dir='ltr'><strong>intelli-</strong></span> 
     </span>
    </p>
   </div>
   <div class='ocr_carea' id='block_1_6' title="bbox 2309 431 3846 519">
    <p class='ocr_par' dir='ltr' id='par_1_6' title="bbox 2310 438 3846 519">
     <span class='ocr_line' id='line_1_6' title="bbox 2310 438 3846 519; baseline 0.01 -31"><span class='ocrx_word' id='word_1_13' title='bbox 2310 438 2431 500; x_wconf 36' lang='grc' dir='ltr'>τοῦ,</span> <span class='ocrx_word' id='word_1_14' title='bbox 2464 442 2595 493; x_wconf 78' lang='grc' dir='ltr'>αὐτὸ</span> <span class='ocrx_word' id='word_1_15' title='bbox 2651 444 2828 496; x_wconf 81' lang='grc' dir='ltr'>ἐκεῖνο</span> <span class='ocrx_word' id='word_1_16' title='bbox 2881 445 3002 519; x_wconf 82' lang='grc' dir='ltr'>ὅλον</span> <span class='ocrx_word' id='word_1_17' title='bbox 3056 448 3416 518; x_wconf 75' lang='grc' dir='ltr'><strong>γνωρίζεσθαι</strong></span> <span class='ocrx_word' id='word_1_18' title='bbox 3476 450 3733 505; x_wconf 78' lang='grc' dir='ltr'>δύνασθαι</span> <span class='ocrx_word' id='word_1_19' title='bbox 3799 453 3846 504; x_wconf 72' lang='grc' dir='ltr'>τὸ</span> 
     </span>
    </p>
   </div>
   <div class='ocr_carea' id='block_1_7' title="bbox 651 523 2207 597">
    <p class='ocr_par' dir='ltr' id='par_1_7' title="bbox 651 523 2207 597">
     <span class='ocr_line' id='line_1_7' title="bbox 651 523 2207 597; baseline 0 -21"><span class='ocrx_word' id='word_1_20' title='bbox 651 523 771 592; x_wconf 78' lang='lat' dir='ltr'><strong>git:</strong></span> <span class='ocrx_word' id='word_1_21' title='bbox 804 526 849 579; x_wconf 88' lang='lat' dir='ltr'><strong>si</strong></span> <span class='ocrx_word' id='word_1_22' title='bbox 902 536 1084 582; x_wconf 87' lang='lat' dir='ltr'><strong>autem</strong></span> <span class='ocrx_word' id='word_1_23' title='bbox 1132 528 1415 597; x_wconf 80' lang='lat' dir='ltr'><strong>intelligit,</strong></span> <span class='ocrx_word' id='word_1_24' title='bbox 1467 530 1689 582; x_wconf 90' lang='lat' dir='ltr'><strong>omnino</strong></span> <span class='ocrx_word' id='word_1_25' title='bbox 1732 536 1878 582; x_wconf 89' lang='lat' dir='ltr'><strong>amat</strong></span> <span class='ocrx_word' id='word_1_26' title='bbox 1920 528 2065 596; x_wconf 87' lang='lat' dir='ltr'><strong>quod</strong></span> <span class='ocrx_word' id='word_1_27' title='bbox 2125 528 2207 579; x_wconf 64' lang='lat' dir='ltr'><strong>in—</strong></span> 
     </span>
    </p>
   </div>
   <div class='ocr_carea' id='block_1_8' title="bbox 632 612 2206 687">
    <p class='ocr_par' dir='ltr' id='par_1_8' title="bbox 632 612 2206 687">
     <span class='ocr_line' id='line_1_8' title="bbox 632 612 2206 687; baseline 0.003 -22"><span class='ocrx_word' id='word_1_28' title='bbox 632 612 873 681; x_wconf 41' lang='lat' dir='ltr'><strong>&#39;telligit;</strong></span> <span class='ocrx_word' id='word_1_29' title='bbox 892 614 936 668; x_wconf 89' lang='lat' dir='ltr'><strong>si</strong></span> <span class='ocrx_word' id='word_1_30' title='bbox 957 625 1122 680; x_wconf 90' lang='lat' dir='ltr'><strong>amat,</strong></span> <span class='ocrx_word' id='word_1_31' title='bbox 1145 616 1347 686; x_wconf 88' lang='lat' dir='ltr'><strong>patitur</strong></span> <span class='ocrx_word' id='word_1_32' title='bbox 1369 619 1591 673; x_wconf 88' lang='lat' dir='ltr'><strong>omnino</strong></span> <span class='ocrx_word' id='word_1_33' title='bbox 1609 620 1676 672; x_wconf 88' lang='lat' dir='ltr'><strong>ad</strong></span> <span class='ocrx_word' id='word_1_34' title='bbox 1705 619 1880 687; x_wconf 92' lang='lat' dir='ltr'><strong>ipsum</strong></span> <span class='ocrx_word' id='word_1_35' title='bbox 1900 628 1958 671; x_wconf 93' lang='lat' dir='ltr'><strong>ut</strong></span> <span class='ocrx_word' id='word_1_36' title='bbox 1974 617 2206 671; x_wconf 77' lang='lat' dir='ltr'><strong>amabile</strong></span> 
     </span>
    </p>
   </div>
   <div class='ocr_carea' id='block_1_9' title="bbox 650 704 2205 779">
    <p class='ocr_par' dir='ltr' id='par_1_9' title="bbox 650 704 2205 779">
     <span class='ocr_line' id='line_1_9' title="bbox 650 704 2205 779; baseline 0.003 -25"><span class='ocrx_word' id='word_1_37' title='bbox 650 717 970 769; x_wconf 82' lang='lat' dir='ltr'><strong>excessum;</strong></span> <span class='ocrx_word' id='word_1_38' title='bbox 1005 704 1049 759; x_wconf 91' lang='lat' dir='ltr'><strong>si</strong></span> <span class='ocrx_word' id='word_1_39' title='bbox 1086 716 1267 761; x_wconf 86' lang='lat' dir='ltr'><strong>autem</strong></span> <span class='ocrx_word' id='word_1_40' title='bbox 1290 705 1518 776; x_wconf 88' lang='lat' dir='ltr'><strong>patitur,</strong></span> <span class='ocrx_word' id='word_1_41' title='bbox 1547 708 1794 779; x_wconf 83' lang='lat' dir='ltr'><strong>profecto</strong></span> <span class='ocrx_word' id='word_1_42' title='bbox 1841 709 2004 763; x_wconf 80' lang='lat' dir='ltr'><strong>etiam</strong></span> <span class='ocrx_word' id='word_1_43' title='bbox 2053 706 2205 771; x_wconf 80' lang='lat' dir='ltr'><strong>festi-</strong></span> 
     </span>
    </p>
   </div>
   <div class='ocr_carea' id='block_1_10' title="bbox 860 782 2204 859">
    <p class='ocr_par' dir='ltr' id='par_1_10' title="bbox 860 782 2204 859">
     <span class='ocr_line' id='line_1_10' title="bbox 860 782 2204 859; baseline 0.003 -16"><span class='ocrx_word' id='word_1_44' title='bbox 860 791 908 844; x_wconf 90' lang='lat' dir='ltr'><strong>si</strong></span> <span class='ocrx_word' id='word_1_45' title='bbox 962 792 1201 859; x_wconf 76' lang='lat' dir='ltr'><strong>festinat,</strong></span> <span class='ocrx_word' id='word_1_46' title='bbox 1241 796 1465 851; x_wconf 87' lang='lat' dir='ltr'><strong>omnino</strong></span> <span class='ocrx_word' id='word_1_47' title='bbox 1488 782 1653 852; x_wconf 86' lang='lat' dir='ltr'><strong>etiam</strong></span> <span class='ocrx_word' id='word_1_48' title='bbox 1690 796 1925 851; x_wconf 83' lang='lat' dir='ltr'><strong>intendit</strong></span> <span class='ocrx_word' id='word_1_49' title='bbox 1965 792 2204 848; x_wconf 85' lang='lat' dir='ltr'><strong>validum</strong></span> 
     </span>
    </p>
   </div>
   <div class='ocr_carea' id='block_1_11' title="bbox 650 883 2207 949">
    <p class='ocr_par' dir='ltr' id='par_1_11' title="bbox 650 883 2207 949">
     <span class='ocr_line' id='line_1_11' title="bbox 650 883 2207 949; baseline 0.004 -19"><span class='ocrx_word' id='word_1_50' title='bbox 650 885 893 945; x_wconf 91' lang='lat' dir='ltr'><strong>motum;</strong></span> <span class='ocrx_word' id='word_1_51' title='bbox 916 883 1167 937; x_wconf 80' lang='lat' dir='ltr'><strong>siautem</strong></span> <span class='ocrx_word' id='word_1_52' title='bbox 1194 885 1429 941; x_wconf 88' lang='lat' dir='ltr'><strong>intendit</strong></span> <span class='ocrx_word' id='word_1_53' title='bbox 1450 888 1691 941; x_wconf 86' lang='lat' dir='ltr'><strong>validum</strong></span> <span class='ocrx_word' id='word_1_54' title='bbox 1714 895 1945 949; x_wconf 90' lang='lat' dir='ltr'><strong>motum,</strong></span> <span class='ocrx_word' id='word_1_55' title='bbox 1971 900 2081 938; x_wconf 92' lang='lat' dir='ltr'><strong>non</strong></span> <span class='ocrx_word' id='word_1_56' title='bbox 2099 891 2207 937; x_wconf 86' lang='lat' dir='ltr'><strong>stat</strong></span> 
     </span>
    </p>
   </div>
   <div class='ocr_carea' id='block_1_12' title="bbox 650 972 2203 1041">
    <p class='ocr_par' dir='ltr' id='par_1_12' title="bbox 650 972 2203 1041">
     <span class='ocr_line' id='line_1_12' title="bbox 650 972 2203 1041; baseline 0.001 -17"><span class='ocrx_word' id='word_1_57' title='bbox 650 972 936 1041; x_wconf 75' lang='lat' dir='ltr'><strong>quousque</strong></span> <span class='ocrx_word' id='word_1_58' title='bbox 967 972 1064 1028; x_wconf 78' lang='lat' dir='ltr'><strong>ﬁat</strong></span> <span class='ocrx_word' id='word_1_59' title='bbox 1094 983 1267 1030; x_wconf 90' lang='lat' dir='ltr'><strong>totum</strong></span> <span class='ocrx_word' id='word_1_60' title='bbox 1295 976 1351 1031; x_wconf 93' lang='lat' dir='ltr'><strong>in</strong></span> <span class='ocrx_word' id='word_1_61' title='bbox 1378 986 1492 1031; x_wconf 88' lang='lat' dir='ltr'><strong>toto</strong></span> <span class='ocrx_word' id='word_1_62' title='bbox 1530 988 1731 1041; x_wconf 90' lang='lat' dir='ltr'><strong>amato,</strong></span> <span class='ocrx_word' id='word_1_63' title='bbox 1756 986 1812 1032; x_wconf 89' lang='lat' dir='ltr'><strong>et</strong></span> <span class='ocrx_word' id='word_1_64' title='bbox 1855 992 1885 1031; x_wconf 90' lang='lat' dir='ltr'><strong>a</strong></span> <span class='ocrx_word' id='word_1_65' title='bbox 1915 984 2029 1029; x_wconf 88' lang='lat' dir='ltr'><strong>toto</strong></span> <span class='ocrx_word' id='word_1_66' title='bbox 2052 989 2203 1028; x_wconf 91' lang='lat' dir='ltr'><strong>com-</strong></span> 
     </span>
    </p>
   </div>
   <div class='ocr_carea' id='block_1_13' title="bbox 652 1062 2202 1128">
    <p class='ocr_par' dir='ltr' id='par_1_13' title="bbox 652 1062 2202 1128">
     <span class='ocr_line' id='line_1_13' title="bbox 652 1062 2202 1128; baseline 0.003 -17"><span class='ocrx_word' id='word_1_67' title='bbox 652 1062 1029 1126; x_wconf 78' lang='lat' dir='ltr'><strong>prehendatur</strong></span> <span class='ocrx_word' id='word_1_68' title='bbox 1050 1081 1066 1128; x_wconf 83' lang='grc' dir='ltr'><strong>ι</strong></span> <span class='ocrx_word' id='word_1_69' title='bbox 1084 1066 1325 1119; x_wconf 86' lang='lat' dir='ltr'><strong>libenter</strong></span> <span class='ocrx_word' id='word_1_70' title='bbox 1346 1074 1519 1120; x_wconf 91' lang='lat' dir='ltr'><strong>totum</strong></span> <span class='ocrx_word' id='word_1_71' title='bbox 1537 1064 1838 1121; x_wconf 90' lang='lat' dir='ltr'><strong>secundum</strong></span> <span class='ocrx_word' id='word_1_72' title='bbox 1864 1064 2202 1117; x_wconf 84' lang='lat' dir='ltr'><strong>voluntatem</strong></span> 
     </span>
    </p>
   </div>
   <div class='ocr_carea' id='block_1_14' title="bbox 652 1148 2204 1223">
    <p class='ocr_par' dir='ltr' id='par_1_14' title="bbox 652 1148 2204 1223">
     <span class='ocr_line' id='line_1_14' title="bbox 652 1148 2204 1223; baseline 0.003 -22"><span class='ocrx_word' id='word_1_73' title='bbox 652 1148 945 1203; x_wconf 86' lang='lat' dir='ltr'><strong>salutarem</strong></span> <span class='ocrx_word' id='word_1_74' title='bbox 967 1152 1245 1221; x_wconf 79' lang='lat' dir='ltr'><strong>accipiens</strong></span> <span class='ocrx_word' id='word_1_75' title='bbox 1274 1154 1858 1223; x_wconf 86' lang='lat' dir='ltr'><strong>circumscriptionem,</strong></span> <span class='ocrx_word' id='word_1_76' title='bbox 1914 1161 1973 1204; x_wconf 92' lang='lat' dir='ltr'><strong>ut</strong></span> <span class='ocrx_word' id='word_1_77' title='bbox 2032 1160 2204 1205; x_wconf 87' lang='lat' dir='ltr'><strong>totum</strong></span> 
     </span>
    </p>
   </div>
   <div class='ocr_carea' id='block_1_15' title="bbox 650 1237 2205 1301">
    <p class='ocr_par' dir='ltr' id='par_1_15' title="bbox 650 1237 2205 1301">
     <span class='ocr_line' id='line_1_15' title="bbox 650 1237 2205 1301; baseline 0.001 -10"><span class='ocrx_word' id='word_1_78' title='bbox 650 1237 1456 1301; x_wconf 65' lang='lat' dir='ltr'><strong>adiciatur.circumscribente.</strong></span> <span class='ocrx_word' id='word_1_79' title='bbox 1506 1251 1566 1297; x_wconf 91' lang='lat' dir='ltr'><strong>ut</strong></span> <span class='ocrx_word' id='word_1_80' title='bbox 1596 1242 1735 1296; x_wconf 87' lang='lat' dir='ltr'><strong>nihil</strong></span> <span class='ocrx_word' id='word_1_81' title='bbox 1770 1242 1994 1295; x_wconf 90' lang='lat' dir='ltr'><strong>omnino</strong></span> <span class='ocrx_word' id='word_1_82' title='bbox 2035 1248 2205 1295; x_wconf 88' lang='lat' dir='ltr'><strong>restet</strong></span> 
     </span>
    </p>
   </div>
   <div class='ocr_carea' id='block_1_16' title="bbox 649 1329 2205 1402">
    <p class='ocr_par' dir='ltr' id='par_1_16' title="bbox 649 1329 2205 1402">
     <span class='ocr_line' id='line_1_16' title="bbox 649 1329 2205 1402; baseline 0.003 -22"><span class='ocrx_word' id='word_1_83' title='bbox 649 1329 787 1382; x_wconf 83' lang='lat' dir='ltr'><strong>velle</strong></span> <span class='ocrx_word' id='word_1_84' title='bbox 809 1344 875 1382; x_wconf 83' lang='lat' dir='ltr'><strong>ex</strong></span> <span class='ocrx_word' id='word_1_85' title='bbox 901 1344 958 1385; x_wconf 90' lang='lat' dir='ltr'><strong>se</strong></span> <span class='ocrx_word' id='word_1_86' title='bbox 986 1332 1124 1400; x_wconf 91' lang='lat' dir='ltr'><strong>ipso,</strong></span> <span class='ocrx_word' id='word_1_87' title='bbox 1144 1347 1200 1386; x_wconf 87' lang='lat' dir='ltr'><strong>se</strong></span> <span class='ocrx_word' id='word_1_88' title='bbox 1229 1332 1403 1401; x_wconf 89' lang='lat' dir='ltr'><strong>ipsum</strong></span> <span class='ocrx_word' id='word_1_89' title='bbox 1426 1341 1597 1386; x_wconf 86' lang='lat' dir='ltr'><strong>totum</strong></span> <span class='ocrx_word' id='word_1_90' title='bbox 1625 1347 1953 1402; x_wconf 82' lang='lat' dir='ltr'><strong>cognoscere</strong></span> <span class='ocrx_word' id='word_1_91' title='bbox 1973 1330 2205 1384; x_wconf 89' lang='lat' dir='ltr'><strong>valendo</strong></span> 
     </span>
    </p>
   </div>
   <div class='ocr_carea' id='block_1_17' title="bbox 650 1421 2207 1491">
    <p class='ocr_par' dir='ltr' id='par_1_17' title="bbox 650 1421 2207 1491">
     <span class='ocr_line' id='line_1_17' title="bbox 650 1421 2207 1491; baseline 0 -17"><span class='ocrx_word' id='word_1_92' title='bbox 650 1421 1146 1491; x_wconf 77' lang='lat' dir='ltr'><strong>circumscriptum,</strong></span> <span class='ocrx_word' id='word_1_93' title='bbox 1166 1426 1273 1479; x_wconf 83' lang='lat' dir='ltr'><strong>sed</strong></span> <span class='ocrx_word' id='word_1_94' title='bbox 1305 1440 1371 1479; x_wconf 75' lang='lat' dir='ltr'><strong>ex</strong></span> <span class='ocrx_word' id='word_1_95' title='bbox 1399 1424 1915 1488; x_wconf 84' lang='lat' dir='ltr'><strong>circumscribente;</strong></span> <span class='ocrx_word' id='word_1_96' title='bbox 1947 1422 2089 1476; x_wconf 84' lang='lat' dir='ltr'><strong>sicut</strong></span> <span class='ocrx_word' id='word_1_97' title='bbox 2113 1437 2207 1475; x_wconf 87' lang='lat' dir='ltr'><strong>aer</strong></span> 
     </span>
    </p>
   </div>
   <div class='ocr_carea' id='block_1_18' title="bbox 649 1513 2206 1583">
    <p class='ocr_par' dir='ltr' id='par_1_18' title="bbox 649 1513 2206 1583">
     <span class='ocr_line' id='line_1_18' title="bbox 649 1513 2206 1583; baseline 0.002 -21"><span class='ocrx_word' id='word_1_98' title='bbox 649 1525 749 1579; x_wconf 89' lang='lat' dir='ltr'><strong>per</strong></span> <span class='ocrx_word' id='word_1_99' title='bbox 768 1520 939 1564; x_wconf 92' lang='lat' dir='ltr'><strong>totum</strong></span> <span class='ocrx_word' id='word_1_100' title='bbox 972 1513 1312 1568; x_wconf 89' lang='lat' dir='ltr'><strong>illuminatus</strong></span> <span class='ocrx_word' id='word_1_101' title='bbox 1327 1515 1554 1580; x_wconf 90' lang='lat' dir='ltr'><strong>lumine,</strong></span> <span class='ocrx_word' id='word_1_102' title='bbox 1575 1523 1631 1569; x_wconf 90' lang='lat' dir='ltr'><strong>et</strong></span> <span class='ocrx_word' id='word_1_103' title='bbox 1654 1515 1776 1583; x_wconf 80' lang='lat' dir='ltr'><strong>igne</strong></span> <span class='ocrx_word' id='word_1_104' title='bbox 1806 1514 2011 1568; x_wconf 81' lang='lat' dir='ltr'><strong>ferrum</strong></span> <span class='ocrx_word' id='word_1_105' title='bbox 2028 1520 2206 1566; x_wconf 87' lang='lat' dir='ltr'><strong>totum</strong></span> 
     </span>
    </p>
   </div>
   <div class='ocr_carea' id='block_1_19' title="bbox 650 1600 2205 1671">
    <p class='ocr_par' dir='ltr' id='par_1_19' title="bbox 650 1600 2205 1671">
     <span class='ocr_line' id='line_1_19' title="bbox 650 1600 2205 1671; baseline 0.002 -18"><span class='ocrx_word' id='word_1_106' title='bbox 650 1608 767 1653; x_wconf 91' lang='lat' dir='ltr'><strong>toto</strong></span> <span class='ocrx_word' id='word_1_107' title='bbox 798 1600 1173 1670; x_wconf 77' lang='lat' dir='ltr'><strong>liquefactum,</strong></span> <span class='ocrx_word' id='word_1_108' title='bbox 1205 1605 1311 1671; x_wconf 69' lang='lat' dir='ltr'><strong>faut</strong></span> <span class='ocrx_word' id='word_1_109' title='bbox 1339 1604 1385 1658; x_wconf 91' lang='lat' dir='ltr'><strong>si</strong></span> <span class='ocrx_word' id='word_1_110' title='bbox 1415 1604 1545 1671; x_wconf 84' lang='lat' dir='ltr'><strong>quid</strong></span> <span class='ocrx_word' id='word_1_111' title='bbox 1573 1604 1721 1657; x_wconf 88' lang='lat' dir='ltr'><strong>aliud</strong></span> <span class='ocrx_word' id='word_1_112' title='bbox 1758 1604 1947 1656; x_wconf 89' lang='lat' dir='ltr'><strong>talium</strong></span> <span class='ocrx_word' id='word_1_113' title='bbox 1982 1610 2085 1656; x_wconf 91' lang='lat' dir='ltr'><strong>est.</strong></span> <span class='ocrx_word' id='word_1_114' title='bbox 2126 1602 2205 1656; x_wconf 75' lang='lat' dir='ltr'><strong>Ex</strong></span> 
     </span>
    </p>
   </div>
   <div class='ocr_carea' id='block_1_20' title="bbox 651 1692 2203 1763">
    <p class='ocr_par' dir='ltr' id='par_1_20' title="bbox 651 1692 2203 1763">
     <span class='ocr_line' id='line_1_20' title="bbox 651 1692 2203 1763; baseline 0.001 -19"><span class='ocrx_word' id='word_1_115' title='bbox 651 1692 854 1760; x_wconf 88' lang='lat' dir='ltr'><strong>quibus</strong></span> <span class='ocrx_word' id='word_1_116' title='bbox 903 1694 1237 1761; x_wconf 89' lang='lat' dir='ltr'><strong>speculative</strong></span> <span class='ocrx_word' id='word_1_117' title='bbox 1266 1694 1526 1757; x_wconf 83' lang='lat' dir='ltr'><strong>futuram,</strong></span> <span class='ocrx_word' id='word_1_118' title='bbox 1585 1693 1678 1746; x_wconf 88' lang='lat' dir='ltr'><strong>sed</strong></span> <span class='ocrx_word' id='word_1_119' title='bbox 1710 1708 1819 1747; x_wconf 89' lang='lat' dir='ltr'><strong>non</strong></span> <span class='ocrx_word' id='word_1_120' title='bbox 1865 1695 1973 1763; x_wconf 89' lang='lat' dir='ltr'><strong>jam</strong></span> <span class='ocrx_word' id='word_1_121' title='bbox 2006 1692 2203 1746; x_wconf 78' lang='lat' dir='ltr'><strong>factam</strong></span> 
     </span>
    </p>
   </div>
   <div class='ocr_carea' id='block_1_21' title="bbox 2308 532 3847 612">
    <p class='ocr_par' dir='ltr' id='par_1_21' title="bbox 2308 532 3847 612">
     <span class='ocr_line' id='line_1_21' title="bbox 2308 532 3847 612; baseline 0.012 -33"><span class='ocrx_word' id='word_1_122' title='bbox 2308 532 2802 601; x_wconf 82' lang='grc' dir='ltr'><strong>περιγραφόμενον,</strong></span> <span class='ocrx_word' id='word_1_123' title='bbox 2854 535 2971 598; x_wconf 81' lang='grc' dir='ltr'>ἀλλ’</span> <span class='ocrx_word' id='word_1_124' title='bbox 3019 536 3083 590; x_wconf 85' lang='grc' dir='ltr'><strong>ἐκ</strong></span> <span class='ocrx_word' id='word_1_125' title='bbox 3135 539 3228 593; x_wconf 88' lang='grc' dir='ltr'><strong>τοῦ</strong></span> <span class='ocrx_word' id='word_1_126' title='bbox 3265 541 3721 612; x_wconf 79' lang='grc' dir='ltr'>περιγράφοντος</span> <span class='ocrx_word' id='word_1_127' title='bbox 3746 558 3761 574; x_wconf 78' lang='grc'><strong>’</strong></span> <span class='ocrx_word' id='word_1_128' title='bbox 3788 543 3847 603; x_wconf 78' lang='grc' dir='ltr'><strong>ὡς</strong></span> 
     </span>
    </p>
   </div>
   <div class='ocr_carea' id='block_1_22' title="bbox 2306 619 3844 703">
    <p class='ocr_par' dir='ltr' id='par_1_22' title="bbox 2306 619 3844 703">
     <span class='ocr_line' id='line_1_22' title="bbox 2306 619 3844 703; baseline 0.01 -33"><span class='ocrx_word' id='word_1_129' title='bbox 2306 619 2413 688; x_wconf 79' lang='grc' dir='ltr'>ἀὴρ</span> <span class='ocrx_word' id='word_1_130' title='bbox 2444 620 2518 673; x_wconf 85' lang='grc' dir='ltr'><strong>δι’</strong></span> <span class='ocrx_word' id='word_1_131' title='bbox 2556 622 2678 674; x_wconf 82' lang='grc' dir='ltr'>ὅλου</span> <span class='ocrx_word' id='word_1_132' title='bbox 2712 622 3121 696; x_wconf 85' lang='grc' dir='ltr'>πεφωτισμένος</span> <span class='ocrx_word' id='word_1_133' title='bbox 3151 630 3310 703; x_wconf 80' lang='grc' dir='ltr'>φωτὶ,</span> <span class='ocrx_word' id='word_1_134' title='bbox 3342 631 3435 683; x_wconf 77' lang='grc' dir='ltr'>καὶ</span> <span class='ocrx_word' id='word_1_135' title='bbox 3456 631 3594 700; x_wconf 76' lang='grc' dir='ltr'>πυρὶ</span> <span class='ocrx_word' id='word_1_136' title='bbox 3625 630 3844 700; x_wconf 77' lang='grc' dir='ltr'>σίδηρος,</span> 
     </span>
    </p>
   </div>
   <div class='ocr_carea' id='block_1_23' title="bbox 2307 710 3847 786">
    <p class='ocr_par' dir='ltr' id='par_1_23' title="bbox 2307 710 3847 786">
     <span class='ocr_line' id='line_1_23' title="bbox 2307 710 3847 786; baseline 0.008 -25"><span class='ocrx_word' id='word_1_137' title='bbox 2307 710 2426 772; x_wconf 83' lang='grc' dir='ltr'>ὅλος</span> <span class='ocrx_word' id='word_1_138' title='bbox 2453 711 2556 779; x_wconf 85' lang='grc' dir='ltr'>ὅλῳ</span> <span class='ocrx_word' id='word_1_139' title='bbox 2581 717 3095 785; x_wconf 83' lang='grc' dir='ltr'>πεπυρακτωμένος,</span> <span class='ocrx_word' id='word_1_140' title='bbox 3124 718 3160 786; x_wconf 78' lang='grc' dir='ltr'><strong>ἢ</strong></span> <span class='ocrx_word' id='word_1_141' title='bbox 3187 720 3240 772; x_wconf 73' lang='lat' dir='ltr'><strong>et</strong></span> <span class='ocrx_word' id='word_1_142' title='bbox 3264 736 3318 772; x_wconf 85' lang='grc' dir='ltr'><strong>τι</strong></span> <span class='ocrx_word' id='word_1_143' title='bbox 3370 720 3497 774; x_wconf 71' lang='grc' dir='ltr'>ἄλλο</span> <span class='ocrx_word' id='word_1_144' title='bbox 3532 720 3639 772; x_wconf 82' lang='grc' dir='ltr'><strong>τῶν</strong></span> <span class='ocrx_word' id='word_1_145' title='bbox 3684 721 3847 773; x_wconf 79' lang='grc' dir='ltr'>τοιού·</span> 
     </span>
    </p>
   </div>
   <div class='ocr_carea' id='block_1_24' title="bbox 2306 798 3843 878">
    <p class='ocr_par' dir='ltr' id='par_1_24' title="bbox 2306 798 3843 878">
     <span class='ocr_line' id='line_1_24' title="bbox 2306 798 3843 878; baseline 0.007 -29"><span class='ocrx_word' id='word_1_146' title='bbox 2306 814 2413 849; x_wconf 90' lang='grc' dir='ltr'><strong>των</strong></span> <span class='ocrx_word' id='word_1_147' title='bbox 2443 798 2607 854; x_wconf 81' lang='grc' dir='ltr'>ἐστίν.</span> <span class='ocrx_word' id='word_1_148' title='bbox 2647 800 2736 865; x_wconf 82' lang='grc' dir='ltr'><strong>Ἐξ</strong></span> <span class='ocrx_word' id='word_1_149' title='bbox 2756 798 2828 855; x_wconf 82' lang='grc' dir='ltr'>ὧν</span> <span class='ocrx_word' id='word_1_150' title='bbox 2852 807 3218 873; x_wconf 74' lang='grc' dir='ltr'>ποχαστικῶς</span> <span class='ocrx_word' id='word_1_151' title='bbox 3241 808 3643 878; x_wconf 77' lang='grc' dir='ltr'>τὴνέσομένην,</span> <span class='ocrx_word' id='word_1_152' title='bbox 3660 809 3777 861; x_wconf 74' lang='grc' dir='ltr'>ἀλλ’</span> <span class='ocrx_word' id='word_1_153' title='bbox 3796 809 3843 861; x_wconf 79' lang='grc' dir='ltr'>οὐ</span> 
     </span>
    </p>
   </div>
   <div class='ocr_carea' id='block_1_25' title="bbox 2305 887 3846 969">
    <p class='ocr_par' dir='ltr' id='par_1_25' title="bbox 2305 887 3846 969">
     <span class='ocr_line' id='line_1_25' title="bbox 2305 887 3846 969; baseline 0.008 -30"><span class='ocrx_word' id='word_1_154' title='bbox 2305 887 2402 957; x_wconf 77' lang='grc' dir='ltr'>τὴν</span> <span class='ocrx_word' id='word_1_155' title='bbox 2452 890 2824 960; x_wconf 78' lang='grc' dir='ltr'><strong>γεγενημένην</strong></span> <span class='ocrx_word' id='word_1_156' title='bbox 2880 896 2972 947; x_wconf 77' lang='grc' dir='ltr'>καὶ</span> <span class='ocrx_word' id='word_1_157' title='bbox 3030 897 3640 969; x_wconf 78' lang='grc' dir='ltr'>παραφθαρείσαν,τοϊς</span> <span class='ocrx_word' id='word_1_158' title='bbox 3691 900 3846 964; x_wconf 74' lang='grc' dir='ltr'>ἀξίοις</span> 
     </span>
    </p>
   </div>
   <div class='ocr_carea' id='block_1_26' title="bbox 2305 977 3842 1058">
    <p class='ocr_par' dir='ltr' id='par_1_26' title="bbox 2305 977 3842 1058">
     <span class='ocr_line' id='line_1_26' title="bbox 2305 977 3842 1058; baseline 0.007 -30"><span class='ocrx_word' id='word_1_159' title='bbox 2305 977 2405 1045; x_wconf 84' lang='grc' dir='ltr'>τῆς</span> <span class='ocrx_word' id='word_1_160' title='bbox 2424 978 2753 1049; x_wconf 87' lang='grc' dir='ltr'>ἀγαθότητος</span> <span class='ocrx_word' id='word_1_161' title='bbox 2786 983 3075 1051; x_wconf 81' lang='grc' dir='ltr'>μετουσίαν</span> <span class='ocrx_word' id='word_1_162' title='bbox 3102 988 3219 1039; x_wconf 83' lang='grc' dir='ltr'>κατ’</span> <span class='ocrx_word' id='word_1_163' title='bbox 3252 988 3495 1040; x_wconf 80' lang='grc' dir='ltr'>εἰκασίαν</span> <span class='ocrx_word' id='word_1_164' title='bbox 3529 987 3692 1058; x_wconf 88' lang='grc' dir='ltr'>μόνον</span> <span class='ocrx_word' id='word_1_165' title='bbox 3721 987 3842 1054; x_wconf 81' lang='grc' dir='ltr'>λαμ-</span> 
     </span>
    </p>
   </div>
   <div class='ocr_carea' id='block_1_27' title="bbox 2307 1066 3843 1142">
    <p class='ocr_par' dir='ltr' id='par_1_27' title="bbox 2307 1066 3843 1142">
     <span class='ocr_line' id='line_1_27' title="bbox 2307 1066 3843 1142; baseline 0.005 -25"><span class='ocrx_word' id='word_1_166' title='bbox 2307 1066 2560 1135; x_wconf 80' lang='grc' dir='ltr'>ϐάνομεν,</span> <span class='ocrx_word' id='word_1_167' title='bbox 2588 1068 2776 1139; x_wconf 84' lang='grc' dir='ltr'>ἐπειδὴ</span> <span class='ocrx_word' id='word_1_168' title='bbox 2801 1072 2893 1123; x_wconf 85' lang='grc' dir='ltr'>καὶ</span> <span class='ocrx_word' id='word_1_169' title='bbox 2920 1073 3059 1142; x_wconf 79' lang='grc' dir='ltr'>ὑπὲρ</span> <span class='ocrx_word' id='word_1_170' title='bbox 3086 1075 3258 1128; x_wconf 85' lang='grc' dir='ltr'>ταῦτα</span> <span class='ocrx_word' id='word_1_171' title='bbox 3304 1076 3478 1129; x_wconf 84' lang='grc' dir='ltr'>πάντα</span> <span class='ocrx_word' id='word_1_172' title='bbox 3529 1076 3598 1128; x_wconf 86' lang='grc' dir='ltr'><strong>τά</strong></span> <span class='ocrx_word' id='word_1_173' title='bbox 3652 1075 3843 1137; x_wconf 77' lang='grc' dir='ltr'>ἐλπιζό-</span> 
     </span>
    </p>
   </div>
   <div class='ocr_carea' id='block_1_28' title="bbox 2310 1157 3839 1235">
    <p class='ocr_par' dir='ltr' id='par_1_28' title="bbox 2310 1157 3839 1235">
     <span class='ocr_line' id='line_1_28' title="bbox 2310 1157 3839 1235; baseline 0.01 -27"><span class='ocrx_word' id='word_1_174' title='bbox 2310 1157 2446 1226; x_wconf 83' lang='grc' dir='ltr'>μενά</span> <span class='ocrx_word' id='word_1_175' title='bbox 2502 1159 2669 1224; x_wconf 89' lang='grc' dir='ltr'>ἐστιν,</span> <span class='ocrx_word' id='word_1_176' title='bbox 2714 1160 2790 1223; x_wconf 81' lang='grc' dir='ltr'><strong>ὡς</strong></span> <span class='ocrx_word' id='word_1_177' title='bbox 2836 1161 3013 1229; x_wconf 79' lang='grc' dir='ltr'>ὅψεως</span> <span class='ocrx_word' id='word_1_178' title='bbox 3047 1162 3173 1216; x_wconf 79' lang='grc' dir='ltr'>ὅντα</span> <span class='ocrx_word' id='word_1_179' title='bbox 3203 1164 3343 1217; x_wconf 84' lang='grc' dir='ltr'>κατὰ</span> <span class='ocrx_word' id='word_1_180' title='bbox 3369 1165 3430 1217; x_wconf 84' lang='grc' dir='ltr'>τὸ</span> <span class='ocrx_word' id='word_1_181' title='bbox 3459 1166 3839 1235; x_wconf 79' lang='grc' dir='ltr'>γεγραμμένον.</span> 
     </span>
    </p>
   </div>
   <div class='ocr_carea' id='block_1_29' title="bbox 2306 1248 3842 1314">
    <p class='ocr_par' dir='ltr' id='par_1_29' title="bbox 2306 1248 3842 1314">
     <span class='ocr_line' id='line_1_29' title="bbox 2306 1248 3842 1314; baseline 0 -13"><span class='ocrx_word' id='word_1_182' title='bbox 2306 1248 2401 1301; x_wconf 76' lang='grc' dir='ltr'><strong>καὶ</strong></span> <span class='ocrx_word' id='word_1_183' title='bbox 2429 1248 2595 1314; x_wconf 83' lang='grc' dir='ltr'><strong>ἀκοῆς</strong></span> <span class='ocrx_word' id='word_1_184' title='bbox 2629 1250 2722 1303; x_wconf 76' lang='grc' dir='ltr'><strong>καὶ</strong></span> <span class='ocrx_word' id='word_1_185' title='bbox 2753 1249 2989 1313; x_wconf 83' lang='grc' dir='ltr'>διανοίας</span> <span class='ocrx_word' id='word_1_186' title='bbox 3034 1250 3307 1305; x_wconf 76' lang='grc' dir='ltr'>ἐπέκεινα.</span> <span class='ocrx_word' id='word_1_187' title='bbox 3357 1255 3466 1306; x_wconf 81' lang='grc' dir='ltr'><strong>Καὶ</strong></span> <span class='ocrx_word' id='word_1_188' title='bbox 3512 1253 3675 1307; x_wconf 85' lang='grc' dir='ltr'>τοῦτό</span> <span class='ocrx_word' id='word_1_189' title='bbox 3718 1254 3842 1305; x_wconf 82' lang='grc' dir='ltr'>ἐστιν</span> 
     </span>
    </p>
   </div>
   <div class='ocr_carea' id='block_1_30' title="bbox 2307 1336 3843 1413">
    <p class='ocr_par' dir='ltr' id='par_1_30' title="bbox 2307 1336 3843 1413">
     <span class='ocr_line' id='line_1_30' title="bbox 2307 1336 3843 1413; baseline 0.001 -21"><span class='ocrx_word' id='word_1_190' title='bbox 2307 1341 2436 1403; x_wconf 73' lang='grc' dir='ltr'>ἴσως</span> <span class='ocrx_word' id='word_1_191' title='bbox 2463 1341 2496 1410; x_wconf 88' lang='grc' dir='ltr'><strong>ή</strong></span> <span class='ocrx_word' id='word_1_192' title='bbox 2528 1340 2771 1410; x_wconf 85' lang='grc' dir='ltr'>ὑποταγὴ</span> <span class='ocrx_word' id='word_1_193' title='bbox 2827 1342 2895 1412; x_wconf 73' lang='grc' dir='ltr'>ἣν</span> <span class='ocrx_word' id='word_1_194' title='bbox 2935 1344 2970 1395; x_wconf 76' lang='grc' dir='ltr'><strong>ό</strong></span> <span class='ocrx_word' id='word_1_195' title='bbox 3020 1341 3161 1406; x_wconf 84' lang='grc' dir='ltr'>θεῖος</span> <span class='ocrx_word' id='word_1_196' title='bbox 3218 1344 3534 1407; x_wconf 80' lang='grc' dir='ltr'>’Δπόστολός</span> <span class='ocrx_word' id='word_1_197' title='bbox 3589 1336 3732 1413; x_wconf 71' lang='grc' dir='ltr'>ἶρησι</span> <span class='ocrx_word' id='word_1_198' title='bbox 3780 1342 3843 1411; x_wconf 79' lang='grc' dir='ltr'>τῷ</span> 
     </span>
    </p>
   </div>
   <div class='ocr_carea' id='block_1_31' title="bbox 2307 1430 3841 1499">
    <p class='ocr_par' dir='ltr' id='par_1_31' title="bbox 2307 1430 3841 1499">
     <span class='ocr_line' id='line_1_31' title="bbox 2307 1430 3841 1499; baseline 0.001 -17"><span class='ocrx_word' id='word_1_199' title='bbox 2307 1430 2482 1499; x_wconf 79' lang='grc' dir='ltr'>Πατρὶ</span> <span class='ocrx_word' id='word_1_200' title='bbox 2524 1430 2615 1482; x_wconf 82' lang='grc' dir='ltr'><strong>τὸν</strong></span> <span class='ocrx_word' id='word_1_201' title='bbox 2668 1431 2801 1483; x_wconf 86' lang='grc' dir='ltr'>Υίὸν</span> <span class='ocrx_word' id='word_1_202' title='bbox 2849 1430 3192 1495; x_wconf 84' lang='grc' dir='ltr'>ὑποτάσσειν,</span> <span class='ocrx_word' id='word_1_203' title='bbox 3242 1432 3369 1495; x_wconf 84' lang='grc' dir='ltr'>τοὺς</span> <span class='ocrx_word' id='word_1_204' title='bbox 3422 1434 3687 1495; x_wconf 79' lang='grc' dir='ltr'><strong>ἑκουσίως</strong></span> <span class='ocrx_word' id='word_1_205' title='bbox 3714 1433 3841 1499; x_wconf 83' lang='grc' dir='ltr'>δεχο-</span> 
     </span>
    </p>
   </div>
   <div class='ocr_carea' id='block_1_32' title="bbox 2310 1518 3841 1592">
    <p class='ocr_par' dir='ltr' id='par_1_32' title="bbox 2310 1518 3841 1592">
     <span class='ocr_line' id='line_1_32' title="bbox 2310 1518 3841 1592; baseline 0.003 -23"><span class='ocrx_word' id='word_1_206' title='bbox 2310 1519 2503 1586; x_wconf 81' lang='grc' dir='ltr'>μένους</span> <span class='ocrx_word' id='word_1_207' title='bbox 2526 1518 2587 1570; x_wconf 83' lang='grc' dir='ltr'><strong>τδ</strong></span> <span class='ocrx_word' id='word_1_208' title='bbox 2617 1519 3037 1585; x_wconf 81' lang='grc' dir='ltr'><strong>ὑποτάσσεσθαι,</strong></span> <span class='ocrx_word' id='word_1_209' title='bbox 3068 1520 3186 1591; x_wconf 87' lang='grc' dir='ltr'>μεθ’</span> <span class='ocrx_word' id='word_1_210' title='bbox 3212 1521 3361 1592; x_wconf 54' lang='grc' dir='ltr'><strong>ἤηῆ</strong></span> <span class='ocrx_word' id='word_1_211' title='bbox 3390 1520 3456 1574; x_wconf 81' lang='grc' dir='ltr'>δι’</span> <span class='ocrx_word' id='word_1_212' title='bbox 3480 1522 3567 1591; x_wconf 76' lang='grc' dir='ltr'>ἡν,</span> <span class='ocrx_word' id='word_1_213' title='bbox 3598 1522 3657 1573; x_wconf 89' lang='lat'><strong>&#39;0</strong></span> <span class='ocrx_word' id='word_1_214' title='bbox 3681 1524 3841 1589; x_wconf 81' lang='grc' dir='ltr'>ἐσχα-</span> 
     </span>
    </p>
   </div>
   <div class='ocr_carea' id='block_1_33' title="bbox 2305 1604 3841 1677">
    <p class='ocr_par' dir='ltr' id='par_1_33' title="bbox 2305 1604 3841 1677">
     <span class='ocr_line' id='line_1_33' title="bbox 2305 1604 3841 1677; baseline 0.004 -21"><span class='ocrx_word' id='word_1_215' title='bbox 2305 1621 2408 1669; x_wconf 78' lang='grc' dir='ltr'><strong>τος</strong></span> <span class='ocrx_word' id='word_1_216' title='bbox 2440 1604 2652 1672; x_wconf 81' lang='grc' dir='ltr'>ἐχθρὸς</span> <span class='ocrx_word' id='word_1_217' title='bbox 2688 1607 3058 1674; x_wconf 76' lang='grc' dir='ltr'>καταργεῖται</span> <span class='ocrx_word' id='word_1_218' title='bbox 3113 1612 3147 1663; x_wconf 86' lang='grc' dir='ltr'><em>ὁ</em></span> <span class='ocrx_word' id='word_1_219' title='bbox 3198 1608 3473 1677; x_wconf 79' lang='grc' dir='ltr'>θάνατος,</span> <span class='ocrx_word' id='word_1_220' title='bbox 3522 1611 3598 1671; x_wconf 86' lang='grc' dir='ltr'>ὡς</span> <span class='ocrx_word' id='word_1_221' title='bbox 3646 1610 3736 1663; x_wconf 84' lang='grc' dir='ltr'><strong>τοῦ</strong></span> <span class='ocrx_word' id='word_1_222' title='bbox 3774 1610 3841 1675; x_wconf 76' lang='grc' dir='ltr'>ἐφ’</span> 
     </span>
    </p>
   </div>
   <div class='ocr_carea' id='block_1_34' title="bbox 2260 1689 3844 1769">
    <p class='ocr_par' dir='ltr' id='par_1_34' title="bbox 2260 1689 3844 1769">
     <span class='ocr_line' id='line_1_34' title="bbox 2260 1689 3844 1769; baseline 0.003 -24"><span class='ocrx_word' id='word_1_223' title='bbox 2260 1716 2263 1718; x_wconf 41' lang='grc'>&gt;</span> <span class='ocrx_word' id='word_1_224' title='bbox 2307 1694 2459 1763; x_wconf 82' lang='grc' dir='ltr'>ἡμῖν,</span> <span class='ocrx_word' id='word_1_225' title='bbox 2479 1693 2642 1763; x_wconf 73' lang='grc' dir='ltr'>ἤγουν</span> <span class='ocrx_word' id='word_1_226' title='bbox 2664 1692 2759 1746; x_wconf 88' lang='grc' dir='ltr'><strong>τοῦ</strong></span> <span class='ocrx_word' id='word_1_227' title='bbox 2780 1694 3145 1761; x_wconf 79' lang='grc' dir='ltr'>αὑτεξουσίου,</span> <span class='ocrx_word' id='word_1_228' title='bbox 3172 1697 3239 1750; x_wconf 88' lang='grc' dir='ltr'><strong>δι’</strong></span> <span class='ocrx_word' id='word_1_229' title='bbox 3258 1689 3320 1750; x_wconf 83' lang='grc' dir='ltr'><strong>οῦ</strong></span> <span class='ocrx_word' id='word_1_230' title='bbox 3348 1699 3482 1769; x_wconf 81' lang='grc' dir='ltr'>πρὸς</span> <span class='ocrx_word' id='word_1_231' title='bbox 3508 1699 3657 1767; x_wconf 80' lang='grc' dir='ltr'>ἡμᾶς</span> <span class='ocrx_word' id='word_1_232' title='bbox 3686 1697 3844 1750; x_wconf 82' lang='grc' dir='ltr'>ποιού-</span> 
     </span>
    </p>
   </div>
   <div class='ocr_carea' id='block_1_35' title="bbox 651 1768 2213 1857">
    <p class='ocr_par' dir='ltr' id='par_1_35' title="bbox 651 1783 2203 1854">
     <span class='ocr_line' id='line_1_35' title="bbox 651 1783 2203 1854; baseline 0 -19"><span class='ocrx_word' id='word_1_233' title='bbox 651 1792 708 1836; x_wconf 90' lang='lat' dir='ltr'><strong>et</strong></span> <span class='ocrx_word' id='word_1_234' title='bbox 728 1784 792 1852; x_wconf 75' lang='grc' dir='ltr'><strong>(δ)</strong></span> <span class='ocrx_word' id='word_1_235' title='bbox 824 1783 1194 1853; x_wconf 84' lang='lat' dir='ltr'><strong>incorruptam</strong></span> <span class='ocrx_word' id='word_1_236' title='bbox 1219 1784 1397 1854; x_wconf 79' lang='lat' dir='ltr'><strong>dignis</strong></span> <span class='ocrx_word' id='word_1_237' title='bbox 1418 1784 1681 1838; x_wconf 76' lang='lat' dir='ltr'><strong>bonitatis</strong></span> <span class='ocrx_word' id='word_1_238' title='bbox 1732 1783 2203 1851; x_wconf 88' lang='lat' dir='ltr'><strong>participationem</strong></span> 
     </span>
    </p>
   </div>
   <div class='ocr_carea' id='block_1_36' title="bbox 2309 1768 3843 1857">
    <p class='ocr_par' dir='ltr' id='par_1_36' title="bbox 2310 1768 3843 1857">
     <span class='ocr_line' id='line_1_36' title="bbox 2310 1768 3843 1857; baseline 0.003 -21"><span class='ocrx_word' id='word_1_239' title='bbox 2310 1800 2468 1854; x_wconf 89' lang='grc' dir='ltr'>μενος</span> <span class='ocrx_word' id='word_1_240' title='bbox 2491 1781 2588 1853; x_wconf 82' lang='grc' dir='ltr'>τὴν</span> <span class='ocrx_word' id='word_1_241' title='bbox 2615 1781 2819 1835; x_wconf 71' lang='grc' dir='ltr'>εἴσοδον</span> <span class='ocrx_word' id='word_1_242' title='bbox 2854 1783 3121 1855; x_wconf 73' lang='grc' dir='ltr'>ἐπεκύρου</span> <span class='ocrx_word' id='word_1_243' title='bbox 3152 1786 3272 1839; x_wconf 81' lang='grc' dir='ltr'>καθ’</span> <span class='ocrx_word' id='word_1_244' title='bbox 3302 1768 3461 1857; x_wconf 85' lang='grc' dir='ltr'>ἡμῶν</span> <span class='ocrx_word' id='word_1_245' title='bbox 3501 1788 3563 1840; x_wconf 82' lang='grc' dir='ltr'>τὸ</span> <span class='ocrx_word' id='word_1_246' title='bbox 3595 1788 3697 1857; x_wconf 77' lang='grc' dir='ltr'>τῆς</span> <span class='ocrx_word' id='word_1_247' title='bbox 3734 1787 3843 1855; x_wconf 79' lang='grc' dir='ltr'>φθο-</span> 
     </span>
    </p>
   </div>
   <div class='ocr_carea' id='block_1_37' title="bbox 649 1871 2201 1941">
    <p class='ocr_par' dir='ltr' id='par_1_37' title="bbox 649 1871 2201 1941">
     <span class='ocr_line' id='line_1_37' title="bbox 649 1871 2201 1941; baseline 0.001 -19"><span class='ocrx_word' id='word_1_248' title='bbox 649 1884 749 1937; x_wconf 89' lang='lat' dir='ltr'><strong>per</strong></span> <span class='ocrx_word' id='word_1_249' title='bbox 770 1871 1187 1927; x_wconf 88' lang='lat' dir='ltr'><strong>similitudinem</strong></span> <span class='ocrx_word' id='word_1_250' title='bbox 1209 1873 1552 1934; x_wconf 86' lang='lat' dir='ltr'><strong>solummodo</strong></span> <span class='ocrx_word' id='word_1_251' title='bbox 1585 1872 1883 1941; x_wconf 89' lang='lat' dir='ltr'><strong>accipimus</strong></span> <span class='ocrx_word' id='word_1_252' title='bbox 1906 1888 1921 1936; x_wconf 92' lang='lat'><strong>;</strong></span> <span class='ocrx_word' id='word_1_253' title='bbox 1942 1871 2201 1940; x_wconf 88' lang='lat' dir='ltr'><strong>quoniam</strong></span> 
     </span>
    </p>
   </div>
   <div class='ocr_carea' id='block_1_38' title="bbox 649 1962 2204 2033">
    <p class='ocr_par' dir='ltr' id='par_1_38' title="bbox 649 1962 2204 2033">
     <span class='ocr_line' id='line_1_38' title="bbox 649 1962 2204 2033; baseline 0.002 -21"><span class='ocrx_word' id='word_1_254' title='bbox 649 1968 707 2013; x_wconf 89' lang='lat' dir='ltr'><strong>et</strong></span> <span class='ocrx_word' id='word_1_255' title='bbox 733 1976 896 2030; x_wconf 88' lang='lat' dir='ltr'><strong>super</strong></span> <span class='ocrx_word' id='word_1_256' title='bbox 922 1964 1105 2018; x_wconf 87' lang='lat' dir='ltr'><strong>omnia</strong></span> <span class='ocrx_word' id='word_1_257' title='bbox 1119 1964 1235 2018; x_wconf 64' lang='lat' dir='ltr'><strong>haec</strong></span> <span class='ocrx_word' id='word_1_258' title='bbox 1252 1973 1379 2019; x_wconf 88' lang='lat' dir='ltr'><strong>sunt</strong></span> <span class='ocrx_word' id='word_1_259' title='bbox 1407 1978 1526 2033; x_wconf 78' lang='lat' dir='ltr'><strong>quae</strong></span> <span class='ocrx_word' id='word_1_260' title='bbox 1544 1964 1809 2032; x_wconf 84' lang='lat' dir='ltr'><strong>speranda</strong></span> <span class='ocrx_word' id='word_1_261' title='bbox 1829 1971 1977 2027; x_wconf 88' lang='lat' dir='ltr'><strong>sunt,</strong></span> <span class='ocrx_word' id='word_1_262' title='bbox 2005 1962 2204 2016; x_wconf 88' lang='lat' dir='ltr'><strong>merito</strong></span> 
     </span>
    </p>
   </div>
   <div class='ocr_carea' id='block_1_39' title="bbox 650 2050 2205 2123">
    <p class='ocr_par' dir='ltr' id='par_1_39' title="bbox 650 2050 2205 2123">
     <span class='ocr_line' id='line_1_39' title="bbox 650 2050 2205 2123; baseline 0.001 -19"><span class='ocrx_word' id='word_1_263' title='bbox 650 2050 779 2104; x_wconf 91' lang='lat' dir='ltr'><strong>dum</strong></span> <span class='ocrx_word' id='word_1_264' title='bbox 813 2052 923 2105; x_wconf 90' lang='lat' dir='ltr'><strong>sint</strong></span> <span class='ocrx_word' id='word_1_265' title='bbox 941 2068 1149 2107; x_wconf 87' lang='lat' dir='ltr'><strong>summa</strong></span> <span class='ocrx_word' id='word_1_266' title='bbox 1169 2055 1421 2116; x_wconf 85' lang='lat' dir='ltr'><strong>visionis,</strong></span> <span class='ocrx_word' id='word_1_267' title='bbox 1453 2055 1592 2108; x_wconf 87' lang='lat' dir='ltr'><strong>sicut</strong></span> <span class='ocrx_word' id='word_1_268' title='bbox 1614 2054 1875 2123; x_wconf 89' lang='lat' dir='ltr'><strong>scriptum</strong></span> <span class='ocrx_word' id='word_1_269' title='bbox 1900 2062 2002 2119; x_wconf 86' lang='lat' dir='ltr'><strong>est,</strong></span> <span class='ocrx_word' id='word_1_270' title='bbox 2029 2061 2086 2106; x_wconf 90' lang='lat' dir='ltr'><strong>et</strong></span> <span class='ocrx_word' id='word_1_271' title='bbox 2107 2068 2205 2105; x_wconf 83' lang='lat' dir='ltr'><strong>au-</strong></span> 
     </span>
    </p>
   </div>
   <div class='ocr_carea' id='block_1_40' title="bbox 650 2141 2209 2211">
    <p class='ocr_par' dir='ltr' id='par_1_40' title="bbox 650 2141 2209 2211">
     <span class='ocr_line' id='line_1_40' title="bbox 650 2141 2209 2211; baseline 0.001 -18"><span class='ocrx_word' id='word_1_272' title='bbox 650 2141 801 2195; x_wconf 90' lang='lat' dir='ltr'><strong>ditus</strong></span> <span class='ocrx_word' id='word_1_273' title='bbox 832 2151 887 2195; x_wconf 89' lang='lat' dir='ltr'><strong>et</strong></span> <span class='ocrx_word' id='word_1_274' title='bbox 944 2143 1283 2209; x_wconf 87' lang='lat' dir='ltr'><strong>intellectus;</strong></span> <span class='ocrx_word' id='word_1_275' title='bbox 1316 2152 1371 2197; x_wconf 92' lang='lat' dir='ltr'><strong>et</strong></span> <span class='ocrx_word' id='word_1_276' title='bbox 1397 2145 1499 2199; x_wconf 90' lang='lat' dir='ltr'><strong>hoc</strong></span> <span class='ocrx_word' id='word_1_277' title='bbox 1525 2144 1713 2211; x_wconf 81' lang='lat' dir='ltr'><strong>utique</strong></span> <span class='ocrx_word' id='word_1_278' title='bbox 1748 2152 1830 2197; x_wconf 88' lang='lat' dir='ltr'><strong>est</strong></span> <span class='ocrx_word' id='word_1_279' title='bbox 1855 2144 1971 2211; x_wconf 90' lang='lat' dir='ltr'><strong>ipsa</strong></span> <span class='ocrx_word' id='word_1_280' title='bbox 2001 2142 2209 2210; x_wconf 86' lang='lat' dir='ltr'><strong>subjec-</strong></span> 
     </span>
    </p>
   </div>
   <div class='ocr_carea' id='block_1_41' title="bbox 566 2231 2209 2301">
    <p class='ocr_par' dir='ltr' id='par_1_41' title="bbox 566 2231 2209 2301">
     <span class='ocr_line' id='line_1_41' title="bbox 566 2231 2209 2301; baseline 0 -16"><span class='ocrx_word' id='word_1_281' title='bbox 566 2246 569 2249; x_wconf 75' lang='lat'><em>&#39;</em></span> <span class='ocrx_word' id='word_1_282' title='bbox 651 2232 749 2296; x_wconf 89' lang='lat' dir='ltr'><strong>tio,</strong></span> <span class='ocrx_word' id='word_1_283' title='bbox 770 2231 830 2301; x_wconf 90' lang='lat' dir='ltr'><strong>(t)</strong></span> <span class='ocrx_word' id='word_1_284' title='bbox 853 2248 1015 2301; x_wconf 75' lang='lat' dir='ltr'><strong>quam</strong></span> <span class='ocrx_word' id='word_1_285' title='bbox 1041 2234 1263 2287; x_wconf 84' lang='lat' dir='ltr'><strong>divinus</strong></span> <span class='ocrx_word' id='word_1_286' title='bbox 1291 2234 1580 2301; x_wconf 86' lang='lat' dir='ltr'><strong>Apostolus</strong></span> <span class='ocrx_word' id='word_1_287' title='bbox 1599 2234 1673 2287; x_wconf 85' lang='lat' dir='ltr'><strong>ait</strong></span> <span class='ocrx_word' id='word_1_288' title='bbox 1693 2232 1837 2289; x_wconf 84' lang='lat' dir='ltr'><strong>Patri</strong></span> <span class='ocrx_word' id='word_1_289' title='bbox 1858 2231 2055 2284; x_wconf 90' lang='lat' dir='ltr'><strong>Filium</strong></span> <span class='ocrx_word' id='word_1_290' title='bbox 2080 2232 2209 2285; x_wconf 83' lang='lat' dir='ltr'><strong>sub-</strong></span> 
     </span>
    </p>
   </div>
   <div class='ocr_carea' id='block_1_42' title="bbox 650 2322 2204 2393">
    <p class='ocr_par' dir='ltr' id='par_1_42' title="bbox 650 2322 2204 2393">
     <span class='ocr_line' id='line_1_42' title="bbox 650 2322 2204 2393; baseline 0 -17"><span class='ocrx_word' id='word_1_291' title='bbox 650 2323 921 2391; x_wconf 83' lang='lat' dir='ltr'><strong>iccturum</strong></span> <span class='ocrx_word' id='word_1_292' title='bbox 942 2324 1080 2388; x_wconf 77' lang='lat' dir='ltr'><strong>fore,</strong></span> <span class='ocrx_word' id='word_1_293' title='bbox 1111 2324 1414 2379; x_wconf 80' lang='lat' dir='ltr'><strong>voluntarie</strong></span> <span class='ocrx_word' id='word_1_294' title='bbox 1448 2323 1718 2393; x_wconf 89' lang='lat' dir='ltr'><strong>accepturi</strong></span> <span class='ocrx_word' id='word_1_295' title='bbox 1750 2322 2024 2393; x_wconf 84' lang='lat' dir='ltr'><strong>subjectos</strong></span> <span class='ocrx_word' id='word_1_296' title='bbox 2062 2336 2204 2386; x_wconf 89' lang='lat' dir='ltr'><strong>esse,</strong></span> 
     </span>
    </p>
   </div>
   <div class='ocr_carea' id='block_1_43' title="bbox 649 2411 2206 2483">
    <p class='ocr_par' dir='ltr' id='par_1_43' title="bbox 649 2411 2206 2483">
     <span class='ocr_line' id='line_1_43' title="bbox 649 2411 2206 2483; baseline -0.001 -18"><span class='ocrx_word' id='word_1_297' title='bbox 649 2420 776 2480; x_wconf 88' lang='lat' dir='ltr'><strong>post</strong></span> <span class='ocrx_word' id='word_1_298' title='bbox 799 2428 960 2481; x_wconf 89' lang='lat' dir='ltr'><strong>quam</strong></span> <span class='ocrx_word' id='word_1_299' title='bbox 987 2421 1041 2466; x_wconf 89' lang='lat' dir='ltr'><strong>et</strong></span> <span class='ocrx_word' id='word_1_300' title='bbox 1069 2429 1166 2482; x_wconf 88' lang='lat' dir='ltr'><strong>per</strong></span> <span class='ocrx_word' id='word_1_301' title='bbox 1186 2430 1346 2483; x_wconf 88' lang='lat' dir='ltr'><strong>quam</strong></span> <span class='ocrx_word' id='word_1_302' title='bbox 1371 2415 1647 2466; x_wconf 76' lang='lat' dir='ltr'><strong>novissima</strong></span> <span class='ocrx_word' id='word_1_303' title='bbox 1673 2413 1883 2465; x_wconf 82' lang='lat' dir='ltr'><strong>inimica</strong></span> <span class='ocrx_word' id='word_1_304' title='bbox 1912 2411 2206 2464; x_wconf 72' lang='lat' dir='ltr'><strong>destruetur</strong></span> 
     </span>
    </p>
   </div>
   <div class='ocr_carea' id='block_1_44' title="bbox 654 2503 2206 2573">
    <p class='ocr_par' dir='ltr' id='par_1_44' title="bbox 654 2503 2206 2573">
     <span class='ocr_line' id='line_1_44' title="bbox 654 2503 2206 2573; baseline 0.001 -18"><span class='ocrx_word' id='word_1_305' title='bbox 654 2519 794 2555; x_wconf 76' lang='lat' dir='ltr'><strong>mors</strong></span> <span class='ocrx_word' id='word_1_306' title='bbox 820 2504 863 2565; x_wconf 65' lang='lat'><strong>9,</strong></span> <span class='ocrx_word' id='word_1_307' title='bbox 898 2511 1087 2571; x_wconf 87' lang='lat' dir='ltr'><strong>utpote</strong></span> <span class='ocrx_word' id='word_1_308' title='bbox 1112 2506 1479 2573; x_wconf 88' lang='lat' dir='ltr'><strong>corruptionis</strong></span> <span class='ocrx_word' id='word_1_309' title='bbox 1526 2503 1793 2572; x_wconf 84' lang='lat' dir='ltr'><strong>potentia,</strong></span> <span class='ocrx_word' id='word_1_310' title='bbox 1824 2519 1921 2572; x_wconf 89' lang='lat' dir='ltr'><strong>per</strong></span> <span class='ocrx_word' id='word_1_311' title='bbox 1945 2518 2107 2571; x_wconf 90' lang='lat' dir='ltr'><strong>quam</strong></span> <span class='ocrx_word' id='word_1_312' title='bbox 2138 2503 2206 2557; x_wconf 87' lang='lat' dir='ltr'><strong>ad</strong></span> 
     </span>
    </p>
   </div>
   <div class='ocr_carea' id='block_1_45' title="bbox 654 2592 2206 2661">
    <p class='ocr_par' dir='ltr' id='par_1_45' title="bbox 654 2592 2206 2661">
     <span class='ocr_line' id='line_1_45' title="bbox 654 2592 2206 2661; baseline 0 -15"><span class='ocrx_word' id='word_1_313' title='bbox 654 2607 756 2646; x_wconf 89' lang='lat' dir='ltr'><strong>nos</strong></span> <span class='ocrx_word' id='word_1_314' title='bbox 790 2592 919 2646; x_wconf 80' lang='lat' dir='ltr'><strong>fecit</strong></span> <span class='ocrx_word' id='word_1_315' title='bbox 965 2592 1250 2646; x_wconf 90' lang='lat' dir='ltr'><strong>introitum</strong></span> <span class='ocrx_word' id='word_1_316' title='bbox 1304 2596 1445 2661; x_wconf 86' lang='lat' dir='ltr'><strong>(ipso</strong></span> <span class='ocrx_word' id='word_1_317' title='bbox 1479 2595 1535 2646; x_wconf 93' lang='lat' dir='ltr'><strong>in</strong></span> <span class='ocrx_word' id='word_1_318' title='bbox 1560 2592 1738 2655; x_wconf 86' lang='lat' dir='ltr'><strong>nobis,</strong></span> <span class='ocrx_word' id='word_1_319' title='bbox 1766 2594 1861 2661; x_wconf 91' lang='lat' dir='ltr'><strong>qui</strong></span> <span class='ocrx_word' id='word_1_320' title='bbox 1891 2608 1987 2661; x_wconf 87' lang='lat' dir='ltr'><strong>per</strong></span> <span class='ocrx_word' id='word_1_321' title='bbox 2017 2608 2073 2646; x_wconf 89' lang='lat' dir='ltr'><strong>se</strong></span> <span class='ocrx_word' id='word_1_322' title='bbox 2106 2607 2206 2661; x_wconf 93' lang='lat' dir='ltr'><strong>po-</strong></span> 
     </span>
    </p>
   </div>
   <div class='ocr_carea' id='block_1_46' title="bbox 654 2682 2209 2752">
    <p class='ocr_par' dir='ltr' id='par_1_46' title="bbox 654 2682 2209 2752">
     <span class='ocr_line' id='line_1_46' title="bbox 654 2682 2209 2752; baseline -0.002 -15"><span class='ocrx_word' id='word_1_323' title='bbox 654 2690 776 2737; x_wconf 87' lang='lat' dir='ltr'><strong>tens</strong></span> <span class='ocrx_word' id='word_1_324' title='bbox 791 2691 892 2745; x_wconf 87' lang='lat' dir='ltr'><strong>est,</strong></span> <span class='ocrx_word' id='word_1_325' title='bbox 910 2682 993 2752; x_wconf 88' lang='lat' dir='ltr'><strong>adj</strong></span> <span class='ocrx_word' id='word_1_326' title='bbox 1003 2690 1196 2737; x_wconf 85' lang='lat' dir='ltr'><strong>uvantc</strong></span> <span class='ocrx_word' id='word_1_327' title='bbox 1208 2683 1505 2735; x_wconf 90' lang='lat' dir='ltr'><strong>secundum</strong></span> <span class='ocrx_word' id='word_1_328' title='bbox 1518 2683 1660 2751; x_wconf 91' lang='lat' dir='ltr'><strong>nos),</strong></span> <span class='ocrx_word' id='word_1_329' title='bbox 1673 2682 1977 2736; x_wconf 81' lang='lat' dir='ltr'><strong>voluntarie</strong></span> <span class='ocrx_word' id='word_1_330' title='bbox 1994 2682 2209 2735; x_wconf 86' lang='lat' dir='ltr'><strong>univer-</strong></span> 
     </span>
    </p>
   </div>
   <div class='ocr_carea' id='block_1_47' title="bbox 655 2772 2210 2845">
    <p class='ocr_par' dir='ltr' id='par_1_47' title="bbox 655 2772 2210 2845">
     <span class='ocr_line' id='line_1_47' title="bbox 655 2772 2210 2845; baseline 0 -19"><span class='ocrx_word' id='word_1_331' title='bbox 655 2773 842 2827; x_wconf 88' lang='lat' dir='ltr'><strong>saliter</strong></span> <span class='ocrx_word' id='word_1_332' title='bbox 856 2774 967 2828; x_wconf 90' lang='lat' dir='ltr'><strong>Deo</strong></span> <span class='ocrx_word' id='word_1_333' title='bbox 990 2773 1066 2845; x_wconf 82' lang='grc' dir='ltr'>(ιι)</span> <span class='ocrx_word' id='word_1_334' title='bbox 1087 2773 1347 2842; x_wconf 89' lang='lat' dir='ltr'><strong>implente</strong></span> <span class='ocrx_word' id='word_1_335' title='bbox 1368 2784 1422 2826; x_wconf 88' lang='lat' dir='ltr'><strong>et</strong></span> <span class='ocrx_word' id='word_1_336' title='bbox 1438 2772 1577 2826; x_wconf 89' lang='lat' dir='ltr'><strong>bene</strong></span> <span class='ocrx_word' id='word_1_337' title='bbox 1599 2782 1856 2842; x_wconf 80' lang='lat' dir='ltr'><strong>regnante</strong></span> <span class='ocrx_word' id='word_1_338' title='bbox 1873 2772 2017 2841; x_wconf 87' lang='lat' dir='ltr'><strong>quod</strong></span> <span class='ocrx_word' id='word_1_339' title='bbox 2035 2772 2103 2841; x_wconf 88' lang='lat' dir='ltr'><strong>(v)</strong></span> <span class='ocrx_word' id='word_1_340' title='bbox 2126 2788 2210 2826; x_wconf 87' lang='lat' dir='ltr'><strong>re-</strong></span> 
     </span>
    </p>
   </div>
   <div class='ocr_carea' id='block_1_48' title="bbox 654 2861 2210 2931">
    <p class='ocr_par' dir='ltr' id='par_1_48' title="bbox 654 2861 2210 2931">
     <span class='ocr_line' id='line_1_48' title="bbox 654 2861 2210 2931; baseline 0.001 -18"><span class='ocrx_word' id='word_1_341' title='bbox 654 2862 750 2929; x_wconf 77' lang='lat' dir='ltr'><strong>git,</strong></span> <span class='ocrx_word' id='word_1_342' title='bbox 785 2862 952 2914; x_wconf 90' lang='lat' dir='ltr'><strong>otium</strong></span> <span class='ocrx_word' id='word_1_343' title='bbox 996 2862 1223 2931; x_wconf 83' lang='lat' dir='ltr'><strong>agendo,</strong></span> <span class='ocrx_word' id='word_1_344' title='bbox 1261 2876 1328 2915; x_wconf 89' lang='lat' dir='ltr'><strong>ne</strong></span> <span class='ocrx_word' id='word_1_345' title='bbox 1364 2861 1494 2930; x_wconf 87' lang='lat' dir='ltr'><strong>quid</strong></span> <span class='ocrx_word' id='word_1_346' title='bbox 1524 2862 1655 2915; x_wconf 85' lang='lat' dir='ltr'><strong>velit</strong></span> <span class='ocrx_word' id='word_1_347' title='bbox 1688 2871 1885 2930; x_wconf 77' lang='lat' dir='ltr'><strong>praeter</strong></span> <span class='ocrx_word' id='word_1_348' title='bbox 1914 2861 2059 2930; x_wconf 89' lang='lat' dir='ltr'><strong>quod</strong></span> <span class='ocrx_word' id='word_1_349' title='bbox 2094 2862 2210 2914; x_wconf 83' lang='lat' dir='ltr'><strong>vult</strong></span> 
     </span>
    </p>
   </div>
   <div class='ocr_carea' id='block_1_49' title="bbox 654 2952 2207 3022">
    <p class='ocr_par' dir='ltr' id='par_1_49' title="bbox 654 2952 2207 3022">
     <span class='ocr_line' id='line_1_49' title="bbox 654 2952 2207 3022; baseline 0.001 -17"><span class='ocrx_word' id='word_1_350' title='bbox 654 2953 828 3015; x_wconf 90' lang='lat' dir='ltr'><strong>Deus;</strong></span> <span class='ocrx_word' id='word_1_351' title='bbox 856 2953 996 3006; x_wconf 89' lang='lat' dir='ltr'><strong>sicut</strong></span> <span class='ocrx_word' id='word_1_352' title='bbox 1012 2954 1137 3013; x_wconf 87' lang='lat' dir='ltr'><strong>alibi</strong></span> <span class='ocrx_word' id='word_1_353' title='bbox 1159 2954 1234 3008; x_wconf 87' lang='lat' dir='ltr'><strong>ait</strong></span> <span class='ocrx_word' id='word_1_354' title='bbox 1252 2954 1367 3022; x_wconf 89' lang='lat' dir='ltr'><strong>ipse</strong></span> <span class='ocrx_word' id='word_1_355' title='bbox 1388 2954 1443 3006; x_wconf 90' lang='lat' dir='ltr'><strong>in</strong></span> <span class='ocrx_word' id='word_1_356' title='bbox 1461 2965 1518 3007; x_wconf 90' lang='lat' dir='ltr'><strong>se</strong></span> <span class='ocrx_word' id='word_1_357' title='bbox 1537 2954 1655 3021; x_wconf 87' lang='lat' dir='ltr'><strong>ipso</strong></span> <span class='ocrx_word' id='word_1_358' title='bbox 1680 2953 1920 3007; x_wconf 83' lang='lat' dir='ltr'><strong>formans</strong></span> <span class='ocrx_word' id='word_1_359' title='bbox 1942 2952 2086 3021; x_wconf 88' lang='lat' dir='ltr'><strong>quod</strong></span> <span class='ocrx_word' id='word_1_360' title='bbox 2107 2967 2207 3006; x_wconf 81' lang='lat' dir='ltr'><strong>no-</strong></span> 
     </span>
    </p>
   </div>
   <div class='ocr_carea' id='block_1_50' title="bbox 655 3041 2279 3135">
    <p class='ocr_par' dir='ltr' id='par_1_50' title="bbox 655 3041 2279 3135">
     <span class='ocr_line' id='line_1_50' title="bbox 655 3041 2279 3135; baseline 0 -41"><span class='ocrx_word' id='word_1_361' title='bbox 655 3050 829 3094; x_wconf 89' lang='lat' dir='ltr'><strong>strum</strong></span> <span class='ocrx_word' id='word_1_362' title='bbox 856 3048 937 3095; x_wconf 86' lang='lat' dir='ltr'><strong>est</strong></span> <span class='ocrx_word' id='word_1_363' title='bbox 954 3041 1198 3095; x_wconf 81' lang='lat' dir='ltr'><strong>Salvator</strong></span> <span class='ocrx_word' id='word_1_364' title='bbox 1218 3042 1285 3095; x_wconf 89' lang='lat' dir='ltr'><strong>ad</strong></span> <span class='ocrx_word' id='word_1_365' title='bbox 1316 3044 1556 3095; x_wconf 86' lang='lat' dir='ltr'><strong>Patrem:</strong></span> <span class='ocrx_word' id='word_1_366' title='bbox 1580 3043 2209 3125; x_wconf 74' lang='lat' dir='ltr'><strong>Verumtamemwn‘sicut</strong></span> <span class='ocrx_word' id='word_1_367' title='bbox 2235 3075 2279 3135; x_wconf 65' lang='grc' dir='ltr'>α</span> 
     </span>
    </p>
   </div>
   <div class='ocr_carea' id='block_1_51' title="bbox 656 3131 2211 3203">
    <p class='ocr_par' dir='ltr' id='par_1_51' title="bbox 656 3131 2211 3203">
     <span class='ocr_line' id='line_1_51' title="bbox 656 3131 2211 3203; baseline 0.001 -18"><span class='ocrx_word' id='word_1_368' title='bbox 656 3149 747 3203; x_wconf 69' lang='lat' dir='ltr'><strong>ego</strong></span> <span class='ocrx_word' id='word_1_369' title='bbox 768 3133 901 3198; x_wconf 83' lang='lat' dir='ltr'><strong>volo,</strong></span> <span class='ocrx_word' id='word_1_370' title='bbox 928 3135 1017 3187; x_wconf 84' lang='lat' dir='ltr'><strong>sed</strong></span> <span class='ocrx_word' id='word_1_371' title='bbox 1045 3136 1175 3187; x_wconf 83' lang='lat' dir='ltr'><strong>sicut</strong></span> <span class='ocrx_word' id='word_1_372' title='bbox 1206 3140 1260 3185; x_wconf 85' lang='lat' dir='ltr'><strong>tu</strong></span> <span class='ocrx_word' id='word_1_373' title='bbox 1286 3131 1297 3180; x_wconf 87' lang='lat' dir='ltr'><strong>i</strong></span> <span class='ocrx_word' id='word_1_374' title='bbox 1331 3148 1348 3186; x_wconf 92' lang='lat'><em>:</em></span> <span class='ocrx_word' id='word_1_375' title='bbox 1378 3140 1432 3187; x_wconf 92' lang='lat' dir='ltr'><strong>et</strong></span> <span class='ocrx_word' id='word_1_376' title='bbox 1454 3141 1575 3200; x_wconf 85' lang='lat' dir='ltr'><strong>post</strong></span> <span class='ocrx_word' id='word_1_377' title='bbox 1600 3148 1724 3185; x_wconf 91' lang='lat' dir='ltr'><strong>eum</strong></span> <span class='ocrx_word' id='word_1_378' title='bbox 1754 3133 1972 3187; x_wconf 86' lang='lat' dir='ltr'><strong>divinus</strong></span> <span class='ocrx_word' id='word_1_379' title='bbox 2012 3149 2079 3186; x_wconf 89' lang='lat' dir='ltr'><strong>ac</strong></span> <span class='ocrx_word' id='word_1_380' title='bbox 2107 3134 2211 3186; x_wconf 89' lang='lat' dir='ltr'><strong>mi-</strong></span> 
     </span>
    </p>
   </div>
   <div class='ocr_carea' id='block_1_52' title="bbox 655 3223 2211 3293">
    <p class='ocr_par' dir='ltr' id='par_1_52' title="bbox 655 3223 2211 3293">
     <span class='ocr_line' id='line_1_52' title="bbox 655 3223 2211 3293; baseline -0.002 -16"><span class='ocrx_word' id='word_1_381' title='bbox 655 3224 842 3278; x_wconf 87' lang='lat' dir='ltr'><strong>rabilis</strong></span> <span class='ocrx_word' id='word_1_382' title='bbox 867 3225 1066 3279; x_wconf 88' lang='lat' dir='ltr'><strong>Paulus</strong></span> <span class='ocrx_word' id='word_1_383' title='bbox 1100 3224 1267 3279; x_wconf 88' lang='lat' dir='ltr'><strong>veluti</strong></span> <span class='ocrx_word' id='word_1_384' title='bbox 1305 3238 1363 3279; x_wconf 88' lang='lat' dir='ltr'><strong>se</strong></span> <span class='ocrx_word' id='word_1_385' title='bbox 1400 3224 1574 3293; x_wconf 92' lang='lat' dir='ltr'><strong>ipsum</strong></span> <span class='ocrx_word' id='word_1_386' title='bbox 1606 3238 1813 3292; x_wconf 84' lang='lat' dir='ltr'><strong>negans</strong></span> <span class='ocrx_word' id='word_1_387' title='bbox 1848 3230 1901 3276; x_wconf 91' lang='lat' dir='ltr'><strong>et</strong></span> <span class='ocrx_word' id='word_1_388' title='bbox 1936 3223 2211 3291; x_wconf 89' lang='lat' dir='ltr'><strong>propriam</strong></span> 
     </span>
    </p>
   </div>
   <div class='ocr_carea' id='block_1_53' title="bbox 654 3312 2213 3381">
    <p class='ocr_par' dir='ltr' id='par_1_53' title="bbox 654 3312 2213 3381">
     <span class='ocr_line' id='line_1_53' title="bbox 654 3312 2213 3381; baseline -0.001 -15"><span class='ocrx_word' id='word_1_389' title='bbox 654 3313 853 3367; x_wconf 87' lang='lat' dir='ltr'><strong>habere</strong></span> <span class='ocrx_word' id='word_1_390' title='bbox 900 3315 1010 3381; x_wconf 85' lang='lat' dir='ltr'><strong>jan</strong></span> <span class='ocrx_word' id='word_1_391' title='bbox 1064 3315 1230 3369; x_wconf 87' lang='lat' dir='ltr'><strong>vitam</strong></span> <span class='ocrx_word' id='word_1_392' title='bbox 1274 3312 1712 3368; x_wconf 83' lang='lat' dir='ltr'><strong>nesciens:Vivo</strong></span> <span class='ocrx_word' id='word_1_393' title='bbox 1747 3322 1920 3365; x_wconf 82' lang='lat' dir='ltr'><strong>autem</strong></span> <span class='ocrx_word' id='word_1_394' title='bbox 1936 3313 2057 3381; x_wconf 88' lang='lat' dir='ltr'><strong>jam</strong></span> <span class='ocrx_word' id='word_1_395' title='bbox 2107 3327 2213 3364; x_wconf 83' lang='lat' dir='ltr'><strong>non</strong></span> 
     </span>
    </p>
   </div>
   <div class='ocr_carea' id='block_1_54' title="bbox 641 3392 2214 3470">
    <p class='ocr_par' dir='ltr' id='par_1_54' title="bbox 641 3392 2214 3470">
     <span class='ocr_line' id='line_1_54' title="bbox 641 3392 2214 3470; baseline 0.001 -18"><span class='ocrx_word' id='word_1_396' title='bbox 641 3392 766 3470; x_wconf 62' lang='lat' dir='ltr'><strong>ego,</strong></span> <span class='ocrx_word' id='word_1_397' title='bbox 794 3403 914 3452; x_wconf 78' lang='lat' dir='ltr'><strong>vivit</strong></span> <span class='ocrx_word' id='word_1_398' title='bbox 944 3418 1060 3453; x_wconf 80' lang='lat' dir='ltr'><strong>vero</strong></span> <span class='ocrx_word' id='word_1_399' title='bbox 1091 3403 1145 3453; x_wconf 80' lang='lat' dir='ltr'><strong>in</strong></span> <span class='ocrx_word' id='word_1_400' title='bbox 1179 3418 1258 3453; x_wconf 88' lang='lat' dir='ltr'><strong>me</strong></span> <span class='ocrx_word' id='word_1_401' title='bbox 1291 3400 1522 3454; x_wconf 79' lang='lat' dir='ltr'><strong>Christus</strong></span> <span class='ocrx_word' id='word_1_402' title='bbox 1557 3399 1605 3451; x_wconf 76' lang='grc' dir='ltr'><strong>ιι.</strong></span> <span class='ocrx_word' id='word_1_403' title='bbox 1641 3399 1760 3453; x_wconf 85' lang='lat' dir='ltr'><strong>Non</strong></span> <span class='ocrx_word' id='word_1_404' title='bbox 1797 3397 2090 3452; x_wconf 88' lang='lat' dir='ltr'><strong>conturbet</strong></span> <span class='ocrx_word' id='word_1_405' title='bbox 2115 3412 2214 3453; x_wconf 89' lang='lat' dir='ltr'><strong>vos</strong></span> 
     </span>
    </p>
   </div>
   <div class='ocr_carea' id='block_1_55' title="bbox 655 3489 2214 3559">
    <p class='ocr_par' dir='ltr' id='par_1_55' title="bbox 655 3489 2214 3559">
     <span class='ocr_line' id='line_1_55' title="bbox 655 3489 2214 3559; baseline 0.001 -17"><span class='ocrx_word' id='word_1_406' title='bbox 655 3490 799 3559; x_wconf 85' lang='lat' dir='ltr'><strong>quod</strong></span> <span class='ocrx_word' id='word_1_407' title='bbox 833 3490 1039 3544; x_wconf 92' lang='lat' dir='ltr'><strong>dictum</strong></span> <span class='ocrx_word' id='word_1_408' title='bbox 1069 3497 1153 3542; x_wconf 87' lang='lat' dir='ltr'><strong>est</strong></span> <span class='ocrx_word' id='word_1_409' title='bbox 1187 3507 1200 3539; x_wconf 90' lang='lat'><strong>:</strong></span> <span class='ocrx_word' id='word_1_410' title='bbox 1236 3504 1347 3543; x_wconf 87' lang='lat' dir='ltr'><strong>non</strong></span> <span class='ocrx_word' id='word_1_411' title='bbox 1403 3491 1551 3542; x_wconf 90' lang='lat' dir='ltr'><strong>enim</strong></span> <span class='ocrx_word' id='word_1_412' title='bbox 1601 3489 1928 3542; x_wconf 89' lang='lat' dir='ltr'><strong>ablationem</strong></span> <span class='ocrx_word' id='word_1_413' title='bbox 1980 3489 2214 3558; x_wconf 67' lang='lat' dir='ltr'><strong>proprias</strong></span> 
     </span>
    </p>
   </div>
   <div class='ocr_carea' id='block_1_56' title="bbox 656 3578 2213 3649">
    <p class='ocr_par' dir='ltr' id='par_1_56' title="bbox 656 3578 2213 3649">
     <span class='ocr_line' id='line_1_56' title="bbox 656 3578 2213 3649; baseline 0.001 -16"><span class='ocrx_word' id='word_1_414' title='bbox 656 3580 913 3649; x_wconf 68' lang='lat' dir='ltr'><strong>potentiae</strong></span> <span class='ocrx_word' id='word_1_415' title='bbox 948 3580 1065 3633; x_wconf 83' lang='lat' dir='ltr'><strong>ﬁeri</strong></span> <span class='ocrx_word' id='word_1_416' title='bbox 1101 3579 1246 3641; x_wconf 91' lang='lat' dir='ltr'><strong>dico,</strong></span> <span class='ocrx_word' id='word_1_417' title='bbox 1297 3578 1391 3632; x_wconf 87' lang='lat' dir='ltr'><strong>sed</strong></span> <span class='ocrx_word' id='word_1_418' title='bbox 1438 3578 1766 3646; x_wconf 89' lang='lat' dir='ltr'><strong>positionem</strong></span> <span class='ocrx_word' id='word_1_419' title='bbox 1801 3579 1971 3647; x_wconf 83' lang='lat' dir='ltr'><strong>magis</strong></span> <span class='ocrx_word' id='word_1_420' title='bbox 2014 3594 2213 3635; x_wconf 90' lang='lat' dir='ltr'><strong>secun-</strong></span> 
     </span>
    </p>
   </div>
   <div class='ocr_carea' id='block_1_57' title="bbox 655 3667 2213 3731">
    <p class='ocr_par' dir='ltr' id='par_1_57' title="bbox 655 3667 2213 3731">
     <span class='ocr_line' id='line_1_57' title="bbox 655 3667 2213 3731; baseline 0.003 -9"><span class='ocrx_word' id='word_1_421' title='bbox 655 3669 785 3723; x_wconf 91' lang='lat' dir='ltr'><strong>dum</strong></span> <span class='ocrx_word' id='word_1_422' title='bbox 821 3677 1073 3722; x_wconf 88' lang='lat' dir='ltr'><strong>naturam</strong></span> <span class='ocrx_word' id='word_1_423' title='bbox 1104 3669 1262 3722; x_wconf 85' lang='lat' dir='ltr'><strong>ﬁxam</strong></span> <span class='ocrx_word' id='word_1_424' title='bbox 1292 3677 1348 3722; x_wconf 91' lang='lat' dir='ltr'><strong>et</strong></span> <span class='ocrx_word' id='word_1_425' title='bbox 1380 3667 1797 3731; x_wconf 89' lang='lat' dir='ltr'><strong>immutabilem,</strong></span> <span class='ocrx_word' id='word_1_426' title='bbox 1828 3668 1882 3721; x_wconf 90' lang='lat' dir='ltr'><strong>id</strong></span> <span class='ocrx_word' id='word_1_427' title='bbox 1910 3678 1992 3723; x_wconf 90' lang='lat' dir='ltr'><strong>est</strong></span> <span class='ocrx_word' id='word_1_428' title='bbox 2023 3685 2213 3726; x_wconf 82' lang='lat' dir='ltr'><strong>exces-</strong></span> 
     </span>
    </p>
   </div>
   <div class='ocr_carea' id='block_1_58' title="bbox 656 3757 2215 3825">
    <p class='ocr_par' dir='ltr' id='par_1_58' title="bbox 656 3757 2215 3825">
     <span class='ocr_line' id='line_1_58' title="bbox 656 3757 2215 3825; baseline 0.003 -15"><span class='ocrx_word' id='word_1_429' title='bbox 656 3774 775 3811; x_wconf 88' lang='lat' dir='ltr'><strong>sum</strong></span> <span class='ocrx_word' id='word_1_430' title='bbox 808 3760 1251 3823; x_wconf 87' lang='lat' dir='ltr'><strong>intellectualem,</strong></span> <span class='ocrx_word' id='word_1_431' title='bbox 1275 3768 1335 3811; x_wconf 87' lang='lat' dir='ltr'><strong>ut</strong></span> <span class='ocrx_word' id='word_1_432' title='bbox 1361 3758 1505 3812; x_wconf 90' lang='lat' dir='ltr'><strong>unde</strong></span> <span class='ocrx_word' id='word_1_433' title='bbox 1530 3758 1688 3812; x_wconf 88' lang='lat' dir='ltr'><strong>nobis</strong></span> <span class='ocrx_word' id='word_1_434' title='bbox 1717 3757 1964 3811; x_wconf 87' lang='lat' dir='ltr'><strong>subsistit</strong></span> <span class='ocrx_word' id='word_1_435' title='bbox 1988 3774 2130 3825; x_wconf 90' lang='lat' dir='ltr'><strong>esse,</strong></span> <span class='ocrx_word' id='word_1_436' title='bbox 2159 3771 2215 3814; x_wconf 90' lang='lat' dir='ltr'><strong>et</strong></span> 
     </span>
    </p>
   </div>
   <div class='ocr_carea' id='block_1_59' title="bbox 656 3850 2213 3919">
    <p class='ocr_par' dir='ltr' id='par_1_59' title="bbox 656 3850 2213 3919">
     <span class='ocr_line' id='line_1_59' title="bbox 656 3850 2213 3919; baseline 0.002 -17"><span class='ocrx_word' id='word_1_437' title='bbox 656 3850 863 3904; x_wconf 85' lang='lat' dir='ltr'><strong>moveri</strong></span> <span class='ocrx_word' id='word_1_438' title='bbox 916 3851 1163 3919; x_wconf 89' lang='lat' dir='ltr'><strong>accipere</strong></span> <span class='ocrx_word' id='word_1_439' title='bbox 1210 3851 1607 3915; x_wconf 88' lang='lat' dir='ltr'><strong>desideremus,</strong></span> <span class='ocrx_word' id='word_1_440' title='bbox 1651 3850 1799 3903; x_wconf 87' lang='lat' dir='ltr'><strong>velut</strong></span> <span class='ocrx_word' id='word_1_441' title='bbox 1843 3850 2076 3919; x_wconf 78' lang='lat' dir='ltr'><strong>imagine</strong></span> <span class='ocrx_word' id='word_1_442' title='bbox 2122 3866 2213 3905; x_wconf 86' lang='lat' dir='ltr'><strong>re-</strong></span> 
     </span>
    </p>
   </div>
   <div class='ocr_carea' id='block_1_60' title="bbox 658 3924 2215 4009">
    <p class='ocr_par' dir='ltr' id='par_1_60' title="bbox 658 3924 2215 4009">
     <span class='ocr_line' id='line_1_60' title="bbox 658 3924 2215 4009; baseline 0.001 -18"><span class='ocrx_word' id='word_1_443' title='bbox 658 3938 861 3992; x_wconf 88' lang='lat' dir='ltr'><strong>deunte</strong></span> <span class='ocrx_word' id='word_1_444' title='bbox 886 3939 951 3991; x_wconf 88' lang='lat' dir='ltr'><strong>ad</strong></span> <span class='ocrx_word' id='word_1_445' title='bbox 984 3940 1283 4007; x_wconf 85' lang='lat' dir='ltr'><strong>principale</strong></span> <span class='ocrx_word' id='word_1_446' title='bbox 1316 3941 1624 4009; x_wconf 84' lang='lat' dir='ltr'><strong>exemplum</strong></span> <span class='ocrx_word' id='word_1_447' title='bbox 1651 3948 1707 4007; x_wconf 87' lang='lat' dir='ltr'><strong>et</strong></span> <span class='ocrx_word' id='word_1_448' title='bbox 1740 3924 1882 4009; x_wconf 83' lang='lat' dir='ltr'><strong>signi</strong></span> <span class='ocrx_word' id='word_1_449' title='bbox 1921 3940 2092 3994; x_wconf 89' lang='lat' dir='ltr'><strong>instar</strong></span> <span class='ocrx_word' id='word_1_450' title='bbox 2118 3955 2215 4009; x_wconf 88' lang='lat' dir='ltr'><strong>per</strong></span> 
     </span>
    </p>
   </div>
   <div class='ocr_carea' id='block_1_61' title="bbox 658 4029 2213 4100">
    <p class='ocr_par' dir='ltr' id='par_1_61' title="bbox 658 4029 2213 4100">
     <span class='ocr_line' id='line_1_61' title="bbox 658 4029 2213 4100; baseline 0.001 -17"><span class='ocrx_word' id='word_1_451' title='bbox 658 4029 885 4099; x_wconf 81' lang='lat' dir='ltr'><strong>ﬁguram</strong></span> <span class='ocrx_word' id='word_1_452' title='bbox 924 4029 1061 4083; x_wconf 71' lang='lat' dir='ltr'><strong>bene</strong></span> <span class='ocrx_word' id='word_1_453' title='bbox 1096 4032 1361 4097; x_wconf 85' lang='lat' dir='ltr'><strong>compacti</strong></span> <span class='ocrx_word' id='word_1_454' title='bbox 1398 4031 1682 4100; x_wconf 88' lang='lat' dir='ltr'><strong>principali</strong></span> <span class='ocrx_word' id='word_1_455' title='bbox 1720 4030 1928 4095; x_wconf 62' lang='lat' dir='ltr'><strong>forma),</strong></span> <span class='ocrx_word' id='word_1_456' title='bbox 1960 4040 2016 4084; x_wconf 90' lang='lat' dir='ltr'><strong>et</strong></span> <span class='ocrx_word' id='word_1_457' title='bbox 2048 4032 2213 4084; x_wconf 87' lang='lat' dir='ltr'><strong>alior-</strong></span> 
     </span>
    </p>
   </div>
   <div class='ocr_carea' id='block_1_62' title="bbox 660 4118 2212 4188">
    <p class='ocr_par' dir='ltr' id='par_1_62' title="bbox 660 4118 2212 4188">
     <span class='ocr_line' id='line_1_62' title="bbox 660 4118 2212 4188; baseline -0.001 -15"><span class='ocrx_word' id='word_1_458' title='bbox 660 4133 783 4173; x_wconf 87' lang='lat' dir='ltr'><strong>sum</strong></span> <span class='ocrx_word' id='word_1_459' title='bbox 816 4118 945 4171; x_wconf 83' lang='lat' dir='ltr'><strong>l‘crri</strong></span> <span class='ocrx_word' id='word_1_460' title='bbox 979 4133 1155 4186; x_wconf 85' lang='lat' dir='ltr'><strong>neque</strong></span> <span class='ocrx_word' id='word_1_461' title='bbox 1180 4119 1415 4172; x_wconf 85' lang='lat' dir='ltr'><strong>habente</strong></span> <span class='ocrx_word' id='word_1_462' title='bbox 1438 4119 1504 4171; x_wconf 90' lang='lat' dir='ltr'><strong>de</strong></span> <span class='ocrx_word' id='word_1_463' title='bbox 1532 4128 1728 4174; x_wconf 70' lang='lat' dir='ltr'><strong>caetero</strong></span> <span class='ocrx_word' id='word_1_464' title='bbox 1751 4136 1929 4188; x_wconf 87' lang='lat' dir='ltr'><strong>neque</strong></span> <span class='ocrx_word' id='word_1_465' title='bbox 1958 4121 2171 4173; x_wconf 87' lang='lat' dir='ltr'><strong>valente</strong></span> <span class='ocrx_word' id='word_1_466' title='bbox 2200 4138 2212 4171; x_wconf 91' lang='lat'><strong>:</strong></span> 
     </span>
    </p>
   </div>
   <div class='ocr_carea' id='block_1_63' title="bbox 659 4208 2215 4277">
    <p class='ocr_par' dir='ltr' id='par_1_63' title="bbox 659 4208 2215 4277">
     <span class='ocr_line' id='line_1_63' title="bbox 659 4208 2215 4277; baseline -0.001 -14"><span class='ocrx_word' id='word_1_467' title='bbox 659 4225 728 4263; x_wconf 88' lang='lat' dir='ltr'><strong>an</strong></span> <span class='ocrx_word' id='word_1_468' title='bbox 761 4208 1003 4277; x_wconf 85' lang='lat' dir='ltr'><strong>apertius</strong></span> <span class='ocrx_word' id='word_1_469' title='bbox 1038 4208 1331 4263; x_wconf 91' lang='lat' dir='ltr'><strong>dicendum</strong></span> <span class='ocrx_word' id='word_1_470' title='bbox 1379 4218 1434 4263; x_wconf 91' lang='lat' dir='ltr'><strong>et</strong></span> <span class='ocrx_word' id='word_1_471' title='bbox 1468 4210 1669 4272; x_wconf 88' lang='lat' dir='ltr'><strong>verius,</strong></span> <span class='ocrx_word' id='word_1_472' title='bbox 1718 4225 1896 4277; x_wconf 89' lang='lat' dir='ltr'><strong>neque</strong></span> <span class='ocrx_word' id='word_1_473' title='bbox 1929 4224 2087 4277; x_wconf 89' lang='lat' dir='ltr'><strong>posse</strong></span> <span class='ocrx_word' id='word_1_474' title='bbox 2119 4224 2215 4261; x_wconf 87' lang='lat' dir='ltr'><strong>vo-</strong></span> 
     </span>
    </p>
   </div>
   <div class='ocr_carea' id='block_1_64' title="bbox 661 4298 2217 4369">
    <p class='ocr_par' dir='ltr' id='par_1_64' title="bbox 661 4298 2217 4369">
     <span class='ocr_line' id='line_1_64' title="bbox 661 4298 2217 4369; baseline -0.001 -18"><span class='ocrx_word' id='word_1_475' title='bbox 661 4301 825 4363; x_wconf 85' lang='lat' dir='ltr'><strong>lente,</strong></span> <span class='ocrx_word' id='word_1_476' title='bbox 861 4300 1056 4352; x_wconf 82' lang='lat' dir='ltr'><strong>ntcrito</strong></span> <span class='ocrx_word' id='word_1_477' title='bbox 1090 4299 1272 4354; x_wconf 89' lang='lat' dir='ltr'><strong>divina</strong></span> <span class='ocrx_word' id='word_1_478' title='bbox 1306 4306 1529 4369; x_wconf 86' lang='lat' dir='ltr'><strong>accepta</strong></span> <span class='ocrx_word' id='word_1_479' title='bbox 1557 4298 1897 4367; x_wconf 87' lang='lat' dir='ltr'><strong>operatione,</strong></span> <span class='ocrx_word' id='word_1_480' title='bbox 1933 4298 2099 4365; x_wconf 81' lang='lat' dir='ltr'><strong>magis</strong></span> <span class='ocrx_word' id='word_1_481' title='bbox 2125 4313 2217 4351; x_wconf 90' lang='lat' dir='ltr'><strong>au-</strong></span> 
     </span>
    </p>
   </div>
   <div class='ocr_carea' id='block_1_65' title="bbox 2309 1874 3843 1947">
    <p class='ocr_par' dir='ltr' id='par_1_65' title="bbox 2309 1874 3843 1947">
     <span class='ocr_line' id='line_1_65' title="bbox 2309 1874 3843 1947; baseline 0.003 -22"><span class='ocrx_word' id='word_1_482' title='bbox 2309 1874 2406 1943; x_wconf 78' lang='grc' dir='ltr'>ρᾶς</span> <span class='ocrx_word' id='word_1_483' title='bbox 2438 1874 2659 1943; x_wconf 86' lang='grc' dir='ltr'>κράτος,</span> <span class='ocrx_word' id='word_1_484' title='bbox 2693 1874 2951 1937; x_wconf 83' lang='grc' dir='ltr'>ἑκουσίως</span> <span class='ocrx_word' id='word_1_485' title='bbox 2986 1874 3106 1927; x_wconf 84' lang='grc' dir='ltr'>καθ’</span> <span class='ocrx_word' id='word_1_486' title='bbox 3136 1875 3258 1928; x_wconf 84' lang='grc' dir='ltr'>ὅλου</span> <span class='ocrx_word' id='word_1_487' title='bbox 3302 1876 3709 1947; x_wconf 87' lang='grc' dir='ltr'>ἐκχωρηθέντος</span> <span class='ocrx_word' id='word_1_488' title='bbox 3744 1876 3843 1943; x_wconf 79' lang='grc' dir='ltr'>Θεῷ</span> 
     </span>
    </p>
   </div>
   <div class='ocr_carea' id='block_1_66' title="bbox 2306 1963 3842 2035">
    <p class='ocr_par' dir='ltr' id='par_1_66' title="bbox 2306 1963 3842 2035">
     <span class='ocr_line' id='line_1_66' title="bbox 2306 1963 3842 2035; baseline -0.003 -17"><span class='ocrx_word' id='word_1_489' title='bbox 2306 1964 2401 2018; x_wconf 74' lang='grc' dir='ltr'>καὶ</span> <span class='ocrx_word' id='word_1_490' title='bbox 2432 1963 2608 2026; x_wconf 84' lang='grc' dir='ltr'>καλῶς</span> <span class='ocrx_word' id='word_1_491' title='bbox 2634 1963 3008 2033; x_wconf 87' lang='grc' dir='ltr'>βασιλεύοντος</span> <span class='ocrx_word' id='word_1_492' title='bbox 3039 1965 3102 2017; x_wconf 81' lang='grc' dir='ltr'>τὸ</span> <span class='ocrx_word' id='word_1_493' title='bbox 3141 1963 3538 2033; x_wconf 87' lang='grc' dir='ltr'>βασιλεύεσθαι,</span> <span class='ocrx_word' id='word_1_494' title='bbox 3572 1964 3653 2035; x_wconf 82' lang='grc' dir='ltr'><strong>τῷ</strong></span> <span class='ocrx_word' id='word_1_495' title='bbox 3680 1967 3842 2030; x_wconf 82' lang='grc' dir='ltr'>ἀργεῖν</span> 
     </span>
    </p>
   </div>
   <div class='ocr_carea' id='block_1_67' title="bbox 2305 2054 3842 2126">
    <p class='ocr_par' dir='ltr' id='par_1_67' title="bbox 2305 2054 3842 2126">
     <span class='ocr_line' id='line_1_67' title="bbox 2305 2054 3842 2126; baseline -0.001 -19"><span class='ocrx_word' id='word_1_496' title='bbox 2305 2054 2400 2108; x_wconf 89' lang='grc' dir='ltr'><strong>τοῦ</strong></span> <span class='ocrx_word' id='word_1_497' title='bbox 2429 2072 2482 2107; x_wconf 87' lang='grc' dir='ltr'><strong>τι</strong></span> <span class='ocrx_word' id='word_1_498' title='bbox 2537 2054 2738 2108; x_wconf 77' lang='grc' dir='ltr'>ἐθέλειν</span> <span class='ocrx_word' id='word_1_499' title='bbox 2786 2056 2916 2126; x_wconf 86' lang='grc' dir='ltr'>παρ’</span> <span class='ocrx_word' id='word_1_500' title='bbox 2966 2056 2994 2108; x_wconf 85' lang='grc' dir='ltr'><strong>ὅ</strong></span> <span class='ocrx_word' id='word_1_501' title='bbox 3051 2056 3192 2110; x_wconf 86' lang='grc' dir='ltr'>θέλει</span> <span class='ocrx_word' id='word_1_502' title='bbox 3250 2056 3419 2119; x_wconf 85' lang='grc' dir='ltr'>Θεός·</span> <span class='ocrx_word' id='word_1_503' title='bbox 3468 2055 3660 2123; x_wconf 78' lang='grc' dir='ltr'>ὥσπερ</span> <span class='ocrx_word' id='word_1_504' title='bbox 3704 2054 3842 2123; x_wconf 78' lang='grc' dir='ltr'>φησὶν</span> 
     </span>
    </p>
   </div>
   <div class='ocr_carea' id='block_1_68' title="bbox 2282 2144 3841 2215">
    <p class='ocr_par' dir='ltr' id='par_1_68' title="bbox 2282 2144 3841 2215">
     <span class='ocr_line' id='line_1_68' title="bbox 2282 2144 3841 2215; baseline -0.003 -17"><span class='ocrx_word' id='word_1_505' title='bbox 2282 2145 2465 2207; x_wconf 78' lang='grc' dir='ltr'>ἀὐτὸς</span> <span class='ocrx_word' id='word_1_506' title='bbox 2491 2147 2547 2197; x_wconf 91' lang='grc' dir='ltr'><strong>ἐν</strong></span> <span class='ocrx_word' id='word_1_507' title='bbox 2584 2145 2761 2214; x_wconf 88' lang='grc' dir='ltr'>ἐαυτῷ</span> <span class='ocrx_word' id='word_1_508' title='bbox 2788 2144 2975 2200; x_wconf 87' lang='grc' dir='ltr'>τυπῶν</span> <span class='ocrx_word' id='word_1_509' title='bbox 2999 2145 3063 2199; x_wconf 81' lang='grc' dir='ltr'>τὸ</span> <span class='ocrx_word' id='word_1_510' title='bbox 3107 2146 3378 2215; x_wconf 76' lang='grc' dir='ltr'>ἡμέτερον</span> <span class='ocrx_word' id='word_1_511' title='bbox 3418 2147 3448 2198; x_wconf 81' lang='grc' dir='ltr'><strong>ό</strong></span> <span class='ocrx_word' id='word_1_512' title='bbox 3498 2145 3690 2214; x_wconf 83' lang='grc' dir='ltr'>Σωτὴρ</span> <span class='ocrx_word' id='word_1_513' title='bbox 3730 2144 3841 2214; x_wconf 71' lang='grc' dir='ltr'>πρὸς</span> 
     </span>
    </p>
   </div>
   <div class='ocr_carea' id='block_1_69' title="bbox 2306 2233 3836 2303">
    <p class='ocr_par' dir='ltr' id='par_1_69' title="bbox 2306 2233 3836 2303">
     <span class='ocr_line' id='line_1_69' title="bbox 2306 2233 3836 2303; baseline -0.002 -17"><span class='ocrx_word' id='word_1_514' title='bbox 2306 2234 2398 2287; x_wconf 79' lang='grc' dir='ltr'>τὸν</span> <span class='ocrx_word' id='word_1_515' title='bbox 2424 2234 2640 2302; x_wconf 80' lang='grc' dir='ltr'>Πατέρα</span> <span class='ocrx_word' id='word_1_516' title='bbox 2657 2251 2671 2265; x_wconf 89' lang='grc'><strong>·</strong></span> <span class='ocrx_word' id='word_1_517' title='bbox 2698 2235 2871 2300; x_wconf 80' lang='grc' dir='ltr'><strong>Πλὴν</strong></span> <span class='ocrx_word' id='word_1_518' title='bbox 2897 2238 3009 2303; x_wconf 86' lang='grc' dir='ltr'>οὐχ</span> <span class='ocrx_word' id='word_1_519' title='bbox 3035 2236 3115 2299; x_wconf 80' lang='grc' dir='ltr'>ὠς</span> <span class='ocrx_word' id='word_1_520' title='bbox 3138 2235 3250 2303; x_wconf 77' lang='grc' dir='ltr'>ἐγὼ</span> <span class='ocrx_word' id='word_1_521' title='bbox 3269 2235 3441 2298; x_wconf 68' lang='grc' dir='ltr'>θέλω,</span> <span class='ocrx_word' id='word_1_522' title='bbox 3467 2234 3603 2288; x_wconf 73' lang='grc' dir='ltr'><strong>ἀλλ’</strong></span> <span class='ocrx_word' id='word_1_523' title='bbox 3634 2236 3713 2298; x_wconf 85' lang='grc' dir='ltr'>ὡς</span> <span class='ocrx_word' id='word_1_524' title='bbox 3756 2233 3836 2285; x_wconf 82' lang='grc' dir='ltr'><strong>σύ.</strong></span> 
     </span>
    </p>
   </div>
   <div class='ocr_carea' id='block_1_70' title="bbox 2307 2321 3841 2392">
    <p class='ocr_par' dir='ltr' id='par_1_70' title="bbox 2307 2321 3841 2392">
     <span class='ocr_line' id='line_1_70' title="bbox 2307 2321 3841 2392; baseline -0.003 -17"><span class='ocrx_word' id='word_1_525' title='bbox 2307 2322 2418 2375; x_wconf 72' lang='grc' dir='ltr'><strong>Καὶ</strong></span> <span class='ocrx_word' id='word_1_526' title='bbox 2464 2322 2578 2390; x_wconf 87' lang='grc' dir='ltr'>μετ’</span> <span class='ocrx_word' id='word_1_527' title='bbox 2612 2322 2771 2374; x_wconf 79' lang='grc' dir='ltr'>αὑτὸν</span> <span class='ocrx_word' id='word_1_528' title='bbox 2792 2325 2830 2374; x_wconf 89' lang='grc' dir='ltr'>·ό</span> <span class='ocrx_word' id='word_1_529' title='bbox 2861 2322 3145 2385; x_wconf 86' lang='grc' dir='ltr'>θεσπέσιος</span> <span class='ocrx_word' id='word_1_530' title='bbox 3184 2322 3416 2385; x_wconf 81' lang='grc' dir='ltr'>Παῦλος,</span> <span class='ocrx_word' id='word_1_531' title='bbox 3452 2321 3642 2392; x_wconf 83' lang='grc' dir='ltr'>ὥσπερ</span> <span class='ocrx_word' id='word_1_532' title='bbox 3679 2321 3841 2375; x_wconf 76' lang='grc' dir='ltr'>ἑαυτὸν</span> 
     </span>
    </p>
   </div>
   <div class='ocr_carea' id='block_1_71' title="bbox 2307 2408 3838 2481">
    <p class='ocr_par' dir='ltr' id='par_1_71' title="bbox 2307 2408 3838 2481">
     <span class='ocr_line' id='line_1_71' title="bbox 2307 2408 3838 2481; baseline -0.018 -17"><span class='ocrx_word' id='word_1_533' title='bbox 2307 2410 2682 2481; x_wconf 79' lang='grc' dir='ltr'>ἀρνησάμενος</span> <span class='ocrx_word' id='word_1_534' title='bbox 2714 2411 2808 2463; x_wconf 76' lang='grc' dir='ltr'>καὶ</span> <span class='ocrx_word' id='word_1_535' title='bbox 2856 2411 2993 2462; x_wconf 82' lang='grc' dir='ltr'>ἰδίαν</span> <span class='ocrx_word' id='word_1_536' title='bbox 3043 2410 3185 2479; x_wconf 74' lang='grc' dir='ltr'>ἔχειν</span> <span class='ocrx_word' id='word_1_537' title='bbox 3226 2410 3307 2462; x_wconf 80' lang='grc' dir='ltr'>ἔτι</span> <span class='ocrx_word' id='word_1_538' title='bbox 3364 2410 3507 2481; x_wconf 74' lang='grc' dir='ltr'><strong>ζωὴν</strong></span> <span class='ocrx_word' id='word_1_539' title='bbox 3559 2410 3637 2479; x_wconf 70' lang='grc' dir='ltr'>μὴ</span> <span class='ocrx_word' id='word_1_540' title='bbox 3680 2408 3838 2470; x_wconf 63' lang='grc' dir='ltr'>εἰδώς.</span> 
     </span>
    </p>
   </div>
   <div class='ocr_carea' id='block_1_72' title="bbox 2308 2499 3838 2572">
    <p class='ocr_par' dir='ltr' id='par_1_72' title="bbox 2308 2499 3838 2572">
     <span class='ocr_line' id='line_1_72' title="bbox 2308 2499 3838 2572; baseline -0.004 -16"><span class='ocrx_word' id='word_1_541' title='bbox 2308 2502 2532 2571; x_wconf 61' lang='grc' dir='ltr'><strong>Ζῶκγὰρ</strong></span> <span class='ocrx_word' id='word_1_542' title='bbox 2560 2503 2669 2569; x_wconf 74' lang='grc' dir='ltr'>οὐκ</span> <span class='ocrx_word' id='word_1_543' title='bbox 2698 2502 2784 2554; x_wconf 81' lang='grc' dir='ltr'>ἔτι</span> <span class='ocrx_word' id='word_1_544' title='bbox 2815 2502 2943 2569; x_wconf 71' lang='grc' dir='ltr'>ἐγώ·</span> <span class='ocrx_word' id='word_1_545' title='bbox 2979 2501 3047 2569; x_wconf 77' lang='grc' dir='ltr'><strong>ζῇ</strong></span> <span class='ocrx_word' id='word_1_546' title='bbox 3077 2500 3185 2569; x_wconf 82' lang='grc' dir='ltr'>γὰρ</span> <span class='ocrx_word' id='word_1_547' title='bbox 3214 2502 3284 2556; x_wconf 75' lang='grc' dir='ltr'>ἐν</span> <span class='ocrx_word' id='word_1_548' title='bbox 3310 2501 3441 2572; x_wconf 79' lang='grc' dir='ltr'>ἐμοὶ</span> <span class='ocrx_word' id='word_1_549' title='bbox 3476 2502 3741 2570; x_wconf 80' lang='grc' dir='ltr'>Χριστός.</span> <span class='ocrx_word' id='word_1_550' title='bbox 3766 2499 3838 2565; x_wconf 67' lang='grc' dir='ltr'><strong>Μὴ</strong></span> 
     </span>
    </p>
   </div>
   <div class='ocr_carea' id='block_1_73' title="bbox 2308 2586 3838 2662">
    <p class='ocr_par' dir='ltr' id='par_1_73' title="bbox 2308 2586 3838 2662">
     <span class='ocr_line' id='line_1_73' title="bbox 2308 2586 3838 2662; baseline -0.006 -15"><span class='ocrx_word' id='word_1_551' title='bbox 2308 2594 2614 2662; x_wconf 80' lang='grc' dir='ltr'>ταραττέτω</span> <span class='ocrx_word' id='word_1_552' title='bbox 2646 2592 2692 2624; x_wconf 82' lang='grc'><strong>⁸⁸</strong></span> <span class='ocrx_word' id='word_1_553' title='bbox 2718 2593 2773 2645; x_wconf 72' lang='grc' dir='ltr'>δὲ</span> <span class='ocrx_word' id='word_1_554' title='bbox 2803 2593 2944 2661; x_wconf 79' lang='grc' dir='ltr'>ὑμᾶς</span> <span class='ocrx_word' id='word_1_555' title='bbox 2973 2592 3034 2644; x_wconf 77' lang='grc' dir='ltr'>τὸ</span> <span class='ocrx_word' id='word_1_556' title='bbox 3059 2592 3369 2661; x_wconf 84' lang='grc' dir='ltr'>λεγόμενον.</span> <span class='ocrx_word' id='word_1_557' title='bbox 3424 2592 3498 2644; x_wconf 84' lang='grc' dir='ltr'><strong>Οὐ</strong></span> <span class='ocrx_word' id='word_1_558' title='bbox 3554 2591 3661 2661; x_wconf 73' lang='grc' dir='ltr'>γὰρ</span> <span class='ocrx_word' id='word_1_559' title='bbox 3712 2586 3838 2642; x_wconf 69' lang='lat' dir='ltr'><strong>avai-</strong></span> 
     </span>
    </p>
   </div>
   <div class='ocr_carea' id='block_1_74' title="bbox 2313 2680 3838 2754">
    <p class='ocr_par' dir='ltr' id='par_1_74' title="bbox 2313 2680 3838 2754">
     <span class='ocr_line' id='line_1_74' title="bbox 2313 2680 3838 2754; baseline -0.005 -17"><span class='ocrx_word' id='word_1_560' title='bbox 2313 2702 2457 2754; x_wconf 88' lang='grc' dir='ltr'>ρεσιν</span> <span class='ocrx_word' id='word_1_561' title='bbox 2481 2684 2572 2736; x_wconf 82' lang='grc' dir='ltr'><strong>τοῦ</strong></span> <span class='ocrx_word' id='word_1_562' title='bbox 2627 2682 2968 2746; x_wconf 81' lang='grc' dir='ltr'>αὑτεξουσίου</span> <span class='ocrx_word' id='word_1_563' title='bbox 3016 2683 3259 2750; x_wconf 85' lang='grc' dir='ltr'>γίνεσθαί</span> <span class='ocrx_word' id='word_1_564' title='bbox 3313 2700 3477 2752; x_wconf 86' lang='grc' dir='ltr'>φημι,</span> <span class='ocrx_word' id='word_1_565' title='bbox 3534 2682 3671 2735; x_wconf 75' lang='grc' dir='ltr'>ἀλλὰ</span> <span class='ocrx_word' id='word_1_566' title='bbox 3718 2680 3838 2733; x_wconf 80' lang='grc' dir='ltr'>θέσιν</span> 
     </span>
    </p>
   </div>
   <div class='ocr_carea' id='block_1_75' title="bbox 2313 2768 3838 2844">
    <p class='ocr_par' dir='ltr' id='par_1_75' title="bbox 2313 2768 3838 2844">
     <span class='ocr_line' id='line_1_75' title="bbox 2313 2768 3838 2844; baseline -0.006 -17"><span class='ocrx_word' id='word_1_567' title='bbox 2313 2774 2505 2843; x_wconf 64' lang='grc' dir='ltr'>μᾶλλον</span> <span class='ocrx_word' id='word_1_568' title='bbox 2538 2774 2636 2844; x_wconf 77' lang='grc' dir='ltr'>τὴν</span> <span class='ocrx_word' id='word_1_569' title='bbox 2678 2775 2816 2825; x_wconf 85' lang='grc' dir='ltr'>κατὰ</span> <span class='ocrx_word' id='word_1_570' title='bbox 2869 2771 3030 2839; x_wconf 81' lang='grc' dir='ltr'>φύσιν</span> <span class='ocrx_word' id='word_1_571' title='bbox 3092 2773 3294 2840; x_wconf 83' lang='grc' dir='ltr'>παγίαν</span> <span class='ocrx_word' id='word_1_572' title='bbox 3340 2791 3399 2825; x_wconf 86' lang='grc' dir='ltr'><strong>τε</strong></span> <span class='ocrx_word' id='word_1_573' title='bbox 3453 2772 3638 2842; x_wconf 71' lang='grc'><strong>(122</strong></span> <span class='ocrx_word' id='word_1_574' title='bbox 3673 2772 3723 2841; x_wconf 85' lang='grc' dir='ltr'>α)</span> <span class='ocrx_word' id='word_1_575' title='bbox 3763 2768 3838 2821; x_wconf 74' lang='grc' dir='ltr'><strong>καὶ</strong></span> 
     </span>
    </p>
   </div>
   <div class='ocr_carea' id='block_1_76' title="bbox 2308 2857 3837 2931">
    <p class='ocr_par' dir='ltr' id='par_1_76' title="bbox 2308 2857 3837 2931">
     <span class='ocr_line' id='line_1_76' title="bbox 2308 2857 3837 2931; baseline -0.006 -16"><span class='ocrx_word' id='word_1_576' title='bbox 2308 2860 2657 2931; x_wconf 81' lang='grc' dir='ltr'>ἀμετάθετον,</span> <span class='ocrx_word' id='word_1_577' title='bbox 2689 2860 2855 2929; x_wconf 65' lang='grc' dir='ltr'>ἤγουν</span> <span class='ocrx_word' id='word_1_578' title='bbox 2914 2858 3219 2930; x_wconf 79' lang='grc' dir='ltr'>ἐκχώρησιν</span> <span class='ocrx_word' id='word_1_579' title='bbox 3268 2862 3570 2931; x_wconf 77' lang='grc' dir='ltr'>γνωμικὴν,</span> <span class='ocrx_word' id='word_1_580' title='bbox 3632 2862 3694 2912; x_wconf 84' lang='grc' dir='ltr'><strong>ἶν’</strong></span> <span class='ocrx_word' id='word_1_581' title='bbox 3739 2857 3837 2909; x_wconf 72' lang='grc' dir='ltr'>ὅθεν</span> 
     </span>
    </p>
   </div>
   <div class='ocr_carea' id='block_1_77' title="bbox 2309 2944 3837 3023">
    <p class='ocr_par' dir='ltr' id='par_1_77' title="bbox 2309 2944 3837 3023">
     <span class='ocr_line' id='line_1_77' title="bbox 2309 2944 3837 3023; baseline -0.009 -18"><span class='ocrx_word' id='word_1_582' title='bbox 2309 2951 2441 3023; x_wconf 68' lang='grc' dir='ltr'>ἡμῖν</span> <span class='ocrx_word' id='word_1_583' title='bbox 2474 2951 2708 3020; x_wconf 82' lang='grc' dir='ltr'>ὑπάρχει</span> <span class='ocrx_word' id='word_1_584' title='bbox 2734 2949 2779 2982; x_wconf 79' lang='grc'><strong>⁸⁸</strong></span> <span class='ocrx_word' id='word_1_585' title='bbox 2832 2948 2893 3002; x_wconf 80' lang='grc' dir='ltr'><strong>τὺ</strong></span> <span class='ocrx_word' id='word_1_586' title='bbox 2932 2944 3069 3001; x_wconf 75' lang='grc' dir='ltr'>εἶναι</span> <span class='ocrx_word' id='word_1_587' title='bbox 3128 2951 3221 3001; x_wconf 76' lang='grc' dir='ltr'>καὶ</span> <span class='ocrx_word' id='word_1_588' title='bbox 3264 2949 3324 3001; x_wconf 81' lang='grc' dir='ltr'><strong>τὺ</strong></span> <span class='ocrx_word' id='word_1_589' title='bbox 3376 2947 3643 3001; x_wconf 86' lang='grc' dir='ltr'>κινεῖσθαι</span> <span class='ocrx_word' id='word_1_590' title='bbox 3682 2945 3837 2998; x_wconf 74' lang='grc' dir='ltr'>λαϐεῖν</span> 
     </span>
    </p>
   </div>
   <div class='ocr_carea' id='block_1_78' title="bbox 2311 3034 3838 3111">
    <p class='ocr_par' dir='ltr' id='par_1_78' title="bbox 2311 3034 3838 3111">
     <span class='ocr_line' id='line_1_78' title="bbox 2311 3034 3838 3111; baseline -0.007 -16"><span class='ocrx_word' id='word_1_591' title='bbox 2311 3040 2657 3111; x_wconf 67' lang='grc' dir='ltr'>ποθήσωμιν,</span> <span class='ocrx_word' id='word_1_592' title='bbox 2709 3040 2784 3103; x_wconf 86' lang='grc' dir='ltr'><strong>ὡς</strong></span> <span class='ocrx_word' id='word_1_593' title='bbox 2831 3041 2934 3109; x_wconf 80' lang='grc' dir='ltr'>τῆς</span> <span class='ocrx_word' id='word_1_594' title='bbox 2990 3040 3198 3102; x_wconf 84' lang='grc' dir='ltr'>είκόνος</span> <span class='ocrx_word' id='word_1_595' title='bbox 3249 3038 3577 3105; x_wconf 84' lang='grc' dir='ltr'>ἀνελθούσης</span> <span class='ocrx_word' id='word_1_596' title='bbox 3624 3037 3747 3106; x_wconf 74' lang='grc' dir='ltr'>πρὸς</span> <span class='ocrx_word' id='word_1_597' title='bbox 3790 3034 3838 3084; x_wconf 74' lang='grc' dir='ltr'><strong>τὸ</strong></span> 
     </span>
    </p>
   </div>
   <div class='ocr_carea' id='block_1_79' title="bbox 2310 3114 3838 3199">
    <p class='ocr_par' dir='ltr' id='par_1_79' title="bbox 2310 3114 3838 3199">
     <span class='ocr_line' id='line_1_79' title="bbox 2310 3114 3838 3199; baseline -0.004 -17"><span class='ocrx_word' id='word_1_598' title='bbox 2310 3130 2638 3199; x_wconf 80' lang='grc' dir='ltr'>ἀρχέτυπον,</span> <span class='ocrx_word' id='word_1_599' title='bbox 2672 3114 2766 3182; x_wconf 65' lang='lat' dir='ltr'><strong>x&#39;a‘t</strong></span> <span class='ocrx_word' id='word_1_600' title='bbox 2806 3128 3097 3196; x_wconf 81' lang='grc' dir='ltr'>σφραγίδος</span> <span class='ocrx_word' id='word_1_601' title='bbox 3122 3128 3277 3196; x_wconf 86' lang='grc' dir='ltr'>δίκην</span> <span class='ocrx_word' id='word_1_602' title='bbox 3305 3125 3655 3196; x_wconf 83' lang='grc' dir='ltr'>ἐκτυπώματι</span> <span class='ocrx_word' id='word_1_603' title='bbox 3685 3123 3838 3185; x_wconf 82' lang='grc' dir='ltr'>καλῶς</span> 
     </span>
    </p>
   </div>
   <div class='ocr_carea' id='block_1_80' title="bbox 2278 3215 3837 3288">
    <p class='ocr_par' dir='ltr' id='par_1_80' title="bbox 2278 3215 3837 3288">
     <span class='ocr_line' id='line_1_80' title="bbox 2278 3215 3837 3288; baseline -0.012 -3"><span class='ocrx_word' id='word_1_604' title='bbox 2278 3218 2663 3288; x_wconf 68' lang='grc' dir='ltr'>ἡρμοσμένης</span> <span class='ocrx_word' id='word_1_605' title='bbox 2709 3218 2786 3285; x_wconf 78' lang='grc' dir='ltr'><strong>τῷ</strong></span> <span class='ocrx_word' id='word_1_606' title='bbox 2842 3218 3154 3287; x_wconf 81' lang='grc' dir='ltr'>ἀρχετύπῳ,</span> <span class='ocrx_word' id='word_1_607' title='bbox 3212 3220 3308 3269; x_wconf 72' lang='grc' dir='ltr'>καὶ</span> <span class='ocrx_word' id='word_1_608' title='bbox 3372 3216 3554 3269; x_wconf 81' lang='grc' dir='ltr'>ἄλλοθι</span> <span class='ocrx_word' id='word_1_609' title='bbox 3606 3215 3837 3286; x_wconf 79' lang='grc' dir='ltr'>φέρεσθαι</span> 
     </span>
    </p>
   </div>
   <div class='ocr_carea' id='block_1_81' title="bbox 2316 3304 3837 3381">
    <p class='ocr_par' dir='ltr' id='par_1_81' title="bbox 2316 3304 3837 3381">
     <span class='ocr_line' id='line_1_81' title="bbox 2316 3304 3837 3381; baseline -0.003 -22"><span class='ocrx_word' id='word_1_610' title='bbox 2316 3309 2439 3378; x_wconf 83' lang='grc' dir='ltr'>μήτ’</span> <span class='ocrx_word' id='word_1_611' title='bbox 2469 3307 2696 3377; x_wconf 77' lang='grc' dir='ltr'>ἐχούσης</span> <span class='ocrx_word' id='word_1_612' title='bbox 2716 3304 2898 3381; x_wconf 65' lang='grc' dir='ltr'>λοιπὸν</span> <span class='ocrx_word' id='word_1_613' title='bbox 2931 3308 3067 3375; x_wconf 85' lang='grc' dir='ltr'>μήτε</span> <span class='ocrx_word' id='word_1_614' title='bbox 3096 3306 3424 3375; x_wconf 86' lang='grc' dir='ltr'>δυναμένης,</span> <span class='ocrx_word' id='word_1_615' title='bbox 3461 3307 3493 3374; x_wconf 82' lang='grc' dir='ltr'>ἢ</span> <span class='ocrx_word' id='word_1_616' title='bbox 3537 3306 3837 3373; x_wconf 82' lang='grc' dir='ltr'>σαφέστερον</span> 
     </span>
    </p>
   </div>
   <div class='ocr_carea' id='block_1_82' title="bbox 2312 3393 3837 3465">
    <p class='ocr_par' dir='ltr' id='par_1_82' title="bbox 2312 3393 3837 3465">
     <span class='ocr_line' id='line_1_82' title="bbox 2312 3393 3837 3465; baseline -0.004 -16"><span class='ocrx_word' id='word_1_617' title='bbox 2312 3399 2483 3450; x_wconf 77' lang='grc' dir='ltr'>εἰπεῖν</span> <span class='ocrx_word' id='word_1_618' title='bbox 2513 3397 2605 3449; x_wconf 72' lang='grc' dir='ltr'>καὶ</span> <span class='ocrx_word' id='word_1_619' title='bbox 2635 3394 3011 3463; x_wconf 79' lang='grc' dir='ltr'>ἀληθέστερον,</span> <span class='ocrx_word' id='word_1_620' title='bbox 3045 3396 3179 3465; x_wconf 85' lang='grc' dir='ltr'>μήτε</span> <span class='ocrx_word' id='word_1_621' title='bbox 3211 3394 3495 3463; x_wconf 85' lang='grc' dir='ltr'>βούλεσθαι</span> <span class='ocrx_word' id='word_1_622' title='bbox 3539 3393 3837 3462; x_wconf 84' lang='grc' dir='ltr'>δυναμένης,</span> 
     </span>
    </p>
   </div>
   <div class='ocr_carea' id='block_1_83' title="bbox 2312 3482 3838 3557">
    <p class='ocr_par' dir='ltr' id='par_1_83' title="bbox 2312 3482 3838 3557">
     <span class='ocr_line' id='line_1_83' title="bbox 2312 3482 3838 3557; baseline -0.003 -16"><span class='ocrx_word' id='word_1_623' title='bbox 2312 3490 2387 3553; x_wconf 83' lang='grc' dir='ltr'><strong>ὡς</strong></span> <span class='ocrx_word' id='word_1_624' title='bbox 2425 3488 2521 3557; x_wconf 81' lang='grc' dir='ltr'>τῆς</span> <span class='ocrx_word' id='word_1_625' title='bbox 2567 3487 2714 3549; x_wconf 81' lang='grc' dir='ltr'>θείοις</span> <span class='ocrx_word' id='word_1_626' title='bbox 2757 3486 3168 3557; x_wconf 81' lang='grc' dir='ltr'>ἐπειλημμένης</span> <span class='ocrx_word' id='word_1_627' title='bbox 3218 3486 3521 3555; x_wconf 80' lang='grc' dir='ltr'>ἐνεργείας,</span> <span class='ocrx_word' id='word_1_628' title='bbox 3571 3484 3759 3554; x_wconf 78' lang='grc' dir='ltr'>μᾶλλον</span> <span class='ocrx_word' id='word_1_629' title='bbox 3793 3482 3838 3535; x_wconf 69' lang='grc' dir='ltr'>δὲ</span> 
     </span>
    </p>
   </div>
   <div class='ocr_carea' id='block_1_84' title="bbox 2312 3577 3840 3650">
    <p class='ocr_par' dir='ltr' id='par_1_84' title="bbox 2312 3577 3840 3650">
     <span class='ocr_line' id='line_1_84' title="bbox 2312 3577 3840 3650; baseline -0.007 -15"><span class='ocrx_word' id='word_1_630' title='bbox 2312 3582 2439 3645; x_wconf 81' lang='grc' dir='ltr'>Θεὸς</span> <span class='ocrx_word' id='word_1_631' title='bbox 2462 3585 2527 3650; x_wconf 79' lang='grc' dir='ltr'><strong>τῇ</strong></span> <span class='ocrx_word' id='word_1_632' title='bbox 2573 3579 2763 3632; x_wconf 85' lang='grc' dir='ltr'>θεώσει</span> <span class='ocrx_word' id='word_1_633' title='bbox 2796 3578 3186 3648; x_wconf 89' lang='grc' dir='ltr'>γεγενημένης,</span> <span class='ocrx_word' id='word_1_634' title='bbox 3246 3579 3342 3632; x_wconf 77' lang='grc' dir='ltr'>καὶ</span> <span class='ocrx_word' id='word_1_635' title='bbox 3388 3578 3549 3631; x_wconf 84' lang='grc' dir='ltr'>πλέον</span> <span class='ocrx_word' id='word_1_636' title='bbox 3599 3577 3840 3646; x_wconf 83' lang='grc' dir='ltr'>ἠδομένης</span> 
     </span>
    </p>
   </div>
   <div class='ocr_carea' id='block_1_85' title="bbox 2312 3666 3839 3743">
    <p class='ocr_par' dir='ltr' id='par_1_85' title="bbox 2312 3666 3839 3743">
     <span class='ocr_line' id='line_1_85' title="bbox 2312 3666 3839 3743; baseline -0.005 -18"><span class='ocrx_word' id='word_1_637' title='bbox 2312 3676 2377 3743; x_wconf 86' lang='grc' dir='ltr'><strong>τῇ</strong></span> <span class='ocrx_word' id='word_1_638' title='bbox 2436 3672 2689 3725; x_wconf 81' lang='grc' dir='ltr'>ἐκστάσει</span> <span class='ocrx_word' id='word_1_639' title='bbox 2742 3669 2850 3722; x_wconf 84' lang='grc' dir='ltr'><strong>τῶν</strong></span> <span class='ocrx_word' id='word_1_640' title='bbox 2902 3669 3146 3737; x_wconf 84' lang='grc' dir='ltr'>φυσικῶς</span> <span class='ocrx_word' id='word_1_641' title='bbox 3194 3670 3279 3721; x_wconf 80' lang='grc' dir='ltr'><strong>ἐπ’</strong></span> <span class='ocrx_word' id='word_1_642' title='bbox 3335 3669 3507 3739; x_wconf 79' lang='grc' dir='ltr'>αὐτῆς</span> <span class='ocrx_word' id='word_1_643' title='bbox 3562 3668 3656 3720; x_wconf 75' lang='grc' dir='ltr'>καὶ</span> <span class='ocrx_word' id='word_1_644' title='bbox 3696 3666 3839 3718; x_wconf 73' lang='grc' dir='ltr'>ὄντων</span> 
     </span>
    </p>
   </div>
   <div class='ocr_carea' id='block_1_86' title="bbox 2312 3757 3840 3832">
    <p class='ocr_par' dir='ltr' id='par_1_86' title="bbox 2312 3757 3840 3832">
     <span class='ocr_line' id='line_1_86' title="bbox 2312 3757 3840 3832; baseline -0.007 -15"><span class='ocrx_word' id='word_1_645' title='bbox 2312 3765 2406 3818; x_wconf 74' lang='grc' dir='ltr'><strong>καὶ</strong></span> <span class='ocrx_word' id='word_1_646' title='bbox 2437 3763 2759 3832; x_wconf 83' lang='grc' dir='ltr'>νοουμένων,</span> <span class='ocrx_word' id='word_1_647' title='bbox 2814 3761 2902 3814; x_wconf 79' lang='grc' dir='ltr'>διὰ</span> <span class='ocrx_word' id='word_1_648' title='bbox 2951 3761 3047 3828; x_wconf 80' lang='grc' dir='ltr'>τὴν</span> <span class='ocrx_word' id='word_1_649' title='bbox 3070 3760 3434 3829; x_wconf 82' lang='grc' dir='ltr'>ἐκνικήσασαν</span> <span class='ocrx_word' id='word_1_650' title='bbox 3482 3759 3645 3828; x_wconf 79' lang='grc' dir='ltr'>αὑτὴν</span> <span class='ocrx_word' id='word_1_651' title='bbox 3703 3757 3840 3827; x_wconf 82' lang='grc' dir='ltr'>χάριν</span> 
     </span>
    </p>
   </div>
   <div class='ocr_carea' id='block_1_87' title="bbox 2312 3846 3841 3923">
    <p class='ocr_par' dir='ltr' id='par_1_87' title="bbox 2312 3846 3841 3923">
     <span class='ocr_line' id='line_1_87' title="bbox 2312 3846 3841 3923; baseline -0.008 -15"><span class='ocrx_word' id='word_1_652' title='bbox 2312 3855 2405 3909; x_wconf 87' lang='grc' dir='ltr'><strong>τοῦ</strong></span> <span class='ocrx_word' id='word_1_653' title='bbox 2434 3854 2767 3923; x_wconf 88' lang='grc' dir='ltr'>Πνεύματος,</span> <span class='ocrx_word' id='word_1_654' title='bbox 2798 3852 2892 3905; x_wconf 74' lang='grc' dir='ltr'><strong>καὶ</strong></span> <span class='ocrx_word' id='word_1_655' title='bbox 2926 3852 3084 3922; x_wconf 87' lang='grc' dir='ltr'>μόνον</span> <span class='ocrx_word' id='word_1_656' title='bbox 3134 3850 3363 3920; x_wconf 77' lang='grc' dir='ltr'>ἔχουσαν</span> <span class='ocrx_word' id='word_1_657' title='bbox 3415 3850 3732 3919; x_wconf 78' lang='grc' dir='ltr'>ἐνεργοῦντα</span> <span class='ocrx_word' id='word_1_658' title='bbox 3765 3846 3841 3898; x_wconf 75' lang='grc' dir='ltr'>τὸν</span> 
     </span>
    </p>
   </div>
   <div class='ocr_carea' id='block_1_88' title="bbox 2313 3936 3841 4013">
    <p class='ocr_par' dir='ltr' id='par_1_88' title="bbox 2313 3936 3841 4013">
     <span class='ocr_line' id='line_1_88' title="bbox 2313 3936 3841 4013; baseline -0.007 -14"><span class='ocrx_word' id='word_1_659' title='bbox 2313 3947 2444 3999; x_wconf 83' lang='grc' dir='ltr'>Θεὸν</span> <span class='ocrx_word' id='word_1_660' title='bbox 2478 3946 2749 4011; x_wconf 81' lang='grc' dir='ltr'>δείξασαν,</span> <span class='ocrx_word' id='word_1_661' title='bbox 2803 3944 2942 3997; x_wconf 85' lang='grc' dir='ltr'>ὥστε</span> <span class='ocrx_word' id='word_1_662' title='bbox 2989 3938 3126 3995; x_wconf 73' lang='grc' dir='ltr'>εἶναι</span> <span class='ocrx_word' id='word_1_663' title='bbox 3162 3942 3289 4013; x_wconf 84' lang='grc' dir='ltr'>μίαν</span> <span class='ocrx_word' id='word_1_664' title='bbox 3318 3944 3413 3995; x_wconf 79' lang='grc' dir='ltr'>καὶ</span> <span class='ocrx_word' id='word_1_665' title='bbox 3437 3942 3601 4013; x_wconf 88' lang='grc' dir='ltr'>μόνην</span> <span class='ocrx_word' id='word_1_666' title='bbox 3625 3940 3711 3993; x_wconf 80' lang='grc' dir='ltr'><strong>διά</strong></span> <span class='ocrx_word' id='word_1_667' title='bbox 3734 3936 3841 3989; x_wconf 81' lang='grc' dir='ltr'>πάν·</span> 
     </span>
    </p>
   </div>
   <div class='ocr_carea' id='block_1_89' title="bbox 2312 4016 3840 4104">
    <p class='ocr_par' dir='ltr' id='par_1_89' title="bbox 2312 4016 3840 4104">
     <span class='ocr_line' id='line_1_89' title="bbox 2312 4016 3840 4104; baseline -0.007 -15"><span class='ocrx_word' id='word_1_668' title='bbox 2312 4054 2419 4089; x_wconf 89' lang='grc' dir='ltr'><strong>των</strong></span> <span class='ocrx_word' id='word_1_669' title='bbox 2449 4016 2747 4104; x_wconf 65' lang='grc' dir='ltr'>ἐνέργειαν,</span> <span class='ocrx_word' id='word_1_670' title='bbox 2768 4033 2861 4086; x_wconf 87' lang='grc' dir='ltr'><strong>τοῦ</strong></span> <span class='ocrx_word' id='word_1_671' title='bbox 2880 4033 3017 4086; x_wconf 82' lang='grc' dir='ltr'>Θεοῦ</span> <span class='ocrx_word' id='word_1_672' title='bbox 3045 4032 3139 4085; x_wconf 80' lang='grc' dir='ltr'>καὶ</span> <span class='ocrx_word' id='word_1_673' title='bbox 3162 4032 3272 4086; x_wconf 86' lang='grc' dir='ltr'><strong>τῶν</strong></span> <span class='ocrx_word' id='word_1_674' title='bbox 3295 4032 3462 4099; x_wconf 78' lang='grc' dir='ltr'>ἀξίων</span> <span class='ocrx_word' id='word_1_675' title='bbox 3487 4030 3644 4091; x_wconf 82' lang='grc' dir='ltr'>Θεοῦ.</span> <span class='ocrx_word' id='word_1_676' title='bbox 3669 4028 3840 4098; x_wconf 79' lang='grc' dir='ltr'>μᾶλλον</span> 
     </span>
    </p>
   </div>
   <div class='ocr_carea' id='block_1_90' title="bbox 2314 4118 3838 4194">
    <p class='ocr_par' dir='ltr' id='par_1_90' title="bbox 2314 4118 3838 4194">
     <span class='ocr_line' id='line_1_90' title="bbox 2314 4118 3838 4194; baseline -0.009 -15"><span class='ocrx_word' id='word_1_677' title='bbox 2314 4128 2370 4179; x_wconf 83' lang='grc' dir='ltr'>δὲ</span> <span class='ocrx_word' id='word_1_678' title='bbox 2405 4127 2567 4194; x_wconf 84' lang='grc' dir='ltr'>μόνου</span> <span class='ocrx_word' id='word_1_679' title='bbox 2593 4125 2749 4188; x_wconf 89' lang='grc' dir='ltr'>Θεοῦ,</span> <span class='ocrx_word' id='word_1_680' title='bbox 2781 4125 2855 4185; x_wconf 83' lang='grc' dir='ltr'>ὡς</span> <span class='ocrx_word' id='word_1_681' title='bbox 2882 4124 3004 4175; x_wconf 80' lang='grc' dir='ltr'>ὅλον</span> <span class='ocrx_word' id='word_1_682' title='bbox 3024 4123 3165 4184; x_wconf 86' lang='grc' dir='ltr'>ὅλοις</span> <span class='ocrx_word' id='word_1_683' title='bbox 3186 4122 3299 4185; x_wconf 85' lang='grc' dir='ltr'>τοῖς</span> <span class='ocrx_word' id='word_1_684' title='bbox 3338 4121 3514 4186; x_wconf 78' lang='grc' dir='ltr'>ἀξίοις</span> <span class='ocrx_word' id='word_1_685' title='bbox 3556 4118 3838 4186; x_wconf 81' lang='grc' dir='ltr'>ἀγαθοπρε·</span> 
     </span>
    </p>
   </div>
   <div class='ocr_carea' id='block_1_91' title="bbox 2318 4201 3842 4281">
    <p class='ocr_par' dir='ltr' id='par_1_91' title="bbox 2318 4201 3842 4281">
     <span class='ocr_line' id='line_1_91' title="bbox 2318 4201 3842 4281; baseline -0.006 -17"><span class='ocrx_word' id='word_1_686' title='bbox 2318 4212 2435 4274; x_wconf 86' lang='grc' dir='ltr'><strong>πῶς</strong></span> <span class='ocrx_word' id='word_1_687' title='bbox 2470 4214 2968 4281; x_wconf 81' lang='grc' dir='ltr'>περιχωρήσαντος.</span> <span class='ocrx_word' id='word_1_688' title='bbox 3009 4210 3248 4279; x_wconf 80' lang='grc' dir='ltr'>Ἀνάγκη</span> <span class='ocrx_word' id='word_1_689' title='bbox 3296 4209 3405 4279; x_wconf 76' lang='grc' dir='ltr'>γὰρ</span> <span class='ocrx_word' id='word_1_690' title='bbox 3436 4210 3589 4259; x_wconf 82' lang='grc' dir='ltr'>πᾶσα</span> <span class='ocrx_word' id='word_1_691' title='bbox 3619 4208 3713 4274; x_wconf 80' lang='grc' dir='ltr'>τῆς</span> <span class='ocrx_word' id='word_1_692' title='bbox 3742 4201 3842 4257; x_wconf 82' lang='grc' dir='ltr'>κατ’</span> 
     </span>
    </p>
   </div>
   <div class='ocr_carea' id='block_1_92' title="bbox 2321 4296 3841 4368">
    <p class='ocr_par' dir='ltr' id='par_1_92' title="bbox 2321 4296 3841 4368">
     <span class='ocr_line' id='line_1_92' title="bbox 2321 4296 3841 4368; baseline -0.007 -15"><span class='ocrx_word' id='word_1_693' title='bbox 2321 4302 2505 4368; x_wconf 81' lang='grc' dir='ltr'>ἔφεσιν</span> <span class='ocrx_word' id='word_1_694' title='bbox 2534 4300 2605 4351; x_wconf 88' lang='grc' dir='ltr'>τὰ</span> <span class='ocrx_word' id='word_1_695' title='bbox 2633 4301 2807 4352; x_wconf 86' lang='grc' dir='ltr'>πάντα</span> <span class='ocrx_word' id='word_1_696' title='bbox 2841 4300 2966 4367; x_wconf 90' lang='grc' dir='ltr'>περί</span> <span class='ocrx_word' id='word_1_697' title='bbox 2996 4316 3053 4350; x_wconf 76' lang='grc' dir='ltr'><strong>τι</strong></span> <span class='ocrx_word' id='word_1_698' title='bbox 3101 4298 3229 4351; x_wconf 83' lang='grc' dir='ltr'>ἄλλο</span> <span class='ocrx_word' id='word_1_699' title='bbox 3279 4296 3593 4350; x_wconf 85' lang='grc' dir='ltr'>παύσασθαι</span> <span class='ocrx_word' id='word_1_700' title='bbox 3642 4298 3841 4359; x_wconf 71' lang='grc' dir='ltr'>ἐξουσια-</span> 
     </span>
    </p>
   </div>
   <div class='ocr_carea' id='block_1_93' title="bbox 663 4380 2213 4459">
    <p class='ocr_par' dir='ltr' id='par_1_93' title="bbox 663 4389 2213 4459">
     <span class='ocr_line' id='line_1_93' title="bbox 663 4389 2213 4459; baseline -0.001 -17"><span class='ocrx_word' id='word_1_701' title='bbox 663 4396 770 4443; x_wconf 88' lang='lat' dir='ltr'><strong>tem</strong></span> <span class='ocrx_word' id='word_1_702' title='bbox 801 4392 943 4444; x_wconf 82' lang='lat' dir='ltr'><strong>Deus</strong></span> <span class='ocrx_word' id='word_1_703' title='bbox 977 4407 1074 4459; x_wconf 92' lang='lat' dir='ltr'><strong>per</strong></span> <span class='ocrx_word' id='word_1_704' title='bbox 1107 4392 1503 4446; x_wconf 83' lang='lat' dir='ltr'><strong>deiﬁcationcm</strong></span> <span class='ocrx_word' id='word_1_705' title='bbox 1540 4389 1699 4453; x_wconf 80' lang='lat' dir='ltr'><strong>facta,</strong></span> <span class='ocrx_word' id='word_1_706' title='bbox 1731 4398 1786 4443; x_wconf 89' lang='lat' dir='ltr'><strong>ct</strong></span> <span class='ocrx_word' id='word_1_707' title='bbox 1810 4390 1932 4457; x_wconf 88' lang='lat' dir='ltr'><strong>plus</strong></span> <span class='ocrx_word' id='word_1_708' title='bbox 1965 4389 2213 4442; x_wconf 86' lang='lat' dir='ltr'><strong>dilectata</strong></span> 
     </span>
    </p>
   </div>
   <div class='ocr_carea' id='block_1_94' title="bbox 2309 4380 3842 4459">
    <p class='ocr_par' dir='ltr' id='par_1_94' title="bbox 2328 4380 3842 4459">
     <span class='ocr_line' id='line_1_94' title="bbox 2328 4380 3842 4459; baseline -0.007 -16"><span class='ocrx_word' id='word_1_709' title='bbox 2328 4391 2515 4458; x_wconf 85' lang='grc' dir='ltr'>στικῆς</span> <span class='ocrx_word' id='word_1_710' title='bbox 2564 4390 2848 4459; x_wconf 77' lang='grc' dir='ltr'>κινήσεως,</span> <span class='ocrx_word' id='word_1_711' title='bbox 2906 4386 2997 4439; x_wconf 84' lang='grc' dir='ltr'><strong>τοῦ</strong></span> <span class='ocrx_word' id='word_1_712' title='bbox 3051 4387 3276 4455; x_wconf 83' lang='grc' dir='ltr'>ἐσχάτου</span> <span class='ocrx_word' id='word_1_713' title='bbox 3330 4387 3591 4452; x_wconf 83' lang='grc' dir='ltr'>φανέντος</span> <span class='ocrx_word' id='word_1_714' title='bbox 3648 4380 3842 4456; x_wconf 80' lang='grc' dir='ltr'>όρεκτοῦ</span> 
     </span>
    </p>
   </div>
   <div class='ocr_carea' id='block_1_95' title="bbox 661 4481 2221 4555">
    <p class='ocr_par' dir='ltr' id='par_1_95' title="bbox 661 4481 2221 4555">
     <span class='ocr_line' id='line_1_95' title="bbox 661 4481 2221 4555; baseline 0 -20"><span class='ocrx_word' id='word_1_715' title='bbox 661 4497 885 4536; x_wconf 78' lang='lat' dir='ltr'><strong>excessu</strong></span> <span class='ocrx_word' id='word_1_716' title='bbox 913 4484 979 4537; x_wconf 87' lang='lat' dir='ltr'><strong>ab</strong></span> <span class='ocrx_word' id='word_1_717' title='bbox 1006 4485 1090 4537; x_wconf 89' lang='lat' dir='ltr'><strong>his</strong></span> <span class='ocrx_word' id='word_1_718' title='bbox 1114 4500 1233 4555; x_wconf 69' lang='lat' dir='ltr'><strong>quae</strong></span> <span class='ocrx_word' id='word_1_719' title='bbox 1262 4483 1587 4537; x_wconf 86' lang='lat' dir='ltr'><strong>naturaliter</strong></span> <span class='ocrx_word' id='word_1_720' title='bbox 1616 4483 1667 4535; x_wconf 86' lang='lat' dir='ltr'><strong>in</strong></span> <span class='ocrx_word' id='word_1_721' title='bbox 1698 4498 1759 4535; x_wconf 85' lang='lat' dir='ltr'><strong>ea</strong></span> <span class='ocrx_word' id='word_1_722' title='bbox 1797 4490 1924 4534; x_wconf 88' lang='lat' dir='ltr'><strong>sunt</strong></span> <span class='ocrx_word' id='word_1_723' title='bbox 1954 4489 2009 4533; x_wconf 88' lang='lat' dir='ltr'><strong>et</strong></span> <span class='ocrx_word' id='word_1_724' title='bbox 2040 4481 2105 4534; x_wconf 91' lang='lat' dir='ltr'><strong>ab</strong></span> <span class='ocrx_word' id='word_1_725' title='bbox 2136 4481 2221 4535; x_wconf 88' lang='lat' dir='ltr'><strong>his</strong></span> 
     </span>
    </p>
   </div>
   <div class='ocr_carea' id='block_1_96' title="bbox 664 4575 2219 4643">
    <p class='ocr_par' dir='ltr' id='par_1_96' title="bbox 664 4575 2219 4643">
     <span class='ocr_line' id='line_1_96' title="bbox 664 4575 2219 4643; baseline -0.001 -17"><span class='ocrx_word' id='word_1_726' title='bbox 664 4588 784 4639; x_wconf 84' lang='lat' dir='ltr'><strong>quae</strong></span> <span class='ocrx_word' id='word_1_727' title='bbox 816 4582 945 4626; x_wconf 90' lang='lat' dir='ltr'><strong>sunt</strong></span> <span class='ocrx_word' id='word_1_728' title='bbox 994 4582 1048 4627; x_wconf 92' lang='lat' dir='ltr'><strong>et</strong></span> <span class='ocrx_word' id='word_1_729' title='bbox 1080 4575 1458 4643; x_wconf 79' lang='lat' dir='ltr'><strong>intelliguntur</strong></span> <span class='ocrx_word' id='word_1_730' title='bbox 1489 4588 1592 4643; x_wconf 8' lang='lat' dir='ltr'><strong>per?</strong></span> <span class='ocrx_word' id='word_1_731' title='bbox 1615 4582 1963 4642; x_wconf 87' lang='lat' dir='ltr'><strong>superantem</strong></span> <span class='ocrx_word' id='word_1_732' title='bbox 1997 4587 2053 4625; x_wconf 89' lang='lat' dir='ltr'><strong>se</strong></span> <span class='ocrx_word' id='word_1_733' title='bbox 2098 4589 2219 4641; x_wconf 78' lang='lat' dir='ltr'><strong>gra-</strong></span> 
     </span>
    </p>
   </div>
   <div class='ocr_carea' id='block_1_97' title="bbox 666 4642 2218 4730">
    <p class='ocr_par' dir='ltr' id='par_1_97' title="bbox 666 4642 2218 4730">
     <span class='ocr_line' id='line_1_97' title="bbox 666 4642 2218 4730; baseline -0.001 -15"><span class='ocrx_word' id='word_1_734' title='bbox 666 4665 795 4715; x_wconf 89' lang='lat' dir='ltr'><strong>tiam</strong></span> <span class='ocrx_word' id='word_1_735' title='bbox 832 4663 1068 4730; x_wconf 83' lang='lat' dir='ltr'><strong>Spiritus</strong></span> <span class='ocrx_word' id='word_1_736' title='bbox 1097 4672 1151 4717; x_wconf 90' lang='lat' dir='ltr'><strong>et</strong></span> <span class='ocrx_word' id='word_1_737' title='bbox 1181 4642 1521 4716; x_wconf 83' lang='lat' dir='ltr'><strong>solummodo</strong></span> <span class='ocrx_word' id='word_1_738' title='bbox 1556 4642 1844 4715; x_wconf 65' lang='lat' dir='ltr'><strong>habentem</strong></span> <span class='ocrx_word' id='word_1_739' title='bbox 1878 4670 2218 4728; x_wconf 87' lang='lat' dir='ltr'><strong>operatorem</strong></span> 
     </span>
    </p>
   </div>
   <div class='ocr_carea' id='block_1_98' title="bbox 665 4749 2222 4820">
    <p class='ocr_par' dir='ltr' id='par_1_98' title="bbox 665 4749 2222 4820">
     <span class='ocr_line' id='line_1_98' title="bbox 665 4749 2222 4820; baseline -0.001 -13"><span class='ocrx_word' id='word_1_740' title='bbox 665 4753 846 4807; x_wconf 86' lang='lat' dir='ltr'><strong>Jesum</strong></span> <span class='ocrx_word' id='word_1_741' title='bbox 880 4761 937 4805; x_wconf 89' lang='lat' dir='ltr'><strong>et</strong></span> <span class='ocrx_word' id='word_1_742' title='bbox 966 4749 1347 4819; x_wconf 80' lang='lat' dir='ltr'><strong>accipientem,</strong></span> <span class='ocrx_word' id='word_1_743' title='bbox 1378 4752 1449 4804; x_wconf 90' lang='lat' dir='ltr'><strong>ita</strong></span> <span class='ocrx_word' id='word_1_744' title='bbox 1502 4759 1559 4804; x_wconf 91' lang='lat' dir='ltr'><strong>ut</strong></span> <span class='ocrx_word' id='word_1_745' title='bbox 1605 4751 1675 4805; x_wconf 89' lang='lat' dir='ltr'><strong>sit</strong></span> <span class='ocrx_word' id='word_1_746' title='bbox 1724 4767 1832 4803; x_wconf 84' lang='lat' dir='ltr'><strong>una</strong></span> <span class='ocrx_word' id='word_1_747' title='bbox 1866 4760 1920 4803; x_wconf 80' lang='lat' dir='ltr'><strong>et</strong></span> <span class='ocrx_word' id='word_1_748' title='bbox 1969 4753 2082 4804; x_wconf 87' lang='lat' dir='ltr'><strong>sola</strong></span> <span class='ocrx_word' id='word_1_749' title='bbox 2127 4768 2222 4820; x_wconf 84' lang='lat' dir='ltr'><strong>per</strong></span> 
     </span>
    </p>
   </div>
   <div class='ocr_carea' id='block_1_99' title="bbox 666 4832 2219 4910">
    <p class='ocr_par' dir='ltr' id='par_1_99' title="bbox 666 4832 2219 4910">
     <span class='ocr_line' id='line_1_99' title="bbox 666 4832 2219 4910; baseline 0.001 -18"><span class='ocrx_word' id='word_1_750' title='bbox 666 4842 847 4894; x_wconf 86' lang='lat' dir='ltr'><strong>omnia</strong></span> <span class='ocrx_word' id='word_1_751' title='bbox 872 4832 1119 4909; x_wconf 79' lang='lat' dir='ltr'><strong>operatio</strong></span> <span class='ocrx_word' id='word_1_752' title='bbox 1144 4841 1239 4893; x_wconf 88' lang='lat' dir='ltr'><strong>Dci</strong></span> <span class='ocrx_word' id='word_1_753' title='bbox 1272 4849 1327 4893; x_wconf 88' lang='lat' dir='ltr'><strong>et</strong></span> <span class='ocrx_word' id='word_1_754' title='bbox 1350 4840 1632 4910; x_wconf 78' lang='lat' dir='ltr'><strong>dignorum</strong></span> <span class='ocrx_word' id='word_1_755' title='bbox 1669 4841 1807 4903; x_wconf 88' lang='lat' dir='ltr'><strong>Deo;</strong></span> <span class='ocrx_word' id='word_1_756' title='bbox 1844 4840 2013 4907; x_wconf 81' lang='lat' dir='ltr'><strong>magis</strong></span> <span class='ocrx_word' id='word_1_757' title='bbox 2040 4850 2219 4893; x_wconf 85' lang='lat' dir='ltr'><strong>autem</strong></span> 
     </span>
    </p>
   </div>
   <div class='ocr_carea' id='block_1_100' title="bbox 668 4928 2219 4999">
    <p class='ocr_par' dir='ltr' id='par_1_100' title="bbox 668 4928 2219 4999">
     <span class='ocr_line' id='line_1_100' title="bbox 668 4928 2219 4999; baseline 0.001 -18"><span class='ocrx_word' id='word_1_758' title='bbox 668 4930 834 4992; x_wconf 74' lang='lat' dir='ltr'><strong>solius</strong></span> <span class='ocrx_word' id='word_1_759' title='bbox 857 4928 974 4994; x_wconf 57' lang='lat' dir='ltr'><strong>Dei;</strong></span> <span class='ocrx_word' id='word_1_760' title='bbox 1006 4938 1190 4999; x_wconf 88' lang='lat' dir='ltr'><strong>utpote</strong></span> <span class='ocrx_word' id='word_1_761' title='bbox 1218 4936 1330 4981; x_wconf 87' lang='lat' dir='ltr'><strong>toto</strong></span> <span class='ocrx_word' id='word_1_762' title='bbox 1360 4937 1499 4982; x_wconf 89' lang='lat' dir='ltr'><strong>totos</strong></span> <span class='ocrx_word' id='word_1_763' title='bbox 1522 4931 1710 4998; x_wconf 76' lang='lat' dir='ltr'><strong>dignos</strong></span> <span class='ocrx_word' id='word_1_764' title='bbox 1737 4929 1874 4981; x_wconf 90' lang='lat' dir='ltr'><strong>bene</strong></span> <span class='ocrx_word' id='word_1_765' title='bbox 1906 4943 1967 4980; x_wconf 91' lang='lat' dir='ltr'><strong>ac</strong></span> <span class='ocrx_word' id='word_1_766' title='bbox 1997 4930 2219 4995; x_wconf 82' lang='lat' dir='ltr'><strong>pulchre</strong></span> 
     </span>
    </p>
   </div>
   <div class='ocr_carea' id='block_1_101' title="bbox 667 5019 2219 5088">
    <p class='ocr_par' dir='ltr' id='par_1_101' title="bbox 667 5019 2219 5088">
     <span class='ocr_line' id='line_1_101' title="bbox 667 5019 2219 5088; baseline -0.001 -16"><span class='ocrx_word' id='word_1_767' title='bbox 667 5022 960 5081; x_wconf 83' lang='lat' dir='ltr'><strong>ambiente.</strong></span> <span class='ocrx_word' id='word_1_768' title='bbox 995 5021 1157 5081; x_wconf 86' lang='lat' dir='ltr'><strong>Omni</strong></span> <span class='ocrx_word' id='word_1_769' title='bbox 1189 5020 1335 5074; x_wconf 90' lang='lat' dir='ltr'><strong>enim</strong></span> <span class='ocrx_word' id='word_1_770' title='bbox 1367 5020 1691 5074; x_wconf 86' lang='lat' dir='ltr'><strong>necessitate</strong></span> <span class='ocrx_word' id='word_1_771' title='bbox 1729 5034 1825 5088; x_wconf 85' lang='lat' dir='ltr'><strong>per</strong></span> <span class='ocrx_word' id='word_1_772' title='bbox 1859 5019 2039 5072; x_wconf 90' lang='lat' dir='ltr'><strong>omnia</strong></span> <span class='ocrx_word' id='word_1_773' title='bbox 2075 5020 2219 5072; x_wconf 84' lang='lat' dir='ltr'><strong>circa</strong></span> 
     </span>
    </p>
   </div>
   <div class='ocr_carea' id='block_1_102' title="bbox 2319 4477 3845 4551">
    <p class='ocr_par' dir='ltr' id='par_1_102' title="bbox 2319 4477 3845 4551">
     <span class='ocr_line' id='line_1_102' title="bbox 2319 4477 3845 4551; baseline -0.006 -17"><span class='ocrx_word' id='word_1_774' title='bbox 2319 4482 2413 4535; x_wconf 71' lang='grc' dir='ltr'>καὶ</span> <span class='ocrx_word' id='word_1_775' title='bbox 2442 4479 2825 4551; x_wconf 86' lang='grc' dir='ltr'>μετεχομένου,</span> <span class='ocrx_word' id='word_1_776' title='bbox 2859 4479 2953 4531; x_wconf 74' lang='grc' dir='ltr'>καὶ</span> <span class='ocrx_word' id='word_1_777' title='bbox 2991 4478 3267 4545; x_wconf 88' lang='grc' dir='ltr'>ἀναλόγως</span> <span class='ocrx_word' id='word_1_778' title='bbox 3298 4480 3363 4547; x_wconf 76' lang='grc' dir='ltr'><strong>τῇ</strong></span> <span class='ocrx_word' id='word_1_779' title='bbox 3401 4477 3507 4530; x_wconf 79' lang='grc' dir='ltr'><strong>τῶν</strong></span> <span class='ocrx_word' id='word_1_780' title='bbox 3543 4478 3845 4548; x_wconf 79' lang='grc' dir='ltr'>μετεχόντων</span> 
     </span>
    </p>
   </div>
   <div class='ocr_carea' id='block_1_103' title="bbox 2318 4566 3842 4640">
    <p class='ocr_par' dir='ltr' id='par_1_103' title="bbox 2318 4566 3842 4640">
     <span class='ocr_line' id='line_1_103' title="bbox 2318 4566 3842 4640; baseline -0.005 -15"><span class='ocrx_word' id='word_1_781' title='bbox 2318 4572 2543 4640; x_wconf 87' lang='grc' dir='ltr'>δυνάμει</span> <span class='ocrx_word' id='word_1_782' title='bbox 2575 4569 2890 4640; x_wconf 81' lang='grc' dir='ltr'>ἁχωρήτως,</span> <span class='ocrx_word' id='word_1_783' title='bbox 2929 4567 2993 4623; x_wconf 81' lang='grc' dir='ltr'><strong>ἵν’</strong></span> <span class='ocrx_word' id='word_1_784' title='bbox 3048 4566 3217 4631; x_wconf 77' lang='grc' dir='ltr'>οὕτως</span> <span class='ocrx_word' id='word_1_785' title='bbox 3266 4567 3425 4631; x_wconf 80' lang='grc' dir='ltr'>εἴπω,</span> <span class='ocrx_word' id='word_1_786' title='bbox 3482 4568 3842 4638; x_wconf 81' lang='grc' dir='ltr'>χωρουμένου·</span> 
     </span>
    </p>
   </div>
   <div class='ocr_carea' id='block_1_104' title="bbox 2319 4658 3845 4734">
    <p class='ocr_par' dir='ltr' id='par_1_104' title="bbox 2319 4658 3845 4734">
     <span class='ocr_line' id='line_1_104' title="bbox 2319 4658 3845 4734; baseline -0.006 -17"><span class='ocrx_word' id='word_1_787' title='bbox 2319 4664 2453 4734; x_wconf 74' lang='grc' dir='ltr'>πρὸς</span> <span class='ocrx_word' id='word_1_788' title='bbox 2480 4663 2507 4715; x_wconf 85' lang='grc' dir='ltr'><strong>ὅ</strong></span> <span class='ocrx_word' id='word_1_789' title='bbox 2536 4663 2683 4715; x_wconf 83' lang='grc' dir='ltr'>πᾶσα</span> <span class='ocrx_word' id='word_1_790' title='bbox 2711 4660 2925 4712; x_wconf 83' lang='grc' dir='ltr'>σπεύδει</span> <span class='ocrx_word' id='word_1_791' title='bbox 2950 4660 3192 4713; x_wconf 83' lang='grc' dir='ltr'>πολιτεία</span> <span class='ocrx_word' id='word_1_792' title='bbox 3211 4658 3305 4711; x_wconf 85' lang='grc' dir='ltr'><strong>τοῦ</strong></span> <span class='ocrx_word' id='word_1_793' title='bbox 3326 4660 3372 4691; x_wconf 81' lang='grc'><strong>⁹⁰</strong></span> <span class='ocrx_word' id='word_1_794' title='bbox 3405 4659 3608 4729; x_wconf 71' lang='grc' dir='ltr'>ὑψηλοῦ</span> <span class='ocrx_word' id='word_1_795' title='bbox 3642 4661 3727 4713; x_wconf 71' lang='grc' dir='ltr'><strong>καὶ</strong></span> <span class='ocrx_word' id='word_1_796' title='bbox 3752 4658 3845 4709; x_wconf 84' lang='grc' dir='ltr'>διά-</span> 
     </span>
    </p>
   </div>
   <div class='ocr_carea' id='block_1_105' title="bbox 2319 4745 3848 4819">
    <p class='ocr_par' dir='ltr' id='par_1_105' title="bbox 2319 4745 3848 4819">
     <span class='ocr_line' id='line_1_105' title="bbox 2319 4745 3848 4819; baseline -0.007 -12"><span class='ocrx_word' id='word_1_797' title='bbox 2319 4771 2454 4816; x_wconf 88' lang='grc' dir='ltr'>νοια,</span> <span class='ocrx_word' id='word_1_798' title='bbox 2493 4772 2510 4804; x_wconf 83' lang='grc' dir='ltr'><strong>ι</strong></span> <span class='ocrx_word' id='word_1_799' title='bbox 2551 4752 2643 4805; x_wconf 68' lang='grc' dir='ltr'>καὶ</span> <span class='ocrx_word' id='word_1_800' title='bbox 2676 4752 2754 4813; x_wconf 85' lang='grc' dir='ltr'><strong>είς</strong></span> <span class='ocrx_word' id='word_1_801' title='bbox 2784 4751 2811 4803; x_wconf 82' lang='grc' dir='ltr'><strong>ὃ</strong></span> <span class='ocrx_word' id='word_1_802' title='bbox 2858 4752 3005 4803; x_wconf 79' lang='grc' dir='ltr'>πᾶσα</span> <span class='ocrx_word' id='word_1_803' title='bbox 3056 4750 3239 4819; x_wconf 71' lang='grc' dir='ltr'>ἔφεσις</span> <span class='ocrx_word' id='word_1_804' title='bbox 3285 4750 3515 4814; x_wconf 81' lang='grc' dir='ltr'>ἵσταται,</span> <span class='ocrx_word' id='word_1_805' title='bbox 3556 4751 3652 4803; x_wconf 75' lang='grc' dir='ltr'><strong>καὶ</strong></span> <span class='ocrx_word' id='word_1_806' title='bbox 3680 4745 3848 4817; x_wconf 73' lang='grc' dir='ltr'>ὑπὶρὸ</span> 
     </span>
    </p>
   </div>
   <div class='ocr_carea' id='block_1_106' title="bbox 2325 4838 3849 4915">
    <p class='ocr_par' dir='ltr' id='par_1_106' title="bbox 2325 4838 3849 4915">
     <span class='ocr_line' id='line_1_106' title="bbox 2325 4838 3849 4915; baseline -0.005 -22"><span class='ocrx_word' id='word_1_807' title='bbox 2325 4841 2571 4915; x_wconf 79' lang='grc' dir='ltr'>οὐδαμῶς</span> <span class='ocrx_word' id='word_1_808' title='bbox 2600 4841 2843 4910; x_wconf 87' lang='grc' dir='ltr'>φέρεται·</span> <span class='ocrx_word' id='word_1_809' title='bbox 2871 4841 2993 4893; x_wconf 69' lang='grc' dir='ltr'>οὔτε</span> <span class='ocrx_word' id='word_1_810' title='bbox 3024 4841 3131 4908; x_wconf 83' lang='grc' dir='ltr'><strong>γὰρ</strong></span> <span class='ocrx_word' id='word_1_811' title='bbox 3163 4840 3297 4909; x_wconf 75' lang='grc' dir='ltr'>ἔχει,</span> <span class='ocrx_word' id='word_1_812' title='bbox 3322 4840 3416 4892; x_wconf 78' lang='grc' dir='ltr'>καὶ</span> <span class='ocrx_word' id='word_1_813' title='bbox 3452 4839 3589 4909; x_wconf 80' lang='grc' dir='ltr'>πρὸς</span> <span class='ocrx_word' id='word_1_814' title='bbox 3645 4841 3673 4894; x_wconf 89' lang='grc' dir='ltr'><strong>ὅ</strong></span> <span class='ocrx_word' id='word_1_815' title='bbox 3711 4838 3849 4891; x_wconf 84' lang='grc' dir='ltr'>τείνει</span> 
     </span>
    </p>
   </div>
   <div class='ocr_carea' id='block_1_107' title="bbox 2327 4923 3847 4998">
    <p class='ocr_par' dir='ltr' id='par_1_107' title="bbox 2327 4923 3847 4998">
     <span class='ocr_line' id='line_1_107' title="bbox 2327 4923 3847 4998; baseline 0.001 -15"><span class='ocrx_word' id='word_1_816' title='bbox 2327 4932 2472 4983; x_wconf 83' lang='grc' dir='ltr'>πᾶσα</span> <span class='ocrx_word' id='word_1_817' title='bbox 2510 4931 2797 4983; x_wconf 87' lang='grc' dir='ltr'>σπουδαίου</span> <span class='ocrx_word' id='word_1_818' title='bbox 2835 4930 3065 4998; x_wconf 87' lang='grc' dir='ltr'>κίνησις,</span> <span class='ocrx_word' id='word_1_819' title='bbox 3108 4930 3202 4981; x_wconf 76' lang='grc' dir='ltr'>καὶ</span> <span class='ocrx_word' id='word_1_820' title='bbox 3251 4923 3312 4981; x_wconf 79' lang='grc' dir='ltr'><strong>οὗ</strong></span> <span class='ocrx_word' id='word_1_821' title='bbox 3340 4926 3653 4998; x_wconf 86' lang='grc' dir='ltr'>γενομένοις</span> <span class='ocrx_word' id='word_1_822' title='bbox 3699 4925 3847 4994; x_wconf 79' lang='grc' dir='ltr'>πάσης</span> 
     </span>
    </p>
   </div>
   <div class='ocr_carea' id='block_1_108' title="bbox 2324 5008 3848 5087">
    <p class='ocr_par' dir='ltr' id='par_1_108' title="bbox 2324 5008 3848 5087">
     <span class='ocr_line' id='line_1_108' title="bbox 2324 5008 3848 5087; baseline -0.001 -18"><span class='ocrx_word' id='word_1_823' title='bbox 2324 5018 2553 5087; x_wconf 86' lang='grc' dir='ltr'>θεωρίας</span> <span class='ocrx_word' id='word_1_824' title='bbox 2581 5018 2903 5080; x_wconf 84' lang='grc' dir='ltr'>ἀνάπαυσις,</span> <span class='ocrx_word' id='word_1_825' title='bbox 2926 5036 2944 5067; x_wconf 70' lang='grc' dir='ltr'><strong>ι</strong></span> <span class='ocrx_word' id='word_1_826' title='bbox 2973 5017 3134 5087; x_wconf 80' lang='grc' dir='ltr'>φησὶν</span> <span class='ocrx_word' id='word_1_827' title='bbox 3160 5017 3188 5068; x_wconf 87' lang='grc' dir='ltr'>ὁ</span> <span class='ocrx_word' id='word_1_828' title='bbox 3210 5016 3473 5087; x_wconf 85' lang='grc' dir='ltr'>μακάριος</span> <span class='ocrx_word' id='word_1_829' title='bbox 3503 5008 3713 5081; x_wconf 68' lang='grc' dir='ltr'>οὗτοςθί</span> <span class='ocrx_word' id='word_1_830' title='bbox 3733 5012 3848 5068; x_wconf 71' lang='grc' dir='ltr'>διδῶ</span> 
     </span>
    </p>
   </div>
   <div class='ocr_carea' id='block_1_109' title="bbox 745 5132 2325 5201">
    <p class='ocr_par' dir='ltr' id='par_1_109' title="bbox 745 5132 2325 5201">
     <span class='ocr_line' id='line_1_109' title="bbox 745 5132 2325 5201; baseline 0.002 -12"><span class='ocrx_word' id='word_1_831' title='bbox 745 5137 757 5173; x_wconf 79' lang='grc' dir='ltr'><strong>ί</strong></span> <span class='ocrx_word' id='word_1_832' title='bbox 796 5136 816 5189; x_wconf 88' lang='grc'><strong>1</strong></span> <span class='ocrx_word' id='word_1_833' title='bbox 849 5132 972 5189; x_wconf 88' lang='lat' dir='ltr'><strong>Cor.</strong></span> <span class='ocrx_word' id='word_1_834' title='bbox 1007 5153 1092 5201; x_wconf 76' lang='lat' dir='ltr'><strong>xv,</strong></span> <span class='ocrx_word' id='word_1_835' title='bbox 1121 5136 1208 5191; x_wconf 75' lang='lat'><strong>26.</strong></span> <span class='ocrx_word' id='word_1_836' title='bbox 1289 5136 1301 5187; x_wconf 69' lang='grc' dir='ltr'>ἱ</span> <span class='ocrx_word' id='word_1_837' title='bbox 1336 5136 1524 5200; x_wconf 79' lang='lat' dir='ltr'><strong>Matth,</strong></span> <span class='ocrx_word' id='word_1_838' title='bbox 1551 5152 1697 5200; x_wconf 64' lang='lat' dir='ltr'><strong>sxw,</strong></span> <span class='ocrx_word' id='word_1_839' title='bbox 1723 5137 1807 5190; x_wconf 76' lang='lat'><strong>39.</strong></span> <span class='ocrx_word' id='word_1_840' title='bbox 1890 5137 1914 5174; x_wconf 62' lang='grc' dir='ltr'><em>κ</em></span> <span class='ocrx_word' id='word_1_841' title='bbox 1944 5136 2118 5190; x_wconf 87' lang='lat' dir='ltr'><strong>Galat.</strong></span> <span class='ocrx_word' id='word_1_842' title='bbox 2149 5154 2209 5201; x_wconf 85' lang='lat' dir='ltr'><strong>II,</strong></span> <span class='ocrx_word' id='word_1_843' title='bbox 2238 5138 2325 5192; x_wconf 70' lang='lat'><strong>20.</strong></span> 
     </span>
    </p>
   </div>
   <div class='ocr_carea' id='block_1_110' title="bbox 1930 5246 2597 5304">
    <p class='ocr_par' dir='ltr' id='par_1_110' title="bbox 1930 5246 2597 5304">
     <span class='ocr_line' id='line_1_110' title="bbox 1930 5246 2597 5304; baseline -0.007 -1"><span class='ocrx_word' id='word_1_844' title='bbox 1930 5246 2162 5304; x_wconf 69' lang='lat' dir='ltr'><strong>VARIAS</strong></span> <span class='ocrx_word' id='word_1_845' title='bbox 2199 5246 2597 5304; x_wconf 81' lang='lat' dir='ltr'><strong>LECTIONES.</strong></span> 
     </span>
    </p>
   </div>
   <div class='ocr_carea' id='block_1_111' title="bbox 739 5382 2100 5458">
    <p class='ocr_par' dir='ltr' id='par_1_111' title="bbox 739 5382 2100 5458">
     <span class='ocr_line' id='line_1_111' title="bbox 739 5382 2100 5458; baseline 0.004 -23"><span class='ocrx_word' id='word_1_846' title='bbox 739 5382 786 5415; x_wconf 77' lang='lat'><strong>&quot;&#39;</strong></span> <span class='ocrx_word' id='word_1_847' title='bbox 833 5384 1144 5453; x_wconf 88' lang='grc' dir='ltr'>ταρασσέτω</span> <span class='ocrx_word' id='word_1_848' title='bbox 1172 5383 1263 5437; x_wconf 89' lang='lat' dir='ltr'><strong>ed.</strong></span> <span class='ocrx_word' id='word_1_849' title='bbox 1320 5386 1438 5438; x_wconf 84' lang='lat' dir='ltr'><strong>Gal.</strong></span> <span class='ocrx_word' id='word_1_850' title='bbox 1520 5387 1562 5416; x_wconf 77' lang='lat'><strong>&quot;</strong></span> <span class='ocrx_word' id='word_1_851' title='bbox 1619 5388 1833 5458; x_wconf 72' lang='grc' dir='ltr'>ὑπάρχῃ</span> <span class='ocrx_word' id='word_1_852' title='bbox 1868 5388 1953 5442; x_wconf 89' lang='lat' dir='ltr'><strong>ed.</strong></span> <span class='ocrx_word' id='word_1_853' title='bbox 1985 5388 2100 5442; x_wconf 81' lang='lat' dir='ltr'><strong>Gal.</strong></span> 
     </span>
    </p>
   </div>
   <div class='ocr_carea' id='block_1_112' title="bbox 737 5548 1532 5730">
    <p class='ocr_par' dir='ltr' id='par_1_112' title="bbox 737 5548 1532 5730">
     <span class='ocr_line' id='line_1_112' title="bbox 737 5548 1532 5730; baseline 0.006 -87"><span class='ocrx_word' id='word_1_854' title='bbox 737 5590 807 5730; x_wconf 54' lang='grc' dir='ltr'><strong>ε)</strong></span> <span class='ocrx_word' id='word_1_855' title='bbox 845 5589 985 5659; x_wconf 79' lang='lat' dir='ltr'><strong>Lege</strong></span> <span class='ocrx_word' id='word_1_856' title='bbox 1013 5600 1313 5660; x_wconf 85' lang='lat' dir='ltr'><strong>corruptam</strong></span> <span class='ocrx_word' id='word_1_857' title='bbox 1340 5592 1532 5663; x_wconf 61' lang='lat' dir='ltr'><strong>(Cale)</strong></span> 
     </span>
     <span class='ocr_line' id='line_1_113' title="bbox 790 5656 1426 5730; baseline 0.005 -18"><span class='ocrx_word' id='word_1_858' title='bbox 790 5659 807 5726; x_wconf 96' lang='lat'><strong>)</strong></span> <span class='ocrx_word' id='word_1_859' title='bbox 839 5657 979 5728; x_wconf 80' lang='lat' dir='ltr'><strong>Lege</strong></span> <span class='ocrx_word' id='word_1_860' title='bbox 1011 5678 1133 5730; x_wconf 77' lang='lat' dir='ltr'><strong>qua,</strong></span> <span class='ocrx_word' id='word_1_861' title='bbox 1169 5656 1202 5730; x_wconf 81' lang='grc' dir='ltr'>ᾖ</span> <span class='ocrx_word' id='word_1_862' title='bbox 1232 5661 1426 5730; x_wconf 66' lang='lat' dir='ltr'><strong>(Cale)</strong></span> 
     </span>
    </p>
   </div>
   <div class='ocr_carea' id='block_1_113' title="bbox 790 5656 1426 5737">
    <p class='ocr_par' dir='ltr' id='par_1_113' title="bbox 790 5656 1426 5737">
     <span class='ocr_line' id='line_1_114' title="bbox 790 5656 1426 5737; baseline 0.003 -25"><span class='ocrx_word' id='word_1_863' title='bbox 790 5659 807 5726; x_wconf 96' lang='lat'><strong>)</strong></span> <span class='ocrx_word' id='word_1_864' title='bbox 839 5656 979 5728; x_wconf 63' lang='lat' dir='ltr'><strong>Lege</strong></span> <span class='ocrx_word' id='word_1_865' title='bbox 1011 5678 1133 5737; x_wconf 73' lang='lat' dir='ltr'><strong>quq,</strong></span> <span class='ocrx_word' id='word_1_866' title='bbox 1167 5656 1202 5731; x_wconf 73' lang='grc' dir='ltr'>ᾗ</span> <span class='ocrx_word' id='word_1_867' title='bbox 1232 5656 1426 5731; x_wconf 66' lang='lat' dir='ltr'><strong>(Cale)</strong></span> 
     </span>
    </p>
   </div>
   <div class='ocr_carea' id='block_1_114' title="bbox 2194 5358 3761 5446">
    <p class='ocr_par' dir='ltr' id='par_1_114' title="bbox 2194 5358 3761 5446">
     <span class='ocr_line' id='line_1_115' title="bbox 2194 5358 3761 5446; baseline -0.001 -7"><span class='ocrx_word' id='word_1_868' title='bbox 2194 5389 2237 5419; x_wconf 72' lang='lat'><strong>9°</strong></span> <span class='ocrx_word' id='word_1_869' title='bbox 2259 5386 2352 5440; x_wconf 87' lang='grc' dir='ltr'><strong>τοῦ</strong></span> <span class='ocrx_word' id='word_1_870' title='bbox 2386 5388 2537 5441; x_wconf 87' lang='lat' dir='ltr'><strong>abest</strong></span> <span class='ocrx_word' id='word_1_871' title='bbox 2567 5387 2633 5437; x_wconf 85' lang='lat' dir='ltr'><strong>ab</strong></span> <span class='ocrx_word' id='word_1_872' title='bbox 2662 5384 2749 5438; x_wconf 85' lang='lat' dir='ltr'><strong>ed.</strong></span> <span class='ocrx_word' id='word_1_873' title='bbox 2778 5383 2894 5439; x_wconf 87' lang='lat' dir='ltr'><strong>Gal.</strong></span> <span class='ocrx_word' id='word_1_874' title='bbox 2982 5386 3029 5421; x_wconf 53' lang='lat'><strong>9‘»</strong></span> <span class='ocrx_word' id='word_1_875' title='bbox 3049 5374 3200 5446; x_wconf 75' lang='grc' dir='ltr'>οὗτος</span> <span class='ocrx_word' id='word_1_876' title='bbox 3220 5396 3329 5438; x_wconf 87' lang='lat' dir='ltr'><strong>non</strong></span> <span class='ocrx_word' id='word_1_877' title='bbox 3357 5382 3522 5437; x_wconf 85' lang='lat' dir='ltr'><strong>habet</strong></span> <span class='ocrx_word' id='word_1_878' title='bbox 3543 5358 3633 5440; x_wconf 85' lang='lat' dir='ltr'><strong>ed.</strong></span> <span class='ocrx_word' id='word_1_879' title='bbox 3656 5381 3761 5440; x_wconf 68' lang='lat' dir='ltr'><strong>Gal.</strong></span> 
     </span>
    </p>
   </div>
   <div class='ocr_carea' id='block_1_115' title="bbox 2177 5505 2395 5562">
    <p class='ocr_par' dir='ltr' id='par_1_115' title="bbox 2177 5505 2395 5562">
     <span class='ocr_line' id='line_1_116' title="bbox 2177 5505 2395 5562; baseline -0.018 0"><span class='ocrx_word' id='word_1_880' title='bbox 2177 5505 2395 5562; x_wconf 79' lang='lat' dir='ltr'><strong>NOT/E.</strong></span> 
     </span>
    </p>
   </div>
   <div class='ocr_carea' id='block_1_116' title="bbox 2400 5592 3143 5663">
    <p class='ocr_par' dir='ltr' id='par_1_116' title="bbox 2400 5592 3143 5663">
     <span class='ocr_line' id='line_1_117' title="bbox 2400 5592 3143 5663; baseline 0.003 -20"><span class='ocrx_word' id='word_1_881' title='bbox 2400 5594 2475 5657; x_wconf 71' lang='grc' dir='ltr'>(ιι)</span> <span class='ocrx_word' id='word_1_882' title='bbox 2500 5592 2651 5663; x_wconf 61' lang='lat' dir='ltr'><strong>Lege</strong></span> <span class='ocrx_word' id='word_1_883' title='bbox 2686 5594 2912 5647; x_wconf 71' lang='lat' dir='ltr'><strong>cedente.</strong></span> <span class='ocrx_word' id='word_1_884' title='bbox 2949 5592 3143 5663; x_wconf 66' lang='lat' dir='ltr'><strong>(Cale)</strong></span> 
     </span>
    </p>
   </div>
   <div class='ocr_carea' id='block_1_117' title="bbox 2399 5661 3118 5738">
    <p class='ocr_par' dir='ltr' id='par_1_117' title="bbox 2399 5661 3118 5738">
     <span class='ocr_line' id='line_1_118' title="bbox 2399 5661 3118 5738; baseline 0.001 -24"><span class='ocrx_word' id='word_1_885' title='bbox 2399 5666 2467 5731; x_wconf 75' lang='grc' dir='ltr'>(ι’)</span> <span class='ocrx_word' id='word_1_886' title='bbox 2500 5661 2636 5738; x_wconf 74' lang='lat' dir='ltr'><strong>Lege</strong></span> <span class='ocrx_word' id='word_1_887' title='bbox 2671 5666 2884 5733; x_wconf 62' lang='lat' dir='ltr'><strong>regitur.</strong></span> <span class='ocrx_word' id='word_1_888' title='bbox 2926 5663 3118 5730; x_wconf 69' lang='lat' dir='ltr'><strong>tGale.)</strong></span> 
     </span>
    </p>
   </div>
  </div>
