3966 6340
538 237 825 327 1083'

615 470 910 522 essentiam
974 470 1240 524 virtutum
1289 473 1459 526 veluti
1496 476 1763 530 naturalis
1814 493 1999 532 semen
2046 480 2177 535 boni

618 557 853 611 ﬁdeliter
884 573 983 627 per
1006 560 1345 615 voluntatem
1372 563 1586 629 colens,
1612 573 1671 619 et
1704 566 1758 620 id
1793 567 1969 636 ipsum
1995 579 2178 622 osten-

549 707 559 712 _
619 642 755 696 dens
784 645 1056 713 principio
1087 646 1246 702 tinem
1269 656 1324 701 et
1354 650 1681 718 principium
1704 652 1818 718 ﬁni,
1854 656 2023 725 magis
2051 670 2180 709 vero

620 733 678 787 id
711 736 886 803 ipsum
920 736 1252 805 principium
1287 754 1409 793 esse
1438 750 1493 794 et
1527 742 1719 808 tinem,
1754 747 1912 813 quasi
1955 761 2182 800 securus

620 822 790 877 Deum
812 827 1176 882 constituens.
1191 815 1581 896 concionator
1606 833 1878 901 siquidem
1913 837 2181 891 universa

622 913 699 966 rei
731 914 1056 985 principium
1077 926 1134 971 et
1159 919 1323 972 linem
1355 921 1448 988 qui
1478 921 1529 973 in
1581 922 1763 990 seipso
1793 924 1964 989 videt,
2002 927 2182 979 subsi-

606 1011 771 1057 stere
805 1006 981 1059 credit
1007 1023 1019 1057 :
1043 1008 1380 1085 principium
1407 1010 1652 1077 quidem,
1684 1013 1837 1079 quasi
1878 1014 2004 1068 inde
2035 1017 2180 1069 acci-

624 1092 781 1160 piens
822 1103 877 1148 et
921 1098 1219 1150 essentiam
1267 1113 1365 1165 per
1414 1100 1885 1168 participationem
1934 1105 2182 1159 naturale

624 1182 857 1248 bonum;
898 1181 1060 1237 ﬁnem
1100 1202 1232 1239 vero
1272 1188 1443 1242 veluti
1488 1205 1587 1257 per
1618 1192 1983 1259 cognitionem
2013 1193 2183 1261 ipsius

624 1270 879 1340 principii
926 1283 979 1325 et
1026 1276 1351 1353 appetitum,
1377 1279 1728 1342 laudabilem,
1763 1282 1828 1334 ad
1861 1282 2037 1350 ipsum
2066 1284 2183 1337 sine

625 1375 814 1415 errore
857 1363 1148 1417 ducentem
1182 1380 1304 1419 cum
1357 1366 1707 1423 festinatione
1737 1371 2028 1439 perﬁciens
2061 1389 2187 1427 cur-

627 1465 770 1514 sum,
802 1468 899 1520 per
941 1468 1103 1521 quem
1152 1452 1211 1506 ﬁt
1252 1454 1417 1518 Deus,
1464 1472 1530 1510 ex
1570 1458 1682 1512 Deo
1709 1459 1853 1512 Deus
1887 1474 2007 1514 esse
2045 1463 2186 1515 acci-

628 1541 818 1609 piens;
862 1544 1059 1596 merito
1086 1545 1389 1599 secundum
1428 1546 1720 1615 imaginem
1752 1550 1986 1603 naturali
2018 1550 2183 1616 bono,

629 1631 936 1695 voluntate,
977 1649 1074 1701 per
1115 1635 1350 1689 virtutes
1382 1636 1591 1691 addens
1631 1638 2051 1694 similitudinem
2089 1656 2187 1710 per

631 1720 851 1775 insitam
899 1723 966 1776 ad
1004 1725 1286 1794 proprium
1340 1718 1673 1797 principium
1713 1730 2087 1787 ascensionem
2131 1730 2190 1787 et

633 1814 1081 1869 familiaritatem.
1112 1818 1179 1871 Et
1211 1818 1471 1886 impletur
1494 1821 1562 1874 de
1596 1830 1795 1875 caetero
1824 1823 1877 1876 in
1907 1824 2027 1892 ipso
2059 1839 2190 1892 apo-

538 1950 539 1953 η
632 1905 861 1960 stolicus
890 1920 1090 1970 sermo,
1114 1907 1304 1962 dicens
1332 1926 1344 1960 :
1377 1906 1442 1961 In
1459 1911 1569 1978 ipso
1595 1912 1739 1969 enim
1757 1914 1976 1965 vivimus
2004 1920 2053 1967 et
2075 1921 2189 1966 mo-

594 2022 604 2075 ρ
633 2011 816 2050 remur
839 2004 887 2048 et
921 2013 1098 2050 sumus
1117 2005 1165 2049 ο.
1193 1998 1278 2051 Fit
1306 1999 1452 2052 enim
1473 2000 1529 2053 in
1556 2001 1667 2054 Deo
1692 1996 1790 2069 per
1813 2002 2189 2055 excellentiam

633 2086 1144 2141 anterexsistentem
1207 2087 1263 2147 in
1294 2087 1406 2151 Deo
1466 2088 1715 2143 essentia:
1766 2088 2031 2143 rationem
2083 2104 2193 2143 non

635 2190 1017 2245 corrumpens,
1049 2186 1105 2230 et
1129 2185 1380 2243 movetur
1403 2178 1459 2230 in
1503 2178 1614 2232 Deo
1644 2178 1946 2232 secundum
1986 2194 2193 2248 prtece-

636 2264 857 2319 dentem
906 2266 960 2319 in
1001 2267 1112 2321 Deo
1146 2268 1286 2321 bene
1334 2283 1455 2322 esse
1496 2269 1785 2334 rationem,
1833 2287 1930 2338 per
1960 2272 2194 2324 virtutes

635 2369 887 2424 operans,
920 2364 975 2409 et
995 2358 1129 2409 vivit
1152 2359 1206 2410 in
1234 2359 1344 2412 Deo
1382 2351 1685 2413 secundum
1710 2361 2107 2428 praecedentem
2137 2362 2193 2414 in

636 2445 748 2499 Deo
775 2442 993 2514 stmper
1025 2461 1143 2499 esse
1173 2447 1460 2500 rationem.
1502 2448 1602 2501 Hic
1624 2450 1843 2517 quidem
1865 2453 1973 2518 jam
2001 2466 2196 2504 secun-

638 2532 769 2586 dum
798 2532 1185 2601 impassibilem
1212 2523 1367 2586 valde
1392 2534 1640 2587 habitum
1680 2534 1733 2587 id
1768 2536 1944 2602 ipsum
1978 2537 2198 2591 sibimet

532 2662 541 2670 .
638 2630 693 2687 et
718 2622 1173 2676 incommutabilis
1192 2632 1302 2688 est;
1332 2623 1383 2676 in
1411 2626 1597 2677 futuro
1619 2640 1747 2679 vero
1782 2626 1977 2689 saeculo
2001 2642 2196 2682 secun-

639 2712 767 2766 dum
796 2712 975 2765 datam
1013 2713 1248 2777 theosin,
1300 2713 1353 2767 id
1398 2721 1480 2767 est
1510 2714 1940 2779 deiﬁcationem,
1997 2709 2196 2785 praedi-

641 2812 761 2857 etas
806 2803 861 2855 in
913 2804 1022 2855 Deo
1076 2806 1463 2859 antecedentes
1511 2822 1740 2870 causas,
1798 2810 1968 2877 magis
2015 2820 2197 2863 autem

642 2880 854 2955 Deum,“
884 2893 941 2945 in
970 2908 1080 2961 quo
1122 2908 1300 2946 causae
1348 2894 1615 2948 bonorum
1648 2896 1876 2965 praefixae
1930 2909 2087 2981 sunt,
2140 2899 2222 2967 in‘

644 2984 911 3038 charitate
939 2998 1127 3037 amans
1149 2991 1203 3037 et
1238 2984 1607 3048 salutaturus;
1642 2992 1696 3036 et
1724 2992 1808 3037 est
1834 3000 1959 3052 pars
1986 2986 2103 3050 Dei,
2139 2992 2199 3038 ut

589 3073 595 3078 ’
645 3084 729 3129 est
755 3090 853 3144 per
874 3074 1127 3129 essentia:
1156 3089 1267 3128 suae
1298 3075 1349 3127 in
1378 3074 1488 3129 Deo
1522 3075 1788 3127 rationem
1810 3112 1823 3136 ,
1855 3083 1910 3127 et
1944 3083 2003 3126 ut
2024 3074 2200 3127 bonus

2303 3081 2361 3132 ἐν
2390 3078 2468 3148 τῷ
2520 3077 2638 3147 Θεῷ
2682 3076 2776 3130 τοῦ
2823 3077 2909 3129 ἀεὶ
2952 3072 3091 3127 εἶναι
3131 3073 3292 3126 αὑτοῦ
3338 3072 3525 3140 λόγον,
3546 3070 3619 3134 ὦς
3644 3069 3853 3131 τούτους
3938 3134 3939 3141 κ

644 3182 743 3235 per
779 3156 1165 3220 bene‘essendi
1202 3166 1257 3219 in
1298 3167 1408 3219 Deo
1433 3165 1722 3230 rationem,
1752 3173 1808 3217 et
1834 3173 1893 3217 ut
1925 3165 2067 3217 Deus
2105 3180 2205 3232 per

624 3272 863 3326 ,semper
887 3256 1105 3310 essendi
1142 3258 1411 3309 rationem
1434 3296 1446 3318 ,
1480 3258 1679 3310 merito
1709 3270 1801 3308 eas
1846 3255 2120 3307 honorans
2152 3263 2207 3308 et

650 3347 949 3403 secundum
990 3362 1082 3400 eas
1122 3362 1379 3415 operans,
1448 3356 1503 3400 et
1533 3362 1633 3416 per
1680 3361 1773 3400 eas
1812 3347 2048 3415 seipsum
2085 3346 2208 3412 qui-

651 3438 774 3491 dem
799 3438 910 3492 Deo
954 3436 1053 3490 soli
1099 3452 1195 3505 per
1232 3443 1405 3489 totum
1434 3437 1724 3491 inserens:
1759 3436 1927 3491 Deum
1953 3420 2206 3505 verissu-

652 3530 764 3583 lmn
801 3527 1021 3582 sibimet
1057 3543 1156 3597 per
1182 3536 1356 3581 totum
1388 3535 1443 3582 et
1489 3529 1791 3599 imaginaris
1840 3539 1895 3584 et
1934 3528 2204 3595 formans,

596 3658 608 3670 .
653 3621 728 3675 ita
761 3630 821 3679 ut
850 3629 905 3675 et
938 3620 1053 3690 ipse
1107 3620 1177 3674 sit
1200 3620 1375 3690 gratia
1408 3629 1462 3673 et
1494 3628 1722 3675 vocetur
1763 3620 1925 3684 Deus,
1972 3629 2027 3673 et
2067 3622 2211 3674 Deus

654 3714 727 3768 sit
756 3711 1221 3767 condescensione
1278 3719 1329 3764 et
1363 3727 1462 3779 per
1510 3726 1569 3765 se
1619 3719 1846 3763 vocetur
1893 3711 2094 3773 homo,
2158 3718 2212 3762 et

654 3812 846 3858 mutuo
894 3802 947 3854 in
988 3801 1093 3854 hoc
1137 3799 1333 3853 atl‘ectu
1368 3799 1688 3852 ostendatur
1723 3799 1931 3859 virtus,
1989 3815 2107 3868 qum
2157 3809 2213 3854 ct

657 3890 934 3945 hominem
984 3888 1095 3940 Deo
1144 3902 1242 3955 per
1282 3886 1528 3939 divinum
1577 3901 1822 3939 amorem
1872 3886 2111 3949 deiﬁcat,
2158 3896 2213 3942 ct

656 3983 825 4036 Deum
857 3980 1059 4034 homini
1107 3994 1204 4050 per
1237 3977 1536 4032 humanum
1572 3988 1813 4031 amorem
1866 3975 2210 4042 inhumanat,

657 4082 714 4126 et
758 4071 889 4125 facit
941 4086 1039 4138 per
1072 4070 1270 4123 bonam
1319 4070 1735 4123 conversionem
1769 4070 1943 4123 Deum
1987 4069 2211 4139 quidem

660 4162 937 4215 hominem
973 4175 1070 4228 per
1114 4160 1355 4213 hominis
1393 4160 1813 4225 deiﬁeationem,
1850 4169 1904 4214 et
1938 4161 2214 4214 hominem

660 4264 832 4317 Deum
858 4276 953 4330 per
984 4260 1077 4313 Dei
1114 4259 1635 4312 inhumanationem.
1660 4259 1788 4311 Vult
1822 4260 1965 4312 enim
2002 4254 2216 4327 semper

1753 274 1812 333 s.
1853 275 2137 336 MAXIMI
2175 251 2680 341 CONFESSORIS

2281 574 2378 642 τὴν
2408 577 2582 645 ἀρχὴν
2612 576 2689 644 τῷ
2724 576 2887 638 τέλει,
2922 575 3119 645 μᾶλλον
3148 573 3204 625 δὲ
3250 573 3449 626 ταυτὸν
3478 574 3667 642 ἀρχὴν
3695 570 3851 625 οὖσαν

2282 665 2375 717 καὶ
2415 665 2588 729 τέλος,
2621 666 2697 728 ὡς
2724 665 3006 727 ἀνόθευτος
3030 663 3166 718 Θεοῦ
3195 661 3481 737 τυγχάνων
3522 663 3847 730 συνήγορος,

2282 748 2439 821 εἴπερ
2469 753 2668 814 παντὸς
2697 751 3019 821 πράγματος
3044 750 3185 821 ἁρχὴ
3214 752 3309 802 καὶ
3328 750 3481 811 τέλος
3510 752 3538 802 ό
3573 748 3675 802 ἐπ’
3711 747 3849 813 αὐτῷ

2284 841 2486 904 σκοπὸς
2514 842 2782 911 ὑπάρχειν
2823 840 3201 903 πεπίστευται,
3232 840 3333 909 τὴν
3366 840 3463 910 μὲν
3516 838 3590 901 ὡς
3640 837 3848 888 ἐκεῖθεν

2282 928 2518 997 εἰληφὼς
2543 931 2676 1000 πρὸς
2704 929 2781 999 τῷ
2812 926 2952 983 εἶναι
2978 930 3072 982 καὶ
3098 928 3159 981 τὸ
3171 928 3201 973 δν
3221 928 3359 982 κατὰ
3387 926 3602 998 μέθεξιν
3642 926 3844 995 φύσει⁵

2282 1016 2508 1083 ἀγαθὸν,
2544 1019 2602 1070 τὸ
2627 1018 2683 1070 δὲ
2705 1018 2778 1079 ὡς
2804 1018 2925 1070 κατ’
2955 1017 3124 1086 αὐτὴν
3147 1016 3341 1085 γνώμῃ
3372 1032 3431 1067 τε
3464 1016 3562 1067 καὶ
3584 1013 3846 1082 προαιρέ-

2284 1124 2366 1158 σει
2413 1107 2503 1157 τὸν
2553 1104 2837 1159 ἐπαινετὸν
2867 1106 2961 1158 καὶ
3005 1106 3142 1175 πρὸς
3168 1105 3334 1173 αὐτὴν
3362 1103 3617 1165 ἀπλανῶς
3650 1104 3848 1170 ἄγοντα

2283 1192 2581 1256 ἑξανύσαςσ
2610 1194 2808 1262 δρόμον
2836 1194 2923 1246 διὰ
2955 1168 3210 1260 σπουδῆς,
3234 1168 3356 1245 καθ’
3376 1193 3434 1245 δν
3460 1192 3678 1259 γίνεται
3704 1168 3845 1253 Θεὸς,

2284 1282 2348 1334 ὲκ
2373 1281 2468 1333 τοῦ
2502 1281 2637 1333 Θεοῦ
2675 1282 2737 1333 τὸ
2770 1282 2902 1345 Θεὸς
2950 1278 3091 1335 εἶναι
3137 1282 3451 1352 λαμϐάνων,
3481 1283 3557 1343 ὡς
3581 1281 3715 1350 τῷτ
3739 1281 3848 1333 κατ’
3938 1272 3939 1307 λ

2284 1374 2468 1425 εἰκόνα
2512 1372 2673 1439 φύσει
2726 1372 2876 1440 καλῷ
2906 1373 3000 1424 καὶ
3047 1370 3365 1443 προαιρέσει
3397 1372 3494 1441 τὴν
3531 1369 3849 1441 δι’νὰρστῶν

2285 1461 2543 1529 προσθεὶς
2578 1460 2917 1539 ἐξομοίωσιν,
2968 1460 3072 1514 διὰ.
3119 1460 3219 1531 τῆς
3263 1461 3506 1531 ἐμφύτου
3560 1461 3711 1530 πρὸς
3761 1459 3849 1529 τὴν

2290 1549 2428 1603 ἰδίαν
2457 1552 2629 1619 ἀρχὴν
2656 1549 2969 1623 ἀναϐάσειὶις
2994 1568 3055 1604 τε
3076 1552 3169 1605 καὶ
3196 1551 3546 1619 οἰκειότητος.
3575 1550 3698 1603 Καὶ
3727 1548 3850 1616 πλη-

2292 1639 2477 1705 ροῦται
2504 1637 2686 1689 λοιπὸν
2710 1638 2802 1690 καὶ
2828 1637 2915 1689 ἐπ’
2946 1637 3089 1706 αὐτῷ
3123 1638 3182 1691 τὸ
3208 1636 3563 1691 ἀποστολικὸν
3594 1637 3768 1705 ῥητὸν
3795 1634 3849 1688 εδ

2291 1727 2498 1794 φάσκον
2517 1743 2529 1755 ·
2576 1724 2673 1779 Ἐν
2701 1724 2858 1789 αὐτῷ
2890 1727 2998 1796 γὰρ
3031 1725 3215 1794 ζῶμεν
3258 1726 3357 1779 καί
3399 1725 3732 1792 κινούμεθα
3760 1722 3845 1774 καί

2292 1815 2496 1884 ἐσμέν.
2527 1800 2742 1869 Γίνεται
2771 1806 2879 1886 γὰρ
2913 1818 2971 1869 ὲν
2997 1815 3072 1885 τῷ
3097 1814 3214 1885 Θεῷ
3236 1815 3325 1868 διὰ
3356 1814 3655 1885 προσοχῆς,
3677 1813 3773 1866 τὸν
3799 1815 3850 1865 ὲν

2290 1909 2368 1977 τῷ
2400 1908 2519 1977 Θεῷ
2562 1908 2796 1978 προόντα
2835 1906 2930 1959 τοῦ
2979 1902 3117 1967 εἶναι
3154 1905 3312 1974 λόγον
3344 1906 3417 1974 μὴ
3452 1903 3849 1975 παραφθείρας,

2268 1997 2384 2059 ,καί
2407 2000 2634 2050 κινεῖται
2663 1998 2720 2049 ὲν
2749 1997 2827 2067 τῷ
2857 1997 2975 2066 Θεῷ
3001 1994 3143 2050 κατὰ
3172 1995 3261 2048 τὸν
3289 1996 3529 2064 προόντα
3554 1996 3612 2046 ὲν
3630 1993 3719 2063 τῷ
3742 1990 3850 2061 Θεῷ

2291 2086 2385 2139 τοῦ
2422 2086 2480 2139 εῦ
2515 2083 2653 2139 εἶναι
2692 2087 2868 2151 λόγον,
2903 2086 2990 2139 διά
3035 2085 3141 2139 τῶν
3179 2086 3390 2156 ἀρετῶν
3442 2084 3845 2155 ὲνεργούμενος,

2293 2174 2388 2228 καὶ
2420 2173 2485 2244 ζῇ
2522 2178 2579 2227 ὲν
2613 2176 2691 2244 τῷ
2729 2172 2850 2240 Θεῷ
2882 2174 3023 2226 κατά
3049 2174 3139 2225 τὸν
3168 2174 3403 2243 προόντα
3433 2175 3490 2224 ὲν
3513 2172 3589 2243 τῷ
3614 2172 3740 2241 Θεῷ
3766 2168 3850 2223 τοῦ

2293 2265 2381 2318 ἀεὶ
2414 2254 3079 2338 εἷναιῄλόγονῇἙντεῦθεν
3123 2262 3221 2332 μὲν
3264 2262 3366 2331 ήδη
3399 2260 3543 2313 κατά
3571 2262 3671 2330 τὴν
3720 2261 3851 2312 am-

2295 2355 2559 2424 θεστάτην
2582 2356 2715 2421 ηὲξιν
2740 2354 2936 2408 ταυτὸν
2966 2352 3142 2424 ἑαυτῷ
3175 2351 3268 2406 διαὶ
3305 2352 3561 2421 ἀκίνητος
3588 2351 3685 2412 ὢν,
3722 2351 3777 2401 ἑν
3800 2348 3848 2402 εδ

2295 2448 2370 2516 τῷ
2408 2448 2653 2517 μέλλοντι
2694 2447 2848 2499 αἰῶνι
2890 2445 3031 2499 κατά
3060 2445 3157 2516 τὴν
3188 2444 3563 2516 δοθησομένην
3597 2440 3780 2513 (125
3800 2440 3847 2507 b)

2297 2539 2488 2591 θέωσιν
2536 2539 2660 2599 τοὺς
2703 2534 3029 2605 εἰρημένους
3082 2536 3176 2587 καὶ
3231 2536 3289 2587 ὲν
3328 2535 3405 2603 τῷ
3447 2533 3568 2603 Θεῷ
3594 2532 3849 2603 προόντες

2295 2628 2505 2695 λόγους,
2542 2628 2738 2698 μᾶλλον
2768 2627 2824 2678 δὲ
2850 2628 2937 2679 τὸν
2966 2626 3117 2691 Θεὸν,
3148 2626 3206 2678 ὲν
3236 2619 3280 2692 ᾧ
3304 2626 3353 2677 οἰ
3385 2624 3535 2691 λόγοι
3554 2624 3656 2676 τῶν
3682 2621 3852 2676 καλῶν

2298 2721 2630 2788 πεπήγασιν,
2660 2716 3022 2785 ἀγαπητικῶς
3055 2717 3298 2786 στέργων
3321 2714 3417 2768 καὶ
3448 2713 3845 2779 ἀσπαζόμενος·

2297 2811 2394 2862 καὶ
2425 2809 2538 2861 ἔστι
2585 2812 2747 2879 μοῖρα
2770 2807 2928 2871 Θεοῦ,
2958 2808 3033 2870 ὼς
3058 2805 3154 2871 ὢν,
3184 2806 3272 2858 διὰ
3298 2804 3389 2857 τὸν
3419 2806 3477 2858 ὲν
3515 2803 3589 2872 τῷ
3616 2801 3737 2870 Θεῷ
3765 2797 3851 2851 τοῦ

2299 2896 2437 2952 εἶναι
2497 2900 2659 2950 αὐτοῦ
2715 2899 2892 2966 λόγον,
2928 2898 3031 2950 καὶ
3076 2896 3151 2958 ὡς
3180 2894 3406 2962 ἀγαθὸς,
3440 2893 3531 2945 διὰ
3576 2890 3663 2942 τόν
3704 2887 3852 2957 ἐντῷ

2301 2988 2419 3057 Θεῷ
2458 2987 2549 3039 τοῦ
2578 2983 2635 3039 εὖ
2668 2985 2805 3038 εἶναι
2837 2986 2997 3038 αὑτοῦ
3023 2986 3205 3052 λόγον,
3240 2984 3334 3035 καὶ
3379 2982 3454 3043 ὡς
3482 2980 3632 3042 Θεὸς,
3661 2978 3752 3031 διὰ
3772 2978 3852 3030 τὸν

2304 3170 2539 3239 τιμήσας
2583 3168 2676 3220 καὶ
2707 3165 2837 3245 ἱκατ’
2870 3164 3066 3227 αὐτοὺς
3106 3164 3430 3233 ἐνεργήσας,
3462 3164 3557 3215 καὶ
3597 3161 3663 3214 δι’
3687 3157 3856 3212 αὐτῶν

2306 3261 2497 3314 ἑαυτὸν
2530 3258 2627 3328 μὲν
2657 3258 2732 3329 τῷ
2758 3257 2875 3326 Θεῷ
2916 3257 3061 3327 μόνῳ
3094 3255 3158 3309 δι’
3184 3257 3305 3310 ὅλου
3341 3254 3652 3323 ἐνθέμενος,
3676 3251 3767 3304 τὸν
3803 3248 3855 3304 δὲ

2307 3348 2436 3401 Θεὸν
2471 3349 2629 3419 μόνον
2677 3347 2856 3417 ἑαυτῷ
2883 3346 2947 3399 δι’
2983 3346 3105 3400 ὅλου
3137 3342 3454 3405 ὲντυπώσας
3489 3360 3550 3395 τε
3605 3341 3698 3394 xui.
3734 3355 3855 3410 μορ-

2308 3439 2515 3509 φώσας.
2559 3438 2698 3494 ὥστε
2740 3426 2835 3491 διαὶ
2873 3436 3033 3491 αὐτὸν
3079 3431 3220 3489 εἶναί
3248 3451 3310 3487 τε
3340 3434 3523 3503 χάριτι
3551 3433 3642 3484 καὶ
3679 3429 3855 3483 καλεῖ-

2310 3532 2430 3583 σθαι
2460 3529 2610 3593 Θεὸν,
2638 3527 2733 3581 καὶ
2765 3526 2856 3580 τὸν
2886 3526 3019 3578 Θεὸν
3051 3519 3191 3578 εἶναί
3232 3540 3295 3576 τε
3341 3520 3742 3589 συγκαταϐαιςει
3770 3518 3855 3571 καὶ

2310 3618 2587 3674 καλεῖσθαι
2610 3619 2678 3670 δι’
2710 3616 2871 3668 αὑτὸν
2902 3614 3210 3685 ἄνθρωπον,
3261 3613 3355 3665 καὶ
3392 3612 3494 3679 τῆς
3540 3608 3856 3677 ἀντιδιδομὲ-

2310 3706 2406 3774 νης
2435 3706 2525 3759 ἐπὶ
2556 3704 2725 3773 τούτῳ
2743 3702 3033 3763 διαθέσεως
3060 3700 3336 3769 δειχθῆναι
3362 3700 3459 3768 τὴν
3487 3697 3733 3767 δύναμιν,
3769 3696 3857 3765 τὴν

2312 3797 2408 3850 καὶ
2436 3796 2527 3847 τὸν
2565 3794 2847 3865 ἄνθρωπον
2874 3791 2949 3861 τῷ
2973 3790 3091 3861 Θεῷ
3120 3789 3344 3843 θεοῦσαν
3371 3789 3458 3842 διὰ
3497 3789 3560 3841 τὸ
3603 3786 3857 3857 φιλόθεον,

2314 3888 2406 3940 καὶ
2438 3887 2528 3939 τὸν
2564 3885 2695 3938 Θεὸν
2722 3884 2799 3952 τῷ
2829 3880 3097 3952 ἀνθρώπῳ
3140 3881 3228 3934 διὰ
3269 3880 3329 3933 τὸ
3358 3880 3747 3949 ’φιλάνθρωπον
3774 3877 3858 3929 ἀν-
3911 3928 3914 3935 ,

2315 3977 2693 4049 θρωπίζουσαν
2727 3975 2820 4027 καὶ
2873 3971 3135 4026 ποιοῦσαν
3183 3974 3325 4026 κατά
3373 3971 3471 4041 τὴν
3514 3971 3679 4041 καλὴν
3724 3972 3858 4023 am-

2316 4068 2574 4139 στροφὴν,
2618 4068 2707 4120 τὸν
2746 4064 2843 4134 μὲν
2877 4063 3010 4117 Θεὸν
3038 4064 3346 4134 ἄνθρωπον,
3380 4064 3470 4116 διά
3514 4063 3611 4131 τὴν
3651 4060 3745 4113 τοῦ
3771 4061 3855 4112 ἁν-

2317 4160 2533 4229 θρώπου
2576 4156 2795 4220 θέωσιν,
2830 4157 2917 4209 τὸν
2945 4156 3001 4208 δὲ
3046 4155 3331 4224 ἄνθρωπον
3356 4152 3510 4215 Θεὸν,
3537 4152 3623 4205 διά
3656 4152 3752 4220 τὴν
3772 4149 3855 4201 τοῦ

2317 4252 2451 4303 Θεοῦ
2486 4249 2837 4317 ἀνθρὼπησιν
2854 4247 2896 4299 ⁸.
2932 4245 3190 4298 Βούλεται
3215 4243 3323 4310 γὰρ
3349 4243 3437 4295 ἀεὶ
3471 4244 3568 4295 καὶ
3613 4246 3664 4294 ἐν
3703 4243 3853 4294 πᾶσιν

663 4361 719 4407 ct
750 4352 804 4404 in
841 4343 1092 4403 omnibus
1130 4350 1225 4403 Dei
1264 4349 1504 4404 Verbum
1540 4356 1594 4401 et
1626 4350 1770 4403 Deus
1813 4365 1908 4402 sua
1958 4351 2200 4418 incorpo-

2317 4344 2344 4395 ὁ
2376 4340 2468 4394 τοῦ
2500 4338 2633 4391 Θεοῦ
2667 4338 2835 4403 Λόγος
2862 4335 2958 4388 καὶ
2992 4335 3123 4397 Θεὸς
3182 4334 3283 4401 τῆς
3324 4330 3488 4384 αὐτοῦ
3547 4328 3850 4399 ὲνσωματὼσ

664 4441 874 4495 ratione
907 4440 1117 4510 operari
1163 4438 1636 4511 mysterium..Qui
1676 4453 1806 4492 vero
1844 4454 2001 4491 suum
2051 4441 2218 4493 relin-

666 4547 840 4601 quens
882 4531 1212 4600 principium
1263 4547 1388 4599 pars
1434 4531 1528 4583 Dei
1579 4527 1907 4582 constitutus
1952 4543 2049 4595 per
2079 4531 2219 4582 exsi-

668 4630 901 4676 stentem
928 4622 981 4674 in
1008 4622 1124 4690 ipso
1159 4621 1380 4684 virtutis
1416 4619 1686 4672 rationem
1713 4616 2013 4679 secundum
2038 4618 2220 4669 reddi-

670 4719 777 4765 tam
812 4727 1030 4765 causam
1087 4711 1154 4763 ad
1212 4710 1266 4761 id
1297 4708 1442 4777 quod
1490 4724 1597 4761 non
1640 4714 1724 4761 est
1775 4706 2222 4759 irrationabiliter

646 4802 866 4865 .i’ertur,
922 4784 1068 4869 rbcte
1119 4800 1404 4853 desursum
1450 4796 1955 4859 deﬂuere’dicitur,
2004 4813 2109 4848 non
2156 4796 2219 4847 ad

672 4898 830 4945 suum
865 4888 1195 4958 principium
1239 4896 1293 4941 et
1346 4902 1591 4950 causam,
1636 4903 1665 4940 a
1694 4901 1801 4955 qua
1833 4894 1888 4940 et
1924 4885 1975 4939 in
2020 4902 2124 4953 qua
2171 4894 2225 4938 et

672 4996 771 5049 per
795 4995 957 5049 quam
980 4978 1156 5032 factus
1184 4985 1288 5041 cst,
1326 4970 1542 5041 motus;
1570 4986 1624 5030 et
1644 4985 1725 5031 est
1766 4977 1820 5030 in
1847 4986 2023 5029 meatu
2057 4977 2225 5028 insta—

673 5068 772 5122 bili
820 5078 876 5121 et
914 5066 1310 5121 inordinatione
1357 5065 1524 5118 ﬂuxili
1576 5067 1770 5119 anima:
1814 5074 1869 5119 et
1910 5065 2158 5132 corporis
2199 5080 2226 5117 a

635 5209 638 5211 Α
675 5174 785 5211 non
818 5166 1041 5211 errante
1072 5166 1127 5210 et
1156 5158 1409 5211 similiter
1441 5155 1675 5210 habente
1703 5165 1884 5221 causa,
1908 5155 1973 5208 ad
2005 5155 2057 5207 id
2084 5152 2232 5221 quod

749 5303 776 5331 ιι
804 5264 925 5350 Act.
978 5275 1109 5362 xv",
1135 5294 1222 5349 28.

2317 4448 2449 4491 σεως
2484 4426 2819 4497 ἐνεργεῖσθαι
2861 4424 2920 4477 τὸ
2967 4424 3282 4493 μυστήριον.
3318 4421 3504 4485 Ὅστις
3530 4422 3586 4473 δὲ
3618 4423 3711 4489 τῆς
3739 4419 3859 4478 ἰδίας

2316 4521 2589 4587 ἀφέμενος
2621 4517 2795 4587 ἀρχῆς
2851 4516 3014 4584 μοῖρα
3056 4512 3340 4580 τυγχάνων
3392 4510 3529 4564 Θεοῦ
3570 4511 3648 4564 διὰ
3684 4511 3773 4562 τὸν
3808 4511 3857 4561 ἐν

2318 4609 2463 4677 αὐτῷ
2497 4608 2595 4675 τῆς
2628 4605 2829 4675 ἀρετῆς
2858 4604 2986 4655 ὅντα
3034 4601 3192 4667 λόγον
3238 4599 3380 4653 κατὰ
3403 4600 3503 4669 τὴν
3531 4598 3856 4653 ἀποδοθεῖσαν

2319 4697 2493 4750 αἰτίαν
2528 4695 2663 4761 πρὸς
2696 4695 2755 4747 τὸ
2790 4694 2864 4762 μὴ
2903 4691 2963 4743 δν
2994 4687 3319 4759 παραλόγως
3371 4690 3613 4757 φέρεται,
3652 4687 3860 4747 εἰκότως

2318 4786 2520 4841 ἄνωθεν
2550 4786 2738 4855 ῥεῦσαι
2777 4785 3020 4849 λέγεται,
3051 4780 3126 4848 μὴ
3155 4778 3290 4848 πρὸς
3319 4778 3416 4849 τὴν
3448 4780 3581 4833 ἰδίαν
3618 4780 3785 4848 ἀρχήν
3809 4792 3857 4829 τι

2324 4880 2421 4930 καὶ
2476 4878 2656 4929 αἰτίαν
2696 4866 2818 4927 καθ’
2869 4873 2934 4942 ἦν
2980 4870 3072 4923 καὶ
3103 4870 3186 4937 ἐφ’
3220 4883 3254 4941 ῃ
3289 4871 3384 4924 καὶ
3414 4871 3481 4924 δι’
3508 4873 3572 4941 ἢν
3593 4870 3859 4938 γεγένηται

2323 4966 2580 5034 κινηθεὶς,
2615 4966 2721 5019 καὶν
2743 4965 2889 5016 ἔστιν
2922 4963 2980 5014 ὲν
3011 4961 3227 5029 ἀστάτῳ
3268 4964 3539 5033 περιφορᾷ
3564 4962 3651 5014 καὶ
3681 4957 3858 5025 ἀταξίᾳ

2324 5060 2467 5129 δεινῇ
2514 5058 2691 5127 ψυχῆς
2742 5072 2801 5108 τε
2850 5054 2945 5108 καὶ
3008 5052 3277 5122 σώματος,
3326 5056 3429 5122 τῆς
3479 5051 3741 5113 ἀπλανοῦς
3779 5048 3857 5102 καὶ

2327 5152 2585 5212 ὡσαύτως
2608 5148 2841 5219 ἐχούσης
2869 5145 3045 5208 αἰτίας
3070 5147 3134 5215 τῇ
3171 5145 3306 5216 πρὸς
3335 5146 3398 5199 τὸ
3422 5144 3599 5216 ([26
3618 5142 3673 5211 α)
3698 5143 3855 5212 χεῖρον

1971 5382 2202 5469 vtam
2243 5400 2646 5459 LECTIONES.

752 5536 790 5607 ‘_
817 5536 878 5590 τὸ
926 5539 1230 5607 nonhabet
1264 5540 1353 5594 ed.
1393 5540 1509 5594 Gal.
1587 5538 1605 5569 ⁸
1638 5536 1795 5607 φύσει
1845 5550 1951 5591 non
2007 5534 2171 5589 habet
2204 5532 2290 5588 ed.
2326 5531 2441 5588 Gal.

687 5604 974 5681 θρώπιδσιν
994 5600 1100 5670 ed;
1116 5608 1233 5662 Gal.

2558 5530 2577 5560 ⁸
2601 5526 2853 5590 διανύσας
2876 5526 2963 5581 ed.
2986 5525 3103 5582 Gal.
3192 5527 3212 5559 '
3244 5525 3304 5581 τὸ
3361 5525 3447 5583 ed.
3477 5524 3585 5581 Gal.
3674 5522 3697 5554 ⁸
3719 5520 3855 5575 ἀναν-

3732 33 3940 342 ,ομί

615 379 779 432 ﬁxum
799 380 1150 447 participans,
1174 382 1292 437 sine
1310 383 1663 452 ambiguitate
1677 387 1848 441 Deum
1866 391 2180 459 participat,
2214 398 2257 452 Α
2286 391 2446 460 φύσιν
2484 394 2691 465 σπορὰν
2716 393 2810 457 τοῦ
2842 392 3048 463 ἀγαθοῦ
3081 393 3319 464 γνησίως
3345 393 3490 448 κατά
3528 395 3852 465 προαιρεσιν

2281 486 2604 555 γεωργήσας
2638 486 2733 540 καὶ
2750 485 2946 537 ταυτὸν
2971 484 3148 549 δείξας
3175 484 3243 553 τῇ
3274 483 3414 552 ἀρχῇ
3449 482 3511 535 τὸ
3540 483 3731 547 τέλος,
3766 484 3850 535 καὶ

3936 335 3939 485 l
