3966 6340
151 360 285 426 1085

1363 378 1876 438 AMBIGUORUM
1916 382 2162 442 LIBER.

146 470 376 540 ἑκουσίῳ
419 474 556 541 ῥοπῇ
594 473 692 544 τὴν
717 475 1016 547 ἀποτυχίαν
1041 480 1230 534 ἑαυτοῦ
1278 483 1674 552 καταπραξάμε

1777 536 1778 540 η
1805 487 2006 541 malum
2035 497 2120 544 est
2153 491 2462 549 voluntario
2500 507 2776 552 momento
2804 500 3174 569 expulsionem
3203 522 3357 562 suam

140 573 253 622 νος.
299 556 503 627 Ἐφ’,οῦ
528 564 619 615 καὶ
645 565 705 617 τὸ
743 565 930 633 ῥεῦσαι
981 570 1182 640 κυρίως
1227 572 1440 642 λεχθείη
1472 572 1538 625 ἂν
1571 575 1650 624 ὅτι
1672 575 1693 615 9

140 651 231 703 ἔπ’
267 652 418 722 αὑτῷ
451 657 708 728 κειμένης
735 659 832 729 τῆς
861 662 992 730 πρὸς
1018 663 1149 715 Θεὸν
1175 664 1443 734 ἀδηρίτως
1469 665 1571 727 τὰς
1597 669 1696 736 τῆς

139 739 320 810 ψυχῆς
351 744 534 812 βάσεις
566 749 829 802 ποιεῖσθαι
858 750 1160 822 δυναμένης
1189 738 1453 819 ἐξουσίας,
1491 755 1554 807 τὸ
1585 759 1696 826 χεῖ-

143 842 237 916 ρον
263 831 358 884 καὶ
397 833 474 902 μὴ
505 833 564 887 ὂν
587 835 679 889 τοῦ
709 836 1012 906 κρείττονος
1049 843 1140 893 καὶ
1158 841 1308 905 ὄντος
1336 845 1471 899 ἑκὼν
1498 844 1696 916 ἀντηλ-

139 914 357 982 λάξατο.
1098 950 1104 962 -
1306 938 1310 939 ί

208 1009 447 1074 Τούτους
475 1011 532 1064 δὲ
560 1013 654 1077 οὒς
690 1014 824 1084 ἔφην
858 1016 986 1080 τοὺς
1008 1017 1198 1084 λόγους
1225 1021 1254 1072 ὁ
1291 1018 1390 1090 μὲν
1431 1022 1696 1090 ’Δρεοπα-

136 1099 301 1170 γίτης
334 1101 490 1168 ἅγιος
528 1105 801 1168 Διονύσιος
846 1110 1214 1178 προορισμοὺς
1246 1112 1340 1162 καὶ
1383 1110 1500 1163 θεῖα
1533 1112 1696 1180 θελή-

138 1205 286 1256 ματα
319 1190 599 1244 καλεῖσθαι
644 1194 746 1246 ὑπὸ
778 1195 876 1266 τῆς
910 1197 950 1247 Γ
963 1199 1140 1267 ραφῆς
1182 1201 1330 1269 ἡμᾶς
1363 1201 1694 1257 ἐκδιδάσκει.

146 1277 382 1346 Ὁμοίως
418 1281 476 1332 δὲ
517 1283 609 1335 καὶ
651 1284 702 1335 οί
745 1285 873 1354 περὶ
918 1273 1216 1341 Πάνταινον
1261 1293 1351 1342 τὸν
1402 1290 1694 1360 γενόμενον

133 1369 457 1440 καθηγητὴν
511 1373 602 1426 τοῦ
657 1374 1026 1444 Στρωματέως
1093 1397 1157 1448 με
1173 1381 1328 1447 (ἀλου
1374 1381 1693 1451 Κλήμεντος

135 1456 259 1510 θεῖα
306 1459 588 1529 θελήματα
638 1465 705 1532 τῇ
751 1465 940 1535 Γραφῇ
993 1467 1146 1534 φίλον
1197 1469 1480 1520 καλεῖσθαί
1537 1487 1692 1538 φασι.

136 1545 302 1600 Ὅθεν
355 1549 720 1618 ἐρωτηθέντες
759 1553 863 1606 ὑπό
906 1571 1064 1607 τινων
1103 1557 1212 1607 τῶν
1261 1558 1366 1620 ἔξω
1411 1558 1692 1613 παίδευσιν

132 1635 380 1706 γαύρων,
409 1638 524 1701 πῶς
556 1640 844 1705 γινώσκειν
877 1642 944 1697 τὰ
974 1643 1102 1698 ὅντα
1150 1645 1242 1699 τὸν
1274 1647 1407 1700 Θεὸν
1443 1647 1693 1712 δοξάζου-

135 1741 223 1777 σιν
255 1727 302 1778 οί
336 1727 674 1798 Χριστιανοὶ,
709 1732 1080 1802 ὕπειληφότων
1113 1736 1360 1802 ἐκείνων,
1399 1739 1598 1810 νοερῶς
1621 1740 1690 1795 τὰ

1799 586 2082 662 peragens.
2115 578 2194 631 Ex
2213 595 2322 648 quo
2349 590 2407 635 et
2438 581 2606 638 ﬂuere
2626 589 2845 654 proprie
2869 589 3091 654 dicitur,
3121 606 3188 644 eo
3211 594 3356 662 quod

1798 661 1852 714 in
1893 678 1950 716 se
1971 673 2129 719 motae
2158 668 2222 722 ad
2244 669 2412 723 Deum
2430 672 2504 742 (ά)
2523 674 2958 743 inseparabiliter
2987 679 3181 734 anima:
3205 661 3356 750 gres-

1796 765 1890 806 sns
1918 753 2167 810 faciendo
2192 759 2372 813 valido
2408 765 2683 830 potentia),
2721 768 2864 834 quod
2911 769 3150 824 deterius
3190 780 3274 826 est
3300 781 3357 828 et

1799 841 1946 908 quod
1970 859 2079 897 non
2115 854 2200 899 est
2231 863 2332 916 pro
2365 850 2578 904 meliori
2612 854 2801 914 volens
2824 858 3075 910 mutavit.

1868 1014 1982 1069 llas
2029 1023 2210 1071 autem
2238 1034 2390 1088 ,quas
2418 1023 2660 1078 dixeram
2693 1027 2931 1083 rationes
2975 1029 3089 1098 ipse
3127 1031 3348 1099 quidem

1795 1103 2120 1176 Aeropagita
2168 1120 2389 1165 sanctus
2417 1114 2707 1184 Dionysius
2741 1102 3246 1186 prmdestinationes
3293 1133 3350 1178 ct

1763 1192 2011 1268 divinas
2055 1196 2364 1253 voluntates
2397 1205 2576 1256 vocari
2626 1222 2654 1258 a
2698 1207 2881 1262 divina
2931 1209 3208 1278 Scriptura
3247 1228 3350 1268 nos

1793 1280 2007 1335 edocet.
2038 1282 2409 1354 Similiterque
2427 1298 2482 1342 ct
2515 1290 2583 1359 (ε)
2611 1292 2703 1359 qui
2731 1295 2838 1346 sint
2867 1296 3011 1349 circa
3031 1297 3347 1351 Pantaenum

1793 1371 1973 1440 magni
2006 1372 2305 1429 Clementis
2348 1378 2604 1442 amicum,
2631 1381 2721 1448 qui
2776 1383 2948 1438 factus
2978 1393 3060 1438 est
3090 1387 3348 1455 magister
3425 1403 3431 1406 ·

1793 1459 2106 1527 Stromatei,
2138 1463 2353 1519 divinas
2394 1468 2706 1524 voluntates
2747 1487 2776 1524 a
2824 1472 3103 1542 Scriptura
3162 1477 3345 1551 vocari

1791 1549 2003 1616 dicunt,
2033 1552 2157 1606 inde
2209 1555 2525 1626 interrogati
2561 1575 2592 1613 a
2620 1562 2943 1628 quibusdam
2990 1567 3242 1634 superbis
3288 1549 3344 1619 in

1789 1654 1980 1694 eorum
2011 1642 2322 1699 eruditione
2362 1663 2481 1715 quae
2509 1651 2850 1708 extrinsecus
2876 1665 3030 1719 sunt,
3069 1655 3343 1722 quomodo
3371 1723 3373 1726 ι

1791 1749 2122 1806 cognoscere
2142 1755 2204 1794 ea
2231 1756 2350 1809 qua:
2374 1751 2503 1797 sunt
2531 1745 2698 1798 Deum
2723 1747 2990 1800 aestimant
3019 1744 3338 1808 Christiani,
3417 1756 3420 1758 ‘

131 1817 323 1884 νοητὰ,
373 1797 468 1870 καὶ
517 1819 848 1889 αἰσθητικῶς
993 1823 1246 1896 αἰσθητὰ,
1275 1797 1678 1895 γινώσκεινναῦ

1792 1797 2221 1897 suscipientibus
2253 1829 2360 1884 illis
2413 1833 2854 1887 intellectualiter
2897 1836 3259 1907 intelligibilia
3287 1849 3344 1895 et
3387 1835 3392 1840 ‘

129 1907 224 1960 τόν
269 1909 338 1960 τὰ
381 1908 510 1961 ὄντα
551 1911 934 1980 ἀπεκρίναντο,
972 1917 1107 1984 μήτε
1156 1906 1490 1987 αἰσθητικῶς
1514 1921 1582 1974 τὰ
1605 1923 1690 1975 αί-

132 1999 330 2069 σθητὰ,
363 2003 499 2071 μήτε
521 2004 722 2074 νοερῶς
757 2005 826 2058 τὰ
853 2008 1034 2074 νοητά.
1067 2009 1140 2062 Οὐ
1171 2010 1278 2078 γὰρ
1299 2006 1435 2066 εἶναι
1456 2013 1688 2068 δυνατὸν

129 2088 222 2166 τὸν
256 2090 395 2159 ὑπὲρ
425 2093 492 2146 τὰ
517 2092 644 2146 ὄντα
675 2094 817 2147 κατά
855 2095 922 2148 τὰ
953 2097 1080 2151 ὄντα
1107 2099 1214 2152 τῶν
1241 2101 1408 2154 ὄντων
1431 2104 1688 2174 ἀντιλαμ-

129 2178 388 2235 ϐάνεσθαι
408 2183 482 2214 ¹⁶⁶
515 2184 630 2238 ἀλλ’
663 2185 738 2248 ὡς
769 2186 876 2239 ἴδια
898 2188 1174 2258 θελήματα
1207 2191 1497 2259 γινώσκειν
1526 2194 1687 2248 αὑτὸν

127 2268 194 2322 τὰ
227 2269 356 2324 ὄντα
394 2274 591 2342 φαμὲν,
635 2275 962 2344 προσθέντες
992 2280 1086 2332 καὶ
1131 2280 1223 2333 τοῦ
1257 2282 1416 2351 λόγου
1449 2284 1509 2337 τὸ
1537 2284 1688 2338 εὔλο-

127 2377 244 2428 γον.
279 2363 342 2416 Εἰ
364 2363 472 2434 γὰρ
499 2363 762 2436 θελήματι
781 2367 849 2420 τὰ
877 2371 1055 2422 πάντα
1078 2373 1366 2442 πεποίηκε,
1395 2375 1488 2427 καὶ
1509 2375 1687 2439 οὐδεὶς

128 2455 351 2523 ἀντερεῖ
373 2455 546 2523 λόγος,
573 2457 859 2525 γινώσκειν
888 2459 946 2514 δὲ
968 2460 1028 2513 τὸ
1053 2462 1181 2515 ἴδιον
1213 2463 1422 2534 θέλημα
1443 2464 1533 2516 τὸν
1554 2466 1686 2518 Θεὸν

127 2543 351 2608 εὐσεὸἐς
388 2562 446 2597 τε
481 2543 658 2615 λέγεὶν
701 2549 787 2602 ἀεὶ
813 2550 908 2603 καὶ
935 2549 1138 2603 δίκαιόν
1169 2554 1336 2618 ἐστιν,
1373 2553 1599 2615 ἕκαστον
1627 2554 1683 2606 δὲ

126 2633 236 2687 τῶν
264 2637 560 2702 γεγονότων
589 2638 756 2692 θέλων
788 2640 1107 2709 πεποίηκεν,
1140 2643 1245 2710 ἄρα
1265 2642 1339 2704 ὼς
1379 2643 1484 2694 ἴδια
1522 2642 1680 2712 θελή-

131 2739 273 2790 ματα
308 2725 337 2776 ὁ
364 2725 495 2788 Θεὸς
527 2727 595 2778 τὰ
624 2725 751 2780 ὄντα
788 2727 1065 2794 γινώσκει,
1086 2731 1270 2801 ἐπειδὴ
1301 2733 1392 2784 καὶ
1417 2717 1585 2786 θέλων
1613 2734 1681 2788 τὰ

125 2810 256 2867 ὅντα
303 2813 616 2882 πεποίηκεν.
671 2816 948 2870 Ἐντεῦθεν
1012 2818 1068 2871 δὲ
1128 2821 1443 2891 ὁρμώμενος
1506 2804 1679 2891 ἔγωγε

127 2898 277 2974 οίμαι
303 2906 440 2958 κατὰ
474 2906 690 2970 τούτους
720 2908 965 2977 εἰρῆσθαι
989 2913 1054 2980 τῇ
1077 2911 1266 2982 Γραφῇ
1302 2915 1434 2974 τοὺς
1463 2914 1675 2981 λόγους⁹

125 2994 202 3059 τὸ,
243 2997 471 3062 Ἔγνων
508 3012 580 3050 σε
625 2998 780 3064 παρὰ
823 2997 1069 3063 πάντας,
1110 3000 1244 3068 πρὸς
1286 3003 1545 3080 Μωῦσῆν,
1582 3003 1676 3055 καὶ

1789 1913 2114 1968 scnsualiter
2141 1917 2422 1993 sensibilia
2449 1933 2572 1972 eum
2603 1934 2934 1992 cognoscere
2953 1941 3017 1978 ea
3043 1941 3164 1994 qua:
3189 1938 3340 1983 sunt.

1788 2002 2203 2073 Bespbndcmus
2227 2023 2406 2077 neque
2438 2013 2766 2067 sensualitcr
2805 2015 3084 2069 sensibilia
3113 2056 3128 2080 ,
3160 2034 3340 2092 neque

1787 2093 2230 2152 intellectualiter
2259 2098 2667 2156 intellectualia.
2697 2102 2815 2157 Non
2843 2104 2998 2158 enim
3024 2121 3143 2160 esse
3170 2107 3343 2177 possi-

1785 2184 1895 2240 bile
1921 2195 2024 2250 est,
2073 2196 2135 2242 ut
2165 2191 2407 2245 ostendit
2449 2193 2610 2258 ratio,
2659 2211 2784 2249 eum
2828 2197 2919 2265 qui
2974 2207 3057 2252 est
3086 2214 3250 2267 super
3274 2215 3340 2255 ea

1787 2291 1906 2344 quae
1927 2286 2074 2343 sunt,
2099 2295 2199 2348 per
2221 2297 2282 2335 ea
2313 2297 2432 2350 qua:
2471 2293 2616 2350 sunt,
2644 2301 2706 2339 ea
2733 2302 2853 2355 quze
2890 2296 3020 2342 sunt
3049 2290 3335 2358 accipere;
3394 2287 3422 2365 ι’

1786 2365 1882 2418 sed
1910 2367 2053 2420 sicut
2088 2384 2212 2423 suas
2243 2371 2550 2426 voluntates
2579 2389 2902 2443 cognoscere
2939 2391 3062 2429 eum
3102 2377 3339 2434 dicimus

1784 2476 1847 2515 ea
1869 2476 1989 2529 qua:
2019 2471 2165 2528 sunt,
2193 2465 2456 2520 addentes
2485 2467 2649 2520 etiam
2674 2483 2737 2521 ex
2761 2483 2921 2522 causa
2958 2471 3336 2527 ratiocinatio-

1782 2563 1941 2613 nem;
1975 2551 2019 2604 si
2049 2551 2196 2604 cnim
2221 2553 2498 2609 voluntate
2525 2555 2706 2610 omnia
2739 2557 2884 2633 fecit,
2923 2565 2979 2613 et
3017 2561 3164 2613 nulla
3199 2577 3333 2616 con-

1785 2639 2030 2703 tradicit,
2065 2643 2206 2696 ratio
2233 2659 2559 2713 cognoscere
2604 2657 2782 2701 autem
2815 2665 2965 2702 suam
2997 2651 3333 2705 voluntatem

1783 2728 1974 2796 Deum,
2007 2746 2222 2801 semper
2248 2733 2396 2801 pium
2449 2735 2631 2789 dicere
2666 2744 2720 2790 et
2758 2738 2962 2805 justum
2995 2747 3096 2802 est,
3133 2755 3333 2791 unum-

1779 2819 2034 2888 quodque
2066 2837 2194 2875 vero
2227 2838 2415 2877 eorum
2445 2842 2563 2892 qua:
2596 2826 2734 2880 facta
2767 2835 2892 2880 sunt
2927 2829 3117 2882 volens
3161 2828 3329 2894 fecit;

1779 2909 1947 2976 igitur
1988 2919 2049 2964 ut
2081 2927 2205 2965 suas
2254 2914 2563 2968 voluntates
2590 2917 2732 2969 Deus
2779 2918 3060 2986 cognoscit
3109 2935 3174 2971 ea
3210 2933 3332 2986 qua:

1777 3007 1928 3067 sunt,
1957 3001 2213 3068 quoniam
2258 3011 2312 3055 et
2343 3003 2530 3058 volens
2570 3020 2632 3058 ea
2664 3021 2784 3074 quze
2817 3015 2947 3060 sunt
3000 3007 3148 3061 fecit.
3192 3009 3330 3063 Hinc

126 3085 254 3157 περί
277 3104 434 3140 τινων
472 3087 554 3154 τὸ,
594 3090 780 3157 Ἔγνω
810 3090 1019 3157 Κύριος
1049 3091 1229 3160 (126
1251 3091 1308 3157 b)
1333 3091 1480 3156 tabe
1495 3091 1671 3158 ὄντας

1777 3096 1829 3140 et
1863 3102 1964 3156 ego
1987 3089 2258 3158 aspiciens
2284 3107 2479 3146 censeo
2510 3095 2808 3148 secundum
2838 3096 2937 3165 has
2967 3097 3166 3152 dixisse
3182 3097 3329 3152 Scri-

125 3178 328 3240 αὑτοῦ,
368 3197 386 3227 ι
405 3178 499 3231 καὶ
530 3178 689 3232 πάλιν
717 3180 853 3248 πρός
879 3198 1030 3242 τινας
1058 3182 1137 3244 τὸ,
1177 3183 1296 3235 Οὐκ
1324 3178 1457 3234 οἶδα
1483 3182 1668 3252 ὑμᾶς*

124 3263 194 3327 ὼς
225 3263 453 3317 ἕκαστον
487 3265 729 3336 δηλονότι
759 3268 792 3337 ἢ
824 3268 964 3321 κατὰ
997 3268 1057 3321 τὸ
1095 3269 1304 3339 θέλημα
1333 3271 1428 3324 καί¹
1464 3270 1555 3324 τὸν
1582 3272 1672 3325 λό-

125 3367 238 3419 γον,
269 3353 300 3423 ἢ
340 3353 490 3422 παρὰ
515 3354 575 3407 τὸ
597 3353 805 3427 θέλημα
831 3358 925 3409 καὶ
950 3357 1040 3411 τὸν
1063 3358 1220 3425 λόγον
1245 3357 1338 3411 τοῦ
1367 3359 1502 3412 Θεοῦ
1537 3374 1669 3431 προ-

125 3443 428 3512 αιρετικὴ¹⁸
454 3442 666 3516 κίνησις
696 3447 792 3514 τῆς
837 3445 985 3508 θείας
1027 3445 1257 3500 ἀκοῦσαι
1304 3449 1485 3517 φωνῆς
1529 3465 1674 3518 παρ-

124 3531 402 3588 εσκεύασε.

119 3792 146 3818 ³
185 3793 368 3848 ταῦτα
399 3795 493 3848 καὶ
524 3793 594 3849 τὰ
611 3794 834 3850 τοιαῦτα
873 3795 964 3850 τὸν
987 3796 1243 3868 θεοφόρον
1285 3797 1470 3853 τοῦτον
1498 3799 1668 3869 ἄνδρα

117 3879 262 3952 οἶμαι
308 3887 578 3955 νοήσαντα
631 3888 822 3954 εἰπεῖν,
858 3907 876 3939 ι
899 3889 1118 3942 ἐπειδὰν
1150 3890 1209 3942 τὸ
1240 3890 1470 3954 θεοειδὲς
1508 3891 1667 3945 τοῦτο

120 3973 205 4024 ml.
239 3973 396 4040 θεῖον,
429 3976 522 4029 τὸν
541 3977 807 4046 ἡμέτερον
843 3979 958 4030 νοῦν
987 3995 1046 4032 τε
1077 3981 1170 4032 καὶ
1185 3981 1362 4047 λόγον,
1384 3982 1460 4052 τῷ
1481 3982 1666 4052 οἰκείῳ

121 4063 518 4133 προσμίξωμεν,
552 4068 647 4118 καὶ
669 4068 702 4133 ἡ
739 4066 904 4119 είκὼν
938 4069 1134 4140 ἀνέλθῃ
1169 4070 1304 4138 πρὸς
1338 4073 1398 4122 τὸ
1438 4073 1666 4142 ἀρχέτυ-

119 4164 236 4212 πον,
256 4143 314 4203 οὗ
331 4149 426 4203 νῦν
449 4150 560 4219 ἔχει
586 4151 682 4222 τὴν
707 4152 892 4220 ἔφεσιν
919 4171 932 4184 ·
966 4173 984 4205 ι
1010 4155 1144 4224 ὁμοῦ
1166 4174 1225 4209 τε
1251 4158 1347 4210 καὶ
1370 4161 1508 4210 κατά
1530 4177 1664 4212 ταυ-

117 4237 304 4292 τὸνδιὰ
323 4241 431 4294 τῶν
461 4241 670 4312 μικρῶν
703 4241 904 4296 τούτων
939 4244 1198 4315 ῥημάτων
1228 4246 1322 4298 τοῦ
1355 4231 1485 4300 ποτε
1505 4248 1662 4303 τοῦτό

117 4342 167 4380 τι
195 4328 301 4382 τῶν
331 4331 497 4384 ὄντων
529 4325 821 4401 ἐφθακέναι
851 4332 909 4387 τὸ
941 4320 1145 4406 μέτρον⁸
1171 4336 1376 4391 οίεσθαι
1404 4338 1658 4393 διδασκα-

1774 3184 1986 3245 pturam
2027 3179 2266 3234 rationes
2309 3181 2450 3235 hoc:
2486 3182 2863 3252 Cognoscebam
2901 3195 2950 3237 te
3005 3203 3160 3254 super
3211 3203 3325 3240 om-

1773 3284 1864 3321 nes
1886 3279 1930 3331 Ρ,
1957 3269 2024 3323 ad
2052 3270 2320 3340 Moysem;
2355 3281 2411 3325 et
2437 3273 2502 3326 de
2533 3275 2858 3343 quibusdam
2898 3277 3039 3329 hoc:
3077 3276 3325 3345 Cognovit

1772 3358 2024 3413 Dominus
2044 3363 2131 3431 qui
2156 3371 2274 3414 sunt
2307 3364 2389 3415 sui
2411 3373 2471 3428 ct;
2501 3373 2556 3416 et
2581 3364 2777 3418 iterum
2811 3366 2915 3419 hoc
2931 3365 2994 3419 ad
3025 3366 3323 3434 quosdam:

1770 3447 1888 3501 Non
1911 3452 2028 3503 novi
2060 3468 2146 3504 vos
2175 3462 2216 3504 τ.
2249 3453 2338 3507 Sic
2364 3454 2607 3523 profecto
2638 3471 3077 3526 unumquemque
3117 3466 3209 3511 aut
3241 3473 3325 3512 se-

1769 3537 2008 3591 cundum
2045 3542 2381 3597 voluntatem
2409 3553 2462 3598 et
2491 3531 2777 3608 rationem,
2802 3553 2895 3599 aut
2916 3554 3101 3620 contra
3129 3547 3323 3600 volun-

1771 3634 1934 3679 tatem
1967 3637 2022 3680 et
2049 3630 2316 3683 rationem
2366 3633 2460 3684 Dei
2485 3635 2825 3689 voluntarius
2861 3643 3043 3689 motus
3083 3636 3324 3690 divinam

1767 3714 1959 3769 audire
1989 3731 2175 3770 vocem
2200 3721 2545 3787 praeparavit.

1836 3803 1959 3860 Haec
1980 3815 2034 3861 et
2057 3808 2370 3877 hujusmodi
2406 3809 2673 3865 deiferum
2696 3827 2844 3866 nunc
2872 3811 3052 3866 virum
3078 3813 3322 3868 arbitror

1767 3894 2160 3965 intelligentem
2181 3899 2385 3964 dicere,
2410 3918 2428 3950 ι
2449 3915 2571 3954 cum
2589 3900 2855 3957 deiforme
2872 3903 2979 3957 hoc
3002 3911 3057 3957 et
3073 3903 3322 3958 divinum

1765 3996 2016 4040 nostrum
2048 3987 2288 4042 animum
2317 3996 2373 4041 et
2427 3989 2700 4044 rationem
2733 3993 2955 4062 proprio
2998 3993 3321 4072 admiscebi-

1765 4091 1907 4142 mus,
1942 4086 1998 4132 et
2027 4078 2206 4148 imago
2236 4089 2547 4135 revertetur
2587 4083 2655 4136 ad
2692 4085 2991 4154 principale
3019 4086 3317 4155 exemplar,

1763 4168 1921 4236 cujus
1949 4183 2058 4222 non
2089 4169 2253 4224 habet
2279 4173 2604 4240 appetitum.
2631 4193 2647 4224 ι
2681 4174 2757 4228 Ac
2786 4191 2884 4242 per
2912 4176 3015 4230 hoc
3043 4174 3317 4244 similiter,
3409 4169 3412 4172 ’

1761 4271 1862 4324 per
1887 4272 2059 4324 pauca
2087 4259 2202 4312 haec
2233 4263 2420 4326 verba,
2470 4264 2838 4334 quodcunque
2873 4266 3186 4334 aliquando,
3222 4283 3317 4323 eo-

1762 4361 1884 4401 rum
1913 4365 2034 4417 qua:
2067 4359 2192 4404 sunt
2221 4353 2458 4422 tetigisse
2487 4372 2795 4411 mensuram
2821 4358 3154 4414 arbitrantes
3173 4362 3316 4415 msti-

117 4415 277 4480 λικῶς
306 4421 588 4489 ἀπάγοντα
616 4423 741 4485 τοὺς
787 4423 1125 4494 νομίζοντας,
1157 4428 1250 4481 καὶ
1289 4427 1379 4482 τὸν
1417 4429 1511 4482 τοῦ
1545 4431 1660 4496 πῶς

1777 4438 2022 4492 mandum
2050 4440 2430 4497 doctrinalitcr
2460 4447 2759 4512 retrahere,
2782 4458 2836 4502 et
2857 4450 3142 4511 rationem,
3174 4467 3312 4519 quo-

118 4505 276 4574 μοῖρά
317 4509 482 4576 ἐσμεν
530 4509 665 4562 Θεοῦ
729 4511 886 4579 λόγον
944 4515 1381 4584 παραδηλοῦντα,
1433 4521 1526 4574 καὶ
1569 4521 1666 4591 τὴν

119 4591 408 4661 μέλλουσαν
455 4595 556 4663 τῆς
606 4601 880 4666 μακαρίας
909 4600 1113 4671 λήξεως
1159 4605 1394 4675 ἰδιότητα
1432 4610 1664 4663 αἰνιττό-

119 4697 288 4749 μενον,
315 4684 402 4736 καὶ
432 4684 567 4752 πρὸς
606 4685 702 4754 τὴν
747 4688 994 4743 ἄσειστον
1033 4694 1202 4764 αὐτῆς
1239 4697 1335 4748 καὶ
1364 4697 1661 4768 ἀκλὸνητον

117 4772 203 4824 καὶ
224 4773 450 4843 οὐδαμοῦ
485 4775 929 4843 μεταπίπτουσαν
954 4782 1250 4838 ἀπόλαυσιν
1277 4804 1420 4858 παρο
1437 4790 1662 4858 ρμῶντα

115 4864 230 4924 τοὺς
260 4863 347 4915 ἐπὶ
372 4863 544 4934 τούτῳ
569 4865 636 4917 δι’
660 4868 868 4934 ἐλπίδος
899 4873 1325 4946 καθαιρομένους
1361 4882 1453 4932 καὶ
1494 4883 1652 4935 σπεύσ

117 4947 312 5039 ὸοντας.
339 4953 488 5024 ᾜδει
539 4954 830 5025 γὰρ,,ὡσεὶ
861 4962 995 5030 πρὸς
1023 4963 1051 5015 ὃ
1079 4964 1274 5036 ἔχομεν
1301 4969 1457 5039 οὐσίᾳ
1480 4988 1536 5024 τε
1565 4973 1657 5026 καὶ

117 5037 247 5112 λόγῳ
275 5042 365 5107 τὰς
387 5044 652 5115 ἐμφάσεις
686 5049 827 5101 κατὰ
858 5050 1014 5120 λόγον
1046 5057 1140 5110 καὶ
1168 5057 1330 5127 φύσιν
1356 5037 1654 5135 εὐθυπορῆ-

1761 4528 1925 4582 modo
1952 4545 2078 4598 pars
2107 4531 2204 4585 Dei
2233 4549 2440 4598 sumus,
2471 4537 2767 4602 declarare,
2796 4549 2851 4592 ct
2879 4541 3113 4593 futuram
3141 4541 3313 4598 beata:

1762 4620 1964 4688 quietis
1994 4623 2386 4691 proprietatem
2411 4627 2735 4690 insinuasse,
2779 4638 2834 4682 et
2876 4629 2941 4682 ad
2976 4630 3312 4686 immobilem

1759 4712 1955 4779 ipsius,
1987 4721 2042 4766 et
2068 4713 2331 4780 quietem,
2381 4724 2435 4769 et
2477 4719 2626 4770 nullo
2679 4719 2840 4771 modo
2874 4719 3160 4775 cadentem
3192 4723 3310 4777 fru-

1757 4798 1906 4852 ctum
1939 4800 2193 4854 incitasse
2220 4802 2273 4854 in
2309 4818 2371 4856 ea
2410 4819 2528 4872 qum
2582 4806 2636 4858 in
2685 4807 2788 4860 hoc
2814 4818 2896 4862 cst
2927 4825 3021 4879 spe
3052 4820 3312 4882 purgatos

1759 4897 1814 4943 ct
1844 4889 2183 4943 festinantes.
2216 4890 2513 4960 Oportebat
2554 4896 2722 4960 enim,
2750 4901 3206 4967 quemadmodum
3241 4903 3310 4957 ad

1758 4978 1861 5031 hoc
1882 4977 2144 5032 habemus
2166 4986 2221 5032 et
2252 4980 2306 5033 in
2328 4985 2567 5038 essentia
2589 4992 2644 5038 et
2673 4988 2883 5042 ratione
2906 4990 3177 5054 notiones,
3208 5006 3308 5060 per

1764 5066 2032 5121 rationem
2055 5075 2111 5122 et
2156 5077 2404 5125 naturam
2436 5082 2580 5130 recte
2613 5076 2834 5145 quidem
2872 5078 3083 5150 ingredi
3111 5078 3306 5148 simple

177 5185 206 5226 ιι
230 5176 702 5250 Exod.x_xxm,l7.
776 5192 803 5233 ιι
827 5182 872 5238 ll
902 5185 1042 5244 Tim.
1067 5207 1127 5256 ιι,
1169 5195 1254 5250 19.
1335 5208 1356 5235 τ
1385 5199 1578 5256 Matth.
1624 5221 1718 5272 vn,
1752 5206 1840 5260 25.

1344 5324 1577 5384 VARUS
1616 5332 1905 5389 LECTION
1915 5333 2012 5387 ES.

136 5483 148 5490 ﬁ
185 5396 208 5428 ⁹
235 5394 362 5450 διότι
390 5402 598 5458 ed.Gal.
679 5403 723 5435 “
744 5403 1109 5472 λαμϐάνεσθαι
1131 5414 1218 5469 ed.
1248 5416 1364 5473 Gal.
1460 5423 1501 5454 “
1528 5425 1930 5496 -προαιρετικῶς
1958 5426 2045 5480 ed.
2072 5429 2196 5483 Gal.

1580 5537 1808 5598 NOTAE.

270 5603 431 5689 Xerte
457 5612 567 5689 sine
586 5615 882 5684 offensione.
927 5617 1120 5689 (Cale)

196 5672 242 5741 ε)
262 5672 427 5751 ~Verte
451 5689 494 5731 et
521 5672 824 5750 Ρωὲἰωηιιε,
855 5672 942 5754 qui
963 5672 1209 5759 nauigiislcr
1233 5696 1331 5763 fuit
1356 5697 1632 5758 Clementis
1659 5701 1852 5774 'magm'
1891 5707 2189 5764 Stromatci.
2221 5709 2420 5784 (ϐειε.)
