3966 6340
661 397 795 462 1087

1821 399 1881 458 s.
1923 384 2204 457 MAXiMl
2242 395 2744 455 CONFESSORIS

3772 382 3911 449 1088

656 508 874 563 ordine.
910 515 967 560 et
996 523 1095 561 nos
1146 508 1264 562 sine
1290 510 1441 563 omni
1501 510 1869 579 qualicunque
1897 510 2219 577 qum-tione,

2336 509 2585 577 σαιμενη
2640 507 2785 577 ἁπλῇ
2843 504 3138 577 προσϐολῇ,
3179 484 3286 557 καί
3324 503 3511 572 ἡμεῖς,
3562 498 3757 568 πάσης
3812 497 3908 567 τῆς

659 613 804 651 circa
844 613 1005 664 quam
1032 599 1201 651 solam
1228 608 1283 652 et
1309 615 1537 667 peccare
1566 613 1650 652 cst
1677 609 1732 652 et
1760 601 1893 662 tam,
1931 599 2217 652 deirormi-

659 699 765 749 ter,
805 695 1069 756 quantum
1120 688 1377 756 possibile
1429 698 1533 753 est,
1567 690 1750 742 omnia
1805 703 2216 757 cognoscemus.

658 776 780 829 Non
796 777 907 844 jam
938 792 1033 844 per
1068 777 1426 845 ignorantiam
1459 778 1527 831 ab
1567 793 1656 841 eo,
1704 778 1797 846 qui
1830 778 1977 831 circa
2023 792 2086 829 ea
2115 784 2218 839 est,

662 876 814 919 motu
846 866 1074 930 detenti,
1132 867 1330 921 merito
1374 882 1571 937 magno
1612 868 1797 922 animo
1828 876 1885 922 et
1914 867 2135 929 rationi,
2168 874 2223 918 et

664 956 882 1024 spiritui
915 964 1165 1010 nostrum
1201 957 1445 1011 aninmm
1471 965 1527 1010 et
1562 958 1828 1011 rationem
1860 965 1916 1010 et
1944 956 2219 1043 spiri‘tum,

665 1047 836 1116 magis
892 1057 1075 1101 autem
1135 1049 1234 1101 toti
1270 1049 1383 1102 Deo
1418 1056 1561 1102 totos
1595 1064 1696 1102 nos
1742 1049 1909 1117 ipsos,
1959 1047 2127 1101 veluti
2158 1046 2221 1116 (Ῑ)

664 1139 950 1207 principali
982 1140 1233 1208 exemplo
1260 1139 1460 1208 imago,
1507 1140 1851 1203 accedentes,
1893 1141 2221 1193 sicutetiam

666 1227 723 1279 in
752 1243 1005 1280 sermone
1038 1229 1129 1296 qui
1163 1221 1344 1282 estde
1368 1228 1633 1296 grandine
1654 1228 1869 1291 edocet,
1892 1228 1971 1282 sic
1991 1228 2181 1281 dicens
2206 1244 2221 1279 :

674 1336 693 1366 ι
718 1317 784 1369 Et
807 1312 907 1369 nos
923 1318 1143 1385 quidem
1166 1318 1454 1371 ineﬂ‘aliilis
1478 1319 1573 1372 lux
1591 1319 1845 1386 accipiet,
1865 1328 1923 1381 et
1943 1328 2147 1372 sancta:
2162 1334 2226 1372 ac

668 1407 865 1475 regalis
898 1407 1287 1475 contemplatio
1330 1408 1612 1462 Trinitatis
1632 1409 1992 1461 illuminantis
2012 1409 2227 1477 planius

665 1506 723 1549 et
760 1498 951 1563 purius
976 1507 1033 1550 et
1074 1498 1242 1549 totius
1268 1484 1386 1549 ἰοιί
1425 1498 1607 1550 animo
1636 1498 1827 1563 mistaa,
1866 1514 2030 1567 quam
2059 1499 2227 1552 etiam

666 1587 834 1639 solam
854 1602 1078 1655 regnum
1097 1588 1360 1640 cmlorum
1384 1572 1485 1654 ego
1499 1602 1661 1654 pono,
1682 1607 1700 1637 ι
1728 1603 1851 1640 cum
1865 1587 2229 1642 delectatione

665 1677 970 1730 delectatur
1002 1685 1058 1730 ct
1091 1677 1326 1741 lmtatur,
1360 1687 1421 1730 ut
1451 1678 1537 1731 bis
1562 1694 1683 1746 qua:
1715 1685 1843 1731 sunt
1866 1679 2230 1746 ipsiusaudax

668 1768 994 1835 o-nujungam
1025 1784 1147 1836 quae
1176 1783 1296 1821 mea
1320 1779 1469 1830 sunt,
1493 1770 1673 1824 omnis
1700 1778 1951 1823 creatura
1994 1772 2225 1823 rationa-

667 1853 736 1905 lis
754 1855 1072 1921 angelorum
1103 1867 1157 1909 et
1184 1856 1491 1919 hominum,
1546 1858 1863 1925 quicunque
1909 1858 2112 1910 nullam
2148 1872 2232 1912 se-

668 1943 907 1995 cundum
934 1954 1139 1997 motum
1176 1948 1271 2013 qui
1315 1946 1383 1999 ad
1416 1946 1579 1999 ﬁnem
1609 1956 1694 2001 est
1726 1948 2049 2002 naturaliter
2080 1964 2232 2003 com-

668 2040 951 2099 pactarum
986 2034 1067 2087 eis
1097 2035 1405 2089 divinarum
1437 2037 1707 2089 rationum
1735 2038 1805 2089 ab
1839 2038 1955 2106 ipso
1973 2039 2233 2092 Creatore

668 2138 769 2191 per
824 2123 1209 2192 negligentiam
1254 2136 1654 2193 corruperunt,
1705 2128 1877 2195 magis
1937 2136 2119 2180 autem
2151 2144 2235 2181 sc-

671 2213 819 2274 ipsos
847 2221 1219 2281 temperanter
1243 2215 1612 2278 salvavcrunt,
1657 2224 1801 2270 totos
1834 2211 2233 2269 inconversibi—

668 2305 815 2362 liter.
853 2312 1041 2372 utpote
1072 2304 1270 2358 divinze
1311 2320 1514 2375 organa
1545 2314 1776 2370 naturze,
1814 2316 1871 2360 et
1919 2322 2040 2360 esse
2070 2316 2125 2359 ct
2151 2305 2234 2359 fu-

672 2402 825 2445 turos
849 2408 968 2447 esse
998 2389 1280 2456 scientes",
1327 2411 1464 2463 quos
1516 2412 1614 2463 per
1647 2404 1819 2450 totum
1852 2406 1999 2450 totus
2025 2396 2098 2466 (ῃ)
2124 2397 2234 2449 cir-

672 2482 1017 2549 cumspirans
1042 2482 1183 2535 Deus
1210 2483 1263 2535 in
1292 2483 1513 2536 modum
1542 2484 1756 2549 animm,
1788 2484 1955 2537 veluti
1993 2485 2236 2539 membra

671 2569 947 2637 corporis
980 2581 1262 2638 compacta
1321 2564 1378 2623 et
1428 2574 1631 2641 optima
1688 2575 1918 2627 Domino
1952 2574 2123 2628 factos
2166 2575 2235 2628 ad

674 2661 1011 2714 voluntatem
1042 2670 1253 2722 tractat,
1278 2671 1333 2716 ct
1353 2664 1574 2731 propria
1606 2665 1795 2732 implet
1829 2666 2002 2733 gloria
2031 2675 2085 2719 et
2103 2667 2234 2720 bea-

678 2752 928 2815 liludiuc,
990 2752 1153 2805 vitam
1212 2754 1349 2807 dans
1395 2762 1450 2807 et
1493 2754 1715 2808 donans
1749 2764 2009 2809 aeternam
2073 2764 2236 2824 atque

677 2841 1030 2902 inclTabilcm,
1065 2850 1122 2897 et
1154 2845 1410 2900 omnibus
1463 2845 1640 2899 modis
1692 2848 1947 2901 universa
2005 2846 2233 2905 liberam

676 2929 982 2997 cognitione
1011 2934 1323 2986 constituta:
1359 2936 1716 3003 proprietatis
1738 2938 2044 3004 praesentis,
2064 2944 2120 2991 et
2139 2953 2236 3006 per

676 3019 1083 3086 corruptionem
1107 3022 1417 3075 constituta:
1439 3025 1583 3077 vitae.
1607 3024 1777 3088 Quam
1799 3025 2053 3100 videlicet
2071 3026 2234 3077 vitam

2263 1819 2305 1876 Β

2319 600 2553 665 οἰασοῦν¹
2602 601 2880 671 ζητήσεως
2919 599 3123 668 χωρὶς,
3157 597 3282 663 περὶ
3325 597 3392 665 ἢν
3437 597 3614 663 μόνην
3678 591 3811 643 ἐστὶ
3848 592 3907 642 τθ

2322 694 2537 747 πταίειν
2581 694 2676 745 καὶ
2717 692 3072 761 σφάλλεσθαι,
3119 688 3372 751 θεοειδῶς
3404 688 3547 740 κατᾶ
3579 688 3637 738 τὸ
3669 682 3905 770 tmte!»

2321 783 2391 836 τὰ
2416 783 2589 836 πάντα
2614 781 2890 854 εἰσόμεθα,
2918 781 3114 851 μηκέτι
3142 779 3212 832 δι’
3236 780 3456 847 ἄγνοιαν
3478 778 3577 847 τῆς
3601 777 3744 846 περὶ
3768 774 3906 827 αὐτὰ

2324 872 2590 939 κινήσεως
2622 871 2994 941 ἀντεχόμενοι,
3020 869 3095 933 ὡς
3123 868 3205 923 νοτ
3229 868 3307 938 τῷ
3328 866 3569 936 ,μεγάλῳ
3605 867 3711 918 καὶ
3760 866 3904 931 λόγῳ

2323 960 2417 1012 καὶ
2457 957 2729 1028 πνεύματι
2772 958 2864 1011 τὸν
2914 959 3182 1029 ἡμέτερον
3221 956 3345 1009 νοῦν
3386 973 3449 1008 τε
3481 955 3576 1007 καὶ
3610 954 3788 1020 λόγον
3817 952 3904 1003 καὶ

2326 1049 2563 1119 πνεῦμα,
2593 1048 2794 1119 μᾶλλον
2823 1048 2880 1101 δέ
2910 1048 3017 1117 ὅλῳ
3042 1044 3161 1115 Θεῷ
3191 1045 3345 1105 ὅλους
3369 1044 3597 1104 ἑαυτοὺς
3624 1042 3713 1103 ὡς
3740 1041 3903 1110 ἀρχε-

2324 1140 2478 1207 τύπῳ
2523 1138 2692 1191 εἰκόνι
2738 1136 3252 1206 προσχωρήσαντες.
3311 1130 3509 1193 Καθὼς
3552 1131 3647 1181 καὶ
3708 1132 3775 1180 ἐν
3832 1125 3903 1191 τῷ

2325 1246 2391 1280 πε
2402 1229 2453 1299 ρὶ
2478 1227 2721 1297 χαλάζης
2744 1227 2891 1296 λόγῳ
2925 1224 3199 1290 διέξεισιν,
3219 1223 3418 1275 οὑτωσὶ
3447 1220 3675 1287 φάσκων
3700 1235 3717 1246 ·
3752 1238 3772 1269 ι
3798 1218 3903 1269 Καὶ

2323 1317 2570 1385 τοὺςμέν
2601 1316 2863 1385 (12⁵1α)
2901 1314 2963 1367 τὸ
2988 1314 3265 1382 ἄφραστον
3286 1311 3401 1378 φῶς
3431 1309 3771 1372 διαδέξεται,
3812 1308 3907 1357 καὶ

2326 1410 2360 1476 ὴ
2386 1408 2484 1476 τῆς
2514 1400 2681 1475 ἁγίας
2712 1405 2808 1459 καὶ
2846 1397 3133 1474 βασιλικῆς
3161 1400 3395 1469 θεωρίας
3423 1397 3657 1466 Τριάδος
3696 1396 3907 1462 ἐλλαμ-

2327 1496 2535 1564 πούσης
2568 1494 2895 1566 τρανότερόν
2930 1509 2991 1545 τε
3031 1490 3127 1544 καὶ
3180 1485 3591 1558 καθαρώτερον,
3624 1486 3729 1537 καὶ
3780 1486 3909 1549 ὅλης

2327 1587 2434 1656 ὅλῳ
2486 1587 2568 1641 νοῒ
2630 1574 2995 1656 μιγνυμένης,
3024 1584 3090 1653 ῆν
3137 1580 3202 1651 δὴ
3245 1578 3339 1631 καὶ
3392 1578 3559 1648 μόνην
3615 1576 3910 1645 βασιλείαν

2328 1677 2573 1747 οὐρανῶν
2597 1675 2708 1743 ἐγὼ
2736 1676 2948 1743 τίθημι,
2972 1693 2992 1724 ι
3012 1673 3180 1742 ἡνίκα
3205 1673 3369 1741 ἡδονῇ
3392 1669 3577 1739 ἥδεται
3598 1667 3704 1720 καλ⁵
3739 1666 3911 1735 ᾁγὰλ-

2330 1769 2502 1831 λεται,
2536 1766 2622 1818 ἵνα
2655 1767 2767 1828 τοῖς
2793 1762 2956 1816 αὐτοῦ
2982 1761 3258 1831 τολμήσας
3288 1760 3507 1828 συνάψω
3530 1759 3601 1810 τὰ
3630 1757 3909 1827 ἐμαυτοῦ,

2334 1857 2484 1909 πᾶσα
2536 1853 2716 1916 κτίσις
2766 1850 2957 1920 λογικὴ
3009 1849 3261 1917 ἀγγέλων
3312 1864 3371 1900 τε
3423 1848 3517 1900 καὶ
3567 1846 3910 1916 ἀνθρώπων,

2332 1946 2445 1997 ὅσοι
2493 1944 2694 2014 μηδένα
2736 1940 2842 1995 τῶν
2881 1940 3016 2010 πρὸς
3047 1938 3107 1991 τὸ
3144 1938 3301 2000 τέλος
3352 1937 3492 2013 κατα
3529 1936 3629 2005 τὴν
3687 1936 3913 2001 κίνησιν

2334 2035 2576 2102 φυσικῶς
2624 2031 3086 2104 συνηρμοσμένων
3140 2029 3325 2092 αὐτοῖς
3356 2028 3512 2080 θείων
3544 2026 3731 2092 λόγων
3763 2025 3913 2093 παρᾶ

2333 2123 2428 2176 τοῦ
2463 2122 2811 2192 Δημιουργοῦ
2842 2120 3247 2192 ἐξάπροσεξίας
3279 2116 3677 2187 παρέφθειραν,
3715 2114 3913 2166 διεσώ-

2337 2228 2498 2264 σαντο
2531 2212 2588 2264 δὲ
2620 2212 2822 2280 μᾶλλον
2857 2211 3153 2280 σωφρόνως
3184 2209 3411 2270 ἑαυτοὺς
3450 2206 3607 2266 ὅλους
3637 2207 3745 2257 καὶ
3768 2206 3914 2256 dna-

2337 2301 2695 2369 ρατρέπτους,
2719 2299 2793 2360 ὡς
2816 2299 2966 2361 Θείας
2999 2298 3207 2366 ὄργανα
3236 2298 3475 2364 φύσεως,
3498 2295 3593 2345 καὶ
3614 2293 3789 2355 ὄντας
3819 2296 3913 2346 καὶ

2334 2391 2735 2459 γενησομένους
2781 2388 3002 2452 εἰδότες,
3041 2387 3135 2450 οὓς
3177 2387 3245 2439 δι’
3287 2386 3410 2438 ὅλου
3456 2385 3576 2446 ὅλος
3607 2385 3861 2452 περιφὺς
3886 2386 3913 2434 ό

2335 2478 2469 2540 Θεὸς
2497 2478 2696 2549 τρόπον
2718 2476 2915 2546 ψυχῆς,
2937 2476 3123 2545 ὥσπερ
3157 2474 3293 2544 μέλη
3333 2472 3589 2542 σώματος
3611 2474 3786 2541 ἄρτια
3820 2474 3913 2524 καὶ

2334 2569 2609 2639 εὔχρηστα
2672 2568 2750 2638 τῷ
2798 2568 3042 2639 Δεσπότῃ
3134 2566 3557 2635 γενησομένους,
3624 2564 3775 2633 πρὸς
3854 2564 3915 2615 τὸ

2334 2660 2523 2713 δοκοῦν
2598 2659 3060 2730 μεταχειρίζεται,
3124 2658 3219 2710 καὶ
3270 2656 3368 2723 τῆς
3420 2653 3627 2716 οἰκείας
3710 2652 3919 2721 πληροί

2335 2752 2491 2822 δόξης
2519 2769 2576 2804 τε
2607 2752 2700 2805 καὶ
2739 2749 3158 2818 μακαριότητος,
3208 2746 3352 2816 ζωὴν
3402 2745 3582 2807 διδοὺς
3622 2744 3722 2796 καὶ
3751 2760 3916 2812 χαριο

2306 2844 2561 2912 ιζόμενος
2607 2842 2707 2910 τὴν
2731 2839 2901 2893 ἀΐδιόν
2929 2855 2987 2890 τε
3026 2838 3123 2890 καὶ
3161 2835 3550 2905 ἀνεκλάλητον,
3580 2834 3674 2886 καὶ
3704 2834 3913 2885 παντά·

2337 2950 2471 2986 πασι
2522 2931 2722 2994 παντὸς
2780 2929 3069 2998 ἐλευθέραν
3127 2927 3511 2997 γνωρίσματος
3560 2926 3913 2993 auat-auxia;

2341 3024 2600 3092 ἰδιότητος
2637 3021 2738 3090 τῆς
2768 3020 3052 3090 παρούσης
3082 3019 3175 3071 καὶ
3202 3017 3290 3070 διὰ
3340 3016 3546 3084 φθορᾶς
3576 3014 3621 3044 ¹³
3645 3030 3915 3064 συνιστα-

675 3117 935 3161 :ctcrnam
967 3124 1083 3163 nou-
1103 3125 1203 3164 aer
1226 3111 1520 3179 inspirans,
1560 3127 1737 3181 neque
1768 3095 2047 3181 sanguinis
2074 3114 2233 3166 rivuli

2342 3114 2507 3181 μένης
2531 3113 2703 3179 ζωῆς,
2724 3112 2791 3180 ἢν
2826 3110 2925 3162 οὐκ
2954 3108 3061 3178 ἀὴρ
3098 3105 3505 3173 εἰσπνεόμενος,
3534 3102 3642 3155 οὐδ’
3671 3095 3917 3171 αἳματος

679 3198 872 3266 llr-pate
903 3199 1134 3255 ﬂuentes
1179 3202 1545 3264 constituunt,
1597 3202 1692 3256 sed
1744 3202 1889 3257 Deus
1929 3211 2074 3256 totus
2106 3201 2237 3256 totis

680 3288 1059 3355 participatus,
1091 3298 1145 3342 et
1175 3291 1369 3343 animae
1390 3291 1445 3343 in
1469 3290 1690 3345 modum
1726 3290 1794 3344 ad
1818 3305 2019 3360 corpus
2043 3290 2239 3344 anima:

678 3386 747 3428 ct
763 3391 850 3443 pet
879 3377 1110 3430 mediam
1139 3380 1375 3432 animam
1399 3380 1464 3433 ad
1480 3396 1679 3448 corpus
1705 3379 1902 3442 factus,
1924 3380 2068 3433 sicut
2086 3380 2239 3433 novit

674 3465 819 3529 ipse,
853 3475 917 3518 ut
959 3481 1022 3518 ea
1072 3466 1293 3533 quidem
1342 3468 1924 3522 inconversibilitatem
1981 3469 2237 3538 accipiat,

680 3553 814 3605 illud
845 3568 977 3607 vero
1015 3555 1501 3619 immortalitatem,
1530 3566 1586 3610 et
1626 3564 1772 3609 totus
1816 3557 1981 3611 bomo
2014 3556 2241 3612 deiﬁce-

684 3652 773 3694 tur
802 3656 901 3710 per
937 3642 1273 3698 inbumanati
1336 3644 1432 3699 Dei
1476 3646 1706 3715 gratiam
1730 3646 2071 3712 deiﬁcantis;
2094 3656 2245 3702 totus

681 3734 905 3803 quidem
929 3735 1095 3789 homo
1116 3751 1342 3791 manens
1364 3738 1663 3792 secundum
1698 3740 1933 3793 animam
1962 3747 2017 3794 et
2041 3754 2241 3807 corpus

681 3840 778 3893 per
809 3834 1089 3889 naturam,
1110 3835 1167 3879 ct
1197 3834 1344 3880 totus
1377 3828 1553 3882 factus
1600 3830 1745 3883 Deus
1790 3830 2097 3883 secundum
2125 3830 2244 3883 ani-

684 3928 823 3965 mam
855 3917 1136 3983 et‘corpus
1167 3931 1265 3984 per
1290 3917 1550 3985 gratiam,
1586 3926 1641 3972 ct
1690 3919 2110 3972 convenientem
2135 3919 2242 3973 sibi

684 4018 782 4067 per
810 4009 983 4055 totum
1020 4003 1259 4057 divinam
1292 4006 1464 4060 beatte
1512 4006 1698 4075 gloriae
1745 4006 2071 4067 claritatem,
2118 4014 2244 4076 post

684 4107 844 4156 quam
873 4094 1011 4145 nihil
1033 4102 1116 4147 est
1162 4096 1229 4148 ad
1288 4097 1701 4167 intelligendum
1750 4097 1990 4152 lucidius
2022 4108 2118 4153 aut
2150 4115 2239 4154 ex-

686 4176 906 4229 celsius.
944 4180 1085 4244 Quid
1118 4185 1262 4236 enim
1295 4184 1558 4249 θεώσεως,
1593 4186 1647 4239 id
1674 4196 1759 4240 est
1787 4186 2133 4241 deiﬁcatione
2154 4188 2243 4242 di-

686 4266 807 4334 gnis
834 4268 1144 4332 amabilius,
1174 4287 1271 4338 per
1299 4290 1460 4341 quam
1495 4275 1640 4328 Deus
1688 4276 1796 4329 diis
1849 4276 2010 4330 factis
2053 4278 2245 4333 unitus

688 4357 910 4411 omnino
946 4358 1357 4415 universitatem
1384 4378 1536 4415 suam
1595 4365 1724 4416 facit
1755 4381 1854 4433 per
1901 4367 2246 4422 bonitatem?

2340 3202 2520 3271 ὀχετοὶ
2564 3198 2658 3252 τοῦ
2720 3200 2926 3267 ἥπατος
2967 3184 3334 3266 ἀπορρέοντες
3380 3192 3727 3256 συνιστῶσιν,
3776 3192 3920 3245 aut:

2339 3290 2470 3352 Θεὸς
2490 3289 2771 3360 δλοςὸλοις
2805 3287 3183 3357 μετεχόμενος,
3216 3285 3313 3338 καὶ
3338 3284 3514 3353 ψυχῆς
3542 3282 3752 3351 τρόπον
3775 3283 3922 3351 πρὸς

2343 3382 2501 3450 σῶμα
2529 3374 2797 3451 τῇξψυχῇ,
2830 3379 2922 3432 καὶ
2944 3377 3031 3431 διὰ
3061 3377 3237 3447 μέσης
3269 3374 3445 3444 ψυχῆς
3473 3373 3609 3441 πρὸς
3639 3372 3807 3441 σῶμα
3842 3390 3925 3439 τι.

2341 3471 2585 3542 νόμενος,
2610 3471 2684 3532 ὡς
2720 3467 2861 3523 οἶδεν
2889 3468 3071 3533 αὐτὸς,
3104 3467 3170 3520 ἵν’
3187 3469 3223 3535 ἡ
3250 3467 3350 3536 μὲν
3380 3464 3637 3535 ἀτρεψίαν
3663 3463 3923 3531 δέξηται.

2340 3563 2401 3615 τὸ
2444 3562 2501 3615 δὲ
2530 3560 2848 3623 ἀθανασίαν,
2879 3559 2974 3612 καὶ
3010 3560 3128 3621 ὅλος
3167 3557 3457 3628 ἄνθρωπος
3505 3553 3687 3623 θεωθῇ
3714 3557 3787 3624 τῇ
3823 3554 3923 3606 acii

2341 3651 2866 3720 ἐνανθρωπήσαντος
2894 3647 3031 3702 Θεοῦ
3072 3649 3256 3718 χάριτι
3290 3644 3728 3717 θεουργούμενος
3746 3685 3763 3707 ,
3791 3644 3922 3705 ὅλας

2346 3742 2446 3809 μὲν
2473 3739 2758 3808 ἄνθρωπος
2790 3738 2966 3807 μένων
2994 3736 3137 3792 κατὰ
3174 3734 3354 3804 ψυχὴν
3381 3734 3477 3786 καὶ
3507 3732 3665 3799 σῶμα
3699 3732 3794 3785 διὰ
3816 3734 3921 3801 τὴν

2343 3829 2525 3899 φύσιν.
2552 3819 2647 3881 καὶ
2669 3828 2786 3889 ὅλος
2814 3827 2995 3897 (127
3024 3827 3076 3893 by
3130 3823 3416 3895 γινόμενος
3446 3822 3580 3897 Θεὸς
3614 3824 3765 3876 κατὰ
3809 3824 3919 3893 ψυκ-

2344 3916 2442 3986 χὴν
2468 3916 2561 3968 καὶ⁵
2592 3916 2753 3986 σῶμα
2771 3915 2862 3967 διὰ
2882 3916 2979 3985 τὴν
3017 3914 3178 3985 χάριν
3221 3912 3317 3968 καὶ
3363 3912 3463 3982 τὴν
3514 3912 3922 3983 ἐμπρέπουσαν

2344 4006 2492 4074 αὑτῷ
2517 4005 2691 4058 διόλου
2723 4005 2875 4059 θείαν
2906 4006 3006 4076 τῆς
3036 3996 3310 4076 μακαρίας
3336 4003 3494 4074 δόξης
3520 4002 3921 4072 λαμπρότητα,

2347 4096 2466 4166 μεθ’
2482 4097 2547 4166 ἢν
2566 4097 2667 4149 οὐκ
2686 4095 2799 4149 ἔστι
2823 4113 2876 4149 τι
2896 4096 3179 4165 ἐπινοῆσαι
3194 4094 3570 4165 λαμπρότερον
3592 4092 3624 4162 ἦ
3645 4093 3920 4162 ὑψηλότε-

2346 4200 2459 4253 ρον.
2494 4183 2558 4235 Τί
2579 4185 2686 4255 γὰρ
2702 4182 2948 4245 θεώσεως
2977 4184 3091 4245 τοῖς
3120 4182 3295 4247 ἀξίοις
3316 4176 3756 4250 ἐρασμιώτερον,
3784 4180 3914 4232 καθ’

2344 4274 2411 4343 ἣν
2448 4275 2475 4326 ό
2506 4273 2637 4336 Θεὸς
2658 4272 2799 4335 θεοῖς
2830 4272 3139 4347 γενομένοις
3164 4269 3455 4337 ἐνούμενος
3485 4266 3546 4317 τὸ
3580 4266 3689 4317 πᾶν
3712 4266 3917 4318 ἑαυτοΞὶ

2346 4367 2578 4416 ποιεῖται
2606 4363 2675 4416 δι’
2700 4355 3011 4429 ἀγαθότητα
3042 4377 3058 4425 ;
3087 4360 3178 4412 Διὸ
3199 4358 3293 4411 καὶ
3344 4356 3543 4427 ἡδονὴν
3588 4356 3681 4408 καὶ
3733 4359 3916 4408 autem:

688 4449 763 4502 Ac
789 4465 883 4520 per
904 4450 1007 4503 hoc
1036 4450 1456 4505 delectationem
1485 4461 1539 4505 et
1564 4455 1869 4521 passionem
1902 4468 1957 4510 ct
1984 4458 2234 4527 gaudium

2348 4453 2441 4504 καὶ
2468 4450 2642 4522 χαρὰν
2677 4450 2858 4510 καλῶς
2880 4450 3169 4515 ὠνόμασαν
3208 4447 3306 4517 τὴν
3329 4447 3590 4517 τοιαύτην
3633 4450 3916 4501 καταστασ-

688 4539 826 4593 bene
863 4542 1258 4595 nominaverint
1285 4542 1444 4594 talem
1473 4550 1673 4595 statum
1716 4543 1811 4611 qui
1854 4554 1939 4597 cst
1968 4561 2065 4612 per
2100 4547 2241 4600 divi-

689 4648 811 4684 nam
845 4634 1096 4686 notitiam
1126 4643 1180 4687 et
1205 4642 1632 4701 consequentcm
1662 4648 1722 4685 se
1744 4633 1943 4687 laetitia:
1972 4634 2239 4689 fructum:

686 4722 1103 4787 delectationem
1130 4725 1352 4793 quidem
1391 4725 1607 4789 merito,
1653 4724 1782 4779 dum
1814 4725 1886 4777 sit
1916 4723 2036 4777 ﬁnis
2083 4735 2243 4778 natu-

689 4812 881 4867 ralium
906 4815 1304 4880 operationum.
1342 4814 1431 4869 Sic
1462 4814 1609 4869 enim
1660 4813 2079 4867 delectationem
2107 4813 2243 4867 dcti-

688 4881 883 4995 uiuni;
934 4902 1237 4969 passionem
1299 4920 1431 4958 vero
1483 4901 2089 4957 veluti'cxtendentem
2130 4904 2279 4969 vir-v

688 4987 857 5039 tutem
889 4997 943 5039 et
976 4988 1040 5039 ad
1070 4988 1125 5040 id
1150 4989 1295 5056 quod
1330 4991 1456 5043 facit
1480 4990 1531 5042 id
1554 4990 1699 5059 quod
1728 4989 1936 5058 patitur
1956 4987 2240 5050 inducen-

690 5089 820 5140 tmn,
840 5078 1137 5131 secundum
1164 5080 1426 5134 redditam
1447 5082 1589 5135 aeris
1614 5082 1679 5135 ad
1698 5082 1875 5134 lucem
1902 5081 2037 5135 clad
2064 5082 2241 5150 ignem

690 5166 821 5219 ferri
866 5166 1345 5237 paradigmaticam
1376 5186 1616 5235 causam,
1650 5179 1702 5225 ct
1729 5171 2053 5225 credibilem
2080 5179 2239 5223 natu-

2351 4561 2456 4609 σιν,
2488 4542 2586 4615 τὴν
2617 4545 2685 4611 τῇ
2731 4530 2852 4610 θείᾳ
2897 4540 3221 4609 κατανοήσει
3268 4538 3365 4591 καὶ
3397 4542 3463 4610 τῇ
3494 4538 3742 4611 ἑπομένῃ
3774 4541 3917 4609 αὐτῇ

2348 4632 2444 4700 τῆς
2495 4629 2832 4699 εὐφροσύνης
2870 4629 3187 4694 ἀπολαύσει,
3222 4629 3417 4700 ἡδονὴν
3474 4631 3591 4700 μὲν,
3631 4629 3713 4692 ὡς
3764 4630 3918 4691 τέλος

2349 4717 2513 4772 οὖσαν
2562 4718 2671 4770 τῶν
2714 4717 3068 4785 κατὰφύσιν
3120 4719 3411 4787 ἐνεργειῶν
3436 4717 3601 4787 (οὕτω
3641 4720 3761 4787 γὰρ
3816 4717 3917 4783 τὴν

2350 4811 2539 4880 ἡδονὴν
2575 4809 2888 4878 ὁρίζονται).
2929 4811 3109 4883 ⁴με’ίσιν
3142 4809 3199 4863 δὲ
3238 4809 3317 4873 ὡς
3372 4808 3702 4877 ἐκστατικὴν
3758 4807 3921 4858 δύναι-

2354 4919 2466 4970 μιν,
2493 4901 2625 4968 πρὸς
2649 4899 2710 4952 τὸ
2736 4898 2919 4951 ποιοῦν
2946 4900 3007 4952 τὸ
3029 4900 3235 4970 πάσχον
3264 4902 3567 4970 ἐνάγουσαν
3590 4936 3607 4960 ,
3636 4896 3785 4949 κατὰ
3816 4895 3919 4965 τὴν

2350 4988 2697 5042 ἀποδοθεῖσαν
2723 4987 2823 5051 τοῦ,
2856 4987 3014 5056 ἀέρος
3046 4991 3183 5060 πρὸς
3225 4992 3288 5043 τὸ
3319 4990 3434 5058 φῶς
3480 4988 3577 5041 καὶ
3605 4983 3706 5037 τοῦ
3745 4986 3916 5055 πυρὸς

2352 5081 2485 5149 πρὸς
2529 5072 2627 5131 τὸν
2679 5080 2894 5148 σίδηρον
2923 5080 2965 5111 ³⁸
2998 5083 3505 5152 παραδειγματικὴν
3560 5076 3750 5130 αἰτίαν
3777 5120 3793 5142 ,
3821 5080 3915 5132 and;

2351 5171 2640 5223 πείθουσαν
2693 5173 2932 5238 φυσικῶς
2982 5174 3075 5227 καὶ
3123 5174 3335 5242 άληθῶς
3393 5170 3467 5240 μὴ
3513 5168 3646 5222 ἄλλο
3693 5186 3749 5224 τι
3778 5166 3914 5223 εἶναι

1967 5280 2194 5343 νΑιιιιλΕ
2233 5272 2630 5335 ιΕεΤιοΝΕδ.

784 5371 823 5454 ξ’
844 5370 1207 5457 εὐθυποῇήξαι
1242 5373 1338 5442 μὲν
1358 5374 1445 5428 ed.
1475 5374 1589 5430 Gal.
1617 5376 1697 5429 Ab
1728 5376 1917 5431 cadcm
1940 5378 2136 5431 absunt
2167 5377 2331 5431 verba
2354 5376 2489 5427 κατὰ
2522 5375 2698 5443 φύσιν.
2774 5380 2815 5408 ¹³
2840 5378 3129 5457 διαφθορᾶς
3159 5377 3279 5431 cod.
3308 5372 3445 5429 Gud.
3531 5373 3574 5403 "
3610 5374 3666 5427 τὸ
3690 5376 3795 5445 πῦρ
3825 5377 3913 5430 τοῦ

672 5516 677 5519 ἠ
698 5437 911 5507 σιδήρου
942 5440 1026 5494 ed.
1048 5437 1174 5495 Cal.

2174 5502 2397 5593 nom.

772 5619 1003 5705 fDYgt'tc
1028 5630 1303 5705 ῃνίιηίμιιίὲ
1335 5633 1616 5705 (κγυυιρίίιγὶ
1647 5637 1861 5699 ic'om‘m,
1892 5633 2241 5703 prrmittcnt's

709 5696 830 5752 ‹·‹-ιι,
866 5688 1010 5759 (Cale
1024 5688 1056 5764 ί)

2420 5632 2491 5702 (g)
2533 5634 2690 5688 \‘crtc
2729 5634 3085 5704 complectens.
3120 5624 3310 5697 tGalc.)
