3966 6340
646 465 769 541 tom

1825 478 1881 535 S.
1924 478 2205 537 ΜᾹΧῙΜΙ
2243 479 2739 542 CONFESSORIS

3715 485 3823 549 1032

646 588 753 647 hic,
788 583 883 638 sed
915 583 1171 652 ingenitae
1201 583 1251 635 ei
1304 583 1535 635 miserim
1573 596 1791 635 causam
1835 597 2062 635 narrare
2108 598 2201 634 vo-

2301 583 2388 646 οα,
2427 586 2561 639 ἀλλά
2599 589 2695 656 τῆς
2738 589 3125 657 ἐπιγενομένης
3160 590 3292 658 αὐτῇ
3334 589 3707 661 ταλαιπωρίας
3740 594 3827 663 τὴν

642 677 831 727 luisse.
858 672 1075 740 Lugens
1111 673 1257 724 enim
1286 672 1534 739 corporis
1576 674 1748 725 nostri
1790 673 2063 726 miseriam
2100 687 2195 741 per

648 766 752 817 hoc
784 763 1020 817 dicendo
1050 782 1061 815 :
1106 782 1122 812 ι
1162 764 1205 815 0
1244 763 1688 831 conjunctioncm
1713 774 1767 817 et
1794 765 2194 832 separationcm

645 869 809 923 quam
834 855 963 906 dum
990 855 1156 906 timeo
1176 854 1675 921 circumsequor,ct
1697 854 1841 922 quod
1869 854 1991 907 ani‘o
2011 854 2190 918 dedi,»

645 951 702 996 et
734 944 947 1010 reliqua
974 958 987 994 :
1017 949 1073 995 et
1096 942 1263 996 veluti
1309 945 1455 1009 apud
1491 943 1847 1009 semetipsum
1882 943 2196 996 deliberans

602 1100 609 1107 δ
646 1033 714 1087 de
750 1049 911 1087 causa
946 1049 1139 1087 eorum
1186 1032 1393 1099 quibus
1431 1031 1857 1085 dehonestamur
1902 1034 2190 1098 malorum,

643 1132 700 1177 et
729 1132 921 1176 contra
949 1137 1070 1175 eam
1107 1120 1515 1189 sapientissima
1555 1121 1845 1188 prudentia
1888 1121 2193 1190 disputans,

566 1204 569 1205 ⁷
645 1227 745 1280 per
772 1212 879 1265 hoc
908 1211 1052 1280 quod
1089 1210 1256 1262 dicit:
1295 1228 1313 1259 ‹
1345 1210 1474 1273 Qum
1526 1225 1652 1278 erga
1706 1225 1791 1262 me
1820 1210 2115 1277 sapientia,
2141 1219 2198 1263 et

644 1304 791 1374 quod
824 1318 1082 1371 magnum
1109 1286 1467 1374 mysterium?
1509 1318 1526 1349 ι
1576 1284 1809 1364 addidit,
1867 1300 2195 1353 solutionem

643 1373 806 1462 plane
829 1392 1035 1445 faciens
1060 1392 1177 1443 sic:
1215 1409 1232 1439 ι
1262 1390 1346 1453 An
1380 1373 1497 1441 vult
1539 1399 1749 1456 partem
1790 1404 1891 1441 nos
1925 1402 2046 1442 esse
2076 1388 2194 1453 Dei,

643 1494 701 1538 et
726 1486 1014 1539 desursum
1046 1482 1299 1544 ﬂuentes,
1332 1488 1529 1547 utnon
1561 1494 1657 1546 per
1696 1478 2018 1546 dignitatem
2047 1478 2200 1531 exal-

645 1575 743 1629 tati
774 1582 829 1626 et
852 1571 1096 1626 cmlestia
1121 1568 1554 1636 contemplantes
1583 1567 1950 1635 despiciamus
1973 1566 2200 1620 Creator

616 1690 621 1695 ι
644 1679 761 1718 rem
792 1664 847 1715 in
874 1660 1175 1714 luctatione
1204 1674 1267 1710 ac
1294 1674 1478 1725 pugna
1503 1673 1624 1723 quae
1645 1666 1837 1709 contra
1868 1671 2066 1725 corpus
2094 1664 2196 1721 est,

644 1752 714 1806 ad
748 1753 927 1819 ipsum
965 1763 1181 1815 semper
1211 1744 1587 1815 aspiciendum
1630 1753 1687 1797 et
1730 1742 2079 1814 'conjunctam
2113 1745 2200 1797 in-

644 1841 955 1893 ﬁrmitatem
992 1838 1325 1889 nutrituram
1358 1850 1477 1887 esse
1524 1834 1826 1902 dignitatis.
1856 1852 1873 1884 ι
1925 1833 2001 1887 Ac
2050 1833 2199 1888 sisic

645 1909 875 1991 diceret,
910 1928 1168 1995 quoniam
1196 1925 1419 1993 quidem
1453 1939 1521 1977 ex
1556 1924 1734 1975 anima
1763 1934 1818 1977 et
1846 1940 2077 1993 corpore
2100 1938 2198 1992 per

645 2018 946 2072 bonitatem
974 2032 1003 2068 a
1034 2017 1142 2068 Deo
1169 2014 1343 2067 factus
1378 2010 1462 2065 est
1492 2014 1677 2074 homo,
1726 2014 1778 2065 in
1814 2014 1919 2066 hoc
1968 1996 2199 2067 medita—

647 2106 798 2161 bitur
824 2104 969 2173 quod
996 2103 1101 2157 sibi
1140 2100 1426 2180 rationalis
1465 2112 1519 2154 et
1553 2102 1940 2157 intellectualis
1969 2103 2092 2171 data
2127 2104 2198 2156 sit

646 2197 850 2257 anima,
878 2193 1081 2261 quippe
1104 2190 1406 2262 secundum
1464 2190 1755 2255 imaginem
1795 2190 2045 2245 facientis
2078 2206 2197 2245 eam
2227 2260 2230 2263 .

648 2285 962 2345 substituta,
988 2298 1109 2350 qua:
1134 2295 1233 2349 per
1262 2278 1601 2343 desiderium
1652 2279 1872 2346 quidem
1916 2288 1972 2333 et
1990 2295 2063 2334 ex
2086 2288 2199 2334 tota

646 2374 852 2428 virtute
877 2369 1246 2441 universalem
1276 2366 1599 2420 charitatem
1635 2367 1866 2420 ﬁrmiter
1904 2368 2072 2421 Deum
2101 2383 2201 2422 co-

648 2461 896 2531 gnitione
929 2458 1193 2529 possidet,
1222 2456 1606 2521 etsecundum
1636 2456 2053 2510 similitudinem
2081 2457 2199 2511 dei-

648 2549 959 2604 Ilcationem
988 2547 1240 2615 accipiet,
1283 2547 1595 2607 secundum,
1638 2562 1768 2599 vero
1802 2546 2199 2615 disciplinalem

649 2638 715 2694 ad
736 2638 1041 2705 subjectum
1064 2636 1462 2704 providentiam
1491 2644 1545 2688 et
1575 2635 1640 2688 de
1662 2635 1937 2704 diligendo
1955 2639 2201 2705 proximo

646 2730 795 2795 sicut
819 2743 876 2781 se
901 2726 1071 2793 ipsam
1101 2725 1300 2794 jubens
1327 2724 1640 2778 mandatum
1674 2729 1694 2755 '
1715 2765 1734 2792 ,
1764 2729 2059 2794 prudenter
2076 2744 2215 2782 cor-s

649 2833 752 2887 pus
776 2816 991 2885 recipit,
1034 2830 1133 2883 per
1164 2814 1393 2878 virtutes
1418 2813 1583 2867 etiam
1636 2815 1770 2868 illud
1802 2816 2069 2891 famulari.
2089 2816 2200 2869 Deo

648 2905 834 2969 efﬁcit,
870 2912 928 2959 ut
963 2919 1310 2963 conservum.
1361 2911 1418 2956 et
1473 2920 1571 2972 per
1631 2920 1784 2959 suam
1849 2905 2199 2959 medietatem

650 2996 913 3048 factorem
952 2993 1115 3047 faciet
1141 3008 1539 3060 possessorum.
1586 3003 1642 3047 et
1692 2994 1819 3047 data
1874 2995 2199 3048 immortali-

646 3094 761 3139 tate
792 3084 1071 3138 insolubili
1104 3083 1325 3136 vinculo
1357 3083 1491 3135 illud
1532 3084 1636 3136 sibi
1669 3086 2111 3152 conjuncturum,
2140 3093 2202 3138 ut

2296 674 2473 726 αἰτίαν
2529 676 2859 745 ἀφηγεῖσθαι
2918 677 3215 745 βούλεσθαι.
3268 677 3555 747 Θρηνήσας
3599 679 3704 747 γὰρ
3746 680 3820 733 τοῦ

2298 762 2548 829 σώματος
2603 764 2758 833 ἡμῶν
2821 766 2918 833 τὴν
2970 765 3306 837 ὲλεειγότητα
3355 766 3443 820 διὰ
3490 767 3587 820 τοῦ
3652 770 3831 831 εἰπεῖν,

2304 870 2319 899 ι
2369 852 2430 902 Ὢ
2469 851 2566 919 τῆς
2603 852 2860 917 συζυγίας
2886 854 2977 905 καὶ
3007 854 3105 922 τῆς
3141 854 3581 924 ἀλλοτριώσεωςῐ
3608 857 3637 908 ὃ
3658 856 3821 923 φοϐοῦ-

2300 957 2419 1008 μαι,
2454 941 2716 1008 περιέπω,
2748 942 2889 997 καὶῦ
2914 942 3140 1011 στέργω,
3164 942 3399 1007 δέδοικα,
3435 961 3454 992 ι
3486 943 3585 995 καὶ
3613 945 3677 995 τὰ
3700 928 3819 1011 ἑξῆς,

2298 1031 2390 1082 καὶ
2435 1026 2545 1081 οἷον
2579 1030 2715 1098 πρὸς
2755 1032 2945 1084 ἑαυτὸν
2982 1032 3318 1102 διαπορήσας
3351 1032 3478 1102 περὶ
3519 1034 3626 1101 τῆς
3659 1035 3821 1097 ιαὶτίας

2295 1120 2405 1171 τῶν
2433 1114 2515 1180 οἷς
2537 1119 2876 1189 ὲνεσχήμεθα
2910 1122 3094 1173 κακῶν
3123 1110 3218 1175 καὶ
3250 1121 3349 1190 τῆς
3393 1122 3516 1174 κατ’
3545 1121 3716 1190 αὐτὴν
3750 1140 3822 1173 σο-

2296 1210 2543 1278 φωτάτης
2589 1210 2841 1280 προνοίας
2902 1201 2988 1264 διὰ
3042 1212 3135 1264 τοῦ
3197 1211 3379 1280 φάναι.
3419 1230 3439 1261 ι
3480 1212 3581 1273 Τίς
3632 1212 3664 1279 ἠ
3720 1212 3822 1280 περὶ

2299 1298 2402 1367 ἐμὲ
2461 1300 2640 1365 σοφία,
2703 1301 2793 1351 καὶ
2840 1300 2890 1351 τί
2930 1301 2990 1351 τὸ
3028 1300 3213 1368 ’μέγα
3250 1299 3406 1352 τοῦτο
3443 1302 3736 1369 μυστήριον
3762 1317 3775 1361 ;
3802 1317 3818 1347 ι

2297 1388 2493 1454 ἐπάγει
2521 1389 2619 1456 τὴν
2668 1389 2820 1442 λύσιν
2855 1389 3066 1459 τρανῶς
3092 1389 3414 1458 ποιούμενος
3442 1389 3623 1451 οὕτως
3645 1406 3660 1421 ·
3704 1408 3722 1439 ι
3764 1389 3820 1440 Ἣ

2300 1477 2544 1545 βούλεται
2578 1482 2773 1548 μοῖραν
2804 1480 2948 1549 ἡμᾶς
2982 1480 3140 1541 ὄντας
3164 1478 3297 1531 Θεοῦ
3329 1479 3423 1532 καὶ
3460 1479 3672 1531 ἀνωθεν
3706 1478 3821 1547 pni-

2302 1583 2520 1633 σαντας,
2549 1569 2635 1621 ἵνα
2684 1569 2758 1639 μὴ
2787 1566 2874 1622 διὰ
2897 1570 2992 1639 τὴν
3018 1568 3173 1634 ἀξίαν
3203 1569 3548 1640 ἐπαιρόμενοι
3586 1569 3680 1623 καὶ
3713 1584 3818 1637 μετα

2299 1656 2643 1724 εωριζόμενοι
2691 1658 3115 1729 καταφρονῶμεν
3153 1656 3248 1711 τοῦ
3287 1659 3614 1719 κτίσαντος,
3664 1659 3717 1709 ὲν
3761 1658 3815 1725 τῇ

2301 1746 2437 1813 πρὸς
2489 1748 2550 1803 τὸ
2582 1746 2740 1815 σῶμα
2765 1748 2909 1816 πάλῃ
2934 1749 3027 1799 καὶ
3054 1747 3199 1818 μάχῃ
3240 1747 3376 1816 πρὸς
3403 1744 3567 1799 αὐτὸν
3613 1747 3697 1798 ἀεὶ
3734 1745 3825 1814 βλέ-

2300 1853 2442 1898 πειν,
2468 1840 2562 1889 καὶ
2590 1838 2688 1906 τὴν
2719 1838 3147 1906 συνεζευγμένην
3170 1837 3451 1889 ἀσθένειαν
3472 1835 3833 1903 παιδαγωγίαν.

2300 1923 2435 1978 εἶναι
2464 1925 2554 1977 τοῦ
2584 1906 2908 1994 ἀξιώματος.
2939 1945 2958 1977 ι
3002 1925 3209 1978 Ὠσανεὶ
3237 1925 3440 1991 ἔλεγεν,
3471 1927 3757 1995 ἐπειδήπερ
3772 1926 3825 1977 ἐκ

2297 2013 2475 2083 ψυχῆθ
2519 2013 2616 2065 καὶ
2675 2012 2923 2080 σώματος
2950 2013 3016 2065 δι’
3042 2013 3351 2082 ἀγαθότητα
3391 2014 3421 2065 6
3446 2012 3725 2082 ἄνθρωπος
3747 2011 3823 2079 γέ-

2298 2105 2499 2168 γονε-’⁸
2527 2103 2679 2171 παρά
2727 2103 2819 2155 τοῦ
2865 2102 3022 2166 Θεοῦ,
3063 2102 3149 2170 ἐφ’
3174 2096 3218 2170 ᾧ
3253 2103 3355 2171 τὴν
3397 2101 3646 2156 δοθεῖσαν
3700 2102 3825 2170 αὐτῷ

2298 2191 2527 2259 λογικήν
2547 2207 2606 2243 τε
2629 2194 2724 2243 καὶ
2759 2208 2843 2243 νοε
2853 2192 2949 2260 ράν
2972 2190 3169 2262 ψυχὴν,
3196 2192 3289 2245 ἀτε
3307 2191 3371 2261 δὴ
3404 2194 3525 2244 κατ’
3553 2192 3729 2244 είκόνα
3746 2189 3824 2243 τοῦ

2300 2281 2620 2348 ποιήσαντος
2643 2280 2811 2349 αὐτὴν
2842 2282 3212 2351 ὑπάρχουσαν,
3241 2282 3378 2333 κατά
3409 2283 3507 2349 μὲν
3540 2281 3636 2351 τὴν
3664 2283 3825 2348 ἑφεσιν

2302 2368 2398 2419 καὶ
2447 2368 2545 2436 τὴν
2573 2368 2633 2430 ἐξ
2663 2368 2789 2436 ὅλης
2822 2367 3101 2437 δυνάμεως
3127 2370 3313 2437 όλικὴν
3348 2370 3396 2399 ⁸⁸
3425 2371 3647 2438 ἀγάπην
3675 2368 3821 2440 ἀπρὶξ

2300 2459 2436 2513 Θεοῦ
2488 2459 2803 2527 γνωστικῶς
2857 2460 3141 2527 ἐχομένην,
3193 2458 3287 2510 καὶ
3338 2457 3399 2509 τὸ
3441 2457 3569 2512 καθ’
3592 2458 3825 2527 ὁμοίωσιν

2303 2547 2713 2619 προσλαϐοῦσαν
2735 2548 3019 2616 θεωθῆναι,
3054 2546 3240 2616 (129
3256 2547 3310 2616 α)
3361 2548 3501 2599 κατά
3525 2547 3583 2600 δὲ
3604 2547 3699 2619 τὴν
3726 2548 3825 2600 ἑπι-

2303 2638 2635 2709 στημονικὴν
2718 2639 2854 2707 πρὸς
2917 2639 2976 2692 τὸ
3037 2638 3323 2707 ὑφειμένον
3397 2638 3672 2709 πρόνοιαν,
3746 2635 3826 2702 καὶ

2301 2727 2396 2796 τῂν
2422 2729 2549 2797 περὶ
2568 2728 2630 2779 τὸ
2656 2729 2871 2796 ἀγαπᾷν
2907 2726 2997 2779 τὸν
3025 2726 3248 2795 πλησίον
3277 2725 3350 2789 ὡς
3378 2727 3569 2778 ἑαυτὸν
3597 2723 3823 2778 κελεύου-

2304 2834 2403 2869 σαν
2432 2815 2668 2885 ὲντολὴν,
2703 2816 2983 2883 ἐμφρόνως
3024 2813 3120 2865 τοῦ
3162 2813 3410 2881 σώματος
3452 2816 3822 2884 ἀντεχομένην,

2301 2906 2513 2973 λογίσαι
2558 2922 2618 2957 τε
2666 2905 2731 2957 δι’
2765 2902 2977 2974 ἀρετῶν
3005 2903 3137 2975 αῦτδ
3187 2904 3280 2955 καὶ
3318 2905 3595 2957 οἰκειῶσαι
3627 2903 3737 2971 Θεῷ
3762 2901 3824 2961 ὼς

2300 2995 2585 3066 ὁμόδουλον
2612 2995 2677 3048 δι’
2701 2995 2897 3062 ἑαυτῆς
2929 2994 3310 3062 μεσιτευούσης
3336 2990 3427 3046 τὸν
3454 2994 3680 3062 ποιητὴν
3706 2992 3825 3043 ἐνοι-

2302 3102 2417 3149 κον,
2455 3086 2549 3137 καὶ
2580 3086 2678 3154 τῆς
2707 3084 2948 3153 δοθείσης
2976 3083 3274 3147 ἀθανασίας
3298 3083 3499 3150 ἄλυτον
3524 3084 3716 3154 δεσμὸν
3745 3082 3827 3135 αὑ-

634 3173 795 3241 -qnod
838 3172 980 3224 Deus
1009 3170 1226 3233 animae,
1260 3169 1365 3222 hoc
1391 3168 1571 3233 annua
1596 3171 1813 3238 corpori
1844 3170 1955 3233 ﬁat,
1978 3180 2033 3224 et
2056 3187 2200 3226 unus

2300 3172 2392 3223 τὸν
2422 3169 2786 3238 ποιησομένην
2814 3169 2959 3238 αὑτῷ
2975 3170 3067 3222 τὸν
3090 3170 3450 3240 συνδήσαντα,
3474 3172 3541 3223 ἵν’
3570 3171 3705 3240 ὅπερ
3872 3232 3873 3235 η

648 3260 973 3315 ostendatur
996 3258 1240 3311 omnium
1270 3256 1517 3318 Creator,
1570 3258 2054 3325 proportionaliter
2099 3275 2199 3327 per

612 3396 616 3403 ,
651 3352 1046 3405 humanitatem
1099 3348 1283 3402 omnia
1339 3348 1659 3416 ingrediens
1713 3364 1834 3415 qum
1875 3358 2023 3414 sunt,
2058 3359 2115 3403 et
2144 3353 2200 3403 in

651 3456 821 3493 unum
855 3439 1078 3491 veniant
1106 3438 1279 3489 multo
1304 3452 1334 3489 a
1358 3453 1415 3489 se
1441 3437 1673 3490 invicem
1712 3438 2012 3493 secundum
2044 3448 2202 3492 natu-

652 3543 767 3581 ram
809 3526 1087 3587 distantia,
1121 3525 1264 3577 circa
1308 3538 1468 3577 unam
1523 3525 1762 3578 hominis
1814 3536 2065 3582 naturam
2094 3529 2200 3583 sibi

654 3619 885 3673 invicem
915 3613 1319 3676 convenientia,
1349 3620 1405 3667 et
1432 3615 1490 3666 fit
1512 3615 1695 3667 omnia
1724 3616 1778 3668 in
1810 3618 2063 3672 omnibus
2086 3621 2201 3688 ipse

642 3707 797 3761 Deus
825 3702 1009 3757 omnia
1046 3701 1548 3780 comprehenderis,
1580 3712 1636 3755 et
1669 3719 1838 3757 unum
1864 3706 2202 3761 substituens

650 3795 893 3857 sibimet,
920 3808 987 3845 eo
1008 3791 1157 3859 quod
1190 3791 1403 3843 nullum
1435 3792 1669 3861 amplius
1698 3807 1888 3847 eorum
1920 3812 2038 3863 quae
2070 3805 2199 3850 sunt

608 3878 611 3881 λ
650 3882 853 3939 sinitur
876 3878 1158 3949 possidere
1189 3886 1420 3940 motum,
1466 3889 1520 3931 et
1542 3880 1714 3945 ipsius
1750 3897 1944 3950 expers
1966 3900 2203 3952 praesen-

576 3978 581 3983 '
653 3972 765 4034 tiae,
788 3984 888 4037 per
922 3981 1087 4035 quam
1121 3973 1178 4018 et
1202 3965 1267 4033 (j)
1303 3964 1378 4018 dii
1402 3974 1456 4017 et
1484 3964 1581 4017 lilii
1613 3974 1668 4019 et
1712 3982 1912 4035 corpus
1948 3978 2003 4023 ct
2033 3986 2203 4025 mem-

650 4061 752 4115 bra
774 4066 829 4113 et
858 4072 985 4125 pars
1010 4056 1107 4109 Dei
1138 4065 1195 4109 et
1229 4054 1429 4107 horum
1458 4054 1658 4108 similia
1683 4064 1737 4109 et
1766 4072 1956 4111 sumus
1980 4067 2036 4111 et
2062 4060 2203 4113 dici-

642 4166 781 4205 -mur
809 4154 831 4188 ι
863 4163 929 4203 ea
949 4161 1070 4216 quae
1097 4146 1163 4199 ad
1191 4144 1352 4200 ﬁnem
1378 4155 1461 4201 est
1480 4145 1742 4201 relatione
1779 4146 1977 4203 divinae
2006 4164 2205 4219 specu-

598 4236 602 4239 ⁷
652 4238 898 4293 lationis.

705 4325 991 4391 Quoniam
1031 4324 1197 4393 igitur
1226 4334 1281 4379 et
1328 4325 1434 4379 hoc
1474 4325 1615 4378 etin
1652 4326 1754 4380 hoc
1806 4327 1971 4381 homo
2027 4329 2203 4383 factus

2300 3254 2431 3325 Θιεὸς
2444 3254 2609 3324 ψυχῇ,
2638 3253 2797 3307 τοῦτο
2815 3255 2957 3324 ψυχὴ
2980 3254 3189 3325 σώματι
3209 3256 3432 3325 γένηται
3452 3297 3467 3318 ,
3488 3257 3581 3310 καὶ
3603 3252 3681 3318 εἷς
3712 3258 3829 3307 ἀτω-

2298 3346 2482 3414 δειχθῇ
2499 3343 2610 3396 τῶν
2624 3342 2759 3396 ὅλων
2772 3345 3127 3414 Δημιουργὸς,
3150 3344 3421 3412 ἀναλόγως
3438 3346 3522 3398 διά
3534 3350 3631 3415 τῆς
3645 3344 3832 3414 ἀνθρω-

2301 3436 2400 3487 πότ
2408 3451 2532 3503 ητος
2549 3436 2714 3486 πᾶσιν
2734 3434 3065 3487 ἐπιϐατεύων
3081 3436 3193 3497 τοῖς
3207 3431 3266 3487 οὗ
3274 3451 3345 3497 σι,
3370 3434 3463 3487 καὶ
3474 3435 3553 3494 είς
3570 3434 3627 3487 ἓν
3642 3433 3763 3503 ἔλθῃ
3772 3432 3831 3484 τὰ

2300 3523 2473 3577 πολλά
2492 3522 2734 3593 ἀλλήλων
2770 3523 2909 3576 κατὰ
2936 3523 3036 3594 τὴν
3063 3524 3222 3593 φύσιν
3250 3522 3566 3592 διεστηκότα
3591 3524 3716 3593 περὶ
3745 3523 3830 3591 τὴν

2303 3614 2433 3683 μίαν
2455 3611 2549 3664 τοῦ
2575 3611 2861 3682 ἀνθρώπου
2890 3611 3052 3681 φύσιν
3090 3612 3337 3682 ἀλλήλοις
3372 3616 3722 3679 συννεύοντα,
3750 3614 3831 3665 καὶ

2300 3702 2521 3770 γένηται
2546 3700 2617 3753 τὰ
2635 3701 2813 3754 πάντα
2834 3702 2891 3753 ὲν
2912 3703 3073 3755 πᾶσιν
3092 3701 3253 3764 αὐτὸς
3275 3705 3303 3754 6
3322 3702 3471 3767 Θεὸς,
3500 3705 3672 3757 πάντα
3694 3720 3833 3772 περιο

2305 3790 2488 3843 λαϐὼν
2518 3790 2612 3843 καὶ
2638 3790 3008 3859 ἐνυποσντήσας
3040 3789 3238 3857 ἐαυτῷ,
3259 3790 3345 3843 διὰ
3369 3792 3463 3843 τοῦ
3495 3793 3660 3860 μηδὲν
3688 3793 3763 3845 ἔτι
3791 3793 3829 3823 "

2300 3877 2411 3929 τῶν
2438 3877 2607 3929 ὄντων
2632 3876 2828 3944 ἄφετον
2856 3876 3150 3946 κεκτῆσθαι
3168 3875 3266 3947 τὴν
3287 3879 3517 3947 κίνησιν,
3532 3882 3623 3932 καὶ
3634 3881 3729 3948 τῆς
3748 3881 3828 3932 αὐ·

2300 3966 2395 4017 τοῦ
2414 3966 2639 4035 ἀμοιρον
2659 3966 2980 4036 παρουσίας,
3002 3968 3121 4023 καθ’
3141 3968 3206 4038 ἥν
3224 3968 3315 4021 καὶ
3334 3968 3443 4021 θεοὶ
3465 3971 3555 4023 καὶ
3570 3969 3732 4022 τέκνα
3749 3970 3830 4021 καὶ

2304 4056 2462 4128 σῶμα
2476 4056 2571 4108 καὶ
2590 4055 2723 4126 μέλη
2747 4058 2841 4110 καὶ
2870 4061 3029 4129 μοῖρα
3058 4059 3188 4111 Θεοῦ
3220 4060 3311 4111 καὶ
3344 4058 3411 4111 τὰ
3446 4062 3667 4115 τοιαῦτά
3685 4064 3830 4130 ἐσμεν

2312 4147 2406 4199 καὶ
2434 4145 2704 4216 λεγόμεθα
2736 4151 2804 4219 τῇ
2835 4149 2968 4217 πρὸς
3009 4147 3255 4209 τὸτέλος
3291 4149 3537 4218 ἀναφορᾷ
3569 4150 3663 4202 τοῦ
3702 4150 3827 4202 θείου

2305 4236 2529 4289 σκοποῦ.

2386 4327 2600 4391 Ἐπειδὴ
2624 4328 2799 4380 τοίνυν
2820 4325 2975 4379 τοῦτο
2995 4325 3086 4391 καὶ
3109 4324 3199 4379 ἐπὶ
3219 4324 3391 4394 τούτῳ
3407 4328 3435 4378 6
3457 4326 3551 4379 ἄνθ
3558 4341 3733 4395 ρωπος
3752 4325 3830 4389 τέο

642 4425 762 4479 cst,
797 4416 853 4468 in
882 4415 1059 4483 primo
1083 4429 1216 4467 vero
1244 4423 1395 4481 patre
1439 4430 1505 4467 eo
1535 4415 1680 4482 quod
1728 4426 1978 4482 paratum
2003 4427 2085 4471 est
2130 4418 2198 4471 ad

2304 4432 2481 4483 γονεν,
2512 4416 2569 4465 ἑν
2607 4414 2663 4466 δὲ
2691 4415 2769 4482 τῷ
2796 4415 3095 4484 προπάτορι
3116 4413 3192 4482 τῷ
3209 4413 3406 4483 ἑτοίμῳ
3436 4416 3570 4485 πρὸς
3604 4415 3830 4479 ἐξουσίαν

652 4504 981 4573 potentiam,
1050 4503 1255 4557 abusus
1300 4502 1467 4554 estad
1512 4503 1734 4565 malum,
1772 4506 2198 4579 transferensex

2303 4507 2393 4558 ἐπὶ
2430 4504 2489 4556 τὸ
2540 4506 2716 4572 χεῖρον
2749 4506 3035 4573 ἐχρήσατο,
3099 4502 3438 4572 μετενεγκὼν
3490 4508 3555 4557 ἐκ
3604 4504 3699 4559 τοῦ
3733 4507 3830 4557 ἑπι-

637 4609 720 4647 ~eo
748 4594 892 4660 quod
918 4607 1240 4647 concessum
1270 4599 1353 4643 est
1384 4590 1449 4642 ad
1493 4590 1546 4642 id
1584 4593 1728 4658 quod
1752 4594 2089 4659 prohibitum
2122 4605 2229 4649 est

641 4681 989 4735 ,desiderium
1042 4679 1283 4750 (etenim,
1316 4684 1435 4731 erat
1462 4692 1558 4743 per
1606 4693 1665 4730 se
1718 4689 1909 4744 potens
1940 4690 1995 4733 et
2024 4670 2205 4735 adhze-

642 4786 783 4823 ‘a'ere
812 4771 1043 4824 Domino
1066 4769 1195 4822 etin
1222 4767 1478 4835 spiritum
1526 4766 1677 4828 ﬁeri;
1721 4767 2000 4824 adhaerere
2033 4785 2207 4825 mere-

643 4861 782 4913 :triei
819 4869 875 4913 et
898 4861 956 4913 in
981 4874 1181 4928 corpus
1208 4857 1326 4909 ﬁeri
1368 4854 1627 4909 seductus
1654 4855 1826 4923 eligit,
1863 4866 1920 4910 et
1940 4858 2127 4913 divina
2149 4868 2207 4914 et
2240 4850 2247 4855 ’

643 4948 815 5001 ἐδεδίει
863 4942 1073 5002 νῖεἰοιιο
1118 4947 1306 4999 volens
1343 4945 1582 5013 seipsum
1642 4944 1890 5010 expulit,
1933 4947 2013 5001 sic
2067 4947 2199 5017 dum

638 5035 801 5091 «esset
834 5038 977 5091 Deus
1006 5036 1200 5106 gratia,
1236 5045 1379 5090 terra
1413 5034 1531 5087 ﬁeri
1576 5048 1673 5101 per
1702 5023 2036 5091 \oluntatem
2057 5051 2201 5107 pra-

643 5125 982 5193 (bonorans),
1027 5125 1302 5193 sapienter
1355 5124 1517 5177 simul
1562 5131 1619 5177 et
1684 5120 2116 5190 misericonﬁter
2141 5134 2201 5183 et

722 5252 746 5279 ³
782 5240 973 5294 Matth.
997 5256 1127 5308 χιιι,
1149 5242 1235 5296 39.
1386 5240 1403 5274 ί
1438 5238 1564 5292 Cor.
1599 5231 2011 5302 ιυβΐςυοπ.
2042 5251 2123 5304 II,
2156 5241 2206 5294 1.

2300 4594 2677 4662 τετραμμένου
2719 4593 2853 4660 πρὸς
2886 4593 2946 4643 τὸ
2982 4592 3359 4661 κεκωλυμένον
3397 4594 3495 4662 τὴν
3529 4594 3713 4663 ὄρεξιν
3728 4592 3831 4661 (καὶ

2302 4682 2408 4751 γὰρ
2436 4677 2503 4750 ἦν
2530 4679 2906 4745 αὑτεξούσιος,
2935 4682 3027 4734 καὶ
3066 4681 3157 4733 τοῦ
3193 4681 3513 4762 milqu
3536 4683 3617 4751 τῷ
3661 4682 3830 4751 Κυρίῳ

2305 4770 2403 4823 καὶ
2431 4768 2489 4821 ἓν
2520 4768 2735 4836 πνεῦμα
2760 4769 3030 4837 γενέσθαι,
3055 4769 3146 4823 καὶ
3161 4768 3257 4824 τοῦ
3277 4769 3604 4839 κολληθῆναι
3624 4774 3691 4840 τῆ
3710 4771 3828 4838 1:69-

2306 4872 2374 4930 νῃ
2398 4856 2496 4911 καὶ
2525 4854 2583 4910 ἓν
2619 4857 2775 4926 σῶμα
2799 4857 3068 4925 γενέσθαι,
3099 4857 3399 4929 ἀπατηθεὶς
3425 4857 3720 4927 προείλετο,
3746 4856 3826 4910 καὶ

2305 4947 2397 5002 τοῦ
2423 4943 2569 4999 θείου
2598 4946 2693 4999 καὶ
2726 4949 2993 5018 μακαρίου
3024 4949 3222 5001 σκοποῦ
3256 4947 3400 5002 btth
3423 4947 3617 5002 ἑαυτὸν
3645 4946 3827 5013 ἀπιξέ-

2302 5049 2443 5090 νωσε
2461 5073 2479 5102 ,
2517 5034 2612 5087 τοῦ
2638 5035 2769 5097 Θεὸς
2794 5032 2933 5089 εἶναι
2971 5037 3152 5106 χάριτι
3189 5042 3249 5089 τὸ
3275 5033 3403 5106 χοῦς
3446 5036 3694 5105 γενέσθαι
3724 5035 3826 5089 καθ’

2303 5126 2514 5197 αἵρεσιν
2536 5124 2923 5195 προτιμήσας),
2952 5126 3132 5193 σοφῶς
3166 5126 3281 5196 ἅμα
3314 5129 3407 5181 καὶ
3454 5126 3828 5196 φιλανθρώπως

1898 5343 2128 5400 VARUS
2170 5346 2574 5402 LECTIONES.

722 5438 771 5553 2:
799 5436 950 5553 «:pai
975 5434 1069 5489 τοῦ
1092 5433 1224 5512 Θεοῦ
1254 5436 1282 5486 ὁ
1311 5427 1836 5552 ἀνοίρυτωςῶἕονεν
1868 5428 1961 5511 (εειΣ
1975 5431 2101 5486 Gal.
2176 5434 2221 5513 ’ξ
2248 5434 2448 5487 Eadem
2468 5450 2661 5489 manus
2690 5437 2910 5507 antiqua
2950 5436 3002 5489 in
3042 5435 3163 5490 cod.
3191 5437 3333 5492 Gud.
3360 5436 3594 5492 correxit
3632 5436 3826 5497 όλικῶς.

756 5524 804 5553 τι
864 5511 1170 5553 esuderatur
1194 5518 1249 5553 in
1277 5501 1366 5553 ed.
1441 5498 1513 5553 al.
1734 5497 2080 5553 κολληθηναι.
2107 5515 2308 5553 omisso
2342 5504 2453 5553 καὶ.
2482 5503 2569 5553 ed.
2602 5504 2716 5553 Gal.

651 5507 702 5541 ’τ
726 5507 804 5559 ιτι
827 5501 1170 5581 desideratur
1194 5502 1249 5556 in
1277 5501 1366 5557 ed.

714 5684 783 5754 (j)
815 5683 1017 5754 Deliae
1133 5678 1245 5754 egit
1267 5675 1533 5733 Maximus
1553 5650 2192 5754 ξιιφερωςηίοιξιςιριιαξζ

645 5742 863 5815 ctione:
888 5751 943 5805 in
972 5752 1028 5804 S.
1049 5742 1410 5820 εοτῷιυηω,
1433 5757 1492 5802 et
1517 5744 1648 5800 alibi
1669 5759 1683 5807 ;
1704 5742 1886 5813 fusius
1910 5745 1983 5797 ibi
2014 5744 2191 5799 innuit

1734 5497 2080 5569 κολληθῆναι,
2107 5502 2308 5555 omisso
2342 5504 2453 5565 καὶ,
2482 5503 2569 5555 ed.
2602 5504 2716 5557 Gal.

2156 5608 2381 5662 NOTAE.

2297 5652 2662 5813 ἓξὲξιεῖξιρτωη,
2691 5682 2837 5750 quod
2862 5681 2951 5734 hic
2984 5679 3129 5736 fecit.
3158 5652 3220 5737 νζ
3246 5684 3501 5738 Pbotium
3532 5666 3602 5737 ad
3630 5681 3873 5749 Rabiri

2860 6036 2867 6043 ,
2960 6011 2988 6045 ,Ι
