3966 6340
118 516 236 586 1093

1332 502 1843 571 AMBIGUORUM
1881 505 2132 567 LIBER.

3103 481 3110 492 “
3186 507 3322 579 lost

122 628 289 700 (129
309 626 363 697 ὁ)
415 626 512 678 καὶ
542 626 611 695 τῇ
645 623 809 678 αὑτοῦ
839 625 1158 694 πρεπόντως
1188 623 1481 693 άγαθὸτητι
1510 624 1539 674 ὁ
1570 620 1669 689 τὴν

1773 633 1882 672 suae
1908 617 2304 671 convenienter
2332 614 2567 671 bonitati
2626 621 2826 669 nostra;
2876 614 3069 670 salutis
3099 615 3323 688 dispen-

120 718 376 790 ἡμετέραν
423 717 699 786 σωτηρίαν
744 717 1044 784 οἰκονομῶν
1093 715 1226 778 Θεὸς
1254 718 1318 784 τῇ
1347 704 1661 783 ’παραλόγῳ

1773 717 1913 761 sator
1936 707 2098 768 Deus,
2157 704 2528 758 irrationabili
2572 702 2747 757 motui
2792 704 3182 761 intellectualis
3210 723 3325 763 νη·-
3372 710 3377 715 ⁷

121 811 315 879 κινήσει
336 810 436 878 τῆς
465 809 526 859 ὲν
555 808 687 876 ἡμῖν
727 808 921 873 νοερᾶς
958 807 1238 876 δυνάμεως
1277 803 1662 873 παρεπομένην

119 899 331 959 δεόντως
360 894 476 964 τὴν
522 896 800 964 τιμωρίαν
823 893 1162 963 παρέπηξεν,
1198 891 1329 947 αὐτὸ
1360 894 1536 943 έκεῖνο
1567 908 1663 943 τυ-

120 988 198 1057 χὸν
225 985 371 1039 κατὰ
414 985 510 1037 τὸν
547 984 735 1036 εἰκότα
770 984 928 1050 λόγον
957 984 1191 1045 κολάσας
1214 983 1451 1053 θανάτῳ,
1482 983 1609 1051 περὶ
1634 982 1663 1033 ὃ

121 1078 203 1149 τὴν
226 1078 373 1132 κατὰ
398 1061 522 1129 νοῦν
547 1075 693 1145 μόνῳ
716 1076 762 1106 ³⁹
793 1073 913 1141 Θεῷ
934 1073 1383 1143 χρεωστουμένην
1407 1072 1505 1141 τῆς
1534 1072 1667 1139 ἁγά-

121 1183 217 1237 πης
242 1166 473 1235 δύναμιν
497 1163 937 1235 κατερῤήξαμεν,
972 1164 1058 1214 ἵνα
1085 1161 1179 1214 τοῦ
1212 1163 1443 1232 μηδενὸς
1492 1164 1664 1231 ἐρῶν-

123 1275 196 1320 τες
221 1258 310 1310 διὰ
332 1258 424 1310 τοῦ
459 1258 691 1326 πάσχειν
721 1256 851 1308 ποτὲ
892 1253 1152 1322 μαθόντες
1174 1252 1393 1322 πρδςτὸ
1422 1252 1479 1306 ὃν
1506 1252 1665 1304 πάλιν

126 1348 309 1416 ταύτην
358 1348 652 1413 ἐπανάγειν
695 1346 1032 1416 διδαχθῶμεν
1069 1344 1167 1415 τὴν
1212 1344 1459 1412 δύναμιν.
1490 1343 1666 1410 Ὅπερ

124 1434 314 1501 προῖὼν
361 1432 768 1503 ἐμφανέστερον
795 1433 1031 1484 ποιεῖται
1070 1430 1267 1496 λέγων,
1303 1448 1321 1481 ι
1372 1428 1666 1498 Ἀλλῗὲμοί

126 1519 211 1587 μὲν
233 1520 332 1572 καὶ
364 1518 454 1572 διὰ
478 1517 641 1570 τοῦτο
678 1518 824 1570 δοκεῖ
853 1514 1157 1586 μηδὲν,,τῶν
1186 1514 1427 1574 ἐνταῦθα⁴
1445 1512 1666 1582 ἀγαθῶν

124 1607 247 1660 εἶναι
318 1610 509 1661 πιστὸν
558 1609 677 1671 τοῖς
719 1605 1071 1678 ἀνθρώποις,
1084 1605 1221 1674 μηδὲ
1264 1604 1617 1674 πολυχρόνιον
1648 1643 1664 1669 ,

123 1699 221 1751 ἀλλ’
251 1698 410 1767 εἰπερ
434 1716 484 1750 τι
502 1696 653 1759 ἄλλο,
685 1695 955 1749 καὶτοῦτο
983 1693 1161 1757 καλῶς
1186 1692 1260 1754 τῷ
1281 1694 1501 1764 τεχνίτῃ
1526 1692 1669 1762 λόγῳ

102 1789 207 1843 ικαὶ
240 1793 308 1859 τῇ
356 1788 537 1841 πάντα
582 1786 707 1841 νοῦν
754 1784 1096 1857 ὑπερεχούσῂ
1140 1784 1300 1853 σοφίᾳ
1346 1782 1667 1853 μεμηχανῆ-

126 1880 250 1943 σθαι,
285 1878 594 1944 νπαίζεσθαι
633 1878 781 1949 ἡμᾶς
836 1878 897 1928 ὲν
944 1880 1056 1939 τοῖς
1101 1876 1422 1945 ὁρωμένοις,
1477 1872 1666 1927 ἄλλοτε

123 1969 280 2032 ἄλλως
305 1952 796 2039 μεταϐαλλομένοις
822 1966 918 2019 καὶ
961 1965 1376 2035 μεταϐάλλουσι,
1410 1964 1503 2018 καὶ
1558 1964 1669 2018 άνω

124 2058 205 2108 καὶ
239 2058 391 2110 κάτω
440 2055 763 2125 φερομένοις
805 2071 863 2107 τε
908 2056 1003 2106 καὶ
1040 2053 1545 2123 περιτρεπομένοις,
1576 2054 1670 2106 καὶ

122 2148 237 2216 πρὶν
284 2147 560 2217 ληφθῆναι
620 2144 845 2199 ἀπιοῦσι
900 2147 997 2199 καὶ
1042 2145 1366 2214 φεύγουσιν,
1398 2145 1482 2197 ἵνα
1511 2144 1571 2197 τὸ
1613 2145 1670 2197 ὲν

123 2239 320 2301 τούτοις
367 2237 604 2291 ἄστατον
657 2236 753 2289 καὶ
797 2234 1089 2305 ’ἀνώμαλον
1121 2235 1496 2305 θεωρήσαντες
1535 2235 1671 2306 πρὸς

124 2331 176 2382 τὸ
200 2330 388 2398 μέλλον
442 2316 925 2397 μεθορμισώμεθα.
962 2326 1028 2398 Τί
1082 2326 1188 2394 γὰρ
1218 2325 1283 2379 ἂν
1337 2326 1671 2396 ἐποιήσαμεν

124 2392 345 2479 ἑστῶτος
403 2392 499 2468 τοῦ
542 2392 631 2468 εῦ-
659 2392 922 2485 πράττειν
947 2392 1103 2485 ἡμῖν,
1125 2392 1287 2467 ὁπότε
1326 2415 1387 2467 οὐ
1422 2392 1672 2485 μένοντος

123 2507 361 2571 τοσοῦτον
428 2505 577 2576 αὐτῷ
628 2505 1053 2575 προσδεδέμεθα,
1094 2506 1189 2559 καὶ
1240 2505 1413 2568 οὕτως
1459 2508 1600 2576 ἡμᾶς
1639 2506 1672 2576 ἡ

124 2597 240 2662 περὶ
268 2595 425 2648 τοῦτο
462 2594 624 2665 ἡδονὴ
658 2593 755 2647 καὶ
802 2582 987 2664 ἀπάτη
1013 2593 1126 2664 έχει
1164 2593 1501 2657 δουλώσασα,
1532 2595 1673 2647 ὥστε

129 2684 285 2755 μηδὲν
312 2686 564 2754 κρεῖττον
594 2683 730 2754 μηδὲ
754 2680 1087 2755 ὑψηλότερον
1120 2685 1229 2738 τῶν
1247 2686 1532 2755 παρόντων
1560 2686 1675 2738 δια-

126 2774 349 2827 νοεῖσθαι
368 2772 651 2837 δύνασθαι,
674 2773 957 2827 καὶταῦτα
987 2773 1107 2827 κατ’
1140 2774 1323 2827 εἰκόνα
1361 2775 1495 2826 Θεοῦ
1519 2790 1675 2841 γεγο-

124 2864 284 2929 νέναι,
300 2863 392 2917 καὶ
409 2862 707 2925 ἀκούοντας
721 2863 814 2915 καὶ
830 2862 1180 2925 πιστεύοντας
1196 2864 1295 2932 τὴν
1314 2863 1426 2915 ἄνω
1436 2879 1493 2913 τε
1512 2861 1674 2915 οὖσαν

126 2952 356 3021 καὶπρὸς
372 2949 573 3020 ἑαυτὴν
584 2949 869 3016 ἓλκουσαν;
893 2970 909 3001 ι
936 2953 1046 3005 Καὶ
1061 2952 1221 3004 πάλιν
1236 2953 1293 3001 ὲν
1308 2950 1385 3019 τῷ
1404 2951 1538 3018 πρὶς
1549 2948 1675 3010 τοὺς

127 3038 561 3108 πολιτευομένους
576 3036 721 3107 λόγῳ
749 3037 1132 3105 φάσκων,‹”1ν’
1154 3038 1386 3106 εἰδῶμεν
1416 3038 1476 3089 τὸ
1505 3037 1673 3107 μηδὲν

127 3131 268 3194 ὅντες
306 3129 443 3200 πρὸς
467 3127 566 3197 τὴν
594 3127 852 3196 ἀληθινὴν
875 3128 1061 3194 σοφίαν
1096 3127 1281 3196 (130
1301 3126 1354 3195 a)
1391 3127 1485 3179 καὶ
1530 3125 1677 3195 πρώ-

127 3236 237 3289 την,
258 3217 389 3271 ἀλλὰ
408 3216 544 3285 πρὸς
562 3214 722 3267 αὑτὸν
736 3215 822 3269 ἀεὶ
842 3215 1081 3285 νεύωμεν
1102 3216 1280 3284 μόνον,
1304 3216 1405 3293 καὶη
1427 3216 1677 3286 ζητῶμεν

127 3313 239 3373 ταῖς
293 3306 500 3361 ἐκεῖθεν
543 3306 738 3371 αὐγαῖς
765 3305 1273 3375 ὲναστράπτεσθαι,
1323 3306 1430 3358 εἴτε
1472 3306 1691 3378 star-1:3;

130 3400 429 3471 ἀνωμαλίας
455 3396 563 3450 τῶν
586 3396 874 3467 ὁρωμένων
900 3397 996 3448 καὶ
1030 3399 1526 3470 περιτρεπομένων,
1552 3404 1682 3468 μετ-

132 3492 341 3562 ύγιντος
373 3492 518 3561 ἡμᾶς
549 3489 641 3543 ἐπὶ
663 3487 731 3539 τὰ
755 3486 961 3540 ἑστῶτα
986 3488 1079 3540 καὶ
1105 3485 1349 3557 μένοντα.
1387 3488 1459 3540 Οὑ
1484 3488 1680 3551 τοίνυν,

129 3578 198 3641 ὡς
235 3577 389 3650 οἶμαι
414 3621 429 3645 ,
466 3582 567 3650 τῆς
596 3580 742 3633 ⁴κατὰ
769 3577 868 3647 τὴν
895 3578 1107 3645 γένεσιν
1136 3577 1243 3651 τῆς
1270 3577 1683 3647 ἁνθρωπότητος

130 3668 357 3730 αἰτίαςκ
387 3669 446 3719 ἑν
470 3668 700 3729 τούτοις.
734 3666 809 3727 ὼς
837 3666 1076 3733 εἴρηται,
1112 3666 1139 3715 ὁ
1171 3663 1488 3724 διδάσκαλος
1516 3665 1685 3714 ποιεῖ-

130 3770 213 3806 ται
239 3753 335 3823 τὴν
362 3754 623 3820 δήλωσιν,
673 3751 809 3805 ἀλλά
836 3750 936 3817 τῆς
964 3746 1104 3799 κατὰ
1129 3746 1228 3815 τὴν
1254 3746 1465 3814 γένεσιν
1495 3749 1683 3797 ἐπεισ-

130 3841 380 3911 αχθείσης
408 3843 477 3910 τῇ
507 3839 753 3910 ἡμετέρᾳ
782 3836 893 3906 ζωῇ
927 3835 1015 3887 διὰ
1040 3835 1136 3905 τὴν
1162 3833 1470 3903 παράϐασιν
1496 3836 1681 3886 ταλαι-

132 3929 335 3999 πωρίας
356 3970 372 3995 ,
420 3928 496 3992 ὡς
536 3931 646 3993 τοῖς
688 3926 1115 3996 σπουδαιοτέρως
1146 3923 1239 3978 καὶ
1268 3923 1682 4000 ἐμμελεστέρως

131 4024 237 4084 τοῖς
266 4020 427 4083 θείοις
455 4019 619 4085 αὐτοῦ
645 4018 964 4090 γράμμασιν
988 4014 1357 4085 ἐμμελετῶᾶν
1378 4016 1493 4069 ἐστι
1517 4031 1683 4067 κατα-

133 4112 315 4188 φανές.
332 4112 561 4183 ’Ταύτης
587 4110 686 4179 μὲν
711 4109 816 4178 γὰρ
836 4108 935 4176 τὴν
956 4107 1099 4171 ὅθεν,
1126 4108 1221 4159 καὶ
1246 4106 1311 4158 δι’
1328 4104 1377 4169 ὁ,
1403 4106 1495 4159 καὶ
1519 4098 1678 4172 ἐφ’ᾧ,

134 4201 221 4252 καὶ
249 4194 309 4252 οὗ
335 4198 522 4252 ἕνεκεν
554 4198 734 4252 αἰτίαν
760 4236 774 4261 ,
820 4196 907 4248 διὰ
931 4195 1135 4247 τούτων
1164 4195 1292 4265 ἡμῖν
1322 4195 1680 4262 παρατίθεται

132 4288 234 4341 τῶν
262 4288 431 4357 λόγων
458 4289 528 4342 δι’
543 4288 711 4357 αὐτῆς
732 4287 832 4357 τὴν
853 4286 1306 4355 οἰκονομουμένην
1329 4286 1481 4356 ἡμῶν
1505 4284 1683 4355 σοφῶς

104 4379 283 4450 Δπιιρέι
297 4380 335 4411 ⁸³
375 4379 472 4433 τοῦ
506 4377 645 4431 Θεοῦ
689 4377 963 4449 σωτηρίαν
992 4376 1200 4449 δηλῶν*
1252 4378 1465 4448 ἐκείνης
1493 4377 1549 4430 δὲ
1581 4379 1682 4449 τὴν

132 4469 212 4536 ἐφ’
251 4463 298 4537 ᾧ
350 4469 645 4539 γεγένηται
710 4466 993 4538 μυστηρίῳ
1046 4466 1400 4537 ὑπεμφαίνων
1453 4468 1681 4536 δύναμιν

115 4554 301 4624 ἑτέρῳ
324 4554 496 4623 λόγων
528 4556 791 4625 κέχρηται
819 4556 1033 4624 τρόπῳ,
1067 4554 1184 4607 ὅλον
1210 4554 1372 4608 αὐτοῦ
1404 4555 1533 4625 περὶ
1556 4556 1676 4608 τού-

1786 4561 2083 4615 verborum
2118 4574 2250 4633 usus
2291 4566 2377 4613 est
2401 4559 2588 4624 modo,
2625 4567 2797 4613 totam
2829 4561 2915 4615 sui
2955 4562 3024 4615 de
3050 4563 3164 4615 hoc
3193 4563 3340 4630 piam
3444 4628 3470 4631 _

131 4657 221 4695 του
248 4642 337 4695 τὸν
360 4645 559 4713 εὐσεϐῆ
590 4644 790 4697 σκοπὸν
818 4645 1051 4714 φανερὸν
1074 4644 1413 4713 ποιούμενος,
1438 4645 1514 4709 ὡς
1534 4649 1591 4700 ὲν
1610 4646 1687 4717 τῷ

131 4729 227 4793 τίς
260 4730 332 4784 τὰ
369 4731 623 4800 γενέθλια
652 4731 796 4802 λόγῳ
828 4732 1107 4787 δείκνυται
1123 4732 1325 4799 λέγων,
1376 4754 1395 4787 ι
1423 4736 1564 4800 Νοῦς
1592 4737 1689 4806 μὲν

134 4816 222 4875 οὖν
246 4821 345 4893 ἤδη
376 4822 471 4876 καὶ
497 4821 751 4891 αἴσθησις
776 4822 948 4885 οὕτως
968 4823 1061 4876 ἀπ’
1075 4823 1320 4894 ἀλλήλων
1343 4824 1691 4896 διακριθέντα

134 4912 241 4966 τῶν
265 4913 404 4987 ἰδίων
433 4915 574 4985 ὅρων
601 4913 751 4976 ὲντδς
779 4914 1151 4984 είστήκεισαν,
1189 4915 1283 4967 καὶ
1310 4914 1372 4967 τὸ
1401 4916 1494 4969 τοῦ
1513 4920 1692 4988 Δημι-

135 5004 329 5074 ουργοῦ
360 5005 520 5074 λόγου
564 5004 848 5076 μεγαλεῖον
890 5006 949 5057 ὲν
984 5002 1194 5069 ἑαυτοῖς
1227 5006 1449 5077 ἔφερον,
1491 5010 1682 5075 σιγῶν-

136 5109 221 5157 τες
253 5096 531 5157 ἐπαινέται
562 5096 660 5164 τῆς
693 5094 1093 5166 μεγαλουργίας
1124 5096 1218 5149 καὶ
1242 5096 1550 5167 διαπρύσιοι
1582 5098 1682 5167 κή-

140 5199 325 5252 ρυκες·
340 5187 489 5240 οὔπω
509 5186 567 5240 δὲ
596 5181 665 5257 ἦν
688 5185 879 5255 κρᾶμα
906 5185 967 5251 ἐξ
991 5187 1333 5259 ἀμφοτέρων,
1355 5188 1473 5241 οὐδέ
1492 5194 1575 5251 τις
1597 5188 1685 5258 μί-

140 5271 217 5337 ξις
248 5274 356 5327 τῶν
384 5276 680 5340 ἐναντίων,
734 5275 925 5343 σοφίας
974 5274 1217 5346 μείζονος
1260 5277 1545 5347 γνώρισμα
1594 5277 1688 5330 καὶ

138 5362 235 5432 τῆς
267 5366 392 5435 περὶ
414 5367 515 5430 τὰς
536 5364 726 5435 φύσεις
748 5365 1118 5432 πολυτελείας,
1146 5358 1271 5420 οὐδέ
1294 5369 1322 5421 ὁ
1341 5369 1445 5429 πᾶς
1461 5366 1690 5435 πλοῦτος

140 5455 235 5523 τῆς
248 5454 575 5525 ἁγαθότητος
595 5455 889 5528 γνώρψος.
908 5458 1079 5512 Τοῦτο
1095 5460 1159 5528 δὴ
1180 5458 1458 5529 βουληθεὶς
1475 5462 1503 5512 ὁ
1517 5460 1690 5529 τεχνί-

138 5556 237 5614 της
267 5544 631 5610 ἐπιδείξασθαι
663 5546 841 5615 λόγος,
878 5547 972 5601 καὶ
1008 5546 1146 5611 ζῶον
1175 5548 1231 5601 ἓν
1258 5547 1319 5611 te
1342 5549 1685 5620 ἀμφοτέρων,

1766 797 1919 859 tutis,
1953 812 2076 866 qua;
2114 796 2170 850 in
2204 795 2365 854 nobis
2391 803 2495 859 est,
2541 803 2974 864 consequentem
3017 807 3326 866 opportuno

1765 887 1933 942 aﬁixit
1958 888 2286 953 vindictam,
2306 886 2453 941 illud
2484 887 2663 956 ipsum
2699 887 2951 943 fortassis
2971 890 3125 959 juxta
3156 894 3325 947 ratio-

1765 993 1889 1031 nem
1949 978 2186 1046 puniens
2241 986 2415 1031 morte
2459 992 2561 1045 pro
2602 992 2711 1046 quo
2741 980 3045 1032 secundum
3079 981 3324 1036 animum

1769 1065 1870 1119 soli
1901 1066 2013 1119 Deo
2047 1065 2290 1119 debitam
2321 1065 2612 1123 cbaritatis
2640 1067 2977 1135 projecimus
3021 1068 3321 1136 virtutem;

1768 1167 1827 1211 ut
1854 1158 1993 1211 nihil
2020 1168 2271 1212 amantes
2303 1173 2401 1225 per
2438 1158 2753 1232 passionem
2792 1159 3123 1228 quandoque
3154 1163 3331 1229 pumi-

1769 1246 1993 1299 tentiam
2022 1255 2265 1316 agentes,
2302 1245 2367 1298 ad
2426 1244 2481 1298 id
2514 1245 2657 1313 quod
2692 1255 2776 1299 est
2836 1244 3036 1298 iterum
3080 1247 3331 1300 eamdem

1766 1337 2031 1392 reducere
2068 1338 2408 1391 disceremus
2435 1336 2719 1393 virtutem.
2765 1334 2921 1401 Quod
2953 1336 3176 1405 quidem
3205 1353 3335 1406 pro-

1768 1427 1970 1481 cedens
2002 1425 2349 1482 manifestius
2378 1427 2510 1480 facit
2555 1428 2749 1481 dicens
2780 1447 2792 1480 :
2854 1445 2871 1478 ι
2902 1427 3009 1481 Sed
3043 1428 3176 1481 mihi
3213 1430 3335 1497 qui-

1768 1514 1891 1568 dem
1916 1530 2014 1583 per
2041 1516 2147 1569 hoc
2169 1515 2390 1568 videtur
2412 1515 2552 1568 nihil
2594 1515 2700 1569 hoc
2725 1516 2993 1569 bonorum
3029 1531 3151 1570 esse
3174 1516 3334 1571 fidele

1768 1605 2082 1661 hominibus
2109 1620 2287 1674 neque
2318 1605 2746 1674 longzevitatem,
2772 1614 2826 1658 at
2851 1606 2896 1659 si
2924 1606 3055 1674 quid
3080 1606 3252 1669 aliud,
3278 1617 3336 1661 et

1770 1696 1874 1750 hoc
1898 1696 2038 1749 bene
2066 1694 2264 1748 artifici
2292 1694 2463 1748 verbo
2487 1703 2543 1748 et
2596 1710 2817 1749 omnem
2865 1695 3208 1750 intellectum
3242 1712 3337 1751 su-

1769 1796 1995 1856 perante
2024 1785 2291 1855 sapientia
2330 1784 2703 1839 machinatum
2738 1793 2824 1839 est
2879 1785 3194 1840 deludendo
3232 1802 3333 1841 nos

1770 1875 2086 1929 visibilibus
2110 1876 2165 1928 in
2194 1873 2455 1943 aliudque
2473 1874 2636 1928 aliter
2666 1875 3046 1929 transmotatis
3066 1884 3122 1929 et
3153 1883 3332 1931 trans-

1770 1966 2128 2028 motantibus,
2161 1973 2217 2019 et
2264 1979 2485 2018 sursum
2520 1972 2577 2018 et
2611 1964 2871 2017 deorsum
2912 1964 3239 2029 ferentibus,
3279 1973 3337 2021 et

1773 2055 2157 2117 titubantibus,
2173 2065 2230 2109 et
2243 2057 2561 2124 priusquam
2579 2038 3122 2125 comprehendantur
3132 2058 3340 2112 abeun-

1772 2147 1923 2200 tibus
1951 2156 2007 2200 et
2030 2140 2390 2215 fugientibus,
2419 2156 2480 2200 ut
2514 2145 2572 2198 in
2621 2132 2708 2199 his
2738 2144 2997 2225 instabile
3031 2155 3088 2200 et
3113 2162 3337 2220 anoma-

1769 2229 1882 2281 lum
1916 2229 2376 2297 contemplantes,
2416 2228 2484 2282 ad
2513 2230 2758 2282 futuram
2787 2237 3155 2284 transeamus.
3195 2230 3339 2295 Quid
3411 2235 3414 2238 ’

1770 2319 1918 2372 enim
1965 2317 2273 2388 faceremus
2328 2318 2382 2371 in
2412 2320 2694 2387 praesenti,
2724 2320 2855 2374 dum
2882 2320 3045 2374 nobis
3088 2321 3156 2385 ad
3197 2321 3338 2376 bene

1770 2407 2041 2477 agendum
2067 2417 2545 2487 nongpermaneat,
2570 2416 2785 2463 tantum
2808 2411 2859 2463 ei
2884 2410 3260 2474 attribuimus,
3283 2418 3340 2464 et

1770 2495 1852 2569 sic
1880 2509 1981 2548 nos
2003 2510 2131 2565 erga
2150 2494 2331 2564 ipsum
2355 2494 2652 2549 delectatio
2696 2505 2754 2549 et
2783 2512 2943 2549 error
2970 2497 3136 2551 habet
3160 2498 3339 2551 servi—

1774 2582 1881 2638 tuti
1919 2583 2243 2653 subjiciens,
2270 2575 2345 2635 ita
2368 2590 2430 2634 ut
2463 2582 2601 2635 nihil
2632 2580 2829 2634 melius
2858 2596 3039 2650 neque
3068 2583 3341 2640 excelsius

1772 2672 2139 2743 praesentibus
2194 2668 2504 2739 intelligere
2561 2670 2862 2735 valeamus,
2895 2680 2952 2727 et
3004 2672 3049 2727 si
3089 2673 3205 2728 hazc
3239 2690 3340 2730 au-

1773 2764 1987 2817 dientes
2015 2770 2069 2815 et
2114 2762 2405 2816 credentes
2452 2762 2754 2815 secundum
2802 2762 3093 2833 imaginem
3118 2766 3215 2819 Dei
3237 2780 3341 2821 nos

1740 2850 1741 2853 “
1773 2851 1945 2905 factos
1988 2851 2156 2905 fuisse
2180 2864 2397 2916 sursum
2411 2851 2787 2905 attendentem
2806 2860 2862 2914 et
2880 2853 2946 2906 ad
2976 2855 3213 2924 seipsam
3232 2845 3355 2910 tra—i

1776 2941 2017 2995 hentem.
2040 2961 2058 2994 ι
2082 2943 2150 2996 Et
2172 2944 2373 2997 iterum
2394 2943 2451 2995 in
2468 2957 2723 2996 sermone
2744 2944 2811 2996 ad
2844 2946 3053 2999 urbane
3076 2946 3339 3014 viventes,

1774 3034 1993 3088 dicens:
2023 3054 2040 3085 ι
2063 3036 2133 3090 Ut
2177 3036 2421 3089 sciamus
2450 3035 2588 3089 nihil
2624 3051 2730 3090 nos
2762 3052 2885 3092 esse
2934 3038 3001 3093 ad
3032 3056 3215 3093 veram
3251 3056 3338 3095 sa-

1773 3122 2037 3191 pientiam
2083 3133 2139 3177 et
2170 3122 2426 3192 primam,
2458 3123 2553 3177 sed
2589 3124 2655 3176 ad
2701 3125 2884 3192 ipsum
2919 3141 3135 3196 semper
3159 3129 3344 3182 inten-

1779 3213 1974 3266 damus
2026 3212 2372 3266 solummodo
2425 3221 2481 3268 et
2522 3229 2833 3283 quaeramus
2891 3217 2984 3285 qui
3033 3216 3160 3273 inde
3214 3225 3342 3271 sunt
3436 3242 3455 3260 '-

1780 3303 2167 3374 splendoribus
2210 3319 2527 3368 coruscare,
2564 3304 2835 3375 siquidem
2876 3321 2973 3374 per
3007 3306 3342 3376 inatqualita-

1739 3466 1741 3469 τ
1782 3407 1893 3451 tem
1941 3396 2243 3450 visibilium
2276 3404 2333 3450 et
2376 3396 2732 3469 titubantium
2784 3384 3091 3449 transducit
3138 3411 3240 3452 nos
3285 3396 3341 3451 in

1780 3502 1844 3539 ea
1884 3501 2007 3555 qua
2041 3494 2287 3559 stantket
2328 3495 2673 3555 permanent.
2718 3504 2736 3535 ι
2768 3484 2887 3539 Νοιι
2934 3485 3123 3555 igitur,
3160 3494 3221 3539 ut
3255 3502 3343 3540 ar-

1761 3573 1988 3645 Vbitror,
2041 3574 2233 3644 ipsius,
2284 3590 2407 3643 qua:
2446 3574 2751 3627 secundum
2784 3575 3195 3643 generationem
3238 3575 3343 3629 bu-

1779 3663 2058 3717 manitatis
2080 3672 2185 3727 est,
2216 3679 2394 3718 causa:
2427 3665 2483 3716 in
2514 3660 2733 3727 talibus,
2769 3670 2830 3715 ut
2852 3662 3061 3715 dictum
3096 3672 3202 3727 est,
3230 3676 3346 3715 ma-

1780 3737 1951 3818 gister
2003 3750 2136 3804 facit
2182 3750 2633 3810 declarationem,
2688 3747 2784 3801 sed
2832 3748 2946 3815 ipse
2995 3764 3169 3816 usque
3215 3760 3339 3817 post

1777 3842 2189 3909 generationem
2224 3848 2466 3892 nostram
2506 3848 2765 3908 aggravat
2802 3838 2969 3891 vitam
3005 3838 3342 3896 infelicitatis

1778 3937 2005 3997 propter
2022 3928 2546 3997 praevaricationem,
2579 3928 3036 3997 quemadmodum
3064 3930 3342 3986 curiosius

1778 4026 1835 4071 et
1889 4019 2193 4072 studiosius
2241 4018 2456 4072 divinas
2489 4019 2665 4091 ipsius
2710 4020 2922 4073 litteras
2968 4019 3340 4088 cogitantibus

1778 4116 1863 4164 est
1916 4106 2299 4165 manifestum.
2337 4111 2503 4165 Istius
2542 4112 2690 4166 enim
2722 4125 2940 4164 eausam
2971 4111 3134 4173 unde,
3163 4120 3219 4165 et
3243 4120 3343 4181 per

1780 4200 1935 4269 quid,
1980 4208 2037 4254 et
2082 4216 2149 4255 ex
2178 4216 2308 4270 quo,
2357 4208 2412 4254 et
2451 4195 2675 4269 prepter
2717 4199 2848 4267 quid
2897 4215 2995 4268 per
3035 4199 3152 4255 haec
3181 4202 3345 4259 nobis

1780 4289 1994 4345 addidit
2012 4290 2201 4354 verba,
2224 4299 2450 4359 propter
2477 4304 2597 4343 eam
2623 4288 3056 4343 administratam
3095 4303 3339 4347 nostram

1779 4380 2060 4448 sapienter
2109 4395 2141 4433 a
2193 4380 2307 4434 Deo
2345 4380 2578 4433 salutem
2624 4376 2941 4444 declarans;
2989 4379 3137 4435 illius
3183 4398 3336 4446 vero,

1780 4469 1835 4523 in
1858 4485 1969 4538 quo
1992 4470 2132 4524 facta
2148 4478 2233 4524 est
2255 4468 2516 4539 mysterio
2543 4468 2832 4528 insinuans
2852 4470 3135 4536 virtutem,
3165 4473 3341 4526 altero

1782 4652 2119 4706 voluntatem
2162 4649 2371 4703 faciens
2414 4650 2793 4717 manifestam;
2828 4652 2969 4707 sicut
3013 4654 3069 4706 in
3112 4666 3199 4715 eo,
3245 4652 3348 4720 qui

1784 4749 1870 4793 est
1908 4739 1963 4792 in
1992 4735 2259 4804 γενέθλια,
2290 4737 2345 4791 id
2386 4746 2469 4792 est
2495 4739 2831 4804 nativitates,
2878 4755 3127 4795 sermone
3162 4740 3341 4793 mani-

1784 4830 1967 4893 festat,
2003 4827 2193 4882 dicens
2222 4846 2236 4881 :
2277 4846 2296 4879 ι
2324 4828 2554 4882 Animus
2589 4829 2757 4898 igitur
2785 4831 2897 4898 jam
2920 4840 2976 4885 et
3002 4844 3216 4891 sensus,
3262 4830 3346 4884 sic

1787 4934 1817 4972 a
1847 4933 1903 4989 se
1934 4917 2172 4972 invicem
2206 4917 2433 4973 discreti
2458 4918 2699 4987 propriis
2725 4917 3158 4983 definitionibus,
3193 4918 3347 4973 intus

1788 5016 2083 5073 steterunt,
2124 5017 2181 5063 et
2207 5009 2473 5063 creatoris
2501 5008 2664 5062 Verbi
2718 5008 3150 5077 magnitudinem
3191 5008 3245 5059 in
3280 5022 3343 5063 se
3386 5034 3391 5042 -

1789 5096 1925 5165 ipsis
1966 5096 2239 5162 ferebant,
2279 5100 2507 5153 silentes
2544 5096 2841 5151 laudabant
2886 5095 3343 5165 magnificentiam

1787 5188 2095 5257 magnivoci
2144 5188 2554 5259 praedicatores,
2585 5187 2831 5242 nondum
2878 5201 3011 5240 vero
3059 5196 3178 5241 erat
3205 5204 3347 5243 con-

1780 5282 1956 5335 cretio
1986 5295 2057 5333 ex
2089 5281 2359 5349 utrisque,
2406 5294 2585 5347 neque
2633 5278 2882 5347 quaedam
2921 5280 3157 5331 mixtura
3208 5295 3345 5335 con-

1781 5372 2084 5427 trariorum
2105 5366 2391 5441 sapientia:
2413 5370 2638 5440 majoris
2658 5377 2712 5422 et
2736 5368 2881 5421 circa
2905 5375 3131 5421 naturas
3156 5372 3347 5428 multa

1782 5460 2140 5529 perfectionis
2172 5455 2399 5524 indicia,
2428 5472 2605 5527 neque
2630 5470 2823 5510 omnes
2843 5454 3092 5509 thesauri
3120 5454 3343 5511 bonita-

1784 5552 1857 5604 tis
1904 5548 2138 5619 cogniti;
2194 5549 2299 5603 hoc
2358 5555 2541 5601 autem
2607 5544 2797 5598 volens
2849 5542 3043 5598 artifex
3098 5541 3343 5600 Verbum

1387 5680 1617 5735 VARUE
1658 5682 2055 5739 LECTIONES.

205 5790 248 5822 ’θ
285 5776 548 5857 μόνοςεᾶ.
576 5790 695 5848 Gal.
769 5792 813 5824 "
836 5792 1385 5863 uitiagdesideratur
1416 5794 1469 5847 in
1496 5796 1583 5851 ed.
1602 5796 1700 5852 Gal
1805 5800 1844 5830 "
1882 5765 2006 5866 περὶ
2033 5795 2119 5851 ed.
2149 5794 2264 5849 Gal.
