3966 6340
651 393 789 459 1095

1801 392 1865 449 S.’
1902 387 2185 449 MAXIMI
2226 388 2730 450 CONFESSORIS

3734 397 3860 461 1096

652 498 966 570 ostendere,
1018 506 1215 559 animal
1252 521 1438 569 unum,
1484 520 1547 557 cx
1577 494 1836 557 invisibili
1881 500 2006 554 dico
2045 509 2102 553 et
2133 499 2206 551 vi-

2313 500 2545 566 ἀοράτου
2574 501 2715 568 λέγω
2750 502 2844 554 καὶ
2869 503 3069 573 ὁρατῆς
3098 505 3312 573 φύσεως
3337 545 3351 568 ,
3708 509 3855 579 δημι-

653 597 800 651 sibili
828 607 1042 661 natura,
1064 597 1337 649 hominem
1362 607 1542 659 creat;
1572 602 1627 648 et
1648 608 1714 647 ex
1738 591 1963 646 materia
1985 588 2209 663 quidem

654 686 935 753 accipiens
969 700 1167 752 corpus
1228 686 1341 753 jam
1393 693 1519 737 ante
1567 681 1902 743 substitu'ta,
1943 695 1973 731 a
2029 677 2210 744 seipso

654 790 789 828 vero
820 775 982 827 vitam
1004 773 1242 842 imponit
1271 772 1715 843 (intellectualem
1736 783 1953 837 quoque
1970 768 2209 820 animam

652 843 711 915 et
740 863 1027 931 imaginem
1062 862 1158 915 Dei
1198 862 1352 915 no‘vit
1407 861 1688 929 Verbum),
1718 858 1885 912 veluti
1916 855 2207 925 quemdam

657 952 921 1005 mundum
983 951 1308 1013 secundum,
1366 951 1419 1002 in
1462 964 1628 1018 parvo
1665 962 1940 1015 magnum,
1980 946 2033 997 in
2064 952 2205 997 terra

651 1042 861 1105 statuit,
909 1041 1161 1109 angelum
1194 1039 1381 1103 alium,
1415 1038 1757 1091 adoratorem
1802 1035 2052 1096 mixtum,
2086 1051 2104 1083 ι
2150 1040 2205 1085 et

653 1131 881 1198 reliqua.
919 1129 977 1182 ln
1004 1145 1071 1183 eo
1098 1144 1229 1182 vero
1271 1129 1367 1197 qui
1420 1136 1505 1181 est
1544 1128 1598 1180 in
1640 1126 1816 1189 Φῶτα,
1852 1127 1954 1179 hoc
1982 1133 2065 1177 est
2106 1123 2203 1176 ba-

654 1220 927 1288 ptismata,
961 1233 1210 1272 sermone
1248 1235 1261 1269 :
1309 1237 1325 1267 ι
1360 1216 1628 1283 Quoniam
1677 1215 1756 1268 sic
1802 1215 1917 1267 haec
1941 1222 2033 1267 aut
2059 1212 2200 1265 hoc:

651 1310 939 1379 oportebat
984 1325 1114 1363 vero
1156 1324 1270 1362 non
1303 1308 1401 1361 bis»
1437 1307 1532 1376 qui
1566 1322 1779 1361 sursum
1825 1313 1952 1359 sunt
2000 1305 2205 1382 solum-

586 1434 587 1437 η
655 1401 816 1453 modo
856 1400 1229 1453 adorationem
1253 1388 1651 1461 circumscribi,
1674 1394 1769 1451 sed
1795 1410 1913 1448 esse
1940 1393 2202 1462 quosdam

649 1500 704 1545 et
724 1492 981 1544 deorsum
1000 1490 1338 1552 adoratores,
1367 1498 1424 1541 ut
1442 1488 1804 1559 implerentur
1833 1485 2014 1542 omnia
2032 1483 2204 1552 gloria

582 1592 587 1596 '
648 1582 767 1644 Dei,
810 1580 1070 1648 quoniam
1101 1587 1157 1632 et
1194 1578 1329 1641 Dei;
1362 1586 1418 1631 et
1446 1586 1741 1646 propterea
1769 1584 1989 1628 creatur
2039 1574 2203 1625 homo

649 1686 812 1724 manu
865 1670 982 1733 Dei,
1039 1669 1438 1722 honoriﬁcatus
1482 1662 1649 1722 etiam
1706 1666 1962 1735 imagine.
1994 1684 2013 1715 ι
2077 1664 2201 1719 limo

648 1764 868 1833 quidem
906 1761 1155 1816 sufﬁcere
1190 1761 1454 1830 suscipio,
1506 1760 1608 1815 etsi
1642 1774 1808 1828 parva
1840 1758 2197 1819 constituant,

2309 593 2498 659 ουργεῖ
2528 591 2618 642 τὸν
2646 591 2949 662 ἄνθρωπον,
2987 596 3082 646 καὶ
3111 596 3258 665 παρά
3282 596 3383 665 μέν
3411 598 3512 664 τῆς
3532 598 3667 664 ὕλης
3688 599 3854 652 λαϐὼν

2309 681 2368 731 τὸ
2411 681 2567 750 σῶμα
2608 682 2709 752 ἤδη
2746 684 3195 755 προῦποστάσης,
3254 687 3389 755 παρ’
3418 689 3607 739 ἑαυτοῦ
3637 689 3691 740 δὲ
3722 690 3854 759 ζωὴν

2309 769 2480 830 ἐνθεὶς
2511 769 2559 837 (ὃ
2582 770 2646 839 δὴ
2672 769 2866 837 νοεράν
2883 770 3060 841 ψυχὴν
3086 773 3181 824 καὶ
3202 774 3385 827 εἰκόνα
3407 774 3541 827 Θεοῦ
3564 774 3701 829 οἶδεν
3720 778 3749 828 6
3764 777 3852 829 Δό-

2306 861 2473 930 γος),
2528 857 2640 914 οἷόν
2687 880 2809 915 τινα
2850 864 3052 947 κόσμον
3093 864 3343 951 δεύτεφν
3381 867 3439 920 ἐν
3475 869 3653 938 μικρῷ
3692 870 3850 938 μέγαν

2306 951 2398 1003 ἐπὶ
2432 953 2528 1021 τῆς
2554 951 2655 1021 γῆς
2685 952 2893 1021 ἵστησιν
2916 938 2941 1018 ,’
2987 954 3215 1020 ἄγγελον
3240 938 3430 1019 ἇῖλον,
3488 961 3850 1028 προσκυνητὴν

2308 1042 2554 1112 μικτὸν,ι
2594 1042 2689 1094 καὶ
2715 1040 2782 1093 τὰ
2814 1040 2960 1110 ἑξῆς.
2998 1042 3085 1094 Ἑν
3109 1042 3166 1095 δὲ
3188 1043 3264 1111 τῷ
3296 1044 3389 1106 Εἰς
3416 1046 3485 1097 τὰ
3508 1046 3661 1097 Φῶτα
3689 1048 3845 1116 λόγῳο

2311 1148 2329 1180 ι
2354 1130 2505 1182 Ἐπεὶ
2533 1128 2589 1181 δὲ
2623 1128 2764 1181 οὕτω
2795 1126 2969 1181 ταῦτα
3003 1130 3035 1199 ἢ
3066 1129 3223 1182 τοῦτο
3241 1148 3253 1161 ·
3290 1130 3395 1184 ἔδει
3423 1131 3479 1184 δέ
3516 1132 3590 1203 μὴ
3613 1136 3722 1194 τοῖς
3749 1134 3848 1186 ἄνω

2303 1219 2467 1287 μόνον
2503 1217 2600 1288 τὴν
2634 1217 3002 1287 προσκύνησιν
3035 1220 3475 1290 περιγράφεσθαι
3502 1261 3517 1285 ,
3582 1222 3699 1274 ἀλλ’
3725 1220 3846 1275 εἷναί

2302 1326 2454 1372 τινας
2483 1310 2572 1361 καὶ
2594 1309 2749 1362 κάτω
2771 1309 3177 1378 προσκυνητάς,
3204 1311 3290 1362 ἵνα
3317 1310 3575 1381 πληρωθῇ
3598 1313 3665 1364 τὰ
3687 1313 3844 1364 πάντα

2302 1401 2460 1468 δόξης
2489 1400 2623 1453 Θεοῦ
2642 1440 2658 1463 ,
2695 1400 2815 1451 ἐπεὶ
2847 1401 2941 1452 καὶ
2972 1400 3106 1453 Θεοῦ
3124 1418 3137 1431 ο
3189 1402 3283 1454 καὶ
3315 1400 3403 1453 διὰ
3432 1400 3590 1454 τοῦτο
3618 1403 3845 1465 κτίζεται

2302 1490 2589 1562 ἄνθρωπος
2624 1490 2767 1561 χειρὶ⁵
2798 1490 2933 1544 Θεοῦ
2964 1491 3215 1561 τιμηθεὶς
3249 1493 3343 1545 καὶ
3374 1492 3563 1545 εἰκόνι.
3590 1510 3609 1544 s
3652 1493 3845 1562 Ἀρκείν

2306 1583 2404 1653 μέν
2437 1583 2531 1635 καὶ
2555 1580 2730 1634 ταῦτα
2761 1580 3145 1649 ὑπολαμϐάνω,
3184 1581 3287 1634 κᾶν
3313 1584 3360 1633 εί
3386 1585 3561 1651 μικρά
3583 1583 3842 1651 τυγχάνοι,

2301 1674 2377 1744 τῷ
2425 1674 2501 1743 μὴ
2551 1673 2726 1742 πάντη
2782 1671 3096 1738 φιλονείκως
3140 1671 3499 1740 διακειμένῳ,
3557 1673 3650 1724 καὶ⁵
3706 1672 3844 1740 μόνον

2300 1763 2361 1815 τὸ
2402 1760 2668 1831 μάχεσθαι
2705 1759 2946 1823 ἐπίδοξον
2979 1760 3246 1830 κρίνοντι,
3280 1758 3415 1828 πρὸς
3441 1758 3504 1809 τὸ
3531 1757 3843 1821 ἐνδείξασθαι

648 1870 756 1907 non
796 1854 1019 1907 omnino
1048 1852 1391 1907 contentiose
1416 1848 1753 1904 discernenti
1774 1856 1829 1902 et
1863 1846 2203 1901 solummodo

2306 1854 2398 1923 τὴν
2446 1853 2573 1921 ὅλην
2623 1850 2718 1903 τοῦ
2762 1849 3079 1903 διδασκάλου
3115 1850 3243 1917 περὶ
3270 1846 3379 1900 τῶν
3404 1848 3711 1919 εἰρημένων
3742 1846 3842 1899 διὰ-

648 1958 892 2011 pugnare
945 1942 1244 2011 gloriosum
1292 1956 1403 1995 non
1468 1939 1758 2009 iudicanti,
1803 1937 1872 1991 ad
1913 1938 2206 1992 ostenden-

648 2035 771 2086 dam
825 2041 991 2087 totam
1026 2033 1272 2103 magistri
1307 2031 1375 2085 de
1407 2029 1495 2085 bis
1517 2046 1636 2099 qua:
1665 2029 1809 2084 dicta
1843 2037 1969 2109 sunt
2000 2028 2204 2082 intelli-

648 2124 905 2192 gentiam.
930 2124 984 2177 Si
1012 2133 1191 2177 autem
1218 2123 1283 2175 de
1307 2122 1431 2195 hoc,
1464 2120 1738 2190 quomodo
1761 2120 1857 2174 Dei
1892 2120 2205 2188 portionem

649 2216 907 2283 magister
966 2230 1065 2268 nos
1103 2214 1340 2275 vocavit,
1399 2223 1763 2283 repugnatur,
1830 2212 2205 2281 multipliciter

648 2304 868 2373 quidem
896 2304 1007 2373 jam
1043 2304 1297 2372 superius
1328 2302 1395 2357 de
1430 2303 1534 2357 hoc
1566 2302 1780 2355 reddita
1809 2291 1894 2355 est
1932 2301 2103 2365 ratio;
2143 2306 2205 2352 ut

650 2405 833 2447 autem
868 2394 1081 2448 ﬁdelior
1108 2395 1201 2447 liat
1228 2394 1611 2462 spiritualibus
1629 2394 1967 2447 contendens
1994 2393 2199 2458 verbis,

650 2493 873 2537 sanctus
914 2494 969 2537 et
1015 2484 1207 2537 beatus
1262 2484 1541 2551 apostolus
1595 2483 1799 2537 Paulus
1848 2483 2116 2536 occultam
2143 2481 2199 2535 in

650 2573 762 2625 Deo
796 2581 920 2625 ante
960 2573 1157 2625 saecula
1201 2573 1433 2625 laudans
1480 2572 1823 2639 sapientiam,
1875 2579 1933 2624 et
1982 2582 2202 2625 omnem

644 2663 993 2717 tenebrosam
1028 2664 1323 2717 humanam
1374 2663 1542 2715 vitam
1590 2661 1922 2723 illuminans,
1957 2669 2013 2714 et
2048 2660 2203 2729 igno-

650 2756 839 2808 rantia:
862 2754 1146 2822 caliginem
1170 2752 1460 2806 animabus
1490 2752 1734 2821 abigens,
1761 2750 1828 2804 de
1856 2751 1958 2803 hoc
1992 2750 2205 2810 satisfa-

646 2842 727 2896 cit
778 2842 1047 2910 Ephesiis,
1096 2841 1286 2896 dicens
1331 2841 1445 2893 luce
1475 2858 1487 2892 :
1525 2840 1589 2893 Ut
1622 2840 1759 2892 Deus
1793 2839 2002 2893 Domini
2037 2841 2202 2893 nostri

648 2929 773 2983 Jcsu
807 2929 998 2984 Christi
1036 2929 1195 2982 Pater
1220 2929 1402 2998 gloria:
1426 2929 1509 2979 det
1536 2929 1673 2981 vobis
1703 2928 1959 2998 Spiritum
1988 2929 2200 2997 sapien-

650 3019 737 3070 tite
788 3026 837 3069 et
884 3016 1234 3079 reuelationis,
1269 3018 1325 3067 in
1373 3016 1663 3084 cognitione
1715 3016 1848 3084 ejus,
1872 3014 2199 3068 illuminatos

2302 1960 2472 1996 νοιαν.
2522 1942 2585 1993 El
2627 1941 2684 1993 δὲ
2729 1937 2809 1993 ἔτι
2846 1937 3092 2008 περὶτοῦ
3126 1938 3240 2000 πῶς
3265 1937 3399 1990 Θεοῦ
3438 1939 3635 2008 μοῖραν
3662 1941 3691 1993 6
3717 1938 3843 1990 διδά-

2306 2032 2501 2093 σκαλος
2532 2032 2679 2101 ἡμᾶς
2705 2030 2963 2083 ἐκάλεσεν
2994 2027 3336 2099 ἀπομάχεται
3362 2068 3377 2092 ,
3444 2028 3725 2098 πολλαχῶς
3760 2028 3844 2096 μὲν

2302 2124 2402 2193 ἤδη
2434 2122 2688 2192 ἀνωτέρω
2718 2121 2746 2172 6
2775 2121 2906 2191 περὶ
2929 2119 3119 2173 τούτου
3149 2119 3465 2172 ἀποδέδοται
3487 2119 3779 2187 λόγο;.”1να
3797 2118 3844 2170 δὲ

2304 2214 2621 2284 πιστότερος
2647 2212 2876 2282 γένηται
2921 2214 3029 2273 τοῖς
3069 2211 3164 2263 τοῦ
3192 2209 3499 2279 πνεύματος
3531 2210 3843 2279 ἐρειδόμενος

2303 2305 2517 2373 λᾷγοις,
2570 2304 2597 2355 ὁ
2648 2302 2801 2371 ἅγιος
2854 2301 2946 2355 καὶ
2995 2299 3602 2370 μακάριοςάπόστολος
3632 2298 3843 2363 Παῦλος,

2302 2398 2331 2451 6
2366 2395 2464 2465 τὴν
2494 2393 2995 2463 ἀποκεκρυμμένην
3032 2393 3088 2443 ἐν
3121 2392 3196 2461 τῷ
3225 2391 3342 2462 Θεῷ
3377 2391 3486 2462 πρὸ
3518 2390 3626 2443 τῶν
3655 2390 3844 2444 αἰώνων

2302 2482 2670 2550 κομισάμενος
2715 2480 2946 2546 σοφίαν,
3014 2479 3108 2531 καὶ
3160 2478 3337 2531 πάντα
3369 2479 3462 2531 τὸν
3493 2478 3707 2547 ἀφεγγῆ
3751 2476 3843 2529 τῶν

2300 2572 2602 2643 ἀνθρώπων
2631 2570 2741 2640 βίον
2768 2570 3171 2638 καταφωτίσας,
3196 2570 3288 2622 καὶ
3312 2570 3413 2639 τῆς
3432 2572 3655 2639 ἀγνοίας
3674 2570 3757 2621 τὸν
3770 2568 3841 2632 ζό-

2302 2678 2399 2730 φον
2449 2660 2557 2714 τῶν
2613 2660 2799 2730 ψυχῶν
2851 2660 3147 2724 ἀπελάσας,
3210 2662 3434 2730 ἀρκέσει
3492 2660 3624 2731 περὶ
3674 2660 3841 2713 τούτου

2313 2752 2576 2819 Ἐφεσίοις
2597 2750 2805 2814 διεξιὼν
2828 2750 3101 2813 τάδε,“1να
3126 2753 3158 2802 ό
3175 2751 3316 2813 Θεὸς
3338 2751 3442 2803 τοῦ
3457 2750 3675 2817 Κυρίου
3696 2745 3844 2817 ἡμῶν

2312 2840 2504 2908 Ἰησοῦ
2525 2838 2779 2908 Χριστοῦ
2796 2843 2827 2892 ό
2844 2838 3045 2905 Πατὴρ
3063 2838 3171 2904 τῆς
3184 2839 3364 2906 δόξης
3383 2839 3503 2906 δῴη
3520 2839 3662 2907 ὑμῖν
3676 2836 3845 2893 Πνεῦ-

2295 2942 2379 2995 μα
2406 2929 2622 2994 σοφίας
2652 2926 2748 2979 καί
2770 2927 3206 2993 ἀποκαλύψεως
3228 2926 3297 2979 ἐν
3314 2927 3631 2996 ἐπιγνώσει
3655 2926 3841 2987 αὐτοῦ,

2300 3010 2781 3083 πεφωτισμένους
2841 3015 2974 3080 τοὺς
3045 3015 3389 3084 ὀφθαλμοὺς
3442 3015 3556 3083 τῆς
3621 3015 3847 3084 καρδίας

650 3107 824 3162 oculos
857 3108 1023 3161 cordis
1072 3108 1248 3169 vestri,
1300 3114 1355 3157 ut
1401 3106 1576 3157 sciatis
1614 3121 1702 3157 vos
1731 3121 1845 3173 qua:
1866 3107 1932 3157 sit
1968 3121 2083 3173 spes
2115 3122 2203 3158 vo—

2306 3106 2465 3177 ὑμῶν
2483 3149 2498 3171 ,
2532 3111 2618 3172 εἰς
2647 3106 2958 3191 τὸιεὶδέναι
2985 3106 3141 3176 ὑμᾶς
3168 3106 3259 3171 τίς
3285 3106 3454 3160 ἐστιν
3483 3106 3522 3173 ἡ
3550 3107 3720 3171 ἐλπίς
3749 3104 3848 3173 τῆς

649 3204 866 3256 cationis
896 3204 1029 3272 ejus,
1069 3209 1117 3253 et
1150 3216 1266 3270 qua:
1296 3198 1491 3253 divitia:
1538 3199 1721 3269 gloria:
1746 3200 2060 3253 hwreditatis
2089 3202 2201 3270 ejus

647 3293 703 3343 in
733 3293 944 3354 sanctis,
987 3298 1034 3342 et
1074 3306 1203 3358 quas.
1223 3291 1287 3341 sit
1315 3290 1703 3358 supereminens
1748 3289 2050 3358 magnitudo
2095 3290 2203 3341 vir-

652 3381 773 3432 tutis
827 3382 935 3448 ejus
973 3380 1027 3431 in
1055 3395 1167 3442 nos,
1218 3380 1479 3431 credentes
1526 3381 1806 3433 secundum
1851 3381 2205 3449 operationem

652 3473 869 3541 potentis
906 3472 1109 3523 virtutis
1151 3468 1284 3539 ejus,
1314 3486 1472 3537 quam
1499 3480 1741 3538 operatus
1778 3479 1851 3524 est
1892 3473 1944 3523 in
1975 3469 2201 3537 Christo,

652 3563 902 3615 suscitans
940 3576 1056 3611 eum
1090 3575 1152 3611 ex
1205 3559 1441 3622 mortuis,
1481 3566 1529 3610 et
1562 3575 1681 3611 eum
1705 3560 1881 3611 sedere
1925 3561 2119 3626 faciens
2148 3562 2205 3614 in

652 3652 837 3702 dextra
864 3664 959 3699 sua
1000 3649 1056 3700 in
1095 3646 1398 3709 caelestibus,
1441 3655 1597 3716 super
1616 3663 1829 3700 omnem
1855 3649 2205 3716 principatum

653 3746 701 3790 et
734 3744 1052 3807 potestatem.
1088 3744 1134 3785 et
1174 3736 1417 3787 virtutem
1454 3744 1501 3787 et
1525 3736 1933 3788 dominationem
1972 3744 2023 3787 et
2054 3752 2207 3789 omne

652 3843 839 3881 nomen
886 3825 1231 3887 nominatum,
1276 3840 1379 3875 non
1425 3824 1593 3876 solum
1629 3826 1684 3876 in
1727 3824 1918 3877 sarculo
1959 3827 2070 3888 hoc,
2117 3825 2206 3877 sed

654 3917 817 3967 etiam
850 3915 902 3965 in
942 3914 1148 3981 futura;
1184 3922 1233 3964 et
1280 3914 1456 3965 omnia
1500 3913 1640 3964 dedit
1681 3914 1772 3964 sub
1823 3916 2033 3982 pedibus
2069 3916 2204 3985 ejus,

657 4016 702 4056 et
736 4020 853 4055 eum
894 4004 1031 4055 dedit
1072 4012 1225 4072 caput
1261 4020 1416 4074 super
1462 4004 1637 4055 omnia
1678 4002 1941 4067 Ecclesiae,
1975 4022 2090 4073 qua:
2133 4016 2206 4060 est

657 4110 838 4161 corpus
874 4095 982 4161 ejus
1022 4103 1069 4146 et
1110 4094 1375 4161 plenitudo
1399 4095 1530 4163 ejus,
1560 4095 1737 4147 omnia
1763 4095 1813 4146 in
1841 4096 2075 4147 omnibus
2104 4097 2207 4147 im-

658 4181 845 4249 plentia
894 4192 941 4232 ιι.
992 4182 1059 4234 Et
1096 4190 1219 4250 post
1276 4182 1555 4249 aliquanta
1600 4183 1801 4236 iterum
1846 4200 1860 4235 :
1898 4183 2016 4252 Ipse
2061 4183 2203 4235 dedit

658 4270 909 4340 quosdam
942 4272 1145 4338 quidem
1175 4271 1455 4339 apostolos,
1477 4273 1729 4341 quosdam
1759 4289 1876 4325 vero
1910 4276 2206 4343 praphetas,

660 4359 908 4430 quosdam
928 4359 1293 4428 evangelistas,
1313 4362 1564 4429 quosdam
1586 4371 1819 4431 pastores
1845 4369 1891 4412 et
1912 4366 2205 4432 magistros,

2303 3198 2575 3261 κλήσεως
2599 3178 2776 3265 (13⁸1
2806 3196 2862 3265 a)
2892 3195 3113 3259 αὐτοῦ,
3160 3195 3254 3248 καὶ
3288 3196 3378 3260 τίς
3404 3198 3437 3250 ό
3461 3197 3724 3263 πλοῦτος
3749 3195 3848 3264 τῆς

2302 3286 2485 3352 δόξης
2532 3284 2640 3352 τῆς
2684 3286 3085 3353 κληρονομίας
3134 3284 3320 3338 αὐτοῦ
3369 3284 3439 3337 ἐν
3481 3286 3607 3351 τοῖς
3649 3287 3846 3354 ἁγίοις,

2303 3374 2401 3426 καί
2459 3374 2517 3426 τί
2566 3372 2635 3426 τὸ
2682 3373 3064 3441 ὑπερϐάλλον
3088 3418 3097 3448 ,
3111 3372 3357 3443 μέγεθος
3401 3374 3511 3441 τῆς
3562 3375 3850 3443 δυνάμεως

2302 3462 2486 3516 αὐτοῦ
2540 3466 2627 3529 είς
2678 3462 2833 3531 ἡμᾶς
2884 3465 3030 3530 τοὺς
3079 3467 3501 3530 πιστεύοντας,
3560 3466 3706 3519 κατὰ
3750 3465 3852 3532 τὴν

2303 3553 2601 3624 ἐνέργειαν
2641 3556 2744 3607 τοῦ
2791 3556 3045 3624 κράτους
3099 3558 3209 3624 τῆς
3251 3557 3463 3626 ἰσχύος
3506 3558 3690 3611 αὑτοῦ
3715 3596 3730 3621 ,
3781 3556 3853 3624 ἢν

2303 3646 2638 3713 ἐνήργησεν
2669 3646 2738 3698 ἐν
2762 3634 3011 3714 Χριστῷ,
3048 3648 3279 3715 ἐγείρας
3307 3649 3492 3701 αὑτὸν
3521 3648 3591 3701 ἐκ
3620 3648 3852 3716 νεκρῶν,

2306 3736 2403 3788 καί
2454 3737 2709 3799 καθίσας
2756 3737 2946 3789 αὐτὸν
2996 3737 3065 3789 ἐν
3098 3734 3265 3803 δεξιᾷ
3299 3735 3486 3789 αὑτοῦ
3515 3737 3586 3790 ἐν
3608 3737 3731 3803 τοῖς
3752 3740 3855 3790 οὐ·

2298 3826 2526 3894 ρανοῖς,
2561 3824 2837 3893 ὑπεράνω
2868 3826 3072 3893 πάσης
3099 3826 3293 3895 ἀρχῆς
3326 3825 3424 3878 καί
3455 3827 3739 3891 ἐξουσίας
3767 3826 3855 3879 καί

2305 3917 2611 3984 δυνάμεως
2640 3916 2738 3969 καί
2768 3918 3116 3984 κυριότητος
3138 3957 3153 3981 ,
3206 3915 3307 3969 καί
3331 3915 3553 3981 παντὸς
3580 3916 3855 3984 ὀνόματος

2308 4005 2759 4074 ὀνομαζομένου,
2789 4008 2862 4057 οὐ
2882 4005 3075 4074 μόνον
3100 4007 3169 4057 ὲν
3196 4003 3276 4069 τῷ
3298 4003 3463 4058 αίῶνι
3483 4006 3689 4068 τούτῳ,
3708 4004 3856 4058 ἀλλὰ

2308 4097 2407 4148 καὶ
2437 4096 2505 4149 ἐν
2533 4094 2612 4158 τῷ
2636 4095 2950 4164 μέλλοντι,
3010 4092 3107 4147 καί
3132 4088 3327 4146 πάντα
3344 4092 3566 4146 ἔδωκεν
3586 4094 3704 4149 ὑπὸ
3727 4092 3856 4154 τοὺς

2310 4184 2497 4247 πόδας
2529 4182 2717 4236 αὐτοῦ
2742 4221 2758 4245 ,
2814 4181 2913 4235 καί
2959 4182 3147 4235 αὐτὸν
3192 4182 3376 4235 ἔδωκε
3416 4182 3691 4250 κεφαλὴν
3717 4182 3855 4247 ὑπὲρ

2311 4272 2504 4325 πάντα
2528 4271 2601 4339 τῇ
2634 4273 2961 4335 Ἐκκλησία
2977 4271 3043 4331 ³²,
3064 4271 3197 4336 ἣτις
3218 4271 3351 4323 ἐστί
3377 4275 3443 4323 τὸ
3464 4270 3634 4338 σῶμα
3659 4270 3854 4329 αὑτοῦ,

2310 4361 2376 4414 τὸ
2402 4348 2689 4429 πλήρωμα
2715 4360 2821 4412 τοῦ
2847 4359 2919 4411 τὰ
2939 4359 3229 4418 πάνταὲν
3254 4356 3403 4412 πᾶσι
3428 4363 3853 4426 πληροιψένου.

661 4450 729 4502 ad
774 4449 1115 4518 cegnitionem
1144 4459 1447 4501 sanctorum
1472 4452 1526 4502 in
1552 4468 1679 4518 opus
1721 4452 2206 4517 administrationis,

2319 4450 2431 4502 Καὶ
2461 4450 2577 4517 μεθ’
2603 4447 2765 4516 ἕτερα
2789 4446 2952 4499 πάλιν
2973 4462 2987 4475 ·
3048 4446 3157 4498 Καί
3176 4444 3575 4524 ηαὺτόςξέδωκε
3600 4447 3739 4511 τοὺς
3750 4446 3858 4513 μὲν

657 4540 714 4592 in
756 4539 1148 4607 aediﬁcationem
1185 4541 1414 4607 corporis
1445 4537 1653 4601 Christi,
1686 4540 1846 4592 donec
1882 4557 2214 4594 occurramus

662 4644 837 4680 omnes
878 4630 932 4680 in
966 4631 1221 4681 unitatem
1259 4628 1382 4694 ﬁdei
1438 4635 1487 4679 et
1538 4629 1842 4695 cognitionis
1870 4628 1991 4683 Filii
2028 4628 2123 4681 Dei
2160 4631 2215 4682 in

658 4718 832 4767 uirum
864 4716 1168 4784 perfectum,
1216 4716 1271 4766 in
1319 4728 1619 4766 mensuram
1673 4716 1841 4767 aetatis
1877 4715 2214 4783 plenitudinis

656 4804 875 4868 Christi,
921 4812 979 4854 ut
1005 4804 1123 4871 jam
1171 4819 1275 4855 non
1333 4805 1492 4855 simus
1544 4802 1748 4871 parvuli
1785 4806 2114 4869 ﬂuctuantes,
2167 4812 2216 4859 et

654 4894 1095 4961 circumferamur
1126 4893 1268 4943 omni
1306 4902 1456 4945 uento
1493 4894 1743 4946 doctrina:
1779 4894 1832 4944 in
1866 4896 2094 4969 nequitia
2121 4898 2215 4947 ho-

666 4985 885 5045 minum,
916 4984 969 5035 in
1006 4981 1199 5033 astutia
1229 4981 1299 5034 ad
1336 4989 1503 5035 artem
1542 4984 1764 5045 erroris;
1802 4982 2012 5034 veridici
2038 4994 2215 5036 autem

667 5072 723 5121 in
770 5070 1020 5121 charitate
1060 5084 1351 5121 crescamus
1392 5070 1447 5120 in
1489 5086 1606 5123 eum
1648 5086 1739 5139 per
1777 5070 1974 5132 omnia,
2013 5072 2100 5139 qui
2140 5079 2215 5123 est

663 5166 821 5227 caput
842 5156 1091 5221 Christus,
1123 5174 1185 5211 ea:
1206 5174 1305 5229 quo
1333 5174 1485 5210 omne
1512 5174 1697 5227 corpus
1719 5161 2140 5227 compaginatum
2166 5171 2215 5213 et

665 5247 977 5299 collocatum
1010 5263 1099 5313 per
1132 5262 1334 5301 omnem
1368 5247 1432 5301 ab
1465 5263 1522 5299 eo
1552 5248 2082 5313 administrationem,
2136 5266 2215 5303 se-

664 5335 893 5388 cundum
936 5337 1286 5404 Operationem
1328 5337 1733 5406 uniuscujusque
1770 5341 2007 5404 membri,
2052 5341 2217 5391 inme

744 5482 767 5507 υ
798 5469 995 5538 Ephes.
1054 5485 1095 5534 ι,
1139 5468 1323 5523 17-23.

2320 4538 2726 4601 ἀποστόλους,
2759 4536 2899 4600 τοὺς
2924 4535 2992 4587 δὲ
3016 4534 3344 4603 προφήτας,
3375 4534 3520 4601 τοὺς
3541 4535 3610 4587 δὲ
3632 4525 3859 4603 suam;

2315 4627 2547 4690 λιστὰς,
2580 4625 2721 4689 τοὺς
2742 4623 2809 4676 δὲ
2838 4624 3122 4692 ποιμένας
3149 4623 3249 4677 καὶ
3268 4623 3695 4690 διδασκάλους,
3728 4626 3862 4691 πρὸς

2315 4719 2421 4769 τὸν
2446 4716 2846 4783 καταρτισμὸν
2888 4712 3006 4767 τῶν
3032 4714 3215 4781 ἁγίων
3242 4716 3328 4778 είς
3347 4711 3526 4781 ἔργον
3546 4712 3858 4775 διακονίας.

2314 4808 2401 4868 εις
2428 4802 2750 4869 οἰκοδομὴν
2791 4801 2896 4854 τοῦ
2924 4801 3196 4868 σώματος
3222 4801 3329 4855 τοῦ
3352 4800 3611 4869 Χριστοῦ
3632 4843 3649 4865 ,
3695 4801 3861 4868 μέχρι

2316 4890 2771 4958 καταντήσομεν
2798 4895 2849 4943 ot
2877 4891 3098 4955 πάντες
3122 4894 3210 4956 είς
3233 4890 3617 4958 τὴνένότητα
3643 4890 3755 4957 τῆς
3778 4890 3860 4941 xl-

2316 4999 2502 5048 στεως
2547 4984 2644 5033 καὶ
2692 4980 2800 5048 τῆς
2838 4979 3209 5048 ἐπιγνώσεως
3254 4980 3360 5035 τοῦ
3396 4980 3533 5034 Υιοῦ
3574 4981 3685 5034 τοῦ
3710 4976 3859 5039 Θεοῦ.

2318 5076 2406 5137 εις
2430 5070 2616 5138 ἄνδρα
2641 5070 2891 5131 τέλειον,
2914 5070 3001 5133 εις
3019 5068 3236 5137 μέτρον
3257 5068 3497 5135 ἡλικίας
3519 5067 3629 5122 τοῦ
3652 5064 3863 5135 “inpos.

2310 5179 2495 5231 ματος
2548 5160 2653 5213 τοῦ
2705 5158 2961 5227 Χριστοῦ
2984 5198 3000 5223 ,
3059 5158 3171 5211 ινα·
3209 5158 3422 5226 μηκέτι
3470 5153 3630 5226 ὦμεν
3670 5158 3863 5225 νήπιοι

2315 5249 2806 5319 κλυδωνιζόμενοι
2820 5246 2864 5281 ³³
2892 5248 2991 5302 καί
3014 5250 3459 5318 περιφερόμενοι
3482 5252 3668 5303 παντὶ
3687 5252 3865 5317 ἀνέμῳ

2314 5340 2425 5408 τῆς
2456 5340 2848 5404 διδασκαλίας
2871 5378 2887 5404 ,
2935 5340 3005 5393 ἐν
3042 5338 3115 5408 τῇ
3152 5340 3358 5409 nudata
3387 5339 3503 5394 τῶν
3530 5340 3861 5411 ἀνθρώπων,

2009 5574 2237 5665 mum
2279 5608 2678 5666 LECTIONES.

738 5719 784 5750 ⁸¹
816 5717 1011 5779 παντὸς
1068 5718 1166 5788 τῆς
1236 5717 1554 5787 Ἐκκλησίας
1594 5720 1682 5773 ed.
1736 5721 1853 5774 Gal.
1948 5724 1991 5755 ³³
2036 5724 2463 5795 κλυδανιζόμενοι
2501 5726 2729 5780 ed.Gal.
