3966 6340
639 395 781 463 1099

1800 398 1858 455 S.
1897 396 2178 457 ΜΑΧΙΜΙ
2216 395 2722 461 CONFESSORIS

3731 408 3856 475 ιιω

624 521 762 562 esse
814 505 1117 559 membrum
1166 515 1221 558 et
1263 517 1472 576 partem
1540 506 1595 558 in
1651 505 1869 560 talibus.
1935 504 1991 559 Si
2045 505 2190 559 enim

2294 505 2393 578 τὴν
2420 509 2623 580 φωνὴν,
2651 510 2921 582 μηδεμίαν
2942 513 3122 585 ἑαυτῷ
3146 515 3366 572 κυϐείαν
3386 516 3667 590 λογισμῶν
3687 536 3855 591 παρα-

639 596 821 667 portio
870 597 1118 664 corporis
1162 596 1411 651 subsistit
1446 597 1773 660 membrum,
1805 597 1986 666 portio
2010 606 2192 649 autem

639 688 693 740 id
731 688 906 755 ipsum
938 695 1019 741 est
1068 695 1122 739 ct
1151 704 1295 756 pars,
1330 688 1382 742 id
1428 688 1607 757 ipsum
1649 689 1833 755 itaque
1887 687 2191 741 membrum

635 789 685 830 et
724 794 848 846 pars
885 788 986 831 cst.
1038 779 1093 831 Si
1131 786 1313 832 autem
1359 779 1413 833 id
1461 780 1636 847 ipsum
1670 778 1978 831 membrum
2022 786 2107 830 est
2139 787 2195 830 ct

636 882 779 934 puts,
827 864 1196 921 membrorum
1243 883 1376 923 vero
1419 868 1719 922 cumulatio
1766 875 1821 920 ct
1866 866 2193 940 compositio

634 952 835 1026 corpus
873 958 1004 1011 facit
1037 958 1377 1027 organicum,
1409 971 1619 1025 corpus
1659 964 1841 1010 autem
1870 956 2190 1033 organicum

633 1050 830 1102 anima:
881 1050 1093 1101 unitum
1143 1048 1497 1101 intellectuali
1554 1048 1829 1101 hominem
1885 1045 2189 1115 perfectura

630 1138 894 1200 ostendit,
932 1139 1097 1206 igitur
1133 1146 1343 1205 partem
1374 1138 1612 1191 hominis
1638 1140 1732 1207 qui
1764 1138 1897 1191 dicit
1928 1152 2048 1191 esse
2073 1138 2191 1191 ani-

632 1242 774 1280 mam
805 1243 901 1281 seu
929 1243 1129 1296 corpus
1148 1243 1244 1281 seu
1270 1228 1574 1281 membrum
1600 1229 1740 1298 ejus,
1765 1244 1795 1281 a
1816 1228 2048 1282 veritate
2078 1244 2188 1281 non

540 1388 545 1393 ἦ
631 1316 927 1369 abcrrabit.
976 1316 1030 1369 Si
1072 1327 1251 1382 autem
1314 1318 1704 1371 intellectualis
1744 1317 1956 1380 animae,
2000 1324 2188 1385 utpote

630 1402 887 1467 hominis,
912 1403 1162 1456 subsistit
1193 1418 1394 1469 corpus
1415 1418 1704 1473 organum,
1726 1419 1825 1471 per
1854 1412 2027 1457 totum
2058 1419 2190 1457 vero

629 1508 831 1561 corpus
873 1501 983 1545 tota
1032 1493 1265 1561 implens
1316 1493 1496 1545 anima
1545 1492 1729 1546 vivere
1779 1492 1831 1546 ei
1879 1501 1936 1546 et
1982 1491 2188 1545 moveri

628 1584 740 1643 dat,
789 1592 849 1635 ut
890 1583 1081 1651 simpla
1120 1599 1215 1652 per
1257 1591 1505 1636 naturam
1545 1592 1601 1637 et
1646 1583 2028 1651 incorporalis,
2078 1598 2189 1635 non

628 1671 1017 1739 r-znadispertita
1072 1682 1167 1724 aut
1197 1671 1452 1725 conclusa
1486 1672 1539 1723 in
1577 1685 1662 1734 eo,
1695 1670 1790 1722 sed
1833 1670 1935 1722 toti
1978 1677 2033 1723 et
2064 1668 2188 1721 uni-

628 1763 823 1828 r-aique
865 1761 1235 1813 membrorum
1268 1763 1386 1829 ejus
1421 1762 1500 1815 sic
1533 1761 1819 1814 consuevit
1863 1776 1983 1814 eam
2016 1759 2187 1814 susci-

630 1854 937 1921 perejuxta
986 1852 1308 1904 naturaliter
1358 1852 1660 1920 subjectam
1709 1850 1812 1904 sibi
1852 1850 2187 1917 acceptivam

628 1941 961 2007 operationis
992 1940 1187 1992 anima:
1212 1942 1499 2003 virtutem,
1526 1949 1638 1993 tota
1668 1954 1908 2007 praesens
1924 1940 2189 1992 differen-

629 2044 712 2084 ιω·
754 2047 870 2083 cum
925 2031 1247 2098 accipientia
1287 2032 1529 2083 membra
1585 2029 2079 2097 pr0portionaliter
2121 2030 2188 2083 ad

630 2123 699 2173 0'.)
724 2123 1068 2174 .errationcm
1104 2136 1271 2173 unum
1318 2120 1431 2173 ﬁeri
1462 2135 1663 2188 corpus
1696 2114 1979 2190 adiungit;
2014 2120 2190 2174 intro-

631 2214 854 2264 riurlnm
880 2220 961 2264 est
987 2212 1037 2263 in
1065 2226 1316 2279 magnum
1361 2218 1416 2263 et
1441 2210 1716 2264 ineffabile
1750 2210 2188 2264 Christianorum

634 2305 800 2355 iratae
828 2302 942 2370 spei
976 2302 1315 2371 mysterium,
1353 2308 1409 2353 et
1439 2301 1621 2368 parvis
1654 2300 2040 2375 et_sccundum
2062 2316 2187 2364 nos,

634 2405 851 2458 magnas
894 2398 950 2442 et
992 2406 1157 2457 supra
1198 2404 1296 2447 nos
1347 2405 1454 2441 non
1492 2390 1698 2442 alienas
1728 2388 2003 2457 accipiens
2034 2389 2189 2442 simi-

633 2483 910 2543 litudines,
963 2482 1057 2549 qui
1091 2481 1330 2549 quietam
1379 2489 1434 2533 et
1469 2480 1608 2534 bene
1642 2480 1857 2534 facilem
1890 2480 1958 2534 de
1992 2480 2192 2533 talibus

631 2572 811 2623 aliaue
874 2569 1285 2638 intelligentiam
1341 2571 1565 2623 creavit.
1611 2572 1698 2637 ;Ac
1741 2572 1809 2624 de
1870 2572 1997 2633 hoc,
2044 2569 2190 2639 quod

631 2661 824 2713 anima:
848 2670 973 2713 ante
997 2676 1228 2729 corpora
1262 2660 1585 2723 subsistant,
1611 2661 2043 2715 irrationabilem
2070 2662 2189 2730 opi-

634 2752 852 2804 nionem
895 2750 1233 2819 relinquens,
1282 2751 1569 2804 nobiscum
1607 2752 1794 2805 credat
1839 2753 2073 2821 Domino
2110 2752 2193 2806 di-

630 2842 775 2893 rtcnti
811 2842 876 2894 de
927 2840 1155 2909 his/qui
1207 2841 1260 2893 in
1296 2843 1752 2897 resurrectionem
1789 2854 2035 2914 surgent,
2080 2860 2190 2898 non

630 2947 791 2999 posse
825 2931 961 2983 mori
1004 2939 1224 3000 propter
1268 2921 1438 2999 ipsius
1467 2932 1727 2986 videlicet
1756 2934 2190 3003 purgatissimam

630 3024 751 3091 jure
795 3023 1073 3076 novissimi
1125 3022 1235 3075 dati
1277 3022 1773 3077 manifestationem
1801 3034 1857 3077 et
1892 3025 2191 3095 participa-

634 3113 857 3166 tionem.
896 3113 962 3166 Et
992 3112 1187 3165 iterum
1220 3128 1232 3163 :
1267 3110 1442 3164 Omnis
1467 3115 1554 3181 qui
1587 3115 1707 3165 vivit
1740 3123 1787 3165 et
1821 3115 1981 3167 credit
2011 3116 2065 3167 in
2090 3132 2190 3180 me,

634 3218 736 3252 non
786 3203 1034 3254 morietur
1072 3203 1125 3253 in
1169 3210 1422 3253 (uernum
1451 3212 1497 3252 ο.
1530 3200 1683 3264 Quod
1727 3202 1947 3270 quidem
1988 3204 2031 3256 si
2066 3213 2193 3260 ante

569 3308 579 3314 ’
635 3292 789 3344 licret
827 3291 1143 3358 aliquando,
1181 3290 1516 3357 impossibile
1564 3299 1729 3355 esset,
1770 3300 1827 3345 ut
1853 3302 1977 3345 ante
2006 3294 2192 3369 datum

634 3391 735 3442 est,
794 3396 890 3449 per
931 3380 1344 3433 conversionem
1408 3382 1700 3447 quamdam
1757 3383 2193 3454 qualemcunque

638 3471 880 3537 recipere
908 3480 1165 3524 mortem.
1212 3470 1280 3523 Et
1311 3479 1461 3523 extra
1497 3472 1773 3525 naturales
1808 3489 1915 3526 non
1947 3475 2195 3543 egredia-

638 3569 727 3611 tur
784 3558 1044 3620 rationes,
1100 3574 1196 3625 per
1230 3558 1545 3622 vanitatem,
1593 3577 1702 3613 non
1737 3563 2087 3617 exsistentcm
2126 3565 2193 3618 de

636 3650 812 3700 anima
868 3648 1182 3715 opinionem
1248 3648 1513 3711 divinitus
1567 3649 1863 3706 admirans.
1927 3652 1981 3705 Si
2046 3655 2191 3707 enim

639 3739 877 3790 hominis
928 3748 1130 3804 partes,
1174 3738 1316 3790 sicut
1374 3748 1499 3791 ante
1546 3740 1818 3793 redditum
1863 3750 2193 3812 est,c0rpus

635 3839 689 3880 et
739 3828 917 3880 anima
955 3828 1385 3901 constituuntur,
1437 3837 1619 3895 partes
1660 3837 1837 3883 autem
1886 3834 2193 3886 necessario

639 3918 954 3972 relationem
988 3917 1052 3969 ad
1075 3917 1279 3983 aliquid
1306 3918 1617 3985 accipiunt;
1657 3926 1827 3972 totum
1855 3922 1999 3974 enim
2030 3922 2195 3975 habet

638 4008 861 4060 omnino
916 4005 1397 4072 pra-dicamentum
1434 4025 1445 4057 :
1480 4024 1599 4077 qua:
1641 4022 1770 4062 vero
1817 4010 1895 4064 sic
1933 4010 2195 4064 dicuntur

638 4095 701 4148 ad
736 4093 961 4160 aliquid,
995 4108 1185 4145 eorum
1232 4104 1358 4146 sunt
1396 4111 1517 4163 qua:
1544 4096 1702 4149 simul
1740 4096 1945 4163 ubique
1971 4104 2024 4149 et
2056 4112 2195 4149 sem-

639 4198 735 4251 per
773 4182 1071 4234 secundum
1114 4183 1516 4251 generationem
1554 4192 1703 4246 sunt,
1736 4183 2193 4250 quemadmodum

638 4282 820 4341 partes
858 4273 1093 4341 speciem
1132 4281 1301 4327 totam
1340 4274 1487 4326 coitu
1534 4271 1845 4338 perficiunt,
1880 4274 1993 4328 sola
2039 4275 2195 4329 intel-

636 4364 859 4431 isécntia
907 4364 972 4415 ad
1016 4362 1118 4415 hoc
1166 4361 1597 4429 dignoscendum
1624 4361 1757 4429 quid
1792 4362 1863 4416 sit
1894 4364 2191 4416 Secundum

2297 597 2525 664 γεννῶν,
2547 599 2700 662 εἰδὼς
2720 602 2916 654 ταύτὸν
2934 596 3071 657 εῖναι
3096 604 3172 673 τῷ
3189 606 3337 674 μέλει
3358 607 3457 676 τὴν
3472 609 3669 678 μοῖραν
3681 611 3853 672 ἐντοῖς

2296 689 2577 751 τοιούτοις.
2614 691 2675 742 Εί
2695 692 2802 760 γὰρ
2833 692 2996 762 μέρος
3020 681 3113 747 τιῖὖ
3138 697 3386 766 σώματος
3415 700 3651 768 ὑπάρχει
3676 699 3739 751 τὴ
3764 700 3853 767 μ(-

2296 776 2386 839 λος
2405 816 2420 839 ,
2473 779 2536 830 τὸ
2560 779 2616 831 δὲ
2651 780 2809 849 μέλος
2842 783 3035 835 ταύτόν
3056 786 3175 836 ἐστι
3205 789 3269 857 τῇ
3296 788 3490 857 μοίρᾳ,
3525 789 3720 843 ταύτὸν
3748 790 3854 858 ἀρα

2294 869 2353 920 τὸ
2382 869 2543 936 μέλος
2566 873 2632 941 τῇ
2663 871 2826 942 μοίρᾳ
2854 870 3025 927 ἔσται.
3060 876 3119 927 Ei
3142 875 3200 928 δὲ
3224 876 3418 930 ταύτὸν
3443 876 3519 945 τῷ
3540 876 3688 946 μέλει
3709 879 3857 931 ἐστὶν

2293 959 2327 1027 ἡ
2362 962 2561 1028 μοῖρα,
2626 960 2804 1033 μελῶν
2847 960 2905 1013 δὲ
2950 963 3248 1034 ἀθροισμδς
3279 968 3374 1019 καὶ
3402 966 3651 1031 σύνθεσις
3697 969 3857 1037 σῶμα

2294 1051 2438 1099 ποιεῖ
2472 1048 2653 1118 (132
2674 1050 2724 1118 b)
2757 1051 3075 1121 ὀργανικὸν,
3136 1055 3293 1123 σῶμα
3314 1055 3373 1108 δὲ
3395 1056 3684 1125 ὀργανικὸν
3710 1058 3855 1127 ψυχῇ

2293 1134 2493 1187 ἐνωθὲν
2520 1152 2605 1187 νοε
2616 1138 2683 1207 ρᾷ
2706 1138 2990 1208 ἄνθρωπον
3014 1140 3219 1194 τέλειον
3237 1142 3529 1209 δείκνυσιν,
3559 1144 3668 1216 ἄρα
3692 1147 3859 1215 tum

2290 1223 2580 1293 ἀνθρώπου
2610 1225 2639 1277 ὀ
2660 1226 2834 1292 λέγων
2864 1222 3001 1280 εῖναι
3030 1229 3130 1299 τὴν
3154 1230 3331 1300 ψυχὴν
3369 1231 3402 1301 ἢ
3432 1232 3491 1284 τὸ
3515 1232 3673 1303 σῶμα
3695 1234 3732 1302 ἢ
3765 1234 3860 1302 μέ-

2290 1311 2381 1373 λος
2407 1314 2570 1365 αὑτοῦ
2613 1310 2711 1383 τῆς
2740 1314 2996 1383 ἀληθείας
3021 1317 3118 1386 οὐχ
3140 1319 3538 1391 ἁμαρτήσεται.
3582 1320 3643 1374 El
3670 1322 3726 1373 δὲ
3758 1322 3860 1392 τῆς

2288 1404 2478 1472 νοερᾶς
2499 1403 2676 1473 ψυχῆς
2699 1404 2773 1467 ὡς
2793 1404 3078 1475 ἀνθρώπου
3102 1407 3335 1477 ὑπάρχει
3350 1410 3412 1462 τὸ
3429 1409 3585 1479 σῶμα
3603 1409 3856 1480 ὄργανον,

2287 1494 2353 1546 δι’
2374 1493 2495 1547 ὅλου
2518 1494 2575 1546 δὲ
2617 1494 2710 1547 τοῦ
2740 1493 2989 1564 σώματος
3017 1496 3114 1567 ὅλη
3138 1497 3392 1569 χωροῦσα
3436 1501 3470 1569 ἡ
3492 1500 3637 1570 ψυχὴ
3664 1500 3727 1552 τὸ
3756 1498 3859 1566 ζῇν

2289 1583 2438 1653 αὐτῷ
2469 1584 2563 1637 καὶ
2586 1584 2853 1638 κινεῖσθαι
2879 1585 3092 1639 δίδωσιν
3112 1626 3127 1648 ,
3161 1587 3407 1658 ὡς’ἀπλῆ
3432 1590 3531 1658 τὴν
3557 1589 3717 1657 φύσιν
3765 1590 3859 1641 καὶ

2288 1671 2576 1747 ἀσώματος
2598 1712 2612 1733 .
2660 1671 2737 1741 μὴ
2771 1671 3262 1743 συνδιατεμνομένη
3298 1673 3855 1744 ἢσυναποκλειομένη

2289 1747 2458 1831 αὐτῷ,
2486 1761 2602 1814 ἀλλ’
2622 1760 2729 1830 ὅλῳ
2757 1761 2849 1813 καὶ
2874 1761 3091 1831 ἑκάστῳ
3119 1762 3227 1815 τῶν
3249 1762 3411 1817 αὑτοῦ
3436 1763 3633 1832 μελῶν,
3664 1763 3740 1826 ὡς
3764 1763 3857 1815 πέ-

2222 1831 2261 1885 Β
2295 1868 2466 1920 φυκεν
2482 1852 2651 1921 αὐτὴν
2666 1851 3020 1920 ὑποδέχεσθαι
3033 1852 3176 1904 κατά
3190 1851 3288 1922 τὴν
3303 1831 3549 1921 φυσικῶς
3564 1854 3857 1921 ὑποκειμέ-

2294 1956 2391 2012 νην
2420 1941 2570 2008 αὐτῷ
2594 1940 2847 2011 δεκτικὴν
2868 1941 2969 2009 τῆς
2989 1941 3269 2011 ἐνεργείας
3292 1942 3461 2010 αὐτῆς
3484 1941 3733 2010 δύναμιν,
3761 1942 3853 2012 ὅλη

2298 2033 2547 2103 παροῦσα
2574 2032 2642 2086 τά
2671 2032 2939 2102 διαφόρως
2962 2032 3133 2102 αὐτῆς
3156 2020 3387 2086 δεκτικά
3415 2032 3549 2103 μέλη
3581 2031 3856 2099 ἀναλόγως

2296 2125 2433 2192 πρὸς
2461 2124 2560 2195 τὴν
2589 2123 2682 2176 τοῦ
2715 2122 2775 2176 ἓν
2801 2118 2939 2176 εἶναι
2971 2122 3131 2191 σῶμα
3166 2126 3494 2193 συντήρησιν
3515 2122 3850 2191 επισφίγγει.

2293 2213 2594 2283 ὁδηγείσθω
2610 2213 2700 2265 ἐπὶ
2713 2213 2771 2265 τὸ
2786 2212 2926 2281 μέγα
2940 2214 3031 2264 καὶ
3041 2212 3385 2282 ἀρῤητοντῆς
3397 2210 3854 2281 τῶνκΧριστιανῶν

2300 2303 2578 2372 μακαρίας
2627 2302 2844 2373 ἐλπίδος
2899 2302 3222 2370 μυστήριον,
3256 2302 3319 2354 ὲκ
3362 2301 3471 2354 τῶν
3506 2302 3716 2370 μικρῶν
3763 2300 3853 2352 καὶ

2296 2392 2419 2444 καθ’
2442 2393 2591 2459 ἡμᾶς
2633 2392 2743 2443 τῶν
2778 2391 3028 2459 μεγάλων
3058 2392 3154 2444 καὶ
3189 2391 3331 2461 ὑπὲρ
3358 2392 3506 2461 ἡμᾶς
3522 2392 3624 2443 οὑκ
3651 2390 3849 2460 ἀγεννῆ

2295 2477 2475 2531 λαϐὼν
2512 2478 2580 2529 τά
2612 2479 2939 2547 εἰκάσματα,
2962 2479 3113 2541 ὅστις
3143 2478 3333 2546 ἀπαγῆ
3364 2480 3459 2531 καὶ
3488 2478 3849 2547 εὐκράδαντον

2297 2571 2425 2642 περὶ
2448 2568 2651 2622 τούτων
2677 2569 2758 2620 ἔτι
2779 2568 2877 2639 τὴν
2899 2569 3137 2623 διάνοιαν
3161 2570 3441 2639 κέκτηται,
3473 2569 3582 2622 Καὶ
3609 2568 3705 2638 τὴν
3726 2568 3849 2638 περὶ

2295 2660 2390 2713 τοῦ
2418 2660 2791 2729 προϋπάρχειν
2828 2659 2935 2713 τῶν
2961 2660 3226 2730 σωμάτων
3256 2660 3353 2721 τάς
3373 2659 3553 2730 ψυχὰς
3574 2659 3675 2711 οὐκ
3698 2657 3849 2711 εὔλο-

2297 2767 2391 2817 γον
2425 2750 2581 2814 δόξαν
2623 2749 2780 2817 ἀφεὶς
2812 2749 2929 2819 μεθ’
2959 2750 3113 2819 ὴμῶν
3143 2749 3421 2802 πιστεύσει
3460 2748 3539 2819 τῷ
3564 2748 3739 2818 κυρίῳ
3767 2747 3847 2799 λι-

2296 2857 2444 2907 γοντι
2475 2824 2755 2911 περὶτῶν
2780 2841 2859 2902 είς
2895 2840 2993 2910 τὴν
3030 2840 3323 2894 ἀνάστασιν
3370 2840 3733 2910 ἐγειρομένων
3779 2838 3846 2907 μὴ

2296 2931 2554 2984 δύνασθαι
2584 2929 2974 2999 ἀποθνήσκειν,
3010 2929 3101 2983 διά
3124 2926 3223 3000 τὴν
3260 2929 3425 2982 αὐτοῦ
3455 2930 3656 3000 δηλαδὴ
3682 2928 3847 2982 καθαο

2299 3019 2542 3090 ρωτέραν
2579 3020 2805 3088 ἐσχάτου
2835 3018 2879 3050 ³⁸
2910 3019 3138 3089 ὀρεκτοῦ
3182 3019 3489 3089 φανέρωσίν
3520 3035 3581 3071 τε
3610 3020 3699 3073 καὶ
3727 3036 3847 3089 μετ-

2298 3113 2505 3163 ουσίαν.
2528 3109 2637 3161 Κα).
2657 3109 2835 3169 πάλιν,
2855 3107 2979 3173 Πᾶς
3006 3112 3039 3162 ό
3063 3107 3172 3169 ζῶν
3191 3108 3286 3162 καὶ
3301 3111 3600 3163 πιστεύων
3614 3111 3699 3175 είς
3722 3109 3845 3178 ἐμὲ,

2297 3198 2369 3249 οὺ
2394 3193 2483 3262 μὴ
2511 3193 2784 3261 ἀποθάνῃ
2814 3196 2899 3260 εις
2929 3197 3035 3248 τὸν
3064 3194 3266 3250 αἰῶνα.
3287 3195 3471 3266 Ὅπερ
3489 3198 3538 3249 εί
3560 3194 3848 3265 προεγεγό-

2295 3302 2377 3339 νει
2408 3284 2455 3317 ⁸⁸
2484 3284 2634 3347 ποτὲ,
2668 3284 2931 3337 ἀδύνατον
2963 3282 3055 3355 ἦν,
3095 3285 3171 3348 ὡς
3206 3285 3729 3357 προαποδέδεικται,
3758 3284 3847 3337 τὸν

2296 3376 2435 3430 κατά
2464 3378 2672 3447 τροπήν
2705 3394 2827 3430 τινα
2879 3372 2991 3430 οἷον
3038 3377 3241 3447 δήποτε
3290 3376 3545 3441 δέξασθαι
3596 3377 3841 3430 θάνατον.

2293 3468 2404 3520 Καὶ
2435 3466 2542 3520 τῶν
2564 3465 2804 3534 φυσικῶν
2833 3466 2936 3530 ἔξω
2952 3466 3025 3536 μὴ
3048 3466 3279 3535 βαινέτω
3295 3466 3571 3536 λογισμῶν
3597 3466 3776 3536 (133
3792 3468 3845 3532 α)

2292 3556 2548 3626 διακενῆς
2576 3556 2673 3625 τὴν
2694 3557 2794 3609 οὐκ
2816 3552 2980 3609 οὖσαν
3010 3557 3139 3625 περὶ
3173 3555 3350 3625 ψυχῆς
3380 3557 3540 3621 δόξαν
3556 3558 3843 3621 θεσπίζων.

2293 3651 2356 3703 Εἰ
2389 3648 2499 3718 γάρ
2530 3646 2815 3716 ἀνθρώπου
2860 3634 3024 3715 μέρη.
3070 3644 3250 3708 καθὼς
3287 3647 3747 3716 προαποδέδοται,
3787 3648 3845 3701 τδ

2295 3740 2456 3809 σῶμα
2486 3738 2581 3791 καὶ
2624 3739 2658 3805 ὴ
2712 3735 2854 3804 ψυχὴ
2881 3738 3225 3803 τυγχάνουσι,
3255 3736 3323 3788 τά
3358 3736 3416 3788 δὲ
3450 3736 3593 3806 μέρη
3634 3736 3730 3806 τὴν
3767 3738 3844 3798 είς

2292 3830 2352 3881 τὸ
2379 3828 2514 3897 πρός
2546 3843 2597 3877 τι
2632 3826 2689 3891 εξ
2729 3826 2968 3893 ἀνάγκης
3016 3825 3289 3895 ἀναφοράν
3317 3825 3531 3894 δέχεται
3576 3826 3712 3896 (ὅλον
3734 3826 3844 3897 γάρ

2293 3918 2404 3985 ἔχει
2428 3914 2644 3978 πάντως
2673 3914 3186 3986 κατηγορούμενον),
3215 3916 3284 3969 τά
3314 3916 3370 3969 δὲ
3406 3915 3553 3969 οὕτω
3579 3916 3841 3986 λεγόμενα

2294 4006 2431 4075 πρός
2463 4023 2515 4058 τι
2539 4006 2646 4057 τῶν
2680 4006 2796 4075 ἀμα
2827 4006 3003 4075 πάντη
3042 4022 3103 4058 τε
3126 4006 3222 4058 καὶ
3258 4006 3475 4066 πάντως
3505 4004 3649 4057 κατά
3672 4004 3769 4075 τὴν
3794 4002 3847 4036 ⁸⁸

2294 4096 2504 4163 γένεσίν
2535 4097 2700 4156 ἐστιν,
2723 4095 2797 4157 ὡς
2836 4095 2976 4164 μέρη
3006 4090 3143 4157 εἶδος
3169 4094 3289 4147 ὅλον
3315 4096 3381 4163 τῇ
3413 4095 3620 4163 συνόδῳ
3647 4096 3839 4147 ἀποτε-

2294 4184 2507 4249 λοῦντα,
2542 4184 2754 4254 ἐπινοίᾳ
2782 4184 2917 4253 μόνῃ
2943 4186 3010 4253 τῇ
3042 4183 3177 4252 πρὸς
3204 4183 3498 4249 διάγνωσιν
3520 4183 3617 4236 τοῦ
3644 4183 3693 4235 τί
3722 4183 3840 4237 κατ’

2292 4276 2479 4327 οὐσίαν
2504 4275 2734 4327 ἓκαστον
2775 4272 3022 4343 ἀλλήλων
3054 4272 3423 4341 διαιρούμενα,
3450 4300 3520 4311 -
3541 4271 3711 4341 ψυχὴν
3737 4274 3842 4341 ἄρα

2294 4368 2387 4419 καὶ
2422 4366 2600 4434 σῶμα,
2622 4365 2696 4428 ὡς
2723 4365 2860 4435 μέρη
2881 4360 3191 4431 ἀνθρώπου,
3214 4359 3457 4429 ἀλλήλων
3480 4364 3845 4433 προῦπάρχειν

636 4453 923 4505 essentiam
962 4451 1392 4527 unumquodque
1444 4466 1491 4502 a~
1525 4464 1579 4502 se
1620 4450 1855 4503 invicem
1907 4461 2190 4529 separata:

2298 4455 2560 4525 χρονικῶς
2588 4456 2622 4525 ἢ
2666 4452 3033 4523 μεθυπάρχειν
3060 4451 3357 4518 ἀμήχανον,
3387 4452 3507 4503 ὲπεί
3538 4453 3567 4504 ό
3595 4452 3678 4505 τοῦ
3707 4452 3842 4522 πρός

637 4542 872 4592 animam
922 4541 1086 4607 igitur
1138 4548 1192 4593 et
1225 4554 1423 4607 corpus
1476 4540 1670 4591 merito
1722 4548 1903 4605 partes
1951 4538 2190 4594 hominis

639 4634 782 4683 inter
819 4648 874 4684 se
920 4632 1149 4683 invicem
1184 4640 1309 4683 ante
1348 4630 1645 4683 subsistere
1692 4631 2065 4698 temporaliter
2096 4644 2191 4687 aut

636 4732 755 4789 post
791 4722 1085 4773 subsistere
1137 4720 1471 4785 impossibile
1517 4728 1621 4781 est,
1669 4719 1873 4787 alioqui
1923 4720 2064 4773 ratio
2097 4722 2185 4776 illa

587 4878 591 4882 ι
635 4825 755 4874 qua:
810 4809 885 4860 sic
921 4810 1123 4861 dicitur
1170 4808 1235 4859 ad
1280 4807 1487 4874 aliquid
1536 4808 1797 4879 solvetur.
1851 4808 1917 4860 Et
1965 4809 2181 4876 iterum,

635 4900 679 4948 si
707 4914 800 4965 per
835 4916 890 4949 se
922 4898 1129 4963 species
1155 4904 1278 4947 ante
1302 4911 1498 4962 corpus
1525 4907 1608 4951 est
1638 4898 1817 4977 anima
1847 4904 1943 4949 aut
1966 4912 2182 4969 corpus,

586 4979 590 4984 ’
635 4986 871 5051 speclem
918 4999 1046 5035 vero
1096 4982 1254 5033 aliam
1309 4980 1502 5035 horum
1553 4993 1847 5050 utrumque
1891 4987 2187 5041 secundum

637 5076 827 5126 aniune
874 5075 937 5125 ad
986 5088 1183 5139 corpus
1224 5073 1675 5140 compositionem
1714 5080 1807 5124 aut
1843 5076 2091 5142 corporis
2124 5078 2187 5129 ad

636 5167 871 5217 animam
911 5167 1141 5231 pt't'iicit.
1170 5176 1262 5219 aut
1307 5166 1567 5233 patientia
1596 5164 1822 5216 omnino
1852 5165 1954 5218 hoc
1985 5165 2191 5219 faciunt

636 5266 725 5307 aut
762 5258 1079 5308 naturaliter
1110 5257 1441 5309 r‘xsistetttia.
1470 5256 1535 5307 Et
1570 5255 1613 5306 si
1651 5253 1870 5320 quidem
1908 5255 2189 5322 patientia,

636 5348 918 5414 patiuntur
946 5347 995 5395 id
1020 5346 1161 5412 qzmzl
1203 5363 1307 5398 non
1341 5354 1494 5397 erant
1528 5344 1810 5405 exsistere,
1862 5356 1916 5397 et
1944 5361 2192 5397 corrum-

794 5505 951 5556 Joan.
988 5518 1059 5561 κς,
1098 5503 1165 5554 ίΞϋ

2294 4562 2345 4597 τι
2378 4544 2518 4597 οὕτω
2562 4544 2849 4609 λεγόμενος
2898 4540 3186 4606 λυθήσεται
3229 4537 3402 4605 λόγος.
3439 4540 3549 4593 Καὶ
3578 4540 3749 4593 πάλιν·
3781 4541 3842 4592 Ei

2295 4637 2402 4705 γὰρ
2430 4634 2550 4687 καθ’
2582 4632 2713 4684 αὐτὸ
2741 4625 2877 4690 εϊδος
2917 4628 3022 4697 πρὸ
3055 4627 3147 4679 τοῦ
3179 4626 3428 4697 σώματός
3464 4631 3613 4682 ἐστιν
3639 4632 3667 4697 ἡ
3694 4630 3845 4698 ψυχὴ

2294 4726 2327 4795 ἦ
2363 4725 2423 4776 τὸ
2463 4722 2642 4789 σῶμα,
2685 4715 2821 4780 εἶδος
2845 4718 2901 4770 δὲ
2924 4716 3051 4770 ἄλλο
3080 4716 3284 4769 τούτων
3308 4718 3569 4786 ἑκάτερον
3588 4718 3721 4769 κατά
3745 4718 3843 4786 τὴν

2292 4813 2469 4880 ψυχῆς
2503 4809 2637 4876 πρὸς
2658 4805 2718 4857 τὸ
2746 4804 2903 4873 σῶμα
2932 4803 3196 4865 σύνθεσιν,
3233 4803 3267 4872 ἢ
3296 4803 3548 4873 σώματος
3579 4803 3707 4873 πρὸς
3740 4805 3835 4873 dm.

2248 4964 2251 4965 ν
2298 4902 2419 4969 χὴν,
2446 4896 2718 4956 ἀποτελεῖ,
2753 4894 2785 4962 ἢ
2841 4894 3118 4961 πάσχοντα
3146 4892 3359 4953 πάντως
3405 4890 3563 4943 τοῦτο
3607 4894 3773 4954 ποιεῖ,
3806 4893 3838 4962 ἦ

2296 4986 2592 5055 πεφυκότα.
2619 4984 2725 5034 Ka‘t
2746 4983 2793 5033 εἰ
2818 4981 2913 5048 μὲν
2939 4980 3232 5047 πάσχοντα,
3262 4979 3587 5031 πεπόνθασιν
3608 4978 3686 5037 είς
3702 4978 3841 5045 ὅπερ

2290 5084 2389 5134 οὐκ
2424 5075 2489 5145 ἦν
2525 5073 2869 5139 ὲξιστάμενα,
2914 5070 3005 5120 καὶ⁵
3034 5068 3332 5138 φθείρεται,
3366 5069 3413 5119 εί
3454 5068 3508 5121 δὲ
3540 5068 3839 5133 πεφυκότα,

2290 5171 2375 5224 ἀεὶ
2409 5165 2565 5220 τοῦτο
2598 5164 2683 5216 διὰ
2714 5163 2773 5213 τὸ
2818 5160 3058 5226 πεφυκὸς
3110 5159 3400 5228 ἐργάσεται
3452 5156 3713 5225 δηλονότι,
3746 5158 3841 5207 καὶ

2289 5258 2543 5313 οὐδέποτε
2572 5253 2836 5307 παύσεται
2879 5252 2910 5319 ἡ
2945 5250 3090 5317 ψυχὴ
3134 5247 3227 5300 τοῦ
3272 5244 3840 5317 μετενσωματοῦσθαι,

2291 5349 2407 5401 οὐδὲ
2438 5346 2532 5398 τοῦ
2572 5339 3043 5412 μετεμψυχοῦσοαι
3071 5337 3132 5390 τὸ
3166 5337 3346 5407 σῶμα.
3378 5337 3515 5391 Ἀλλ’
3546 5335 3637 5387 οὐκ
3668 5332 3865 5390 εστιν,-

1890 5596 2123 5658 VARUS
2182 5607 2581 5663 LECTlONES.

705 5709 745 5739 τε
888 5726 1110 5753 μην-ι..
1140 5742 1147 5753 ι
1176 5722 1200 5753 ιι
1252 5724 1341 5753 ματ

782 5743 851 5783 ως
886 5738 1110 5791 εεχατου
1140 5738 1224 5775 ια.
1252 5738 1364 5775 but.

1450 5726 1487 5754 ‘-‘
1523 5722 1837 5792 πριγεγὸνει
1867 5722 1953 5775 ed.
1992 5721 2107 5777 Gal.
2184 5724 2227 5755 ⁴⁰
2258 5725 2352 5795 τὴν
2380 5738 2485 5775 om.
2513 5720 2601 5775 ed.
2632 5718 2747 5773 Gal.
