3966 6340
203 488 337 553 1109
1394 471 1764 543 AMBIGUOI

1859 475 1908 534 Μ
1946 475 2196 534 LIBER.
3272 468 3404 531 1110

204 599 293 653 διὰ
318 599 417 659 τὰς
449 595 745 666 εἰρημένας
767 596 948 659 αἰτίας
994 595 1136 650 κατά
1181 592 1373 662 καιρὸν
1427 588 1575 658 αὐτῷ
1612 587 1752 658 χρῆν

1859 585 2155 655 pradictas,
2190 581 2489 639 secundum
2528 591 2760 650 tempus,
2791 598 2857 635 eo
2909 583 2985 633 uti
3034 596 3139 633 non
3193 581 3404 648 vitupe-

204 686 326 741 σθαι
391 686 491 739 οὐκ
536 685 943 755 ἀναινομένους.
977 684 1158 758 (137
1221 684 1279 751 α)
1306 682 1472 740 ,Φασὶ-
1499 680 1609 750 γὰρ
1652 678 1747 732 τοῦ

1859 684 2063 731 rantur.
2094 675 2290 729 Dicunt
2322 672 2467 727 enim
2500 671 2880 725 intellectualis
2920 686 3059 733 esse,
3104 666 3407 738 specialiter

200 775 541 845 διανοητικοῦ
574 771 735 839 εἶναι,
768 776 953 838 ἰδικῶς
986 776 1086 844 μὲν
1122 774 1224 836 τὰς
1244 775 1459 842 νοήσεις
1488 770 1597 823 τῶν
1625 785 1749 839 νοη-

1859 765 2102 820 notiones
2128 761 2572 831 intelligibilium,
2605 760 2851 823 virtutes,
2881 749 3172 821 scientias,
3213 745 3405 811 artium

208 864 331 933 τῶν,
374 863 473 928 τάς
509 865 730 935 ἀρετὰς,
760 866 857 927 τάς
888 852 1203 933 ἐπιστήμας
1240 862 1370 925 τοὺς
1401 860 1509 913 τῶν
1546 860 1750 929 τεχνῶν

1859 855 2111 917 rationes,
2164 851 2522 923 propositum,
2568 848 2875 909 consilium,
2925 847 3251 913 generaliter
3280 861 3407 899 vero

200 954 417 1023 λόγους,
446 954 508 1008 τὸ
560 954 961 1025 προαιρετικὸν,
990 954 1057 1007 τὸ
1107 950 1452 1034 βουλευτικὸν
1472 992 1487 1016 ,
1521 949 1754 1018 γενικῶς

202 1044 260 1098 δὲ
286 1044 387 1106 τὰς
412 1044 642 1113 κρίσεις,
667 1045 767 1107 τὰς
816 1043 1263 1110 συγκαταθέσεις,
1294 1043 1395 1106 τὰς
1435 1040 1751 1110 ἀποφυγὰς,

201 1133 302 1197 τάς
344 1134 540 1205 όρμάς,
572 1134 669 1186 καὶ⁵
698 1133 799 1197 τὰς
840 1133 940 1204 μὲν
967 1129 1107 1187 εἶναι
1137 1133 1306 1203 μόνης
1326 1132 1426 1202 τῆς
1455 1131 1597 1185 κατὰ
1628 1129 1754 1183 νοῦν

202 1224 472 1294 θεωρίας,
503 1225 602 1286 τάς
633 1224 691 1277 δὲ
718 1224 819 1291 τῆς
848 1224 989 1278 κατά
1017 1224 1110 1278 τδν
1136 1224 1294 1293 λόγον
1324 1222 1757 1292 ὲπιστημονικῆς

202 1311 506 1381 δυνάμεως.
538 1314 602 1365 Et
630 1313 687 1366 δὲ
719 1312 931 1376 τούτοις
960 1314 1372 1385 φρουρουμένην
1399 1313 1450 1365 οί
1484 1311 1630 1379 άγιοι
1658 1311 1756 1380 τὴν

158 1470 163 1475 Ι
202 1400 411 1452 οίκείαν
446 1400 491 1431 ⁸⁸
547 1398 691 1471 ζωὴν
736 1401 1145 1471 συνετήρησαν,
1192 1402 1299 1471 ἄρα
1350 1398 1757 1470 περιληπτικᾶκ

203 1485 294 1540 διὰ
322 1487 419 1540 τοῦ
449 1487 613 1554 λόγου
636 1487 729 1541 καὶ¹
757 1488 860 1555 τῆς
883 1488 1117 1557 θεωρίας
1146 1490 1176 1543 ό
1220 1490 1494 1559 μακάριος
1527 1488 1574 1519 ⁸³
1602 1482 1758 1549 οὗτος

204 1576 347 1646 ἀνὴρ
397 1575 606 1640 πάντας
633 1577 759 1639 τοὺς
782 1576 903 1629 κατ’
936 1576 1139 1646 ἀρετὴν
1173 1578 1267 1629 καὶ
1294 1578 1497 1644 γνῶσιν
1530 1576 1758 1646 εἰσηγή-

208 1680 341 1717 σατο
370 1665 563 1733 λόγους
588 1667 701 1727 τοῖς
730 1665 907 1733 ἀγίοις
938 1665 1409 1741 συνειλημμένους
1438 1706 1454 1730 ,
1491 1666 1559 1719 δι’
1584 1660 1659 1720 ὧν
1690 1668 1758 1735 τῇ

207 1756 533 1825 κατανοήσει
600 1753 696 1807 τοῦ
747 1754 883 1808 Θεοῦ
945 1754 1086 1807 κατά
1155 1754 1387 1824 θεωρίαν
1445 1755 1762 1822 γνωστικῶς

208 1844 632 1915 προσανέχοντες
656 1845 938 1915 ἐμφρόνως
965 1844 1105 1898 κατά
1132 1844 1287 1913 λόγον
1309 1843 1399 1898 διὰ
1423 1845 1533 1899 τῶν
1552 1842 1762 1914 ἀρετῶν

207 1931 310 1999 τὴν
361 1929 511 1982 θείαν
544 1932 759 1995 ἑαυτοῖς
813 1932 1029 2002 μορφὴν
1061 1933 1472 1986 ἑνετυπώσαντο
1496 1972 1513 1997 ,
1541 1934 1760 1996 πάντως

208 2021 313 2073 οὐκ
364 2016 502 2073 εἶναι
549 2021 844 2085 ἀναγκαῖον
888 2021 1096 2090 οίηθεὶς
1137 2022 1238 2093 τὴν
1264 2021 1356 2076 διὰ
1380 2023 1477 2076 τοῦ
1510 2023 1762 2094 σώματος

209 2109 477 2179 ὀνομάσαι
506 2108 727 2180 πρᾶξιν,
761 2108 1045 2177 γινώσκων
1081 2110 1159 2180 μὴ
1191 2113 1395 2182 ἀρετῆς
1417 2114 1588 2182 αὐτὴν
1617 2111 1761 2167 εῖναι

184 2197 503 2267 -ττοιητικὴν
520 2237 537 2263 ,
561 2196 674 2250 ἀλλ’
702 2198 1036 2267 ἐκφαντικὴν
1057 2237 1074 2263 ,
1103 2200 1198 2270 καὶ
1246 2199 1423 2267 μόνων
1458 2200 1566 2253 τῶν
1602 2201 1763 2254 θείων

211 2288 502 2355 νοημάτων
521 2301 580 2338 τι
605 2284 701 2364 καλ
726 2283 1001 2356 λογισμῶν
1040 2286 1334 2357 ὑπουργὸν.
1375 2287 1463 2351 Ὦς
1488 2287 1555 2341 ἂν
1587 2288 1644 2341 δὲ
1670 2288 1767 2341 καὶ

210 2375 283 2425 δι’
309 2373 499 2443 ἑτέρου
533 2373 742 2446 τρόπου
788 2374 1021 2444 φανερὸν
1056 2375 1282 2447 γένηται
1325 2376 1389 2429 τὸ
1435 2376 1726 2448 λεγόμενον
1747 2412 1765 2440 ,

214 2463 385 2532 φασὶν
418 2464 467 2515 oi
504 2465 612 2517 τῶν
650 2464 771 2519 καθ’
814 2467 962 2536 ἡμᾶς
994 2468 1333 2536 πραγμάτων
1379 2467 1448 2522 δι’
1478 2468 1767 2538 ἀκριϐείας

215 2550 567 2620 μετελθόντες
613 2556 737 2617 τοὺς
780 2554 973 2622 λόγους
1004 2543 1098 2608 τοῦ
1137 2555 1360 2624 λογικοῦ
1394 2556 1456 2611 τὺ
1486 2558 1588 2627 μὲν
1624 2554 1769 2612 εἶναι

213 2640 645 2710 θεωρητικὸν,τδ
673 2643 731 2696 δὲ
779 2647 1082 2714 πρακτικόν
1110 2664 1125 2679 ο
1151 2647 1246 2701 καὶ
1291 2648 1625 2719 θεωρητικὸν
1666 2649 1769 2718 μὲν

212 2732 279 2783 τὸ
320 2732 464 2786 κατά
510 2732 653 2794 νοῦν,
699 2733 775 2797 ὡς
810 2734 924 2804 ἔχει
966 2737 1036 2789 τά
1070 2737 1222 2800 ὄντα,
1261 2738 1567 2809 πρακτικὸν
1606 2738 1664 2791 δὲ
1708 2738 1769 2791 τὸ

216 2820 577 2891 βουλευτικὸν,
606 2823 667 2876 τὸ
706 2824 888 2894 όρίζον
937 2827 1052 2889 τοῖς
1103 2832 1430 2898 πρακτικοῖς
1476 2828 1569 2882 τὺν
1608 2828 1769 2897 όρθδν

215 2910 399 2977 λόγον.
447 2912 555 2965 Καὶ
602 2912 826 2975 καλοῦσι
868 2901 929 2969 τὸ
976 2916 1074 2985 μὲν
1118 2917 1452 2988 θεωρητικὸν
1495 2916 1622 2970 νοῦν
1646 2956 1662 2982 ,
1707 2917 1770 2971 τὸ

214 2998 279 3050 δὲ
309 2999 610 3067 πρακτικὸν
638 2999 817 3069 λόγον,
840 3002 1018 3056 καὶτὸ
1046 3003 1145 3073 μὲν
1174 3004 1387 3073 σοφίαν,
1421 3004 1484 3058 τὸ
1534 3005 1593 3058 δὲ
1632 3006 1769 3076 φρόο

215 3104 396 3155 νησιν.
431 3089 493 3142 E!
538 3089 596 3143 δὲ
628 3090 785 3144 τοῦτο
824 3090 1044 3162 ἀληθὲς,
1075 3094 1141 3146 ἐκ
1189 3094 1287 3164 τῆς
1331 3094 1511 3157 αίτίας
1541 3096 1652 3166 ἄρα
1670 3095 1769 3167 τὴν

155 3204 159 3205 ί
219 3175 673 3272 πρᾶξιντο
692 3181 869 3272 siqu-eg,
903 3182 1135 3272 ἀλλὀὐκ
1164 3185 1230 3238 ἔκ
1253 3185 1353 3255 τῆς
1388 3184 1521 3257 ὕλης
1552 3185 1768 3256 ὠνόμα·
1794 3213 1839 3272 c

219 3279 316 3316 σεν
343 3262 523 3335 (137
555 3267 607 3336 ι)
635 3267 665 3320 ό
688 3268 1004 3334 διδάσκαλος
1055 3271 1215 3341 λόγον
1236 3312 1252 3338 ,
1280 3274 1380 3344 τὴν
1412 3274 1581 3345 μηδὲν
1615 3274 1766 3345 ἔχου-

220 3370 325 3407 σαν
356 3356 727 3426 ἀντικείμενον
752 3358 865 3423 ἓξιν
894 3362 1362 3433 προσαγορεύσας.
1388 3364 1635 3434 Δογικῶς
1661 3365 1771 3437 γάρ

222 3442 319 3493 καὶ
344 3444 676 3510 γνωπικῶς,
710 3445 822 3499 ἀλλ’
845 3448 904 3500 οὐ
932 3448 1244 3518 πολεμικῶς
1275 3451 1370 3503 καὶ
1395 3452 1772 3518 ἀγωνιστικῶς

219 3530 455 3599 ἐμμένει
507 3537 614 3595 τοῖς
652 3534 906 3603 ἀληθέσιν
948 3538 978 3587 ό
1002 3538 1354 3607 θεωρητικὸς,
1378 3541 1472 3591 καὶ
1500 3540 1637 3607 πλὴν
1671 3541 1772 3593 αὑ-

216 3621 333 3671 τῶν
377 3619 504 3672 ἄλλο
555 3638 609 3673 τι
655 3625 783 3692 όρᾷν
828 3624 917 3678 διὰ
955 3627 1054 3694 τὴν
1093 3628 1228 3697 πρὸς
1276 3629 1415 3681 αὐτὰ
1445 3629 1636 3699 ἡδονὴν
1670 3631 1773 3683 οὐκ

217 3708 586 3776 ἀνέχεται.,Εί
617 3711 671 3764 δὲ
698 3714 802 3783 χρὴ
832 3714 924 3767 καὶ
958 3716 1132 3779 άλλως
1157 3717 1204 3749 ⁸⁸
1234 3718 1571 3790 σαφέστερον
1612 3721 1772 3773 τοῦτο

219 3798 593 3865 ποιήσασθαι,
626 3803 784 3856 πάλιν
823 3806 873 3857 οἱ
910 3805 1011 3873 τῆς
1048 3807 1169 3860 κατ’
1199 3807 1399 3878 ἀρετὴν
1432 3792 1771 3879 τελειότητος

192 3888 350 3949 ’τοὺς
390 3888 585 3954 λόγους
637 3893 1015 3963 γυμνάσαντες
1069 3915 1203 3966 φασι
1264 3894 1389 3963 τοὺς
1447 3903 1615 3971 μήπω
1674 3902 1772 3970 τῆς

218 3977 362 4045 πρὸς
408 3978 504 4047 τὴν
553 3979 686 4052 ὕλην
724 3988 866 4040 κατά
901 3987 998 4057 τὴν
1032 3991 1217 4057 σχέσιν
1266 3993 1551 4055 κοινωνίας
1598 3993 1771 4045 καθα-

220 4067 687 4157 ροὺςᾉγεγονότας
733 4076 858 4142 περὶ
901 4077 968 4128 τά
1017 4079 1298 4148 πρακτικά
1344 4074 1768 4146 καταγίνεσθαι,

220 4155 423 4225 μικτῆς
448 4155 614 4227 οὔσης
648 4161 831 4224 αὐτοῖς
858 4162 938 4215 ἔτι
970 4165 1068 4233 τῆς
1106 4167 1233 4233 περὶ
1258 4168 1326 4219 τὰ
1357 4167 1486 4219 ὄντα
1510 4170 1764 4237 κρίσεως,

216 4243 319 4296 καὶ
345 4245 449 4297 είσὶ
475 4250 719 4326 τρεπτοὶ,
760 4253 925 4321 μήπω
949 4253 1045 4322 τὴν
1077 4256 1206 4324 περὶ
1229 4256 1297 4307 τά
1330 4259 1542 4324 τρεπτά
1585 4244 1768 4326 σχέσιν

216 4333 548 4404 ἀποθεμινοι
572 4354 588 4369 ο
617 4340 743 4403 τοὺς
773 4339 831 4393 δὲ
863 4342 932 4394 δι’
954 4342 1232 4413 ἀκρότητα
1274 4343 1353 4411 τῷ
1385 4345 1429 4375 ³⁸
1458 4344 1577 4412 Θεῷ
1624 4345 1768 4398 κατά

217 4422 411 4491 σχίσιν
436 4426 860 4495 πλησιάζοντας,
892 4435 987 4484 καί
1028 4434 1094 4501 τῇ
1129 4431 1323 4485 τούτου
1352 4433 1678 4502 κατανοήσει
1706 4432 1767 4485 τὸ

1846 946 2072 1016 judicia,
2100 943 2555 1011 comparationes,
2580 939 2750 1008 fugas,
2776 938 3066 1006 appetitus,
3088 946 3144 990 et
3165 935 3405 1003 quaedam

1852 1036 2073 1104 quidem
2100 1048 2219 1087 esse
2249 1031 2419 1085 solius
2458 1030 2757 1083 secundum
2797 1029 3036 1081 animum
3080 1028 3409 1096 contempla—

1855 1122 2038 1186 tionis,
2075 1120 2319 1190 qumdam
2354 1131 2483 1170 vero
2514 1116 2815 1169 secundum
2860 1115 3125 1170 rationem
3172 1114 3412 1183 discipli—
3470 1130 3476 1136 ’

1854 1214 1994 1269 nalis
2030 1212 2300 1282 potentiae.
2349 1209 2403 1262 Si
2441 1220 2621 1263 autem
2669 1210 2866 1264 talibus
2915 1208 3238 1263 custoditam
3282 1224 3412 1277 pro-

1812 1332 1815 1334 »
1855 1305 2028 1373 priam
2076 1303 2242 1355 vitam
2299 1300 2471 1354 sancti
2523 1308 3004 1369 conservaverunt,
3057 1300 3221 1367 igitur
3264 1313 3412 1357 cem-

1856 1393 2168 1464 prebensim
2193 1408 2290 1461 per
2314 1389 2581 1444 rationem
2602 1398 2657 1444 et
2678 1389 3188 1465 contemplationem
3225 1389 3417 1442 beatus

1858 1484 1962 1537 iste
1994 1483 2078 1535 vir
2123 1497 2333 1547 omnes,
2377 1496 2498 1550 quae
2545 1489 2673 1535 sunt
2714 1480 3011 1533 secundum
3061 1479 3316 1531 virtutem
3362 1486 3453 1531 et‘

1857 1573 2176 1638 scientiam,
2213 1570 2516 1626 introduxit
2562 1570 2799 1623 rationes
2848 1584 2876 1622 a
2928 1569 3131 1623 sanctis
3172 1570 3415 1633 cmnpre-

1860 1662 2077 1725 hensas,
2103 1676 2201 1729 per
2231 1676 2367 1729 quas
2398 1659 2637 1713 divinam
2673 1658 2919 1712 notitiam
2964 1673 3060 1726 per
3087 1653 3418 1722 contemple-
3474 1649 3478 1654 ’

1812 1814 1817 1819 δ
1859 1752 2063 1805 tionem
2111 1750 2347 1803 scienter
2390 1747 2740 1814 accipientes,
2782 1746 3081 1814 prudenter
3121 1741 3417 1798 secundum

1861 1840 2126 1893 rationem
2157 1853 2253 1906 per
2295 1837 2527 1890 virtutes
2554 1837 2791 1890 divinam
2835 1834 3053 1887 sibimet
3098 1840 3416 1900 coaptaverc

1861 1923 2092 1977 formam
2124 1922 2366 1985 omnino,
2389 1937 2500 1974 non
2524 1935 2643 1975 esse
2667 1920 3033 1974 necessarium
3054 1919 3301 1987 judicans
3325 1934 3419 1985 per

1840 2028 2061 2083 corpus
2105 2011 2385 2067 nominare
2436 2010 2729 2074 actionem,
2768 2024 3100 2079 cognoscens
3147 2023 3253 2061 non
3298 2023 3417 2061 eam

1860 2103 2080 2159 virtutis
2106 2118 2225 2157 esse
2256 2101 2557 2164 factricem,
2585 2100 2681 2153 sed
2721 2098 3220 2163 manifestatricem,
3249 2105 3303 2149 et
3329 2112 3420 2149 so—

1861 2193 2140 2248 lummodo
2175 2191 2480 2244 divinarum
2506 2188 2981 2256 intelligentiarmn
3011 2191 3066 2239 et
3099 2182 3422 2251 disputatio-

1861 2296 1994 2333 num
2024 2279 2101 2348 (u)
2126 2279 2457 2332 ministrum.
2489 2277 2558 2332 Ut
2587 2283 2764 2329 autem
2796 2283 2851 2329 et
2886 2290 2982 2343 per
3012 2273 3175 2326 alium
3200 2271 3420 2325 modum

1820 2404 1829 2417 .
1862 2367 2215 2422 manifestum
2252 2366 2344 2419 ﬁat
2385 2364 2532 2434 quod
2577 2365 2785 2419 dictum
2820 2372 2925 2427 est,
2970 2363 3160 2417 dicunt
3191 2361 3280 2431 qui
3318 2376 3418 2415 nos

1863 2467 2098 2514 strarum
2161 2470 2345 2510 rerum
2413 2455 2704 2524 diligenter
2771 2455 3012 2508 rationes
3070 2462 3421 2522 percurrunt,

1864 2546 2148 2602 rationalis
2176 2545 2397 2615 quidem
2421 2558 2541 2599 esse
2564 2545 3043 2612 contemplativum
3068 2554 3123 2597 et
3156 2543 3417 2604 activum;

1863 2647 1921 2694 et
1951 2636 2431 2706 contemplativum
2462 2632 2680 2702 quidem
2715 2632 3016 2686 secundum
3065 2631 3419 2692 intellectum,

1866 2728 2067 2797 quippe
2096 2726 2261 2781 habet
2281 2741 2344 2779 ea
2368 2742 2489 2795 qua:
2514 2733 2671 2787 sunt;
2700 2722 2933 2777 activum
2962 2734 3093 2773 vero
3123 2714 3445 2774 secundum

1865 2817 2178 2880 consilium,
2196 2815 2339 2884 quod
2368 2814 2564 2869 diﬂ‘mit
2584 2813 2888 2868 actionibus
2910 2818 3113 2865 rectam
3133 2810 3418 2864 rationem.

1865 2907 1935 2969 Et
1961 2914 2161 2973 vocant
2186 2906 2406 2974 quidem
2440 2903 2918 2973 contemplativum
2948 2901 3301 2965 intellectum,
3329 2915 3419 2954 ac-

1867 2995 2040 3050 tivum
2084 3009 2215 3048 vero
2260 2995 2550 3058 rationem,
2580 3002 2634 3048 et
2668 2982 2803 3046 illud
2834 2992 3054 3062 quidem
3081 2990 3423 3059 sapientiam.

1865 3086 2002 3141 illud
2045 3101 2179 3140 vero
2220 3083 2587 3155 prudentiam.
2623 3082 2680 3136 Si
2726 3090 2907 3137 autem
2950 3081 3056 3135 hoc
3099 3094 3323 3140 verum,
3360 3094 3424 3133 ex

1868 3191 2033 3231 causa
2062 3175 2244 3245 itaque
2277 3175 2567 3237 actionem,
2601 3170 2899 3227 secundum
2932 3170 3061 3240 quid
3088 3182 3425 3238 consequens

1869 3273 1972 3333 est,
2003 3274 2059 3321 at
2088 3281 2199 3321 non
2238 3281 2305 3321 ex
2328 3265 2581 3328 materia,
2613 3261 2916 3317 nominavit
2965 3260 3219 3330 magister
3256 3259 3422 3312 ratio-

1868 3373 1996 3413 nem
2024 3357 2231 3412 nullam
2263 3355 2333 3427 (v)
2368 3354 2655 3409 habentem
2700 3350 3007 3420 oppositum
3050 3348 3425 3403 habitudinem

1870 3448 2167 3517 appellans,
2214 3445 2631 3501 Rationabiliter
2674 3442 2818 3497 enim
2852 3449 2905 3496 et
2943 3441 3197 3503 scienter,
3232 3448 3287 3493 at
3314 3454 3422 3492 non

1869 3552 1968 3606 per
1996 3536 2337 3590 inimicitiam
2367 3544 2423 3589 et
2448 3534 2853 3588 contentionem
2901 3531 3068 3585 instat
3109 3530 3251 3584 veris
3299 3544 3426 3583 eon-

1871 3626 2239 3695 templativus,
2270 3633 2327 3679 et
2353 3633 2548 3693 praeter
2576 3625 2691 3692 ipsa
2732 3623 2880 3676 aliud
2925 3622 3054 3690 quid
3091 3620 3274 3674 videre
3302 3635 3426 3686 pro-

1870 3724 1990 3784 pter
2017 3728 2207 3768 corum
2234 3712 2649 3766 delectationem
2678 3726 2784 3763 non
2816 3710 3027 3777 recipit.
3053 3708 3109 3762 Si
3135 3723 3267 3761 vero
3289 3723 3423 3775 opus

1868 3814 1954 3859 est
1984 3813 2041 3858 et
2064 3805 2223 3857 aliter
2250 3803 2355 3873 hoc
2382 3802 2621 3870 apertius
2646 3800 2843 3861 facere,
2878 3799 3073 3853 iterum
3106 3798 3198 3865 qui
3231 3812 3424 3850 secun-

1870 3896 1999 3950 dum
2045 3895 2303 3949 virtutem
2346 3889 2697 3962 perfectionis
2722 3890 2990 3943 rationem
3028 3894 3301 3949 exercent,
3322 3886 3418 3939 ’di-

1870 3993 2002 4038 cunt
2030 3966 2292 4053 quosdam
2317 3980 2559 4035 nondum
2588 3977 2656 4031 ad
2697 3976 2973 4031 materiam
2998 3975 3295 4031 secundum
3328 3975 3421 4028 lia-

1870 4073 2043 4127 bitum
2080 4070 2462 4126 communione
2494 4075 2767 4136 purgatos,
2809 4066 2948 4120 circa
2995 4066 3233 4119 actiones
3259 4064 3416 4126 eﬂiei.

1869 4166 1997 4219 dum
2023 4164 2095 4219 sit
2122 4164 2281 4218 misla
2310 4162 2489 4216 adhuc
2511 4160 2591 4213 eis
2611 4159 2753 4212 circa
2772 4173 2834 4211 ea
2856 4172 2974 4225 qua
2994 4153 3416 4224 suntjudicatio.

1867 4262 1922 4306 et
1963 4262 2091 4306 sunt
2136 4249 2546 4310 conversibiles,
2587 4246 2828 4299 nondum
2857 4248 3000 4299 circa
3041 4243 3418 4298 conversibilia

1867 4340 2112 4392 habitum
2159 4339 2509 4405 deponcntes.
2559 4333 2829 4399 Quosdam
2881 4346 3007 4385 vero
3056 4346 3154 4400 per
3200 4332 3417 4384 virtutis

1866 4422 2231 4481 summitatem
2250 4428 2360 4480 Deo
2381 4423 2677 4481 secundum
2697 4421 2940 4475 habitum
2960 4422 3413 4493 approximantes.

222 4512 497 4582 μακάριον
526 4517 962 4589 καρπουμένους,
991 4521 1127 4589 πρὸς
1148 4524 1371 4585 ἑαυτοὺς
1394 4524 1552 4592 μόνον
1568 4523 1662 4581 καὶ⁵
1680 4522 1764 4574 τὸν

1869 4527 1925 4574 et
1943 4518 2117 4587 ipsius
2134 4518 2433 4572 secundum
2458 4513 2863 4583 intelligentiam
2880 4510 3214 4564 beatitudine
3235 4511 3415 4564 fruen-

217 4598 358 4670 θεὸν
406 4602 813 4673 ἐστραμμένους
847 4609 924 4678 τῷ
953 4610 1113 4679 ῥῆξαι
1155 4612 1391 4681 γνησίως
1434 4613 1532 4682 τῆς
1579 4611 1764 4682 ὑλικῆς

1865 4617 1967 4670 tes,
2016 4607 2084 4660 ad
2126 4622 2184 4661 se
2233 4608 2380 4676 ipsos
2420 4603 2761 4661 solummodo
2795 4611 2851 4659 ct
2892 4601 3059 4655 Deum
3104 4614 3415 4663 conversos,

219 4690 461 4758 σχέσεως
492 4693 557 4744 τά
582 4693 754 4763 δεσμά
777 4697 889 4749 τῶν
915 4699 1013 4766 μὲν
1039 4701 1359 4768 πρακτικῶν
1381 4703 1476 4755 καὶ
1502 4701 1600 4769 τῆς
1630 4700 1761 4767 ὕλης

1862 4697 2165 4766 rumpendo
2197 4698 2409 4752 sincere
2462 4694 2762 4750 materialis
2798 4691 3132 4747 habitudinis
3180 4692 3414 4756 vincula,

215 4778 501 4842 παντελῶς
528 4780 941 4853 ἠλλοτριῶσθαι,
970 4791 1036 4856 τῇ
1064 4789 1122 4840 δὲ
1150 4788 1355 4858 θεωρίᾳ
1391 4791 1487 4842 καὶ
1532 4789 1611 4857 τῷ
1647 4786 1764 4856 Θεῷ

1861 4786 2167 4841 actionibus
2204 4786 2423 4854 quidem
2470 4802 2499 4838 a
2546 4784 2769 4838 materia
2815 4780 3050 4849 perfecte
3091 4781 3415 4845 alienantur,

213 4869 689 4936 προσῳκειῶσθαι.
721 4871 832 4935 Διδ,
868 4875 1022 4941 φασὶ,
1049 4877 1145 4927 καὶ
1194 4877 1449 4943 μένουσιν
1484 4878 1763 4944 ἀτρεπτοι,

1862 4875 2319 4944 contemplatione
2359 4888 2490 4927 vero
2520 4881 2576 4925 et
2610 4874 2718 4925 Deo
2750 4871 3044 4925 familiares
3089 4870 3243 4923 ﬁunt.
3290 4872 3419 4923 Pro-

217 4958 301 5026 μὴ
327 4957 536 5026 ἔχοντες
559 4958 639 5012 ἔτι
665 4963 763 5027 τὴν
791 4963 922 5029 πρὸς
941 4963 1039 5029 τὴν
1058 4962 1188 5031 ὓλην
1214 4966 1417 5033 σχέσιν,
1453 4966 1572 5017 καθ’
1599 4967 1665 5035 ἥν
1697 4967 1763 5032 τῇ

1866 4969 2072 5032 pterea,
2104 4963 2376 5039 inquiunt,
2412 4974 2633 5014 manent
2676 4956 3134 5019 inconversibiles,
3168 4974 3276 5011 non
3323 4959 3416 5012 lia-

216 5045 325 5114 ὖλῐ]
356 5048 598 5113 φυσικῶς
630 5049 980 5121 ἀλλοιουμένῃ
1015 5054 1161 5121 παρά
1178 5053 1337 5120 φύσιν
1370 5054 1764 5119 συνεξαλὶοιοῦ-

1867 5053 2060 5107 bentes
2090 5052 2267 5104 adhuc
2297 5051 2363 5103 ad
2404 5051 2679 5103 materiam
2714 5049 3101 5110 habitudinem,
3134 5063 3227 5114 per
3256 5062 3413 5113 quam

217 5130 409 5220 601:".
437 5131 497 5197 ἐξ
515 5134 759 5206 ἀνάγκης
780 5136 1021 5205 πέφυκεν
1038 5139 1066 5188 ὁ
1086 5144 1151 5206 τῇ
1176 5138 1276 5210 ὕλῃ
1298 5143 1437 5194 κατά
1452 5143 1549 5210 τὴν
1584 5142 1764 5207 σχέσιν

1869 5155 1990 5193 cum
2042 5139 2269 5192 materia
2320 5140 2641 5193 naturaliter
2692 5138 2876 5191 mobili
2928 5146 3113 5191 contra
3170 5145 3414 5188 natur-mn

202 5225 649 5301 κεκρατημένος,
672 5228 764 5280 zeal.
795 5228 1055 5297 μεγίστης
1079 5229 1233 5293 εἰδὼς
1264 5232 1470 5284 δεῖσθαι
1488 5231 1764 5297 δυνάμεως

1871 5228 2198 5283 commoveri
2245 5243 2311 5281 ex
2360 5230 2678 5282 necessitate
2724 5226 3001 5280 consuevit
3043 5225 3133 5293 qui
3179 5226 3416 5278 materize

1482 5365 1712 5419 VARUS
1746 5362 2121 5417 LECTIONES

290 5467 363 5545 ⁸⁸.
394 5466 527 5545 ἰξίαν
560 5467 788 5545 ςᾶλῦξιι.
838 5471 883 5503 ⁸³
906 5448 1222 5539 ὁμοκάρδιος
1248 5471 1371 5527 cod.
1398 5447 1539 5529 Gud.
1602 5474 1643 5504 ⁵³
1675 5473 1767 5524 καὶ
1801 5472 1973 5532 ἄλλως
2009 5484 2117 5522 om.
2176 5468 2263 5520 ed.
2302 5467 2417 5520 Gal.
2473 5469 2555 5532 ,δ’
2592 5468 2665 5535 τῷ
2703 5481 2809 5519 om.
2850 5464 2933 5516 ed.
2976 5461 3089 5515 Gal.
3162 5461 3206 5516 ’,⁸
3229 5465 3415 5518 συναλ-

205 5534 494 5589 λοιοῦσθαι
514 5536 600 5590 ed.
633 5537 752 5591 Gal.
834 5550 837 5551 '

1723 5627 1951 5686 NOTAE.
2004 5678 2007 5681 η

280 5716 365 5788 (τι)
395 5715 537 5787 Lege
568 5718 878 5772 ministram.
909 5720 1102 5792 (Gale.)
1938 5718 2007 5789 (v)
2034 5716 2172 5786 Lege
2204 5712 2653 5786 nullum.~(Gale.)
