3966 6340
631 442 771 511 illi)

1796 452 1860 510 s.
1901 447 2189 510 MAXIMI
2226 429 2730 510 CONFESSOBIS

3716 437 3835 503 Illi

628 555 801 613 Deum
840 554 1246 612 multiformiter
1280 555 1585 620 laudarent,
1610 564 1668 610 et
1701 555 1929 609 multum
1967 553 2185 609 sibimet

2299 552 2502 606 πάντων
2532 555 2627 607 καὶ
2660 556 2718 605 ὲν
2748 554 2911 606 πᾶσιν
2939 553 3067 606 ὄντα
3099 569 3157 605 τε
3193 548 3286 603 καὶ
3334 545 3668 616 φαινόμενον
3715 548 3833 601 Θεὸν

627 640 1007 698 admirationis
1041 645 1360 715 colligerent
1392 644 1653 698 virtutem
1687 655 1744 697 et
1773 640 2185 713 gloriﬁeatiouis

627 749 871 788 causam.
897 733 1145 787 Animam
1176 749 1410 803 namque
1440 751 1472 788 a
1502 734 1615 788 Deo
1644 732 2001 802 accipientes,
2026 730 2187 784 intel-

628 823 827 877 lectum
854 832 910 878 et
933 825 1198 878 rationem
1223 833 1279 878 et
1300 839 1524 878 sensum
1546 823 1861 887 habentem,
1884 837 2008 876 cum
2030 821 2188 874 intel-

627 912 819 983 ligibili
854 923 912 968 et
943 914 1085 968 hanc
1118 914 1458 979 sensibilem,
1487 913 1629 969 sicut
1662 922 1718 968 et
1748 914 2035 977 rationem,
2066 926 2187 981 qua:

626 1012 714 1060 est
742 1018 840 1073 per
869 1004 1305 1058 enuntiationem
1339 1021 1464 1059 cum
1496 1020 1561 1058 ea
1592 1020 1713 1073 qua:
1747 1003 2188 1073 inseparabiliter

627 1098 741 1153 est,
782 1099 839 1144 et
888 1090 1226 1144 intellectum
1285 1106 1409 1144 cum
1464 1092 1821 1146 intellectuali
1871 1091 2185 1160 passibilem

632 1179 816 1247 (quem
839 1179 1004 1249 etiam
1027 1180 1369 1249 phantasiam
1391 1191 1591 1235 vocant
1612 1180 1884 1241 animalis,
1908 1195 2006 1248 per
2025 1193 2187 1247 quem

628 1272 688 1319 ct
719 1266 926 1335 reliqua
968 1268 1243 1332 animalia,
1268 1276 1325 1323 et
1357 1283 1416 1323 se
1452 1269 1782 1322 invicemet
1816 1281 1917 1320 nos
1954 1275 2011 1320 et
2042 1266 2190 1320 locos

630 1370 768 1426 quos
800 1372 1161 1427 peragravere
1194 1365 1530 1427 cognoscunt
1560 1358 1735 1420 :circa
1767 1372 1929 1426 quam
1962 1355 2191 1424 phanta-

631 1447 769 1501 siam
816 1463 1038 1503 sensum
1090 1448 1352 1502 constitui
1401 1446 1590 1502 dicunt
1632 1447 1726 1516 qui
1773 1446 1899 1501 talia
1934 1432 2187 1513 sapiunt,

630 1550 898 1606 organum
933 1537 1106 1606 ipsius
1135 1537 1264 1591 dum
1296 1538 1391 1613 sit,
1414 1552 1513 1606 per
1540 1536 1688 1606 quod
1721 1535 1918 1605 recipit
1941 1550 2063 1604 quae
2093 1550 2192 1603 per

632 1641 755 1681 eam
798 1626 1093 1696 imaginata
1137 1622 1735 1698 sunt);opportunum
1776 1641 1897 1681 esse
1942 1624 2192 1678 arbitrati

635 1726 765 1772 sunt
785 1717 979 1771 horum
1005 1719 1348 1789 operationes
1371 1725 1794 1788 consequenter,
1813 1731 1923 1770 non
1951 1709 2190 1776 sibimet,

577 1850 609 1885 _.
635 1805 731 1860 sed
749 1806 972 1875 donanti
987 1807 1121 1874 Deo,
1147 1823 1248 1877 per
1277 1822 1442 1877 quem
1470 1815 1527 1861 et
1547 1823 1615 1862 ex
1641 1821 1752 1876 quo
1782 1806 1898 1859 haec
1926 1810 2073 1868 sunt,
2108 1817 2193 1855 re-

634 1896 881 1952 ferendo.
911 1896 1049 1952 Tres
1081 1897 1229 1951 enim
1263 1897 1587 1951 exsistentes
1617 1896 1953 1951 universales
1979 1894 2189 1958 modos,

634 1992 900 2054 quantum
934 1984 1252 2039 hominibus
1281 1994 1365 2039 est
1393 1984 1677 2054 possibile,
1706 1998 1774 2037 ex
1805 1984 1922 2052 ipsa
1953 1983 2098 2036 circa
2131 1997 2194 2035 ea

634 2091 756 2145 qua:
777 2084 907 2130 sunt
930 2074 1177 2144 diligenti
1202 2074 1648 2130 consideratione
1672 2073 1894 2136 eruditi,
1915 2073 1972 2126 in
1996 2073 2196 2141 quibus
2213 2084 2232 2091 ’

635 2164 782 2219 Deus
808 2165 993 2217 omnia
1019 2162 1152 2218 fecit
1174 2164 1254 2234 (in
1280 2164 1388 2217 hoc
1414 2178 1651 2232 namque
1679 2178 1801 2217 esse
1827 2171 1884 2217 et
1907 2163 2046 2217 bene
2074 2179 2196 2218 esse

635 2261 695 2309 et
733 2267 954 2322 semper
998 2266 1122 2327 esse
1149 2251 1416 2308 Conditor
1459 2267 1561 2307 nos
1600 2253 1925 2323 substituit),
1958 2262 2015 2308 et
2056 2254 2195 2309 duos

635 2345 859 2415 quidem
885 2354 1159 2411 extremos
1183 2362 1215 2401 a
1237 2347 1355 2401 solo
1378 2348 1493 2402 Deo
1514 2349 1733 2403 habitos
1765 2348 1833 2419 (c)
1864 2356 1924 2402 ut
1952 2365 1982 2402 a
2008 2365 2192 2413 causa,

633 2434 806 2489 alium
837 2448 969 2489 vero
1005 2434 1247 2489 medium
1288 2443 1345 2489 et
1380 2443 1568 2490 nostro
1603 2435 2195 2519 pendenter'n’arbitrio

633 2533 695 2579 et
731 2533 911 2587 motu,
940 2531 997 2578 et
1036 2539 1136 2593 per
1174 2526 1458 2593 se-ipsum
1504 2526 1766 2580 extremis
1812 2526 2037 2593 proprie
2086 2526 2193 2580 dici

635 2622 1000 2685 pmstantem,
1023 2622 1080 2667 et
1104 2628 1172 2667 eo
1200 2613 1426 2668 absente
1453 2614 1680 2668 abusive
1707 2614 1789 2667 eis
1816 2614 1982 2667 etiam
2014 2614 2198 2682 appel-

636 2701 770 2756 latio
805 2702 1181 2765 constituitur,
1214 2701 1348 2755 illud
1381 2701 1523 2756 bene
1556 2717 1667 2757 non
1700 2702 2031 2756 habentibus
2061 2719 2194 2757 con-

635 2791 905 2861 iunctum,
935 2806 1046 2845 non
1079 2790 1348 2859 aliterque
1380 2805 1544 2860 posse
1580 2790 1771 2847 adesse
1800 2793 1887 2847 eis
1929 2802 1985 2845 et
2017 2803 2197 2847 custo-

637 2879 746 2934 diri
782 2882 1002 2949 quaa-in
1040 2880 1315 2945 extremis
1344 2889 1429 2935 est
1467 2883 1778 2948 veritatem,
1811 2900 1973 2953 quam
2019 2884 2197 2939 facere

639 2971 932 3045 consuevit
952 2970 1006 3025 id
1033 2970 1180 3041 quod
1206 2980 1292 3026 est
1318 2973 1458 3028 bene
1484 2988 1604 3029 esse
1625 2990 1729 3044 per
1750 2975 1989 3028 medium
2014 2984 2198 3029 extre-

640 3061 747 3116 mis
788 3060 1113 3126 admistum,
1159 3077 1323 3132 quam
1372 3078 1441 3118 ex
1489 3063 1610 3134 ipso
1654 3063 1721 3117 ad
1768 3064 1938 3118 Deum
1983 3078 2199 3132 semper

2260 1782 2263 1783 ν
2292 1726 2513 1786 εἰκότως
2541 1724 2641 1792 οὐχ
2666 1719 3056 1783 ἐαυτοϊς,ἀλλὰ
3079 1718 3156 1787 τῷ
3182 1715 3435 1769 δεδωκότι
3474 1712 3614 1783 Θεῷ,
3665 1713 3731 1766 δι’
3788 1714 3843 1766 ὃν

2285 643 2633 712 πολυτρόπως
2679 644 2964 712 ὑμνήσωσι
2993 643 3089 696 καὶ
3116 641 3316 707 πολλὴν
3345 639 3562 699 ἑαυτοῖς
3595 639 3831 703 συναγεί-

2286 747 2420 802 ρωσι
2451 730 2726 798 θαύματος
2750 731 3002 800 [δύναμιν
3052 730 3146 782 καὶ
3201 725 3515 793 δοξολογίας
3563 725 3828 777 ὑπόθεσιν.

2284 819 2477 891 Ψυχὴν
2498 820 2604 889 γὰρ
2631 818 2911 888 εἰληφότες
2937 821 3089 889 παρὰ
3123 816 3260 870 Θεοῦ
3289 815 3412 869 νοῦν
3444 814 3541 868 καὶ
3559 815 3713 880 λόγον
3746 816 3832 866 καὶ

2286 911 2535 976 αἴσθησιν
2579 911 2810 979 ἔχουσαν
2848 911 2984 978 πρὸς
3032 911 3098 977 τῇ
3149 908 3325 981 νοητῇί
3359 903 3455 957 καὶ⁵
3502 902 3706 969 ταύτην
3743 904 3832 970 τὴν

2286 1000 2567 1071 αἰσθητὴν,
2603 1000 2793 1069 ὥσπερ
2825 1001 2919 1052 καὶ
2948 999 3103 1065 λόγον
3154 996 3292 1065 πρὸς
3316 993 3393 1064 τῷ
3422 990 3709 1060 ὲνδιαθέτῳ
3752 992 3833 1043 τὸν

2288 1094 2428 1145 κατὰ
2454 1092 2734 1162 προφορὰν
2762 1091 2857 1142 καὶ
2884 1088 3009 1141 νοῦν
3054 1087 3189 1154 πρὸς
3217 1084 3295 1155 τῷ
3323 1083 3500 1153 νοητῷ
3530 1082 3623 1135 τὸν
3671 1082 3836 1149 παθη-

2285 1182 2438 1235 τικὸν
2463 1182 2542 1249 (ὃν
2574 1181 2667 1233 καὶ
2694 1179 2995 1249 φαντασίαν
3028 1175 3250 1260 καλοῦσι
3294 1173 3389 1231 τοῦ
3421 1172 3586 1236 ζώου,
3619 1171 3737 1223 καθ’
3781 1171 3837 1222 ὃν

2288 1275 2381 1327 καὶ
2427 1274 2496 1327 τὰ
2522 1273 2684 1327 λοιπὰ
2730 1272 2847 1335 ζῶα
2880 1271 2975 1324 καὶ
3004 1269 3209 1338 ἄλληλα
3245 1270 3339 1320 καὶ
3371 1266 3517 1336 ἡμᾶς
3573 1264 3667 1315 καὶ
3716 1264 3837 1324 τοὺς

2286 1365 2484 1427 τόπους
2513 1363 2606 1426 οὒς
2629 1362 2923 1415 διώδευσαν
2953 1358 3393 1427 ἐπιγινώσκωσι,
3444 1353 3575 1423 περὶ
3621 1354 3687 1423 ἣν
3728 1369 3840 1405 συν-

2293 1457 2541 1510 ίστασθαι
2571 1456 2667 1525 τὴν
2700 1454 2951 1517 αἴσθησίν
2973 1467 3137 1519 φασιν
3178 1450 3230 1502 οἱ
3284 1447 3437 1515 σοφοὶ
3478 1447 3550 1499 τὰ
3602 1446 3840 1507 τοιαῦτα.

2288 1546 2519 1615 ὄργανον
2546 1543 2715 1611 αὐτῆς
2737 1538 2905 1595 οὖσαν
2946 1538 3339 1608 ἀντιληπτικὺν
3367 1536 3476 1588 τῶν
3527 1536 3665 1604 αὐτῇ
3712 1552 3841 1601 eav-

2290 1634 2641 1700 τασθέντων),
2691 1633 2800 1684 δεῖν
2851 1629 3111 1698 ᾠήθησαν
3150 1627 3358 1680 τούτων
3402 1624 3502 1685 τὰς
3543 1626 3837 1693 ἐνεργείας,

2548 1774 2641 1864 ob“
2669 1774 3287 1877 ndvra,'1tpoce~aé.yxat.
3342 1806 3505 1873 Τρεῖς
3546 1774 3654 1872 γὰρ
3694 1774 3880 1875 linea

2296 1902 2616 1962 καθολικοὺς
2647 1898 2898 1970 τρόπους,
2944 1896 3019 1959 ὠς
3064 1894 3372 1963 ἀνθρώποις
3416 1894 3566 1945 ἐστὶν
3611 1892 3839 1961 ἐφικτὸν,

2294 1995 2359 2046 ὲκ
2386 1992 2487 2062 τῆς
2527 1991 2655 2061 περὶ
2679 1989 2747 2042 τὰ
2789 1989 2917 2041 ὄντα
2945 1984 3207 2057 ἀκριϐοῦς
3232 1985 3617 2051 κατα-νοήσεως
3637 1984 3844 2037 παιδευ-

2295 2082 2498 2145 θέντες,
2538 2080 2621 2149 ὲφ’
2652 2075 2733 2141 οἷς
2773 2078 2830 2131 ⁸0
2857 2077 2988 2139 Θεὸς
3017 2075 3086 2128 τὰ
3120 2075 3297 2128 πάντα
3333 2073 3636 2144 πεποίηκεν
3678 2073 3781 2142 (ἐφ’
3803 2065 3843 2141 ᾧ

2292 2188 2352 2225 τε
2399 2172 2508 2241 γὰρ
2540 2167 2700 2235 εἶναι,
2746 2169 2839 2221 καὶ
2867 2160 2928 2220 si)
2972 2162 3134 2233 εἶναι,
3160 2167 3254 2220 καὶ
3275 2167 3364 2221 ἀεὶ
3394 2160 3558 2231 εἶναι,
3586 2165 3764 2237 (ιω
3790 2165 3841 2235 ι)

2292 2261 2558 2323 οὖσιὼσας
2580 2261 2726 2329 ἡμᾶς
2742 2259 3125 2329 ὑπεστήσατο),
3149 2258 3389 2320 καὶτοὺς
3410 2258 3509 2327 μὲν
3536 2256 3630 2309 δύο
3655 2258 3843 2328 ἄκρως

2293 2351 2472 2412 δντας,
2496 2349 2592 2402 καὶ
2621 2348 2784 2418 μόνου
2812 2349 2951 2401 Θεοῦ
2980 2349 3296 2418 ἐχομένους,
3326 2346 3404 2409 ὡς
3444 2347 3643 2410 αἰτίου,
3676 2346 3765 2399 τὸν
3792 2344 3845 2398 δὲ

2294 2440 2481 2509 ἓτερον
2505 2438 2688 2509 μέσον,
2707 2432 2823 2493 ’καὶ
2847 2439 2952 2507 τῆς
2981 2438 3259 2509 ἡμετέρας
3284 2437 3593 2507 ἠρτημένον
3629 2437 3840 2508 γνώμης

2294 2545 2352 2581 τε
2379 2530 2474 2581 καὶ
2500 2529 2787 2598 κινήσεως,
2826 2530 2919 2582 καὶ
2939 2529 3009 2582 δι’
3059 2527 3255 2581 ἑαυτοῦ
3288 2529 3401 2590 τοῖς
3439 2527 3631 2599 ἄκροις
3664 2529 3727 2580 τὸ
3753 2544 3843 2580 κυ-

2298 2618 2428 2688 ρίως
2450 2617 2703 2686 λέγεσθαι
2723 2618 3056 2689 παρέχοντα,
3080 2616 3177 2669 καὶ
3197 2609 3261 2669 οῦ
3292 2617 3367 2686 μὴ
3398 2616 3664 2686 παρόντος
3688 2615 3843 2685 ἄχρη-

2299 2725 2424 2772 στος
2454 2709 2637 2771 αὐτοῖς
2667 2712 2701 2779 ἠ
2730 2709 3072 2779 προσηγορία
3104 2706 3448 2771 καθίσταται,
3471 2706 3535 2759 τδ
3563 2701 3623 2759 εὖ
3652 2720 3843 2773 συνημ-

2299 2799 2460 2867 μένον
2490 2797 2590 2850 οὐκ
2619 2796 2856 2865 ἔχουσιν,
2888 2796 2989 2849 οὐκ
3018 2794 3195 2858 ἄλλως
3226 2794 3482 2849 δύνασθαι
3504 2795 3599 2847 καὶ
3619 2809 3840 2862 προσγε-

2295 2876 2485 2941 νέσθαι
2510 2887 2696 2949 αὐτοῖς
2728 2888 2824 2938 καὶ
2874 2884 3217 2954 φυλαχθῆναι
3261 2885 3361 2957 τὴν
3406 2886 3467 2938 ὲν
3506 2885 3619 2946 τοῖς
3664 2885 3844 2953 ἄκροις

2296 2974 2574 3043 ἀλήθειαν,
2634 2974 2702 3045 ἣν
2751 2976 2926 3027 ποιεῖν
2978 2974 3190 3043 πέφυκε
3239 2974 3302 3027 τὸ
3358 2968 3417 3026 εὖ
3449 2967 3591 3026 εἶναι
3629 2973 3844 3026 κατὰτὸ

2301 3063 2466 3133 μέσον
2494 3066 2607 3127 τοῖς
2630 3063 2823 3135 ἄκροις
2872 3065 3322 3135 ὲπικιρνώμενον,
3359 3062 3395 3133 ἦ
3444 3065 3514 3133 τῇ
3555 3061 3691 3131 πρὸς
3723 3062 3845 3116 Θεὸν
3928 3052 3935 3059 “

641 3162 792 3207 motu
842 3152 1264 3220 intellexerunt;
1313 3162 1371 3208 et
1410 3154 1949 3223 deinceps'naturali
1989 3154 2199 3208 ratione

2299 3155 2611 3224 ἁεικινησία
2655 3154 3006 3225 διενοήθησαν
3032 3169 3047 3183 ⁶
3096 3155 3194 3208 καὶ
3219 3153 3402 3206 λοιπὸν
3426 3151 3508 3223 τῷ
3528 3152 3667 3206 κατὰ
3697 3152 3846 3233 φύσιν
3867 3188 3870 3190 ~

641 3244 769 3299 hinc
800 3245 1285 3314 contemplativum
1320 3246 1519 3299 anima:
1550 3242 1930 3308 extendentes,
1955 3253 2010 3299 et
2040 3243 2203 3299 modo

642 3331 880 3401 quodam
916 3348 1027 3384 non
1061 3340 1318 3399 oportere
1352 3330 1797 3385 conversibiliter
1825 3332 1906 3386 uti
1939 3334 2204 3387 naturali;

644 3420 748 3473 bus
779 3420 1224 3497 operationibus,
1256 3428 1484 3490 propter
1516 3431 1867 3490 superantem
1896 3425 2204 3480 necessario

645 3510 1074 3578 corruptionem,
1098 3525 1165 3563 eo
1198 3510 1487 3581 modolqui
1517 3520 1603 3567 est
1630 3526 1731 3581 per
1758 3513 2078 3570 abusionem
2112 3531 2207 3570 na-

649 3599 918 3653 turalibus
948 3600 1230 3667 potentiis,
1256 3600 1372 3671 ipsa
1402 3616 1515 3656 non
1542 3610 1734 3658 utente
1760 3604 1994 3670 ratione,
2018 3615 2207 3675 aperte

647 3688 953 3754 audientes,
981 3705 1046 3744 ac
1073 3691 1233 3759 plane
1262 3706 1363 3760 per
1387 3691 1673 3748 decentem
1702 3702 1912 3750 natura:
1940 3699 2206 3749 rationem

596 3797 598 3799 ν
646 3778 717 3831 ad
746 3778 919 3847 ipsius
947 3794 1166 3834 causam
1196 3778 1329 3834 ferri
1359 3779 1705 3848 didicerunt;
1739 3792 1801 3839 ut
1825 3784 1972 3838 unde
1999 3786 2207 3853 simpli-

648 3868 789 3921 citer
808 3868 890 3922 eis
914 3877 999 3922 est
1020 3883 1163 3933 esse,
1179 3876 1236 3923 et
1260 3884 1560 3936 vere-esse,
1581 3872 1911 3941 quandoque
1935 3873 2205 3942 adjectum

653 3958 942 4024 accipiant.
963 3958 1104 4023 Quid
1127 3959 1273 4027 enim
1299 3959 1550 4016 fortassis
1569 3961 1709 4016 lucri
1732 3963 1860 4027 erit,
1892 3962 1959 4017 ad
1983 3978 2041 4017 se
2066 3964 2213 4032 ipsos

654 4061 809 4113 aeque
832 4048 1223 4130 ratiocinantes
1241 4051 1520 4117 dicebant,
1540 4068 1650 4108 non
1673 4068 1705 4107 a
1727 4054 2213 4124 seipse-exsistenti

655 4138 863 4189 causali
896 4139 963 4190 ad
997 4155 1055 4193 se
1078 4142 1285 4209 ipsum,
1310 4136 1405 4197 aut
1432 4144 1581 4199 aliud
1604 4145 1759 4214 quid,
1786 4156 1986 4215 praeter
2016 4148 2208 4211 Deum,

657 4232 833 4286 moto.
865 4226 1082 4293 quando
1110 4228 1165 4279 in
1190 4232 1457 4285 rationem
1489 4232 1663 4301 ipsius
1683 4248 1805 4289 esse
1829 4235 1965 4288 nihil
1992 4235 2213 4288 sibimet

654 4332 684 4369 a
716 4317 897 4390 seipsp
930 4326 1025 4370 aut
1086 4318 1155 4372 ab
1189 4319 1296 4373 alio
1327 4322 1561 4388 quodam
1595 4333 1791 4391 praeter
1820 4326 1990 4381 Deum
2021 4325 2211 4394 aequi.

656 4422 778 4461 rere
809 4408 1049 4476 poterit?
1071 4409 1174 4463 Per
1202 4410 1307 4464 hoc
1328 4410 1572 4464 animum
1602 4413 1823 4481 quidem
1851 4417 1999 4470 circa
2034 4416 2208 4469 solum

2300 3245 2550 3299 ἐντεῦθεν
2571 3245 2630 3298 τὸ
2650 3246 2873 3299 όπτικὸν
2897 3247 2995 3315 τῆς
3016 3233 3678 3315 ψυχῆςνσυνεπιτείναντες
3693 3228 3845 3313 λόγῳ,

2302 3334 2397 3387 καὶ
2416 3334 2616 3405 τρόπον
2631 3334 2760 3419 ἰτινὰ
2800 3336 2875 3405 μὴ
2902 3336 3012 3389 δεῖν
3040 3332 3415 3402 ἀντιστρόφως
3462 3333 3699 3404 χρῆσθαι
3737 3336 3846 3396 ταῖς

2302 3427 2559 3491 φυσικαῖς
2587 3424 2911 3495 ἐνεργείαις,
2932 3426 3021 3477 διὰ
3050 3422 3149 3493 τὴν
3190 3420 3250 3488 ἐξ
3287 3423 3536 3492 ἀνάγκης
3562 3423 3846 3492 ἑπισημαί-

2303 3530 2498 3566 νουσαν
2517 3515 2639 3577 ταῖς
2670 3515 2927 3581 φυσικαῖς
2956 3512 3252 3577 δυνάμεσιν
3282 3513 3347 3565 ὲκ
3370 3514 3467 3566 τοῦ
3506 3512 3645 3567 κατὰ
3678 3513 3842 3580 παρά-

2303 3619 2499 3673 χρησιν
2547 3604 2751 3673 τρόπου
2796 3601 3022 3671 φθορὰν,
3081 3600 3247 3655 αὐτοῦ
3296 3601 3536 3671 ’βοῶντος
3576 3601 3669 3655 τοῦ
3701 3601 3845 3672 λόγου

2302 3692 2599 3764 διαρρήδην
2616 3693 2970 3754 ἀκούσαντες,
3020 3690 3238 3760 ὁμαλῶς
3265 3694 3408 3747 κατὰ
3450 3693 3545 3745 τὸν
3584 3694 3845 3762 πρέποντα

2306 3783 2463 3848 λόγον
2512 3783 2611 3852 τῆς
2642 3782 2856 3850 φύσεως
2911 3780 3049 3853 πρὸς
3082 3781 3175 3835 τδν
3204 3783 3378 3852 αὐτῆς
3402 3784 3573 3836 αῐτιον
3602 3785 3844 3853 φέρεσθαι

2307 3870 2683 3941 ἐδιδάχθησαν,
2717 3872 2785 3924 ἵν’
2815 3870 2939 3925 ὅθεν
2982 3871 3167 3935 ἅπλῶς
3208 3874 3392 3936 αὐτοῖς
3434 3874 3553 3926 ἐστι
3595 3874 3657 3925 τὸ
3699 3870 3841 3934 εἶναι,

2306 3961 2401 4014 καὶ
2437 3961 2497 4013 τὸ
2521 3960 2690 4023 ὅντως
2715 3956 2854 4015 εἷναί
2884 3978 3017 4015 ποτε
3043 3964 3341 4031 προστεθὲν
3371 3955 3750 4027 ὑποδέξωνται.
3787 3964 3843 4017 Τί

2308 4052 2415 4120 γὰρ
2446 4051 2510 4104 ἂν
2538 4051 2629 4104 καὶ
2658 4052 2811 4107 ἔσται
2832 4052 2911 4123 τῷ
2936 4053 3009 4124 μὴ
3032 4052 3228 4107 ἑαυτοῦ
3257 4051 3401 4105 κατὰ
3435 4051 3495 4103 τὸ
3520 4047 3657 4104 εἶναι
3705 4054 3844 4121 αἰτίῳ

2306 4143 2447 4211 πρὸς
2494 4142 2725 4205 ἑαυτοὺς
2775 4143 2904 4206 ἴσως
2936 4143 3283 4213 λογισάμενοι
3309 4136 3483 4205 εἷπον,
3516 4141 3651 4211 πρὸς
3673 4144 3844 4196 ἑαυτὸν

2310 4231 2506 4303 amo
2548 4250 2603 4285 τι
2656 4233 2805 4303 παρὰ
2856 4234 2950 4285 τὸν
3004 4232 3138 4286 Θεὸν
3184 4231 3495 4300 κινουμένῳ
3538 4230 3599 4283 τὺ
3652 4232 3840 4302 κέρδος,

2311 4323 2470 4389 ὁπότε
2504 4324 2583 4385 είς
2601 4323 2692 4375 τὸν
2721 4322 2815 4383 τοῦ
2841 4312 2979 4375 εἶναι
3008 4321 3164 4389 λόγον
3184 4319 3337 4373 οὐδὲν
3381 4319 3563 4388 ἑαυτῷ
3612 4320 3702 4389 ἀφ’
3741 4320 3845 4373 ἑαυ-

2312 4388 2430 4477 τοῦ,
2462 4413 2495 4481 ἢ
2519 4412 2679 4465 ἄλλου
2703 4411 2846 4474 τινὸς
2868 4410 3020 4481 παρὰ
3050 4406 3143 4462 τὸν
3170 4408 3302 4479 Θεδν
3334 4388 3688 4478 περιποιῆσαι
3706 4408 3843 4476 δυνή-

656 4496 826 4551 Deum
858 4506 915 4553 et
946 4500 1179 4555 virtutes
1209 4501 1330 4569 ejus
1364 4501 1614 4571 intelligi,
1646 4511 1703 4557 et
1733 4504 1993 4559 inell'abili
2027 4506 2202 4575 gloria

2315 4516 2498 4563 σεται;
2538 4500 2635 4552 Διά
2679 4498 2837 4552 τοῦτο
2863 4497 2956 4577 τὸν
2994 4497 3094 4567 μὲν
3120 4494 3243 4561 νοῦν
3265 4494 3394 4564 περὶ
3422 4495 3585 4564 μόνου
3604 4493 3735 4548 Θεοῦ
3765 4494 3844 4546 καὶ

658 4588 1016 4644 beatitudinis
1039 4591 1158 4660 ejus
1182 4590 1385 4652 addici,
1407 4590 1676 4645 rationem
1698 4608 1832 4646 vero
1856 4594 2213 4661 interpretem

659 4679 1081 4747 intelligibilium
1111 4679 1227 4735 ﬁeri
1246 4690 1302 4735 et
1323 4681 1700 4745 laudatricem,
1724 4688 1786 4735 et
1804 4682 1870 4735 ad
1900 4699 1962 4735 ea
1991 4682 2219 4737 unilicus

660 4777 808 4821 recte
843 4768 1123 4835 disputare
1155 4771 1374 4835 modos,
1407 4786 1629 4825 sensum
1659 4774 1790 4823 vero
1822 4786 1920 4838 per
1952 4773 2214 4825 rationem

661 4856 1007 4934 nobilitatum
1051 4857 1206 4933 ipsas
1238 4860 1293 4911 in
1334 4860 1592 4934 universo
1634 4859 1953 4914 dilfereutes
1988 4861 2221 4916 virtutes

659 4956 716 5002 et
737 4908 1087 5048 oper‘ittioues
1114 4924 1516 5017 imaginautcm,
1542 4951 1596 5004 in
1624 4950 1711 5006 his
1733 4966 1855 5020 quae
1880 4954 2025 5013 sunt,
2052 4967 2221 5018 quau-

665 5048 777 5091 ltllll
817 5036 1079 5106 possibile
1117 5046 1230 5099 est,
1263 5039 1457 5093 animm
1497 5042 1838 5097 annuntiare’
1861 5042 2097 5094 rationes
2127 5042 2219 5093 du-

611 5157 616 5161 -
663 5134 852 5182 centes
875 5126 972 5197 (ιι),
997 5135 1055 5181 et
1084 5141 1181 5195 per
1214 5127 1453 5181 animum
1474 5133 1809 5185 etrationem
1838 5132 2003 5184 veluti
2041 5132 2217 5183 nmini

665 5221 942 5290 sapienter
980 5220 1217 5272 animam
1258 5218 1647 5287 gubcmantes,
1680 5222 1945 5285 lubricam
1989 5222 2127 5275 hanc
2165 5230 2221 5274 et

667 5310 974 5365 instabilem
1012 5317 1070 5363 et
1104 5311 1159 5363 in
1199 5309 1347 5363 aliud
1384 5310 1543 5364 aliter
1578 5312 1861 5375 ferentem,
1897 5322 1952 5365 et
1995 5329 2261 5371 sensum“

665 5401 957 5470 agitaan
1001 5398 1127 5454 vitae
1167 5399 1341 5477 \fiam,
1373 5399 1533 5453 siccis
1576 5401 2007 5468 pertransierunt
2050 5401 2218 5455 vesti-

666 5506 791 5559 gus.

2312 4591 2423 4643 τῶν
2480 4589 2645 4643 αὑτοῦ
2706 4576 2947 4661 ἀρετῶν
2981 4586 3339 4648 διανοεῖσθαι,
3385 4586 3481 4639 καὶ
3527 4587 3593 4654 τῇ
3646 4584 3843 4655 ἀρρήτφ

2312 4677 2437 4748 δόξῃ
2464 4678 2562 4746 τῆς
2590 4677 2756 4732 αὐτοῦ
2789 4677 3209 4749 μακαριότητος,
3258 4673 3443 4745 (ιω
3481 4672 3533 4740 ι)
3575 4673 3843 4741 ἀγνώστως

2323 4768 2658 4832 ἐπιϐάλλειν,
2692 4769 2784 4821 τὸν
2809 4768 2866 4822 δὲ
2893 4767 3050 4834 λόγον
3071 4763 3412 4838 ἑρμηνευτήν
3431 4760 3541 4814 τῶν
3570 4762 3842 4830 νοηθέντων

2314 4857 2558 4923 γίνεσθαι
2584 4858 2681 4910 καὶ
2703 4858 2732 4909 ὑ
2742 4856 2981 4927 μνῳδὸνμ
2994 4857 3088 4909 καὶ
3126 4855 3253 4916 τοὺς
3282 4851 3419 4921 πρὸς
3437 4851 3574 4905 αὐτὰ
3596 4849 3842 4907 emi;

2311 4946 2488 5015 ὀρθῶς
2525 4944 2867 5012 διαλέγεσθαι
2916 4946 3172 5017 τρόπους.
3222 4942 3325 5014 τὴν.
3367 4940 3425 4994 δὲ
3454 4941 3699 5012 αἴσθησιν
3724 4940 3839 4993 κατᾶ

2314 5038 2466 5103 λόγον
2515 5024 2919 5102 εὐγενισθεῖσαν
2972 5037 3071 5099 τὰς
3120 5036 3182 5088 ιν
3229 5032 3307 5101 τῷ
3351 5030 3517 5085 παντὶ
3581 5031 3841 5100 διαφόρους

2313 5127 2569 5195 δυνάμεις
2598 5140 2656 5177 τε
2703 5128 2797 5178 καὶ
2839 5126 3118 5196 ἐνεργείας
3157 5119 3629 5192 φαντασιουμὲνην
3658 5121 3771 5181 τοὺς
3793 5118 3840 5169 ἐν

2314 5221 2423 5278 τοῖς
2451 5215 2598 5269 οῦσιν
2628 5216 2702 5279 ὡς
2746 5217 2968 5283 ἐφικτὸν
2999 5218 3065 5287 τῇ
3100 5214 3245 5283 ψυχῇ
3290 5208 3629 5278 διαγγέλλειν
3680 5208 3840 5275 λόγους

2317 5300 2638 5371 διδάξαντες,
2670 5308 2762 5360 καὶ
2788 5307 2877 5360 διὰ
2907 5307 2999 5361 τοῦ
3042 5305 3132 5360 νοῦ
3178 5301 3270 5355 καὶ
3321 5299 3416 5353 τοῦ
3463 5298 3645 5367 λόγου,
3683 5298 3842 5359 ὅπερ

2322 5398 2474 5462 ναῦν,
2500 5399 2597 5466 τὴν
2624 5397 2799 5467 ψυχὴν
2830 5397 3009 5464 σοφῶς
3035 5394 3396 5455 οἰακίσαντες,
3422 5389 3523 5461 τὴν
3548 5390 3719 5460 ὑγρᾶν
3734 5378 3840 5438 ταῦ·

2324 5507 2423 5558 την
2469 5489 2562 5539 xai.
2598 5488 2826 5541 ἄστατον
2863 5488 2960 5540 καὶ
2996 5486 3185 5541 ἄλλοτε
3214 5480 3387 5544 ἄλλως
3436 5478 3738 5553 φερόμην
3766 5467 3841 5524 αὶ

669 5581 768 5651 τὴν
794 5581 1045 5652 αἴσθησιν
1069 5581 1461 5647 ὲπικλύζουσαν
1497 5581 1591 5633 τοῦ
1627 5581 1740 5651 βίου
1772 5581 2024 5635 κέλευθον
2056 5582 2303 5651 ἀϐρόχοις
2335 5578 2621 5632 διώδευσαν
2652 5578 2874 5647 ἴχνεσιν.

2148 5690 2373 5749 NOTAE.

676 5774 680 5780 ·
746 5760 816 5830 ιι)
840 5742 1015 5827 γοέιε
1026 5764 1322 5834 pendentes.
1346 5761 1539 5835 (Galc.)

2400 5759 2475 5831 (τί)
2502 5758 2712 5815 Mallem
2741 5758 2943 5811 docent.
2969 5752 3164 5827 (Gale.)
