3966 6340
633 440 772 509 ιιιδ

1798 448 1861 506 s.
1902 444 2189 506 MAXIMI
2228 424 2731 506 CONFESSOBIS

3719 433 3831 500 1116

628 553 803 610 Deum
841 551 1248 610 multiformiter
1281 552 1586 616 laudarent,
1612 561 1670 607 et
1702 552 1931 606 multum
1968 550 2187 606 sibimet

2302 549 2503 602 πάντων
2534 552 2629 603 καὶ
2662 553 2719 601 ὲν
2750 550 2912 602 πᾶσιν
2940 549 3068 603 ὄντα
3100 565 3158 601 τε
3195 544 3287 599 καὶ
3334 542 3672 613 φαινόμενον
3718 544 3829 597 Θείαν

628 638 1008 695 admirationis
1042 642 1361 712 colligerent
1393 640 1654 695 virtutem
1689 650 1745 694 et
1774 637 2186 710 gloriﬁcationis

628 746 872 786 causam.
899 731 1147 785 Animam
1176 746 1411 800 namque
1442 748 1473 785 a
1505 731 1617 785 Deo
1646 729 2003 798 accipientes,
2027 727 2190 781 intel-

629 820 829 875 lectum
855 829 911 874 et
934 823 1198 875 rationem
1224 830 1280 875 et
1302 836 1525 875 sensum
1548 812 1863 883 habentem,
1886 834 2011 873 cum
2032 818 2189 871 intel-

629 909 821 980 ligibili
856 920 913 965 et
944 911 1087 965 hanc
1118 912 1459 976 scnsibilem,
1488 910 1630 965 sicut
1663 918 1720 965 et
1750 911 2036 973 rationem,
2067 923 2189 978 qua:

628 1009 715 1058 est
742 1016 841 1069 per
870 1001 1305 1055 enuntiationem
1341 1017 1465 1055 cum
1497 1017 1562 1055 ea
1593 1017 1715 1070 quae
1748 1000 2190 1069 inseparabiliter

629 1094 743 1150 est,
784 1096 840 1141 et
890 1087 1228 1141 intellectum
1286 1104 1411 1142 cum
1466 1088 1823 1143 intellectuali
1872 1088 2187 1157 passibilem

633 1176 817 1244 (quem
840 1176 1005 1230 etiam
1028 1177 1370 1245 phantasiam
1393 1188 1593 1233 vocant
1614 1177 1885 1239 animalis,
1909 1192 2007 1245 per
2027 1191 2190 1244 quem

630 1268 690 1316 ct
720 1263 927 1332 reliqua
969 1264 1245 1329 animalia,
1270 1273 1327 1319 et
1358 1280 1418 1320 se
1454 1266 1783 1319 invicemret
1818 1278 1918 1317 nos
1956 1272 2012 1317 et
2044 1263 2191 1317 locos

631 1367 770 1423 quos
802 1369 1162 1423 peragravere
1196 1362 1531 1424 cognoscunt
1561 1354 1736 1418 ;circa
1768 1368 1930 1423 quam
1963 1352 2193 1421 phanta-

632 1444 770 1498 siam
818 1460 1040 1499 sensum
1092 1444 1353 1498 constitui
1402 1444 1591 1499 dicunt
1633 1444 1728 1513 qui
1772 1443 1900 1498 talia
1935 1430 2189 1510 sapiunt.

632 1547 900 1603 organum
934 1521 1107 1603 ipsius
1137 1533 1265 1589 dum
1297 1534 1393 1609 sit,
1415 1550 1515 1604 per
1542 1533 1689 1603 quod
1724 1532 1919 1601 recipit
1943 1546 2064 1601 qua:
2095 1547 2193 1599 per

634 1637 757 1678 eam
798 1623 1095 1693 imaginata
1138 1619 1737 1695 sunt);0pportunum
1778 1638 1898 1678 esse
1943 1621 2193 1675 arbitrati

637 1722 767 1768 sunt
786 1713 980 1769 horum
1006 1715 1350 1785 operationes
1372 1722 1796 1784 consequenter,
1815 1728 1925 1767 non
1953 1708 2191 1773 sibimet,

580 1846 611 1882 ’ν
637 1802 733 1856 sed
751 1802 974 1871 donanti
989 1804 1122 1869 Deo,
1149 1819 1250 1873 per
1279 1819 1443 1877 quem
1472 1811 1528 1858 et
1549 1820 1618 1859 ex
1643 1818 1754 1873 quo
1783 1803 1900 1857 haec
1928 1807 2075 1864 sunt,
2109 1814 2194 1851 re-

636 1893 882 1949 ferendo.
912 1893 1051 1948 Tres
1083 1895 1231 1948 enim
1265 1894 1589 1949 exsistentes
1619 1893 1955 1948 universales
1981 1891 2190 1954 modos,

636 1989 902 2051 quantum
936 1981 1254 2037 hominibus
1283 1992 1367 2036 est
1394 1981 1678 2051 possibile,
1708 1996 1775 2034 ex
1806 1980 1924 2048 ipsa
1955 1979 2100 2033 circa
2132 1993 2195 2032 ea

636 2088 758 2142 qua:
779 2080 909 2127 sunt
932 2071 1179 2141 diligenti
1204 2071 1650 2126 consideratione
1674 2069 1896 2133 eruditi,
1917 2070 1973 2123 in
1997 2070 2198 2137 quibus
2215 2081 2235 2088 ’

638 2161 784 2217 Deus
810 2161 995 2215 omnia
1022 2159 1154 2215 fecit
1176 2161 1257 2231 (in
1282 2161 1390 2214 hoc
1417 2175 1653 2229 namque
1681 2174 1802 2214 esse
1829 2168 1885 2214 et
1909 2159 2047 2214 bene
2076 2176 2197 2215 esse

637 2257 696 2306 et
735 2264 956 2320 semper
1000 2263 1125 2323 esse
1151 2248 1419 2304 Conditor
1461 2264 1563 2304 nos
1602 2250 1926 2319 substituit),
1960 2258 2017 2305 et
2058 2251 2196 2306 duos

636 2343 862 2413 quidem
887 2352 1161 2409 extremos
1185 2359 1217 2398 a
1239 2344 1356 2398 solo
1380 2344 1495 2399 Deo
1517 2345 1735 2400 habitos
1766 2345 1835 2415 (c)
1866 2354 1927 2399 ut
1954 2361 1984 2399 a
2010 2361 2194 2409 causa,

636 2431 808 2485 alium
840 2445 971 2486 vero
1007 2430 1249 2486 medium
1290 2440 1348 2486 et
1382 2440 1569 2487 nostro
1605 2432 2197 2515 pendenter'n'arbitrio

635 2530 696 2576 et
734 2530 913 2585 motu,
942 2527 1000 2575 et
1039 2536 1138 2591 per
1176 2523 1460 2591 se-ipsum
1505 2523 1768 2577 extremis
1814 2523 2039 2590 proprie
2088 2522 2195 2576 dici

637 2619 1002 2681 praestantem,
1025 2618 1083 2663 et
1106 2624 1174 2665 eo
1201 2610 1428 2664 absente
1455 2611 1682 2664 abusive
1710 2611 1790 2664 eis
1818 2611 1984 2664 etiam
2016 2611 2199 2679 appel-

638 2698 772 2754 latio
807 2699 1182 2763 constituitur,
1216 2698 1350 2752 illud
1383 2698 1525 2753 bene
1558 2714 1670 2753 non
1702 2698 2032 2753 habentibus
2063 2716 2197 2753 con-

637 2788 907 2859 iunctum,
937 2803 1048 2842 non
1080 2787 1350 2856 aliterque
1381 2802 1546 2857 posse
1582 2787 1773 2843 adesse
1802 2790 1889 2844 eis
1931 2800 1987 2843 et
2018 2800 2199 2844 custo-

639 2877 748 2932 diri
784 2878 1004 2946 quaa-in
1042 2877 1304 2932 extremis
1345 2885 1431 2933 est
1469 2880 1780 2945 veritatem,
1813 2896 1975 2950 quam
2021 2881 2198 2936 facere

641 2968 934 3043 consuevit
954 2967 1008 3022 id
1035 2967 1182 3038 quod
1208 2976 1295 3024 est
1320 2969 1460 3025 bene
1487 2986 1606 3026 esse
1628 2987 1731 3041 per
1752 2972 1990 3026 medium
2016 2981 2200 3027 extre-

616 3058 749 3129 ‘mis
791 3057 1115 3124 admistum,
1161 3074 1326 3129 quam
1375 3075 1442 3114 ex
1491 3061 1613 3130 ipso
1656 3060 1723 3114 ad
1770 3060 1941 3115 Deum
1985 3075 2201 3129 semper

2286 640 2634 708 πολυτρόπως
2680 640 2965 708 ὑμνήσωσι
2995 639 3089 692 καὶ
3118 637 3317 704 πολλὴν
3345 635 3563 696 ἑαυτοῖς
3600 635 3827 699 συναγεί-

2288 744 2421 798 ρωσι
2453 726 2727 795 θαύματος
2752 726 3003 797 ιδύναμιν
3054 726 3148 779 καὶ
3202 722 3513 789 δοξολογίας
3564 721 3825 772 ὑπόθεσιν.

2285 815 2478 887 Ψυχὴν
2500 817 2606 886 γὰρ
2632 814 2912 885 εἰληφότες
2939 817 3091 886 παρὰ
3124 813 3261 867 Θεοῦ
3290 812 3413 865 νοῦν
3444 811 3541 864 καὶ
3561 811 3719 876 λόγον
3751 811 3829 862 καὶ

2287 908 2537 973 αἴσθησιν
2581 907 2811 975 ἔχουσαν
2850 907 2985 975 πρὸς
3033 908 3099 974 τῇ
3150 904 3326 978 νοητῇ.
3360 900 3455 954 καὶ
3503 898 3713 966 ταύτην
3749 900 3828 965 τὴν

2286 997 2568 1067 αἰσθητὴν,
2605 997 2794 1066 ὥσπερ
2827 998 2921 1049 καὶ
2949 995 3104 1062 λόγον
3155 992 3293 1062 πρὸς
3316 990 3395 1060 τῷ
3423 987 3716 1057 ὲνδιαθέτῳ
3757 988 3829 1039 τόν

2288 1090 2429 1142 κατὰ
2455 1088 2736 1159 προφορὰν
2763 1087 2858 1138 καὶ
2886 1085 3010 1137 νοῦν
3056 1084 3191 1151 πρὸς
3218 1080 3296 1152 τῷ
3324 1079 3499 1149 νοητῷ
3528 1079 3630 1131 τὸν
3678 1077 3831 1144 παθη-

2287 1178 2439 1232 τικὸν
2464 1178 2544 1245 (ὃν
2576 1178 2670 1230 καὶ
2696 1176 2997 1246 φαντασίαν
3029 1172 3251 1257 καλοῦσι
3296 1170 3390 1228 τοῦ
3421 1168 3591 1232 ζώου,
3626 1167 3745 1219 καθ’
3783 1167 3831 1218 ὃν

2290 1271 2382 1324 καὶ
2428 1271 2498 1323 τὰ
2523 1270 2686 1323 λοιπὰ
2732 1268 2848 1331 ζῶα
2882 1268 2977 1321 καὶ
3005 1265 3211 1335 ἄλληλα
3246 1266 3340 1317 καὶ
3372 1262 3517 1332 ἡμᾶς
3576 1260 3674 1311 καὶ
3724 1259 3831 1319 τοῦς

2288 1361 2486 1424 τόπους
2515 1359 2606 1423 οὓς
2631 1358 2925 1412 διώδευσαν
2955 1354 3394 1423 ἐπιγινώσκωσι.
3445 1350 3577 1420 περὶ
3627 1351 3693 1419 ῆν
3736 1365 3834 1400 συν-

2295 1453 2543 1507 ίστασθαι
2572 1452 2668 1521 τὴν
2700 1450 2952 1513 αἴσθησίν
2974 1464 3139 1516 φασιν
3180 1447 3232 1498 οῖ
3285 1443 3437 1512 σοφοὶ
3479 1443 3550 1495 τὰ
3606 1442 3834 1502 τοιαῦτα,

2290 1542 2521 1612 ὄργανον
2548 1540 2716 1607 αὐτῆς
2739 1534 2906 1592 οὖσαν
2947 1534 3339 1605 ἀντιληπτικὸν
3367 1532 3477 1585 τῶν
3525 1532 3671 1600 αὐτῇ
3718 1548 3835 1597 quv-

2292 1630 2643 1698 τασθέντων),
2692 1629 2802 1681 δεῖν
2852 1626 3113 1695 ᾠήθησαν
3151 1623 3359 1677 τούτων
3403 1621 3502 1682 τὰς
3540 1621 3831 1689 ἐνεργείας,

2294 1723 2514 1783 εἰκότως
2543 1720 2643 1788 οὐχ
2667 1718 2898 1780 ἑαυτοῖς,
2922 1715 3057 1769 ἀλλὰ
3081 1714 3157 1783 τῷ
3184 1712 3436 1766 δεδωκότι
3474 1708 3616 1779 Θεῷ,
3669 1709 3736 1762 δι’
3786 1709 3836 1761 ὃν

2548 1768 2643 1861 ἐξ
2670 1768 3288 1873 πάνταξνπροσενέγκαι.
3343 1802 3503 1870 Τρεῖς
3696 1768 3869 1871 δνταςδ

2297 1898 2617 1959 καθολικοῦς
2648 1895 2900 1967 τρόπους,
2946 1893 3020 1956 ὡς
3066 1891 3374 1960 ἀνθρώποις
3417 1890 3563 1941 ἐστὶν
3611 1887 3833 1957 ἐφικτὸν,
3870 1888 3871 1891 “

2296 1992 2361 2043 ὲκ
2387 1989 2489 2058 τῆς
2528 1988 2657 2057 περὶ
2681 1986 2748 2038 τὰ
2791 1985 2918 2038 δντα
2946 1980 3209 2054 ἀκριϐοῦς
3234 1982 3617 2048 κατανοήσεως
3638 1980 3837 2033 παιδευ-

2296 2078 2500 2142 θέντες,
2540 2077 2623 2147 ὲφ³
2653 2071 2735 2138 οἷς
2775 2075 2831 2128 '0
2859 2074 2990 2135 Θεὸς
3018 2072 3088 2125 τὰ
3122 2071 3298 2125 πάντα
3334 2070 3637 2141 πεποίηκεν
3679 2068 3779 2137 (ἐφ’
3799 2061 3837 2136 ᾧ

2294 2184 2354 2222 τε
2401 2168 2509 2238 γὰρ
2541 2164 2701 2232 εἶναι,
2748 2166 2841 2217 καὶ
2869 2157 2929 2216 εὖ
2973 2159 3136 2230 εἶναι,
3162 2164 3254 2217 καὶ
3276 2164 3365 2218 ἀεὶ
3395 2158 3553 2226 εἶναι,
3583 2160 3764 2232 (ιω
3787 2160 3835 2231 α)

2294 2257 2561 2319 οὐσιώσας
2582 2258 2727 2326 ἡμᾶς
2743 2255 3127 2326 ὑπεστήσατο),
3151 2242 3389 2317 καὶτοὺς
3411 2254 3507 2326 μὲν
3533 2252 3630 2305 δύο
3654 2254 3837 2324 ἄκρους

2296 2348 2473 2409 δντας,
2498 2346 2593 2398 καὶ
2623 2345 2786 2415 μόνου
2814 2345 2952 2397 Θεοῦ
2982 2346 3297 2415 ἐχομένους,
3327 2343 3404 2405 ὡς
3446 2343 3643 2405 αἰτίου,
3676 2342 3765 2395 τὸν
3789 2339 3837 2393 δὲ

2296 2437 2482 2505 ἓτερον
2507 2435 2690 2504 μέσον,
2709 2429 2824 2489 ’καὶ
2849 2435 2953 2504 τῆς
2983 2435 3260 2505 ἡμετέρας
3284 2433 3590 2503 ἠρτημένον
3629 2433 3835 2503 γνώμης

2296 2542 2354 2577 τε
2380 2526 2476 2578 καὶ
2502 2526 2800 2595 κινήσεως,
2827 2527 2920 2579 καὶ
2940 2526 3010 2579 δι’
3061 2523 3257 2578 ἑαυτοῦ
3289 2526 3402 2586 τοῖς
3440 2523 3631 2595 ἄκροις
3666 2524 3728 2575 τὸ
3752 2539 3837 2575 κυ-

2299 2615 2430 2685 ρίως
2452 2614 2704 2682 λέγεσθαι
2725 2614 3057 2685 παρέχοντα,
3082 2613 3178 2666 καὶ
3198 2606 3263 2666 οῦ
3293 2612 3368 2682 μὴ
3399 2610 3665 2683 παρόντος
3688 2610 3837 2680 ἄχρη-

2300 2722 2425 2769 στος
2456 2706 2639 2768 αὐτοῖς
2668 2708 2702 2776 ἡ
2732 2705 3074 2776 προσηγορία
3106 2702 3448 2767 καθίσταται,
3471 2702 3531 2755 τὸ
3558 2697 3623 2755 εὖ
3653 2715 3837 2769 συνημ-

2300 2796 2462 2863 μένον
2491 2794 2592 2847 οὑκ
2621 2793 2859 2862 ἔχουσιν,
2890 2793 2991 2846 οὐκ
3020 2791 3195 2855 ἄλλως
3227 2790 3481 2846 δύνασθαι
3502 2791 3597 2844 καὶ
3620 2805 3834 2859 προσγι-

2297 2874 2486 2938 νέσθαι
2512 2884 2697 2945 αὐτοῖς
2730 2885 2826 2935 καὶ
2876 2880 3218 2951 φυλαχθῆναι
3263 2882 3361 2953 τὴν
3408 2883 3467 2935 ὲν
3505 2881 3619 2942 τοῖς
3666 2881 3838 2948 ἄκροις

2298 2971 2576 3040 ἀλήθειαν,
2636 2970 2704 3042 ἠν
2753 2973 2928 3023 ποιεῖν
2979 2971 3191 3039 πέφυκε
3240 2971 3303 3024 τὸ
3358 2964 3419 3023 εὖ
3450 2963 3589 3023 εἶναι
3630 2964 3838 3022 κατὰτὸ

2303 3061 2468 3129 μέσον
2495 3063 2608 3123 τοῖς
2632 3060 2825 3131 ἄκροις
2874 3062 3324 3131 ἔπικιρνώμενον,
3361 3059 3396 3129 ἢ
3445 3062 3513 3129 τῇ
3551 3057 3692 3127 πρὸς
3722 3058 3839 3111 Θεὸν
3920 3048 3925 3055 ⁴

584 3207 587 3211 _
642 3159 794 3204 motu
844 3149 1267 3217 intellexerunt;
1313 3159 1373 3206 et
1412 3150 1950 3220 deinceps'naturali
1991 3151 2201 3205 ratione

2302 3151 2614 3221 ἁεικινησία
2657 3151 3008 3222 διενοήθησαν
3034 3166 3049 3180 ’
3097 3152 3195 3205 καὶ
3220 3150 3411 3233 λοιπὸν
3428 3148 3506 3219 τῷ
3525 3148 3668 3233 κατὰ
3696 3147 3839 3230 φύσιν

643 3241 771 3295 hinc
802 3242 1286 3311 contemplativum
1322 3242 1521 3296 anima:
1552 3240 1933 3305 extendentes,
1956 3250 2012 3296 et
2042 3240 2205 3295 modo

644 3325 881 3398 Quodam
918 3345 1029 3382 non
1063 3338 1319 3396 oportere
1354 3327 1798 3383 conversibiliter
1827 3328 1908 3383 uti
1941 3330 2205 3384 naturali-‘-

646 3418 750 3470 bus
781 3417 1226 3494 operationibus,
1258 3425 1485 3486 propter
1518 3428 1869 3487 superantem
1899 3423 2206 3476 necessario

646 3507 1076 3574 corruptionem,
1100 3522 1167 3560 eo
1200 3507 1489 3578 modoqui
1519 3517 1605 3565 est
1632 3523 1733 3578 per
1760 3510 2081 3567 abusionem
2114 3528 2210 3567 na-

652 3596 921 3650 turalibus
950 3597 1231 3664 potentiis,
1258 3598 1374 3667 ipsa
1404 3613 1517 3653 non
1544 3606 1736 3655 utente
1762 3600 1996 3666 ratione,
2020 3612 2209 3671 aperte

650 3685 955 3751 audientes,
983 3702 1048 3741 ac
1075 3689 1235 3756 plane
1264 3703 1365 3757 per
1389 3688 1676 3745 decentem
1705 3698 1914 3747 natura:
1942 3696 2207 3746 rationem

648 3775 720 3829 ad
751 3776 922 3844 ipsius
949 3791 1168 3831 causam
1199 3776 1331 3831 t‘erri
1361 3776 1707 3845 didicerunt;
1742 3789 1803 3835 ut
1827 3781 1975 3835 unde
2001 3782 2210 3850 simpli-

651 3865 792 3918 citer
811 3865 893 3919 eis
916 3874 1165 3930 estesse,
1182 3873 1239 3920 et
1261 3880 1562 3933 vere—esse,
1583 3869 1913 3938 quandoque
1937 3870 2208 3938 adjectum

656 3954 944 4021 accipiant.
965 3954 1106 4020 Quid
1129 3956 1275 4024 enim
1301 3956 1553 4012 fortassis
1571 3957 1712 4013 lucri
1734 3959 1862 4023 erit,
1894 3959 1962 4013 ad
1985 3975 2043 4013 se
2068 3960 2215 4029 ipsos

657 4059 811 4110 aeque
834 4045 1225 4127 ratiocinantes
1244 4047 1523 4115 dicebant,
1540 4066 1652 4105 non
1675 4065 1707 4104 a
1729 4050 2215 4121 seipse-exsistenti

657 4135 865 4187 causali
898 4135 965 4187 ad
1000 4152 1057 4189 se
1081 4138 1288 4205 ipsum,
1312 4150 1403 4194 aut
1435 4140 1584 4196 aliud
1606 4142 1761 4211 quid,
1788 4153 1988 4211 praeter
2018 4144 2210 4209 Deum,

659 4229 836 4282 moto.
867 4223 1085 4290 quando
1113 4225 1168 4277 in
1193 4229 1459 4282 rationem
1491 4229 1665 4299 ipsius
1686 4246 1807 4285 esse
1831 4232 1967 4285 nihil
1994 4231 2216 4285 sibimet

657 4330 687 4366 a
719 4314 901 4387 seipsp
933 4322 1028 4367 aut
1088 4315 1158 4369 ab
1192 4317 1298 4370 alio
1329 4318 1563 4385 quodam
1598 4330 1793 4389 praeter
1822 4323 1993 4377 Deum
2023 4322 2213 4391 acqui-

658 4419 780 4458 rere
812 4406 1051 4473 poterit?
1074 4406 1177 4461 Per
1204 4407 1309 4460 hoc
1331 4408 1574 4461 animum
1605 4409 1825 4477 quidem
1854 4414 2001 4467 circa
2037 4413 2210 4466 solum

2303 3242 2552 3296 ἐντεῦθεν
2573 3242 2632 3295 τὸ
2652 3242 2875 3295 όπτικὸν
2898 3244 2997 3311 τῆς
3017 3242 3197 3311 ψυχῆς
3212 3230 3679 3302 συνεπιτείναντες
3692 3240 3839 3308 λόγῳ,

2304 3331 2399 3384 καὶ
2418 3331 2618 3401 τρόπον
2633 3331 2762 3415 ἰτινὰ
2802 3332 2876 3402 μὴ
2904 3333 3014 3385 δεῖν
3042 3329 3416 3399 ἀντιστρόφως
3462 3328 3698 3401 χρῆσθαι
3734 3331 3841 3391 ταῖς

2304 3423 2560 3488 φυσικαῖς
2589 3421 2913 3492 ἑνεργείαις,
2934 3422 3023 3475 διὰ
3052 3419 3151 3489 τὴν
3192 3416 3253 3484 ἐξ
3289 3420 3536 3488 ἀνάγκης
3561 3418 3841 3487 ἐπισημαί-

2305 3526 2500 3562 νουσαν
2519 3511 2641 3573 ταῖς
2672 3513 2929 3578 φυσικαῖς
2957 3508 3254 3574 δυνάμεσιν
3284 3509 3349 3562 ἐκ
3372 3509 3468 3563 τοῦ
3506 3508 3649 3563 κατὰ
3679 3508 3838 3575 παρά-

2306 3616 2501 3669 χρησιν
2549 3601 2753 3669 τρόπου
2797 3598 3024 3667 φθορὰν,
3082 3597 3249 3651 αὑτοῦ
3303 3598 3536 3668 βοῶντος
3575 3598 3670 3651 τοῦ
3699 3597 3840 3666 λόγου

2305 3689 2601 3760 διαρρήδην
2618 3690 2972 3750 ἀκούσαντες,
3022 3687 3239 3757 ὁμαλῶς
3267 3690 3409 3743 κατὰ
3452 3689 3545 3741 τὸν
3583 3689 3842 3757 πρέποντα

2307 3779 2465 3845 λόγον
2514 3778 2613 3849 τῆς
2643 3778 2858 3846 φύσεως
2913 3776 3051 3849 πρὸς
3084 3777 3177 3832 τδν
3206 3780 3380 3848 αὐτῆς
3404 3779 3571 3833 αἴτιον
3599 3780 3841 3847 φέρεσθαι

2310 3867 2684 3937 ἐδιδάχθησαν,
2719 3868 2787 3933 ἶν’
2817 3866 2941 3921 ὅθεν
2984 3868 3168 3932 ἅπλῶς
3210 3870 3394 3931 αὐτοῖς
3436 3870 3552 3921 ἐστι
3592 3869 3655 3920 τὺ
3698 3865 3839 3929 εἶναι,

2308 3958 2403 4011 καὶ
2440 3957 2499 4009 τὸ
2523 3956 2692 4020 ὅντως
2717 3952 2857 4011 εἶναι
2886 3974 3019 4012 ποτε
3045 3960 3343 4027 προστεθὲν
3374 3952 3748 4022 ὑποδέξωνται.
3785 3957 3840 4011 Τί

2310 4048 2418 4117 γὰρ
2448 4047 2512 4101 ἂν
2540 4047 2632 4100 καὶ
2660 4048 2813 4100 ἔσται
2834 4048 2912 4119 τῷ
2938 4049 3011 4120 μὴ
3034 4048 3230 4103 ἑαυτοῦ
3259 4038 3403 4101 κατὰ
3437 4047 3496 4099 τὸ
3521 4042 3656 4099 εἶναι
3705 4048 3842 4115 αίτίῳ

2313 4140 2448 4208 πρὸς
2497 4138 2726 4201 ἑαυτοὺς
2777 4140 2907 4202 ἴσως
2938 4139 3285 4210 λογισάμενοι
3311 4132 3484 4201 εἷπον,
3517 4136 3651 4207 πρὸς
3673 4138 3841 4190 ἑαυτὸν

2313 4228 2508 4299 ῆᾶλλο
2551 4246 2606 4282 τι
2658 4229 2808 4299 παρὰ
2858 4230 2952 4281 τὸν
3006 4229 3140 4282 Θεὸν
3186 4226 3495 4297 κινουμένῳ
3538 4226 3597 4279 τὸ
3652 4227 3839 4297 κέρδος,

2314 4319 2472 4391 ὁπότε
2506 4321 2585 4381 εἰς
2604 4320 2694 4371 τὸν
2723 4318 2817 4380 τοῦ
2842 4306 2981 4371 εἶναι
3010 4317 3166 4384 λόγον
3186 4316 3339 4369 οὐδὲν
3383 4315 3562 4391 ἑαυτῷ
3610 4315 3702 4383 ἀφ’
3740 4314 3843 4367 ἐαυ-

2315 4384 2433 4474 τοῦ,
2465 4410 2497 4477 ἢ
2521 4408 2681 4461 ἄλλου
2705 4407 2848 4470 τινὸς
2870 4405 3021 4477 παρὰ
3052 4402 3145 4458 τὸν
3171 4404 3304 4475 Θεδν
3336 4388 3688 4474 περιποιῆσαι
3706 4402 3843 4470 δυνήο

658 4493 829 4548 Deum
861 4504 918 4549 et
948 4496 1181 4552 virtutes
1211 4498 1332 4565 ejus
1366 4498 1617 4567 intelligi,
1649 4508 1706 4553 et
1736 4501 1995 4556 inetl‘abili
2030 4503 2204 4571 gloria?

2318 4512 2500 4560 σεταις
2540 4497 2637 4549 Διὰ
2680 4494 2838 4549 τοῦτο
2866 4493 2958 4577 τὸν
2996 4493 3096 4563 μὲν
3122 4489 3245 4556 νοῦν
3267 4490 3396 4561 περὶ
3424 4490 3585 4560 μόνου
3603 4488 3735 4542 Θεοῦ
3764 4488 3843 4541 καὶ

660 4584 1018 4641 beatitudinis
1041 4589 1161 4657 ejus
1185 4586 1388 4649 addici,
1410 4586 1678 4641 rationem
1702 4604 1834 4642 vero
1858 4591 2215 4657 interpretem

662 4676 1083 4744 intelligibilium
1113 4676 1304 4732 ﬁeriet
1325 4677 1703 4742 laudatricem,
1730 4685 1788 4731 el
1806 4679 1872 4732 ad
1903 4695 1964 4731 ea
1993 4679 2221 4733 unilicos

663 4774 810 4818 recte
846 4764 1126 4833 disputare
1158 4767 1377 4831 modos,
1410 4783 1630 4821 sensum
1662 4774 1793 4819 vero
1824 4782 1922 4834 per
1953 4769 2216 4822 rationem

663 4853 1009 4931 nobilitatum
1053 4854 1209 4931 ipsas
1240 4856 1296 4908 in
1337 4857 1595 4911 t'miverso
1636 4856 1955 4910 dill'crcntcs
1990 4856 2223 4913 Virtutes

661 4954 718 4999 ct
740 4928 1090 5045 eperptioncs
1116 4928 1519 5014 imaginantem,
1544 4948 1599 5002 in
1628 4947 1714 5003 his
1736 4964 1861 5026 quas
1882 4949 2027 5009 sunt,
2054 4964 2223 5015 quan-

667 5046 779 5089 tum
820 5020 1082 5103 pdssibile
1120 5043 1233 5095 est,
1265 5036 1459 5090 anima:
1500 5039 1825 5093 annuntiare
1853 5020 2099 5091 (rationes
2129 5038 2221 5090 do—

613 5154 618 5159 -
666 5132 855 5179 centes
878 5124 975 5193 (il),
1000 5132 1057 5178 et
1086 5138 1184 5191 per
1216 5124 1457 5178 animum
1477 5136 1533 5179 et
1549 5130 1812 5181 rationem
1840 5129 2005 5181 veluti
2043 5128 2219 5180 nmini

668 5218 945 5286 sapienter
983 5216 1220 5269 animam
1261 5216 1650 5285 gubernantes.
1684 5218 1947 5274 lubricam
1991 5218 2128 5271 hanc
2167 5227 2223 5270 et

669 5307 978 5363 instabilem
1015 5314 1073 5360 et
1108 5308 1161 5359 in
1202 5306 1349 5360 aliud
1386 5307 1545 5361 aliter
1580 5308 1863 5373 ferentem,
1899 5319 1954 5361 et
1997 5326 2264 5369 scnsunL.

668 5397 960 5466 agitantem
1003 5395 1130 5450 vitm
1169 5396 1344 5460 viam,
1376 5395 1535 5449 siccis
1579 5398 2009 5464 pertransierunt
2052 5398 2219 5451 vesti—

670 5502 794 5555 επις.

2314 4586 2425 4639 τῶν
2482 4586 2647 4639 αὑτοῦ
2708 4572 2950 4657 ἁρετῶνγ
2982 4582 3340 4644 διανοεῖσθαι,
3388 4582 3483 4634 καὶ
3528 4582 3594 4649 τῇ
3646 4580 3843 4650 ἀρρήτῳ

2315 4673 2439 4745 δόξῃ
2466 4674 2564 4743 τῆς
2592 4674 2758 4728 αὑτοῦ
2791 4672 3210 4745 μακαριότητος,
3259 4669 3445 4741 (ιω
3483 4667 3536 4736 b)
3577 4667 3843 4736 ἀγνώστοις

2324 4765 2660 4828 ἐπιϐάλλειν,
2694 4765 2787 4818 τὸν
2810 4764 2869 4818 δὲ
2895 4764 3051 4830 λόγον
3073 4759 3414 4835 ἐρμηνευτὴν
3433 4755 3542 4810 τῶν
3572 4756 3842 4825 νοηθέντων

2316 4853 2561 4920 γίνεσθαι
2586 4854 2683 4906 καὶ
2705 4852 2981 4924 ὑμνῳδὸνμ
2996 4853 3090 4904 καὶ
3128 4851 3255 4912 τοὺς
3283 4846 3421 4917 πρὸς
3439 4847 3577 4900 αὐτὰ
3598 4844 3843 4901 evomuit;

2314 4942 2491 5011 ὀρθῶς
2527 4942 2869 5008 διαλέγεσθαι
2918 4942 3174 5013 τρόπους.
3224 4939 3326 5010 τὴν.
3370 4935 3427 4989 δὲ
3456 4937 3700 5007 αἴσθησιν
3725 4935 3840 4988 κατὰ

2317 5034 2468 5099 λόγον
2517 5021 2921 5099 εὺγενισθεῖσαν
2974 5033 3074 5095 τὰς
3122 5032 3184 5083 ὲν
3231 5027 3309 5096 τῷ
3352 5026 3520 5081 παντὶ
3585 5027 3843 5095 διαφόρους

2315 5124 2571 5191 δυνάμεις
2600 5136 2658 5174 τε
2704 5123 2799 5174 κειιῖ⁵
2841 5123 3121 5192 ἐνεργείας
3159 5115 3630 5187 φαντασιουμένην
3658 5116 3773 5177 τοὺς
3794 5113 3841 5164 ἐν

2316 5218 2425 5274 τοῖς
2453 5211 2600 5265 οὖσιν
2630 5212 2704 5275 ὡς
2748 5213 2970 5279 ἐφικτὸν
3000 5214 3067 5282 τῇ
3102 5210 3247 5280 ψυχῇ
3293 5204 3630 5273 διαγγέλλειν
3680 5204 3843 5271 λόγως

2319 5294 2640 5367 διδάξαντες,
2673 5304 2765 5356 καὶ
2790 5304 2879 5356 διὰ
2909 5303 3001 5356 τοῦ
3044 5301 3134 5370 νοῦ
3180 5297 3272 5351 καὶ
3322 5294 3419 5349 τοῦ
3466 5295 3646 5363 λόγου,
3684 5292 3843 5355 ὔωρ

2324 5395 2476 5458 ναῦν,
2501 5396 2599 5462 τὴν
2626 5393 2801 5464 ψυχὴν
2833 5394 3011 5460 σοφῶς
3037 5385 3525 5458 οἱακίσαντες,ντὴν
3552 5385 3721 5456 ὑγρὰν
3735 5374 3842 5464 ut}

2327 5503 2424 5555 την
2471 5486 2564 5536 καὶ
2600 5462 2827 5537 ἄστατον
2864 5483 2961 5537 καὶ
2997 5481 3185 5536 ἄλλοτε
3216 5476 3390 5540 ἄλλως
3438 5474 3741 5549 (pampini
3768 5462 3844 5520 αὶ

672 5578 771 5648 τὴν
797 5578 1047 5650 αἴσθησιν
1072 5578 1465 5657 ὲπικλύζουσαν
1500 5577 1594 5630 τοῦ
1629 5577 1742 5648 βίου
1775 5578 2026 5633 κέλευθον
2060 5579 2305 5648 ἀϐρόχοις
2337 5575 2623 5628 διώδευσαν
2654 5575 2875 5643 ἴχνεσιν.

2151 5687 2375 5745 NOTAE.

749 5758 819 5827 lc)
1029 5762 1325 5829 pendentes.
1349 5757 1542 5831 (Galc.)

2403 5756 2477 5827 (ά)
2504 5755 2713 5811 Mallem
2743 5754 2945 5807 docent.
2970 5748 3166 5824 (Gala)
