3966 6340
223 493 353 562 ll"
1402 507 1632 566 AMBIG
1645 508 1789 567 UOH

1839 509 1910 566 [Μ
1952 511 2196 569 LIBER.
2829 467 2840 476 ”
3267 509 3405 576 1118

311 611 524 674 Θεωρία
559 610 663 677 τῆς
697 610 790 663 διὰ
818 610 924 676 τῆς
971 611 1272 679 θαλάσσης
1329 613 1652 680 διαϐάσεως
1787 629 1827 681 Α

1787 629 1827 681 Α
2030 618 2408 688 Contemplatio
2439 619 2627 688 Moysi:
2663 637 2756 690 per
2786 637 2931 674 πιανέ
2964 621 3230 684 transitus.

778 701 871 753 διὰ
898 700 1171 767 Μωσέως.

273 807 426 861 Οὕτω
453 810 590 878 τάχα
619 811 713 862 καὶ
741 812 975 879 Μωῦσῆς
1000 815 1202 874 ἐκεῖνος
1227 815 1254 864 ὁ
1283 814 1452 881 μέγας
1474 817 1536 883 τῇ
1572 795 1751 884 πληγῇ

1923 829 2013 882 Sic
2060 829 2288 882 fortasse
2334 843 2559 897 magnus
2593 842 2810 895 quoque
2853 827 2943 879 ille
2987 828 3195 897 Moyses
3232 827 3407 879 omni-

209 897 297 951 τοῦ
340 901 754 970 παντοδυνάμου
787 901 976 969 λόγου,
1024 898 1084 955 οὗ
1134 902 1398 971 σύμϐολον
1433 899 1501 972 ἦν
1546 905 1673 966 ἴσως
1720 908 1750 972 ἡ

1853 919 2093 986 potentis
2135 919 2246 972 ictu
2291 917 2537 980 rationis,
2567 919 2724 985 cujus
2767 915 3093 985 symbolum,
3127 916 3184 969 ni
3227 915 3407 977 fallor,

211 989 417 1059 ράὗδος,
449 991 719 1059 θαλάσσης
754 991 952 1057 τρόπον
984 991 1092 1044 τῶν
1119 992 1398 1060 ιαίσθητῶν
1433 993 1623 1052 διελὼν
1658 993 1755 1062 τὴν

1853 1009 2004 1076 virga
2036 1001 2188 1071 erat,
2220 1008 2287 1061 ad
2325 1008 2490 1061 maris
2524 1008 2692 1061 instar
2723 1005 3066 1061 sensibilium
3100 1006 3292 1060 fraude
3322 1006 3409 1060 di-

207 1081 437 1150 ἀπάτην,
471 1081 503 1150 ἢ
531 1083 794 1150 περιελὼν
821 1084 992 1134 εἰπεῖν
1025 1083 1368 1151 οἰκειότερον,
1402 1085 1632 1153 στερῤὰν
1664 1085 1757 1136 καὶ

1877 1098 1967 1150 νὶεο
1989 1138 2002 1156 ,
2031 1107 2124 1150 aut
2157 1098 2326 1166 magis
2361 1098 2578 1166 proprie
2608 1098 2784 1150 dicam
2819 1096 3077 1165 disjecta,
3101 1095 3324 1149 solidam
3357 1105 3412 1148 et
3439 1149 3443 1152 _

205 1169 517 1232 ἀσάλευτον,
553 1171 630 1240 τῷ
660 1172 793 1240 πρὸς
826 1171 924 1233 τὰς
970 1171 1118 1232 Θείας
1166 1172 1493 1238 ἐπαγγελίας
1539 1174 1755 1239 ἐπειγο-

1857 1187 2106 1239 stabilem
2134 1187 2335 1255 populo
2359 1187 2425 1239 ad
2453 1187 2663 1239 divinas
2687 1185 3072 1255 promissiones
3100 1186 3409 1251 prOperanti

211 1261 354 1329 μένῳ
378 1261 490 1328 λαῷ
521 1262 619 1330 τὴν
655 1262 899 1330 ὑπξχνιον
930 1262 974 1293 ⁸³
1007 1261 1306 1330 παρέσχετο
1349 1262 1473 1330 γῆν,
1519 1261 1615 1330 τὴν
1650 1262 1755 1312 ὑπὸ

1855 1273 2087 1339 praebuit
2132 1284 2330 1327 terram
2372 1274 2439 1327 ab
2483 1290 2674 1327 eorum
2717 1274 2959 1343 vestigiis
3000 1287 3274 1341 pressam,
3306 1271 3410 1324 hoc

209 1348 477 1418 αἴσθησιν,
516 1351 679 1420 φημὶ,
719 1351 880 1419 φύσιν
910 1350 1052 1420 ὀρθῷ
1086 1351 1228 1420 λόγῳ
1257 1347 1395 1404 εἶναι
1431 1351 1629 1419 θεατὴν
1664 1352 1757 1402 καὶ

1853 1369 1936 1412 cst
1974 1370 2224 1413 naturam
2270 1363 2370 1415 sub
2414 1377 2632 1415 sensum
2679 1361 2961 1414 cadentem
3008 1371 3167 1413 rectae
3210 1357 3407 1411 ra’tioni

206 1439 638 1508 εύπερίγραπτον
675 1441 768 1491 καὶ
809 1441 906 1509 βίῳ
936 1442 1155 1511 ἀρεταῖς
1196 1440 1542 1510 ὴγλαῖσμένῳ
1590 1440 1755 1509 βατὴν

1856 1450 2328 1516 contemplabilem
2359 1458 2414 1503 et
2437 1450 2576 1504 bene
2607 1450 2960 1518 descriptam,
2987 1449 3215 1515 vitaeque
3241 1447 3411 1499 virtu-

204 1525 378 1590 δείξας
407 1527 500 1579 καὶ
538 1528 950 1595 εύπαρόδευτον,
997 1529 1093 1581 καὶ
1153 1527 1354 1598 μηδένα
1405 1528 1648 1579 κίνδυνον
1694 1530 1757 1580 ὲκ

1857 1534 2002 1585 tibus
2031 1543 2238 1586 ornata:
2264 1536 2650 1602 pcrmeabilem
2676 1550 2796 1588 esse
2821 1544 3129 1588 monstrans
3155 1531 3411 1585 transitu-

203 1617 298 1683 τῆς
351 1619 686 1687 ἑκατέρωθεν
744 1621 1127 1690 παφλαζούσης
1195 1622 1305 1673 τῶν
1373 1621 1756 1686 διακριθέντων

1857 1635 1962 1685 quc
1997 1619 2241 1682 facilem,
2271 1620 2593 1686 nullumque
2627 1621 2930 1687 periculqu
2965 1636 3032 1673 ex
3062 1621 3114 1672 vi
3148 1632 3410 1687 aquarum

205 1706 427 1769 ὑδάτων,
451 1702 530 1770 οἷς
560 1709 694 1770 τέως
722 1709 1045 1773 κεκάλυπτο,
1073 1711 1250 1780 ὁρμῆς
1270 1714 1381 1772 τοῖς
1400 1710 1570 1772 οὕτως
1594 1710 1759 1777 αὑτὴν

1858 1707 2179 1769 divisarum,
2211 1709 2411 1776 quibus
2445 1708 2625 1760 adhuc
2659 1709 2946 1762 obscurata
2983 1717 3120 1772 erat,
3155 1707 3411 1774 utrinque

204 1789 530 1858 διαπερῶσιν
587 1792 933 1858 ἐπάγουσαν
984 1796 1141 1866 εἴπερ
1193 1795 1271 1870 τῷ
1323 1796 1441 1848 κατ’
1473 1797 1759 1862 ἀναγωγὴν

1857 1805 2114 1849 :esluante
2173 1796 2579 1849 transeuntibus
2630 1796 3014 1848 immittentem
3075 1815 3088 1848 :
3141 1795 3410 1863 siquidem

169 1886 173 1889 '
205 1878 346 1948 λόγῳ
374 1880 640 1950 διάκρισις
664 1883 869 1935 ὑδάτων
896 1887 1090 1952 νοητῆς
1120 1871 1386 1954 Θαλάττης
1425 1886 1621 1954 ἐστὶνή
1651 1885 1735 1937 τῶε

1859 1885 2163 1939 sublimiori
2197 1894 2253 1938 et
2285 1886 2523 1955 mysticae
2558 1886 2758 1939 rationi
2798 1901 3061 1952 aquarum
3107 1886 3227 1952 ejus
3267 1885 3411 1950 quod

207 1971 322 2022 κατ’
339 1968 570 2037 ἔλλειψιν
587 1971 679 2023 καὶ
708 1969 1039 2041 πλεονασμὸν
1075 1973 1462 2042 ἀντικειμένων
1486 1977 1602 2035 ταῖς
1629 1973 1754 2040 ἀρε-

1856 1976 2029 2029 oculis
2071 1975 2289 2028 videtur
2329 1976 2495 2028 maris
2530 1975 2792 2028 discretio
2836 1974 3114 2034 vitiorum,
3151 1988 3271 2041 quae
3315 1986 3412 2041 per

203 2062 317 2121 ταῖς
347 2059 552 2113 κακιῶν
588 2059 686 2127 τῆς
716 2059 890 2130 (ιιι
924 2062 976 2130 a)
1035 2062 1169 2130 πρὸς
1200 2062 1429 2130 ἀλλήλας
1478 2061 1756 2130 συνεχείας

1859 2063 2128 2117 defectum
2168 2072 2222 2116 et
2253 2063 2641 2116 abundantiam
2676 2061 2972 2114 virtutibus
3004 2058 3215 2128 objecta
3250 2067 3410 2123 sunt,

206 2149 498 2213 διάστασις,
530 2150 596 2219 ἢν
617 2150 823 2218 πέφυκε
853 2151 1004 2219 λόγος
1053 2154 1246 2210 ποιεῖν.
1293 2153 1527 2221 καρδίως
1579 2150 1756 2202 αὐτῶν

1861 2154 2034 2211 mutui
2066 2154 2208 2206 inter
2229 2169 2286 2206 se
2314 2169 2486 2206 nexus
2507 2153 2795 2206 dissidium
2825 2158 2930 2214 est,
2954 2148 3098 2218 quod
3132 2148 3270 2202 ratio
3299 2144 3413 2202 em-

170 2233 182 2240 ’
207 2241 607 2309 καθαψάμενος,
632 2240 850 2303 καὶτοῖς
876 2240 968 2294 ὲπὶ
995 2241 1122 2292 Θεὸν
1146 2241 1518 2310 προτροπάδην
1539 2243 1736 2304 ἐπειγο-

1855 2257 1977 2296 cere
2010 2227 2204 2297 idonea
2237 2254 2339 2305 est,
2373 2243 2532 2298 modo
2561 2245 2811 2312 gnaviter
2839 2258 2902 2296 ea
2938 2240 3178 2302 invadat,
3208 2253 3313 2292 neu
3356 2240 3410 2292 in

211 2329 392 2399 μένοις
436 2328 681 2397 οὐδαμῶς
733 2330 985 2402 ἀλλήλαις
1040 2331 1206 2392 αὑτὰς
1251 2329 1582 2399 συναφθῆναι
1623 2346 1752 2396 συγ-

1857 2349 2046 2386 eorum
2081 2336 2176 2400 qui
2215 2336 2456 2388 studiose
2490 2334 2558 2387 ad
2593 2335 2762 2388 Deum
2796 2341 3087 2402 properant
3117 2332 3413 2386 incommo-

208 2419 417 2487 χωρῶν-
1861 2424 1990 2478 dum
2022 2425 2162 2478 inter
2185 2439 2242 2479 se
2272 2425 2553 2478 conciliari
2583 2425 2694 2478 ullo
2721 2425 2882 2478 modo
2911 2424 3074 2478 sinat.

207 2591 426 2660 Θεωρία
446 2592 559 2660 τῆς
586 2597 672 2658 εις
695 2595 758 2647 τὸ
794 2594 931 2662 ὅρος
953 2571 1299 2658 ἀναϐάσεως
1334 2594 1438 2648 τοῦ
1464 2598 1742 2661 Μωσέως.

1730 2634 1742 2646 .
1947 2595 2329 2666 Contemplatio
2364 2573 2553 2667 Moysi:
2593 2597 2648 2649 in
2682 2601 2911 2648 montem
2942 2575 3286 2648 ascensionis.

276 2705 432 2760 Οὕτω
470 2707 746 2776 πάλιν,τῷ
797 2708 1052 2762 καλοῦντι
1095 2709 1361 2776 ἑπόμενος
1405 2709 1546 2778 Θεῷ,
1590 2711 1754 2779 ὑπερ-

1917 2706 2008 2761 Sic
2060 2723 2252 2761 rursus
2287 2708 2400 2761 Deo
2433 2708 2652 2762 vocanti
2684 2708 3093 2775 obtemperans,
3146 2705 3412 2759 omnibus
3468 2698 3475 2705 ’

209 2796 354 2866 σχὼν
390 2796 563 2849 πάντα
590 2796 658 2848 τὰ
681 2797 824 2866 τῇδε,
847 2799 927 2860 είς
951 2798 1041 2850 τὸν
1074 2797 1269 2864 γνόφον
1297 2798 1560 2866 εἰσῆλθεν,
1594 2793 1654 2851 οὗ
1687 2795 1753 2867 ἦν

1849 2796 1972 2849 istic
2007 2798 2299 2864 superatis,
2325 2799 2574 2852 introivit
2599 2798 2654 2851 in
2674 2797 2956 2866 caliginem
2987 2796 3078 2849 ubi
3106 2795 3248 2848 Deus
3273 2802 3411 2856 erat,

205 2889 236 2939 ό
268 2887 420 2950 Θεὸς,
463 2886 756 2947 τουτέστιν,
809 2888 888 2948 εἰς
927 2887 1026 2955 τὴν
1074 2886 1226 2952 ἀειδῆ
1263 2887 1356 2936 καὶ
1405 2886 1633 2954 ἀόρατον
1661 2889 1754 2938 καὶ

1849 2884 1952 2937 hoc
1979 2893 2062 2938 est
2093 2885 2146 2938 iu
2175 2887 2464 2940 obscuram
2487 2897 2542 2941 et
2574 2887 2906 2942 invisibilem
2935 2897 2992 2940 et
3019 2884 3413 2952 incorporalem

206 2976 498 3047 ἀσώματον
534 2974 835 3044 διατριϐὴν,
869 2975 945 3043 νῷ
978 2976 1158 3042 πάσης
1193 2973 1459 3043 ἐλευθέρῳ
1487 2975 1586 3043 τῆς
1625 2975 1758 3041 πρὸς

1853 2974 2347 3038 conversationem,
2393 2988 2576 3031 mente
2603 2977 2672 3032 ab
2698 2978 2846 3030 omni
2879 2977 2946 3031 ad
2983 2976 3278 3046 quidquam
3325 2989 3415 3028 re-

205 3069 386 3122 ἇτιοῦν
412 3067 588 3139 πάρεξ
609 3065 742 3120 Θεοῦ
773 3067 1027 3136 σχέσεως,
1055 3061 1166 3139 ὲνῇ
1196 3066 1501 3134 γενόμενος,
1532 3064 1604 3126 ὡς
1634 3065 1761 3134 ὲνῆν

1856 3062 2055 3131 latione
2101 3073 2299 3131 pneter
2342 3065 2512 3118 Deum
2551 3065 2725 3120 libera
2752 3107 2766 3131 ,
2812 3082 2976 3134 quam
3029 3066 3258 3134 adeptus
3296 3078 3418 3133 qua:

208 3159 446 3229 μάλιστα
471 3159 816 3229 ἀνθρωπίνην
855 3157 1151 3226 ἀξιωθῆναι
1182 3157 1362 3224 φύσιν,
1392 3152 1502 3209 οἷον
1535 3155 1765 3209 ἔπαθλον

1868 3168 2069 3206 summa
2097 3162 2310 3222 poterat
2339 3154 2590 3208 humame
2619 3163 2827 3208 natura:
2855 3156 3139 3227 obtingere
3160 3141 3434 3222 dignitas,

202 3247 306 3316 τῆς
336 3248 610 3317 μακαρίας
623 3233 835 3317 ἐκείνης
856 3245 1168 3307 ἀναδάσεως
1181 3246 1326 3311 ἄξιον
1349 3246 1447 3314 τὴν
1469 3246 1658 3316 χρόνου
1675 3245 1768 3297 καὶ

1861 3242 2011 3295 velut
2061 3243 2340 3310 praemium
2389 3243 2562 3298 beata:
2605 3243 2755 3297 illius
2805 3242 3143 3296 ascensionis
3191 3242 3413 3310 dignum

207 3335 422 3404 φύσεως
441 3336 539 3406 τὴν
557 3335 767 3405 γένεσιν
786 3335 1224 3404 περιγράφουσαν
1243 3334 1524 3404 κομίζεται
1545 3334 1762 3401 γνῶσιν,

1863 3334 2228 3403 cognitionem
2255 3343 2495 3403 reportat
2526 3334 2784 3402 temporis
2828 3343 2990 3402 atque
3051 3340 3258 3385 natura:
3304 3346 3417 3384 οτι-

199 3426 302 3496 καὶ
316 3425 485 3479 τύπον
516 3425 609 3480 καὶ
646 3426 994 3497 παράδειγμα
1025 3425 1132 3478 τῶν
1164 3425 1373 3494 ἀρετῶν
1410 3425 1572 3478 αὐτὸν
1607 3442 1761 3493 ποιη-

1865 3424 2004 3492 ginis
2033 3424 2440 3492 descriptivam,
2479 3424 2598 3494 ipso
2637 3425 2746 3479 Deo
2786 3433 3041 3493 tanquam
3089 3430 3216 3493 typo
3252 3430 3416 3489 atque

204 3513 442 3582 σάμενος
463 3515 552 3568 τὸν
579 3515 729 3578 Θεὸν,
757 3516 892 3583 πρὸς
910 3514 969 3567 ὃν
998 3514 1245 3582 καθάπερ
1294 3513 1509 3581 γραφὴν
1552 3513 1762 3577 εὐφυῶς

1863 3513 2111 3580 exemplo
2141 3514 2406 3566 virtutum
2439 3516 2718 3583 proposito
2739 3554 2755 3576 ,
2811 3514 2876 3568 ad
2911 3515 3068 3583 cujus
3101 3511 3413 3581 imaginem,

200 3604 299 3656 τοῦ
326 3604 631 3672 ἀρχετύπου
655 3605 752 3672 τὴν
782 3604 1011 3672 μίμησιν
1034 3601 1309 3666 σώζουσαν
1335 3601 1527 3652 ἑαυτὸν
1556 3602 1760 3652 ἀποτυ-

1864 3603 1932 3655 ad
1989 3605 2189 3656 tabula:
2236 3605 2409 3658 instar
2457 3605 2814 3674 archetypum
2857 3604 3083 3673 pulchre
3129 3599 3417 3655 referentis

201 3691 397 3754 ωὼσας
427 3693 635 3744 κάτεισι
656 3691 748 3743 τοῦ
777 3691 953 3760 ὅρους,
979 3685 1046 3760 ἦς
1072 3690 1358 3759 μετείληφε
1387 3687 1540 3756 δόξης
1563 3688 1700 3739 κατὰ
1717 3687 1761 3718 ⁸⁸

1862 3699 2145 3758 postquam
2175 3706 2233 3744 se
2261 3692 2437 3759 ipsum
2466 3691 2818 3754 deformavit,
2855 3693 2923 3744 de
2954 3699 3140 3744 monte
3184 3690 3415 3744 descen-

200 3780 264 3834 τδ
289 3782 580 3848 πρόσωπον
606 3780 979 3849 ὲπισημαίνων
1006 3781 1103 3850 τὴν
1129 3781 1288 3849 χάριν
1310 3781 1403 3833 καὶ
1440 3777 1761 3841 τοῖςάλλοις

1864 3778 1965 3840 dit,
1995 3780 2178 3848 gloria:
2201 3773 2306 3848 qua
2357 3779 2665 3847 impertitus
2694 3787 2810 3841 est,
2848 3779 3078 3848 gratiam
3110 3779 3247 3832 facie
3284 3793 3418 3847 quo-

155 3886 158 3889 '
200 3869 552 3937 ἀνθρώποις,
617 3870 803 3940 ὥσπερ
839 3870 1104 3932 θεωιδοῦς
1147 3872 1318 3923 τύπου
1360 3870 1528 3922 τύπον
1574 3869 1721 3922 ἑαυτέ

1866 3885 1970 3938 que
2003 3871 2226 3939 reliquis
2251 3871 2415 3938 etiam
2449 3870 2764 3924 hominibus
2803 3868 3136 3938 significans,
3161 3875 3417 3936 tanquam

201 3961 500 4031 γενόμενον
528 3962 771 4030 ἀφθόνως
801 3962 976 4023 διδοὺς
996 3961 1088 4014 καὶ
1112 3961 1516 4032 προτιθέμενος,
1541 3962 1633 4012 καὶ
1663 3959 1755 4027 δη-

1859 3957 2030 4012 divini
2086 3960 2194 4028 typi
2245 3968 2430 4029 typum
2481 3960 2657 4028 ipsum
2699 3957 2900 4012 factum
2950 3958 3173 4027 largiter
3222 3972 3421 4026 rephe-

179 4051 288 4106 ίλοζ
311 4051 471 4104 τοῦτο
498 4052 666 4104 ποιῶν
705 4052 829 4122 περὶ
851 4045 925 4103 ὧν
962 4049 1068 4103 εἶδέ
1103 4069 1160 4103 τε
1198 4054 1290 4104 καὶ
1313 4053 1513 4120 ἢκουσε
1538 4050 1616 4118 τῷ
1647 4049 1745 4118 λαᾷ

1861 4056 2083 4102 sentans
2109 4065 2228 4102 sese
2256 4059 2783 4118 atqueproponeus.
2847 4049 2913 4102 Et
2943 4047 3022 4101 sic
3071 4048 3272 4116 popqu
3300 4064 3418 4116 qua:

202 4133 590 4211 ἐξηγούμενος.
619 4143 713 4193 καὶ
755 4143 941 4210 γραφῇ
980 4143 1092 4203 τοῖς
1145 4142 1261 4211 μετ’
1281 4142 1440 4194 αὐτὸν
1487 4135 1598 4193 οἷὸν
1634 4157 1756 4192 τινα

1863 4138 2000 4192 vidit
2047 4155 2275 4209 quaeque
2300 4140 2511 4193 audivit
2556 4139 2828 4193 narrando
2857 4139 3056 4206 aperit,
3110 4138 3272 4191 etiam
3323 4153 3420 4206 per

203 4231 416 4301 κλῆρον
471 4231 742 4284 θεόσδοτον
806 4231 1125 4299 παραδιδοὺς
1187 4230 1278 4285 τοῦ
1342 4231 1474 4284 Θεοῦ
1532 4231 1601 4283 τὰ
1651 4249 1752 4300 μυ-

1956 4243 2070 4281 cras
2109 4229 2273 4281 veluti
2304 4229 2676 4282 [nereditatem
2704 4227 2991 4296 quamdam
3032 4244 3060 4280 a
3104 4229 3213 4282 Deo
3235 4228 3418 4281 datam
3517 4267 3522 4275 .

207 4322 433 4390 στήρια,
1861 4318 2170 4384 posteritati
2203 4319 2386 4372 divina
2426 4319 2681 4389 mysteria
2727 4319 3036 4372 relicturus.

206 4490 432 4557 Θεωρία
459 4490 566 4558 τῆς
600 4491 790 4557 Ἰησοῦ
812 4492 1145 4560 ἡγεμονίας,
1177 4492 1274 4544 καί
1301 4491 1408 4558 τῆς
1430 4490 1756 4558 διαϐάσεως

1850 4489 2220 4557 Contemplatio
2255 4489 2472 4542 ducatus
2506 4491 2649 4555 Iesu,
2684 4499 2731 4544 et
2789 4506 2884 4558 per
2916 4488 3208 4542 Iordanem
3236 4497 3416 4541 trans-

277 4577 390 4629 τοῦ
432 4579 742 4646 Ἰορδάνου.
790 4582 887 4632 καὶ
940 4580 1047 4647 τῆς
1102 4581 1382 4646 δευτέρας
1433 4581 1508 4634 δι’
1571 4583 1756 4636 αὐτοῦ

1917 4581 2019 4631 itus
2069 4589 2114 4629 et
2167 4577 2384 4630 ulterius
2419 4580 2481 4630 ab
2527 4579 2596 4631 eo
2625 4597 2717 4648 per
2766 4579 2997 4648 lapideos
3047 4573 3283 4629 cultellos
3338 4578 3421 4630 in-

276 4670 598 4737 περιτομῆς
630 4671 748 4735 τοῖς
776 4671 843 4724 ἐκ
871 4671 1087 4737 πέτρας
1117 4670 1377 4738 ξΙςρεσιν.

994 4687 1087 4735 ςας
1117 4670 1377 4738 ξΙςρεσιν.
1916 4670 2112 4721 stilum
2133 4668 2560 4733 circumcisionis,

241 4835 244 4838 ,
274 4772 468 4836 οὕτως
510 4774 712 4847 Ἰησοῦς
733 4779 760 4833 ὁ
788 4779 1022 4839 Μωσέως
1055 4779 1320 4846 διάδοχος,
1350 4779 1437 4829 ἵνα
1469 4779 1535 4830 τὰ
1582 4780 1754 4832 πολλὰ
1795 4778 1807 4830 Ι

1933 4781 2023 4835 Sic
2047 4781 2224 4842 Jesus,
2264 4779 2463 4849 Moysis
2490 4795 2803 4843 successor,
2843 4791 2902 4835 ut
2929 4781 3094 4834 multa
3113 4793 3232 4848 qua:
3257 4777 3324 4831 de
3352 4793 3419 4832 eo

201 4865 324 4920 τῶν
363 4865 491 4932 περὶ
534 4869 698 4919 αὐτοῦ
765 4869 1153 4938 ἱστορουμένων
1195 4867 1535 4937 παραδράμω
1569 4868 1657 4920 διὰ
1703 4870 1764 4920 τὸ

1892 4877 2160 4923 tarrautur
2191 4879 2414 4937 propter
2437 4885 2693 4937 magnum
2712 4885 2900 4937 eorum
2929 4884 3216 4922 numerum
3244 4875 3420 4921 trans-

201 4953 441 5021 πλῆθος,
473 4951 804 5028 παραλαϐὼν
833 4959 1013 5030 (ιιι
1039 4961 1088 5024 b)
1110 4960 1201 5010 τὸν
1231 4957 1356 5010 λαὸν
1385 4957 1597 5020 πολλοῖς
1628 4961 1762 5027 πρό-

1863 4961 2099 5029 grediar,
2134 4962 2356 5028 populo,
2387 4960 2480 5027 qui
2514 4960 2701 5014 multis
2735 4969 2892 5013 antea
2937 4961 3112 5013 modis
3138 4959 3191 5010 in
3229 4973 3419 5011 eremo

202 5060 375 5114 τερον
405 5048 537 5112 πρὸς
574 5035 854 5100 εὐσέϐειαν
882 5049 1231 5100 παιδευθέντα
1261 5045 1404 5099 κατά
1435 5046 1531 5114 τὴν
1556 5046 1761 5116 ἔρημον

1864 5051 1931 5103 ad
1970 5052 2227 5119 pietatem
2254 5051 2504 5103 eruditus
2531 5059 2669 5110 erat,
2716 5060 2842 5118 post
2883 5051 3080 5118 Moysis
3127 5047 3183 5100 in
3231 5058 3419 5102 monte

203 5137 460 5207 τρρποις,
499 5135 635 5202 μετά
663 5137 761 5202 τὴν
797 5140 854 5188 ἐν
903 5139 978 5207 τῷ
1016 5140 1132 5209 ὄρει
1169 5139 1440 5200 Μωῦσέως
1489 5137 1762 5205 τελευτὴν,

1868 5154 2099 5193 mortem
2144 5149 2421 5208 suscepto,
2448 5150 2494 5201 θ,
2532 5150 2586 5191 et
2619 5140 2832 5193 insolita
2856 5136 3292 5191 circumcisiouis
3333 5153 3420 5190 ra-

148 5297 152 5300 .
342 5223 476 5294 ξένῳ
501 5226 795 5292 περιτομῆς
833 5227 961 5278 είδει
996 5229 1323 5294 καθαγνίσας
1355 5228 1514 5280 αὑτὸν
1554 5230 1669 5298 ταῖς
1702 5230 1714 5278 ἐ

1874 5231 2020 5283 tione
2066 5247 2162 5298 per
2205 5230 2449 5298 lapideos
2500 5231 2751 5281 cultellos
2794 5229 3024 5278 lustrato
3045 5225 3092 5286 ἀ,
3133 5235 3418 5295 postquam

209 5315 425 5382 πέτρας
450 5314 776 5382 μαχαίραις,
804 5314 898 5364 καὶ
923 5315 1011 5366 τὸν
1047 5318 1315 5386 Ἰορδάνην
1341 5315 1672 5386 ξηρανθέντα
1698 5318 1761 5384 τῇ

1869 5319 2208 5372 diviuaarca
2261 5321 2534 5387 praemissa
2585 5320 2898 5370 universum
2955 5316 3217 5383 populqu
3269 5318 3416 5371 sicco

208 5403 519 5478 ἁρπομπῇ
553 5407 651 5474 τῆς
685 5403 832 5466 θείας
858 5402 1089 5456 κιϐωτοῦ
1111 5409 1234 5470 τοὺς
1268 5407 1362 5460 τοῦ
1389 5407 1517 5458 λαοῦ
1559 5406 1763 5468 πάντας

1867 5410 2156 5462 Jordaucut
2179 5410 2313 5477 pede
2337 5409 2635 5462 transmisit
2667 5419 2686 5444 ε
2711 5393 2728 5467 ,’
2759 5406 3090 5458 Salvatoreut
3119 5420 3213 5470 per
3239 5405 3416 5472 ipsum

287 5572 314 5599 ο
342 5558 497 5613 Deut.
518 5577 680 5624 xxxu,
705 5564 791 5618 t9.
862 5562 886 5602 δ
911 5563 1071 5617 .Iosue
1101 5581 1152 5628 v,
1173 5567 1226 5619 ‘2.
1307 5580 1327 5605 ο
1350 5569 1513 5622 Josue
1542 5584 1617 5631 ut,
1645 5569 1724 5620 l7.

1490 5705 1718 5760 VARUE
1754 5705 2158 5762 LECTIONES.
2388 5762 2393 5767 .

273 5808 731 5891 f'lApographum
785 5812 946 5868 habet
995 5808 1285 5884 ὑπίσχνιον.
1357 5819 1400 5849 ⁸³
1449 5818 1826 5891 Apograpbum
1875 5819 2035 5872 habet
2080 5818 2299 5890 ἄλληλα.
2395 5815 2438 5848 ⁵⁸
2484 5816 2672 5870 Manus
2702 5815 2874 5885 prima
2920 5815 3145 5870 «lcdcrat
3185 5815 3274 5870 καὶ
3317 5828 3416 5887 pro
