3966 6340
584 314 722 391 i123

1727 331 1787 396 S.
1827 332 2112 392 MAXIM!
2148 331 2650 393 CONFESSORIS

3629 321 3767 389 1124

578 457 704 495 nem
742 430 1177 499 sacrificantibus
1201 445 1298 499 Dei
1335 445 1561 516 gratiam
1592 446 1868 510 conciliat,
1922 454 1977 500 et
2015 445 2122 499 im-

2221 463 2372 508 ουσα,
2410 445 2485 512 τῷ
2512 446 2566 497 δὲ
2598 446 2707 503 τοῖς
2735 440 2920 493 θύουσι
2949 439 3015 493 δι’
3041 439 3364 509 οίκειότητος
3389 438 3482 491 τὸν
3522 437 3654 495 Θείαν
3679 437 3766 489 εὖ·

581 531 872 599 probitatis
893 532 1147 588 doctores
1174 536 1618 590 ratiocinationes
1653 544 1815 605 atque
1839 536 2124 605 sapientiae

480 668 485 679 τ
581 619 749 683 falsa,
775 635 897 689 qua
924 622 1109 675 verbis
1131 625 1262 691 agit,
1302 626 1583 680 damones
1621 626 1930 679 conﬁciens
1948 640 1979 678 a
2002 640 2126 693 pas-

584 710 797 762 sionum
824 712 1088 765 servitute
1123 714 1371 769 devictos
1394 702 1772 785 liberat),post
1796 716 1914 769 hac
1945 717 2125 769 omnia

475 797 478 800 ’
583 813 717 852 voce
745 800 863 868 ejus
888 800 941 854 in
975 817 1080 870 qua
1112 804 1259 858 Deus
1290 802 1487 871 inerat,
1510 805 1630 856 miti
1657 820 1813 867 aura,
1846 804 2032 857 audita
2057 803 2125 857 de

583 896 724 943 statu
759 887 868 944 tam
902 893 955 946 in
981 909 1233 949 sermone
1266 895 1771 964 proferendovquam
1798 895 1921 947 vitae
1948 895 2127 948 modis

582 994 649 1032 ac
679 981 925 1036 moribus
952 983 1140 1036 divino
1172 992 1227 1038 et
1260 995 1451 1053 pacato
1496 993 1551 1037 et
1584 985 1740 1053 plane
1774 979 2122 1036 immateriali

582 1082 647 1119 ac
682 1068 929 1137 simplice
974 1073 1262 1140 omnisque
1287 1073 1477 1127 forma:
1517 1088 1581 1125 ac
1630 1068 1830 1141 ἐρεοίεί
1874 1082 2121 1141 experte,

581 1156 677 1222 qui
703 1156 809 1210 diei
831 1165 924 1211 aut
945 1158 1304 1214 demonstrari
1329 1161 1537 1228 nequit,
1556 1160 1778 1229 mystice
1804 1160 2122 1215 docebatur.

580 1245 749 1316 Cujus
799 1248 1024 1316 gloriam
1061 1250 1363 1305 admiratus
1407 1250 1569 1303 simul
1620 1258 1674 1303 et
1716 1251 2124 1318 pulchritudine

584 1330 863 1395 percitus,
914 1334 1085 1404 magis
1132 1335 1359 1402 cupiens
1405 1351 1511 1389 una
1554 1351 1675 1389 esse
1723 1351 1884 1403 quam
1926 1338 2124 1391 sectari

581 1432 722 1482 eam,
760 1419 867 1473 hoc
890 1430 976 1474 est
1007 1436 1131 1474 cum
1154 1421 1385 1476 veritate
1412 1438 1532 1477 esse
1571 1424 1795 1477 omnino
1824 1441 1986 1493 quam
2024 1441 2124 1495 pro

583 1521 647 1559 ea
678 1523 936 1576 pugnare,
957 1511 1205 1579 nihilque
1238 1511 1427 1566 videre
1455 1523 1549 1567 aut
1570 1529 1727 1566 nosse
1747 1515 1890 1582 quod
1922 1515 2120 1580 obstet,

585 1610 652 1648 ne
682 1597 852 1650 Deum
888 1607 1060 1652 totv'm
1104 1601 1161 1654 in
1205 1602 1474 1656 universis
1520 1603 1680 1670 plene
1729 1605 1898 1667 norit,
1938 1591 2155 1663 multo.

585 1684 880 1748 pretiosius
928 1686 1225 1761 aestimans,
1277 1690 1341 1742 in
1374 1706 1537 1744 carne
1584 1707 1704 1745 esse
1752 1704 2068 1761 perseverat
2102 1735 2116 1759 ,

585 1780 873 1840 postquam
904 1774 1091 1830 divino
1111 1778 1379 1831 virtutum
1412 1794 1577 1834 cursu
1620 1783 1901 1835 materiam
1935 1786 2120 1837 emen-
2152 1762 2190 1819 Β

584 1875 676 1913 sus
699 1872 802 1922 est.
822 1879 943 1931 quae
970 1873 1222 1935 tanquam
1256 1870 1737 1937 praepedimentum
1775 1882 1858 1926 est
1880 1874 2122 1941 expediti

584 1948 890 2005 intellectus
943 1954 1010 2006 ad
1056 1955 1418 2024 intelligibilia
1462 1960 1757 2031 transitus,
1804 1975 1869 2013 ac
1921 1962 2123 2016 nubem

583 2038 776 2094 animae
808 2041 1107 2111 principale
1131 2045 1197 2098 de
1239 2034 1624 2100 affectionibus
1658 2050 1773 2102 suis
1798 2049 2119 2118 obscurans,

585 2135 721 2180 utet
749 2129 862 2203 ipse
891 2145 1081 2185 eorum
1111 2148 1232 2200 qua:
1249 2134 1652 2189 desideraverat
1679 2137 1949 2191 bonorum
1971 2155 2123 2195 sumr

583 2231 794 2269 morum
818 2234 1039 2288 compos
1080 2220 1256 2285 ﬁeret,
1295 2224 1351 2276 in
1398 2234 1661 2293 quantum
1698 2227 1793 2296 qui
1840 2229 2019 2284 adhuc
2062 2230 2118 2284 in

582 2320 744 2358 carne
788 2309 1129 2376 corruptibili
1168 2320 1417 2365 versatur
1460 2313 1514 2367 id
1553 2316 1783 2384 "assequi
1833 2327 2033 2386 potest,
2065 2328 2123 2374 et

582 2394 762 2456 nobis,
796 2395 853 2448 ni
883 2396 1061 2461 fallor,
1117 2412 1307 2453 eorum
1339 2399 1783 2471 quaa'prmdiCata
1830 2412 1955 2461 sunt
1984 2407 2121 2464 ﬁdes

581 2483 1052 2538 corroborarctur.
1099 2486 1212 2539 Hoc
1228 2488 1373 2542 enim
1409 2490 1575 2543 etiam
1617 2492 1758 2545 Deus
1794 2493 1845 2546 ei
1877 2494 2123 2562 impertit

582 2585 680 2637 per
698 2586 858 2626 voces
882 2573 1018 2628 adeo
1039 2576 1263 2649 mystice
1288 2586 1344 2631 et
1367 2579 1721 2634 ineﬂ‘abiliter
1745 2583 1942 2647 editas,
1970 2583 2120 2650 quod

583 2671 691 2711 una
718 2674 838 2714 esse
858 2675 982 2717 cum
1004 2663 1114 2718 Deo
1137 2659 1347 2733 in‘pace
1373 2670 1569 2735 quovis
1616 2669 1723 2722 alio
1764 2670 1909 2725 bono
1934 2672 2123 2728 utilius

579 2744 672 2797 sit.
792 2758 795 2761 ·

2225 533 2537 601 μενίζωυσα.
2584 533 2694 583 κατ
2727 531 2849 591 τοὺς
2902 533 2997 599 τῆς
3030 529 3223 590 κακίας
3251 527 3603 588 διδασκάλους
3629 527 3764 593 λογι-

2224 623 2390 690 σμούς
2418 639 2473 672 τε
2505 623 2599 672 καὶ
2625 620 2880 688 δαίμονας
2908 618 3222 685 λογοσοφίας
3253 616 3510 669 κτιννῦσα
3538 619 3636 685 τῆς
3661 616 3763 667 τῶν

2222 710 2409 761 παθῶν
2435 709 2671 770 δουλείας
2694 708 2817 770 τοὺς
2847 706 3277 774 κεκρατημένους
3310 705 3604 774 ἐλευθεροῖ)
3634 704 3762 771 μετά

2221 797 2389 849 ταῦτα
2419 797 2592 849 πάντα
2632 797 2810 864 φωνῆς
2836 798 2933 864 τῆς
2956 797 3013 846 ἐν
3046 788 3077 864 ᾗ
3110 796 3138 847 ὁ
3161 793 3292 856 Θεὸς
3322 794 3535 862 ὑπῆρχε
3566 792 3761 865 λεπτῆς

2222 883 2391 952 αῦρας
2436 883 2750 952 αἰσθόμενος
2787 882 2884 951 τὴν
2928 881 3174 952 προφορᾷ
3221 881 3378 947 λόγου
3414 882 3512 932 καὶ
3540 879 3759 948 τρόποις

2224 971 2336 1040 βίου
2355 972 2447 1023 καὶ
2471 973 2623 1041 ἤθεσι
2648 970 2795 1023 θείαν
2827 970 2918 1022 καὶ
2945 969 3212 1036 ἀτάραχον
3237 969 3331 1020 καὶ
3358 968 3645 1037 εἰρηνικὴν
3673 969 3761 1020 καὶ

2221 1060 2497 1122 παντελῶς
2530 1059 2687 1113 ἆῦλον
2724 1059 2815 1111 καὶ
2856 1058 3031 1124 ἁπλῆν
3070 1058 3163 1110 καὶ
3191 1057 3389 1117 παντδς
3422 1056 3596 1118 εἴδους
3626 1057 3761 1109 ἐλευ-

2222 1152 2381 1219 θέραν
2410 1148 2500 1200 καὶ
2533 1152 2807 1217 σχήματος
2836 1147 3015 1216 (143
3055 1148 3107 1214 b)
3137 1149 3486 1209 κατάστασιν,
3519 1146 3760 1214 λεχθῆναι

2222 1242 2254 1309 ἢ
2292 1241 2562 1310 δειχθῆναι
2628 1241 2704 1307 μὴ
2745 1239 3066 1306 δυναμένην,
3123 1237 3393 1305 μυστικῶς
3436 1237 3756 1289 ὲδιδάσκετο.

2220 1325 2326 1391 Ἶῐς
2359 1329 2729 1394 καταπλαγείς
2764 1345 2820 1378 τε
2854 1328 2950 1393 τὴν
2981 1326 3137 1389 δόξαν
3180 1326 3276 1379 καὶ
3301 1326 3377 1394 τῷ
3411 1326 3595 1378 κάλλει
3626 1344 3757 1394 τρω-

2221 1419 2355 1483 θεὶς,
2384 1418 2477 1471 τοῦ
2508 1419 2750 1487 ζηλωτὴς
2784 1410 2925 1468 εῖναι
2951 1416 3009 1468 τὸ
3039 1416 3171 1484 πρὸς
3200 1416 3364 1483 αὐτὴν
3400 1412 3540 1466 εἶναι
3574 1416 3758 1483 μᾶλλον

2220 1508 2480 1573 ποθήσας,
2526 1507 2766 1560 τουτέστι
2813 1504 2904 1557 τοῦ
2937 1505 3072 1572 ὑπὲρ
3117 1503 3368 1573 ἀληθείας
3404 1504 3667 1572 μάχεσθαι
3706 1503 3758 1556 τὸ

2222 1598 2358 1667 μετά
2392 1599 2491 1665 τῆς
2548 1596 2802 1665 ἀληθείας
2847 1594 2912 1645 δι’
2961 1593 3080 1645 ὅλου
3136 1594 3408 1660 γενέσθαι,
3458 1596 3552 1646 καὶ
3605 1594 3758 1663 μηδὲν

2190 1688 2589 1755 ἀντικείμενον
2632 1687 2764 1755 ὀρᾷν
2807 1685 2839 1752 ἢ
2875 1682 3158 1751 γινώσκειν
3186 1680 3270 1751 τῷ
3316 1686 3471 1751 μόνον
3506 1684 3595 1735 τδν
3636 1685 3757 1736 Θεὸν

2218 1778 2335 1829 ὅλον
2364 1777 2431 1829 δι’
2454 1777 2576 1828 ὂλου
2605 1776 2662 1826 ὲν
2689 1774 2855 1826 πᾶσιν
2872 1773 2997 1825 δντα
3027 1772 3347 1825 ἐπίστασθαι
3373 1773 3553 1843 πολλῷ
3576 1773 3757 1844 τιμιώ-

2217 1883 2372 1935 τερον
2400 1864 2610 1935 κρξνας,
2638 1863 2717 1916 ἔτι
2743 1862 2816 1914 ὢν
2853 1863 2909 1913 ὲν
2934 1863 3097 1931 σαρκὶ
3124 1861 3258 1928 πρὸς
3305 1863 3476 1930 αὐτὴν
3508 1865 3755 1934 ὑπάρχων

2218 1953 2561 2021 φυλάττεται,
2603 1951 2731 2021 θείῳ
2776 1950 2984 2022 ἀρετῶν
3031 1951 3238 2020 ἅρματι
3288 1952 3386 2021 τὴν
3421 1951 3554 2022 ὕλην
3586 1954 3765 2011 διαπεί

2221 2043 2405 2111 ράσας,
2434 2042 2509 2103 ὡς
2537 2040 2903 2111 προκάλυμμα
2928 2038 3029 2106 τῆς
3062 2039 3303 2108 καθαρᾶς
3347 2041 3441 2092 τοῦ
3492 2040 3583 2092 νοῦ
3627 2041 3750 2110 πρὸς

2216 2129 2283 2182 τά
2310 2130 2476 2198 νοητά
2504 2129 2823 2193 διαϐάσεως,
2857 2130 2951 2181 καὶ
2973 2129 3070 2196 τῆς
3101 2128 3298 2199 σαρκὸς
3318 2129 3378 2180 τὸ
3392 2130 3554 2197 νέφος
3568 2130 3629 2182 τὸ
3650 2132 3755 2183 ἐπι-

2220 2217 2443 2269 σκοτοῦν
2483 2216 2561 2285 τῷ
2611 2214 2923 2286 ἡγεμονικῷ
2963 2216 3061 2284 τῆς
3097 2215 3273 2286 ψυχῆς
3324 2217 3411 2269 διὰ
3448 2218 3558 2269 τῶν
3603 2219 3755 2287 αὐτῆς

2218 2306 2575 2377 παθημάτων,
2623 2307 2719 2360 ἵνα
2769 2306 2863 2360 καὶ
2910 2304 3067 2368 αὐτὸς
3114 2299 3188 2358 ὧν
3223 2307 3487 2375 ἐπόθησεν
3520 2308 3769 2377 ἀρρήτων

2217 2394 2436 2463 ἀγαθῶν
2481 2396 2706 2465 μέτοχος
2732 2394 2992 2463 γένηται,
3036 2394 3110 2455 ὡς
3156 2395 3372 2461 ἐφικτὸν
3416 2395 3493 2463 τῷ
3520 2396 3601 2446 ἔτι
3633 2395 3754 2464 μετά

2222 2484 2423 2553 σαρκὸς
2462 2487 2560 2554 τῆς
2603 2484 2706 2536 ὑπὸ
2736 2483 2961 2554 φθοράν,
2992 2483 3085 2535 καὶ
3130 2483 3259 2553 ἡμῖν
3285 2484 3423 2551 τάχα
3468 2484 3578 2536 τῶν
3602 2488 3755 2553 ἐπηγο

2218 2572 2493 2642 γελμένων
2519 2573 2708 2643 βεϐαία
2733 2575 2955 2641 γένηται
2982 2573 3260 2637 πίστωσις.
3285 2574 3453 2628 Τοῦτο
3483 2576 3592 2645 γὰρ
3622 2574 3755 2644 αὐτῷ

2218 2663 2309 2714 καὶ
2334 2664 2362 2715 ό
2390 2663 2520 2725 Θεὸς
2549 2663 2830 2715 ὑπετίθετο
2859 2664 2945 2715 διά
2974 2663 3080 2715 τῶν
3102 2663 3241 2716 οὕτω
3270 2665 3550 2733 μυστικῶς
3574 2665 3745 2735 δεδρα·

2221 2749 2682 2821 ματουργημένων
2730 2750 3013 2820 ἀλαλήτοις
3056 2751 3213 2821 βοῶν,
3248 2753 3330 2805 ὅτι
3373 2742 3573 2816 παντὸς
3608 2753 3752 2806 ἄλλον

2216 2837 2424 2904 ἀγαθοῦ
2456 2840 2513 2890 τὸ
2545 2837 2681 2909 μετὰ
2709 2836 2845 2890 Θεοῦ
2874 2839 3034 2907 μόνου
3068 2838 3155 2891 διὰ
3206 2838 3305 2907 τῆς
3354 2839 3575 2907 εἰρήνης
3623 2833 3749 2890 εἶναι

2213 2925 2667 2997 λυσιτελέστερον.
3086 2990 3091 2993 τ
3278 2922 3281 2924 ’

687 3092 1066 3165 Contemplatio
1102 3100 1157 3152 in
1188 3100 1439 3157 Eliswum
1464 3106 1573 3174 ejus
1618 3106 1926 3176 discipulum
1973 3122 2022 3165 ιι.

2229 3116 2443 3184 Θεωρία
2473 3120 2560 3182 εις
2585 3118 2690 3171 τὸν
2732 3117 3095 3184 Ἐλισσαῖον,
3130 3118 3238 3171 τὸν
3262 3118 3448 3173 αὑτοῦ
3465 3120 3747 3191 μαθητήν,

652 3208 743 3264 Sic
765 3210 927 3281 hujus
964 3213 1266 3283 discipulus
1304 3226 1361 3269 et
1397 3217 1622 3285 spiritus
1664 3220 1839 3283 haeres
1868 3224 2113 3294 Elismus,

2282 3228 2465 3292 Οὕτως
2509 3232 2538 3282 ὁ
2594 3229 2783 3284 τούτου
2841 3229 3084 3301 μαθητὴς
3137 3232 3231 3284 καὶ
3278 3217 3607 3303 κληρονόμος
3655 3233 3744 3287 τοῦ

580 3311 746 3351 sensu
790 3306 900 3352 non
939 3302 1049 3370 jam
1096 3304 1470 3359 materialibus
1506 3309 1665 3378 nugis
1703 3323 1965 3382 occupato
2004 3319 2115 3371 acri

2218 3320 2518 3391 πνεύματος
2552 3319 2846 3383 Ἐλισσαῖος
2896 3319 3090 3390 μηκέτι
3128 3322 3249 3384 ταῖς
3287 3302 3500 3385 ὑλικαῖς
3559 3339 3747 3393 φαντα-

582 3386 865 3453 ρταξᾱίιιιε,
889 3396 1075 3455 utpote
1102 3391 1439 3459 spiritalibus
1455 3394 1565 3463 jam
1587 3399 1773 3466 gratiis
1790 3412 1966 3457 mente
1989 3419 2117 3472 per-

2218 3386 2367 3469 οίαις⁷
2386 3408 2648 3479 ἐχομένην
2688 3409 2826 3478 ἔχων
2862 3386 2930 3460 δὲ*
2952 3386 3227 3488 ίνεργείας
3245 3409 3342 3478 τὴν
3359 3386 3628 3478 αἴσθησιν,
3658 3386 3746 3464 in

581 3474 756 3538 fusus,
787 3474 996 3528 divinas
1034 3477 1189 3531 malis
1213 3479 1551 3537 adversarias
1575 3495 1870 3553 potestates
1910 3492 2117 3545 circum

2218 3474 2557 3543 διαδαθείσαν
2601 3474 2699 3561 ἤδη
2720 3474 2853 3554 ’ταῖς
2892 3474 3187 3557 κατὰῗνοῦν
3212 3474 3311 3546 τοῦ.
3337 3474 3638 3564 πνεύματος
3664 3497 3753 3565 χάτ

580 3578 641 3617 se
663 3579 761 3632 per
786 3565 945 3618 aliam
970 3567 1445 3652 Oculorum'aciem
1470 3580 1577 3627 tam
1607 3574 1721 3643 ipse
1740 3579 1933 3632 videns
1955 3596 2116 3649 quam

2220 3598 2351 3647 ρισι,
2385 3583 2482 3643 τὰς
2509 3584 2627 3642 ταῖς
2655 3584 2917 3651 πονηραῖς
2956 3581 3262 3644 ἀντιθέτως
3309 3581 3471 3661 θείας
3500 3583 3743 3654 δυνάμεις

582 3669 753 3721 puero
778 3656 964 3710 videre
993 3639 1593 3725 largiens"validiorem
1632 3663 1949 3719 inﬁrmitate
1986 3669 2116 3732 vim,

2218 3639 2280 3714 πε
2289 3639 2346 3732 pi
2372 3639 2532 3718 αὑτὸν
2551 3639 2714 3729 οὔσας
2733 3639 2811 3719 δί’.
2827 3639 2990 3735 ἄλλης
3015 3639 3277 3735 ὀμμάτων
3296 3639 3571 3739 ἐνεργείας
3593 3639 3745 3735 ainde

581 3759 764 3808 carne,
789 3744 1030 3813 inquam,
1065 3747 1212 3801 circa
1235 3764 1396 3817 quam
1431 3752 1649 3804 malitiae
1681 3753 1906 3820 spiritus
1937 3770 2119 3811 acrem

2218 3767 2273 3801 τε
2302 3751 2440 3819 ὁρῶν
2479 3753 2572 3803 καὶ
2604 3753 2680 3821 τῷ
2726 3756 2951 3822 φοιτητῇ
2980 3753 3038 3805 τὸ
3067 3755 3208 3823 όρᾷν
3237 3758 3583 3827 χαριζόμενος
3611 3763 3755 3831 ισχυ-

584 3833 917 3887 intellectum
946 3836 1001 3888 in
1031 3836 1245 3890 insidiis
1267 3838 1559 3903 collocant,
1603 3849 1659 3894 et
1697 3842 1964 3909 potiorem
2002 3847 2119 3900 ani-

2220 3841 2440 3908 ροτέραν
2473 3840 2572 3906 τῆς
2619 3841 2898 3903 ἀσθενείας
2957 3842 3052 3912 τὴν
3093 3844 3340 3915 δύναμιν,
3378 3848 3520 3916 λέγω
3563 3850 3623 3919 δὴ
3661 3853 3751 3919 τῆς

584 3937 725 3974 mam
752 3938 892 3989 esse,
925 3924 1070 3978 circa
1098 3941 1259 3994 quam
1281 3929 1591 3998 angelorum
1616 3932 1913 4003 phalanges
1938 3946 2116 3992 castra

2429 3932 2483 4000 α)
2514 3932 2729 4002 σαρκὸς.
2780 3935 2904 4003 περὶ
2953 3935 3019 4004 ἢν
3067 3936 3163 4005 τῆς
3213 3940 3473 4008 πονηρίας
3504 3940 3577 3993 τὰ
3606 3940 3751 4017 mg.

585 4011 863 4076 muniunt,
888 4010 1035 4067 velut
1069 4017 1268 4085 regiam
1297 4018 1585 4090 imaginem
1623 4022 2113 4092 circumsistentes,

581 4108 642 4154 et
660 4101 853 4157 doetus
876 4113 959 4161 est
984 4114 1041 4160 et
1066 4105 1270 4162 docuit.

649 4586 742 4647 Sic
771 4587 933 4641 etiam
983 4588 1140 4643 beata
1182 4591 1335 4646 Anna
1385 4594 1565 4663 magni
1606 4594 1874 4650 Samuelis
1909 4605 2114 4661 mater,

581 4676 787 4730 sterilis
828 4677 1128 4748 liberisque
1156 4695 1346 4735 carens
1396 4698 1520 4744 cum
1572 4684 1787 4737 ventris
1823 4684 2057 4737 fructum
2089 4702 2119 4738 a

573 4765 691 4818 Deo
727 4766 1007 4833 postulans
1057 4769 1393 4824 reddituram
1430 4787 1486 4826 se
1522 4783 1579 4825 et
1610 4788 1803 4826 rursus
1842 4775 2115 4841 gratiﬁca-

534 4902 537 4907 λ
579 4862 754 4907 turam
780 4856 921 4923 quod
939 4857 1177 4911 dedisset
1206 4859 1378 4913 datori
1406 4876 1501 4939 per
1525 4862 1795 4933 assiduam
1826 4863 1880 4915 in
1918 4865 2118 4932 templo

578 4946 944 5011 precationem
975 4961 1099 5001 cum
1132 4948 1345 5003 fervore
1374 4946 1994 5023 polliceretur,mystice
2026 4955 2118 5007 do-

577 5035 689 5087 cuit
703 5051 915 5090 omnem
932 5038 1165 5091 animam
1187 5038 1521 5108 voluptatum
1543 5043 1836 5095 carnalium
1853 5044 2113 5106 sterilem,

577 5134 797 5191 propter
826 5126 1088 5190 divinam,
1126 5129 1390 5183 virtutum
1415 5132 1714 5185 seminibus
1749 5133 2013 5201 indigere,
2054 5142 2115 5186 ut

578 5212 839 5263 rationem
874 5214 982 5266 Deo
1012 5216 1353 5271 obedientem
1381 5259 1395 5281 ,
1436 5230 1665 5287 quaeque
1708 5235 1771 5273 ea
1826 5237 1946 5290 quae
1988 5231 2113 5275 ante

574 5308 699 5351 sunt
725 5300 1021 5365 prudenter
1063 5319 1283 5360 cernere
1322 5308 1533 5371 calleat,
1577 5319 1754 5365 mente
1796 5322 2109 5379 conceptam

576 5398 733 5456 partu
774 5406 1059 5456 procreare
1094 5396 1298 5461 possit,
1347 5412 1446 5465 per
1502 5398 1773 5452 assiduam
1818 5416 1938 5453 cum
1980 5416 2111 5454 con-

643 5546 671 5572 ³
692 5540 753 5589 lV
786 5542 910 5609 iit‘g.
936 5559 987 5605 ll,
1017 5545 1059 5597 ἱ.
1142 5548 1208 5600 υιί
1236 5548 1426 5619 Ile-3.1,
1450 5551 1535 5603 20.

775 4479 1154 4549 Contemplatio
1193 4484 1246 4535 in
1271 4480 1483 4538 Ann'am
1506 4493 1553 4537 et
1585 4484 1880 4555 Samuelem
1897 4498 1937 4541 ⁸.
2144 4516 2188 4568 D

2222 4036 2362 4087 ματα
2390 4021 2479 4071 τὸν
2512 4021 2810 4089 διορατικὺν
2839 4024 2959 4076 νοῦν
3009 4026 3361 4097 ἐνεδρεύουσι,
3414 4032 3572 4085 πλέον
3615 4033 3748 4101 ἔχειν

2221 4109 2320 4176 τὴν
2346 4104 2540 4178 ψυχὴν,
2577 4112 2701 4181 περὶ
2728 4113 2792 4181 ἢν
2819 4112 2926 4165 τῶν
2949 4116 3193 4181 ἀγγέλων
3227 4119 3284 4170 αἱ
3319 4121 3589 4187 φάλαγγες
3615 4138 3747 4188 παρ-

2219 4196 2595 4263 εμϐάλλουσιν,
2649 4194 2757 4251 οἷον
2792 4200 3072 4273 βασιλικὴν
3108 4206 3291 4259 είκόνα
3336 4210 3744 4278 περιῖστάμενοι,

2214 4287 2304 4338 καὶ
2329 4286 2629 4341 ὲδιδάσκετο
2655 4288 2748 4340 καὶ
2773 4287 3064 4342 ἐδίδασκεν.

2355 4494 2570 4560 ΘεωρΙα
2592 4493 2678 4555 είς
2701 4490 2813 4556 τὴν
2845 4492 3057 4542 Ἄνναν
3078 4490 3173 4542 καί
3197 4491 3300 4545 τὸν
3321 4495 3615 4563 Σαμουήλ.

2283 4602 2437 4655 Οῦτω
2469 4602 2563 4653 καὶ
2595 4601 2626 4668 ἠ
2664 4599 2911 4668 μακαρία
2940 4601 3159 4669 Ἀνναὴ
3192 4600 3287 4653 τοῦ
3313 4604 3548 4670 μεγάλου
3572 4599 3743 4672 μήτηρ

2214 4692 2481 4763 Σαμουὴλ,
2522 4692 2705 4759 στεῖρα
2725 4685 2857 4742 οὖσα
2894 4692 2985 4743 καὶ
3021 4691 3261 4756 ἄτεκνος,
3307 4694 3457 4762 παρὰ
3487 4694 3576 4746 τοῦ
3614 4692 3740 4745 Θεοῦ

2214 4782 2421 4853 καρπὸν
2470 4780 2803 4850 αἰτησαμένη
2836 4780 3060 4844 κοιλίας,
3089 4783 3181 4833 καὶ
3212 4781 3526 4841 ἀντιδώσειν
3548 4783 3635 4834 καὶ
3658 4783 3743 4835 ἀνα

2212 4867 2583 4937 τιχαρίζεσθαι
2610 4870 2668 4920 τὸ
2704 4868 3056 4938 δοθησόμενον
3084 4868 3161 4938 τῷ
3177 4869 3379 4921 διδόντι
3409 4870 3500 4921 καὶ
3540 4869 3743 4938 χαριζο-

2224 4958 2365 5026 μένῳ
2408 4955 2524 5024 Θεῷ
2560 4956 2645 5008 διὰ
2676 4958 2772 5026 τῆς
2810 4960 2868 5010 ἐν
2912 4956 2989 5025 τῷ
3020 4956 3128 5025 ναῷ
3167 4958 3517 5027 προσεδρείας
3543 4958 3743 5027 θερμῶς

2222 5043 2583 5113 ὑποσχομένη,
2625 5044 2868 5097 ἐδίδασκε
2908 5043 3179 5111 μυστικῶς
3216 5044 3277 5095 τὸ
3308 5043 3416 5094 δεῖν
3454 5044 3626 5095 πᾶσαν
3658 5043 3742 5111 ψυ-

2220 5133 2317 5200 χὴν
2364 5134 2561 5201 ἡδονῶν
2618 5135 2891 5203 σαρκικῶν
2926 5132 3339 5202 ,στειρεύουσαη
3392 5132 3478 5185 διὰ
3522 5132 3614 5200 τῆς
3657 5131 3740 5186 τοῦ

2219 5221 2373 5284 Θεοῦ,
2406 5223 2509 5274 τῶν
2540 5224 2745 5293 ἀρετῶν
2772 5224 2837 5275 τὰ
2868 5222 3174 5290 σπέρματα,
3208 5222 3292 5272 ἵνα
3334 5222 3396 5270 τδ
3450 5220 3656 5290 βλέπειν
3680 5220 3741 5274 τά

2217 5310 2518 5377 ἔμπροσθεν
2552 5312 2863 5379 γνωστικῶς
2894 5312 3187 5380 δυνάμενον
3216 5310 3354 5362 κατά
3380 5310 3607 5362 διάνοιαν
3628 5310 3740 5363 συλ-

2215 5398 2448 5452 λαϐοῦσα
2478 5402 2712 5472 ὑπήκοον
2743 5400 2835 5453 τοῦ
2866 5399 2997 5451 Θεοῦ
3026 5400 3180 5466 λόγον
3216 5397 3307 5451 καὶ
3339 5400 3560 5453 τεκοῦσα
3582 5413 3739 5469 προσ·
