3966 6340
152 447 279 511 ηας.
1335 431 1844 494 AMBIGUORUM
1887 430 2135 488 LIBER.
2329 455 2332 460 ·
3194 421 3336 490 M25

149 561 357 628 ινόγκαι
401 551 623 622 δυνηθῇ,
660 548 748 602 διὰ
788 548 884 617 τῆς
939 543 1081 600 κατά
1130 542 1230 613 τὴν
1272 542 1728 611 θεωρίαν-εὐσεκ

1824 537 2146 605 emplatione
2173 536 2545 605 precationem
2575 549 2673 603 pro
2697 548 2891 604 magno
2912 541 3075 602 atque
3105 533 3345 601 pretium

150 621 270 708 ὕοῦξ
296 621 664 713 προσεδρείας,
691 633 766 697 ὡς
795 632 939 703 μέγα
962 630 1122 702 χρέος
1166 629 1258 682 καὶ
1293 629 1494 697 τίμιον,
1523 628 1686 697 μηδὲν

1827 628 1881 680 lo
1907 626 2118 688 debito,
2147 640 2258 679 non
2287 625 2570 694 proprium
2605 623 2810 677 habere
2840 625 3096 686 censéns,
3121 621 3260 674 adeo
3287 629 3347 676 ut

150 735 275 788 [διον
323 729 466 800 ῑχιιν
507 722 785 794 κρίνουσα,
819 719 959 772 ὥστε
1005 719 1174 783 δεῖξαι
1214 717 1305 770 τὸν
1347 717 1479 768 Θεδν
1527 716 1686 784 μόνον

149 823 354 876 διδόντα
379 835 436 872 τε
462 815 558 870 καὶ
595 813 882 883 δεχόμενον
900 826 914 840 ·
946 808 1088 862 καθά
1115 806 1216 859 πού
1257 822 1422 877 φησιν
1447 808 1476 858 ό
1503 805 1685 874 νόμος,

153 913 230 967 Τὰ
246 909 400 977 δῶρά
424 923 564 976 μου,
592 899 818 972 δόματα
846 916 988 968 μου,
1013 895 1370 965 καρπώματὰ
1397 913 1536 964 μου,
1560 895 1687 948 δια-

1785 726 1953 772 unum
1983 719 2153 770 Deum
2185 724 2239 770 et
2271 717 2517 769 datorem
2552 722 2607 768 et
2653 721 2997 783 acceptorem
3036 711 3346 781 signiticet:

1785 806 2246 876 quemadmodum
2283 804 2488 858 alicubi
2518 804 2603 856 lex
2633 804 2767 856 dicit
2799 821 2811 854 :
2849 803 3004 856 Dona
3049 817 3187 865 mea,
3234 816 3352 854 ma-

1787 915 1917 952 nera
1950 915 2087 961 mea,
2113 897 2373 963 sacriﬁcia
2414 912 2529 949 mea
2567 897 2694 949 mihi
2737 897 2919 965 oﬂ'erre
2973 895 3238 969 observate
3274 903 3303 943 P
3332 909 3350 958 ;

147 1002 431 1070 τηρήσετε
444 998 490 1029 ⁸⁸
519 990 880 1063 προσφέρειν
894 1005 1018 1057 μοι,
1047 986 1120 1050 ὡς
1149 986 1206 1052 ἐξ
1227 984 1392 1040 αὑτοῦ
1419 1002 1475 1038 τε
1498 987 1586 1039 καὶ
1612 986 1720 1047 εἰς’

1825 1003 1916 1053 um
1955 987 2211 1040 videlicet
2242 1001 2404 1039 omne
2436 985 2642 1039 bonum
2686 1001 2753 1038 ex
2799 1000 2864 1038 eo
2899 992 3159 1038 nascatur
3193 991 3248 1037 et
3294 983 3352 1037 in

147 1092 301 1147 αὑτὸν
330 1086 532 1149 παντὸς
577 1079 785 1151 ἀγαθοῦ
815 1081 908 1133 καὶ
940 1077 1245 1148 ἀρχομένου
1285 1078 1380 1130 καὶ
1416 1078 1691 1146 λήγοντος.

1827 1091 1916 1129 um
1943 1076 2195 1129 desinat;
2235 1075 2437 1128 Idonea
2469 1077 2617 1128 enim
2663 1082 2750 1128 est
2797 1075 2892 1128 Dei
2940 1076 3080 1127 ratio
3128 1073 3355 1142 quibus-

148 1183 359 1249 Πὲφυκε
387 1179 497 1246 γάρ
525 1178 554 1228 ό
577 1174 672 1227 τοῦ
706 1169 841 1224 Θεοῦ
888 1169 1044 1237 λόγος
1075 1161 1155 1229 οἷς
1190 1166 1255 1220 ἂν
1284 1167 1570 1235 δγγένηται
1595 1166 1695 1234 τῆς

1824 1181 2014 1234 .unque
2066 1167 2252 1218 innata
2303 1173 2389 1217 est
2435 1164 2502 1216 ad
2535 1164 2719 1218 carnis
2752 1171 2935 1216 motus
2975 1163 3356 1232 reprimendas

149 1288 202 1324 τε
235 1268 440 1337 σαρκὸς
470 1265 677 1319 ἀθετεῖν
718 1260 786 1313 τὰ
825 1257 1101 1334 κινήματα
1140 1257 1357 1325 καὶτῆς
1393 1256 1529 1325 πρὸς
1555 1255 1694 1307 αὑτά

1824 1268 1905 1306 non
1937 1254 2116 1306 minus
2153 1267 2315 1321 quam
2347 1252 2414 1306 ad
2442 1253 2701 1316 animam,
2740 1269 2808 1307 ne
2832 1252 2901 1306 ad
2928 1253 3050 1306 illos
3093 1253 3353 1316 declinet,

151 1361 241 1431 τὴν
272 1357 451 1428 ψυχὴν
494 1352 834 1408 ἀναστέλλειν
864 1349 1058 1418 ῥοπῆς,
1094 1347 1206 1400 ,καὶ
1248 1346 1426 1413 πάσης
1455 1341 1695 1414 πληροῦν

1824 1342 2180 1408 :ohibendam,
2207 1353 2265 1396 et
2309 1343 2501 1411 quavis
2531 1356 2659 1398 vera
2707 1339 3021 1412 cognitione
3072 1344 3388 1412 complen-.

153 1449 374 1521 ἀληθοῦς
405 1445 766 1514 διαγνώσεως.
1050 1444 1055 1449 ’
1798 1432 1954 1485 dam,

158 1621 367 1696 Θεωρία
414 1627 502 1689 εις
543 1622 650 1676 τὸν
685 1617 1042 1688 ἀφορίζοντα
1088 1615 1202 1683 τὴν
1243 1615 1579 1683 ἀκάθαρτον
1615 1617 1695 1667 οἱ·

1824 1611 2185 1681 Iontemplatio
2217 1612 2272 1664 in
2314 1626 2432 1663 eum
2467 1611 2558 1680 qui
2598 1593 2811 1664 domum
2847 1612 3114 1681 impuram
3161 1624 3364 1687 mont-

841 1709 1002 1762 xlar.

220 1827 330 1882 Καὶ
381 1825 493 1895 γὰρ
540 1822 632 1876 τὸν
664 1801 813 1890 ἱερέα
851 1817 992 1872 κατά
1028 1817 1129 1888 τὴν
1169 1815 1396 1886 νομικὴν
1437 1813 1699 1882 διαταγὴν

2361 1766 2368 1770 γ
2390 1699 2623 1752 υιιιηὶεαι
2647 1708 2695 1750 tt.

1868 1811 2004 1867 Nam
2033 1811 2378 1865 sacerdotem
2403 1825 2623 1878 quoque
2648 1811 2948 1864 secundum
2974 1812 3109 1880 legis
3143 1813 3368 1869 manda-

158 1919 386 1973 είσιόντα
435 1915 514 1978 είς
551 1913 652 1983 τὴν
687 1908 964 1982 (ιωι)
1015 1897 1137 1961 καθ’
1198 1905 1472 1960 ὁντιναοῦν
1506 1905 1705 1975 τρόπον

1824 1917 1925 1955 .um
1965 1902 2023 1955 in
2046 1901 2269 1955 domum
2329 1901 2788 1970 qualitercunque
2826 1901 3092 1970 pollutam
3133 1901 3365 1971 ingredi,

157 2009 458 2078 ἀκάθαρτον
501 2003 703 2064 οὶκίαν,
739 2001 835 2052 xci.
884 1985 1217 2068 ἀφορίζοντα
1248 1994 1439 2062 αὐτὴν,
1492 1993 1586 2045 καὶ
1635 1991 1704 2043 τά

148 2097 288 2171 πρὸς
368 2095 638 2164 κάθαρσιν
703 2089 1080 2144 διαστέλλοντα
1158 2087 1271 2148 τοῖς
1347 2083 1705 2165 κεκτημένοις

159 2188 365 2243 ἀκούων
394 2185 485 2238 τδν
511 2179 771 2252 ἀρχιερέα
797 2178 955 2244 λόγον
984 2177 1051 2229 δι’
1073 2175 1238 2230 αὐτοῦ
1272 2172 1706 2248 παραδηλοῦσθαι

161 2277 281 2339 νοῶ,
306 2273 480 2343 φωτὸς
504 2272 660 2339 δίκην
693 2267 1081 2338 καθαρωτάτου
1109 2265 1350 2346 εἰσιόντα
1379 2265 1456 2325 εἰς
1483 2264 1582 2332 τὴν
1608 2261 1709 2328 ψυ-

161 2366 401 2438 χήν,“καὶ
425 2363 493 2417 τά
517 2362 686 2430 ἐναγῆ
719 2357 1062 2430 βουλεύματα
1084 2357 1179 2410 καὶ
1198 2357 1534 2425 διανοήματα
1566 2354 1705 2423 μετὰ

160 2458 264 2510 τῶν
294 2454 557 2508 ὑπαιτίων
581 2449 835 2522 πράξεων
880 2447 1311 2511 ἔκκαλύπτοντα,
1341 2447 1435 2498 καὶ
1463 2447 1586 2506 τοὺς
1609 2447 1707 2513 τῆς

160 2532 494 2617 ἐπιστροφῆς
523 2544 620 2597 καὶ
651 2541 973 2611 καθάρσεως
1022 2539 1259 2609 τρόπους
1300 2536 1479 2605 σοφῶς
1523 2537 1708 2588 ὑποτι-

161 2635 408 2704 θέμενον.
441 2634 640 2702 Ὅπερ.
673 2620 847 2699 οἶμαι,
888 2629 1222 2696 σαφέστερον
1253 2626 1297 2656 "
1339 2628 1373 2693 ή
1401 2624 1490 2676 τὸν
1538 2624 1711 2690 μέγαν

161 2723 449 2791 προφήτην
494 2719 676 2771 Ἠλίαν
703 2712 1072 2782 ὑποδεξαμένη
1101 2710 1480 2780 παραδηλοῦσα
1509 2709 1710 2775 ἔλεγεν,

165 2814 472 2877 Ἄνθρωπε
498 2807 604 2861 τοῦ
631 2804 796 2867 Θεοῦ,
829 2801 1110 2868 εἰσῆλθες
1135 2803 1284 2867 πρὸς
1309 2799 1412 2869 ἐμὲ
1444 2799 1548 2852 τοῦ
1567 2800 1712 2867 ᾀνα-
1765 2813 1773 2822 ’

163 2901 391 2971 μνῆσαι
406 2915 485 2968 με
511 2897 619 2962 τὰς
653 2894 890 2959 ἀδικίας
915 2909 1054 2962 μου.

171 3073 386 3142 Θεωρία
419 3071 508 3134 εις
535 3067 637 3121 τὸν
686 3065 854 3134 ἅγιον
887 3060 1108 3122 Ἠλίαν,
1143 3060 1239 3113 καὶ
1271 3063 1359 3126 εὶς
1400 3059 1513 3128 τὴν
1537 3064 1721 3130 rapa.

723 3154 903 3222 φϐίαν
956 3149 1166 3218 χήραν.

237 3271 397 3323 Πᾶσα
435 3264 546 3337 γᾰρ
576 3266 724 3336 ψυχή
760 3262 1064 3335 χηρεύουσά
1085 3279 1143 3314 τε
1174 3261 1355 3314 καλῶν
1400 3263 1495 3315 καὶ
1523 3263 1746 3333 ἀρετῆς

171 3360 376 3431 ἔρημος
421 3357 531 3411 καὶ.
561 3355 814 3424 γνώσεως
866 3350 999 3405 Θεοῦ
1054 3350 1273 3404 ὲπειδάν
1326 3350 1605 3403 τὸνθείον
1631 3354 1725 3404 καὶ

170 3443 559 3515 διαγνωστικὸν
597 3439 919 3509 ὑποδέξηται
964 3438 1141 3504 λόγον,
1166 3440 1246 3498 είς
1295 3438 1516 3508 μνήμην
1569 3440 1726 3507 ἐρχο-

176 3535 315 3603 μένη
350 3532 458 3584 τῶν
485 3530 654 3598 αὐτῆς
674 3525 1085 3596 ἁμαρτημάτων
1119 3523 1433 3576 διδάσκεταί
1458 3542 1572 3586 πως
1604 3529 1730 3592 ἁρε-

175 3624 285 3676 τῶν
317 3623 502 3690 ἄρτοις
538 3618 630 3670 τὸν
662 3605 1016 3684 διατρέφονται
1046 3615 1266 3682 τρέφειν
1297 3614 1474 3680 λόγον,
1505 3617 1598 3666 καὶ
1629 3631 1729 3664 πο-

175 3711 350 3775 τίζειν
378 3707 633 3775 ἀληθείας
675 3705 908 3773 δόγμασι
936 3703 1032 3773 τὴν
1071 3693 1254 3772 πῆγὴν
1295 3703 1394 3771 τῆς
1430 3701 1594 3773 ζωῆς,
1639 3705 1733 3757 καὶ

179 3799 354 3867 αὐτῆς
400 3798 497 3864 τῆς
527 3795 743 3864 φύσεως
780 3794 878 3864 τὴν
912 3794 989 3856 εἰς
1023 3794 1187 3862 αὐτὴν
1225 3795 1540 3864 προκρίνειν
1569 3797 1733 3865 θερα-

179 3890 368 3952 πείαν,
394 3881 548 3958 δι¹ἦς
581 3886 616 3955 ἥ
648 3902 706 3937 τε
743 3884 900 3954 ὑδρία
929 3884 1062 3955 σὰρξ
1109 3885 1209 3952 τὴν
1245 3885 1337 3936 ἐπὶ
1365 3888 1486 3948 ταῖς
1515 3887 1735 3954 ἀρεταῖς

181 3976 497 4048 πρακτικὴν
537 3973 824 4044 συντομίαν
873 3975 1189 4043 χορηγήσει,
1226 3976 1319 4027 καὶ
1350 3977 1379 4026 ό
1439 3975 1736 4044 καμψάκης

183 4067 309 4130 νοῦς
333 4064 430 4137 τήν
465 4066 528 4118 τὸ
563 4064 676 4133 φῶς
710 4062 1080 4132 συντηροῦσαν
1108 4063 1205 4132 τῆς
1232 4063 1483 4129 γνώσεως
1509 4064 1739 4134 θεωρίαν

180 4154 456 4224 διηνεκῶς
480 4153 769 4222 πηγάσεις,
797 4151 890 4203 καὶ
912 4152 940 4202 ό
972 4149 1210 4219 ἔμφυτος
1251 4151 1528 4220 λογισμὸς,
1555 4153 1700 4203 ὥσπε
1711 4169 1741 4219 ρ

182 4247 307 4297 ἐκεῖ
338 4243 434 4313 τῆς
469 4244 642 4313 χήρας
683 4243 711 4293 ὁ
755 4239 891 4302 υίὸς,
919 4237 1016 4308 τὴν
1053 4239 1273 4307 ἐμπαθῆ
1306 4241 1574 4308 προτέραν
1607 4241 1742 4291 ἀπο-

182 4335 416 4400 θέμενος
441 4331 585 4400 ζωὴν
614 4330 712 4398 τῆς
745 4316 897 4397 παρά
946 4327 1039 4379 τοῦ
1081 4327 1240 4396 λόγου
1272 4327 1549 4397 διδομένης
1591 4327 1744 4386 θείας

184 4427 287 4478 καὶ
323 4418 556 4493 ἀληθοῦς
601 4419 851 4488 γενέσθαι
901 4417 1124 4488 μέτοχος
1166 4417 1532 4489 ἀξιωθήσεται
1578 4417 1743 4486 ζωῆς.

301 4594 519 4659 Θεωρία
547 4594 634 4657 εις
658 4592 769 4658 τὴν
785 4594 1242 4659 μεταμόρφωσιν
1265 4590 1368 4643 τοῦ
1397 4591 1637 4658 Κυρίου.

261 4700 427 4754 οὓτω
453 4699 669 4752 καὶτῶν
685 4698 918 4768 Χριστοῦ
943 4690 1195 4768 μαθητῶν
1221 4699 1356 4769 πρὸς
1390 4699 1497 4762 τοῖς
1516 4700 1712 4769 είρημέ
1726 4730 1746 4741 -

185 4810 307 4855 νοις
344 4793 505 4854 τινὲς,
521 4787 704 4860 (145
727 4787 781 4857 α)
801 4784 879 4850 οἷς
897 4777 1258 4856 συνανασῆναί
1280 4806 1338 4841 τε
1358 4790 1449 4841 καὶ
1482 4807 1751 4858 συνεπαρ·

185 4884 360 4952 θῆναι
380 4881 525 4948 αὑτῷ
542 4881 588 4910 ’⁸
611 4877 746 4948 πρὸς
768 4875 832 4929 τὸ
852 4876 973 4946 δρος
992 4875 1091 4945 τῆς
1120 4878 1283 4931 αὑτοῦ
1310 4878 1666 4949 φανερώσεως
1684 4880 1752 4932 δι’

187 4971 405 5044 ἀρετῆς
421 4970 737 5040 ἐπιμέλειαν
759 4967 1032 5034 ἐξεγένετο
1051 4970 1544 5038 μεταμορφωθέντα
1561 4970 1754 5023 θεασά-

190 5059 486 5129 μενοι,τῷ
516 5075 576 5110 τε
635 5057 776 5124 φωτὶ
823 5055 916 5108 τοῦ
960 5055 1246 5124 προσώπου
1276 5058 1596 5126 ἀπρόσιτον,
1658 5059 1754 5111 καὶ

187 5153 260 5220 τῇ
287 5147 406 5201 τῶν
436 5140 754 5216 ἐσθημάτων
777 5144 1118 5214 λαμπρότητι
1143 5143 1531 5212 κατάπληκτοι,
1569 5144 1661 5197 καὶ
1686 5148 1752 5214 τῇ

189 5239 310 5292 τῶν
348 5236 687 5308 ἑκατέρωθεν
726 5236 990 5288 συνόντων
1017 5235 1148 5302 τιμῇ
1180 5234 1421 5293 Μωσέως
1450 5235 1542 5286 καὶ
1579 5234 1754 5285 Ἡλίου

189 5327 577 5397 γεγενημένον
614 5325 1030 5394 αἱδεσιμώτερον
1079 5323 1465 5388 ἐπεγνωκότες,
1515 5324 1621 5374 ἀπὸ
1659 5325 1756 5391 τῆς

281 5464 778 5527 PDeut.xxvm,i.
847 5460 1344 5540 ‘11.cvit.x1v,38.v
1400 5455 1662 5529 tllllleg.
1723 5459 1895 5528 “vn,
1957 5462 2043 5516 18.
2099 5474 2119 5501 ε

1801 2006 2032 2059 eamque
2061 1991 2564 2054 excommunicare,
2594 1998 2649 2042 et
2683 2004 2803 2057 quxe
2859 1989 2927 2044 ad
2978 1990 3368 2046 lustrationem

1801 2083 2113 2138 necessaria
2179 2081 2290 2137 sint
2343 2080 2763 2152 possidentibus
2834 2079 3064 2135 deﬁnire
3125 2081 3370 2135 audienti

1803 2189 2078 2227 summum
2118 2189 2216 2242 per
2262 2174 2316 2226 id
2357 2172 2698 2227 sacerdotem
2755 2171 3024 2226 rationem
3074 2171 3371 2241 signiﬁcari

1804 2260 1962 2333 puto,
1989 2263 2056 2316 ad
2091 2264 2263 2317 instar
2283 2264 2593 2331 purissimae
2626 2262 2765 2316 lucis
2791 2262 3028 2315 animam
3056 2261 3372 2331 ingredien-

1811 2363 1939 2417 tem,
1966 2362 2024 2407 et
2072 2354 2384 2422 inquinatas
2423 2353 2732 2406 voluntates
2763 2361 2818 2404 et
2859 2352 3222 2420 cogitationes
3247 2365 3374 2406 cum

1810 2445 2063 2500 sontibus
2098 2444 2264 2498 factis
2291 2443 2648 2506 revelantem,
2680 2450 2841 2509 atque
2886 2442 3378 2496 animadversionis

1808 2541 1866 2587 et
1907 2533 2235 2601 expiationis
2278 2533 2470 2585 modos
2504 2531 2780 2599 sapientem
2810 2531 3151 2586 suadentem.
3198 2532 3374 2598 Quod.

1810 2631 1966 2690 puto,
2008 2621 2248 2688 apertius
2294 2620 2383 2673 illa
2431 2619 2765 2690 signiﬁcans,
2813 2636 2933 2689 qua:
2961 2637 3214 2690 magnum
3248 2635 3411 2689 pro-'

1811 2712 2030 2780 phetam
2072 2711 2246 2763 Eliam
2279 2711 2518 2779 hospitio
2542 2711 2757 2779 excepit
2785 2727 2798 2764 :
2829 2711 2994 2764 Homo
3033 2709 3148 2773 Dei,
3179 2712 3376 2780 inquit,

1811 2810 2074 2877 ingressus
2106 2825 2158 2860 es
2193 2808 2261 2860 ad
2297 2823 2379 2860 me
2418 2816 2476 2860 ut
2518 2807 2829 2861 delictorum
2859 2823 3094 2861 meorum
3129 2821 3210 2858 me
3237 2820 3380 2857 com-

1817 2900 2168 2968 monefacere:
2197 2907 2244 2950 ν.

1897 3068 2275 3138 Contemplatio
2307 3070 2362 3122 in
2390 3075 2633 3122 sanctum
2672 3067 2852 3121 Etiam
2872 3107 2887 3133 ,
2921 3078 2971 3120 et
3017 3068 3072 3121 in
3104 3068 3314 3121 viduam

2383 3157 2751 3227 Sareptensem
2783 3168 2827 3210 ³.

1887 3265 2076 3321 Omnis
2122 3267 2267 3321 enim
2311 3267 2494 3320 anima
2541 3265 2702 3320 bonis
2743 3265 2965 3319 viduata
2996 3273 3053 3319 et
3100 3265 3302 3319 virtute
3333 3273 3389 3318 et

1819 3357 2128 3425 cognitione
2173 3357 2268 3410 Dei
2310 3356 2545 3420 deserta,
2581 3363 2870 3425 postquam
2900 3356 3141 3409 divinam
3187 3365 3242 3409 et
3276 3356 3390 3410 dia-

1821 3445 2121 3513 gnosticam
2169 3446 2384 3514 excepit
2433 3445 2735 3512 rationem,
2784 3444 3110 3510 delictorum
3164 3459 3389 3499 suorum

1825 3535 2106 3587 recordata
2164 3535 2458 3590 instruitur
2507 3537 2776 3589 virtutum
2826 3536 3060 3604 panibus
3123 3536 3390 3589 rationem

1826 3621 2022 3676 almam
2054 3623 2220 3687 alere,
2245 3632 2301 3677 et
2330 3625 2577 3678 veritatis
2600 3625 2819 3692 placitis
2860 3625 2986 3677 vitae
3016 3624 3154 3677 fonti
3202 3631 3392 3693 potum

1830 3712 2158 3777 ministrare,
2189 3713 2401 3781 ipsique
2428 3721 2635 3765 naturae
2664 3713 2873 3766 cultum
2909 3713 3082 3780 ipsius
3112 3713 3391 3780 praeferre,
3426 3755 3428 3758 .

1833 3818 1928 3871 per
1953 3818 2114 3870 quem
2142 3818 2266 3855 caro
2301 3818 2437 3855 urna
2466 3803 2847 3871 compendium
2880 3802 3176 3857 virtutibus
3205 3801 3395 3856 efﬁcax

1835 3893 2128 3961 praestabit,
2165 3900 2218 3945 et
2251 3892 2418 3945 cadus
2460 3908 2612 3945 mens
2645 3892 3162 3960 contemplationem
3207 3893 3397 3961 cogni-

1836 3983 2018 4046 tionis,
2048 3985 2504 4042 conservatricem
2538 3983 2700 4047 lucis,
2753 3984 3002 4053 perpetui
3032 3984 3197 4039 fontis
3224 3984 3398 4036 instar

1836 4075 1963 4134 alet,
1994 4082 2050 4126 et
2092 4074 2346 4141 cogitatio
2390 4074 2594 4137 innata,
2623 4083 2685 4127 ut
2712 4075 2824 4128 illic
2854 4075 3032 4128 viduae
3075 4074 3239 4136 lilius,
3273 4087 3397 4140 pas-

1838 4161 1952 4215 siva
1977 4161 2201 4229 pristina
2226 4163 2334 4214 vita
2359 4163 2602 4230 deposita
2633 4163 2757 4217 vitae
2783 4163 2981 4216 divina:
3006 4172 3061 4215 et
3085 4176 3228 4214 vera:
3260 4175 3288 4212 a
3315 4174 3401 4212 ra-

1843 4251 1989 4303 tione
2025 4251 2161 4303 datze
2186 4265 2305 4317 qua:
2338 4250 2742 4319 particepsﬁat
2773 4252 2933 4320 digna
2960 4248 3294 4302 censebitur.

1777 4597 1822 4650 D
1955 4589 2334 4659 Contemplatio
2367 4594 2422 4645 in
2456 4592 2668 4648 Domini
2699 4585 3220 4664 transﬁgura‘tionem
3252 4595 3299 4646 ‘.

1924 4697 2012 4751 Sic
2035 4706 2292 4766 praeterea
2326 4700 2489 4753 etiam
2515 4699 2717 4755 Christi
2744 4702 3133 4770 discipulorum
3162 4700 3406 4769 quidam,

1846 4787 2045 4855 quibus
2079 4803 2182 4841 una
2218 4789 2514 4842 ascendere
2554 4799 2609 4842 et
2633 4789 2803 4850 levari
2831 4807 2952 4844 cum
2983 4806 3050 4844 eo
3079 4791 3134 4843 in
3165 4796 3406 4841 montem

1847 4879 2253 4948 gloriﬁcalionis
2284 4881 2402 4948 ejus
2450 4880 2522 4933 ob
2561 4881 2779 4934 virtutis
2819 4896 3004 4935 curam
3045 4881 3247 4941 evenit,
3283 4893 3408 4932 eum

1851 4979 2115 5022 mutatum
2158 4969 2410 5021 viderent
2452 4976 2507 5022 et
2549 4969 2670 5022 luce
2730 4970 2889 5023 faciei
2934 4967 3405 5031 inaccessibilem,

1847 5059 2406 5126 vestimentorumque
2449 5059 2695 5112 claritate
2727 5058 3109 5127 obstupefacti,
3149 5065 3312 5124 atque
3341 5055 3411 5111 de

1850 5147 2056 5201 honore
2096 5147 2294 5215 Moysis
2330 5156 2384 5201 et
2413 5149 2564 5212 Elite,
2596 5149 2689 5218 qui
2732 5149 2801 5201 ab
2835 5159 3066 5213 utroque
3104 5146 3273 5199 latere
3309 5146 3408 5200 ad-

1849 5247 2026 5299 erant,
2077 5237 2229 5290 illum
2289 5239 2453 5292 etiam
2493 5242 2694 5309 majore
2749 5236 3010 5305 dignitate
3073 5235 3418 5291 cumulatum

1851 5329 2188 5397 conspicati,
2241 5346 2268 5382 a
2303 5346 2468 5386 carne
2497 5331 2552 5384 in
2586 5330 2836 5399 spiritum
2885 5326 3234 5380 transierunt‘
3259 5324 3414 5395 prius

2185 5465 2315 5523 ibid.
2381 5470 2433 5524 9.
2515 5473 2532 5507 ί
2559 5470 2750 5525 Matth.
2776 5484 2902 5532 xvn,
2937 5469 2991 5521 2.

1452 5597 1674 5650 VARI/Ii
1722 5599 2118 5654 LECTIONES.

280 5710 347 5767 “..
376 5707 750 5780 διατηρήσεται
781 5710 902 5764 cod.
932 5709 1072 5764 Gud.
1144 5711 1240 5779 ⁶’ἣ
1275 5712 1393 5766 cod.
1434 5683 1579 5764 .Fud.
1660 5714 1701 5744 το
1737 5714 2116 5784 Apograplium
2171 5715 2319 5770 αὑτό.
