3986 6346
140 400 165 463 l
178 399 276 466 i7"!

1356 400 1867 480 AMBIGUORUM
1908 402 2163 485 LIBER.

3216 422 3351 489 1178

134 516 371 585 ἑτοίμως
429 517 730 583 ἀπώσεται,
786 521 1131 591 λογιζόμενος
1178 526 1393 597 ἀληθῶς
1435 532 1515 583 ὅτι
1580 535 1678 585 πᾶν

1788 537 2094 603 agnoverit,
2127 536 2291 589 etiam
2322 551 2569 591 errorem
2590 553 2751 593 suum
2776 553 2885 609 quo
2910 538 3175 594 mundum
3199 542 3348 610 prin-

134 607 456 674 κινούμενον
484 607 699 674 πάντως
725 611 820 664 καὶ
863 613 1068 685 ἧρξατο
1093 616 1190 684 τῆς
1217 619 1497 688 κινήσεως.
1533 623 1689 675 Πᾶσα

127 697 183 748 δὲ
238 697 452 767 κίνησις
506 700 605 752 οὐκ
665 700 919 771 ἄναρχος,
994 705 1182 776 ἐπειδὴ
1249 708 1369 762 οὐδὲ
1427 711 1686 776 ἀναίτιος.

128 781 331 858 (168
354 793 423 858 a)
505 791 704 862 Ἀρχὴν
737 793 847 863 γὰρ
883 793 997 864 ἔχει
1032 796 1091 847 τὸ
1125 798 1329 863 κινοῦν,
1379 802 1472 854 καὶ
1514 804 1689 857 αἰτίαν

124 877 239 945 ἔχει
269 878 336 930 τὸ
379 878 576 932 καλοῦν
606 898 667 933 τε
708 884 802 935 καὶ
837 883 993 936 ἕλκον
1027 886 1071 918 ’⁸
1098 887 1235 957 πρὸς
1270 889 1300 941 δ
1334 890 1427 943 καὶ
1460 896 1687 947 κινεῖται

122 964 298 1027 τέλος.
342 966 405 1018 Εἰ
443 966 496 1018 δὲ
531 968 711 1039 πάσης
744 973 1010 1041 κινήσεως
1041 976 1239 1039 παντὸς
1279 981 1597 1048 κινουμένου
1628 981 1705 1034 τδ“

126 1052 314 1107 κινοῦν
348 1056 496 1107 ἐστιν
521 1056 682 1127 ἀρχὴ,
720 1060 811 1111 καὶ
852 1060 1003 1123 τέλος
1035 1064 1069 1131 η
1116 1064 1250 1134 πρὸς
1287 1067 1351 1137 ἥν
1379 1068 1600 1137 φέρεται
1626 1069 1685 1122 τὸ

92 1142 449 1210 ικινούμενον
495 1147 643 1199 αἰτία
703 1148 888 1218 (οὐδὲν
932 1150 1041 1221 γὰρ
1083 1153 1337 1218 ἀναιτίως
1400 1158 1679 1226 κινεῖται),

125 1232 298 1311 οὐδὲν⁴
323 1233 380 1286 δὲ
430 1235 539 1287 τῶν
597 1236 766 1291 ὄντων
817 1238 1089 1306 ἀκίνητον,
1146 1245 1201 1294 εί
1234 1244 1310 1315 μὴ
1350 1247 1413 1298 τὺ
1456 1247 1683 1317 πρώτως

122 1317 312 1385 κινοῦν
360 1326 456 1395 (τὸ
498 1329 606 1398 γὰρ
660 1330 886 1399 πρώτως
929 1332 1110 1386 κινοῦν
1149 1336 1362 1399 πάντως
1408 1338 1680 1408 ἀκίνητον,

122 1414 203 1468 ὅτι
234 1415 331 1468 καὶ
358 1416 594 1488 ἄναρχον
618 1419 669 1487 ),
689 1420 839 1479 οὐδὲν
861 1422 967 1492 ἄρα
1002 1425 1111 1478 τῶν
1136 1425 1305 1478 ὄντων
1342 1428 1488 1479 ἐστὶν
1518 1429 1682 1499 ἄναρ-

121 1519 236 1575 χον,
277 1504 363 1556 ὅτι
414 1506 488 1575 μὴ
527 1508 929 1577 καὶοάκίνητον.
985 1511 1169 1577 Πάντα
1192 1514 1302 1581 γὰρ
1347 1519 1576 1569 κινεῖται
1616 1520 1681 1572 τὰ

122 1592 367 1677 ὁωσοῦν
397 1597 547 1662 ὄντα,
596 1598 720 1669 δίχα
769 1603 867 1670 τῆς
915 1604 1082 1674 μόνης
1130 1607 1227 1658 καὶ
1278 1609 1532 1678 ἀκινήτου
1588 1612 1680 1663 καὶ

122 1684 263 1754 ὑπὲρ
311 1686 487 1741 πάντα
540 1688 738 1755 αἰτίας,
769 1691 837 1745 τὰ
870 1694 968 1762 μὲν
1002 1696 1171 1764 ’νοερά
1217 1713 1276 1748 τε
1324 1700 1419 1750 καὶ
1465 1697 1678 1766 λογικὰ,

122 1778 436 1842 γνωπικῶς
455 1796 513 1832 τε
536 1781 630 1833 καὶ
660 1783 854 1854 ὲπιστη
865 1784 1118 1854 μονικῶς,
1150 1784 1231 1838 ὅτι
1257 1788 1331 1857 μὴ
1347 1789 1678 1857 αὑτογνῶσις

1788 628 1932 695 cipio
1961 642 2147 683 carere
2185 628 2379 683 statuit
2406 628 2664 701 lubenter
2700 630 2944 698 abjiciet,
2981 632 3349 701 quodcunque

1788 725 2075 770 moveatur
2118 719 2245 787 jure
2279 721 2624 788 recogitans,
2662 720 2889 774 omnino
2930 723 3137 776 moveri
3180 724 3347 776 etiam

1786 806 2037 874 coepisse.
2071 806 2265 861 Nullus
2296 822 2429 861 vero
2464 818 2646 862 motus
2673 808 2793 863 sine
2825 809 3123 879 principio,
3173 812 3349 880 siqni-

1785 894 1908 947 dem
1946 911 2048 949 nec
2070 895 2188 949 sine
2225 911 2410 950 causa.
2447 896 2784 965 Principium
2827 898 3032 951 etenim
3073 898 3237 952 habet
3292 900 3347 954 id

1783 985 1928 1052 quod
1970 996 2176 1051 movet,
2205 996 2369 1057 atque
2399 1003 2622 1042 causam
2671 988 2724 1041 id
2755 989 2903 1058 quod
2934 999 3126 1043 evocat
3173 997 3230 1043 et
3272 991 3346 1056 ad

1784 1075 1946 1129 ﬁnem
1974 1092 2083 1146 quo
2132 1088 2384 1132 movetur
2419 1080 2668 1133 attrahit.
2719 1079 2836 1134 Iam
2887 1079 2932 1133 si
2973 1080 3345 1148 cujuscunque

1782 1167 1929 1233 quod
1963 1178 2211 1222 movetur
2239 1171 2499 1223 motionis
2529 1171 2710 1243 omnis
2738 1171 3071 1239 principium
3103 1170 3233 1223 illud
3260 1181 3347 1226 est
3418 1161 3428 1170 ’

1782 1257 1925 1324 quod
1960 1266 2163 1321 movet,
2218 1267 2275 1312 et
2305 1259 2637 1319 ﬁnis_cansa
2693 1259 2760 1312 ad
2813 1275 2977 1327 quam
3035 1258 3211 1312 fertur
3258 1275 3346 1314 res

1782 1354 1925 1398 mota
1957 1347 2115 1414 (nihil
2142 1349 2289 1401 enim
2313 1350 2431 1403 sine
2457 1364 2621 1403 causa
2668 1348 2966 1417 movetur),
3008 1349 3146 1401 nihil
3180 1365 3346 1418 porro

1782 1435 1837 1487 in
1890 1437 2056 1489 rebus
2107 1452 2215 1491 non
2268 1448 2519 1493 movetur
2559 1449 2762 1508 praeter
2802 1455 2969 1493 unum
3018 1438 3151 1492 illud
3199 1438 3343 1508 quod

1781 1511 2040 1590 primiius
2061 1534 2244 1579 movet
2296 1528 2444 1596 (nam
2484 1527 2632 1595 quod
2687 1528 2945 1597 primitus
2992 1535 3185 1587 movet
3223 1526 3346 1579 ideo
3396 1524 3399 1529 ’

1781 1620 1928 1663 caret
1962 1622 2109 1666 motu
2144 1615 2290 1681 quod
2324 1616 2487 1667 etiam
2522 1616 2793 1690 principio
2819 1614 3013 1683 caret),
3048 1614 3186 1667 nihil
3211 1629 3345 1681 ergo

1781 1700 1833 1753 in
1869 1701 2033 1754 rebus
2064 1704 2183 1756 sine
2211 1704 2483 1772 principio
2517 1713 2623 1767 est,
2656 1712 2960 1773 ‘prOpterea
2998 1702 3144 1770 quod
3170 1702 3339 1755 etiam

1779 1792 1897 1845 sine
1952 1801 2124 1846 motu.
2162 1794 2451 1848 Moventur
2483 1794 2631 1848 enim
2664 1808 3005 1861 quaecunque
3056 1800 3340 1860 utcunque

122 1866 153 1935 ἢ
190 1867 601 1940 αὐτοεπιστήμη
652 1872 798 1927 ἐστίν
819 1912 833 1926 .
874 1874 1026 1928 ΟὔτεΔ
1060 1877 1171 1946 γὰρ
1202 1878 1366 1932 ὀὐσία
1398 1880 1579 1933 αὐτῶν
1639 1882 1671 1950 ὴ

1776 1890 1920 1944 sunt,
1947 1891 2172 1950 excepta
2200 1899 2305 1936 una
2335 1900 2510 1951 eaque
2542 1884 2813 1937 immobili
2839 1891 2895 1938 et
2941 1886 3126 1937 omnia
3172 1898 3338 1950 supe-

122 1956 321 2023 γνῶσις
358 1955 549 2013 αὐτῶν
596 1962 711 2017 ἐστι
751 1965 844 2016 καὶ
882 1968 917 2033 η
962 1966 1263 2036 ἐπιστήμη,
1299 1965 1414 2020 ἀλλ’
1442 1967 1584 2030 ἕξεις
1610 1971 1675 2039 τῇ

122 2047 297 2100 αὐτῶν
320 2050 477 2121 οὐσίᾳ
506 2051 991 2122 ὲπιθεωρούμεναι,
1034 2055 1098 2107 ὲκ
1134 2057 1231 2123 τῆς
1260 2056 1403 2108 κατὰ
1429 2056 1552 2108 νοῦν
1583 2059 1677 2109 καὶ

86 2128 89 2129 ν
119 2135 269 2203 λόγον
305 2137 435 2207 (τὰς
456 2140 784 2205 συστατικὰς
813 2141 992 2195 αὐτῶν
1022 2142 1165 2210 λέγω
1188 2143 1479 2215 δυνάμεις)
1509 2146 1699 2215 ὀρθῆς,

122 2227 351 2294 κρίσεως
384 2231 783 2299 ἐπιγενόμεναι.
935 2240 938 2241 ⁷
1072 2266 1073 2269 η
1151 2234 1159 2271 t

1782 1979 1937 2024 rante
1986 1986 2171 2033 causa,
2222 1982 2330 2025 tam
2388 1973 2779 2027 intellectualia
2826 1989 2989 2042 quam
3030 1973 3341 2035 rationalia,

1781 2068 1887 2114 tam
1916 2063 2229 2130 cognitione
2259 2079 2423 2132 quam
2455 2064 2712 2126 scientia,
2743 2064 2872 2131 quia
2901 2078 3003 2117 nec
3043 2064 3127 2133 sui
3167 2063 3349 2130 ipsius

1778 2150 2019 2218 cognitio
2074 2166 2176 2205 nec
2224 2153 2308 2205 sui
2360 2152 2535 2221 ipsius
2587 2152 2819 2207 scientia
2869 2162 3068 2207 exstat.
3124 2151 3340 2205 Etenim

1776 2241 2016 2310 cognitio
2047 2257 2238 2296 eorum
2266 2251 2323 2297 et
2348 2243 2578 2297 scientia
2610 2260 2716 2297 non
2743 2244 2983 2297 essentia
3017 2252 3099 2296 est
3124 2256 3337 2321 eorum,

118 2319 206 2370 sed
233 2317 460 2373 habitus
518 2321 707 2389 quiin
774 2324 1012 2379 essentia
1054 2340 1245 2379 eorum
1315 2325 1861 2400 animadvertuntur,
1902 2345 1971 2385 ex
2031 2333 2387 2386 intellectuali
2433 2340 2490 2387 et
2539 2329 2796 2386 rationali
2837 2332 3160 2400 (potestates
3213 2317 3339 2384 dico

119 2422 237 2476 quae
292 2416 357 2462 ut
401 2408 705 2471 consistant
756 2411 885 2480 ipsa:
944 2411 1213 2477 efﬁciunt)
1273 2421 1424 2467 recto
1467 2398 1677 2483 judicio
1714 2401 2061 2474 accedentes.
2082 2468 2089 2481 ην

123 2631 336 2699 Θεωρία
377 2630 509 2695 περὶ
548 2612 872 2703 συστολῆς(
912 2632 1008 2684 καί
1054 2630 1380 2696 διαστολῆς
1434 2633 1669 2702 οὐσίας,
1706 2694 1709 2697 γ

184 2720 498 2785 ποιότητός
524 2733 588 2771 τε
627 2720 726 2772 καί
774 2723 1125 2785 ποσότητος,
1150 2719 1285 2795 ,καθ’
1318 2718 1396 2785 ῆν
1423 2718 1670 2788 ἄναρχοι

184 2804 339 2871 εἶναι
369 2810 441 2860 οὺ
462 2806 769 2862 δύνανται.
1022 2828 1028 2834 ·

196 2938 359 2990 Ἀλλὰ
384 2939 476 2989 καὶ
506 2939 694 3008 quem
722 2938 904 3000 ἁπλῶς
935 2935 1197 3008 λεγομένη
1222 2938 1379 2993 οὖσία
1417 2942 1477 2993 οὐ
1507 2941 1668 3008 μόνον

122 3027 153 3096 ἠ
188 3025 294 3078 τῶν
325 3029 386 3078 ἐν
423 3027 629 3094 γενέσει
668 3026 762 3079 καὶ
794 3027 967 3097 φθορᾷ
1004 3027 1144 3105 κατὰ
1191 3030 1405 3096 γένεσιν
1443 3035 1670 3086 κινεῖται

122 3115 478 3183 καὶφθορὰν,
532 3115 668 3167 ἀλλὰ
705 3115 797 3168 καὶ
851 3116 883 3185 ή
938 3117 1045 3169 τῶν
1076 3117 1244 3172 ὅντων
1283 3120 1537 3175 ἁπάντων
1578 3124 1671 3176 καὶ⁹

1770 2633 2153 2704 Contemplatio
2179 2638 2242 2690 dc
2263 2634 2619 2702 contractione
2651 2646 2701 2690 et
2735 2638 3046 2691 dilatatione
3078 2641 3333 2699 essentne.

1840 2727 2112 2794 qualitatis
2140 2739 2188 2782 et
2210 2732 2540 2797 quantitatis,
2570 2730 2854 2784 secundum
2878 2746 3036 2799 quant
3053 2730 3165 2782 sine
3190 2731 3341 2799 prin-

1773 2847 1777 2852 -
1836 2817 1970 2885 cipio
2000 2834 2107 2871 esse
2138 2834 2241 2871 non
2271 2825 2507 2887 possunt.
2767 2819 2771 2822 ’

1838 2945 2041 2999 Verum
2073 2955 2130 3000 et
2179 2946 2299 3015 ipsa
2338 2963 2461 3016 qua:
2503 2940 2836 3016 simpliciter
2868 2948 3074 3003 dicitur
3100 2949 3340 3004 essentia

1772 3037 2075 3089 nonanodo
2101 3051 2293 3090 eorum
2318 3052 2440 3105 quae
2474 3039 2815 3107 generationi
2842 3048 2971 3094 sunt
2993 3049 3049 3094 ct
3088 3041 3333 3093 interitui

1775 3128 2013 3182 obnoxia
2045 3128 2347 3182 secundum
2378 3131 2792 3198 generationem
2827 3140 3077 3182 movetur
3105 3138 3160 3182 et
3191 3129 3335 3183 inte-

122 3202 396 3271 κεκίνηται
425 3202 517 3254 καὶ
542 3204 768 3255 κινεῖται
799 3202 877 3273 τῷ
905 3204 1045 3257 κατὰ
1066 3205 1349 3278 διαστολὴν
1366 3212 1458 3262 καὶ
1482 3228 1545 3263 συ
1557 3229 1672 3265 στο-

1776 3221 1969 3279 ritum.
1997 3220 2091 3274 sed
2130 3221 2300 3274 etiam
2325 3216 2570 3274 omnium
2603 3234 2722 3288 qua:
2747 3228 2877 3271 sunt
2904 3226 2959 3271 et
2989 3227 3136 3270 mota
3166 3227 3250 3271 est
3278 3229 3336 3272 et

122 3292 211 3361 λὴν
238 3288 391 3361 λόγῳ
411 3309 469 3343 τε
496 3292 590 3345 καὶ
616 3295 823 3363 τρόπῳ.
860 3294 1102 3348 Κινεϊται
1137 3299 1236 3368 γὰρ
1262 3297 1368 3373 ana
1401 3300 1493 3352 τοῦ
1519 3318 1671 3368 γενι-

122 3385 361 3437 κωτάτου
397 3383 585 3451 γένους
622 3383 710 3438 διὰ
740 3384 850 3437 τῶν
885 3389 1258 3456 γενικωτέρων
1300 3392 1469 3456 γενῶν
1494 3395 1572 3453 είς
1604 3392 1672 3464 τξι

123 3470 227 3541 εῐδη
256 3470 326 3523 δι’
354 3464 429 3525 ὧν
463 3476 554 3523 καὶ
595 3473 674 3533 εἰς
705 3472 743 3525 ἃ.
776 3474 1101 3542 διαιρεῖσθαι
1141 3478 1369 3544 πέφυκε,
1412 3482 1672 3548 προῖοῦσα

128 3560 279 3631 μέχρι
307 3561 419 3614 τῶν
453 3558 813 3613 είδικωτάτων
835 3562 989 3613 εἰδῶν
1019 3559 1100 3626 οἷς
1129 3567 1456 3634 περατοῦται
1486 3572 1518 3637 ἡ
1552 3572 1670 3623 κατ’

125 3649 285 3719 αὐτὴν
298 3649 571 3718 διαστολὴ,
603 3651 663 3701 τὸ
687 3647 824 3713 εἶναι
856 3650 1022 3718 αὐτῆς
1054 3654 1185 3723 πρὸς
1227 3655 1295 3707 τὰ
1330 3658 1478 3711 κάτω
1516 3677 1673 3730 περι-

124 3740 425 3808 γράφουσα,
444 3740 535 3791 καὶ
553 3739 843 3806 συνάγεται
865 3743 1024 3795 πάλιν
1048 3745 1154 3797 ἀπὸ
1182 3745 1290 3797 τῶν
1314 3749 1671 3804 εἰδικωτὰτων

126 3826 269 3879 εἰδῶν
293 3827 381 3880 διὰ
416 3827 524 3879 τῶν
547 3814 926 3901 γενικωτΧέρων
980 3834 1375 3899 ἀναποδίζουσα
1411 3839 1594 3911 (168
1619 3842 1670 3912 ὁ)

128 3912 280 3984 μέχρι
309 3914 404 3967 τοῦ
430 3916 793 3982 γενικωτάτου
825 3919 1034 3985 γένους,
1055 3914 1099 3988 ᾧ
1121 3925 1453 3992 περατοῦται
1487 3931 1519 3998 ἡ
1548 3913 1670 3982 κατ’

127 4006 286 4077 αὐτὴν
314 4007 566 4077 συστολὴ,
591 4008 726 4078 πρὸς
752 4009 812 4061 τὸ
829 4010 939 4063 ἄνω
957 4012 1018 4063 τὺ
1043 4008 1181 4066 εἶναι
1201 4016 1371 4087 αὐτῆς
1393 4019 1665 4090 ὁρίζουσα,
1742 4018 1745 4019 ν

126 4094 212 4145 καὶ
236 4094 422 4147 ὶοιπὸν
440 4096 647 4166 διχόθεν
676 4102 1155 4172 περιγραφομένη,
1199 4104 1405 4172 ἄνωθέν
1434 4125 1492 4161 τε
1523 4110 1667 4179 λέγω

128 4187 210 4265 καὶ
240 4187 505 4254 κάτωθεν,
526 4190 698 4261 ἀρχὴν
726 4192 820 4245 καὶ
843 4192 992 4255 τέλος
1026 4194 1221 4264 ἔχουσα
1253 4200 1545 4267 δείκνυται,
1576 4204 1667 4256 τὸν

125 4273 216 4343 τῆς
240 4279 493 4350 ἀπειρίας
519 4274 633 4334 οὐδ’
649 4282 785 4347 ὅλως
812 4284 1157 4349 ἐπιδέξασθαι
1186 4290 1457 4363 δυναμένη
1487 4295 1665 4362 λόγον.

134 4365 399 4434 Ὡσαύτως
457 4373 515 4425 δὲ
567 4375 659 4427 καὶ
701 4376 734 4444 ἠ
791 4376 1047 4455 ποσότης,
1093 4382 1152 4432 οὐ
1209 4383 1367 4450 μόνον
1405 4386 1579 4455 ἡτῶν
1612 4390 1669 4441 ἐν

127 4459 325 4522 γενέσει
360 4462 455 4513 καὶ
484 4462 658 4532 φθορᾷ
699 4454 867 4519 παντί
888 4468 1073 4549 τρόπῳ
1102 4463 1145 4536 ᾧ
1190 4472 1401 4539 πέφυκε
1426 4454 1667 4548 θεωρεῖ-

130 4548 240 4601 σθαι
265 4551 385 4601 κατ’
417 4550 647 4619 αὔξησιν
686 4556 914 4608 κινεῖται
948 4548 1040 4611 καὶ
1073 4561 1315 4627 μείωσιν,
1344 4565 1479 4620 ἀλλὰ
1508 4569 1601 4621 καὶ
1626 4572 1660 4639 ἡ
1694 4558 1736 4612 υ

132 4636 267 4690 πᾶσα
294 4639 387 4691 καὶ
411 4640 627 4694 πάντων
654 4641 733 4711 τῷ
756 4644 873 4696 κατ’
901 4646 1083 4699 ἄνεσιν
1128 4650 1219 4703 καὶ
1251 4654 1500 4709 ἐπίτασιν
1526 4636 1668 4727 λόγῴ

128 4728 406 4812 κινουμένη
460 4729 554 4781 καὶ
597 4731 718 4791 ταῖς
781 4733 924 4784 κατὰ
981 4734 1145 4802 μέρος
1195 4738 1475 4812 διαφοραῖς
1528 4745 1668 4797 κατὰ

128 4811 396 4886 διαστολὴν
420 4816 825 4889 είδοποιουμῶη
844 4824 1259 4892 περιγράφεται,
1278 4828 1337 4880 τὸ
1354 4832 1573 4899 ἄπειρον
1597 4832 1664 4863 ¹ο³

129 4905 322 4972 χεῖσθαι
351 4907 458 4961 οὐκ
498 4908 717 4978 ἔχουσα,
757 4912 850 4964 καὶ
897 4915 1184 4980 συνάγεται
1219 4920 1384 4974 πάλιν
1412 4923 1666 4974 ἀναποδί-

131 4992 301 5058 Coum,
358 4999 421 5050 τὸ
472 4999 592 5052 κατ’
638 4999 827 5065 αὑτὰς,
877 5002 992 5055 ἀλλ’
1042 5006 1102 5057 οὐ
1139 5007 1199 5060 τὺ
1232 5013 1475 5080 συμφυὲς
1527 5010 1667 5075 εἶδος

131 5083 444 5143 ἀπολύουσα.
493 5088 722 5161 Ὁμοίως
759 5092 818 5146 δὲ
862 5096 953 5146 καὶ
994 5096 1026 5165 ἡ
1066 5099 1304 5169 ποιότης,
1336 5105 1396 5155 οὐ
1444 5103 1660 5173 μόνονὴ

130 5174 228 5228 τῶν
252 5180 311 5232 ὲν
358 5180 568 5246 γενέσει
601 5184 695 5237 καὶ
737 5185 911 5256 φθορᾷ
946 5190 1173 5242 κινεῖται
1214 5193 1334 5244 κατ’
1362 5193 1664 5257 ἀλλοίωσιν,

131 5269 251 5323 ἀλλὰ
289 5273 384 5326 καὶ
438 5276 471 5345 η
518 5268 665 5330 uitia
693 5281 788 5332 καὶ
836 5281 1072 5345 πάντων,
1115 5283 1193 5350 τῷ
1235 5286 1452 5355 τρεπτῷ
1481 5303 1538 5338 τε
1574 5289 1665 5340 καὶ

136 5359 393 5431 meant?)
427 5362 529 5433 τῆς
560 5369 685 5420 κατ’
720 5370 889 5437 αὐτὴν
913 5371 1171 5441 διαφορᾶς
1208 5374 1519 5444 κινουμένη,
1548 5379 1663 5429 δια-

136 5446 309 5519 στολὴν
336 5452 431 5505 καὶ
451 5454 714 5529 συστολὴν
739 5459 1066 5530 ἐπιδέχεται.
1098 5462 1285 5524 Οὐδεὶς
1312 5465 1369 5518 δὲ
1399 5465 1457 5517 τὸ
1488 5484 1659 5536 πεφυ-

1774 3320 2048 3373 movetur,
2092 3311 2507 3373 contractionis,
2548 3316 2606 3362 et
2657 3307 2995 3360 dilatationis
3029 3308 3240 3362 ratione
3266 3324 3330 3363 ac

1774 3399 1959 3453 modo.
1984 3402 2238 3454 Movctur
2262 3403 2407 3455 enim
2439 3400 2507 3452 ab
2536 3398 2952 3466 generalissimo
2998 3415 3197 3468 genere
3229 3415 3329 3468 per

1773 3490 2112 3557 generaliora
2142 3505 2344 3559 genera
2381 3490 2435 3541 in
2460 3487 2675 3556 species
2722 3504 2822 3557 per
2850 3504 2988 3557 quas
3017 3498 3074 3542 et
3112 3489 3168 3541 in
3201 3505 3335 3558 quas

1772 3576 2083 3640 dividitur,
2141 3572 2500 3646 progrediens
2552 3591 2727 3645 usque
2786 3576 2854 3630 ad
2910 3575 3335 3645 spteeialissimas

1773 3666 1983 3735 species
2012 3667 2217 3734 quibus
2250 3667 2578 3721 terminatur
2626 3668 2896 3731 dilatatio,
2927 3677 3176 3721 naturam
3206 3667 3325 3737 ejus

1772 3757 1837 3811 ad
1884 3756 2146 3811 inferiora
2193 3756 2513 3831 deﬁniens:
2561 3759 2692 3812 item
2750 3757 3099 3812 contrahitur
3140 3773 3330 3810 rursus

1771 3865 1801 3902 a
1831 3848 2243 3917 specialissimis
2278 3848 2572 3917 speciebus
2606 3865 2705 3917 per
2752 3847 3127 3917 generaliores
3173 3861 3328 3900 revoo

1770 3947 1889 3994 cata
1918 3955 2088 4009 usque
2116 3940 2180 3993 ad
2219 3941 2692 4009 generalissimum
2718 3952 2908 4008 genus,
2949 3954 3059 4006 quo
3108 3946 3330 3992 contra-

1771 4024 1880 4085 ctio
1926 4032 2281 4095 terminatur,
2340 4039 2590 4085 naturam
2626 4029 2853 4103 81118,αᾶ
2886 4030 3145 4097 superius
3193 4026 3329 4081 deﬁ-
3418 4094 3419 4097 η

1770 4122 1928 4176 niens
1976 4140 1989 4173 :
2043 4132 2098 4176 et
2149 4122 2410 4191 deinceps
2463 4121 2724 4190 utrinque
2772 4120 3210 4188 circumscripta,
3258 4118 3326 4172 de

1769 4212 2061 4279 superiori,
2085 4212 2329 4280 inquam,
2364 4218 2420 4264 et
2445 4209 2513 4263 dc
2550 4208 2821 4274 inferiori,
2868 4211 2947 4264 sic
2989 4208 3350 4278 principium-
3380 4268 3385 4274 ,

1769 4310 1931 4369 atque
1976 4301 2137 4357 ﬁnem
2186 4301 2388 4353 habere
2417 4300 2862 4363 demonstratur,
2904 4298 3193 4352 inﬁnitatis
3234 4313 3323 4350 ra-
3362 4288 3367 4289 ί

1771 4388 1934 4441 tionis
1981 4387 2403 4457 haudquaquam
2458 4378 2645 4458 capax.
2700 4390 2912 4443 Pariter
2964 4404 3096 4442 vero
3152 4389 3320 4441 etiam

1769 4477 2045 4547 quantitas
2070 4492 2181 4531 non
2210 4478 2386 4533 solum
2426 4495 2620 4534 eorum
2652 4496 2782 4549 qua:
2815 4478 3153 4550 generationi
3197 4489 3324 4530 sunt

1762 4583 1927 4639 atque
1955 4571 2202 4626 interitui
2227 4574 2442 4642 objecta
2475 4577 2624 4629 omni
2656 4590 2767 4644 quo
2789 4574 3130 4643 conspicitur
3160 4572 3323 4625 modo

1762 4662 2063 4715 secundum
2096 4662 2497 4718 incrementum
2529 4672 2770 4718 motatur
2798 4673 2858 4717 et
2887 4665 3318 4723 decrementum,

1762 4751 1855 4805 sed
1886 4752 2051 4806 ctiam
2076 4755 2335 4811 uniuersa
2362 4764 2416 4808 et
2463 4755 2854 4829 universorum
2896 4753 3233 4809 remissionis
3267 4761 3323 4805 et
3382 4774 3386 4778 -

1764 4843 2088 4899 intentionis
2121 4846 2332 4900 ratione
2360 4854 2505 4899 mota
2547 4853 2603 4898 et
2632 4846 3031 4900 vicissitudinis
3059 4843 3319 4896 ditlcrcn-

1765 4934 1856 4988 tiis
1925 4937 2230 4991 secundum
2281 4936 2665 4991 dilatationem
2717 4939 3037 5008 'specilicata
3082 4935 3319 4987 circum-

1768 5026 2049 5093 scribitur,
2081 5029 2245 5096 inque
2278 5027 2551 5080 inﬁnitum
2584 5029 2794 5082 etl‘undi
2817 5028 3027 5097 nequit,
3060 5024 3153 5078 sed
3187 5040 3322 5078 con»

1769 5117 2004 5170 trahitur
2050 5133 2239 5170 rursus
2291 5128 2542 5171 revocata
2571 5160 2585 5182 ,
2628 5119 2759 5172 dum
2820 5119 3032 5170 illarum
3096 5113 3337 5181 quidem

1765 5204 1997 5271 species,
2029 5214 2082 5257 at
2111 5219 2219 5257 non
2262 5204 2505 5259 innatam
2552 5208 2785 5275 specien‘
2825 5204 3071 5257 dimittit.
3107 5202 3319 5255 Pariter

1768 5309 1897 5345 vero
1944 5294 2106 5349 etiam
2142 5294 2379 5368 qualitas
2407 5336 2421 5353 .
2459 5312 2569 5349 non
2614 5296 2787 5350 solum
2832 5307 3022 5347 eorum
3057 5307 3179 5359 qua:
3218 5306 3315 5343 na-

1765 5393 1995 5437 scuntur
2024 5396 2078 5437 et
2119 5385 2398 5440 intereunt
2445 5396 2727 5440 metantur
2775 5383 3075 5437 secundum
3122 5383 3287 5436 immu

1768 5471 2048 5533 tationem,
2084 5472 2176 5524 sed
2208 5474 2373 5527 etiam
2406 5472 2924 5549 omnisctonmium
2962 5515 2973 5537 ,
3016 5476 3126 5523 Sua:
3154 5470 3314 5524 ditio-

1398 5599 1627 5656 VAlll/E
1669 5604 2058 5661 LiiCTlONi‘I‘S.

203 5689 407 5751 ⁹⁹ιλκει
446 5700 568 5755 cod.
602 5699 741 5755 Gud.
793 5770 797 5774 _
840 5706 907 5735 ²·²
944 5708 1027 5758 ἐπ’
1075 5707 1202 5776 ἆρον
1254 5708 1374 5762 cod.
1432 5711 1571 5787 Gud.
1621 5717 1678 5771 Sc

1776 5719 1831 5773 in
1870 5735 2033 5788 marg.
2072 5719 2259 5773 eadem
2312 5738 2500 5776 manus
2531 5721 2758 5775 correxit
2794 5722 3030 5788 ἄπειρον.
