3986 6346
174 434 347 515 ,1185

1350 448 1351 451 “
1427 444 1660 502 AMBIG
1670 444 1940 518 UQRUM
1982 448 2227 509 LIBER.

3252 459 3408 553 uss

198 548 489 615 ἐνέργειαν
533 547 926 619 ἀπερίγραφον,
982 550 1074 603 καὶ
1122 550 1353 622 ἄναρχον
1394 550 1621 614 ἄνωθεν,
1664 570 1731 604 κα

1858 556 2098 610 cundum
2128 573 2341 613 omnem
2376 561 2482 617 tam
2520 568 2793 623 rationem
2844 585 3004 639 quam
3045 570 3262 639 modum
3320 574 3404 626 iu-

196 636 567 705 ἁτελεύτητον
610 637 851 690 κάτωθεν
881 639 996 689 ἔστι
1037 638 1098 689 τὸ
1132 637 1378 705 ἄπειρον,
1430 641 1524 693 καὶ
1567 640 1752 702 ἁπλῶς

198 727 386 778 εἰπεῖν
406 725 786 795 ἀληθέστερον,
834 727 976 778 κατὰ
1003 728 1175 780 πάντα
1205 728 1471 796 ἀόριστον,
1502 729 1576 791 ὼς
1606 729 1756 781 οὐδε-

196 814 288 877 νὸς
313 818 382 867 τδ
409 815 669 884 παράπαν
696 816 817 869 καθ’
847 817 944 870 ἕνα
985 817 1093 889 τῶν
1129 818 1599 888 ἀπηριθμημένων
1628 810 1761 887 τρόὶ

199 922 321 958 πων
348 898 1091 976 (1711).)συνεπινοηθῆναι
1113 900 1259 976 αὐτῷ
1275 909 1597 983 δυναμένου.
1618 910 1755 961 Καθ’

193 994 258 1047 ὃν
277 994 392 1065 γὰρ
414 994 480 1047 ἂν
511 996 760 1065 εἴποιμεν
787 997 943 1064 λόγον
965 997 1210 1068 ⁴Ιιτρόπον
1237 997 1491 1050 δύνασθαί
1504 1015 1555 1050 τι
1573 998 1757 1068 ἕτερον

161 1092 168 1098 ·
194 1083 351 1153 αὑτῷ
378 1082 494 1136 κατ’
524 1084 709 1136 οὐσίαν
746 1085 998 1156 διάφορον
1011 1086 1487 1154 “’παρα6άλλεσοαι,
1515 1087 1606 1139 τὸν
1633 1088 1753 1159 ὅλον

193 1168 296 1235 τῆς
330 1168 460 1235 ὅλης
487 1170 738 1237 ἀπειρίας
777 1170 925 1239 αὑτῷ
956 1174 1428 1243 συναφαιρούμεθα
1462 1174 1643 1243 λόγον.
1688 1176 1750 1228 El

192 1255 251 1309 δὲ
275 1258 505 1329 ἄπειρόν
532 1275 587 1310 τι
611 1255 748 1313 εῖναι
786 1250 853 1313 οὗ
873 1261 1091 1315 δύναται
1120 1256 1164 1330 ᾧ
1190 1262 1249 1326 ἐξ
1277 1264 1445 1316 ἀϊδίου
1476 1265 1750 1335 συνυπάρ-

192 1363 278 1415 χει
330 1346 517 1417 ἔτερόν
559 1366 612 1401 τι
656 1350 776 1403 κατ’
816 1350 1007 1405 οὐσίαν
1060 1351 1331 1423 διάφορον,
1358 1352 1581 1422 ἄπειρον
1613 1352 1749 1407 εἶναι

191 1434 448 1504 οὐδαμῶς
477 1435 746 1505 ἐνδέχεται
775 1437 962 1492 δυάδα.
994 1440 1060 1492 Δί
1092 1440 1199 1510 γάρ
1234 1440 1351 1493 κατ’
1384 1442 1554 1512 αὐτὴν
1584 1443 1769 1511 μονά-,

190 1522 278 1583 δες
316 1524 575 1593 ἀλλήλαις
604 1528 745 1580 κατά
778 1528 1076 1598 παράθεσιν
1110 1533 1544 1600 συνυπάρχουσαι
1586 1534 1748 1604 ἀλλη-

187 1606 289 1669 λας
329 1608 628 1678 ὁρίζουσιν,
654 1613 944 1684 οὐδετέρας
977 1618 1074 1686 τὴν
1099 1617 1290 1686 ἑτέραν
1322 1620 1589 1689 ἀορίστως
1617 1623 1746 1690 ὁρᾶ-

188 1694 313 1747 σθαι
349 1699 758 1768 συγχωρούσης,
777 1705 1205 1773 παρακειμένην,
1226 1705 1339 1758 ἀλλ’
1356 1708 1452 1776 οὐχ
1481 1708 1745 1776 ὑπερϐαί-

186 1800 384 1838 νουσαν
406 1787 653 1859 ἐχούσης.
675 1790 872 1845 καὶτὸν
888 1793 987 1858 τῆς
1003 1794 1253 1865 ἀπειρίας
1268 1797 1488 1858 εἰκότως
1504 1797 1743 1869 ἀλλήλων

1858 646 2069 719 ﬁnitum
2121 659 2225 711 est,
2259 653 2556 706 secundum
2603 658 2919 713 essentiam.
2969 661 3266 712 secundum
3305 677 3404 729 po-

1856 743 2128 799 testatem,
2150 742 2448 795 secundum
2469 745 2761 808 actionem,
2788 749 3092 801 secundum
3113 758 3404 817 utrumque

1854 826 2174 893 terminum,
2229 833 2566 901 superiorem
2592 877 2606 899 ,
2633 863 2635 865 ι
2659 824 2922 905 ἰιιᾳυαιη,’
2956 848 3013 891 et
3067 828 3401 901 inferiorem,

1852 913 2071 971 hoc-est
2099 921 2401 1002 secundum
2432 923 2647 978 initium
2668 935 2724 980 et
2753 927 2936 980 ﬁnem.
2964 928 3403 999 lmperceptibile

1852 1008 1998 1061 enim
2030 1012 2332 1067 secundum
2388 1017 2693 1080 essentiam
2717 1027 2773 1073 et
2821 1020 3147 1089 cogitatione
3177 1030 3401 1075 tmcom-

1851 1097 2223 1163 prehensibile
2274 1105 2574 1159 secundum
2616 1116 2941 1175 potestatem
2989 1118 3069 1163 et.
3101 1110 3401 1163 secundum

1849 1185 2118 1239 actionem
2146 1180 2706 1261 incircumscriptum,
2760 1205 2815 1247 et
2845 1195 2961 1250 sine
3018 1196 3287 1266 principio
3309 1212 3401 1251 su-

1848 1287 1966 1345 pra,
2019 1283 2077 1342 et
2108 1276 2226 1331 sine
2257 1278 2363 1331 ﬁne
2412 1281 2551 1335 infra
2607 1292 2693 1336 est
2750 1284 3024 1358 inﬁnitum
3060 1286 3214 1348 illud,
3252 1294 3308 1339 et
3340 1295 3400 1341 ut

1847 1360 2169 1430 simpliciter
2196 1366 2384 1421 verius
2412 1368 2611 1429 dicam,
2646 1386 2710 1423 ex
2737 1372 3267 1439 omnibus‘partibus
3310 1374 3397 1428 in-
3443 1395 3448 1398 ·

1847 1446 2217 1521 terminatum,
2250 1446 2374 1507 cum
2403 1454 2544 1508 nihil
2598 1456 2851 1510 omnino
2878 1458 3177 1512 secundum
3227 1476 3397 1515 unum

1843 1550 2033 1593 eorum
2066 1530 2205 1609 quos
2242 1546 2492 1606 recensui
2520 1546 2804 1600 modorum
2835 1563 2940 1615 una
2971 1564 3096 1602 cum
3152 1564 3219 1603 eo
3246 1550 3396 1620 cogi-

1845 1628 1950 1697 tari
1981 1633 2172 1698 possit.
2200 1633 2533 1704 Quacunque
2566 1638 2713 1690 enim
2744 1640 2953 1691 ratione
2982 1640 3065 1691 vel
3103 1640 3264 1693 modo
3318 1641 3399 1695 al-

1845 1726 2023 1771 terum
2078 1722 2210 1789 quid
2264 1720 2501 1779 essentia
2555 1742 2652 1779 sua
2704 1727 2981 1781 diversum
3026 1728 3079 1781 ei
3135 1730 3427 1799 applicari

1795 1822 2002 1876 .,pos.~:e
2057 1814 2432 1876 statuerimus,
2488 1824 2598 1869 tota
2631 1818 2798 1870 totius
2853 1818 3139 1872 inﬁnitatis
3183 1819 3393 1871 ratione

188 1876 643 1964 συναφαιροῦνται
681 1880 938 1948 λόγον.Εί
978 1884 1034 1936 δὲ
1076 1884 1321 1955 ἄπειρον,
1361 1887 1731 1953 ὡςδέδεικται,

1850 1896 2417 1979 ξρευωριηίναδίωυε.
2446 1905 2599 1970 Quod
2630 1907 2673 1959 si
2710 1905 2984 1959 inﬁnitum
3014 1906 3219 1975 aliquid
3272 1922 3394 1964 csso

188 1955 555 2035 μὴένδὲχεται
573 1965 714 2021 εἶναι
728 1969 913 2036 δυάδα,
929 1971 1050 2025 οὕτε
1066 1973 1295 2044 ἄναρχον
1324 1975 1583 2043 δηλονότι,
1599 1980 1740 2048 ἀρχὴ

182 2053 292 2121 γὰρ
323 2056 505 2125 πάσης
530 2057 716 2121 δυάδος
759 2062 924 2129 μονάς
953 2078 969 2093 ο
1024 2066 1073 2116 εί
1119 2064 1175 2116 δὲ
1220 2068 1294 2136 μὴ
1327 2065 1556 2136 ἄναρχον
1620 2068 1739 2121 ob“

183 2140 464 2212 ἀκίνητον,
507 2146 741 2196 κινεῖται
787 2148 895 2217 γάρ
918 2146 995 2216 τῷ
1017 2149 1231 2218 ἀριθμῷ
1264 2152 1326 2202 ὲκ
1356 2152 1593 2217 μονάδων
1620 2150 1739 2203 κατ’

184 2225 395 2293 ἕνωσιν,
419 2234 512 2285 καὶ
534 2233 613 2294 εἰς
637 2233 777 2284 αὐτά
804 2233 943 2287 κατά
976 2235 1240 2305 διαίρεσιν
1270 2237 1329 2289 τὸ
1350 2233 1498 2290 ἐἶναι
1522 2237 1736 2307 λαμϐά-

182 2328 347 2371 νουσα
380 2335 397 2348 ο
420 2321 469 2371 εί
496 2319 651 2395 eam,
677 2320 951 2390 ἀκίνητον,
996 2323 1116 2375 οὐδὲ
1157 2324 1317 2378 ἄλλου
1366 2326 1512 2387 τινδς
1559 2326 1735 2397 ἀρχὴν

183 2402 339 2459 εἶναι.
363 2406 439 2458 Τὸ
469 2406 576 2479 γὰρ
609 2409 923 2477 κινούμενον
952 2411 1053 2465 οὐκ
1088 2412 1251 2483 ἀρχὴ,
1287 2406 1404 2465 ἀλλ’
1437 2414 1496 2481 ἐξ
1536 2415 1732 2485 ἀρχῆς,

180 2493 375 2565 δηλαδὴ
406 2496 500 2548 τοῦ
534 2496 822 2562 κινοῦντος.
858 2500 1040 2563 Μονὰς
1065 2501 1121 2555 δὲ
1153 2503 1289 2573 μόνη
1312 2504 1514 2573 κυρίως
1541 2506 1731 2573 ἀκίνη-

180 2598 289 2646 τος,
318 2586 403 2637 ὅτι
436 2587 570 2655 μήτε
596 2586 821 2658 ἀριθμός
844 2592 982 2654 ἐστι,
1017 2592 1153 2660 μήτε
1185 2592 1485 2661 ἀριθμητὸν
1504 2593 1548 2663 ἢ
1574 2593 1731 2663 ἀριθ-

183 2672 450 2742 μούμενον
509 2674 651 2745 (οὔτε
679 2680 787 2747 γὰρ
822 2680 985 2749 μέρος
1010 2680 1043 2749 ἢ
1072 2680 1193 2733 ὅλον
1232 2681 1265 2748 ἢ
1310 2682 1490 2750 σχέσις
1519 2683 1664 2734 ἐστὶν
1695 2684 1729 2752 ή

183 2764 391 2830 μονὰς),
422 2765 515 2817 καὶ
548 2765 751 2834 κυρίως
778 2767 1009 2836 ἄναρχος
1037 2768 1078 2830 ⁸,
1105 2769 1186 2820 ὅτι
1210 2769 1505 2838 μηδέτερον
1533 2771 1730 2838 ἑαυτῆς

180 2849 291 2919 ἔχει
342 2849 730 2920 πρεσϐύτερον,
759 2852 819 2916 ιξ
852 2848 914 2906 οὒ
939 2854 1229 2923 κινουμένη
1259 2854 1472 2922 δέχεται
1500 2855 1562 2907 τὸ
1590 2851 1726 2907 εἶναι

183 2938 367 3007 μονὰς,
391 2940 487 2990 καὶ
509 2939 733 3011 ἄπειρον
758 2942 981 3011 κυρίως,
1012 2942 1090 2995 ὅτι
1120 2942 1282 3012 μηδὲν
1311 2942 1422 3011 ἔχει
1453 2945 1726 3014 συνυπάρ-

181 3042 270 3095 χον
314 3028 347 3096 ῆ
382 3028 1016 3100 συναριθμούμενον,.καὶ
1052 3031 1195 3102 ἀρχὴ
1224 3032 1447 3101 κυρίως,
1478 3034 1559 3084 ὅτι
1590 3050 1724 3085 παν.

179 3114 381 3177 τὺςκαὶ
413 3118 646 3188 ἀριθμοῦ
674 3121 769 3173 καὶ
821 3119 1222 3190 ἀριθμουμένου
1274 3125 1366 3175 καὶ
1421 3121 1722 3193 ἀριθμητοῦ

180 3206 323 3259 αἰτία
391 3211 677 3278 τυγχάνει,
728 3211 802 3275 ὼς
836 3213 1044 3283 ⁴πάσης
1084 3213 1317 3283 σχέσεως
1378 3216 1469 3267 καὶ
1531 3215 1726 3278 παντὸς

182 3296 375 3363 μέρους
398 3299 490 3351 καὶ
513 3299 633 3351 ὅλου
656 3301 985 3373 ἐξῃρημένη,
1011 3306 1105 3357 καὶ
1133 3305 1333 3375 κυρίως
1363 3305 1456 3357 καὶ
1480 3305 1715 3382 ἀληθῶς,

179 3384 356 3455 (172
384 3389 440 3456 α)
480 3389 710 3458 πρώτως
732 3391 753 3421 ⁸
790 3407 850 3443 τε
892 3393 986 3444 καὶ
1016 3392 1188 3461 μόνως
1217 3394 1311 3446 καὶ
1351 3394 1553 3458 άπλῶς,
1601 3396 1717 3447 ἀλλ’
1754 3401 1756 3403 ’

178 3475 374 3539 οὔπως,
409 3477 599 3550 πρώτη
629 3497 689 3533 τε
736 3481 902 3550 μονὰς
938 3482 1252 3552 ὑπάρχουσα
1292 3486 1385 3536 καὶ
1426 3485 1582 3554 μόνη.
1616 3487 1724 3538 Καὶ

178 3563 326 3616 τοῦτο
374 3566 622 3634 λέγοντες
661 3570 760 3623 οὐκ
798 3572 963 3640 αὐτὴν
989 3572 1063 3633 ὡς
1099 3572 1213 3624 ἔστι
1250 3574 1584 3641 σημαίνομεν
1626 3564 1722 3644 τὴν

180 3656 706 3728 μκιρὶανιθεότητα,
730 3662 971 3732 ἀπείρως
985 3663 1125 3715 κατά
1144 3663 1316 3717 πάντα
1339 3665 1433 3716 καί
1450 3663 1607 3731 λόγον
1631 3667 1720 3718 καὶ

175 3741 366 3809 τρόπον
392 3745 485 3796 καὶ
506 3744 579 3813 νῷ
608 3742 701 3797 καὶ
732 3746 872 3817 λόγῳ
907 3749 1069 3801 παντὶ
1097 3750 1193 3804 καὶ
1231 3752 1452 3821 ὀνόματι
1495 3754 1720 3823 ἀπρόσι-

176 3844 261 3888 τον
292 3830 456 3903 οὖσαν
484 3834 759 3899 παντελῶς
789 3838 887 3890 καὶ
926 3838 1395 3907 ἀπροσπέλαστον,
1439 3844 1551 3895 ἀλλ’
1593 3846 1719 3897 ἑαυ-

176 3922 278 3981 τοῖς
302 3921 427 3989 ὅρον
458 3921 557 3988 τῆς
580 3923 659 3984 είς
687 3925 855 3995 αὐτὴν
883 3928 1120 3991 πίστεως
1144 3930 1458 4001 παρέχομεν
1491 3932 1718 4003 βάσιμον

179 4011 266 4063 καὶ
298 4012 426 4081 ἡμῖν
455 4014 670 4081 ἐφικτόν
699 4029 762 4067 τε
788 4017 881 4068 καὶ
899 4018 1228 4088 πρόσφορον.
1262 4023 1337 4075 Οὐ
1369 4022 1477 4093 γάρ
1507 4023 1582 4084 ὡς
1612 4042 1717 4077 παο

179 4099 491 4163 ραστατικδν
517 4100 729 4163 πάντως
752 4100 930 4166 τοῦτο,
953 4105 1096 4173 φημὶ
1138 4107 1195 4157 δὲ
1241 4105 1301 4157 τὸ
1344 4109 1445 4175 τῆς
1494 4112 1718 4177 μονάδος

178 4183 355 4254 ὄνομα,
391 4188 489 4257 τῆς
518 4188 667 4252 θείας
694 4191 785 4242 καὶ
822 4193 1087 4261 μακαρίας
1110 4193 1297 4257 οὐσίας
1314 4195 1343 4245 ό
1366 4195 1506 4257 θεῖος
1534 4198 1716 4265 διαγο-

181 4275 316 4339 ρεύει
348 4277 523 4347 λόγος,
558 4280 672 4333 ἀλλ’
703 4281 778 4343 ὡς
803 4282 1127 4335 ἐνδεικτικὸν
1154 4284 1252 4353 τῆς
1295 4286 1588 4349 παντελοῦς
1618 4290 1713 4339 αὺ-

177 4363 269 4432 τῆς
296 4369 595 4440 ἁπλότητος
622 4372 722 4441 τῆς
769 4373 1023 4426 ἐπέκεινα
1076 4373 1256 4444 πάσης
1312 4377 1603 4445 ποσότητός
1654 4395 1712 4429 τε

181 4454 262 4506 καὶ
315 4462 618 4530 ποιότητος,
667 4463 758 4515 καὶ
812 4464 912 4533 τῆς
959 4465 1275 4535 οἱασδήποτε
1330 4468 1582 4535 σχέσεως,
1627 4468 1712 4522 ἴνα

178 4546 379 4616 γνῶμεν
429 4551 510 4604 ὅτι
558 4554 633 4622 μὴ
687 4554 807 4608 ὅλον
861 4555 913 4617 τί
960 4557 1105 4608 ἐστιν
1132 4557 1205 4619 ὡς
1225 4560 1287 4610 ἐκ
1323 4558 1504 4629 μερῶν
1533 4576 1713 4622 τινων,

180 4631 301 4705 μηδέ
316 4657 370 4691 τι
396 4640 558 4709 μέρος
576 4644 723 4695 ἐστὶν
743 4645 800 4708 ἐξ
822 4646 941 4718 ὅλου
956 4648 1125 4709 τινός.
1159 4649 1443 4717 ’Υπεράνω
1472 4650 1577 4720 γὰρ
1612 4653 1716 4705 πά-

179 4740 267 4793 σης
283 4727 594 4798 διαιρέσεως
607 4746 664 4791 τε
683 4732 776 4784 καὶ
796 4734 1092 4796 συνθέσεως
1111 4738 1204 4788 καὶ
1218 4739 1413 4811 μέρους

192 4813 394 4886 θεότης,
411 4818 491 4870 ὅτι
505 4818 726 4885 ἇποσον,
747 4824 837 4873 καὶ
855 4824 1032 4892 πάσης
1061 4825 1157 4890 τῆς
1185 4830 1325 4878 κατὰ
1356 4829 1503 4881 θέσιν
1539 4831 1713 4901 ὑπάρτ

178 4902 297 4969 Esto;
316 4910 407 4961 xui
422 4912 517 4979 τῆς
531 4910 645 4973 πῶς
659 4907 795 4964 εἶναι
813 4914 980 4982 αὐτὴν
993 4904 1311 4984 ὁριζομένης
1330 4920 1533 4982 ἐννοίας
1557 4923 1711 4989 ἀπῳ-

167 4998 417 5067 κισμένη,
433 5000 513 5052 ὅτι
529 5000 737 5066 ἄποιον,
753 5003 846 5054 καὶ
865 5004 962 5070 τῆς
980 5003 1112 5071 πρὸς
1130 5004 1255 5055 ἄλλο
1273 5008 1378 5058 πᾶν
1395 5010 1571 5077 πάσης
1587 5000 1725 5062 συν-ν

177 5088 353 5151 αφείας
374 5106 431 5141 τε
447 5092 542 5143 καὶ
556 5091 883 5159 οἰκειότητος
900 5093 1154 5161 ἐλευθέρα
1183 5098 1274 5145 καὶ
1305 5097 1523 5163 ἄφετος,
1555 5100 1709 5170 ἄσχε-

177 5187 257 5225 τον
272 5177 472 5249 γὰρ,τὸ
491 5182 592 5253 πρὸ
614 5182 784 5251 αὐτῆς
800 5181 831 5251 ἢ
848 5182 962 5251 μετ’
982 5181 1192 5253 αὐτῆςῆ
1218 5186 1334 5251 μετ’
1353 5188 1520 5256 αὐτὴν
1542 5190 1640 5242 οὐκ
1666 5191 1713 5242 ἔ-

179 5278 353 5335 χουσα,
373 5270 445 5332 ὡς
477 5270 692 5335 πάντων
712 5276 731 5305 ⁷
767 5272 1044 5339 ἐπέκεινα,

1836 2000 2162 2059 ηοιισροιεει
2189 2008 2311 2045 cum
2341 2009 2451 2060 quo
2488 2010 2553 2047 ex
2576 2005 2781 2048 aeterno
2806 1994 3037 2059 alterum
3064 1996 3194 2063 quid
3230 1997 3392 2052 simul

1841 2066 2022 2134 emet
2077 2082 2320 2135 essentia
2354 2082 2657 2148 diversum,
2698 2084 2979 2137 binitatcm
3032 2100 3155 2140 esse
3210 2086 3395 2141 inﬁni-

1842 2176 1950 2221 tam
1984 2160 2406 2238 haudquaquam
2434 2175 2599 2242 capit.
2627 2173 2794 2244 Cujus
2838 2176 3101 2230 monades
3146 2176 3377 2231 invicem

1839 2255 1945 2310 sibi
1997 2259 2263 2327 appOsitaa
2308 2275 2432 2314 cum
2486 2262 2649 2316 simul
2692 2269 2926 2326 exstent,
2982 2263 3216 2318 invicem
3272 2279 3390 2320 sese

1840 2344 2232 2409 determinant.
2272 2358 2328 2402 et
2360 2350 2527 2406 altera
2556 2352 2782 2405 alteram
2815 2352 3160 2406 interminate
3212 2353 3389 2407 videri

1837 2434 2109 2502 prohibet,
2141 2439 2444 2507 appositam
2500 2438 2721 2508 quidem
2771 2439 2899 2503 sibi,
2948 2439 3042 2492 sed
3091 2454 3199 2491 non
3228 2454 3390 2509 supe-

1837 2534 2045 2580 rantem
2073 2528 2301 2594 habens,
2331 2528 2576 2597 adeoque
2604 2529 2864 2582 videlicet
2920 2528 3209 2583 inﬁnitatis
3264 2546 3386 2597 sese

1837 2617 2068 2672 invicem
2098 2619 2308 2673 ratione
2338 2619 2594 2686 spoliant.
2616 2618 2734 2687 lam
2764 2618 2831 2683 si,
2876 2628 2938 2689 ut
2990 2619 3385 2686 demonstravi,

1836 2704 2099 2759 inﬁnitam
2129 2706 2251 2761 esse
2274 2699 2732 2763 binitatem‘haud
2762 2709 2925 2778 capit,
2965 2726 3067 2765 nec
3109 2710 3265 2766 initio
3293 2712 3387 2768 cai-
3414 2758 3419 2761 ς

1835 2809 1956 2847 rere
1978 2797 2157 2863 capit,
2181 2812 2303 2850 cum
2334 2798 2548 2851 initium
2578 2801 2757 2854 omnis
2786 2800 3033 2854 binitatis
3061 2802 3132 2855 sit
3159 2818 3380 2868 monas;

1832 2882 1878 2935 si
1909 2899 2041 2937 vero
2072 2886 2230 2939 initio
2276 2901 2384 2939 non
2436 2897 2605 2953 caret,
2662 2903 2764 2941 nec
2789 2890 3029 2943 motione
3059 2901 3227 2953 caret,
3257 2906 3380 2945 cum

1831 2986 2061 3025 numero
2092 2983 2376 3026 moveatur
2397 2989 2464 3026 ex
2487 2976 2813 3030 monadibus
2836 2991 2934 3045 per
2964 2977 3379 3043 adunationem,

1828 3068 1886 3113 et
1930 3060 2004 3133 in.
2033 3077 2125 3116 eas
2174 3065 2476 3119 Secundum
2528 3060 2957 3137 disiunctionem
3006 3071 3380 3126 cxsistentiam

1831 3152 2178 3227 transducat;
2236 3154 2282 3208 si
2313 3171 2445 3209 vero
2487 3172 2595 3210 non
2627 3158 2867 3219 motione
2898 3168 3066 3229 caret,
3117 3175 3220 3214 nec
3246 3161 3382 3214 alte-

1832 3241 1949 3294 rius
1976 3241 2207 3312 alicujus
2232 3244 2447 3300 initium
2478 3261 2599 3304 esse
2629 3256 2829 3316 potest.
2884 3248 3037 3313 Quod
3066 3250 3213 3302 enim
3264 3266 3381 3305 mo-

1831 3340 1992 3386 vetur
2019 3317 2235 3388 initium
2257 3352 2364 3391 non
2391 3347 2494 3401 est,
2519 3339 2614 3393 sed
2644 3320 2712 3393 ex
2737 3338 2914 3401 initio,
2949 3339 3205 3393 videlicet
3259 3344 3380 3410 ejus

1831 3421 1978 3490 quod
2008 3432 2211 3477 movet.
2243 3424 2427 3480 Menas
2453 3435 2633 3481 autem
2665 3429 2779 3481 sola
2818 3426 3115 3481 immobilis
3139 3436 3221 3480 est
3254 3443 3379 3495 pro-

1828 3512 1967 3579 prie,
1987 3513 2112 3581 quia
2143 3530 2318 3583 neque
2348 3532 2609 3589 numerus
2636 3527 2758 3579 est.
2789 3532 2967 3585 neque
2995 3517 3375 3578 numerabilis.

1826 3614 2006 3666 neque
2058 3612 2344 3657 numerata
2396 3594 2596 3675 (neque
2625 3607 2769 3659 enim
2799 3621 2924 3673 pars
2952 3616 3045 3659 aut
3079 3614 3251 3658 totum
3283 3616 3378 3661 aut

1825 3688 2021 3742 relatio
2048 3700 2133 3744 est
2171 3692 2404 3761 mones),
2464 3704 2519 3748 et
2546 3695 2765 3761 proprie
2810 3695 2969 3746 initio
3006 3710 3216 3757 carens,
3248 3700 3375 3765 quia

1826 3776 2060 3830 alterum
2115 3793 2173 3832 se
2201 3780 2481 3848 antiquius
2528 3796 2636 3832 non
2665 3780 2848 3842 habet,
2872 3780 3018 3834 unde
3042 3797 3232 3835 monas
3254 3800 3380 3838 esse

1825 3866 2078 3935 accipiat,
2110 3876 2166 3921 et
2190 3867 2399 3921 inﬁnita
2429 3869 2669 3937 proprie,
2701 3868 2837 3921 nihil
2865 3869 3074 3922 habens
3102 3870 3247 3945 quod
3288 3885 3376 3924 se-

1824 3972 1947 4011 cum
1997 3957 2158 4012 simul
2210 3967 2386 4013 exstet
2409 3958 2499 4014 vel
2529 3958 2692 4013 simul
2742 3958 3053 4023 censeatur,
3071 3967 3127 4013 et
3156 3960 3367 4035 initium

1822 4048 2064 4117 proprie,
2094 4050 2222 4120 quia
2250 4050 2565 4107 omnistam
2594 4049 2985 4121 numeriquam
3016 4057 3373 4111 numerabilis

1821 4143 1876 4187 et
1920 4140 2193 4197 numerati
2238 4156 2402 4194 causa
2442 4149 2544 4202 est,
2594 4149 2657 4194 ut
2692 4156 2812 4209 quae
2830 4145 2988 4196 'omni
3022 4146 3373 4201 relatione-et

1820 4224 1967 4276 onmi
1998 4235 2152 4292 parte
2185 4236 2242 4281 et
2273 4233 2386 4281 toto
2409 4228 2618 4296 privata
2642 4239 2745 4292 est,
2770 4238 2824 4283 et
2868 4215 3091 4299 proprie
3122 4248 3185 4287 ac
3213 4250 3365 4290 vere.

1821 4314 2077 4381 primarie
2104 4323 2266 4383 atque
2288 4317 2461 4370 solum
2491 4317 2915 4385 etsimpliciter.‘
2931 4321 3025 4373 sed
3045 4314 3190 4376 nullo
3205 4317 3369 4377 modo

1818 4401 2032 4461 affecta,
2051 4403 2222 4470 prima
2252 4412 2307 4456 et
2335 4405 2448 4457 sola
2478 4414 2653 4457 exstat
2682 4415 2738 4458 et
2767 4421 2971 4459 monas.
2998 4408 3150 4472 Quod
3180 4411 3363 4464 dicen-

1750 4518 1790 4571 υ
1820 4500 1901 4545 tcs
1931 4506 2039 4544 non
2068 4506 2186 4544 eam
2220 4500 2277 4545 ut
2305 4501 2389 4545 est
2423 4493 2787 4562 signiﬁcamus
2815 4494 3026 4549 beatam
3083 4498 3361 4564 deitatem,
3437 4541 3441 4546 .

1821 4580 2033 4634 inﬁnite
2054 4581 2349 4635 secundum
2376 4598 2592 4638 omnem
2641 4594 2695 4639 et
2728 4582 2992 4640 rationem
3039 4598 3095 4641 et
3140 4591 3363 4646 modum

1819 4681 1927 4725 tam
1954 4672 2119 4724 menti
2182 4687 2343 4739 quam
2387 4674 2582 4728 rationi
2640 4677 2785 4729 omni
2817 4686 2871 4730 et
2898 4678 3161 4733 vocabulo
3206 4674 3364 4749 plane

1432 4741 1524 4792 καὶ
1540 4742 1709 4839 ξ’)λοςδή
1811 4762 2081 4817 ditﬁcilem
2111 4772 2274 4831 atque
2324 4764 2777 4827 inaccessibilem,
2813 4768 2905 4821 sed
2938 4769 3211 4824 nobismet
3234 4772 3366 4839 ipsis

1811 4854 2041 4907 limitem
2076 4854 2197 4907 ﬁdei
2231 4856 2283 4908 in
2318 4870 2435 4908 eam
2462 4856 2734 4919 stabilem,
2768 4859 3033 4926 nobisque
3068 4870 3251 4927 aptum
3284 4872 3367 4914 at-

1811 4958 1916 5010 que
1976 4943 2242 4995 idoneum-
2288 4953 2624 5015 praestamus.
2673 4946 2858 5014 Neque
2889 4948 3033 5000 enim
3083 4957 3139 5001 ut
3168 4965 3365 5017 repue-

1814 5036 2141 5088 sentativum
2169 5036 2292 5096 hoc,
2326 5036 2593 5098 monadis,
2628 5038 2870 5106 inquam,
2902 5058 3120 5104 nomen,
3167 5041 3363 5095 divinae

1811 5132 1867 5175 ct
1888 5122 2057 5177 beata:
2084 5126 2336 5179 essentia:
2366 5125 2584 5178 divinus
2608 5139 2997 5182 commemorat
3037 5146 3233 5187 sermo.
3264 5129 3358 5183 sed

1810 5213 1876 5265 ad
1902 5212 2306 5266 monstraudam
2338 5214 2628 5282 perfectam
2652 5218 2770 5283 ejus
2800 5216 3220 5284 simplicitatem,
3244 5232 3363 5284 quae

1074 5273 1167 5326 καὶ
1195 5275 1383 5345 μηδεν).
1408 5279 1514 5331 τῶν
1546 5280 1711 5332 ὅντων

1832 5318 2029 5355 »ιηηειιι
2080 5305 2443 5370 quantitatem
2493 5314 2547 5358 et
2578 5306 2891 5373 qualitatem
2931 5314 2985 5358 et
3044 5306 3361 5357 relationem

1432 5434 1666 5490 "Ale
1712 5436 2107 5491 LECTIONES.

242 5538 267 5615 '_
289 5542 514 5615 ἄναρχον
538 5545 660 5615 cod.
684 5544 824 5601 Gud.
854 5564 930 5600 m.
956 5564 1040 5615 pr.

1135 5549 1155 5578 ⁸
1186 5548 1315 5620 lude
1340 5548 1407 5600 ab
1449 5550 1551 5620 line
1593 5550 1721 5620 folio
1765 5566 1936 5620 usque
1989 5552 2054 5605 ad
2088 5552 2182 5605 fol.
2231 5553 2356 5615 228,
2389 5553 2441 5605 in
2475 5554 2597 5609 cod.
2630 5554 2768 5610 Gud.
2804 5562 3013 5607 exstant
3046 5537 3268 5613 scholia,
3291 5555 3360 5605 ab

179 5606 483 5691 eadem,_'titi
513 5606 1300 5691 _v_idctur,_{nanu'inmargine
1337 5618 1590 5691 ascripta.
1634 5619 1801 5672 Doleo
1835 5606 1921 5673 me
1944 5636 2011 5673 eo
2055 5636 2171 5691 quo
2208 5606 2571 5691 libri'co'piam
2610 5624 2869 5679 habebam
2900 5633 3141 5687 tempore
3170 5626 3383 5674 ventu--

182 5686 289 5754 [um
316 5681 623 5754 valet_udi_ne
652 5684 985 5754 prohibitum
1022 5681 1198 5736 fuisse
1220 5681 1511 5751 quominus
1538 5702 1599 5738 ea
1637 5702 1874 5754 quoque,
1905 5681 2272 5745 minutissimo
2312 5681 2623 5747 charactere
2668 5701 2897 5753 exarata,
2929 5681 3056 5742 mihi
3095 5693 3350 5743 transcri-

184 5737 385 5820 istem;
446 5750 466 5780 "
484 5737 696 5814 πάντως
725 5752 885 5806 habet
912 5737 1297 5822 apograplnn'n.
