3986 6346
636 378 770 447 “87

1788 378 1855 436 s;
1887 374 2175 435 MAXIMI
2212 328 2735 437 coNFEssoms'

3716 380 3836 452 ιιι

631 489 865 552 excedit,
890 496 949 540 ut
979 502 1154 555 neque
1192 494 1364 540 totum
1399 482 1605 551 aliquid
1637 481 1789 535 velut
1813 495 1880 534 ex
1931 481 2183 548 partibus

2294 483 2403 534 κατ’
2438 484 2623 536 οὐδένα
2661 484 2816 550 λόγον
2836 484 2869 551 ἦ
2890 484 3086 552 τρόπον
3119 489 3543 557 συντεταγμένη.
3572 489 3833 547 Καὶτοῖηι

516 640 523 647 ε
630 577 907 647 aliquibus
929 590 1105 644 neque
1138 583 1345 644 partem
1363 574 1600 641 aliquam
1636 587 1703 626 ex
1723 580 1835 624 toto
1867 572 2051 638 aliquo
2070 585 2190 623 esse

628 676 751 717 eam
774 663 1287 719 animadvertamus.
1315 661 1409 715 Est
1429 660 1573 714 enim
1588 658 1764 712 deitas
1775 656 2025 723 superior
2043 656 2189 708 omni

630 752 995 824 disjunctione
1014 760 1070 805 et
1096 750 1479 819 conjunctione
1512 756 1567 801 et
1585 754 1738 814 parte
1754 753 1810 798 et
1836 751 1972 808 toto,
2004 752 2192 811 utpote

632 856 755 911 qua:
766 848 914 895 extra
929 840 1285 909 quantitatem
1308 851 1525 890 omnem
1543 843 1647 897 est,
1665 844 1719 887 et
1735 833 1923 902 procul
1947 833 2015 885 ab
2040 834 2190 905 omni

631 930 863 999 positiva
880 929 1143 985 exstantia
1170 936 1225 981 et
1247 927 1528 979 intellectu
1548 939 1666 977 eam
1690 924 1874 992 aliquo
1894 922 2055 975 modo
2072 936 2191 981 esse

631 1020 950 1080 definiente,
985 1027 1172 1084 utpote
1197 1030 1317 1087 quae
1338 1015 1456 1068 sine
1484 1006 1746 1081 qualitate
1776 1020 1879 1075 est,
1934 1021 1989 1065 et
2040 1013 2190 1065 omni

632 1110 698 1164 ad
741 1108 973 1176 quodvis
1003 1109 1236 1161 alterum
1265 1122 1479 1163 annexu
1504 1105 1672 1157 libera
1698 1113 1859 1172 atque
1890 1103 2087 1167 soluta,
2106 1112 2191 1158 est

635 1199 783 1254 enim
807 1197 1246 1269 sinerrelatione,
1277 1211 1397 1263 quae
1453 1203 1577 1248 ante
1635 1209 1692 1248 se
1743 1193 2065 1261 quidquam,
2097 1200 2192 1247 aut

636 1301 761 1339 cum
789 1301 846 1340 se
873 1292 970 1340 aut
992 1291 1114 1352 post
1146 1300 1203 1338 se
1232 1299 1343 1337 non
1371 1283 1589 1345 habeat,
1633 1292 1693 1335 ut
1740 1282 1983 1335 omnium
2039 1293 2193 1347 supe-

638 1373 774 1435 rior,
801 1387 975 1439 neque
998 1386 1123 1425 cum
1144 1370 1255 1425 ullo
1281 1384 1471 1422 eorum
1497 1384 1615 1437 quae
1666 1376 1795 1421 sunt
1828 1367 1937 1419 ulla
1980 1365 2192 1418 ratione

638 1471 735 1514 aut
759 1461 919 1514 modo
952 1459 1272 1527 composita.
1305 1458 1458 1521 Quod
1489 1458 1930 1511 animadverteris
1960 1456 2190 1509 fortasse

637 1566 865 1621 magnus
892 1558 948 1603 et
975 1550 1193 1604 divinus
1231 1548 1545 1619 Dionysius,
1576 1567 1595 1597 ι
1638 1547 1929 1612 Quocirca,
1991 1545 2188 1613 inquit,

636 1655 827 1695 monas
854 1653 1072 1707 quoque
1110 1638 1384 1693 celebrata
1407 1644 1463 1689 et
1496 1636 1648 1696 trias,
1707 1634 1963 1686 divinitas
2008 1635 2191 1687 omnia

636 1745 920 1800 superans,
954 1744 1063 1784 non
1088 1742 1275 1781 monas
1302 1735 1406 1785 est,
1435 1739 1613 1793 neque
1643 1723 1795 1787 trias,
1819 1723 1934 1775 sive
1968 1736 1997 1774 a
2033 1722 2194 1775 nobis

2289 573 2446 641 τυχὸν
2470 576 2725 644 ἐννοήσας
2751 576 2779 624 ὁ
2804 575 2974 642 μέγας
2994 576 3085 627 καὶ
3101 576 3241 634 θεῖος
3275 578 3549 638 Διονύσιός
3582 597 3710 648 φησι
3742 582 3824 652 (ll

2296 680 2315 711 ι
2347 663 2437 714 Διὸ
2464 665 2556 716 καὶ
2578 664 2743 731 μονὰς
2773 660 3082 733 ὑμνουμένη
3115 664 3210 735 καὶ
3234 667 3407 736 τριὰς,
3436 670 3469 736 ἠ
3498 668 3642 740 ὑπὲρ
3672 671 3830 725 πάντα

2291 749 2500 819 θεότης,
2537 752 2636 804 obit
2670 752 2814 805 ἐστιν
2844 752 2965 805 οὔτε
2997 753 3184 822 μονὰς,
3224 753 3347 807 οὔτε
3391 758 3571 825 τριὰς,
3624 758 3658 829 ἢ
3710 764 3831 829 πρὸς

2291 842 2447 911 ἡμῶν
2494 842 2527 909 ἢ
2578 842 2736 895 ἄλλου
2780 842 2923 905 τινὸς
2972 843 3361 914 διεγνὼσμένη,
3401 845 3517 897 ἀλλ’
3550 847 3636 899 ἵνα
3659 849 3751 900 καὶ
3776 852 3833 903 ἢ

2292 932 2707 1001 ὑπερηνωμένον
2744 932 2766 963 ⁸
2810 932 2981 1000 αὐτῆς
3011 932 3102 984 καὶ
3131 932 3192 985 τδ
3223 932 3469 1001 θεογόνον
3491 934 3707 1003 ἀληθῶς
3740 936 3829 1006 δρ-

2289 1022 2560 1089 νήσωμεν,
2588 1021 2769 1089 (172
2801 1021 2851 1089 ι)
2883 1024 2948 1091 τῇ
2978 1021 3223 1091 τριαδικῇ
3262 1022 3358 1079 καὶ,
3411 1022 3588 1094 tmte
3647 1024 3832 1079 θεωνυ·

2294 1108 2394 1178 μία
2426 1108 2523 1177 τὴν
2554 1108 2910 1177 ὑπερώνυμον
2940 1109 3321 1177 ὠνομάσαμεν,
3348 1111 3570 1175 καὶτοῖς
3601 1107 3718 1166 οὖσι
3742 1111 3831 1185 si;

2291 1194 2632 1262 ὑπερούσιον.
2669 1213 2687 1245 ι
2743 1196 3007 1265 Οὐδαμῶς
3061 1192 3154 1249 οὖν
3195 1208 3279 1259 τις
3333 1200 3501 1253 δυάδα
3558 1199 3591 1268 ἦ
3643 1198 3831 1270 πλῆθος

2290 1282 2545 1351 ἄναρχον,
2567 1282 2599 1350 ἢ
2625 1282 2799 1351 ἀρχὴν
2828 1283 2890 1334 τὸ
2922 1282 3137 1335 σύνολόν
3166 1301 3310 1348 τινος
3338 1281 3475 1339 ιῐναι
3522 1286 3702 1354 λέγων
3744 1286 3830 1341 δυο

2290 1372 2535 1440 νήσεται,
2573 1370 2674 1440 ζῇν
2706 1371 2945 1434 εὐσεϐῶς
2993 1372 3060 1424 δι’
3119 1365 3373 1441 ἀληθείας
3429 1373 3827 1445 βεϐουλημένος.

2293 1456 2516 1527 Εῒςχὰρ
2539 1459 2629 1511 διᾶ
2663 1460 2840 1529 πάσης
2863 1459 2964 1539 τῆς
2985 1459 3128 1512 κατὰ
3157 1460 3311 1527 λόγον
3343 1460 3440 1513 καὶ
3470 1460 3591 1513 νοῦν
3636 1461 3831 1532 Oetam-

2292 1548 2447 1616 τικῆς
2474 1549 2751 1616 δυνάμεως
2779 1549 2873 1599 καὶ
2893 1548 3201 1617 ἐπιστήμης
3227 1548 3375 1618 αὑτῷ
3402 1549 3533 1612 Θεὸς
3560 1551 3831 1621 ἀναφανήο

2294 1654 2464 1698 σεται,
2499 1638 2678 1703 πάσης
2707 1637 2961 1705 ἀπειρίας
3003 1639 3262 1707 ὑπάρχων
3292 1639 3568 1703 ἐπέκεινα,
3611 1640 3707 1692 καὶ
3737 1657 3833 1709 μη-

2292 1724 2403 1775 δενὶ
2432 1723 2659 1776 καθόλου
2691 1724 2800 1776 τῶν
2832 1725 2999 1777 ὄντων
3037 1726 3160 1783 καθ’
3197 1725 3400 1791 ὁτιοῦν,
3438 1728 3577 1797 πλὴν
3612 1727 3705 1779 τοῦ
3752 1726 3836 1780 διὰ

637 1824 752 1876 sive
775 1821 850 1875 'ab
887 1823 993 1878 alio
1022 1820 1277 1889 quopiam
1326 1819 1527 1886 agnita,
1558 1814 1651 1869 sed
1690 1827 1751 1893 ut
1792 1812 1936 1881 quod
1971 1812 2025 1865 in
2077 1812 2193 1879 ipsa

2295 1813 2527 1872 πίστεως
2565 1812 2721 1879 μόνον
2742 1812 3123 1878 γινώσκεσθαι,
3153 1816 3246 1867 καὶ
3270 1814 3429 1867 τοῦτο
3460 1817 3527 1868 ἑκ
3544 1816 3655 1868 τῶν
3676 1815 3836 1869 αὑτοῦ

638 1920 722 1967 est
749 1926 909 1979 supra
944 1926 1107 1978 quam
1148 1910 1199 1961 in
1232 1922 1399 1961 unum
1429 1906 1739 1973 copulatum
1790 1911 1846 1955 et
1875 1901 1968 1956 Dei
2002 1901 2193 1954 fecun—

640 1999 771 2053 dum
793 2013 917 2052 vere
949 1997 1327 2066 prmdicemus,
1354 1995 1557 2047 trinum
1588 2000 1645 2046 et
1671 2005 1839 2044 unum
1890 1990 2061 2043 Deum
2092 2002 2191 2041 no-

640 2089 911 2143 minamus
933 2086 1082 2139 illum
1114 2084 1205 2151 qui
1255 2098 1417 2151 supra
1439 2096 1599 2134 omne
1636 2094 1835 2131 nomen
1880 2087 1985 2139 est,
2016 2086 2071 2130 et
2105 2092 2194 2131 re-

639 2178 743 2232 bus
773 2176 855 2229 vel
907 2172 1191 2227 vocabulis
1245 2171 1451 2224 utimur
1500 2168 1555 2219 in
1613 2165 1945 2234 designando
1988 2178 2055 2217 eo
2096 2164 2192 2232 qui

639 2268 787 2321 omni
812 2267 1043 2319 essentia
1074 2272 1159 2317 est
1186 2261 1456 2330 superior.
1491 2277 1509 2308 ι
1550 2258 1718 2311 Nemo
1752 2256 1938 2324 igitur,
1965 2254 2063 2322 qui
2104 2270 2193 2308 re-

640 2356 827 2424 ligiose
849 2370 945 2421 per
975 2352 1260 2405 veritatem
1277 2347 1494 2401 vivendi
1523 2345 1801 2400 studiosus
1828 2342 2057 2424 dyadem
2096 2348 2193 2394 aut

640 2458 932 2498 numerum
965 2440 1231 2509 principio
1261 2445 1540 2491 carentem
1594 2444 1689 2488 aut
1713 2419 2042 2504 principium
2078 2446 2195 2485 om-

642 2530 774 2585 nino
803 2529 1105 2597 cujuspiam
1133 2542 1256 2579 esse
1286 2525 1471 2580 dicere
1507 2524 1817 2578 conabitur.
1870 2521 2023 2576 Unus
2046 2520 2193 2571 enim

644 2634 741 2692 per
775 2618 1085 2669 universam
1106 2624 1210 2666 tam
1241 2613 1563 2666 rationalem
1586 2627 1746 2680 quam
1770 2610 2192 2664 intellectualem

644 2704 1115 2775 contemplativam
1153 2709 1475 2770 potestatem
1501 2707 1557 2752 et
1617 2699 1900 2752 scientiam
1928 2698 2006 2749 illi
2050 2698 2195 2759 Deus

645 2792 947 2863 apparebit,
978 2790 1157 2843 omnis
1190 2788 1478 2842 infinitatis
1519 2787 1768 2847 ulterior,
1812 2799 1915 2837 nec
1938 2784 2192 2855 cuiquam

644 2884 868 2939 omnino
902 2896 1093 2937 eorum
1135 2894 1253 2948 quae
1286 2886 1415 2931 sunt
1446 2892 1513 2930 ex
1532 2876 1641 2929 ulla
1669 2882 1842 2943 parte,
1879 2881 2077 2942 prater
2109 2886 2196 2925 so-

645 2973 751 3031 lam
767 2985 864 3039 per
882 2969 1042 3023 fidem
1064 2968 1453 3036 cognitionem,
1482 2964 1662 3018 ethoc
1686 2979 1753 3016 ex
1773 2962 2038 3030 operibus
2052 2962 2190 3030 ejus,

647 3057 792 3127 quod
828 3066 930 3119 est,
972 3071 1080 3109 non
1104 3054 1247 3123 quod
1274 3053 1566 3120 aliquando
1589 3062 1692 3113 est,
1718 3050 2006 3118 perceptus
2030 3058 2193 3117 atque

2292 1900 2612 1970 ποιημάτων
2648 1902 2732 1953 ὅτι
2771 1901 2941 1963 ἐστὶν,
2974 1902 3073 1972 οὐχ
3111 1903 3193 1955 ὅτι
3225 1905 3353 1973 ποτέ
3374 1903 3489 1955 ἔστι
3520 1904 3839 1972 Gum-

2292 2009 2402 2054 νος.
2431 1994 2525 2044 καὶ
2552 1992 2749 2055 παντὸς
2779 1991 2973 2055 αἰῶνος
3005 1992 3099 2043 καὶ
3135 1992 3325 2062 χρόνον
3358 1992 3455 2044 καὶ
3488 1994 3700 2046 πάντων
3731 1994 3834 2047 τῶν

2291 2084 2347 2136 ὲν
2375 2082 2532 2134 αξῶνι
2552 2082 2644 2135 καὶ
2661 2083 2836 2151 χρόνῳ
2862 2083 3095 2152 ποιητής
3116 2099 3177 2134 τε
3197 2082 3293 2135 καὶ
3314 2082 3665 2152 δημιουργὸς.
3691 2082 3834 2135 οὐδὲν

2291 2170 2350 2222 τὺ
2391 2170 2650 2239 παράπαν
2695 2169 2755 2234 ἐξ
2786 2169 2955 2223 amen
2995 2164 3121 2223 καθ’
3153 2169 3427 2224 ὁντιναοῦν
3452 2169 3649 2239 τρόπον
3696 2170 3835 2236 αὐτῷ

2294 2258 2645 2322 συνεπινοῶν,
2673 2258 2827 2321 εἰδὼς
2853 2261 2933 2311 ὅτι
2968 2258 3261 2328 μηδέτερον
3290 2258 3399 2311 τῶν
3420 2256 3537 2327 ἅμα
3564 2259 3705 2311 κατὰ
3734 2257 3834 2327 τὴν

2294 2347 2527 2415 ὓπαρξιν
2556 2346 2806 2416 ἀλλήλοις
2839 2348 2900 2409 ἐξ
2926 2346 3096 2400 ἀϊδίου
3128 2347 3394 2400 συνόντων
3433 2342 3573 2400 εἶναι
3621 2344 3835 2414 δύναται

2291 2436 2384 2490 τοῦ
2417 2436 2605 2505 ἑτέρου
2628 2437 2930 2505 ⁴ιῖεοιηίτικόν.
2972 2436 3384 2501 Ἀσυὶλόγιστον
3412 2435 3517 2506 γὰρ
3541 2436 3697 2487 τοῦτο
3710 2450 3837 2486 παν·

2293 2526 2495 2579 τάπασι
2521 2526 2617 2577 καὶ
2641 2525 2974 2588 ἀνένδεκτον,
3001 2526 3093 2577 καὶ⁵
3114 2527 3227 2587 τοῖς
3257 2524 3381 2579 νοῦν
3403 2526 3584 2594 ἔχουσι
3606 2521 3833 2589 καταγί-

2291 2617 2490 2669 λαστον
2516 2616 2610 2667 ἐπὶ
2628 2614 2735 2667 τῶν
2766 2615 2997 2683 ἑχόντων
3020 2614 3134 2682 ἃμα
3163 2614 3225 2672 τὴ
3252 2609 3390 2667 εἶναι
3425 2612 3693 2666 ποιεῖσθαι
3716 2612 3837 2666 me

2292 2705 2453 2759 ἄλλοι)
2480 2705 2782 2773 ποιητικόν.
2826 2703 2967 2756 Ἀλλ’
3013 2706 3076 2755 ὲκ
3123 2702 3257 2754 Θεοῦ
3305 2704 3394 2755 τοῦ
3448 2704 3535 2756 ἀεὶ
3583 2703 3733 2764 ὄντος
3772 2702 3835 2755 τὰ

2294 2792 2469 2843 πάντα
2505 2792 2568 2842 ιιι
2592 2790 2683 2842 τοῦ
2718 2789 2793 2859 μὴ
2813 2790 2965 2852 ὖντος
3010 2790 3267 2857 γενέσθαι
3326 2788 3604 2852 παντελῶς
3645 2805 3706 2841 τε
3734 2785 3838 2841 οιαὶ

2292 2877 2507 2941 ὁλικῶς,
2541 2876 2657 2931 ἀλλ’
2689 2878 2750 2929 οὐ
2782 2876 3021 2947 μερικῶς
3040 2894 3099 2929 τε
3122 2878 3217 2929 καὶ
3238 2875 3462 2937 ἀτελῶς,
3492 2876 3569 2937 ὡς
3589 2875 3651 2939 ἐξ
3671 2877 3837 2937 αἰτίας

2292 2965 2725 3035 ἀπειρογνώστου
2766 2967 2859 3018 καὶ
2906 2966 3343 3036 ἀπειροδυνάμου
3394 2962 3570 3030 σοφῶς
3626 2980 3834 3033 παρηγ-

2296 3055 2451 3123 μὲνα,
2481 3053 2726 3124 δέξηται,
2756 3054 2851 3108 καὶ
2872 3056 2931 3107 ἒν
2949 3054 3098 3125 αὐτῷ
3118 3053 3502 3123 συνεστηκέναι
3522 3053 3545 3084 ⁹
3564 3053 3634 3105 τὰ
3648 3054 3835 3113 πάντα,

648 3146 888 3216 agnitus,
916 3151 973 3198 et
1000 3143 1178 3197 omnis
1200 3140 1299 3195 avi
1334 3155 1399 3193 ac
1432 3137 1693 3204 temporis
1721 3145 1776 3188 et
1799 3136 2043 3189 omnium
2074 3151 2193 3202 quae

2296 3144 2372 3205 ὡς
2411 3144 2468 3195 ἐν
2504 3143 2981 3214 παντοκρατορικῷ
3002 3144 3237 3214 πυθμένι
3264 3142 3647 3214 φρουρούμενά
3673 3158 3730 3194 τε
3753 3142 3841 3192 καὶ

654 3238 709 3291 in
737 3250 852 3290 aevo
881 3242 1006 3287 sunt
1038 3248 1098 3287 ac
1129 3237 1375 3299 tempore
1406 3228 1581 3281 factor
1602 3236 1763 3293 atque
1798 3223 2015 3288 artifex,
2054 3224 2190 3275 nihil

2298 3230 2751 3299 διακρατούμενα,
2796 3218 2893 3284 καὶ
2922 3235 3001 3293 τις
3027 3232 3189 3286 αὐτὸν
3214 3232 3283 3287 τὰ
3315 3233 3494 3287 πάντα
3522 3234 3839 3300 ἑπιστρέςν-ε-

654 3340 880 3393 prorsus
914 3336 1241 3391 quocunque
1260 3326 1343 3372 est
1371 3316 1532 3369 modo
1561 3315 1612 3367 ei
1640 3316 1866 3367 alterum
1898 3312 1966 3366 de
1990 3320 2195 3365 πιθηιο

2302 3315 2448 3379 σθαι,
2481 3310 2733 3391 καθάπερ
2759 3318 2839 3379 εἰς
2884 3318 3083 3369 οἰκσῖον
3144 3316 3353 3370 tum
3398 3317 3591 3387 πέρας,
3618 3321 3710 3379 ῶς
3744 3315 3837 3367 πού

654 3413 872 3481 alligens
908 3412 1235 3481 cogitatione
1255 3448 1269 3471 ,
1312 3421 1521 3461 memor
1547 3404 1691 3473 quod
1724 3408 1977 3457 neutrum
2005 3416 2195 3455 eorum

2302 3419 2465 3473 φησιν
2495 3403 2524 3455 ὁ
2555 3401 2725 3475 μέγας
2754 3405 3142 3475 Ἀρεοπαγίτης
3167 3406 3447 3468 Διονύσιος
3474 3407 3573 3474 (2).

648 3519 767 3572 qua:
796 3502 1242 3555 exsistentialiter
1258 3484 1325 3551 de
1346 3505 1551 3551 aeterno
1580 3495 1737 3549 simul
1753 3502 1883 3547 sunt
1899 3502 2153 3547 neutrum
2165 3492 2377 3550 ellicere
2402 3497 2593 3564 possit.
2615 3496 2802 3566 Neque
2816 3498 2963 3552 enim
2988 3495 3520 3566 cogitariomninoid
3544 3502 3839 3563 potestate.

648 3607 752 3659 que
771 3591 909 3652 ﬁeri,
927 3591 1113 3660 eisque
1140 3590 1232 3657 qui
1249 3594 1428 3641 mente
1444 3594 1674 3639 utuntur
1694 3584 1986 3638 ridiculum
2006 3593 2111 3648 est,
2130 3598 2312 3639 rerum
2329 3585 2559 3649 duarum
2581 3603 2699 3655 quae
2716 3587 2875 3642 simul
2893 3586 3161 3641 exsistunt
3176 3586 3399 3639 alteram
3420 3582 3645 3638 alterius
3669 3581 3840 3635 facere

648 3684 994 3738 creatricem.
1027 3681 1131 3735 Sed
1160 3696 1227 3734 ex
1272 3680 1383 3732 Deo
1420 3687 1623 3731 aeterno
1673 3675 2086 3730 universitatem
2111 3690 2180 3728 ex
2211 3676 2389 3729 nihilo
2416 3678 2611 3740 iactam
2632 3692 2755 3731 esse
2773 3679 2829 3732 in
2855 3687 3029 3732 totum
3057 3692 3122 3731 ac
3144 3676 3327 3745 plene,
3352 3684 3407 3729 at
3427 3690 3532 3728 non
3554 3669 3837 3742 particula-

653 3775 750 3827 tim
765 3782 821 3829 et
851 3771 1191 3840 imperfecte,
1220 3777 1357 3822 utex
1409 3783 1571 3822 causa
1612 3766 1838 3819 infinitae
1876 3774 1932 3819 et
1960 3765 2286 3833 cognitionis
2343 3774 2400 3819 et
2430 3768 2723 3835 potestatis
2747 3769 3027 3836 sapienter
3052 3766 3365 3829 deductam,
3394 3760 3834 3833 approbationem

654 3861 839 3923 habet,
866 3860 1030 3925 inque
1059 3873 1125 3911 eo
1144 3858 1396 3910 universa
1415 3865 1666 3909 constare
1682 3863 1743 3907 ut
1759 3854 1815 3907 in
1840 3854 2214 3921 omnipotente
2230 3853 2409 3906 radice
2431 3855 2703 3908 custodita
2733 3864 2895 3923 atque
2931 3863 3270 3917 conservata,
3286 3861 3341 3906 et
3362 3853 3417 3905 in
3442 3850 3691 3906 eumdem
3718 3845 3839 3900 nni-

655 3964 814 4005 versa
847 3947 1025 4000 redire
1049 3947 1199 3999 velut
1230 3947 1281 3997 in
1300 3946 1582 4013 proprium
1603 3959 1759 3997 suum
1776 3943 2031 4013 quodque
2054 3943 2370 4007 terminum,
2434 3944 2515 3997 uti
2533 3945 2735 3998 alicubi
2753 3944 2887 3998 dicit
2933 3958 3158 4013 magnus
3181 3942 3471 4012 Dionysius
3498 3937 3831 4007 Areopagita.

654 4120 1033 4190 Contemplatio
1079 4135 1183 4189 qua
1232 4118 1625 4172 demonstratur
1676 4118 1768 4171 Dei
1819 4121 2195 4187 providentiam

2299 4124 2480 4194 (173
2523 4123 2576 4192 a)
2638 4106 2851 4190 Θεωρία
2892 4084 3272 4188 ἀποδεικτικὴ
3326 4118 3432 4173 τοῦ
3491 4114 3644 4171 εῖναι
3696 4112 3834 4167 κατὰ

808 4210 1090 4264 secundum
1120 4220 1369 4263 naturam
1400 4225 1553 4262 suam
1581 4210 1757 4261 omnia
1789 4212 2052 4278 prosequi.

724 4320 899 4374 Etiam
927 4319 1264 4387 provisorem
1298 4333 1479 4371 rerum
1512 4326 1721 4371 naturae
1749 4332 1869 4372 esse
1906 4320 2202 4387 persuade-

2403 4212 2589 4277 φύσιν
2616 4212 2713 4262 ἐπὶ
2737 4211 2974 4263 πάντων
2994 4211 3107 4279 τὴν
3134 4210 3240 4263 τοῦ
3257 4209 3403 4262 Θεοῦ
3430 4209 3731 4275 πρόνοιαν.

2368 4318 2477 4371 Καὶ
2515 4318 2812 4388 προνοητὴν
2854 4319 3013 4370 αὐτὸν
3055 4315 3194 4369 εἶναι
3239 4317 3596 4385 πεισθήσεται
3621 4312 3727 4368 τῶν
3752 4317 3830 4369 6v-

656 4410 806 4462 bitur
828 4408 901 4473 ei,
929 4422 1025 4475 per
1047 4421 1184 4474 quas
1216 4416 1271 4458 et
1308 4406 1475 4459 Deum
1509 4420 1630 4459 esse
1659 4406 1872 4467 didicit,
1900 4408 2107 4475 justum
2138 4424 2195 4463 ac

2305 4423 2431 4470 των,
2468 4407 2534 4459 δι’
2568 4402 2640 4459 ὧν
2666 4408 2745 4459 ὅτι
2778 4408 2870 4459 καὶ
2897 4407 3026 4468 Θεός
3055 4408 3200 4457 ἔστιν
3227 4404 3497 4474 ἐδιδάχθη,
3532 4404 3731 4458 δίκαιον
3756 4402 3828 4458 ιῖ-

574 4494 575 4497 “
658 4496 851 4550 rationi
886 4504 1310 4549 consentaneum
1336 4510 1455 4549 esse
1488 4508 1669 4547 rerum
1696 4496 1977 4549 custodem
2039 4505 2202 4564 atque

659 4593 965 4638 curatorem
992 4599 1150 4653 quam
1208 4583 1385 4651 ipsum
1438 4598 1619 4636 rerum
1663 4582 2026 4637 conditorem.
2084 4586 2203 4653 lpsa

659 4673 803 4725 enim
836 4688 1013 4724 rerum
1054 4672 1366 4740 perennitas
1391 4682 1446 4724 et
1466 4672 1599 4724 ordo
1630 4681 1687 4724 et
1708 4672 1909 4739 positio
1934 4682 2005 4725 et
2034 4675 2203 4728 motio

657 4771 713 4814 et
748 4769 929 4812 mutua
960 4776 1052 4826 per
1087 4760 1298 4813 medias
1335 4770 1517 4827 partes
1562 4761 1831 4814 connexio
1885 4764 2204 4817 extremita-

659 4860 799 4921 tum,
827 4848 961 4900 nihil
992 4862 1105 4901 sese
1140 4849 1372 4921 invicem
1402 4863 1713 4916 quanquam
1756 4852 2047 4904 contraria:
2074 4864 2201 4906 sunt

659 4916 1053 5013 infes‘tantium,
1073 4946 1128 4988 et
1156 4920 1389 5003 partium
1409 4939 1462 4990 in
1488 4946 1658 4992 totum
1674 4940 2096 5007 conspiratio,et
2117 4949 2199 4994 to-
2232 4988 2237 4993 .

657 5016 838 5081 torum
870 5025 1148 5093 aequabilis
1195 5040 1256 5077 ac
1318 5028 1472 5091 plena
1527 5043 1624 5096 per
1668 5038 1851 5097 partes
1908 5045 2197 5099 coagmen-

658 5119 812 5187 tatio,
837 5127 891 5171 et
918 5117 1156 5185 ipsarum
1182 5117 1416 5182 partium
1444 5118 1585 5171 inter
1603 5134 1659 5172 se
1698 5128 1954 5173 constans
1997 5120 2199 5175 discre-

2299 4514 2387 4550 ναι
2420 4496 2622 4566 κρίνων
2659 4496 2751 4548 καὶ
2790 4495 3027 4563 εῠλογον,
3057 4496 3131 4564 μὴ
3160 4495 3318 4548 ἄλλον
3352 4491 3493 4547 εἶναι
3519 4496 3726 4563 φύλακα
3744 4497 3829 4547 καὶ

2299 4587 2632 4657 ἐπιμελητὴν
2660 4587 2766 4639 τῶν
2792 4586 3015 4655 ὅντωνῆ
3054 4586 3212 4655 μόνον
3247 4586 3337 4639 τδν
3386 4585 3495 4638 τῶν
3533 4586 3696 4657 ὄντων
3742 4585 3827 4651 δη·

2303 4679 2578 4748 μιουργόν.
2612 4678 2755 4747 Αὐτὴ
2785 4678 2891 4747 γὰρ
2916 4678 2947 4745 ἡ
2980 4677 3087 4730 τῶν
3107 4677 3275 4730 ὄντων
3304 4676 3530 4746 διαμονή
3554 4677 3643 4728 καὶ
3675 4677 3705 4743 ἠ
3735 4674 3825 4727 τά·

2301 4768 2383 4833 ξις
2399 4768 2491 4820 καὶ
2512 4770 2544 4832 ἡ
2576 4767 2723 4830 θέσις
2750 4769 2844 4821 καὶ
2878 4770 2909 4838 ἡ
2935 4764 3168 4838 κίνησις,
3195 4767 3288 4820 καὶ
3317 4769 3350 4835 ἡ
3380 4768 3439 4820 ὲν
3468 4767 3707 4835 ἀλλήλοις
3728 4764 3824 4817 τῶν

2304 4858 2486 4926 ἄκρων
2514 4858 2604 4909 διὰ
2630 4858 2737 4909 τῶν
2762 4857 2941 4927 μέσων
2968 4857 3185 4925 συνοχὴ,
3206 4856 3370 4925 μηδὲν
3402 4856 3539 4909 κατὰ
3564 4856 3656 4922 τήν
3686 4857 3826 4905 ἐναν-

2304 4948 2522 5014 τιότητα
2548 4948 2953 5015 λυμαινομένων
2989 4946 3254 5014 ἀλλήλοις,
3304 4945 3341 5010 ἦ
3389 4962 3449 4997 τε
3506 4944 3608 4995 τῶν
3657 4940 3823 5010 μερῶν

2306 5035 2438 5102 πρὸς
2461 5036 2527 5085 τὰ
2555 5032 2649 5087 ὅλα
2677 5036 2979 5097 σύννευσις.
3012 5034 3105 5086 καὶ
3129 5018 3241 5086 τῶν
3265 5034 3399 5085 ὅλων
3430 5034 3559 5101 πρὸς
3586 5031 3651 5082 τὰ
3694 5029 3823 5099 μιρῃ

2303 5123 2367 5176 δι’
2396 5123 2513 5175 ὅλου
2538 5124 2749 5191 ἓνωσις,
2774 5126 2865 5179 καὶ
2887 5124 3063 5178 αὐτῶν
3092 5126 3226 5196 πρὸς
3267 5122 3471 5191 ἄλληλα
3510 5121 3611 5174 τῶν
3654 5117 3822 5189 μερῶν

1931 5222 2161 5305 νΑῐιιιλΕ
2203 5252 2601 5309 LECTIONES.

727 5340 748 5371 ⁸
780 5338 1173 5409 ὑπερηνομένον
1205 5338 1325 5393 cod.
1354 5338 1492 5393 Gud.

1587 5340 1606 5371 ⁹
1643 5340 2021 5393 συνεστακὲναι
2060 5341 2179 5396 cdd.
2206 5343 2347 5397 Gud.

2133 5450 2360 5505 ΝΟΤᾸΕ.

730 5540 800 5609 (l)
832 5540 1047 5661 Diongs.
1098 5540 1356 5609 Areopag.
1398 5540 1471 5592 De
1505 5539 1688 5592 divinis
1742 5556 1879 5593 nam.
1937 5555 2054 5611 cap.
2112 5540 2195 5607 13,

730 5626 789 5661 1i.
823 5610 859 5661 l.
890 5625 940 5661 υ.
1004 5610 1087 5661 55.
1118 5609 1251 5661 Oon.
1287 5611 1376 5661 ed.
1412 5610 1545 5661 Ven.

582 5674 587 5675 ν
658 5617 789 5663 tom.
823 5610 859 5671 l,
890 5625 940 5676 p.
969 5609 1087 5662 535.
1118 5609 1251 5677 Opp.
1287 5611 1376 5663 ed.
1412 5610 1545 5662 Ven.

2376 5543 2451 5615 (ει)
2484 5545 2564 5599 Cf.
2596 5546 2815 5615 Dionys.
2869 5544 3131 5615 Areopag.
3166 5542 3239 5598 De
3269 5544 3432 5598 divin.
3475 5555 3605 5595 nam.
3631 5548 3745 5603 cap-
3768 5528 3817 5595 ει

2299 5628 2353 5681 p.
2381 5614 2501 5678 597,
2530 5621 2659 5667 tom.
2695 5614 2850 5679 l,'ed.
2883 5614 3073 5668 Venet.
