3986 6346
1366 422 1881 503 AMBIGUORUM
1921 395 2168 500 nam.

3219 445 3352 510 1190

134 565 433 635 ηἶμικτος
465 559 735 627 διάκρισις
782 555 922 609 κατὰ
968 552 1067 622 τὴν
1116 553 1421 615 ἰδιάζουσαν
1471 544 1699 603 ἑκάστου

1815 551 1903 614 tio,
1946 550 2250 604 secundum
2310 566 2463 604 suam
2490 556 2921 623 uniuscujusque
2962 553 3347 619 differentiam,

135 650 427 721 διαφορὰν,
455 648 548 700 καὶ
574 646 882 714 ἁσύγχυτος
911 642 1104 704 Evam;
1129 645 1271 695 κατὰ
1311 638 1410 707 τὴν
1458 638 1701 708 ἀπαράλ-

1815 648 1856 693 at
1889 640 2145 695 mistione
2176 656 2373 709 expers
2399 643 2730 721 coadunatio
2753 684 2768 708 ,
2804 645 3106 699 secundum
3148 647 3349 698 immu-

137 742 340 793 λακτον
372 740 429 791 ἒν
483 737 628 799 ὅλοις
686 735 1015 804 ταυτότητα,
1072 732 1169 784 καὶ
1214 732 1249 800 ἠ
1301 730 1515 783 πάντων
1568 730 1704 798 πρὸς

139 831 347 891 πάντα,
375 828 464 879 ῖνα
491 824 567 894 μὴ
589 825 659 877 τὰ
704 821 828 875 καθ’
862 822 1091 875 ἕκαστον
1118 820 1285 887 λέγω,
1322 818 1606 887 σύγκρισις
1645 833 1703 868 τε

140 919 238 972 καὶ
264 918 559 985 διάκρισις,
588 915 683 967 καὶ
710 916 743 982 ἡ
778 915 995 965 πάντων
1042 910 1138 962 καὶ
1164 910 1393 962 ἑκάστου
1424 909 1546 961 κατ’
1570 903 1706 967 εἶδος

139 1006 366 1074 διαδοχὴ
413 1004 501 1057 ἀεὶ
554 1001 952 1071 φυλαττομένη,
986 988 1215 1069 μηδενὸς
1234 999 1297 1051 τὸ
1319 998 1581 1066 παράπαν
1610 996 1704 1049 τοῦ

139 1093 349 1147 οἰκείου
365 1092 464 1159 τῆς
484 1090 699 1159 φύσεως
720 1089 880 1155 λόγου
910 1085 1423 1155 παραφθειρομὲνου
1454 1085 1547 1136 καὶ
1572 1083 1707 1152 πρὸς

138 1184 275 1238 ἄλλο
296 1183 656 1251 συγχεομένου
675 1196 734 1232 τε
758 1180 849 1231 καὶ
882 1178 1225 1247 συγχέοντος,
1258 1176 1355 1228 δεῖν
1452 1191 1498 1227 τι
1523 1173 1707 1241 σαφῶς

140 1276 213 1329 τὰ
244 1274 426 1327 πάντα
456 1273 522 1341 τῇ
574 1270 803 1339 προνοίᾳ
843 1266 1159 1335 συνέχεσθαι
1202 1265 1296 1317 τοῦ
1351 1264 1706 1331 πεποιηκότος

143 1364 307 1417 Θεοῦ.
339 1361 414 1414 οὐ
439 1363 544 1430 γὰρ
568 1354 677 1412 οἷόν
706 1358 765 1410 τέ
795 1359 944 1409 ἐστιν
985 1356 1187 1422 ἀγαθὸν
1206 1355 1335 1406 ὄντα
1357 1354 1447 1405 τὸν
1471 1352 1601 1405 Θεὸν
1632 1352 1705 1420 μὴ

144 1450 243 1505 καὶ
268 1447 612 1518 εὐεργετικὸν
633 1446 848 1514 πάντως
874 1440 1037 1508 εἶναι,
1060 1444 1193 1514 μηδὲ
1216 1438 1559 1512 εὐεργετικὸν
1581 1441 1709 1492 ὄντα

150 1540 231 1610 μὴ
259 1538 360 1592 καὶ
387 1535 740 1608 προνοητικὸν
757 1534 977 1595 πάντως
1003 1529 1162 1595 εἶναι,
1191 1534 1282 1584 καὶ
1310 1532 1396 1583 διὰ
1418 1529 1575 1581 τοῦτο
1603 1529 1709 1580 τῶν

149 1630 325 1683 ὄντων
360 1623 677 1695 θεοπρεπῶς
734 1620 1160 1691 ἐπιμελούμενον
1211 1617 1387 1685 σοφῶς
1434 1618 1476 1647 ⁸⁸
1528 1618 1711 1678 αὐτοῖς

147 1718 341 1786 ῶσπερ
391 1714 451 1767 τὸ
505 1711 639 1766 εἶναι
688 1712 782 1764 καὶ
851 1712 948 1778 τὴν
996 1708 1315 1779 κηδεμονίαν
1368 1706 1707 1777 χαρίζεσθαι.

149 1805 389 1873 Πρόνοια
441 1801 549 1872 γάρ
593 1802 705 1852 ἔστι
747 1801 886 1853 κατὰ
931 1800 1056 1860 τοὺς
1078 1797 1368 1868 θεοφόρους
1399 1797 1709 1867 Πατὲρσςή

149 1896 217 1947 ὲκ
235 1891 376 1946 Θεοῦ
413 1893 491 1955 εις
524 1892 592 1945 τὰ
619 1891 746 1943 ὅντα
772 1890 1037 1959 γινομένη
1061 1887 1368 1957 ἐπιμέλεια.
1408 1886 1706 1958 Ὀρίζονται

149 1985 208 2036 δὲ
237 1983 410 2051 αὐτὴν
435 1982 530 2035 καὶ
577 1980 771 2043 οὕτως,
832 1978 1064 2050 Πρόνοιά
1113 1981 1227 2031 ἐστι
1282 1977 1532 2046 βούλησις
1573 1976 1707 2027 Θεοῦ

151 2074 221 2127 δι’
252 2074 323 2141 ἢν
350 2056 525 2125 πάντα
553 2069 621 2123 τὰ
648 2070 777 2121 ὄντα
802 2067 899 2137 τὴν
930 2059 1111 2135 (173
1134 2066 1185 2132 b)
1212 2066 1517 2134 πρόσφορον
1535 2064 1709 2126 διεξα-

116 2164 347 2230 ’γωγὴν
377 2160 663 2230 ὴμόἀνει.
698 2159 759 2211 El
799 2157 857 2209 δὲ
903 2156 1037 2207 Θεοῦ
1093 2153 1343 2223 βούλησίς
1401 2154 1568 2214 ἐστιν,
1624 2152 1709 2203 ἵνα

151 2254 345 2313 αὐτοῖς
370 2250 477 2303 τῶν
504 2246 839 2301 διδασκάλων
865 2244 1156 2311 χρήσωμαι
1192 2243 1303 2303 τοῖς
1334 2240 1533 2307 λόγοις,
1560 2242 1723 2294 πᾶσα⁴

151 2343 374 2409 ἀνάγκη
400 2339 540 2392 κατὰ
563 2339 653 2391 τὸν
685 2336 844 2406 ὀρθὸν
880 2335 1037 2401 λόγον
1065 2334 1311 2401 γίνεσθαι
1334 2333 1402 2385 τὰ
1430 2334 1707 2402 γινόμενα,

152 2432 255 2500 τὴν
289 2429 525 2498 κρείττω
553 2428 630 2496 μὴ
670 2425 1032 2495 ὲπιδεχόμενα
1064 2424 1233 2488 τάξιν,
1264 2424 1425 2477 αὐτὸν
1455 2419 1546 2477 οὖν
1576 2420 1709 2476 εἶναι

154 2520 467 2590 προνοητὴν
519 2518 583 2571 έκ
619 2516 814 2578 παντὸς
856 2515 1055 2585 τρόπου
1086 2512 1257 2566 εἰπεῖν
1298 2514 1652 2582 έναχθήσεται
1683 2515 1711 2565 ό

152 2609 256 2678 τὴν
300 2607 559 2677 ἀλήθειαν
588 2606 779 2674 ὁδηγὸν
813 2604 954 2674 ἔχειν
979 2604 1253 2674 ἑλόμενος,
1279 2605 1338 2679 ὃν
1365 2607 1457 2658 καὶ
1485 2606 1712 2675 ποιητὴν

153 2699 302 2764 ιγνω
338 2696 442 2748 τῶν
465 2696 634 2749 όντων
668 2682 959 2764 ἁληθῶς,ἢ
978 2694 1071 2747 τοῦ
1100 2694 1453 2762 πεποιηκότος
1476 2696 1543 2748 τὰ
1564 2695 1709 2756 ὄντα,

153 2788 322 2856 εἴπερ
349 2786 449 2839 κὰν
476 2790 586 2848 τοῖς
613 2785 790 2848 ζώοις,
820 2784 945 2837 ὅταν
980 2787 1097 2845 ταῖς
1130 2783 1273 2837 κατὰ
1318 2784 1473 2852 λόγον
1504 2785 1711 2851 ἐφόδοις

154 2880 275 2940 τοῖς
302 2873 457 2928 οὖσιν
498 2874 826 2943 ἐμϐαλόντες
870 2872 1024 2941 ἡμῶν
1074 2872 1133 2925 τὸ
1170 2873 1355 2941 νοερὸν
1389 2873 1731 2940 εὑρίσκωμεν

155 2967 447 3037 ῑμφασιν,
475 2966 575 3019 οὐκ
612 2964 821 3031 ἀγενῶς
870 2962 941 3013 τὰ
991 2962 1128 3030 ὑπὲρ
1180 2960 1333 3026 λόγον
1372 2962 1708 3023 είκάζουσαν.

168 3054 392 3107 Ἐκεῖνα
410 3070 469 3106 τε
501 3052 609 3121 γὰρ
641 3051 873 3121 ὁρῶντες
901 3048 1043 3101 κατὰ
1074 3047 1229 3115 γένος
1270 3046 1377 3099 τῶν
1432 3048 1491 3109 ἐξ
1534 3047 1711 3100 αὐτῶν

157 3141 411 3207 φυσικῶς
462 3138 883 3208 ὶπιμελούμενα,
945 3134 1269 3205 θαρροῦντες
1312 3134 1406 3188 καὶ
1439 3137 1596 3205 ἡμεῖς
1621 3137 1711 3189 τὸν

157 3218 299 3301 περὶ
324 3229 419 3281 τοῦ
464 3227 768 3297 προνοητὴν
798 3223 1106 3295 μονώτατον
1139 3221 1276 3278 εἶναι
1300 3226 1389 3277 τὸν
1419 3226 1550 3278 Θεὸν
1581 3228 1715 3280 πάν-

158 3338 272 3373 των
331 3318 438 3371 τῶν
477 3318 643 3371 όντων
696 3315 813 3385 μετ’
852 3314 1107 3377 εὐσεϐοῦς
1141 3318 1451 3388 παρῤησίας
1484 3319 1717 3381 εὐσεϐῶς

161 3411 383 3472 ἑαυτοῖς
414 3408 568 3477 λόγον
596 3407 959 3478 διοριζόμεθα,
992 3408 1087 3459 καὶ
1115 3407 1177 3460 οὐ
1208 3407 1328 3480 τῶν
1348 3410 1469 3476 μὲν,
1513 3409 1619 3461 τῶν
1662 3409 1719 3462 δὲ

152 3490 248 3568 οὒ,
306 3502 558 3571 καθάπερ
610 3501 749 3564 τινὲς
801 3499 908 3552 τῶν
952 3501 1021 3552 τὰ
1075 3499 1179 3564 ἔξω
1225 3500 1716 3569 φιλοσοφησάντων,

161 3592 306 3647 ἀλλὰ
339 3594 553 3646 πάντων
575 3591 731 3661 ὁμοῦ,
762 3590 903 3644 κατὰ
928 3590 1056 3661 μίαν
1104 3590 1202 3656 τῆς
1252 3588 1581 3657 ἁγαθότητος
1626 3590 1720 3642 καὶ

159 3682 592 3752 ἀπαράλλακτον
625 3680 904 3750 βούλησιν,
936 3680 1042 3732 τῶν
1072 3696 1132 3731 τε
1181 3678 1407 3731 καθόλου
1464 3678 1560 3729 καὶ
1614 3678 1721 3730 τῶν

162 3775 293 3827 καθ’
325 3773 574 3836 ἕκαστον,
615 3770 811 3832 εἰδότες
847 3770 921 3833 ὡς
955 3769 1061 3822 τῶν
1105 3768 1248 3821 κατὰ
1294 3768 1456 3837 μέρος
1508 3767 1721 3819 πάντων

160 3860 245 3931 τῷ
275 3861 355 3930 μὴ
372 3860 634 3929 ’προνοίας
656 3856 947 3927 τυγχάνειν
975 3858 1066 3910 καὶ
1093 3856 1336 3924 φυλακῆς
1360 3854 1455 3922 τῆς
1486 3855 1724 3924 πρεπού-

164 3967 272 4022 σης
314 3949 773 4019 διαφθειρομένων
816 3947 909 3998 καὶ
952 3946 1018 3997 τὰ
1054 3944 1279 3996 καθόλου
1324 3942 1723 4012 συνδιαφθαρή-

166 4056 329 4094 σεται
350 4040 437 4108 (ἐκ
458 4038 563 4109 γὰρ
590 4037 698 4089 τῶν
728 4035 868 4088 κατὰ
903 4034 1070 4104 μέρος
1107 4032 1175 4085 τὰ
1212 4033 1437 4085 καθόλου
1480 4034 1725 4085 συνίστα-

236 4147 297 4182 αι
339 4128 588 4195 πέφυκε),
620 4129 717 4196 τὴν
768 4125 896 4193 ’περὶ⁵
936 4124 1123 4177 τούτου
1170 4122 1389 4191 λογικὴν
1434 4123 1721 4187 ἀπόδειξιν,

236 4147 297 4182 αι
339 4130 588 4195 πέφυκε),
620 4130 717 4196 τὴν
768 4130 896 4193 περὶ
936 4130 1123 4177 τούτου
1170 4130 1389 4191 λογικὴν
1434 4130 1721 4187 ἀπόδειξιν,

164 4130 260 4284 tl
283 4219 385 4287 τῆς
407 4215 625 4283 εὐλόγου
651 4216 1007 4283 ἀντιστροφῆς
1054 4213 1187 4281 πρὸς
1220 4210 1317 4283 τὴν
1345 4212 1595 4282 ἀλήθειαν
1630 4212 1725 4283 ὀρ-

166 4310 283 4371 θῶς
310 4307 669 4376 ποδηγοῦσαν,
701 4305 909 4367 ἑαυτοῖς
937 4301 1379 4379 προϐαλλόμενοι.
1418 4290 1617 4371 Εῖγὰρ
1658 4302 1726 4355 τὰ

166 4400 408 4455 καθόλου
442 4399 500 4450 ὲν
521 4399 635 4460 τοῖς
660 4397 801 4449 κατὰ
834 4395 994 4465 μέρος
1021 4396 1342 4464 ὑφέστηκεν.
1379 4393 1625 4462 οὐδαμῶς
1666 4394 1725 4445 τὸ

1802 736 1977 785 ιοιοω,
2018 731 2073 783 in
2126 726 2256 784 tatis
2302 731 2679 797 identitatem,
2736 741 2793 787 et
2855 737 3237 789 universorum
3286 735 3353 789 ad

1804 818 2076 881 universa,
2121 834 2189 873 ne
2234 820 2444 889 singula
2488 837 2820 884 recenseam,
2867 826 3147 878 concretio
3193 835 3356 893 atque

1803 912 2080 975 discretio,
2100 912 2595 981 universorumque
2625 922 2679 966 et
2722 913 2919 983 singuli
2966 916 3230 984 cujusque
3265 930 3353 969 se-

1804 1003 2039 1058 cundum
2064 1004 2300 1072 speciem
2332 1003 2588 1057 inviolata
2621 1005 2911 1069 successio,
2941 1020 3047 1072 qua
3079 1005 3215 1058 nihil
3239 1021 3355 1058 om-

1804 1094 1935 1146 nino
1974 1094 2043 1165 de
2072 1094 2291 1161 propria
2323 1107 2387 1147 ac
2417 1092 2679 1161 peculiari
2708 1104 2916 1146 natura;
2949 1094 3158 1147 ratione
3189 1094 3356 1162 perit,

1763 1250 1783 1267 ο
1804 1192 1899 1237 aut
1930 1199 2052 1237 cum
2095 1184 2268 1237 altero
2309 1183 2665 1236 confunditur
2698 1184 2811 1237 sive
2842 1184 3020 1251 ipsum
3052 1183 3355 1246 confundit,

1764 1271 1921 1324 'hac
1986 1271 2294 1323 luculenter
2369 1271 2717 1325 manifestam
2778 1272 2961 1324 omnia
3017 1270 3359 1349 providentia

1805 1360 2073 1415 contineri
2114 1360 2416 1415 conditoris
2460 1362 2577 1415 Dei.
2622 1362 2766 1415 Fieri
2800 1362 2945 1415 enim
2994 1376 3101 1414 non
3145 1369 3359 1430 potest,

1806 1448 1937 1517 quin
1968 1449 2131 1512 Deus,
2167 1448 2258 1516 qui
2290 1449 2465 1502 bonus
2494 1457 2597 1514 est,
2631 1465 2739 1502 non
2768 1451 2933 1502 etiam
2966 1448 3244 1503 beneﬁcus
3267 1449 3359 1513 sit,

1807 1548 1901 1593 aut
1928 1540 2020 1609 qui
2053 1539 2329 1594 beneﬁcus
2354 1548 2457 1603 est,
2484 1555 2594 1593 non
2643 1540 2771 1594 item
2817 1540 3111 1608 providens
3144 1540 3216 1593 sit
3242 1554 3363 1592 om-

1807 1629 1958 1691 nino,
1984 1636 2040 1681 et
2060 1628 2191 1696 quin
2233 1638 2522 1697 propterea
2562 1643 2768 1691 rerum,
2798 1637 2859 1682 ut
2888 1643 2987 1697 par
3012 1630 3132 1697 ejus
3156 1628 3362 1682 natura:

1808 1728 1911 1780 est,
1934 1726 2079 1771 tutor
2098 1718 2373 1785 sapienter
2390 1719 2471 1772 eis
2491 1718 2947 1787 quemadmodum
2967 1718 3361 1779 exsistentiam,

1813 1808 1883 1861 ita
1915 1808 2077 1861 etiam
2114 1823 2299 1861 curam
2336 1808 2557 1861 tribuat.
2601 1808 2946 1861 Providentia
2987 1808 3131 1861 enim
3166 1823 3360 1861 secun-

1811 1898 1939 1949 dum
1983 1897 2171 1949 Patres
2213 1895 2399 1948 divino
2447 1896 2653 1963 Spiritu
2701 1897 2908 1949 amatos
2952 1895 3138 1950 divina
3181 1911 3364 1949 rerum

1812 1984 2122 2053 procuratio
2154 1994 2256 2036 est.
2285 1984 2559 2037 Deﬁniunt
2590 1999 2716 2039 vero
2743 2000 2859 2038 eam
2893 1986 3054 2039 etiam
3092 1986 3210 2047 ita:
3241 1986 3367 2039 Pro-

1811 2072 2033 2124 ridentia
2061 2071 2155 2123 Dei
2185 2071 2424 2125 voluntas
2454 2082 2528 2125 est
2556 2090 2662 2142 qua
2693 2090 2869 2126 omnes
2899 2090 2979 2127 res
3011 2076 3368 2128 convenienter

1812 2168 2153 2231 peraguntur.
2183 2161 2337 2226 Quod
2378 2163 2424 2217 si
2457 2163 2554 2216 Dei
2583 2171 2668 2217 est
2690 2164 2960 2226 voluntas,
2992 2173 3050 2216 ut
3094 2165 3225 2232 ipsis
3270 2163 3367 2216 ἀοι

1813 2258 2023 2305 ctorum
2051 2252 2237 2305 verbis
2261 2259 2405 2316 utar,
2446 2267 2667 2306 necesse
2684 2261 2782 2306 aest
2809 2253 3033 2306 omnino
3062 2262 3121 2305 ut
3145 2268 3207 2305 ea
3243 2268 3364 2319 quae

1815 2340 1954 2394 ﬁunt
1980 2349 2121 2394 recta
2146 2341 2357 2393 ratione
2392 2340 2542 2403 ﬁant,
2564 2341 2701 2395 adeo
2731 2352 2790 2394 ut
2815 2342 3092 2395 meliorem
3118 2342 3364 2394 ordinem

1815 2446 1922 2485 non
1952 2438 2284 2499 exspectent,
2317 2439 2377 2483 ut
2408 2431 2583 2498 ipsum
2618 2431 2783 2499 igitur
2811 2432 3147 2499 provisorem
3182 2432 3365 2485 dicere

1815 2523 1962 2577 omni
1985 2522 2143 2574 modo
2166 2521 2426 2573 invitetur
2445 2521 2538 2587 qui
2563 2522 2790 2574 veritate
2817 2521 2916 2574 viae
2935 2521 3071 2574 duce
3094 2522 3169 2574 uti
3198 2523 3363 2585 volet,

1815 2626 1977 2681 quem
2006 2619 2063 2663 et
2089 2609 2425 2662 conditorem
2462 2624 2667 2672 rerum,
2702 2616 2795 2662 aut
2821 2610 2986 2676 cujus
3026 2625 3149 2664 esse
3179 2611 3367 2665 condi-

1818 2698 1948 2751 toris
1981 2696 2075 2749 Dei
2108 2710 2194 2748 res
2222 2702 2366 2748 recte
2397 2696 2683 2764 cognovit;
2727 2696 3179 2765 quandoquidem
3196 2698 3281 2753 vel
3310 2698 3366 2753 in

1816 2784 2161 2846 animalibus,
2188 2798 2316 2858 cum
2340 2782 2681 2845 rationalium
2708 2785 3192 2838 instrumentorum
3217 2800 3369 2839 men-

1816 2874 1886 2927 tis
1925 2888 2026 2942 ope
2078 2874 2132 2926 in
2180 2888 2267 2925 res
2318 2873 2652 2940 inquirentes
2693 2872 3032 2925 inveniamus
3078 2873 3381 2942 imaginem-

1816 2962 1960 3015 haud
2009 2962 2226 3031 indigne
2259 2976 2322 3041 ea
2367 2977 2487 3029 qua:
2530 2977 2691 3029 supra
2738 2962 3000 3015 rationem
3046 2971 3173 3014 sunt
3201 2979 3371 3017 acmu-

1816 3052 2036 3105 lantem.
2073 3052 2166 3105 Illa
2209 3051 2352 3104 enim
2386 3051 2515 3104 dum
2546 3068 2645 3121 pro
2691 3068 2889 3121 genere
2920 3069 3030 3107 suae
3072 3053 3242 3122 prolis
3275 3070 3370 3109 na-

1739 3154 1793 3225 α’
1818 3140 2065 3193 turaliter
2114 3154 2299 3193 curam
2349 3140 2551 3194 habere
2601 3141 2884 3202 videmus,
2919 3144 3115 3197 ‘securi
3167 3151 3225 3198 et
3269 3158 3372 3197 nos

1820 3230 1965 3300 quod
2006 3244 2145 3283 unus
2173 3230 2315 3283 Deus
2361 3229 2523 3283 rebus
2552 3232 2805 3284 omnibus
2834 3241 3051 3299 praestet
3086 3233 3373 3300 providen-

1823 3324 1949 3377 tiam
1993 3336 2117 3375 cum
2164 3322 2249 3389 pia
2284 3320 2535 3374 libertate
2582 3322 2669 3389 pie
2722 3322 2881 3375 nobis
2930 3322 3059 3389 ipsis
3106 3323 3371 3377 rationem

1822 3413 2132 3475 deﬁnimus,
2170 3411 2331 3478 idque
2385 3426 2492 3463 non
2558 3411 2695 3479 parti
2756 3412 2950 3475 solum,
3010 3413 3220 3465 ueteris
3263 3414 3378 3467 nod‘

1824 3504 1987 3565 item,
2038 3501 2309 3569 quomodo
2355 3500 2573 3568 quidam
2625 3501 2693 3554 de
2748 3501 2984 3555 ethnicis
3032 3503 3375 3571 philosophis

1824 3602 2086 3656 statuunt,
2118 3592 2209 3646 sed
2241 3592 2539 3646 secundum
2575 3592 2787 3644 unicam
2814 3592 3072 3646 bonitatis
3098 3602 3153 3646 et
3181 3593 3375 3646 immu-

1826 3682 2045 3735 tabilem
2092 3682 2445 3739 voluntatem,
2484 3679 2696 3731 cunctis
2740 3682 3026 3746 :equaliter
3072 3684 3126 3754 in
3160 3683 3376 3735 univer-

1824 3787 1943 3825 sum
1971 3778 2027 3823 et
2058 3769 2387 3838 singulatim,
2417 3767 2554 3820 bene
2597 3769 2750 3834 gnari
2774 3769 2941 3835 quod,
2976 3769 3020 3820 si
3052 3784 3159 3821 non
3190 3786 3373 3838 parem

1824 3861 2036 3930 singula
2060 3873 2285 3929 qua-que
2308 3857 2701 3925 providentiam
2729 3866 2889 3926 atque
2923 3859 3171 3913 idoneam
3197 3870 3377 3916 custo-

1826 3949 1968 4003 diam
2002 3949 2312 4011 habuerint,
2348 3947 2655 4001 necessario
2691 3963 2798 4001 una
2828 3948 2993 4002 etiam
3042 3960 3234 4004 cuncta
3283 3966 3377 4019 pc-

1827 4040 1999 4092 ritura
2028 4038 2137 4091 sint
2166 4036 2310 4106 (nam
2338 4051 2404 4089 ex
2430 4036 2657 4105 singulis
2684 4036 3010 4091 universitas
3032 4039 3287 4108 constat),
3324 4048 3379 4093 et

1828 4123 2147 4181 rationalem
2200 4125 2363 4194 hujus
2413 4124 2492 4178 rei
2545 4125 3081 4190 demonstrationem,
3118 4141 3238 4194 quae
3282 4142 3379 4194 per

1829 4217 2075 4270 idoneam
2127 4215 2487 4268 inversionem
2533 4214 2599 4267 ad
2652 4214 2935 4267 veritatem
2990 4215 3092 4269 rite
3136 4215 3377 4276 deducit,

1829 4307 1931 4362 sibi
1966 4314 2348 4375 proponentes.
2377 4305 2510 4357 Nam
2545 4304 2589 4357 si
2624 4305 2876 4358 universa
2911 4305 2965 4357 in
2994 4304 3221 4373 singulis
3245 4320 3378 4375 con-

1830 4405 1993 4459 stant,
2024 4409 2199 4463 neque
2229 4394 2341 4447 ullo
2372 4393 2531 4446 modo
2559 4409 2656 4461 per
2684 4408 2741 4446 se
2773 4394 2887 4460 ipsa
2914 4407 3032 4445 esse
3063 4400 3223 4461 atque
3250 4408 3380 4448 con-

168 4490 443 4559 παράπαν
465 4483 556 4538 τὸν
582 4485 675 4537 τοῦ
705 4485 827 4537 καθ’
850 4484 990 4537 αὐτὰ
1018 4479 1153 4535 εἶναι
1186 4468 1247 4533 τε
1292 4482 1384 4533 καὶ
1432 4481 1716 4547 ὑφεστάναι

1828 4496 1990 4549 stare,
2020 4492 2307 4553 postquam
2338 4484 2545 4552 singula
2577 4481 2901 4542 interierint,
2934 4480 3155 4548 cogitari
3184 4482 3381 4537 admit-

168 4581 333 4647 λόγον
364 4576 549 4649 (ιῚΕ
577 4578 631 4641 a)
664 4574 1017 4643 tmGaxdpsva
1063 4572 1173 4624 τῶν
1220 4574 1357 4624 κατὰ
1394 4572 1554 4640 μέρος
1612 4572 1727 4623 δια-

170 4668 572 4739 φθειρομένων,
595 4664 753 4738 παντί
774 4680 877 4721 που
902 4662 1058 4730 δῆλόν
1086 4665 1228 4716 ἐστιν
1254 4662 1328 4724 ὼς
1354 4662 1474 4713 οὐδὲ
1503 4661 1570 4713 τὰ
1600 4661 1730 4712 καθ-

172 4762 304 4814 όλου
338 4758 613 4825 στήσεται.
648 4754 728 4805 Τὰ
769 4754 909 4823 μέρη
944 4754 1051 4821 γὰρ
1087 4754 1143 4804 έν
1187 4754 1307 4813 ταῖς
1354 4752 1584 4820 ὁλότησι,
1636 4751 1729 4802 καὶ

169 4853 227 4904 αῖ
263 4849 526 4915 όλότητες
564 4846 623 4898 ὲν
644 4846 754 4905 τοῖς
785 4844 973 4912 μέρεσι
1005 4843 1095 4893 καὶ
1120 4842 1225 4893 εἰσὶ
1256 4844 1347 4893 καλ⁸
1374 4842 1727 4908 ὑφεστήκασι.

170 4943 288 4996 Καὶ
322 4938 497 4999 οὐδεὶς
517 4937 731 5005 ἀντερεῖ
750 4935 907 5000 λόγος
926 4950 938 4963 ·
970 4932 1105 4999 πλὴν
1132 4933 1211 4984 ὅτι
1233 4931 1336 4983 ὑπὸ
1356 4931 1453 4999 τῆς
1477 4931 1729 4998 ἀληθείας

168 5036 367 5102 ῶσπερ
391 5028 746 5097 δεσμούμενοι
774 5028 997 5084 ἄκοντες
1027 5024 1121 5074 καὶ
1151 5022 1301 5073 αὐτοὶ
1333 5022 1432 5089 τῆς
1478 5022 1729 5090 προνοίας

168 5121 272 5190 τὴν
301 5119 531 5181 δύναμιν
552 5113 927 5181 ὲξαγγέλλουσι
953 5108 1046 5163 καὶ
1067 5108 1152 5160 διὰ
1178 5108 1391 5161 πάντων
1412 5108 1613 5177 διήκειν
1629 5126 1727 5160 κα-

169 5205 578 5267 τασκευάζουσι
601 5204 668 5257 δι’
698 5195 773 5255 ὧν
802 5201 983 5257 αὺτοῖς
1029 5196 1490 5249 κατεσπούδασαν.
1530 5197 1727 5261 Λέγον-

170 5316 265 5359 τες
301 5296 413 5365 γὰρ
446 5295 552 5347 ὑπὸ
579 5294 673 5361 τῆς
700 5294 951 5362 προνοίας
974 5288 1196 5357 ἄγεσθαι
1225 5287 1359 5355 μόνα
1389 5288 1455 5339 τὰ
1481 5286 1725 5351 καθόλου,

1833 4585 1973 4639 ιυηι,
2008 4589 2187 4637 nemo,
2219 4565 2505 4641 puto,’non
2539 4571 2744 4624 videbit
2772 4586 2872 4623 nec
2914 4571 3027 4638 ipsa
3059 4586 3217 4639 posse
3259 4574 3381 4626 uni-

1829 4681 1984 4718 versa
2018 4673 2179 4716 stare.
2211 4662 2399 4715 Partes
2428 4659 2572 4711 enim
2610 4658 2662 4710 in
2710 4658 2936 4721 totitate,
2966 4666 3023 4712 et
3053 4660 3295 4717 totitates
3324 4664 3379 4718 in

1832 4753 2073 4821 partibus
2096 4758 2199 4801 tam
2228 4755 2353 4800 sunt
2376 4760 2535 4812 quam
2562 4744 2883 4798 subsistunt.
2906 4746 3091 4815 Neque
3113 4747 3219 4802 ulla
3244 4749 3380 4803 ratio

1832 4842 2181 4907 obloquetur;
2211 4834 2314 4888 nisi
2342 4834 2485 4900 quod
2512 4848 2541 4885 a
2564 4834 2790 4887 veritate
2821 4841 3073 4903 tanquam
3102 4838 3379 4893 constricti

1830 4932 1985 4985 inviti
2014 4930 2098 4983 vel
2136 4922 2237 4996 ipsi
2280 4924 2635 4993 providentiae
2668 4925 2776 4978 vim
2812 4927 3107 4993 praedicant
3140 4944 3235 4995 per
3267 4942 3385 4981 om.

1828 5022 1917 5074 nia
1947 5033 2167 5074 currere
2193 5024 2354 5083 atque
2387 5022 2637 5067 astruuut
2668 5030 2763 5082 per
2789 5031 2851 5067 ea
2882 5016 3079 5083 quibus
3114 5016 3213 5068 sibi
3240 5025 3383 5068 sata-

1829 5118 1980 5179 gunt.
2019 5107 2272 5159 Dicentes
2299 5104 2444 5157 enim
2472 5118 2500 5155 a
2532 5104 2871 5171 providentia
2896 5104 3231 5156 solummodo
3261 5105 3382 5155 uni-

1830 5212 1985 5252 versa
2031 5194 2191 5258 duci,
2240 5192 2594 5263 providentia:
2641 5192 2693 5243 in
2751 5191 3263 5243 commemoratione
3323 5207 3381 5245 se

1831 5289 1977 5357 ipsos
2018 5301 2137 5340 esse
2171 5285 2468 5354 particulas
2511 5282 2923 5341 obliviscuntur,
2962 5280 3279 5332 necessitate
3312 5282 3378 5334 ad

172 5388 470 5455 λελήθασιν
504 5385 728 5446 ἑαυτοὺς
760 5384 850 5436 καὶ
890 5382 996 5434 τῶν
1036 5380 1173 5433 κατὰ
1218 5378 1379 5446 μέρος
1416 5374 1556 5430 εἶναι
1598 5379 1716 5447 πρό⁴

1820 5378 2130 5439 ~veritatem,
2162 5390 2323 5444 quam
2357 5372 2597 5426 devitarc
2628 5370 2866 5429 student,
2901 5366 3137 5419 deducti.
3173 5368 3303 5420 Nam
3335 5372 3379 5423 si

174 5495 329 5531 νοιαν
355 5476 627 5542 λέγοντες,
655 5474 713 5536 ἐξ
745 5475 989 5542 ἀνάγκης
1016 5470 1147 5539 πρὸς
1199 5469 1295 5537 τὴν
1340 5468 1614 5537 ἀλήθειαν,
1667 5468 1716 5537 ἧι

1828 5467 2183 5537 perennitatis
2214 5465 2384 5535 gratia
2418 5463 2668 5515 universa
2717 5464 2939 5509 censent
2986 5457 3379 5522 providentiam

174 5568 407 5636 φεύγειν
452 5563 859 5627 σπουδάζουσιν,
906 5562 1253 5628 ὑπαγόμενοι.
1312 5560 1371 5609 Εἰ
1421 5559 1526 5628 γὰρ
1573 5560 1731 5627 χάριν

1831 5558 2048 5618 mereri,
2079 5572 2195 5609 eam
2228 5555 2398 5607 multo
2438 5551 2601 5607 citius
2641 5546 2833 5599 mereri
2878 5544 3084 5613 singula
3113 5554 3379 5612 statuunt,

1448 5675 1533 5727 VA
1546 5675 1676 5727 RM“.
1723 5672 2117 5728 LECTIONES.

252 5750 299 5781 ⁸⁸
328 5751 515 5816 σοφοῖς
552 5743 674 5801 cod.
708 5744 843 5798 Gud.
