  <div class='ocr_page' id='page_1' title='image "/cluster/home/n/w/nwhite01/storage/ocr_20150623/91/pst.000005712977/631.png"; bbox 0 0 3986 6346; ppageno 0'>
   <div class='ocr_carea' id='block_1_1' title="bbox 668 420 799 485">
    <p class='ocr_par' dir='ltr' id='par_1_1' title="bbox 668 420 799 485">
     <span class='ocr_line' id='line_1_1' title="bbox 668 420 799 485; baseline 0.008 -1"><span class='ocrx_word' id='word_1_1' title='bbox 668 420 799 485; x_wconf 73' lang='lat'><strong>1191</strong></span> 
     </span>
    </p>
   </div>
   <div class='ocr_carea' id='block_1_2' title="bbox 1796 421 2718 486">
    <p class='ocr_par' dir='ltr' id='par_1_2' title="bbox 1796 421 2718 486">
     <span class='ocr_line' id='line_1_2' title="bbox 1796 421 2718 486; baseline 0.001 -1"><span class='ocrx_word' id='word_1_2' title='bbox 1796 427 1857 485; x_wconf 87' lang='lat' dir='ltr'><strong>S.</strong></span> <span class='ocrx_word' id='word_1_3' title='bbox 1901 423 2082 483; x_wconf 74' lang='grc' dir='ltr'><strong>ΜΑΧΙ</strong></span> <span class='ocrx_word' id='word_1_4' title='bbox 2095 422 2177 481; x_wconf 85' lang='grc' dir='ltr'><strong>ΜΙ</strong></span> <span class='ocrx_word' id='word_1_5' title='bbox 2218 421 2718 486; x_wconf 75' lang='lat' dir='ltr'><strong>CONFESSORIS</strong></span> 
     </span>
    </p>
   </div>
   <div class='ocr_carea' id='block_1_3' title="bbox 3725 424 3841 487">
    <p class='ocr_par' dir='ltr' id='par_1_3' title="bbox 3725 424 3841 487">
     <span class='ocr_line' id='line_1_3' title="bbox 3725 424 3841 487; baseline 0.017 -2"><span class='ocrx_word' id='word_1_6' title='bbox 3725 424 3841 487; x_wconf 72' lang='lat'><strong>1132</strong></span> 
     </span>
    </p>
   </div>
   <div class='ocr_carea' id='block_1_4' title="bbox 667 532 2204 607">
    <p class='ocr_par' dir='ltr' id='par_1_4' title="bbox 667 535 2204 607">
     <span class='ocr_line' id='line_1_4' title="bbox 667 535 2204 607; baseline -0.003 -18"><span class='ocrx_word' id='word_1_7' title='bbox 667 538 721 589; x_wconf 91' lang='lat' dir='ltr'><strong>in</strong></span> <span class='ocrx_word' id='word_1_8' title='bbox 750 537 952 605; x_wconf 80' lang='lat' dir='ltr'><strong>quibus</strong></span> <span class='ocrx_word' id='word_1_9' title='bbox 984 546 1091 591; x_wconf 90' lang='lat' dir='ltr'><strong>stat</strong></span> <span class='ocrx_word' id='word_1_10' title='bbox 1123 540 1501 594; x_wconf 88' lang='lat' dir='ltr'><strong>universorum</strong></span> <span class='ocrx_word' id='word_1_11' title='bbox 1534 536 1846 607; x_wconf 77' lang='lat' dir='ltr'><strong>perennitas</strong></span> <span class='ocrx_word' id='word_1_12' title='bbox 1873 545 1929 588; x_wconf 90' lang='lat' dir='ltr'><strong>et</strong></span> <span class='ocrx_word' id='word_1_13' title='bbox 1968 535 2204 587; x_wconf 87' lang='lat' dir='ltr'><strong>substan-</strong></span> 
     </span>
    </p>
   </div>
   <div class='ocr_carea' id='block_1_5' title="bbox 2302 532 3835 607">
    <p class='ocr_par' dir='ltr' id='par_1_5' title="bbox 2314 532 3835 606">
     <span class='ocr_line' id='line_1_5' title="bbox 2314 532 3835 606; baseline 0.003 -22"><span class='ocrx_word' id='word_1_14' title='bbox 2314 532 2570 602; x_wconf 83' lang='grc' dir='ltr'><strong>διαμονῆς</strong></span> <span class='ocrx_word' id='word_1_15' title='bbox 2591 536 2658 587; x_wconf 89' lang='grc' dir='ltr'><strong>τά</strong></span> <span class='ocrx_word' id='word_1_16' title='bbox 2684 536 2910 601; x_wconf 78' lang='grc' dir='ltr'><strong>καθόλου</strong></span> <span class='ocrx_word' id='word_1_17' title='bbox 2942 537 3190 606; x_wconf 77' lang='grc' dir='ltr'><strong>προνοίας</strong></span> <span class='ocrx_word' id='word_1_18' title='bbox 3221 536 3497 602; x_wconf 76' lang='grc' dir='ltr'>ἀξιοῦσθαί</span> <span class='ocrx_word' id='word_1_19' title='bbox 3540 553 3687 602; x_wconf 86' lang='grc' dir='ltr'>φασι.</span> <span class='ocrx_word' id='word_1_20' title='bbox 3729 538 3835 588; x_wconf 72' lang='grc' dir='ltr'>ταῦ·</span> 
     </span>
    </p>
   </div>
   <div class='ocr_carea' id='block_1_6' title="bbox 662 627 2215 697">
    <p class='ocr_par' dir='ltr' id='par_1_6' title="bbox 662 627 2215 697">
     <span class='ocr_line' id='line_1_6' title="bbox 662 627 2215 697; baseline -0.002 -18"><span class='ocrx_word' id='word_1_21' title='bbox 662 627 757 680; x_wconf 89' lang='lat' dir='ltr'><strong>tia.</strong></span> <span class='ocrx_word' id='word_1_22' title='bbox 788 627 1002 680; x_wconf 90' lang='lat' dir='ltr'><strong>Etenim</strong></span> <span class='ocrx_word' id='word_1_23' title='bbox 1033 628 1194 682; x_wconf 88' lang='lat' dir='ltr'><strong>simul</strong></span> <span class='ocrx_word' id='word_1_24' title='bbox 1237 628 1544 683; x_wconf 76' lang='lat' dir='ltr'><strong>afiiciuntur</strong></span> <span class='ocrx_word' id='word_1_25' title='bbox 1585 628 1945 697; x_wconf 89' lang='lat' dir='ltr'><strong>perennitate,</strong></span> <span class='ocrx_word' id='word_1_26' title='bbox 1994 636 2215 693; x_wconf 82' lang='lat' dir='ltr'><strong>pmpter</strong></span> 
     </span>
    </p>
   </div>
   <div class='ocr_carea' id='block_1_7' title="bbox 663 715 2212 775">
    <p class='ocr_par' dir='ltr' id='par_1_7' title="bbox 663 715 2212 775">
     <span class='ocr_line' id='line_1_7' title="bbox 663 715 2212 775; baseline 0 -9"><span class='ocrx_word' id='word_1_27' title='bbox 663 715 963 768; x_wconf 87' lang='lat' dir='ltr'><strong>naturalem</strong></span> <span class='ocrx_word' id='word_1_28' title='bbox 1010 724 1065 768; x_wconf 90' lang='lat' dir='ltr'><strong>ct</strong></span> <span class='ocrx_word' id='word_1_29' title='bbox 1098 716 1525 771; x_wconf 90' lang='lat' dir='ltr'><strong>indissolubilem</strong></span> <span class='ocrx_word' id='word_1_30' title='bbox 1556 717 1700 771; x_wconf 89' lang='lat' dir='ltr'><strong>inter</strong></span> <span class='ocrx_word' id='word_1_31' title='bbox 1726 731 1844 769; x_wconf 88' lang='lat' dir='ltr'><strong>sese</strong></span> <span class='ocrx_word' id='word_1_32' title='bbox 1875 715 2212 775; x_wconf 86' lang='lat' dir='ltr'><strong>relationem,</strong></span> 
     </span>
    </p>
   </div>
   <div class='ocr_carea' id='block_1_8' title="bbox 664 801 2216 874">
    <p class='ocr_par' dir='ltr' id='par_1_8' title="bbox 664 801 2216 874">
     <span class='ocr_line' id='line_1_8' title="bbox 664 801 2216 874; baseline 0.002 -20"><span class='ocrx_word' id='word_1_33' title='bbox 664 801 736 854; x_wconf 87' lang='lat' dir='ltr'><strong>ita</strong></span> <span class='ocrx_word' id='word_1_34' title='bbox 773 812 833 855; x_wconf 92' lang='lat' dir='ltr'><strong>ut</strong></span> <span class='ocrx_word' id='word_1_35' title='bbox 859 804 1030 859; x_wconf 86' lang='lat' dir='ltr'><strong>altero</strong></span> <span class='ocrx_word' id='word_1_36' title='bbox 1056 807 1109 858; x_wconf 91' lang='lat' dir='ltr'><strong>in</strong></span> <span class='ocrx_word' id='word_1_37' title='bbox 1138 808 1536 874; x_wconf 88' lang='lat' dir='ltr'><strong>perennitatem</strong></span> <span class='ocrx_word' id='word_1_38' title='bbox 1577 812 1920 868; x_wconf 86' lang='lat' dir='ltr'><strong>conservato,</strong></span> <span class='ocrx_word' id='word_1_39' title='bbox 1947 820 2049 858; x_wconf 88' lang='lat' dir='ltr'><strong>nec</strong></span> <span class='ocrx_word' id='word_1_40' title='bbox 2082 805 2216 857; x_wconf 86' lang='lat' dir='ltr'><strong>alte-</strong></span> 
     </span>
    </p>
   </div>
   <div class='ocr_carea' id='block_1_9' title="bbox 665 892 2212 957">
    <p class='ocr_par' dir='ltr' id='par_1_9' title="bbox 665 892 2212 957">
     <span class='ocr_line' id='line_1_9' title="bbox 665 892 2212 957; baseline 0.003 -15"><span class='ocrx_word' id='word_1_41' title='bbox 665 906 782 943; x_wconf 87' lang='lat' dir='ltr'><strong>rum</strong></span> <span class='ocrx_word' id='word_1_42' title='bbox 828 892 896 946; x_wconf 86' lang='lat' dir='ltr'><strong>ab</strong></span> <span class='ocrx_word' id='word_1_43' title='bbox 944 894 1045 947; x_wconf 87' lang='lat' dir='ltr'><strong>hac</strong></span> <span class='ocrx_word' id='word_1_44' title='bbox 1076 896 1320 949; x_wconf 86' lang='lat' dir='ltr'><strong>custodia</strong></span> <span class='ocrx_word' id='word_1_45' title='bbox 1365 896 1539 949; x_wconf 89' lang='lat' dir='ltr'><strong>aliena</strong></span> <span class='ocrx_word' id='word_1_46' title='bbox 1582 909 1723 957; x_wconf 87' lang='lat' dir='ltr'><strong>esse,</strong></span> <span class='ocrx_word' id='word_1_47' title='bbox 1757 904 1814 948; x_wconf 88' lang='lat' dir='ltr'><strong>ct</strong></span> <span class='ocrx_word' id='word_1_48' title='bbox 1859 909 2048 947; x_wconf 88' lang='lat' dir='ltr'><strong>rursus</strong></span> <span class='ocrx_word' id='word_1_49' title='bbox 2089 909 2212 947; x_wconf 92' lang='lat' dir='ltr'><strong>cum</strong></span> 
     </span>
    </p>
   </div>
   <div class='ocr_carea' id='block_1_10' title="bbox 662 980 2216 1052">
    <p class='ocr_par' dir='ltr' id='par_1_10' title="bbox 662 980 2216 1052">
     <span class='ocr_line' id='line_1_10' title="bbox 662 980 2216 1052; baseline 0.003 -19"><span class='ocrx_word' id='word_1_50' title='bbox 662 980 892 1033; x_wconf 86' lang='lat' dir='ltr'><strong>alterum</strong></span> <span class='ocrx_word' id='word_1_51' title='bbox 939 982 1041 1034; x_wconf 89' lang='lat' dir='ltr'><strong>hac</strong></span> <span class='ocrx_word' id='word_1_52' title='bbox 1087 985 1447 1052; x_wconf 85' lang='lat' dir='ltr'><strong>perennitatis</strong></span> <span class='ocrx_word' id='word_1_53' title='bbox 1490 982 1733 1037; x_wconf 88' lang='lat' dir='ltr'><strong>custodia</strong></span> <span class='ocrx_word' id='word_1_54' title='bbox 1778 982 2065 1045; x_wconf 79' lang='lat' dir='ltr'><strong>exciderit,</strong></span> <span class='ocrx_word' id='word_1_55' title='bbox 2114 998 2216 1037; x_wconf 89' lang='lat' dir='ltr'><strong>nec</strong></span> 
     </span>
    </p>
   </div>
   <div class='ocr_carea' id='block_1_11' title="bbox 660 1067 2215 1142">
    <p class='ocr_par' dir='ltr' id='par_1_11' title="bbox 660 1067 2215 1142">
     <span class='ocr_line' id='line_1_11' title="bbox 660 1067 2215 1142; baseline 0.003 -22"><span class='ocrx_word' id='word_1_56' title='bbox 660 1067 894 1122; x_wconf 88' lang='lat' dir='ltr'><strong>alterum</strong></span> <span class='ocrx_word' id='word_1_57' title='bbox 922 1084 987 1137; x_wconf 74' lang='lat' dir='ltr'><strong>ea</strong></span> <span class='ocrx_word' id='word_1_58' title='bbox 1030 1070 1168 1131; x_wconf 82' lang='lat' dir='ltr'><strong>allici</strong></span> <span class='ocrx_word' id='word_1_59' title='bbox 1201 1073 1382 1127; x_wconf 83' lang='lat' dir='ltr'><strong>dicere</strong></span> <span class='ocrx_word' id='word_1_60' title='bbox 1418 1089 1515 1142; x_wconf 88' lang='lat' dir='ltr'><strong>par</strong></span> <span class='ocrx_word' id='word_1_61' title='bbox 1547 1073 1639 1127; x_wconf 88' lang='lat' dir='ltr'><strong>sit.</strong></span> <span class='ocrx_word' id='word_1_62' title='bbox 1667 1072 1863 1126; x_wconf 84' lang='lat' dir='ltr'><strong>Tribus</strong></span> <span class='ocrx_word' id='word_1_63' title='bbox 1889 1088 2019 1125; x_wconf 87' lang='lat' dir='ltr'><strong>vero</strong></span> <span class='ocrx_word' id='word_1_64' title='bbox 2047 1074 2215 1140; x_wconf 90' lang='lat' dir='ltr'><strong>potis-</strong></span> 
     </span>
    </p>
   </div>
   <div class='ocr_carea' id='block_1_12' title="bbox 658 1155 2214 1229">
    <p class='ocr_par' dir='ltr' id='par_1_12' title="bbox 658 1155 2214 1229">
     <span class='ocr_line' id='line_1_12' title="bbox 658 1155 2214 1229; baseline 0.005 -22"><span class='ocrx_word' id='word_1_65' title='bbox 658 1155 858 1214; x_wconf 89' lang='lat' dir='ltr'><strong>simum</strong></span> <span class='ocrx_word' id='word_1_66' title='bbox 886 1158 1061 1210; x_wconf 89' lang='lat' dir='ltr'><strong>modis</strong></span> <span class='ocrx_word' id='word_1_67' title='bbox 1083 1160 1252 1214; x_wconf 84' lang='lat' dir='ltr'><strong>Deum</strong></span> <span class='ocrx_word' id='word_1_68' title='bbox 1280 1161 1535 1215; x_wconf 87' lang='lat' dir='ltr'><strong>omnibus</strong></span> <span class='ocrx_word' id='word_1_69' title='bbox 1557 1161 1842 1229; x_wconf 82' lang='lat' dir='ltr'><strong>providere</strong></span> <span class='ocrx_word' id='word_1_70' title='bbox 1869 1171 2084 1229; x_wconf 80' lang='lat' dir='ltr'><strong>negant.</strong></span> <span class='ocrx_word' id='word_1_71' title='bbox 2107 1162 2214 1215; x_wconf 88' lang='lat' dir='ltr'><strong>Aut</strong></span> 
     </span>
    </p>
   </div>
   <div class='ocr_carea' id='block_1_13' title="bbox 656 1242 2211 1319">
    <p class='ocr_par' dir='ltr' id='par_1_13' title="bbox 656 1242 2211 1319">
     <span class='ocr_line' id='line_1_13' title="bbox 656 1242 2211 1319; baseline 0.005 -23"><span class='ocrx_word' id='word_1_72' title='bbox 656 1246 802 1297; x_wconf 81' lang='lat' dir='ltr'><strong>enim</strong></span> <span class='ocrx_word' id='word_1_73' title='bbox 837 1242 1086 1315; x_wconf 79' lang='lat' dir='ltr'><strong>ignorare</strong></span> <span class='ocrx_word' id='word_1_74' title='bbox 1126 1264 1251 1303; x_wconf 89' lang='lat' dir='ltr'><strong>eum</strong></span> <span class='ocrx_word' id='word_1_75' title='bbox 1291 1250 1646 1319; x_wconf 69' lang='lat' dir='ltr'><strong>providentia:</strong></span> <span class='ocrx_word' id='word_1_76' title='bbox 1679 1253 1818 1303; x_wconf 82' lang='lat' dir='ltr'><strong>viam</strong></span> <span class='ocrx_word' id='word_1_77' title='bbox 1857 1266 1921 1304; x_wconf 89' lang='lat' dir='ltr'><strong>ac</strong></span> <span class='ocrx_word' id='word_1_78' title='bbox 1950 1252 2211 1305; x_wconf 82' lang='lat' dir='ltr'><strong>rationem</strong></span> 
     </span>
    </p>
   </div>
   <div class='ocr_carea' id='block_1_14' title="bbox 656 1334 2214 1410">
    <p class='ocr_par' dir='ltr' id='par_1_14' title="bbox 656 1334 2214 1410">
     <span class='ocr_line' id='line_1_14' title="bbox 656 1334 2214 1410; baseline 0.006 -25"><span class='ocrx_word' id='word_1_79' title='bbox 656 1334 867 1398; x_wconf 90' lang='lat' dir='ltr'><strong>dicunt,</strong></span> <span class='ocrx_word' id='word_1_80' title='bbox 898 1346 993 1391; x_wconf 89' lang='lat' dir='ltr'><strong>aut</strong></span> <span class='ocrx_word' id='word_1_81' title='bbox 1024 1340 1187 1401; x_wconf 88' lang='lat' dir='ltr'><strong>nolle,</strong></span> <span class='ocrx_word' id='word_1_82' title='bbox 1220 1349 1312 1393; x_wconf 91' lang='lat' dir='ltr'><strong>aut</strong></span> <span class='ocrx_word' id='word_1_83' title='bbox 1344 1356 1451 1394; x_wconf 88' lang='lat' dir='ltr'><strong>non</strong></span> <span class='ocrx_word' id='word_1_84' title='bbox 1495 1357 1673 1410; x_wconf 86' lang='lat' dir='ltr'><strong>posse.</strong></span> <span class='ocrx_word' id='word_1_85' title='bbox 1705 1341 1810 1395; x_wconf 86' lang='lat' dir='ltr'><strong>Sed</strong></span> <span class='ocrx_word' id='word_1_86' title='bbox 1838 1342 2100 1409; x_wconf 81' lang='lat' dir='ltr'><strong>profecto,</strong></span> <span class='ocrx_word' id='word_1_87' title='bbox 2129 1357 2214 1395; x_wconf 85' lang='lat' dir='ltr'><strong>se-</strong></span> 
     </span>
    </p>
   </div>
   <div class='ocr_carea' id='block_1_15' title="bbox 657 1427 2213 1499">
    <p class='ocr_par' dir='ltr' id='par_1_15' title="bbox 657 1427 2213 1499">
     <span class='ocr_line' id='line_1_15' title="bbox 657 1427 2213 1499; baseline 0.006 -24"><span class='ocrx_word' id='word_1_88' title='bbox 657 1427 894 1478; x_wconf 91' lang='lat' dir='ltr'><strong>cundum</strong></span> <span class='ocrx_word' id='word_1_89' title='bbox 916 1443 1239 1484; x_wconf 88' lang='lat' dir='ltr'><strong>communes</strong></span> <span class='ocrx_word' id='word_1_90' title='bbox 1262 1432 1506 1484; x_wconf 88' lang='lat' dir='ltr'><strong>omnium</strong></span> <span class='ocrx_word' id='word_1_91' title='bbox 1533 1431 1785 1484; x_wconf 85' lang='lat' dir='ltr'><strong>n0tioncs</strong></span> <span class='ocrx_word' id='word_1_92' title='bbox 1811 1432 1987 1485; x_wconf 89' lang='lat' dir='ltr'><strong>bonus</strong></span> <span class='ocrx_word' id='word_1_93' title='bbox 2011 1441 2065 1485; x_wconf 83' lang='lat' dir='ltr'><strong>et</strong></span> <span class='ocrx_word' id='word_1_94' title='bbox 2091 1433 2213 1499; x_wconf 90' lang='lat' dir='ltr'><strong>plus</strong></span> 
     </span>
    </p>
   </div>
   <div class='ocr_carea' id='block_1_16' title="bbox 659 1506 2212 1588">
    <p class='ocr_par' dir='ltr' id='par_1_16' title="bbox 659 1506 2212 1588">
     <span class='ocr_line' id='line_1_16' title="bbox 659 1506 2212 1588; baseline 0.004 -23"><span class='ocrx_word' id='word_1_95' title='bbox 659 1529 818 1580; x_wconf 86' lang='lat' dir='ltr'><strong>qnam</strong></span> <span class='ocrx_word' id='word_1_96' title='bbox 855 1516 1033 1571; x_wconf 91' lang='lat' dir='ltr'><strong>bonus</strong></span> <span class='ocrx_word' id='word_1_97' title='bbox 1060 1515 1201 1572; x_wconf 84' lang='lat' dir='ltr'><strong>Deus</strong></span> <span class='ocrx_word' id='word_1_98' title='bbox 1232 1519 1370 1572; x_wconf 89' lang='lat' dir='ltr'><strong>bona</strong></span> <span class='ocrx_word' id='word_1_99' title='bbox 1403 1529 1459 1573; x_wconf 90' lang='lat' dir='ltr'><strong>et</strong></span> <span class='ocrx_word' id='word_1_100' title='bbox 1489 1506 1703 1588; x_wconf 77' lang='lat' dir='ltr'><strong>semper</strong></span> <span class='ocrx_word' id='word_1_101' title='bbox 1731 1529 1787 1573; x_wconf 90' lang='lat' dir='ltr'><strong>et</strong></span> <span class='ocrx_word' id='word_1_102' title='bbox 1817 1520 2069 1574; x_wconf 90' lang='lat' dir='ltr'><strong>omnibus</strong></span> <span class='ocrx_word' id='word_1_103' title='bbox 2099 1536 2212 1574; x_wconf 90' lang='lat' dir='ltr'><strong>om-</strong></span> 
     </span>
    </p>
   </div>
   <div class='ocr_carea' id='block_1_17' title="bbox 660 1604 2210 1678">
    <p class='ocr_par' dir='ltr' id='par_1_17' title="bbox 660 1604 2210 1678">
     <span class='ocr_line' id='line_1_17' title="bbox 660 1604 2210 1678; baseline 0.006 -24"><span class='ocrx_word' id='word_1_104' title='bbox 660 1604 789 1656; x_wconf 90' lang='lat' dir='ltr'><strong>nino</strong></span> <span class='ocrx_word' id='word_1_105' title='bbox 817 1604 1096 1660; x_wconf 77' lang='lat' dir='ltr'><strong>vdluntatc</strong></span> <span class='ocrx_word' id='word_1_106' title='bbox 1118 1622 1214 1661; x_wconf 89' lang='lat' dir='ltr'><strong>sua</strong></span> <span class='ocrx_word' id='word_1_107' title='bbox 1243 1607 1497 1671; x_wconf 84' lang='lat' dir='ltr'><strong>destinat,</strong></span> <span class='ocrx_word' id='word_1_108' title='bbox 1524 1619 1579 1663; x_wconf 87' lang='lat' dir='ltr'><strong>et</strong></span> <span class='ocrx_word' id='word_1_109' title='bbox 1601 1610 1817 1677; x_wconf 82' lang='lat' dir='ltr'><strong>sapiens</strong></span> <span class='ocrx_word' id='word_1_110' title='bbox 1842 1618 1898 1662; x_wconf 91' lang='lat' dir='ltr'><strong>et</strong></span> <span class='ocrx_word' id='word_1_111' title='bbox 1926 1611 2210 1678; x_wconf 83' lang='lat' dir='ltr'><strong>plusquam</strong></span> 
     </span>
    </p>
   </div>
   <div class='ocr_carea' id='block_1_18' title="bbox 613 1694 2212 1766">
    <p class='ocr_par' dir='ltr' id='par_1_18' title="bbox 613 1694 2212 1766">
     <span class='ocr_line' id='line_1_18' title="bbox 613 1694 2212 1766; baseline 0.003 -20"><span class='ocrx_word' id='word_1_112' title='bbox 613 1758 619 1765; x_wconf 26' lang='grc'><strong><em>1</em></strong></span> <span class='ocrx_word' id='word_1_113' title='bbox 657 1694 896 1761; x_wconf 80' lang='lat' dir='ltr'><strong>sapiens,</strong></span> <span class='ocrx_word' id='word_1_114' title='bbox 926 1697 1009 1749; x_wconf 86' lang='lat' dir='ltr'><strong>vel</strong></span> <span class='ocrx_word' id='word_1_115' title='bbox 1038 1698 1217 1766; x_wconf 90' lang='lat' dir='ltr'><strong>potius</strong></span> <span class='ocrx_word' id='word_1_116' title='bbox 1242 1699 1418 1752; x_wconf 91' lang='lat' dir='ltr'><strong>omnis</strong></span> <span class='ocrx_word' id='word_1_117' title='bbox 1447 1699 1723 1766; x_wconf 79' lang='lat' dir='ltr'><strong>sapientia:</strong></span> <span class='ocrx_word' id='word_1_118' title='bbox 1747 1700 1886 1761; x_wconf 86' lang='lat' dir='ltr'><strong>l‘ons,</strong></span> <span class='ocrx_word' id='word_1_119' title='bbox 1922 1700 2069 1751; x_wconf 88' lang='lat' dir='ltr'><strong>novit</strong></span> <span class='ocrx_word' id='word_1_120' title='bbox 2097 1715 2212 1751; x_wconf 90' lang='lat' dir='ltr'><strong>om-</strong></span> 
     </span>
    </p>
   </div>
   <div class='ocr_carea' id='block_1_19' title="bbox 658 1783 2211 1857">
    <p class='ocr_par' dir='ltr' id='par_1_19' title="bbox 658 1783 2211 1857">
     <span class='ocr_line' id='line_1_19' title="bbox 658 1783 2211 1857; baseline 0.006 -24"><span class='ocrx_word' id='word_1_121' title='bbox 658 1783 787 1836; x_wconf 93' lang='lat' dir='ltr'><strong>nino</strong></span> <span class='ocrx_word' id='word_1_122' title='bbox 812 1800 931 1853; x_wconf 74' lang='lat' dir='ltr'><strong>qua:</strong></span> <span class='ocrx_word' id='word_1_123' title='bbox 964 1787 1297 1853; x_wconf 88' lang='lat' dir='ltr'><strong>conducunt,</strong></span> <span class='ocrx_word' id='word_1_124' title='bbox 1324 1798 1378 1842; x_wconf 89' lang='lat' dir='ltr'><strong>et</strong></span> <span class='ocrx_word' id='word_1_125' title='bbox 1408 1798 1624 1857; x_wconf 89' lang='lat' dir='ltr'><strong>potens,</strong></span> <span class='ocrx_word' id='word_1_126' title='bbox 1658 1789 1740 1842; x_wconf 85' lang='lat' dir='ltr'><strong>vel</strong></span> <span class='ocrx_word' id='word_1_127' title='bbox 1774 1788 1956 1857; x_wconf 83' lang='lat' dir='ltr'><strong>potius</strong></span> <span class='ocrx_word' id='word_1_128' title='bbox 1988 1788 2211 1842; x_wconf 69' lang='lat' dir='ltr'><strong>infinitae</strong></span> 
     </span>
    </p>
   </div>
   <div class='ocr_carea' id='block_1_20' title="bbox 657 1876 2210 1948">
    <p class='ocr_par' dir='ltr' id='par_1_20' title="bbox 657 1876 2210 1948">
     <span class='ocr_line' id='line_1_20' title="bbox 657 1876 2210 1948; baseline 0.005 -23"><span class='ocrx_word' id='word_1_129' title='bbox 657 1876 929 1939; x_wconf 61' lang='lat' dir='ltr'><strong>potentia},</strong></span> <span class='ocrx_word' id='word_1_130' title='bbox 960 1877 1227 1948; x_wconf 76' lang='lat' dir='ltr'><strong>condigne</strong></span> <span class='ocrx_word' id='word_1_131' title='bbox 1252 1880 1361 1932; x_wconf 92' lang='lat' dir='ltr'><strong>Deo</strong></span> <span class='ocrx_word' id='word_1_132' title='bbox 1385 1888 1440 1932; x_wconf 89' lang='lat' dir='ltr'><strong>et</strong></span> <span class='ocrx_word' id='word_1_133' title='bbox 1465 1880 1851 1933; x_wconf 81' lang='lat' dir='ltr'><strong>convenienter</strong></span> <span class='ocrx_word' id='word_1_134' title='bbox 1875 1880 1931 1932; x_wconf 93' lang='lat' dir='ltr'><strong>in</strong></span> <span class='ocrx_word' id='word_1_135' title='bbox 1955 1880 2210 1932; x_wconf 89' lang='lat' dir='ltr'><strong>omnibus</strong></span> 
     </span>
    </p>
   </div>
   <div class='ocr_carea' id='block_1_21' title="bbox 657 1963 2211 2039">
    <p class='ocr_par' dir='ltr' id='par_1_21' title="bbox 657 1963 2211 2039">
     <span class='ocr_line' id='line_1_21' title="bbox 657 1963 2211 2039; baseline 0.006 -25"><span class='ocrx_word' id='word_1_136' title='bbox 657 1963 852 2027; x_wconf 76' lang='lat' dir='ltr'><strong>placita</strong></span> <span class='ocrx_word' id='word_1_137' title='bbox 884 1975 941 2018; x_wconf 89' lang='lat' dir='ltr'><strong>et</strong></span> <span class='ocrx_word' id='word_1_138' title='bbox 966 1967 1213 2039; x_wconf 74' lang='lat' dir='ltr'><strong>&quot;consilia</strong></span> <span class='ocrx_word' id='word_1_139' title='bbox 1261 1984 1358 2022; x_wconf 89' lang='lat' dir='ltr'><strong>sua</strong></span> <span class='ocrx_word' id='word_1_140' title='bbox 1403 1970 1768 2024; x_wconf 82' lang='lat' dir='ltr'><strong>conducibilia</strong></span> <span class='ocrx_word' id='word_1_141' title='bbox 1804 1970 2028 2038; x_wconf 84' lang='lat' dir='ltr'><strong>pulchre</strong></span> <span class='ocrx_word' id='word_1_142' title='bbox 2059 1984 2211 2024; x_wconf 78' lang='lat' dir='ltr'><strong>exse-</strong></span> 
     </span>
    </p>
   </div>
   <div class='ocr_carea' id='block_1_22' title="bbox 656 2042 2210 2129">
    <p class='ocr_par' dir='ltr' id='par_1_22' title="bbox 656 2042 2210 2129">
     <span class='ocr_line' id='line_1_22' title="bbox 656 2042 2210 2129; baseline 0.006 -26"><span class='ocrx_word' id='word_1_143' title='bbox 656 2053 862 2129; x_wconf 81' lang='lat' dir='ltr'><strong>quitur,</strong></span> <span class='ocrx_word' id='word_1_144' title='bbox 894 2066 952 2108; x_wconf 92' lang='lat' dir='ltr'><strong>ut</strong></span> <span class='ocrx_word' id='word_1_145' title='bbox 982 2042 1157 2110; x_wconf 87' lang='lat' dir='ltr'><strong>bonus</strong></span> <span class='ocrx_word' id='word_1_146' title='bbox 1178 2067 1235 2111; x_wconf 90' lang='lat' dir='ltr'><strong>et</strong></span> <span class='ocrx_word' id='word_1_147' title='bbox 1259 2060 1475 2128; x_wconf 87' lang='lat' dir='ltr'><strong>sapiens</strong></span> <span class='ocrx_word' id='word_1_148' title='bbox 1498 2071 1552 2113; x_wconf 90' lang='lat' dir='ltr'><strong>ct</strong></span> <span class='ocrx_word' id='word_1_149' title='bbox 1582 2071 1796 2129; x_wconf 78' lang='lat' dir='ltr'><strong>potens,</strong></span> <span class='ocrx_word' id='word_1_150' title='bbox 1820 2046 2089 2114; x_wconf 78' lang='lat' dir='ltr'><strong>transiens</strong></span> <span class='ocrx_word' id='word_1_151' title='bbox 2115 2074 2210 2128; x_wconf 89' lang='lat' dir='ltr'><strong>per</strong></span> 
     </span>
    </p>
   </div>
   <div class='ocr_carea' id='block_1_23' title="bbox 656 2127 2209 2211">
    <p class='ocr_par' dir='ltr' id='par_1_23' title="bbox 656 2127 2209 2211">
     <span class='ocr_line' id='line_1_23' title="bbox 656 2127 2209 2211; baseline 0.008 -21"><span class='ocrx_word' id='word_1_152' title='bbox 656 2127 851 2195; x_wconf 68' lang='lat' dir='ltr'><strong>cuncta</strong></span> <span class='ocrx_word' id='word_1_153' title='bbox 881 2154 935 2197; x_wconf 82' lang='lat' dir='ltr'><strong>et</strong></span> <span class='ocrx_word' id='word_1_154' title='bbox 959 2145 1189 2205; x_wconf 83' lang='lat' dir='ltr'><strong>visibilia</strong></span> <span class='ocrx_word' id='word_1_155' title='bbox 1220 2157 1275 2201; x_wconf 91' lang='lat' dir='ltr'><strong>et</strong></span> <span class='ocrx_word' id='word_1_156' title='bbox 1306 2149 1614 2211; x_wconf 79' lang='lat' dir='ltr'><strong>invisibilia,</strong></span> <span class='ocrx_word' id='word_1_157' title='bbox 1645 2160 1701 2203; x_wconf 87' lang='lat' dir='ltr'><strong>et</strong></span> <span class='ocrx_word' id='word_1_158' title='bbox 1734 2151 1982 2205; x_wconf 82' lang='lat' dir='ltr'><strong>universa</strong></span> <span class='ocrx_word' id='word_1_159' title='bbox 2008 2159 2064 2204; x_wconf 90' lang='lat' dir='ltr'><strong>et</strong></span> <span class='ocrx_word' id='word_1_160' title='bbox 2098 2151 2209 2203; x_wconf 89' lang='lat' dir='ltr'><strong>sin-</strong></span> 
     </span>
    </p>
   </div>
   <div class='ocr_carea' id='block_1_24' title="bbox 582 2233 2207 2309">
    <p class='ocr_par' dir='ltr' id='par_1_24' title="bbox 582 2233 2207 2309">
     <span class='ocr_line' id='line_1_24' title="bbox 582 2233 2207 2309; baseline 0.006 -26"><span class='ocrx_word' id='word_1_161' title='bbox 582 2284 587 2305; x_wconf 34' lang='grc' dir='ltr'>τ</span> <span class='ocrx_word' id='word_1_162' title='bbox 654 2233 799 2299; x_wconf 85' lang='lat' dir='ltr'><strong>gula,</strong></span> <span class='ocrx_word' id='word_1_163' title='bbox 833 2243 889 2286; x_wconf 91' lang='lat' dir='ltr'><strong>et</strong></span> <span class='ocrx_word' id='word_1_164' title='bbox 920 2251 1081 2303; x_wconf 89' lang='lat' dir='ltr'><strong>parva</strong></span> <span class='ocrx_word' id='word_1_165' title='bbox 1110 2247 1166 2290; x_wconf 91' lang='lat' dir='ltr'><strong>et</strong></span> <span class='ocrx_word' id='word_1_166' title='bbox 1210 2247 1420 2307; x_wconf 78' lang='lat' dir='ltr'><strong>magna,</strong></span> <span class='ocrx_word' id='word_1_167' title='bbox 1455 2249 1511 2292; x_wconf 87' lang='lat' dir='ltr'><strong>et</strong></span> <span class='ocrx_word' id='word_1_168' title='bbox 1538 2251 1731 2293; x_wconf 88' lang='lat' dir='ltr'><strong>cuncta</strong></span> <span class='ocrx_word' id='word_1_169' title='bbox 1758 2257 1875 2309; x_wconf 60' lang='lat' dir='ltr'><strong>qua;</strong></span> <span class='ocrx_word' id='word_1_170' title='bbox 1909 2242 2207 2295; x_wconf 86' lang='lat' dir='ltr'><strong>secundum</strong></span> 
     </span>
    </p>
   </div>
   <div class='ocr_carea' id='block_1_25' title="bbox 654 2318 2204 2396">
    <p class='ocr_par' dir='ltr' id='par_1_25' title="bbox 654 2318 2204 2396">
     <span class='ocr_line' id='line_1_25' title="bbox 654 2318 2204 2396; baseline 0.004 -23"><span class='ocrx_word' id='word_1_171' title='bbox 654 2324 964 2391; x_wconf 84' lang='lat' dir='ltr'><strong>quampiam</strong></span> <span class='ocrx_word' id='word_1_172' title='bbox 1012 2326 1304 2394; x_wconf 86' lang='lat' dir='ltr'><strong>cujuslibet</strong></span> <span class='ocrx_word' id='word_1_173' title='bbox 1348 2328 1561 2396; x_wconf 80' lang='lat' dir='ltr'><strong>generis</strong></span> <span class='ocrx_word' id='word_1_174' title='bbox 1588 2318 1953 2382; x_wconf 86' lang='lat' dir='ltr'><strong>exsistentiam</strong></span> <span class='ocrx_word' id='word_1_175' title='bbox 1985 2328 2204 2390; x_wconf 85' lang='lat' dir='ltr'><strong>habent,</strong></span> 
     </span>
    </p>
   </div>
   <div class='ocr_carea' id='block_1_26' title="bbox 655 2412 2206 2484">
    <p class='ocr_par' dir='ltr' id='par_1_26' title="bbox 655 2412 2206 2484">
     <span class='ocr_line' id='line_1_26' title="bbox 655 2412 2206 2484; baseline 0.006 -22"><span class='ocrx_word' id='word_1_176' title='bbox 655 2412 787 2463; x_wconf 88' lang='lat' dir='ltr'><strong>nihil</strong></span> <span class='ocrx_word' id='word_1_177' title='bbox 817 2413 883 2466; x_wconf 89' lang='lat' dir='ltr'><strong>de</strong></span> <span class='ocrx_word' id='word_1_178' title='bbox 904 2413 1185 2479; x_wconf 84' lang='lat' dir='ltr'><strong>bonitatis,</strong></span> <span class='ocrx_word' id='word_1_179' title='bbox 1212 2416 1492 2483; x_wconf 75' lang='lat' dir='ltr'><strong>sapientia:</strong></span> <span class='ocrx_word' id='word_1_180' title='bbox 1516 2417 1770 2484; x_wconf 64' lang='lat' dir='ltr'><strong>potentiae</strong></span> <span class='ocrx_word' id='word_1_181' title='bbox 1800 2432 1910 2471; x_wconf 77' lang='lat' dir='ltr'><strong>sine</strong></span> <span class='ocrx_word' id='word_1_182' title='bbox 1943 2415 2206 2471; x_wconf 75' lang='lat' dir='ltr'><strong>infinitate</strong></span> 
     </span>
    </p>
   </div>
   <div class='ocr_carea' id='block_1_27' title="bbox 654 2504 2206 2576">
    <p class='ocr_par' dir='ltr' id='par_1_27' title="bbox 654 2504 2206 2576">
     <span class='ocr_line' id='line_1_27' title="bbox 654 2504 2206 2576; baseline 0.006 -24"><span class='ocrx_word' id='word_1_183' title='bbox 654 2504 955 2566; x_wconf 84' lang='lat' dir='ltr'><strong>remittens,</strong></span> <span class='ocrx_word' id='word_1_184' title='bbox 974 2513 1037 2571; x_wconf 84' lang='lat' dir='ltr'><strong>et</strong></span> <span class='ocrx_word' id='word_1_185' title='bbox 1059 2506 1241 2559; x_wconf 90' lang='lat' dir='ltr'><strong>omnia</strong></span> <span class='ocrx_word' id='word_1_186' title='bbox 1260 2506 1562 2560; x_wconf 88' lang='lat' dir='ltr'><strong>secundum</strong></span> <span class='ocrx_word' id='word_1_187' title='bbox 1583 2506 1923 2576; x_wconf 81' lang='lat' dir='ltr'><strong>singulorum</strong></span> <span class='ocrx_word' id='word_1_188' title='bbox 1943 2508 2206 2561; x_wconf 81' lang='lat' dir='ltr'><strong>exsisten-</strong></span> 
     </span>
    </p>
   </div>
   <div class='ocr_carea' id='block_1_28' title="bbox 656 2589 2202 2667">
    <p class='ocr_par' dir='ltr' id='par_1_28' title="bbox 656 2589 2202 2667">
     <span class='ocr_line' id='line_1_28' title="bbox 656 2589 2202 2667; baseline 0.005 -26"><span class='ocrx_word' id='word_1_189' title='bbox 656 2589 743 2641; x_wconf 64' lang='lat' dir='ltr'><strong>tiae</strong></span> <span class='ocrx_word' id='word_1_190' title='bbox 787 2592 1049 2644; x_wconf 86' lang='lat' dir='ltr'><strong>rationem</strong></span> <span class='ocrx_word' id='word_1_191' title='bbox 1080 2593 1184 2667; x_wconf 81' lang='lat' dir='ltr'><strong>sibi</strong></span> <span class='ocrx_word' id='word_1_192' title='bbox 1224 2595 1355 2663; x_wconf 89' lang='lat' dir='ltr'><strong>ipsis</strong></span> <span class='ocrx_word' id='word_1_193' title='bbox 1398 2604 1455 2649; x_wconf 87' lang='lat' dir='ltr'><strong>et</strong></span> <span class='ocrx_word' id='word_1_194' title='bbox 1485 2596 1715 2651; x_wconf 87' lang='lat' dir='ltr'><strong>invicem</strong></span> <span class='ocrx_word' id='word_1_195' title='bbox 1748 2597 1803 2649; x_wconf 85' lang='lat' dir='ltr'><strong>in</strong></span> <span class='ocrx_word' id='word_1_196' title='bbox 1844 2596 2202 2651; x_wconf 86' lang='lat' dir='ltr'><strong>indissolubili</strong></span> 
     </span>
    </p>
   </div>
   <div class='ocr_carea' id='block_1_29' title="bbox 632 2681 2204 2754">
    <p class='ocr_par' dir='ltr' id='par_1_29' title="bbox 632 2681 2204 2754">
     <span class='ocr_line' id='line_1_29' title="bbox 632 2681 2204 2754; baseline 0.006 -25"><span class='ocrx_word' id='word_1_197' title='bbox 632 2688 972 2731; x_wconf 77' lang='lat' dir='ltr'><strong>‘cunctorum</strong></span> <span class='ocrx_word' id='word_1_198' title='bbox 1004 2681 1195 2734; x_wconf 89' lang='lat' dir='ltr'><strong>eodem</strong></span> <span class='ocrx_word' id='word_1_199' title='bbox 1228 2691 1285 2736; x_wconf 88' lang='lat' dir='ltr'><strong>et</strong></span> <span class='ocrx_word' id='word_1_200' title='bbox 1313 2698 1453 2735; x_wconf 79' lang='lat' dir='ltr'><strong>nexu</strong></span> <span class='ocrx_word' id='word_1_201' title='bbox 1482 2694 1539 2738; x_wconf 87' lang='lat' dir='ltr'><strong>et</strong></span> <span class='ocrx_word' id='word_1_202' title='bbox 1566 2686 1969 2754; x_wconf 53' lang='lat' dir='ltr'><strong>compagine,et</strong></span> <span class='ocrx_word' id='word_1_203' title='bbox 2010 2702 2204 2754; x_wconf 85' lang='lat' dir='ltr'><strong>peren-</strong></span> 
     </span>
    </p>
   </div>
   <div class='ocr_carea' id='block_1_30' title="bbox 651 2767 2202 2844">
    <p class='ocr_par' dir='ltr' id='par_1_30' title="bbox 651 2767 2202 2844">
     <span class='ocr_line' id='line_1_30' title="bbox 651 2767 2202 2844; baseline 0.007 -25"><span class='ocrx_word' id='word_1_204' title='bbox 651 2767 819 2821; x_wconf 89' lang='lat' dir='ltr'><strong>nitate</strong></span> <span class='ocrx_word' id='word_1_205' title='bbox 844 2783 1191 2825; x_wconf 87' lang='lat' dir='ltr'><strong>conservans.</strong></span> <span class='ocrx_word' id='word_1_206' title='bbox 1220 2771 1358 2836; x_wconf 83' lang='lat' dir='ltr'><strong>Quid</strong></span> <span class='ocrx_word' id='word_1_207' title='bbox 1382 2780 1584 2838; x_wconf 83' lang='lat' dir='ltr'><strong>autem,</strong></span> <span class='ocrx_word' id='word_1_208' title='bbox 1615 2790 1797 2828; x_wconf 89' lang='lat' dir='ltr'><strong>nonne</strong></span> <span class='ocrx_word' id='word_1_209' title='bbox 1827 2776 1995 2843; x_wconf 87' lang='lat' dir='ltr'><strong>ipsam</strong></span> <span class='ocrx_word' id='word_1_210' title='bbox 2023 2791 2202 2844; x_wconf 12' lang='lat' dir='ltr'><strong>perase</strong></span> 
     </span>
    </p>
   </div>
   <div class='ocr_carea' id='block_1_31' title="bbox 651 2859 2222 2932">
    <p class='ocr_par' dir='ltr' id='par_1_31' title="bbox 651 2859 2222 2932">
     <span class='ocr_line' id='line_1_31' title="bbox 651 2859 2222 2932; baseline 0.006 -22"><span class='ocrx_word' id='word_1_211' title='bbox 651 2865 900 2913; x_wconf 88' lang='lat' dir='ltr'><strong>naturam</strong></span> <span class='ocrx_word' id='word_1_212' title='bbox 930 2859 997 2914; x_wconf 91' lang='lat' dir='ltr'><strong>de</strong></span> <span class='ocrx_word' id='word_1_213' title='bbox 1026 2860 1231 2925; x_wconf 88' lang='lat' dir='ltr'><strong>divina,</strong></span> <span class='ocrx_word' id='word_1_214' title='bbox 1260 2878 1383 2931; x_wconf 76' lang='lat' dir='ltr'><strong>qua:</strong></span> <span class='ocrx_word' id='word_1_215' title='bbox 1410 2865 1595 2918; x_wconf 84' lang='lat' dir='ltr'><strong>omnia</strong></span> <span class='ocrx_word' id='word_1_216' title='bbox 1633 2872 1806 2928; x_wconf 87' lang='lat' dir='ltr'><strong>curet,</strong></span> <span class='ocrx_word' id='word_1_217' title='bbox 1850 2865 2222 2932; x_wconf 63' lang='lat' dir='ltr'><strong>providentiae.</strong></span> 
     </span>
    </p>
   </div>
   <div class='ocr_carea' id='block_1_32' title="bbox 649 2946 2201 3019">
    <p class='ocr_par' dir='ltr' id='par_1_32' title="bbox 649 2946 2201 3019">
     <span class='ocr_line' id='line_1_32' title="bbox 649 2946 2201 3019; baseline 0.007 -22"><span class='ocrx_word' id='word_1_218' title='bbox 649 2946 997 3012; x_wconf 86' lang='lat' dir='ltr'><strong>exsistentia,</strong></span> <span class='ocrx_word' id='word_1_219' title='bbox 1050 2949 1354 3005; x_wconf 90' lang='lat' dir='ltr'><strong>luculenter</strong></span> <span class='ocrx_word' id='word_1_220' title='bbox 1397 2953 1665 3007; x_wconf 87' lang='lat' dir='ltr'><strong>instruere</strong></span> <span class='ocrx_word' id='word_1_221' title='bbox 1707 2952 1989 3007; x_wconf 83' lang='lat' dir='ltr'><strong>videmus?</strong></span> <span class='ocrx_word' id='word_1_222' title='bbox 2046 2953 2201 3019; x_wconf 86' lang='lat' dir='ltr'><strong>Quod</strong></span> 
     </span>
    </p>
   </div>
   <div class='ocr_carea' id='block_1_33' title="bbox 648 3036 2199 3112">
    <p class='ocr_par' dir='ltr' id='par_1_33' title="bbox 648 3036 2199 3112">
     <span class='ocr_line' id='line_1_33' title="bbox 648 3036 2199 3112; baseline 0.007 -24"><span class='ocrx_word' id='word_1_223' title='bbox 648 3036 796 3088; x_wconf 82' lang='lat' dir='ltr'><strong>enim</strong></span> <span class='ocrx_word' id='word_1_224' title='bbox 827 3039 1145 3094; x_wconf 85' lang='lat' dir='ltr'><strong>naturaliter</strong></span> <span class='ocrx_word' id='word_1_225' title='bbox 1162 3042 1329 3095; x_wconf 83' lang='lat' dir='ltr'><strong>nobis</strong></span> <span class='ocrx_word' id='word_1_226' title='bbox 1374 3042 1725 3110; x_wconf 65' lang='lat' dir='ltr'><strong>providentiae</strong></span> <span class='ocrx_word' id='word_1_227' title='bbox 1762 3043 2000 3112; x_wconf 78' lang='lat' dir='ltr'><strong>cognitio</strong></span> <span class='ocrx_word' id='word_1_228' title='bbox 2036 3046 2199 3099; x_wconf 87' lang='lat' dir='ltr'><strong>insita</strong></span> 
     </span>
    </p>
   </div>
   <div class='ocr_carea' id='block_1_34' title="bbox 2313 622 3837 693">
    <p class='ocr_par' dir='ltr' id='par_1_34' title="bbox 2313 622 3837 693">
     <span class='ocr_line' id='line_1_34' title="bbox 2313 622 3837 693; baseline 0.002 -21"><span class='ocrx_word' id='word_1_229' title='bbox 2313 638 2410 688; x_wconf 88' lang='grc' dir='ltr'><strong>της</strong></span> <span class='ocrx_word' id='word_1_230' title='bbox 2451 622 2629 691; x_wconf 81' lang='grc' dir='ltr'>πολλῷ</span> <span class='ocrx_word' id='word_1_231' title='bbox 2655 624 2915 692; x_wconf 78' lang='grc' dir='ltr'>πρότερον</span> <span class='ocrx_word' id='word_1_232' title='bbox 2944 624 3222 688; x_wconf 76' lang='grc' dir='ltr'><strong>ἀξιοῦσθαι</strong></span> <span class='ocrx_word' id='word_1_233' title='bbox 3252 624 3319 675; x_wconf 74' lang='grc' dir='ltr'><strong>τά</strong></span> <span class='ocrx_word' id='word_1_234' title='bbox 3350 624 3492 676; x_wconf 74' lang='grc' dir='ltr'>κατὰ</span> <span class='ocrx_word' id='word_1_235' title='bbox 3526 624 3689 693; x_wconf 80' lang='grc' dir='ltr'><strong>μέρος</strong></span> <span class='ocrx_word' id='word_1_236' title='bbox 3741 626 3837 675; x_wconf 79' lang='grc' dir='ltr'>είσο</span> 
     </span>
    </p>
   </div>
   <div class='ocr_carea' id='block_1_35' title="bbox 2310 704 3836 780">
    <p class='ocr_par' dir='ltr' id='par_1_35' title="bbox 2310 704 3836 780">
     <span class='ocr_line' id='line_1_35' title="bbox 2310 704 3836 780; baseline 0.003 -20"><span class='ocrx_word' id='word_1_237' title='bbox 2310 709 2443 775; x_wconf 83' lang='grc' dir='ltr'>ἀγου</span> <span class='ocrx_word' id='word_1_238' title='bbox 2452 727 2551 773; x_wconf 85' lang='grc' dir='ltr'>σιν,</span> <span class='ocrx_word' id='word_1_239' title='bbox 2570 713 2627 762; x_wconf 79' lang='grc' dir='ltr'>ἐν</span> <span class='ocrx_word' id='word_1_240' title='bbox 2645 704 2775 779; x_wconf 77' lang='grc' dir='ltr'><strong>οἷςή</strong></span> <span class='ocrx_word' id='word_1_241' title='bbox 2800 712 2906 763; x_wconf 91' lang='grc' dir='ltr'><strong>τῶν</strong></span> <span class='ocrx_word' id='word_1_242' title='bbox 2935 711 3161 764; x_wconf 75' lang='grc' dir='ltr'><strong>καθόλου</strong></span> <span class='ocrx_word' id='word_1_243' title='bbox 3181 712 3406 780; x_wconf 78' lang='grc' dir='ltr'>διαμονὴ</span> <span class='ocrx_word' id='word_1_244' title='bbox 3435 714 3527 765; x_wconf 78' lang='grc' dir='ltr'>καὶ</span> <span class='ocrx_word' id='word_1_245' title='bbox 3548 712 3836 773; x_wconf 73' lang='grc' dir='ltr'><strong>ὑπόστασις.</strong></span> 
     </span>
    </p>
   </div>
   <div class='ocr_carea' id='block_1_36' title="bbox 2312 782 3839 868">
    <p class='ocr_par' dir='ltr' id='par_1_36' title="bbox 2312 782 3839 868">
     <span class='ocr_line' id='line_1_36' title="bbox 2312 782 3839 868; baseline 0.003 -21"><span class='ocrx_word' id='word_1_246' title='bbox 2312 797 2695 863; x_wconf 83' lang='grc' dir='ltr'>Συνεισάγεται</span> <span class='ocrx_word' id='word_1_247' title='bbox 2728 799 2835 867; x_wconf 80' lang='grc' dir='ltr'>γὰρ</span> <span class='ocrx_word' id='word_1_248' title='bbox 2864 782 3110 868; x_wconf 79' lang='grc' dir='ltr'>ἀλλήλοις</span> <span class='ocrx_word' id='word_1_249' title='bbox 3138 793 3317 851; x_wconf 71' lang='grc' dir='ltr'>ταῦτα’</span> <span class='ocrx_word' id='word_1_250' title='bbox 3350 799 3435 852; x_wconf 75' lang='grc' dir='ltr'>διὰ</span> <span class='ocrx_word' id='word_1_251' title='bbox 3460 799 3559 867; x_wconf 81' lang='grc' dir='ltr'>τὴν</span> <span class='ocrx_word' id='word_1_252' title='bbox 3593 800 3725 851; x_wconf 78' lang='grc' dir='ltr'><strong>κατά</strong></span> <span class='ocrx_word' id='word_1_253' title='bbox 3751 800 3839 866; x_wconf 77' lang='grc' dir='ltr'><strong>φύ-</strong></span> 
     </span>
    </p>
   </div>
   <div class='ocr_carea' id='block_1_37' title="bbox 2314 875 3838 960">
    <p class='ocr_par' dir='ltr' id='par_1_37' title="bbox 2314 875 3838 960">
     <span class='ocr_line' id='line_1_37' title="bbox 2314 875 3838 960; baseline 0.001 -22"><span class='ocrx_word' id='word_1_254' title='bbox 2314 903 2397 938; x_wconf 90' lang='grc' dir='ltr'><strong>σιν</strong></span> <span class='ocrx_word' id='word_1_255' title='bbox 2414 888 2691 940; x_wconf 78' lang='grc' dir='ltr'>ἀδιάλυτον</span> <span class='ocrx_word' id='word_1_256' title='bbox 2713 889 2848 959; x_wconf 76' lang='grc' dir='ltr'>πρδς</span> <span class='ocrx_word' id='word_1_257' title='bbox 2877 889 3083 959; x_wconf 82' lang='grc' dir='ltr'>ἄλληλα</span> <span class='ocrx_word' id='word_1_258' title='bbox 3103 875 3307 958; x_wconf 83' lang='grc' dir='ltr'>σχέσιν,</span> <span class='ocrx_word' id='word_1_259' title='bbox 3342 888 3436 939; x_wconf 73' lang='grc' dir='ltr'><strong>καὶ</strong></span> <span class='ocrx_word' id='word_1_260' title='bbox 3466 888 3691 957; x_wconf 76' lang='grc' dir='ltr'>θατέρου</span> <span class='ocrx_word' id='word_1_261' title='bbox 3722 892 3838 960; x_wconf 72' lang='grc' dir='ltr'>πρὸς</span> 
     </span>
    </p>
   </div>
   <div class='ocr_carea' id='block_1_38' title="bbox 2305 958 3840 1050">
    <p class='ocr_par' dir='ltr' id='par_1_38' title="bbox 2305 958 3840 1050">
     <span class='ocr_line' id='line_1_38' title="bbox 2305 958 3840 1050; baseline 0.003 -22"><span class='ocrx_word' id='word_1_262' title='bbox 2305 958 2565 1048; x_wconf 78' lang='grc' dir='ltr'>διαμονὴν</span> <span class='ocrx_word' id='word_1_263' title='bbox 2626 958 3081 1050; x_wconf 71' lang='grc' dir='ltr'>συντηρουμένου,</span> <span class='ocrx_word' id='word_1_264' title='bbox 3139 979 3270 1049; x_wconf 77' lang='grc' dir='ltr'>μηδὲ</span> <span class='ocrx_word' id='word_1_265' title='bbox 3327 979 3388 1031; x_wconf 76' lang='grc' dir='ltr'>τὸ</span> <span class='ocrx_word' id='word_1_266' title='bbox 3442 980 3627 1048; x_wconf 70' lang='grc' dir='ltr'>ἕτερον</span> <span class='ocrx_word' id='word_1_267' title='bbox 3660 958 3840 1050; x_wconf 71' lang='grc' dir='ltr'>ταύτης</span> 
     </span>
    </p>
   </div>
   <div class='ocr_carea' id='block_1_39' title="bbox 2309 1064 3839 1140">
    <p class='ocr_par' dir='ltr' id='par_1_39' title="bbox 2309 1064 3839 1140">
     <span class='ocr_line' id='line_1_39' title="bbox 2309 1064 3839 1140; baseline 0.001 -21"><span class='ocrx_word' id='word_1_268' title='bbox 2309 1064 2449 1120; x_wconf 82' lang='grc' dir='ltr'>εἶναι</span> <span class='ocrx_word' id='word_1_269' title='bbox 2476 1071 2574 1137; x_wconf 83' lang='grc' dir='ltr'>τῆς</span> <span class='ocrx_word' id='word_1_270' title='bbox 2600 1069 2846 1138; x_wconf 78' lang='grc' dir='ltr'><strong>φυλακῆς</strong></span> <span class='ocrx_word' id='word_1_271' title='bbox 2898 1070 3199 1140; x_wconf 81' lang='grc' dir='ltr'>ἀλλότριον,</span> <span class='ocrx_word' id='word_1_272' title='bbox 3249 1071 3345 1122; x_wconf 78' lang='grc' dir='ltr'>καὶ</span> <span class='ocrx_word' id='word_1_273' title='bbox 3393 1070 3509 1131; x_wconf 78' lang='grc' dir='ltr'>ἐνὸς</span> <span class='ocrx_word' id='word_1_274' title='bbox 3568 1070 3723 1123; x_wconf 87' lang='grc' dir='ltr'>πάλιν</span> <span class='ocrx_word' id='word_1_275' title='bbox 3756 1071 3839 1137; x_wconf 78' lang='grc' dir='ltr'>τῆς</span> 
     </span>
    </p>
   </div>
   <div class='ocr_carea' id='block_1_40' title="bbox 2311 1149 3871 1239">
    <p class='ocr_par' dir='ltr' id='par_1_40' title="bbox 2311 1149 3871 1239">
     <span class='ocr_line' id='line_1_40' title="bbox 2311 1149 3871 1239; baseline 0.001 -31"><span class='ocrx_word' id='word_1_276' title='bbox 2311 1158 2445 1226; x_wconf 80' lang='grc' dir='ltr'>πρὸς</span> <span class='ocrx_word' id='word_1_277' title='bbox 2480 1158 2740 1228; x_wconf 74' lang='grc' dir='ltr'>διαμονὴν</span> <span class='ocrx_word' id='word_1_278' title='bbox 2778 1160 3023 1230; x_wconf 81' lang='grc' dir='ltr'>φυλακῆς</span> <span class='ocrx_word' id='word_1_279' title='bbox 3056 1160 3432 1222; x_wconf 78' lang='grc' dir='ltr'>διαπίπτοντες</span> <span class='ocrx_word' id='word_1_280' title='bbox 3474 1160 3608 1229; x_wconf 82' lang='grc' dir='ltr'>μηδὲ</span> <span class='ocrx_word' id='word_1_281' title='bbox 3642 1159 3701 1210; x_wconf 78' lang='grc' dir='ltr'>τὸ</span> <span class='ocrx_word' id='word_1_282' title='bbox 3732 1149 3871 1239; x_wconf 41' lang='grc' dir='ltr'>άλῗιιι.</span> 
     </span>
    </p>
   </div>
   <div class='ocr_carea' id='block_1_41' title="bbox 2306 1238 3843 1315">
    <p class='ocr_par' dir='ltr' id='par_1_41' title="bbox 2306 1238 3843 1315">
     <span class='ocr_line' id='line_1_41' title="bbox 2306 1238 3843 1315; baseline 0.001 -20"><span class='ocrx_word' id='word_1_283' title='bbox 2306 1238 2507 1313; x_wconf 78' lang='grc' dir='ltr'>ταύτης</span> <span class='ocrx_word' id='word_1_284' title='bbox 2526 1248 2809 1315; x_wconf 78' lang='grc' dir='ltr'>τυγχάνειν</span> <span class='ocrx_word' id='word_1_285' title='bbox 2830 1246 2977 1314; x_wconf 80' lang='grc' dir='ltr'>λέγει</span> <span class='ocrx_word' id='word_1_286' title='bbox 3006 1247 3315 1304; x_wconf 84' lang='grc' dir='ltr'>ἀκόλουθον.</span> <span class='ocrx_word' id='word_1_287' title='bbox 3342 1246 3549 1310; x_wconf 79' lang='grc' dir='ltr'>’Δλλως</span> <span class='ocrx_word' id='word_1_288' title='bbox 3569 1263 3631 1299; x_wconf 89' lang='grc' dir='ltr'><strong>τε</strong></span> <span class='ocrx_word' id='word_1_289' title='bbox 3650 1245 3702 1298; x_wconf 79' lang='grc' dir='ltr'>δὲ</span> <span class='ocrx_word' id='word_1_290' title='bbox 3718 1246 3843 1297; x_wconf 80' lang='grc' dir='ltr'>κατὰ</span> 
     </span>
    </p>
   </div>
   <div class='ocr_carea' id='block_1_42' title="bbox 2310 1334 3844 1406">
    <p class='ocr_par' dir='ltr' id='par_1_42' title="bbox 2310 1334 3844 1406">
     <span class='ocr_line' id='line_1_42' title="bbox 2310 1334 3844 1406; baseline 0.001 -21"><span class='ocrx_word' id='word_1_291' title='bbox 2310 1336 2455 1403; x_wconf 83' lang='grc' dir='ltr'>τρεῖς</span> <span class='ocrx_word' id='word_1_292' title='bbox 2475 1337 2709 1403; x_wconf 82' lang='grc' dir='ltr'>τρόπους</span> <span class='ocrx_word' id='word_1_293' title='bbox 2737 1336 2797 1388; x_wconf 77' lang='grc' dir='ltr'>τὸ</span> <span class='ocrx_word' id='word_1_294' title='bbox 2827 1337 2904 1406; x_wconf 80' lang='grc' dir='ltr'>μὴ</span> <span class='ocrx_word' id='word_1_295' title='bbox 2934 1337 3148 1390; x_wconf 84' lang='grc' dir='ltr'>πάντων</span> <span class='ocrx_word' id='word_1_296' title='bbox 3164 1336 3272 1388; x_wconf 85' lang='grc' dir='ltr'><strong>τῶν</strong></span> <span class='ocrx_word' id='word_1_297' title='bbox 3303 1337 3472 1389; x_wconf 76' lang='grc' dir='ltr'>ὄντων</span> <span class='ocrx_word' id='word_1_298' title='bbox 3500 1336 3741 1405; x_wconf 70' lang='grc' dir='ltr'>προνοεῖν</span> <span class='ocrx_word' id='word_1_299' title='bbox 3764 1334 3844 1387; x_wconf 64' lang='grc' dir='ltr'>τὸν</span> 
     </span>
    </p>
   </div>
   <div class='ocr_carea' id='block_1_43' title="bbox 2309 1424 3843 1496">
    <p class='ocr_par' dir='ltr' id='par_1_43' title="bbox 2309 1424 3843 1496">
     <span class='ocr_line' id='line_1_43' title="bbox 2309 1424 3843 1496; baseline 0.001 -20"><span class='ocrx_word' id='word_1_300' title='bbox 2309 1424 2439 1477; x_wconf 71' lang='grc' dir='ltr'>Θεὸν</span> <span class='ocrx_word' id='word_1_301' title='bbox 2470 1425 2704 1493; x_wconf 78' lang='grc' dir='ltr'>λέγεται.</span> <span class='ocrx_word' id='word_1_302' title='bbox 2734 1428 2806 1478; x_wconf 86' lang='grc' dir='ltr'><strong>Ἦ</strong></span> <span class='ocrx_word' id='word_1_303' title='bbox 2829 1428 2935 1496; x_wconf 86' lang='grc' dir='ltr'><strong>γὰρ</strong></span> <span class='ocrx_word' id='word_1_304' title='bbox 2956 1427 3171 1493; x_wconf 83' lang='grc' dir='ltr'>ἀγνοεῖν</span> <span class='ocrx_word' id='word_1_305' title='bbox 3196 1427 3357 1481; x_wconf 75' lang='grc' dir='ltr'>αὐτὸν</span> <span class='ocrx_word' id='word_1_306' title='bbox 3376 1426 3592 1495; x_wconf 83' lang='grc' dir='ltr'>λέγουσι</span> <span class='ocrx_word' id='word_1_307' title='bbox 3610 1426 3704 1495; x_wconf 79' lang='grc' dir='ltr'>τῆς</span> <span class='ocrx_word' id='word_1_308' title='bbox 3726 1444 3843 1496; x_wconf 83' lang='grc' dir='ltr'>προ-</span> 
     </span>
    </p>
   </div>
   <div class='ocr_carea' id='block_1_44' title="bbox 2310 1514 3843 1589">
    <p class='ocr_par' dir='ltr' id='par_1_44' title="bbox 2310 1514 3843 1589">
     <span class='ocr_line' id='line_1_44' title="bbox 2310 1514 3843 1589; baseline 0.004 -24"><span class='ocrx_word' id='word_1_309' title='bbox 2310 1514 2453 1577; x_wconf 88' lang='grc' dir='ltr'>νοίας</span> <span class='ocrx_word' id='word_1_310' title='bbox 2478 1515 2573 1584; x_wconf 76' lang='grc' dir='ltr'>τὴν</span> <span class='ocrx_word' id='word_1_311' title='bbox 2608 1515 2847 1585; x_wconf 78' lang='grc' dir='ltr'>μέθοδον,</span> <span class='ocrx_word' id='word_1_312' title='bbox 2879 1517 2912 1586; x_wconf 73' lang='grc' dir='ltr'><strong>ἢ</strong></span> <span class='ocrx_word' id='word_1_313' title='bbox 2947 1518 3023 1587; x_wconf 81' lang='grc' dir='ltr'>μὴ</span> <span class='ocrx_word' id='word_1_314' title='bbox 3053 1517 3359 1587; x_wconf 83' lang='grc' dir='ltr'>βούλεσθαι,</span> <span class='ocrx_word' id='word_1_315' title='bbox 3470 1517 3544 1589; x_wconf 83' lang='grc' dir='ltr'>μὴ</span> <span class='ocrx_word' id='word_1_316' title='bbox 3581 1518 3843 1571; x_wconf 83' lang='grc' dir='ltr'>δύνασθαι.</span> 
     </span>
    </p>
   </div>
   <div class='ocr_carea' id='block_1_45' title="bbox 2323 1603 3846 1674">
    <p class='ocr_par' dir='ltr' id='par_1_45' title="bbox 2323 1603 3846 1674">
     <span class='ocr_line' id='line_1_45' title="bbox 2323 1603 3846 1674; baseline 0.004 -21"><span class='ocrx_word' id='word_1_317' title='bbox 2323 1603 2481 1654; x_wconf 83' lang='grc' dir='ltr'>Ἀλλά</span> <span class='ocrx_word' id='word_1_318' title='bbox 2516 1603 2620 1673; x_wconf 82' lang='grc' dir='ltr'>μὴν</span> <span class='ocrx_word' id='word_1_319' title='bbox 2656 1605 2797 1658; x_wconf 78' lang='grc' dir='ltr'>κατὰ</span> <span class='ocrx_word' id='word_1_320' title='bbox 2829 1604 2928 1668; x_wconf 79' lang='grc' dir='ltr'>τὰς</span> <span class='ocrx_word' id='word_1_321' title='bbox 2971 1605 3154 1669; x_wconf 81' lang='grc' dir='ltr'>κοινὰς</span> <span class='ocrx_word' id='word_1_322' title='bbox 3182 1605 3399 1658; x_wconf 84' lang='grc' dir='ltr'>πάντων</span> <span class='ocrx_word' id='word_1_323' title='bbox 3431 1605 3637 1667; x_wconf 75' lang='grc' dir='ltr'>ἑννοίας</span> <span class='ocrx_word' id='word_1_324' title='bbox 3661 1604 3846 1674; x_wconf 72' lang='grc' dir='ltr'>ἀγαθὸς</span> 
     </span>
    </p>
   </div>
   <div class='ocr_carea' id='block_1_46' title="bbox 2313 1692 3848 1765">
    <p class='ocr_par' dir='ltr' id='par_1_46' title="bbox 2313 1692 3848 1765">
     <span class='ocr_line' id='line_1_46' title="bbox 2313 1692 3848 1765; baseline 0.004 -23"><span class='ocrx_word' id='word_1_325' title='bbox 2313 1692 2389 1742; x_wconf 77' lang='grc' dir='ltr'>ὢν</span> <span class='ocrx_word' id='word_1_326' title='bbox 2423 1695 2515 1745; x_wconf 75' lang='grc' dir='ltr'>καὶ</span> <span class='ocrx_word' id='word_1_327' title='bbox 2541 1695 2884 1764; x_wconf 84' lang='grc' dir='ltr'>ὺπεράγαθος</span> <span class='ocrx_word' id='word_1_328' title='bbox 2908 1699 2937 1748; x_wconf 89' lang='grc' dir='ltr'><strong>ὁ</strong></span> <span class='ocrx_word' id='word_1_329' title='bbox 2966 1695 3098 1759; x_wconf 74' lang='grc' dir='ltr'>Θεὸς</span> <span class='ocrx_word' id='word_1_330' title='bbox 3122 1697 3209 1749; x_wconf 78' lang='grc' dir='ltr'><strong>ἀεὶ</strong></span> <span class='ocrx_word' id='word_1_331' title='bbox 3244 1696 3459 1758; x_wconf 83' lang='grc' dir='ltr'>πάντως</span> <span class='ocrx_word' id='word_1_332' title='bbox 3485 1696 3554 1748; x_wconf 86' lang='grc' dir='ltr'><strong>τά</strong></span> <span class='ocrx_word' id='word_1_333' title='bbox 3585 1696 3721 1748; x_wconf 73' lang='grc' dir='ltr'>καλά</span> <span class='ocrx_word' id='word_1_334' title='bbox 3740 1695 3848 1765; x_wconf 72' lang='grc' dir='ltr'><strong>βού-</strong></span> 
     </span>
    </p>
   </div>
   <div class='ocr_carea' id='block_1_47' title="bbox 2312 1767 3844 1854">
    <p class='ocr_par' dir='ltr' id='par_1_47' title="bbox 2312 1767 3844 1854">
     <span class='ocr_line' id='line_1_47' title="bbox 2312 1767 3844 1854; baseline 0.008 -22"><span class='ocrx_word' id='word_1_335' title='bbox 2312 1782 2461 1833; x_wconf 84' lang='grc' dir='ltr'>λεται</span> <span class='ocrx_word' id='word_1_336' title='bbox 2493 1767 2583 1832; x_wconf 64' lang='grc' dir='ltr'><strong>καί</strong></span> <span class='ocrx_word' id='word_1_337' title='bbox 2614 1785 2773 1847; x_wconf 81' lang='grc' dir='ltr'>πᾶσι,</span> <span class='ocrx_word' id='word_1_338' title='bbox 2806 1785 2902 1837; x_wconf 79' lang='grc' dir='ltr'>καὶ</span> <span class='ocrx_word' id='word_1_339' title='bbox 2931 1780 3090 1850; x_wconf 81' lang='grc' dir='ltr'>σοφὸς</span> <span class='ocrx_word' id='word_1_340' title='bbox 3122 1783 3385 1854; x_wconf 78' lang='grc' dir='ltr'><strong>ὑπάρχων</strong></span> <span class='ocrx_word' id='word_1_341' title='bbox 3416 1785 3509 1836; x_wconf 80' lang='grc' dir='ltr'><strong>καὶ</strong></span> <span class='ocrx_word' id='word_1_342' title='bbox 3534 1778 3844 1852; x_wconf 71' lang='grc' dir='ltr'>ὑπέρσοφοςο</span> 
     </span>
    </p>
   </div>
   <div class='ocr_carea' id='block_1_48' title="bbox 2317 1872 3848 1943">
    <p class='ocr_par' dir='ltr' id='par_1_48' title="bbox 2317 1872 3848 1943">
     <span class='ocr_line' id='line_1_48' title="bbox 2317 1872 3848 1943; baseline 0.001 -19"><span class='ocrx_word' id='word_1_343' title='bbox 2317 1873 2511 1943; x_wconf 72' lang='grc' dir='ltr'>μᾶλλον</span> <span class='ocrx_word' id='word_1_344' title='bbox 2539 1872 2601 1923; x_wconf 70' lang='grc' dir='ltr'><strong>δὲ,</strong></span> <span class='ocrx_word' id='word_1_345' title='bbox 2626 1872 2805 1940; x_wconf 81' lang='grc' dir='ltr'><strong>πάσης</strong></span> <span class='ocrx_word' id='word_1_346' title='bbox 2843 1872 3033 1940; x_wconf 78' lang='grc' dir='ltr'>σοφίας</span> <span class='ocrx_word' id='word_1_347' title='bbox 3068 1872 3238 1941; x_wconf 84' lang='grc' dir='ltr'>πηγὴ,</span> <span class='ocrx_word' id='word_1_348' title='bbox 3263 1872 3519 1937; x_wconf 72' lang='grc' dir='ltr'>γινώσκει</span> <span class='ocrx_word' id='word_1_349' title='bbox 3553 1872 3761 1934; x_wconf 82' lang='grc' dir='ltr'>πάντως</span> <span class='ocrx_word' id='word_1_350' title='bbox 3785 1872 3848 1925; x_wconf 72' lang='grc' dir='ltr'>τὸ</span> 
     </span>
    </p>
   </div>
   <div class='ocr_carea' id='block_1_49' title="bbox 2314 1958 3847 2031">
    <p class='ocr_par' dir='ltr' id='par_1_49' title="bbox 2314 1958 3847 2031">
     <span class='ocr_line' id='line_1_49' title="bbox 2314 1958 3847 2031; baseline -0.001 -19"><span class='ocrx_word' id='word_1_351' title='bbox 2314 1960 2680 2031; x_wconf 80' lang='grc' dir='ltr'>συμφέροντα,</span> <span class='ocrx_word' id='word_1_352' title='bbox 2708 1959 2891 2031; x_wconf 64' lang='grc'><strong>(174</strong></span> <span class='ocrx_word' id='word_1_353' title='bbox 2918 1960 2968 2030; x_wconf 86' lang='lat' dir='ltr'><strong>b)</strong></span> <span class='ocrx_word' id='word_1_354' title='bbox 3006 1961 3102 2012; x_wconf 69' lang='lat' dir='ltr'><strong>xci.</strong></span> <span class='ocrx_word' id='word_1_355' title='bbox 3146 1960 3365 2021; x_wconf 74' lang='grc' dir='ltr'>δυνατὸς</span> <span class='ocrx_word' id='word_1_356' title='bbox 3416 1958 3513 2021; x_wconf 85' lang='grc' dir='ltr'>ὣν,</span> <span class='ocrx_word' id='word_1_357' title='bbox 3560 1960 3750 2027; x_wconf 80' lang='grc' dir='ltr'>μᾶλλον</span> <span class='ocrx_word' id='word_1_358' title='bbox 3795 1959 3847 2010; x_wconf 66' lang='grc' dir='ltr'>δὲ</span> 
     </span>
    </p>
   </div>
   <div class='ocr_carea' id='block_1_50' title="bbox 2310 2048 3847 2120">
    <p class='ocr_par' dir='ltr' id='par_1_50' title="bbox 2310 2048 3847 2120">
     <span class='ocr_line' id='line_1_50' title="bbox 2310 2048 3847 2120; baseline -0.003 -17"><span class='ocrx_word' id='word_1_359' title='bbox 2310 2050 2758 2120; x_wconf 75' lang='grc' dir='ltr'>άπειροδύναμος,</span> <span class='ocrx_word' id='word_1_360' title='bbox 2796 2051 3007 2118; x_wconf 76' lang='grc' dir='ltr'>ἐνεργεῖ</span> <span class='ocrx_word' id='word_1_361' title='bbox 3043 2050 3256 2112; x_wconf 85' lang='grc' dir='ltr'>πάντως</span> <span class='ocrx_word' id='word_1_362' title='bbox 3284 2048 3604 2118; x_wconf 78' lang='grc' dir='ltr'>θεοπρεπῶς</span> <span class='ocrx_word' id='word_1_363' title='bbox 3641 2050 3697 2100; x_wconf 84' lang='grc' dir='ltr'>ὲν</span> <span class='ocrx_word' id='word_1_364' title='bbox 3724 2050 3847 2101; x_wconf 80' lang='grc' dir='ltr'>πᾶσι</span> 
     </span>
    </p>
   </div>
   <div class='ocr_carea' id='block_1_51' title="bbox 2307 2138 3850 2211">
    <p class='ocr_par' dir='ltr' id='par_1_51' title="bbox 2307 2138 3850 2211">
     <span class='ocr_line' id='line_1_51' title="bbox 2307 2138 3850 2211; baseline -0.001 -20"><span class='ocrx_word' id='word_1_365' title='bbox 2307 2142 2374 2194; x_wconf 79' lang='grc' dir='ltr'><strong>τά</strong></span> <span class='ocrx_word' id='word_1_366' title='bbox 2406 2141 2725 2211; x_wconf 79' lang='grc' dir='ltr'><strong>ἐγνωσμένα</strong></span> <span class='ocrx_word' id='word_1_367' title='bbox 2748 2140 2898 2211; x_wconf 83' lang='grc' dir='ltr'>αὐτῷ</span> <span class='ocrx_word' id='word_1_368' title='bbox 2934 2140 3028 2196; x_wconf 68' lang='grc' dir='ltr'>καὶ</span> <span class='ocrx_word' id='word_1_369' title='bbox 3060 2138 3429 2210; x_wconf 79' lang='grc' dir='ltr'>βεϐουλημένα</span> <span class='ocrx_word' id='word_1_370' title='bbox 3455 2138 3636 2200; x_wconf 86' lang='grc' dir='ltr'>καλῶς</span> <span class='ocrx_word' id='word_1_371' title='bbox 3676 2138 3715 2168; x_wconf 78' lang='grc'><strong>³⁸</strong></span> <span class='ocrx_word' id='word_1_372' title='bbox 3760 2138 3850 2189; x_wconf 79' lang='grc' dir='ltr'>καὶ</span> 
     </span>
    </p>
   </div>
   <div class='ocr_carea' id='block_1_52' title="bbox 2311 2226 3848 2300">
    <p class='ocr_par' dir='ltr' id='par_1_52' title="bbox 2311 2226 3848 2300">
     <span class='ocr_line' id='line_1_52' title="bbox 2311 2226 3848 2300; baseline -0.003 -18"><span class='ocrx_word' id='word_1_373' title='bbox 2311 2231 2676 2300; x_wconf 72' lang='grc' dir='ltr'>συμφέροντα,</span> <span class='ocrx_word' id='word_1_374' title='bbox 2724 2229 2798 2293; x_wconf 87' lang='grc' dir='ltr'>ὼς</span> <span class='ocrx_word' id='word_1_375' title='bbox 2848 2230 3047 2297; x_wconf 84' lang='grc' dir='ltr'>ἀγαθὸς</span> <span class='ocrx_word' id='word_1_376' title='bbox 3078 2231 3170 2281; x_wconf 77' lang='grc' dir='ltr'>καὶ</span> <span class='ocrx_word' id='word_1_377' title='bbox 3194 2227 3358 2295; x_wconf 75' lang='grc' dir='ltr'>σοφὸς</span> <span class='ocrx_word' id='word_1_378' title='bbox 3383 2228 3479 2280; x_wconf 79' lang='grc' dir='ltr'>καὶ</span> <span class='ocrx_word' id='word_1_379' title='bbox 3506 2226 3746 2289; x_wconf 81' lang='grc' dir='ltr'>δυνατὸς,</span> <span class='ocrx_word' id='word_1_380' title='bbox 3772 2226 3848 2277; x_wconf 66' lang='grc' dir='ltr'>δια</span> 
     </span>
    </p>
   </div>
   <div class='ocr_carea' id='block_1_53' title="bbox 2309 2319 3847 2393">
    <p class='ocr_par' dir='ltr' id='par_1_53' title="bbox 2309 2319 3847 2393">
     <span class='ocr_line' id='line_1_53' title="bbox 2309 2319 3847 2393; baseline -0.003 -17"><span class='ocrx_word' id='word_1_381' title='bbox 2309 2325 2455 2377; x_wconf 85' lang='grc' dir='ltr'>ικνού</span> <span class='ocrx_word' id='word_1_382' title='bbox 2464 2340 2620 2391; x_wconf 81' lang='grc' dir='ltr'>μενος</span> <span class='ocrx_word' id='word_1_383' title='bbox 2650 2323 2741 2375; x_wconf 86' lang='grc' dir='ltr'>διὰ</span> <span class='ocrx_word' id='word_1_384' title='bbox 2765 2324 2980 2376; x_wconf 84' lang='grc' dir='ltr'>πάντων</span> <span class='ocrx_word' id='word_1_385' title='bbox 3004 2323 3113 2377; x_wconf 73' lang='grc' dir='ltr'><strong>τῶν</strong></span> <span class='ocrx_word' id='word_1_386' title='bbox 3133 2339 3192 2373; x_wconf 89' lang='grc' dir='ltr'><strong>τε</strong></span> <span class='ocrx_word' id='word_1_387' title='bbox 3215 2320 3422 2393; x_wconf 83' lang='grc' dir='ltr'>ὁρατῶν</span> <span class='ocrx_word' id='word_1_388' title='bbox 3444 2319 3666 2373; x_wconf 75' lang='grc' dir='ltr'>καὶτῶν</span> <span class='ocrx_word' id='word_1_389' title='bbox 3693 2320 3847 2389; x_wconf 79' lang='grc' dir='ltr'>ἀορά-</span> 
     </span>
    </p>
   </div>
   <div class='ocr_carea' id='block_1_54' title="bbox 2307 2411 3846 2480">
    <p class='ocr_par' dir='ltr' id='par_1_54' title="bbox 2307 2411 3846 2480">
     <span class='ocr_line' id='line_1_54' title="bbox 2307 2411 3846 2480; baseline -0.003 -15"><span class='ocrx_word' id='word_1_390' title='bbox 2307 2428 2433 2476; x_wconf 80' lang='grc' dir='ltr'>των,</span> <span class='ocrx_word' id='word_1_391' title='bbox 2470 2415 2563 2465; x_wconf 71' lang='grc' dir='ltr'>καὶ</span> <span class='ocrx_word' id='word_1_392' title='bbox 2586 2414 2697 2477; x_wconf 63' lang='grc' dir='ltr'><strong>τῶν</strong></span> <span class='ocrx_word' id='word_1_393' title='bbox 2723 2414 2948 2466; x_wconf 82' lang='grc' dir='ltr'>καθόλου</span> <span class='ocrx_word' id='word_1_394' title='bbox 2982 2414 3075 2465; x_wconf 74' lang='grc' dir='ltr'>καὶ</span> <span class='ocrx_word' id='word_1_395' title='bbox 3100 2411 3208 2465; x_wconf 86' lang='grc' dir='ltr'><strong>τῶν</strong></span> <span class='ocrx_word' id='word_1_396' title='bbox 3234 2411 3492 2480; x_wconf 84' lang='grc' dir='ltr'>μερικῶν,</span> <span class='ocrx_word' id='word_1_397' title='bbox 3517 2411 3610 2463; x_wconf 71' lang='grc' dir='ltr'>καὶ</span> <span class='ocrx_word' id='word_1_398' title='bbox 3636 2412 3739 2462; x_wconf 84' lang='grc' dir='ltr'><strong>τῶν</strong></span> <span class='ocrx_word' id='word_1_399' title='bbox 3760 2429 3846 2480; x_wconf 85' lang='grc' dir='ltr'>μι-</span> 
     </span>
    </p>
   </div>
   <div class='ocr_carea' id='block_1_55' title="bbox 2306 2501 3848 2572">
    <p class='ocr_par' dir='ltr' id='par_1_55' title="bbox 2306 2501 3848 2572">
     <span class='ocr_line' id='line_1_55' title="bbox 2306 2501 3848 2572; baseline -0.001 -18"><span class='ocrx_word' id='word_1_400' title='bbox 2306 2502 2454 2571; x_wconf 85' lang='grc' dir='ltr'>κρῶν</span> <span class='ocrx_word' id='word_1_401' title='bbox 2504 2504 2598 2555; x_wconf 80' lang='grc' dir='ltr'>καὶ</span> <span class='ocrx_word' id='word_1_402' title='bbox 2652 2504 2759 2555; x_wconf 88' lang='grc' dir='ltr'><strong>τῶν</strong></span> <span class='ocrx_word' id='word_1_403' title='bbox 2824 2502 3093 2572; x_wconf 82' lang='grc' dir='ltr'><strong>μεγάλων,</strong></span> <span class='ocrx_word' id='word_1_404' title='bbox 3147 2501 3243 2553; x_wconf 78' lang='grc' dir='ltr'>καὶ</span> <span class='ocrx_word' id='word_1_405' title='bbox 3297 2502 3515 2553; x_wconf 86' lang='grc' dir='ltr'>πάντων</span> <span class='ocrx_word' id='word_1_406' title='bbox 3561 2501 3668 2553; x_wconf 87' lang='grc' dir='ltr'><strong>τῶν</strong></span> <span class='ocrx_word' id='word_1_407' title='bbox 3715 2502 3848 2553; x_wconf 80' lang='grc' dir='ltr'>κατὰ</span> 
     </span>
    </p>
   </div>
   <div class='ocr_carea' id='block_1_56' title="bbox 2306 2585 3847 2664">
    <p class='ocr_par' dir='ltr' id='par_1_56' title="bbox 2306 2585 3847 2664">
     <span class='ocr_line' id='line_1_56' title="bbox 2306 2585 3847 2664; baseline -0.003 -19"><span class='ocrx_word' id='word_1_408' title='bbox 2306 2595 2485 2646; x_wconf 81' lang='grc' dir='ltr'>πᾶσαν</span> <span class='ocrx_word' id='word_1_409' title='bbox 2508 2594 2603 2664; x_wconf 80' lang='grc' dir='ltr'>τὴν</span> <span class='ocrx_word' id='word_1_410' title='bbox 2628 2593 2840 2646; x_wconf 74' lang='grc' dir='ltr'>οίανοῦν</span> <span class='ocrx_word' id='word_1_411' title='bbox 2864 2594 3049 2646; x_wconf 81' lang='grc' dir='ltr'>οὐσίαν</span> <span class='ocrx_word' id='word_1_412' title='bbox 3084 2592 3146 2643; x_wconf 85' lang='grc' dir='ltr'>τὸ</span> <span class='ocrx_word' id='word_1_413' title='bbox 3198 2585 3339 2643; x_wconf 84' lang='grc' dir='ltr'>εἶναι</span> <span class='ocrx_word' id='word_1_414' title='bbox 3392 2591 3643 2657; x_wconf 73' lang='grc' dir='ltr'>ἑχόντων,</span> <span class='ocrx_word' id='word_1_415' title='bbox 3691 2590 3847 2658; x_wconf 77' lang='grc' dir='ltr'>μηδὲν</span> 
     </span>
    </p>
   </div>
   <div class='ocr_carea' id='block_1_57' title="bbox 2304 2681 3845 2754">
    <p class='ocr_par' dir='ltr' id='par_1_57' title="bbox 2304 2681 3845 2754">
     <span class='ocr_line' id='line_1_57' title="bbox 2304 2681 3845 2754; baseline -0.004 -17"><span class='ocrx_word' id='word_1_416' title='bbox 2304 2687 2479 2754; x_wconf 74' lang='grc' dir='ltr'>ὐφιεὶς</span> <span class='ocrx_word' id='word_1_417' title='bbox 2504 2685 2601 2754; x_wconf 83' lang='grc' dir='ltr'>τῆς</span> <span class='ocrx_word' id='word_1_418' title='bbox 2623 2686 2764 2737; x_wconf 85' lang='grc' dir='ltr'><strong>κατά</strong></span> <span class='ocrx_word' id='word_1_419' title='bbox 2789 2684 2887 2753; x_wconf 80' lang='grc' dir='ltr'>τὴν</span> <span class='ocrx_word' id='word_1_420' title='bbox 2910 2682 3224 2751; x_wconf 87' lang='grc' dir='ltr'>ἀγαθότητα</span> <span class='ocrx_word' id='word_1_421' title='bbox 3250 2683 3344 2735; x_wconf 73' lang='grc' dir='ltr'>καὶ</span> <span class='ocrx_word' id='word_1_422' title='bbox 3380 2681 3479 2753; x_wconf 82' lang='grc' dir='ltr'>τὴν</span> <span class='ocrx_word' id='word_1_423' title='bbox 3522 2681 3713 2748; x_wconf 79' lang='grc' dir='ltr'>σοφίαν</span> <span class='ocrx_word' id='word_1_424' title='bbox 3757 2682 3845 2733; x_wconf 80' lang='grc' dir='ltr'>καὶ</span> 
     </span>
    </p>
   </div>
   <div class='ocr_carea' id='block_1_58' title="bbox 2301 2765 3847 2846">
    <p class='ocr_par' dir='ltr' id='par_1_58' title="bbox 2301 2765 3847 2846">
     <span class='ocr_line' id='line_1_58' title="bbox 2301 2765 3847 2846; baseline -0.005 -16"><span class='ocrx_word' id='word_1_425' title='bbox 2301 2777 2399 2846; x_wconf 87' lang='grc' dir='ltr'>τὴν</span> <span class='ocrx_word' id='word_1_426' title='bbox 2417 2776 2646 2845; x_wconf 86' lang='grc' dir='ltr'>δύναμιν</span> <span class='ocrx_word' id='word_1_427' title='bbox 2676 2775 2957 2845; x_wconf 75' lang='grc' dir='ltr'>ἀπειρίας,</span> <span class='ocrx_word' id='word_1_428' title='bbox 2981 2765 3075 2827; x_wconf 82' lang='grc' dir='ltr'><strong>κάὶ</strong></span> <span class='ocrx_word' id='word_1_429' title='bbox 3095 2774 3271 2825; x_wconf 83' lang='grc' dir='ltr'>πάντα</span> <span class='ocrx_word' id='word_1_430' title='bbox 3299 2772 3438 2824; x_wconf 82' lang='grc' dir='ltr'>κατὰ</span> <span class='ocrx_word' id='word_1_431' title='bbox 3474 2772 3568 2824; x_wconf 84' lang='grc' dir='ltr'>τὸν</span> <span class='ocrx_word' id='word_1_432' title='bbox 3612 2772 3847 2827; x_wconf 69' lang='grc' dir='ltr'>ἑκάστων</span> 
     </span>
    </p>
   </div>
   <div class='ocr_carea' id='block_1_59' title="bbox 2300 2865 3847 2938">
    <p class='ocr_par' dir='ltr' id='par_1_59' title="bbox 2300 2865 3847 2938">
     <span class='ocr_line' id='line_1_59' title="bbox 2300 2865 3847 2938; baseline -0.004 -17"><span class='ocrx_word' id='word_1_433' title='bbox 2300 2870 2392 2921; x_wconf 82' lang='grc' dir='ltr'>τοῦ</span> <span class='ocrx_word' id='word_1_434' title='bbox 2420 2866 2557 2922; x_wconf 80' lang='grc' dir='ltr'>εἶναι</span> <span class='ocrx_word' id='word_1_435' title='bbox 2585 2870 2740 2936; x_wconf 80' lang='grc' dir='ltr'>λόγον</span> <span class='ocrx_word' id='word_1_436' title='bbox 2775 2869 2908 2938; x_wconf 84' lang='grc' dir='ltr'>πρός</span> <span class='ocrx_word' id='word_1_437' title='bbox 2936 2885 2992 2921; x_wconf 88' lang='grc' dir='ltr'><strong>τε</strong></span> <span class='ocrx_word' id='word_1_438' title='bbox 3024 2867 3192 2923; x_wconf 79' lang='grc' dir='ltr'>ἑαυτὰ</span> <span class='ocrx_word' id='word_1_439' title='bbox 3225 2867 3319 2921; x_wconf 76' lang='grc' dir='ltr'><strong>καὶ</strong></span> <span class='ocrx_word' id='word_1_440' title='bbox 3354 2865 3557 2935; x_wconf 75' lang='grc' dir='ltr'>ἄλληλα</span> <span class='ocrx_word' id='word_1_441' title='bbox 3588 2865 3725 2917; x_wconf 79' lang='grc' dir='ltr'>κατά</span> <span class='ocrx_word' id='word_1_442' title='bbox 3748 2867 3847 2924; x_wconf 75' lang='grc' dir='ltr'>τὴν</span> 
     </span>
    </p>
   </div>
   <div class='ocr_carea' id='block_1_60' title="bbox 2300 2954 3847 3029">
    <p class='ocr_par' dir='ltr' id='par_1_60' title="bbox 2300 2954 3847 3029">
     <span class='ocr_line' id='line_1_60' title="bbox 2300 2954 3847 3029; baseline -0.005 -16"><span class='ocrx_word' id='word_1_443' title='bbox 2300 2960 2583 3013; x_wconf 81' lang='grc' dir='ltr'>ἀδιάλυτον</span> <span class='ocrx_word' id='word_1_444' title='bbox 2612 2960 2827 3013; x_wconf 86' lang='grc' dir='ltr'>πάντων</span> <span class='ocrx_word' id='word_1_445' title='bbox 2866 2958 3122 3029; x_wconf 82' lang='grc' dir='ltr'>σχετικὴν</span> <span class='ocrx_word' id='word_1_446' title='bbox 3147 2957 3408 3027; x_wconf 81' lang='grc' dir='ltr'>ἁρμονίαν</span> <span class='ocrx_word' id='word_1_447' title='bbox 3448 2973 3508 3007; x_wconf 90' lang='grc' dir='ltr'><strong>τε</strong></span> <span class='ocrx_word' id='word_1_448' title='bbox 3541 2956 3632 3007; x_wconf 74' lang='grc' dir='ltr'>καὶ</span> <span class='ocrx_word' id='word_1_449' title='bbox 3672 2954 3847 3022; x_wconf 83' lang='grc' dir='ltr'>διαμο-</span> 
     </span>
    </p>
   </div>
   <div class='ocr_carea' id='block_1_61' title="bbox 2299 3046 3845 3120">
    <p class='ocr_par' dir='ltr' id='par_1_61' title="bbox 2299 3046 3845 3120">
     <span class='ocr_line' id='line_1_61' title="bbox 2299 3046 3845 3120; baseline -0.004 -17"><span class='ocrx_word' id='word_1_450' title='bbox 2299 3053 2396 3119; x_wconf 86' lang='grc' dir='ltr'>νὴν</span> <span class='ocrx_word' id='word_1_451' title='bbox 2430 3051 2729 3120; x_wconf 88' lang='grc' dir='ltr'>συντηρῶν.</span> <span class='ocrx_word' id='word_1_452' title='bbox 2755 3050 2821 3102; x_wconf 89' lang='grc' dir='ltr'>Τί</span> <span class='ocrx_word' id='word_1_453' title='bbox 2852 3048 2928 3113; x_wconf 80' lang='grc' dir='ltr'>δὲ,</span> <span class='ocrx_word' id='word_1_454' title='bbox 2960 3047 3133 3119; x_wconf 79' lang='grc' dir='ltr'>αὐτὴν</span> <span class='ocrx_word' id='word_1_455' title='bbox 3161 3046 3285 3101; x_wconf 85' lang='grc' dir='ltr'>καθ’</span> <span class='ocrx_word' id='word_1_456' title='bbox 3319 3046 3523 3119; x_wconf 77' lang='grc' dir='ltr'>ἑαυτὴν</span> <span class='ocrx_word' id='word_1_457' title='bbox 3566 3046 3626 3096; x_wconf 80' lang='grc' dir='ltr'>οὐ</span> <span class='ocrx_word' id='word_1_458' title='bbox 3679 3060 3845 3097; x_wconf 78' lang='grc' dir='ltr'>κατα-</span> 
     </span>
    </p>
   </div>
   <div class='ocr_carea' id='block_1_62' title="bbox 649 3123 2204 3212">
    <p class='ocr_par' dir='ltr' id='par_1_62' title="bbox 649 3126 2200 3203">
     <span class='ocr_line' id='line_1_62' title="bbox 649 3126 2200 3203; baseline 0.007 -26"><span class='ocrx_word' id='word_1_459' title='bbox 649 3127 742 3188; x_wconf 90' lang='lat' dir='ltr'><strong>sit,</strong></span> <span class='ocrx_word' id='word_1_460' title='bbox 782 3126 897 3194; x_wconf 86' lang='lat' dir='ltr'><strong>ipsa</strong></span> <span class='ocrx_word' id='word_1_461' title='bbox 947 3136 1142 3180; x_wconf 89' lang='lat' dir='ltr'><strong>natura</strong></span> <span class='ocrx_word' id='word_1_462' title='bbox 1192 3130 1336 3182; x_wconf 88' lang='lat' dir='ltr'><strong>haud</strong></span> <span class='ocrx_word' id='word_1_463' title='bbox 1381 3132 1635 3203; x_wconf 72' lang='lat' dir='ltr'><strong>exiguum</strong></span> <span class='ocrx_word' id='word_1_464' title='bbox 1667 3132 1871 3200; x_wconf 67' lang='lat' dir='ltr'><strong>praebet</strong></span> <span class='ocrx_word' id='word_1_465' title='bbox 1905 3135 2200 3190; x_wconf 84' lang='lat' dir='ltr'><strong>documen-</strong></span> 
     </span>
    </p>
   </div>
   <div class='ocr_carea' id='block_1_63' title="bbox 2302 3123 3845 3212">
    <p class='ocr_par' dir='ltr' id='par_1_63' title="bbox 2302 3123 3845 3212">
     <span class='ocr_line' id='line_1_63' title="bbox 2302 3123 3845 3212; baseline -0.007 -16"><span class='ocrx_word' id='word_1_466' title='bbox 2302 3145 2527 3211; x_wconf 82' lang='grc' dir='ltr'>νοοῦμεν</span> <span class='ocrx_word' id='word_1_467' title='bbox 2559 3142 2657 3212; x_wconf 83' lang='grc' dir='ltr'>τὴν</span> <span class='ocrx_word' id='word_1_468' title='bbox 2686 3141 2847 3208; x_wconf 78' lang='grc' dir='ltr'>φύσιν</span> <span class='ocrx_word' id='word_1_469' title='bbox 2868 3139 2996 3207; x_wconf 76' lang='grc' dir='ltr'>περὶ</span> <span class='ocrx_word' id='word_1_470' title='bbox 3022 3137 3114 3190; x_wconf 83' lang='grc' dir='ltr'>τοῦ</span> <span class='ocrx_word' id='word_1_471' title='bbox 3136 3133 3277 3188; x_wconf 72' lang='grc' dir='ltr'>εἶναι</span> <span class='ocrx_word' id='word_1_472' title='bbox 3303 3123 3405 3204; x_wconf 76' lang='grc' dir='ltr'>τὴν</span> <span class='ocrx_word' id='word_1_473' title='bbox 3432 3134 3525 3185; x_wconf 67' lang='grc' dir='ltr'><strong>ἐπὶ</strong></span> <span class='ocrx_word' id='word_1_474' title='bbox 3547 3131 3724 3185; x_wconf 81' lang='grc' dir='ltr'>πάντα</span> <span class='ocrx_word' id='word_1_475' title='bbox 3752 3132 3845 3185; x_wconf 78' lang='grc' dir='ltr'>τοῦ</span> 
     </span>
    </p>
   </div>
   <div class='ocr_carea' id='block_1_64' title="bbox 649 3216 2204 3300">
    <p class='ocr_par' dir='ltr' id='par_1_64' title="bbox 649 3216 2198 3287">
     <span class='ocr_line' id='line_1_64' title="bbox 649 3216 2198 3287; baseline 0.007 -20"><span class='ocrx_word' id='word_1_476' title='bbox 649 3223 787 3278; x_wconf 87' lang='lat' dir='ltr'><strong>tum,</strong></span> <span class='ocrx_word' id='word_1_477' title='bbox 833 3216 1053 3284; x_wconf 79' lang='lat' dir='ltr'><strong>quando</strong></span> <span class='ocrx_word' id='word_1_478' title='bbox 1069 3232 1181 3270; x_wconf 90' lang='lat' dir='ltr'><strong>.nos</strong></span> <span class='ocrx_word' id='word_1_479' title='bbox 1211 3218 1360 3271; x_wconf 89' lang='lat' dir='ltr'><strong>nulla</strong></span> <span class='ocrx_word' id='word_1_480' title='bbox 1403 3219 1602 3287; x_wconf 68' lang='lat' dir='ltr'><strong>praavia</strong></span> <span class='ocrx_word' id='word_1_481' title='bbox 1650 3220 1992 3275; x_wconf 85' lang='lat' dir='ltr'><strong>institutione</strong></span> <span class='ocrx_word' id='word_1_482' title='bbox 2033 3224 2198 3278; x_wconf 86' lang='lat' dir='ltr'><strong>veluti</strong></span> 
     </span>
    </p>
   </div>
   <div class='ocr_carea' id='block_1_65' title="bbox 2302 3216 3845 3300">
    <p class='ocr_par' dir='ltr' id='par_1_65' title="bbox 2302 3221 3845 3300">
     <span class='ocr_line' id='line_1_65' title="bbox 2302 3221 3845 3300; baseline -0.006 -17"><span class='ocrx_word' id='word_1_483' title='bbox 2302 3232 2431 3283; x_wconf 78' lang='grc' dir='ltr'>Θεοῦ</span> <span class='ocrx_word' id='word_1_484' title='bbox 2459 3230 2719 3300; x_wconf 83' lang='grc' dir='ltr'>πρόνοιαν</span> <span class='ocrx_word' id='word_1_485' title='bbox 2748 3228 2932 3296; x_wconf 81' lang='grc' dir='ltr'>σαφῶς</span> <span class='ocrx_word' id='word_1_486' title='bbox 2958 3222 3121 3281; x_wconf 79' lang='grc' dir='ltr'>οὖσαν</span> <span class='ocrx_word' id='word_1_487' title='bbox 3144 3223 3507 3289; x_wconf 73' lang='grc' dir='ltr'>διδάσκαλονς</span> <span class='ocrx_word' id='word_1_488' title='bbox 3538 3221 3845 3292; x_wconf 77' lang='grc' dir='ltr'>Τεκμήριον</span> 
     </span>
    </p>
   </div>
   <div class='ocr_carea' id='block_1_66' title="bbox 648 3300 2204 3388">
    <p class='ocr_par' dir='ltr' id='par_1_66' title="bbox 648 3300 2201 3377">
     <span class='ocr_line' id='line_1_66' title="bbox 648 3300 2201 3377; baseline 0.006 -19"><span class='ocrx_word' id='word_1_489' title='bbox 648 3307 974 3373; x_wconf 87' lang='lat' dir='ltr'><strong>propulsans</strong></span> <span class='ocrx_word' id='word_1_490' title='bbox 1006 3307 1072 3361; x_wconf 88' lang='lat' dir='ltr'><strong>ad</strong></span> <span class='ocrx_word' id='word_1_491' title='bbox 1104 3308 1273 3362; x_wconf 88' lang='lat' dir='ltr'><strong>Deum</strong></span> <span class='ocrx_word' id='word_1_492' title='bbox 1300 3322 1398 3377; x_wconf 88' lang='lat' dir='ltr'><strong>per</strong></span> <span class='ocrx_word' id='word_1_493' title='bbox 1426 3324 1619 3377; x_wconf 90' lang='lat' dir='ltr'><strong>preces</strong></span> <span class='ocrx_word' id='word_1_494' title='bbox 1656 3310 1713 3363; x_wconf 90' lang='lat' dir='ltr'><strong>in</strong></span> <span class='ocrx_word' id='word_1_495' title='bbox 1738 3312 1947 3366; x_wconf 81' lang='lat' dir='ltr'><strong>subitis</strong></span> <span class='ocrx_word' id='word_1_496' title='bbox 1987 3300 2201 3375; x_wconf 82' lang='lat' dir='ltr'><strong>casibus</strong></span> 
     </span>
    </p>
   </div>
   <div class='ocr_carea' id='block_1_67' title="bbox 2302 3300 3845 3388">
    <p class='ocr_par' dir='ltr' id='par_1_67' title="bbox 2302 3310 3845 3388">
     <span class='ocr_line' id='line_1_67' title="bbox 2302 3310 3845 3388; baseline -0.006 -16"><span class='ocrx_word' id='word_1_497' title='bbox 2302 3319 2486 3388; x_wconf 83' lang='grc' dir='ltr'><strong>γὰρού</strong></span> <span class='ocrx_word' id='word_1_498' title='bbox 2521 3318 2836 3388; x_wconf 83' lang='grc' dir='ltr'>μικρὸντοῦ</span> <span class='ocrx_word' id='word_1_499' title='bbox 2882 3315 3125 3385; x_wconf 79' lang='grc' dir='ltr'>φυσικῶς</span> <span class='ocrx_word' id='word_1_500' title='bbox 3174 3314 3307 3383; x_wconf 72' lang='grc' dir='ltr'>ἡμῖν</span> <span class='ocrx_word' id='word_1_501' title='bbox 3361 3310 3692 3381; x_wconf 76' lang='grc' dir='ltr'>ὲνεσπάρθαι</span> <span class='ocrx_word' id='word_1_502' title='bbox 3747 3312 3845 3379; x_wconf 83' lang='grc' dir='ltr'>τὴν</span> 
     </span>
    </p>
   </div>
   <div class='ocr_carea' id='block_1_68' title="bbox 644 3394 2198 3469">
    <p class='ocr_par' dir='ltr' id='par_1_68' title="bbox 644 3394 2198 3469">
     <span class='ocr_line' id='line_1_68' title="bbox 644 3394 2198 3469; baseline 0.006 -23"><span class='ocrx_word' id='word_1_503' title='bbox 644 3394 797 3452; x_wconf 57' lang='lat' dir='ltr'><strong>illine</strong></span> <span class='ocrx_word' id='word_1_504' title='bbox 818 3397 1046 3449; x_wconf 83' lang='lat' dir='ltr'><strong>salutem</strong></span> <span class='ocrx_word' id='word_1_505' title='bbox 1067 3412 1311 3465; x_wconf 61' lang='lat' dir='ltr'><strong>quaarere</strong></span> <span class='ocrx_word' id='word_1_506' title='bbox 1335 3399 1576 3451; x_wconf 86' lang='lat' dir='ltr'><strong>instruit.</strong></span> <span class='ocrx_word' id='word_1_507' title='bbox 1596 3398 2034 3469; x_wconf 80' lang='lat' dir='ltr'><strong>Quotiescunque</strong></span> <span class='ocrx_word' id='word_1_508' title='bbox 2054 3402 2198 3457; x_wconf 81' lang='lat' dir='ltr'><strong>enim</strong></span> 
     </span>
    </p>
   </div>
   <div class='ocr_carea' id='block_1_69' title="bbox 647 3483 2200 3557">
    <p class='ocr_par' dir='ltr' id='par_1_69' title="bbox 647 3483 2200 3557">
     <span class='ocr_line' id='line_1_69' title="bbox 647 3483 2200 3557; baseline 0.005 -21"><span class='ocrx_word' id='word_1_509' title='bbox 647 3483 831 3536; x_wconf 89' lang='lat' dir='ltr'><strong>subito</strong></span> <span class='ocrx_word' id='word_1_510' title='bbox 877 3487 1203 3539; x_wconf 88' lang='lat' dir='ltr'><strong>necessitate</strong></span> <span class='ocrx_word' id='word_1_511' title='bbox 1249 3486 1429 3555; x_wconf 84' lang='lat' dir='ltr'><strong>aliqua</strong></span> <span class='ocrx_word' id='word_1_512' title='bbox 1470 3489 2003 3557; x_wconf 87' lang='lat' dir='ltr'><strong>comprehendimur,</strong></span> <span class='ocrx_word' id='word_1_513' title='bbox 2048 3494 2200 3546; x_wconf 83' lang='lat' dir='ltr'><strong>invo—</strong></span> 
     </span>
    </p>
   </div>
   <div class='ocr_carea' id='block_1_70' title="bbox 648 3572 2197 3644">
    <p class='ocr_par' dir='ltr' id='par_1_70' title="bbox 648 3572 2197 3644">
     <span class='ocr_line' id='line_1_70' title="bbox 648 3572 2197 3644; baseline 0.008 -23"><span class='ocrx_word' id='word_1_514' title='bbox 648 3572 906 3644; x_wconf 79' lang='lat' dir='ltr'><strong>luntarie,</strong></span> <span class='ocrx_word' id='word_1_515' title='bbox 935 3575 1050 3628; x_wconf 90' lang='lat' dir='ltr'><strong>sine</strong></span> <span class='ocrx_word' id='word_1_516' title='bbox 1076 3576 1185 3629; x_wconf 91' lang='lat' dir='ltr'><strong>ulla</strong></span> <span class='ocrx_word' id='word_1_517' title='bbox 1208 3578 1407 3644; x_wconf 75' lang='lat' dir='ltr'><strong>przevia</strong></span> <span class='ocrx_word' id='word_1_518' title='bbox 1430 3578 1884 3643; x_wconf 88' lang='lat' dir='ltr'><strong>consideratione,</strong></span> <span class='ocrx_word' id='word_1_519' title='bbox 1911 3580 2079 3633; x_wconf 90' lang='lat' dir='ltr'><strong>Deum</strong></span> <span class='ocrx_word' id='word_1_520' title='bbox 2117 3581 2197 3634; x_wconf 90' lang='lat' dir='ltr'><strong>in-</strong></span> 
     </span>
    </p>
   </div>
   <div class='ocr_carea' id='block_1_71' title="bbox 648 3662 2199 3736">
    <p class='ocr_par' dir='ltr' id='par_1_71' title="bbox 648 3662 2199 3736">
     <span class='ocr_line' id='line_1_71' title="bbox 648 3662 2199 3736; baseline 0.01 -28"><span class='ocrx_word' id='word_1_521' title='bbox 648 3673 842 3713; x_wconf 86' lang='lat' dir='ltr'><strong>vocare</strong></span> <span class='ocrx_word' id='word_1_522' title='bbox 872 3662 1133 3726; x_wconf 88' lang='lat' dir='ltr'><strong>solemus,</strong></span> <span class='ocrx_word' id='word_1_523' title='bbox 1178 3671 1431 3731; x_wconf 87' lang='lat' dir='ltr'><strong>tanquam</strong></span> <span class='ocrx_word' id='word_1_524' title='bbox 1465 3665 1511 3718; x_wconf 87' lang='lat' dir='ltr'><strong>si</strong></span> <span class='ocrx_word' id='word_1_525' title='bbox 1558 3666 1674 3735; x_wconf 88' lang='lat' dir='ltr'><strong>ipsa</strong></span> <span class='ocrx_word' id='word_1_526' title='bbox 1717 3667 2058 3736; x_wconf 84' lang='lat' dir='ltr'><strong>providentia</strong></span> <span class='ocrx_word' id='word_1_527' title='bbox 2095 3684 2199 3723; x_wconf 90' lang='lat' dir='ltr'><strong>nos</strong></span> 
     </span>
    </p>
   </div>
   <div class='ocr_carea' id='block_1_72' title="bbox 646 3740 2200 3821">
    <p class='ocr_par' dir='ltr' id='par_1_72' title="bbox 646 3740 2200 3821">
     <span class='ocr_line' id='line_1_72' title="bbox 646 3740 2200 3821; baseline 0.008 -21"><span class='ocrx_word' id='word_1_528' title='bbox 646 3748 712 3800; x_wconf 88' lang='lat' dir='ltr'><strong>ad</strong></span> <span class='ocrx_word' id='word_1_529' title='bbox 752 3763 830 3811; x_wconf 89' lang='lat' dir='ltr'><strong>se,</strong></span> <span class='ocrx_word' id='word_1_530' title='bbox 856 3740 1022 3805; x_wconf 86' lang='lat' dir='ltr'><strong>nullis</strong></span> <span class='ocrx_word' id='word_1_531' title='bbox 1062 3752 1306 3806; x_wconf 89' lang='lat' dir='ltr'><strong>consiliis</strong></span> <span class='ocrx_word' id='word_1_532' title='bbox 1347 3753 1829 3816; x_wconf 87' lang='lat' dir='ltr'><strong>intercedentibus.</strong></span> <span class='ocrx_word' id='word_1_533' title='bbox 1862 3757 2119 3821; x_wconf 83' lang='lat' dir='ltr'><strong>attrahat,</strong></span> <span class='ocrx_word' id='word_1_534' title='bbox 2142 3767 2200 3811; x_wconf 87' lang='lat' dir='ltr'><strong>et</strong></span> 
     </span>
    </p>
   </div>
   <div class='ocr_carea' id='block_1_73' title="bbox 649 3840 2197 3909">
    <p class='ocr_par' dir='ltr' id='par_1_73' title="bbox 649 3840 2197 3909">
     <span class='ocr_line' id='line_1_73' title="bbox 649 3840 2197 3909; baseline 0.008 -21"><span class='ocrx_word' id='word_1_535' title='bbox 649 3840 900 3893; x_wconf 87' lang='lat' dir='ltr'><strong>mentalis</strong></span> <span class='ocrx_word' id='word_1_536' title='bbox 935 3840 1018 3893; x_wconf 88' lang='lat' dir='ltr'><strong>vis</strong></span> <span class='ocrx_word' id='word_1_537' title='bbox 1057 3851 1256 3896; x_wconf 72' lang='lat' dir='ltr'><strong>nostrte</strong></span> <span class='ocrx_word' id='word_1_538' title='bbox 1294 3844 1637 3899; x_wconf 88' lang='lat' dir='ltr'><strong>velocitatem</strong></span> <span class='ocrx_word' id='word_1_539' title='bbox 1689 3855 2011 3909; x_wconf 88' lang='lat' dir='ltr'><strong>antevertat,</strong></span> <span class='ocrx_word' id='word_1_540' title='bbox 2056 3847 2197 3901; x_wconf 90' lang='lat' dir='ltr'><strong>divi-</strong></span> 
     </span>
    </p>
   </div>
   <div class='ocr_carea' id='block_1_74' title="bbox 646 3929 2200 4000">
    <p class='ocr_par' dir='ltr' id='par_1_74' title="bbox 646 3929 2200 4000">
     <span class='ocr_line' id='line_1_74' title="bbox 646 3929 2200 4000; baseline 0.009 -23"><span class='ocrx_word' id='word_1_541' title='bbox 646 3940 884 3991; x_wconf 89' lang='lat' dir='ltr'><strong>numque</strong></span> <span class='ocrx_word' id='word_1_542' title='bbox 916 3929 1173 3983; x_wconf 90' lang='lat' dir='ltr'><strong>omnibus</strong></span> <span class='ocrx_word' id='word_1_543' title='bbox 1199 3933 1409 3985; x_wconf 72' lang='lat' dir='ltr'><strong>caeteris</strong></span> <span class='ocrx_word' id='word_1_544' title='bbox 1449 3934 1772 4000; x_wconf 59' lang='lat' dir='ltr'><strong>presentius</strong></span> <span class='ocrx_word' id='word_1_545' title='bbox 1814 3936 2071 3989; x_wconf 76' lang='lat' dir='ltr'><strong>auxilium</strong></span> <span class='ocrx_word' id='word_1_546' title='bbox 2113 3952 2200 3991; x_wconf 86' lang='lat' dir='ltr'><strong>os-</strong></span> 
     </span>
    </p>
   </div>
   <div class='ocr_carea' id='block_1_75' title="bbox 650 4013 2197 4084">
    <p class='ocr_par' dir='ltr' id='par_1_75' title="bbox 650 4013 2197 4084">
     <span class='ocr_line' id='line_1_75' title="bbox 650 4013 2197 4084; baseline 0.007 -17"><span class='ocrx_word' id='word_1_547' title='bbox 650 4013 1065 4084; x_wconf 60' lang='lat' dir='ltr'><strong>tendat.quque</strong></span> <span class='ocrx_word' id='word_1_548' title='bbox 1085 4032 1216 4071; x_wconf 86' lang='lat' dir='ltr'><strong>vero</strong></span> <span class='ocrx_word' id='word_1_549' title='bbox 1244 4020 1607 4074; x_wconf 86' lang='lat' dir='ltr'><strong>involuntarie</strong></span> <span class='ocrx_word' id='word_1_550' title='bbox 1637 4033 1829 4077; x_wconf 88' lang='lat' dir='ltr'><strong>natura</strong></span> <span class='ocrx_word' id='word_1_551' title='bbox 1854 4026 2040 4078; x_wconf 69' lang='lat' dir='ltr'><strong>nosad</strong></span> <span class='ocrx_word' id='word_1_552' title='bbox 2066 4025 2197 4078; x_wconf 86' lang='lat' dir='ltr'><strong>illud</strong></span> 
     </span>
    </p>
   </div>
   <div class='ocr_carea' id='block_1_76' title="bbox 644 4102 2201 4182">
    <p class='ocr_par' dir='ltr' id='par_1_76' title="bbox 644 4102 2201 4182">
     <span class='ocr_line' id='line_1_76' title="bbox 644 4102 2201 4182; baseline 0.007 -27"><span class='ocrx_word' id='word_1_553' title='bbox 644 4102 792 4168; x_wconf 84' lang='lat' dir='ltr'><strong>quod</strong></span> <span class='ocrx_word' id='word_1_554' title='bbox 822 4111 1030 4156; x_wconf 61' lang='lat' dir='ltr'><strong>natura:</strong></span> <span class='ocrx_word' id='word_1_555' title='bbox 1056 4118 1248 4173; x_wconf 81' lang='lat' dir='ltr'><strong>expers</strong></span> <span class='ocrx_word' id='word_1_556' title='bbox 1271 4116 1355 4161; x_wconf 91' lang='lat' dir='ltr'><strong>est</strong></span> <span class='ocrx_word' id='word_1_557' title='bbox 1386 4108 1700 4162; x_wconf 89' lang='lat' dir='ltr'><strong>deduceret.</strong></span> <span class='ocrx_word' id='word_1_558' title='bbox 1734 4111 2201 4182; x_wconf 84' lang='lat' dir='ltr'><strong>Nimirum-quod-</strong></span> 
     </span>
    </p>
   </div>
   <div class='ocr_carea' id='block_1_77' title="bbox 646 4191 2200 4268">
    <p class='ocr_par' dir='ltr' id='par_1_77' title="bbox 646 4191 2200 4268">
     <span class='ocr_line' id='line_1_77' title="bbox 646 4191 2200 4268; baseline 0.008 -25"><span class='ocrx_word' id='word_1_559' title='bbox 646 4204 862 4258; x_wconf 85' lang='lat' dir='ltr'><strong>cunque</strong></span> <span class='ocrx_word' id='word_1_560' title='bbox 896 4191 1127 4244; x_wconf 89' lang='lat' dir='ltr'><strong>alterum</strong></span> <span class='ocrx_word' id='word_1_561' title='bbox 1158 4193 1449 4262; x_wconf 88' lang='lat' dir='ltr'><strong>quodpiam</strong></span> <span class='ocrx_word' id='word_1_562' title='bbox 1497 4198 1817 4251; x_wconf 86' lang='lat' dir='ltr'><strong>naturaliter</strong></span> <span class='ocrx_word' id='word_1_563' title='bbox 1844 4201 2111 4268; x_wconf 89' lang='lat' dir='ltr'><strong>sequitur,</strong></span> <span class='ocrx_word' id='word_1_564' title='bbox 2139 4210 2200 4254; x_wconf 91' lang='lat' dir='ltr'><strong>ut</strong></span> 
     </span>
    </p>
   </div>
   <div class='ocr_carea' id='block_1_78' title="bbox 644 4285 2199 4362">
    <p class='ocr_par' dir='ltr' id='par_1_78' title="bbox 644 4285 2199 4362">
     <span class='ocr_line' id='line_1_78' title="bbox 644 4285 2199 4362; baseline 0.008 -27"><span class='ocrx_word' id='word_1_565' title='bbox 644 4285 900 4339; x_wconf 88' lang='lat' dir='ltr'><strong>omnibus</strong></span> <span class='ocrx_word' id='word_1_566' title='bbox 924 4285 1238 4348; x_wconf 88' lang='lat' dir='ltr'><strong>obscurum,</strong></span> <span class='ocrx_word' id='word_1_567' title='bbox 1264 4288 1496 4342; x_wconf 87' lang='lat' dir='ltr'><strong>validam</strong></span> <span class='ocrx_word' id='word_1_568' title='bbox 1528 4289 1691 4343; x_wconf 87' lang='lat' dir='ltr'><strong>habet</strong></span> <span class='ocrx_word' id='word_1_569' title='bbox 1720 4291 2083 4362; x_wconf 87' lang='lat' dir='ltr'><strong>invictamque</strong></span> <span class='ocrx_word' id='word_1_570' title='bbox 2106 4294 2199 4347; x_wconf 89' lang='lat' dir='ltr'><strong>de-</strong></span> 
     </span>
    </p>
   </div>
   <div class='ocr_carea' id='block_1_79' title="bbox 646 4375 2194 4459">
    <p class='ocr_par' dir='ltr' id='par_1_79' title="bbox 646 4375 2194 4459">
     <span class='ocr_line' id='line_1_79' title="bbox 646 4375 2194 4459; baseline 0.011 -35"><span class='ocrx_word' id='word_1_571' title='bbox 646 4375 1010 4430; x_wconf 71' lang='lat' dir='ltr'><strong>monstranda:</strong></span> <span class='ocrx_word' id='word_1_572' title='bbox 1043 4377 1288 4430; x_wconf 88' lang='lat' dir='ltr'><strong>veritatis</strong></span> <span class='ocrx_word' id='word_1_573' title='bbox 1322 4378 1449 4431; x_wconf 90' lang='lat' dir='ltr'><strong>vim.</strong></span> <span class='ocrx_word' id='word_1_574' title='bbox 1478 4380 1531 4433; x_wconf 86' lang='lat' dir='ltr'><strong>Si</strong></span> <span class='ocrx_word' id='word_1_575' title='bbox 1571 4397 1707 4456; x_wconf 38' lang='grc' dir='ltr'>νει-ο.</span> <span class='ocrx_word' id='word_1_576' title='bbox 1727 4384 1851 4450; x_wconf 87' lang='lat' dir='ltr'><strong>quia</strong></span> <span class='ocrx_word' id='word_1_577' title='bbox 1894 4384 2194 4459; x_wconf 86' lang='lat' dir='ltr'><strong>impcrccp-</strong></span> 
     </span>
    </p>
   </div>
   <div class='ocr_carea' id='block_1_80' title="bbox 2296 3401 3847 3479">
    <p class='ocr_par' dir='ltr' id='par_1_80' title="bbox 2296 3401 3847 3479">
     <span class='ocr_line' id='line_1_80' title="bbox 2296 3401 3847 3479; baseline -0.005 -17"><span class='ocrx_word' id='word_1_578' title='bbox 2296 3410 2393 3479; x_wconf 82' lang='grc' dir='ltr'>τῆς</span> <span class='ocrx_word' id='word_1_579' title='bbox 2422 3409 2674 3479; x_wconf 56' lang='grc' dir='ltr'>προνοίας</span> <span class='ocrx_word' id='word_1_580' title='bbox 2708 3407 2907 3476; x_wconf 88' lang='grc' dir='ltr'>γνῶσιν</span> <span class='ocrx_word' id='word_1_581' title='bbox 2931 3408 2964 3475; x_wconf 75' lang='grc' dir='ltr'>ἠ</span> <span class='ocrx_word' id='word_1_582' title='bbox 2994 3404 3155 3473; x_wconf 80' lang='grc' dir='ltr'>φύσις</span> <span class='ocrx_word' id='word_1_583' title='bbox 3188 3402 3328 3466; x_wconf 82' lang='grc' dir='ltr'>αὐτὴ</span> <span class='ocrx_word' id='word_1_584' title='bbox 3357 3401 3589 3463; x_wconf 75' lang='grc' dir='ltr'>δίδωσιν,</span> <span class='ocrx_word' id='word_1_585' title='bbox 3609 3402 3847 3469; x_wconf 77' lang='grc' dir='ltr'>ὁπηνίκα</span> 
     </span>
    </p>
   </div>
   <div class='ocr_carea' id='block_1_81' title="bbox 2291 3463 3847 3567">
    <p class='ocr_par' dir='ltr' id='par_1_81' title="bbox 2291 3463 3847 3567">
     <span class='ocr_line' id='line_1_81' title="bbox 2291 3463 3847 3567; baseline -0.009 -14"><span class='ocrx_word' id='word_1_586' title='bbox 2291 3463 2541 3567; x_wconf 44' lang='lat' dir='ltr'><strong>efﬁgie;</strong></span> <span class='ocrx_word' id='word_1_587' title='bbox 2571 3463 2867 3558; x_wconf 64' lang='grc' dir='ltr'>ἀδιδάκτως</span> <span class='ocrx_word' id='word_1_588' title='bbox 2904 3463 3096 3562; x_wconf 67' lang='grc' dir='ltr'>ὥσπερ</span> <span class='ocrx_word' id='word_1_589' title='bbox 3126 3463 3343 3545; x_wconf 78' lang='grc' dir='ltr'>ῶθοῦσά</span> <span class='ocrx_word' id='word_1_590' title='bbox 3382 3490 3519 3560; x_wconf 79' lang='grc' dir='ltr'>πρὸς</span> <span class='ocrx_word' id='word_1_591' title='bbox 3568 3484 3661 3541; x_wconf 82' lang='grc' dir='ltr'><strong>τὸν</strong></span> <span class='ocrx_word' id='word_1_592' title='bbox 3706 3463 3847 3541; x_wconf 48' lang='grc' dir='ltr'>’Θεὸν</span> 
     </span>
    </p>
   </div>
   <div class='ocr_carea' id='block_1_82' title="bbox 2294 3580 3847 3656">
    <p class='ocr_par' dir='ltr' id='par_1_82' title="bbox 2294 3580 3847 3656">
     <span class='ocr_line' id='line_1_82' title="bbox 2294 3580 3847 3656; baseline -0.004 -17"><span class='ocrx_word' id='word_1_593' title='bbox 2294 3587 2384 3640; x_wconf 77' lang='grc' dir='ltr'><strong>διὰ</strong></span> <span class='ocrx_word' id='word_1_594' title='bbox 2417 3588 2524 3642; x_wconf 87' lang='grc' dir='ltr'><strong>τῶν</strong></span> <span class='ocrx_word' id='word_1_595' title='bbox 2555 3587 2730 3656; x_wconf 83' lang='grc' dir='ltr'>εὐχῶν</span> <span class='ocrx_word' id='word_1_596' title='bbox 2755 3588 2812 3639; x_wconf 77' lang='grc' dir='ltr'>ἒν</span> <span class='ocrx_word' id='word_1_597' title='bbox 2841 3588 2957 3649; x_wconf 84' lang='grc' dir='ltr'>ταῖς</span> <span class='ocrx_word' id='word_1_598' title='bbox 2984 3583 3239 3652; x_wconf 75' lang='grc' dir='ltr'>ἐξαίφνης</span> <span class='ocrx_word' id='word_1_599' title='bbox 3278 3580 3661 3653; x_wconf 86' lang='grc' dir='ltr'>περιστάσεσιν</span> <span class='ocrx_word' id='word_1_600' title='bbox 3702 3583 3847 3633; x_wconf 63' lang='grc' dir='ltr'>ὲκεί-</span> 
     </span>
    </p>
   </div>
   <div class='ocr_carea' id='block_1_83' title="bbox 2296 3672 3849 3747">
    <p class='ocr_par' dir='ltr' id='par_1_83' title="bbox 2296 3672 3849 3747">
     <span class='ocr_line' id='line_1_83' title="bbox 2296 3672 3849 3747; baseline -0.005 -16"><span class='ocrx_word' id='word_1_601' title='bbox 2296 3680 2387 3731; x_wconf 87' lang='grc' dir='ltr'><strong>θεν</strong></span> <span class='ocrx_word' id='word_1_602' title='bbox 2419 3680 2599 3747; x_wconf 81' lang='grc' dir='ltr'>ζητεῖν</span> <span class='ocrx_word' id='word_1_603' title='bbox 2624 3679 2721 3747; x_wconf 77' lang='grc' dir='ltr'>τὴν</span> <span class='ocrx_word' id='word_1_604' title='bbox 2747 3675 3019 3746; x_wconf 81' lang='grc' dir='ltr'>σωτηρίαν</span> <span class='ocrx_word' id='word_1_605' title='bbox 3051 3672 3460 3744; x_wconf 81' lang='grc' dir='ltr'>παρασκευάζει</span> <span class='ocrx_word' id='word_1_606' title='bbox 3493 3672 3562 3726; x_wconf 82' lang='lat'><strong>&quot;.</strong></span> <span class='ocrx_word' id='word_1_607' title='bbox 3613 3672 3738 3724; x_wconf 66' lang='lat' dir='ltr'><strong>&#39;Tst‘</strong></span> <span class='ocrx_word' id='word_1_608' title='bbox 3789 3673 3849 3724; x_wconf 82' lang='grc' dir='ltr'><strong>ἀ·-</strong></span> 
     </span>
    </p>
   </div>
   <div class='ocr_carea' id='block_1_84' title="bbox 2296 3760 3847 3839">
    <p class='ocr_par' dir='ltr' id='par_1_84' title="bbox 2296 3760 3847 3839">
     <span class='ocr_line' id='line_1_84' title="bbox 2296 3760 3847 3839; baseline -0.008 -15"><span class='ocrx_word' id='word_1_609' title='bbox 2296 3771 2504 3839; x_wconf 86' lang='grc' dir='ltr'>νάγκης</span> <span class='ocrx_word' id='word_1_610' title='bbox 2530 3770 2636 3839; x_wconf 82' lang='grc' dir='ltr'><strong>γὰρ</strong></span> <span class='ocrx_word' id='word_1_611' title='bbox 2678 3760 2832 3836; x_wconf 79' lang='grc' dir='ltr'>ἄφνω</span> <span class='ocrx_word' id='word_1_612' title='bbox 2860 3765 3254 3837; x_wconf 72' lang='grc' dir='ltr'>συλληφθέντες</span> <span class='ocrx_word' id='word_1_613' title='bbox 3283 3764 3683 3834; x_wconf 79' lang='grc' dir='ltr'>ἀπροαιρέτως,</span> <span class='ocrx_word' id='word_1_614' title='bbox 3718 3762 3847 3829; x_wconf 76' lang='grc' dir='ltr'>πρίν</span> 
     </span>
    </p>
   </div>
   <div class='ocr_carea' id='block_1_85' title="bbox 2295 3848 3848 3925">
    <p class='ocr_par' dir='ltr' id='par_1_85' title="bbox 2295 3848 3848 3925">
     <span class='ocr_line' id='line_1_85' title="bbox 2295 3848 3848 3925; baseline -0.006 -14"><span class='ocrx_word' id='word_1_615' title='bbox 2295 3859 2531 3912; x_wconf 70' lang='grc' dir='ltr'>τινακαὶ</span> <span class='ocrx_word' id='word_1_616' title='bbox 2565 3856 2888 3925; x_wconf 81' lang='grc' dir='ltr'>σκέψασθαι,</span> <span class='ocrx_word' id='word_1_617' title='bbox 2916 3855 3007 3907; x_wconf 70' lang='grc' dir='ltr'><strong>τὸν</strong></span> <span class='ocrx_word' id='word_1_618' title='bbox 3054 3854 3186 3906; x_wconf 82' lang='grc' dir='ltr'>Θεὸν</span> <span class='ocrx_word' id='word_1_619' title='bbox 3240 3852 3608 3921; x_wconf 78' lang='grc' dir='ltr'>ὲπιόοώμεθα,</span> <span class='ocrx_word' id='word_1_620' title='bbox 3658 3850 3741 3914; x_wconf 84' lang='grc' dir='ltr'>ὡς</span> <span class='ocrx_word' id='word_1_621' title='bbox 3783 3848 3848 3902; x_wconf 66' lang='grc' dir='ltr'>ἂν</span> 
     </span>
    </p>
   </div>
   <div class='ocr_carea' id='block_1_86' title="bbox 2297 3936 3847 4019">
    <p class='ocr_par' dir='ltr' id='par_1_86' title="bbox 2297 3936 3847 4019">
     <span class='ocr_line' id='line_1_86' title="bbox 2297 3936 3847 4019; baseline -0.01 -17"><span class='ocrx_word' id='word_1_622' title='bbox 2297 3950 2394 4019; x_wconf 79' lang='grc' dir='ltr'>τῆς</span> <span class='ocrx_word' id='word_1_623' title='bbox 2415 3948 2666 4017; x_wconf 88' lang='grc' dir='ltr'>προνοίας</span> <span class='ocrx_word' id='word_1_624' title='bbox 2688 3946 2856 4016; x_wconf 82' lang='grc' dir='ltr'>αὐτῆς</span> <span class='ocrx_word' id='word_1_625' title='bbox 2882 3944 3017 4014; x_wconf 73' lang='grc' dir='ltr'>πρὸς</span> <span class='ocrx_word' id='word_1_626' title='bbox 3036 3942 3235 4012; x_wconf 78' lang='grc' dir='ltr'>ἑαυτὴν</span> <span class='ocrx_word' id='word_1_627' title='bbox 3256 3942 3352 3993; x_wconf 75' lang='grc' dir='ltr'>καὶ</span> <span class='ocrx_word' id='word_1_628' title='bbox 3376 3939 3653 4008; x_wconf 85' lang='grc' dir='ltr'>λογισμῶν</span> <span class='ocrx_word' id='word_1_629' title='bbox 3678 3936 3847 4007; x_wconf 74' lang='grc' dir='ltr'>χωρὶς</span> 
     </span>
    </p>
   </div>
   <div class='ocr_carea' id='block_1_87' title="bbox 2296 4028 3847 4108">
    <p class='ocr_par' dir='ltr' id='par_1_87' title="bbox 2296 4028 3847 4108">
     <span class='ocr_line' id='line_1_87' title="bbox 2296 4028 3847 4108; baseline -0.011 -16"><span class='ocrx_word' id='word_1_630' title='bbox 2296 4040 2555 4107; x_wconf 76' lang='grc' dir='ltr'>ἑλκούσης</span> <span class='ocrx_word' id='word_1_631' title='bbox 2585 4039 2751 4108; x_wconf 79' lang='grc' dir='ltr'>ἡμᾶς,</span> <span class='ocrx_word' id='word_1_632' title='bbox 2778 4035 2872 4090; x_wconf 75' lang='grc' dir='ltr'><strong>καὶ</strong></span> <span class='ocrx_word' id='word_1_633' title='bbox 2906 4035 2966 4087; x_wconf 84' lang='grc' dir='ltr'><strong>τδ</strong></span> <span class='ocrx_word' id='word_1_634' title='bbox 2993 4034 3155 4103; x_wconf 88' lang='grc' dir='ltr'>τάχος</span> <span class='ocrx_word' id='word_1_635' title='bbox 3174 4032 3271 4100; x_wconf 83' lang='grc' dir='ltr'>τῆς</span> <span class='ocrx_word' id='word_1_636' title='bbox 3304 4033 3361 4083; x_wconf 70' lang='grc' dir='ltr'>ιν</span> <span class='ocrx_word' id='word_1_637' title='bbox 3385 4032 3518 4099; x_wconf 83' lang='grc' dir='ltr'>ἡμῖν</span> <span class='ocrx_word' id='word_1_638' title='bbox 3543 4028 3740 4095; x_wconf 79' lang='grc' dir='ltr'>νοερᾶς</span> <span class='ocrx_word' id='word_1_639' title='bbox 3773 4041 3847 4075; x_wconf 84' lang='grc' dir='ltr'>νι-</span> 
     </span>
    </p>
   </div>
   <div class='ocr_carea' id='block_1_88' title="bbox 2298 4111 3846 4196">
    <p class='ocr_par' dir='ltr' id='par_1_88' title="bbox 2298 4111 3846 4196">
     <span class='ocr_line' id='line_1_88' title="bbox 2298 4111 3846 4196; baseline -0.011 -16"><span class='ocrx_word' id='word_1_640' title='bbox 2298 4128 2480 4195; x_wconf 85' lang='grc' dir='ltr'>κώσης</span> <span class='ocrx_word' id='word_1_641' title='bbox 2501 4129 2800 4196; x_wconf 83' lang='grc' dir='ltr'>δυνάμεως,</span> <span class='ocrx_word' id='word_1_642' title='bbox 2832 4126 2927 4179; x_wconf 69' lang='grc' dir='ltr'>καὶ</span> <span class='ocrx_word' id='word_1_643' title='bbox 2956 4123 3171 4176; x_wconf 84' lang='grc' dir='ltr'>πάντων</span> <span class='ocrx_word' id='word_1_644' title='bbox 3196 4119 3549 4190; x_wconf 75' lang='grc' dir='ltr'>ἰσχυροτέραν</span> <span class='ocrx_word' id='word_1_645' title='bbox 3575 4116 3676 4183; x_wconf 82' lang='grc' dir='ltr'>τὴν</span> <span class='ocrx_word' id='word_1_646' title='bbox 3699 4111 3846 4165; x_wconf 81' lang='grc' dir='ltr'>θείαν</span> 
     </span>
    </p>
   </div>
   <div class='ocr_carea' id='block_1_89' title="bbox 2299 4198 3844 4283">
    <p class='ocr_par' dir='ltr' id='par_1_89' title="bbox 2299 4198 3844 4283">
     <span class='ocr_line' id='line_1_89' title="bbox 2299 4198 3844 4283; baseline -0.01 -16"><span class='ocrx_word' id='word_1_647' title='bbox 2299 4215 2748 4283; x_wconf 81' lang='grc' dir='ltr'>προδεικνυούσης</span> <span class='ocrx_word' id='word_1_648' title='bbox 2774 4212 3042 4282; x_wconf 82' lang='grc' dir='ltr'>βοήθειαν.</span> <span class='ocrx_word' id='word_1_649' title='bbox 3080 4210 3194 4263; x_wconf 75' lang='grc' dir='ltr'>Οὐκ</span> <span class='ocrx_word' id='word_1_650' title='bbox 3226 4209 3292 4263; x_wconf 73' lang='grc' dir='ltr'>ἂν</span> <span class='ocrx_word' id='word_1_651' title='bbox 3326 4207 3385 4260; x_wconf 71' lang='grc' dir='ltr'><strong>ει</strong></span> <span class='ocrx_word' id='word_1_652' title='bbox 3413 4207 3561 4274; x_wconf 75' lang='grc' dir='ltr'>ἡμᾶς</span> <span class='ocrx_word' id='word_1_653' title='bbox 3586 4198 3740 4270; x_wconf 71' lang='grc' dir='ltr'>ἦγεν</span> <span class='ocrx_word' id='word_1_654' title='bbox 3782 4203 3844 4253; x_wconf 80' lang='grc' dir='ltr'>ἀ-</span> 
     </span>
    </p>
   </div>
   <div class='ocr_carea' id='block_1_90' title="bbox 2298 4287 3844 4374">
    <p class='ocr_par' dir='ltr' id='par_1_90' title="bbox 2298 4287 3844 4374">
     <span class='ocr_line' id='line_1_90' title="bbox 2298 4287 3844 4374; baseline -0.011 -16"><span class='ocrx_word' id='word_1_655' title='bbox 2298 4306 2633 4374; x_wconf 82' lang='grc' dir='ltr'>προαιρέτως</span> <span class='ocrx_word' id='word_1_656' title='bbox 2657 4308 2689 4374; x_wconf 82' lang='grc' dir='ltr'>ὴ</span> <span class='ocrx_word' id='word_1_657' title='bbox 2717 4304 2875 4371; x_wconf 86' lang='grc' dir='ltr'>φύσις</span> <span class='ocrx_word' id='word_1_658' title='bbox 2906 4302 2998 4353; x_wconf 73' lang='grc' dir='ltr'><strong>ἐπὶ</strong></span> <span class='ocrx_word' id='word_1_659' title='bbox 3031 4300 3091 4351; x_wconf 77' lang='grc' dir='ltr'>τὸ</span> <span class='ocrx_word' id='word_1_660' title='bbox 3133 4300 3209 4368; x_wconf 74' lang='grc' dir='ltr'>μὴ</span> <span class='ocrx_word' id='word_1_661' title='bbox 3242 4296 3403 4365; x_wconf 67' lang='grc' dir='ltr'>φῦσιν</span> <span class='ocrx_word' id='word_1_662' title='bbox 3428 4294 3550 4363; x_wconf 68' lang='grc' dir='ltr'>ἔχον</span> <span class='ocrx_word' id='word_1_663' title='bbox 3580 4287 3844 4357; x_wconf 79' lang='grc' dir='ltr'>γίνεσθαι.</span> 
     </span>
    </p>
   </div>
   <div class='ocr_carea' id='block_1_91' title="bbox 2299 4379 3841 4459">
    <p class='ocr_par' dir='ltr' id='par_1_91' title="bbox 2299 4379 3841 4459">
     <span class='ocr_line' id='line_1_91' title="bbox 2299 4379 3841 4459; baseline -0.012 -13"><span class='ocrx_word' id='word_1_664' title='bbox 2299 4394 2411 4445; x_wconf 76' lang='grc' dir='ltr'><strong>Πᾶν</strong></span> <span class='ocrx_word' id='word_1_665' title='bbox 2440 4393 2495 4444; x_wconf 80' lang='grc' dir='ltr'>δὲ</span> <span class='ocrx_word' id='word_1_666' title='bbox 2540 4394 2598 4443; x_wconf 82' lang='grc' dir='ltr'>τὸ</span> <span class='ocrx_word' id='word_1_667' title='bbox 2631 4390 2829 4459; x_wconf 79' lang='grc' dir='ltr'>ὁτῳοῦν</span> <span class='ocrx_word' id='word_1_668' title='bbox 2852 4387 3093 4457; x_wconf 84' lang='grc' dir='ltr'>φυσικῶς</span> <span class='ocrx_word' id='word_1_669' title='bbox 3123 4385 3407 4454; x_wconf 65' lang='grc' dir='ltr'>ἑπόμενον,</span> <span class='ocrx_word' id='word_1_670' title='bbox 3426 4381 3503 4445; x_wconf 79' lang='grc' dir='ltr'>ὡς</span> <span class='ocrx_word' id='word_1_671' title='bbox 3525 4380 3693 4433; x_wconf 81' lang='grc' dir='ltr'>πᾶσιν</span> <span class='ocrx_word' id='word_1_672' title='bbox 3719 4379 3841 4447; x_wconf 77' lang='grc' dir='ltr'>άὸη-</span> 
     </span>
    </p>
   </div>
   <div class='ocr_carea' id='block_1_92' title="bbox 648 4450 2204 4548">
    <p class='ocr_par' dir='ltr' id='par_1_92' title="bbox 648 4450 2192 4541">
     <span class='ocr_line' id='line_1_92' title="bbox 648 4450 2192 4541; baseline 0.012 -28"><span class='ocrx_word' id='word_1_673' title='bbox 648 4462 814 4517; x_wconf 67' lang='grc' dir='ltr'>ιιζὺίιίε</span> <span class='ocrx_word' id='word_1_674' title='bbox 848 4465 1005 4541; x_wconf 86' lang='lat' dir='ltr'><strong>nobis</strong></span> <span class='ocrx_word' id='word_1_675' title='bbox 1032 4483 1095 4520; x_wconf 89' lang='lat' dir='ltr'><strong>ea</strong></span> <span class='ocrx_word' id='word_1_676' title='bbox 1118 4483 1237 4535; x_wconf 74' lang='lat' dir='ltr'><strong>qua:</strong></span> <span class='ocrx_word' id='word_1_677' title='bbox 1273 4467 1482 4536; x_wconf 83' lang='lat' dir='ltr'><strong>singula</strong></span> <span class='ocrx_word' id='word_1_678' title='bbox 1525 4450 2192 4540; x_wconf 37' lang='lat' dir='ltr'><strong>curet-providentize‘est</strong></span> 
     </span>
    </p>
   </div>
   <div class='ocr_carea' id='block_1_93' title="bbox 2302 4450 3848 4548">
    <p class='ocr_par' dir='ltr' id='par_1_93' title="bbox 2302 4450 3848 4548">
     <span class='ocr_line' id='line_1_93' title="bbox 2302 4450 3848 4548; baseline -0.007 -16"><span class='ocrx_word' id='word_1_679' title='bbox 2302 4484 2383 4533; x_wconf 84' lang='grc' dir='ltr'><strong>λον</strong></span> <span class='ocrx_word' id='word_1_680' title='bbox 2406 4519 2419 4539; x_wconf 82' lang='lat'><strong>,</strong></span> <span class='ocrx_word' id='word_1_681' title='bbox 2495 4450 2719 4548; x_wconf 72' lang='grc' dir='ltr'>ἰσχυρὰν</span> <span class='ocrx_word' id='word_1_682' title='bbox 2780 4450 2887 4545; x_wconf 67' lang='grc' dir='ltr'>ἔχει</span> <span class='ocrx_word' id='word_1_683' title='bbox 2950 4477 3043 4528; x_wconf 75' lang='grc' dir='ltr'>καὶ</span> <span class='ocrx_word' id='word_1_684' title='bbox 3091 4450 3509 4541; x_wconf 75' lang='grc' dir='ltr'>ἀκαταμάχητον</span> <span class='ocrx_word' id='word_1_685' title='bbox 3556 4469 3703 4523; x_wconf 72' lang='grc' dir='ltr'>κατὰ</span> <span class='ocrx_word' id='word_1_686' title='bbox 3749 4466 3848 4538; x_wconf 79' lang='grc' dir='ltr'>τὴν</span> 
     </span>
    </p>
   </div>
   <div class='ocr_carea' id='block_1_94' title="bbox 646 4552 2196 4627">
    <p class='ocr_par' dir='ltr' id='par_1_94' title="bbox 646 4552 2196 4627">
     <span class='ocr_line' id='line_1_94' title="bbox 646 4552 2196 4627; baseline 0.014 -26"><span class='ocrx_word' id='word_1_687' title='bbox 646 4552 804 4614; x_wconf 88' lang='lat' dir='ltr'><strong>ratio,</strong></span> <span class='ocrx_word' id='word_1_688' title='bbox 837 4562 897 4605; x_wconf 92' lang='lat' dir='ltr'><strong>ut</strong></span> <span class='ocrx_word' id='word_1_689' title='bbox 926 4559 1090 4609; x_wconf 89' lang='lat' dir='ltr'><strong>etiam</strong></span> <span class='ocrx_word' id='word_1_690' title='bbox 1130 4565 1213 4610; x_wconf 92' lang='lat' dir='ltr'><strong>est</strong></span> <span class='ocrx_word' id='word_1_691' title='bbox 1253 4558 1550 4613; x_wconf 87' lang='lat' dir='ltr'><strong>secundum</strong></span> <span class='ocrx_word' id='word_1_692' title='bbox 1598 4561 1729 4613; x_wconf 91' lang='lat' dir='ltr'><strong>illud</strong></span> <span class='ocrx_word' id='word_1_693' title='bbox 1762 4580 1773 4614; x_wconf 94' lang='lat'>:</span> <span class='ocrx_word' id='word_1_694' title='bbox 1802 4563 1971 4627; x_wconf 83' lang='lat' dir='ltr'><strong>Quam</strong></span> <span class='ocrx_word' id='word_1_695' title='bbox 2016 4585 2196 4622; x_wconf 84' lang='lat' dir='ltr'><strong>recon-</strong></span> 
     </span>
    </p>
   </div>
   <div class='ocr_carea' id='block_1_95' title="bbox 644 4640 2196 4724">
    <p class='ocr_par' dir='ltr' id='par_1_95' title="bbox 644 4640 2196 4724">
     <span class='ocr_line' id='line_1_95' title="bbox 644 4640 2196 4724; baseline 0.015 -34"><span class='ocrx_word' id='word_1_696' title='bbox 644 4640 753 4705; x_wconf 80' lang='lat' dir='ltr'><strong>dita</strong></span> <span class='ocrx_word' id='word_1_697' title='bbox 795 4643 907 4709; x_wconf 82' lang='lat' dir='ltr'><strong>&#39;cjus</strong></span> <span class='ocrx_word' id='word_1_698' title='bbox 928 4645 1149 4711; x_wconf 81' lang='lat' dir='ltr'><strong>judicia,</strong></span> <span class='ocrx_word' id='word_1_699' title='bbox 1197 4656 1244 4698; x_wconf 82' lang='lat' dir='ltr'><strong>et</strong></span> <span class='ocrx_word' id='word_1_700' title='bbox 1273 4663 1431 4715; x_wconf 83' lang='lat' dir='ltr'><strong>quam</strong></span> <span class='ocrx_word' id='word_1_701' title='bbox 1460 4649 1835 4719; x_wconf 64' lang='lat' dir='ltr'><strong>investigabile:</strong></span> <span class='ocrx_word' id='word_1_702' title='bbox 1864 4644 1973 4720; x_wconf 69' lang='lat' dir='ltr'><strong>eius</strong></span> <span class='ocrx_word' id='word_1_703' title='bbox 2019 4660 2114 4711; x_wconf 78' lang='grc' dir='ltr'>υἰιε</span> <span class='ocrx_word' id='word_1_704' title='bbox 2148 4661 2196 4724; x_wconf 70' lang='grc' dir='ltr'><strong>ιν,</strong></span> 
     </span>
    </p>
   </div>
   <div class='ocr_carea' id='block_1_96' title="bbox 646 4723 2200 4817">
    <p class='ocr_par' dir='ltr' id='par_1_96' title="bbox 646 4723 2200 4817">
     <span class='ocr_line' id='line_1_96' title="bbox 646 4723 2200 4817; baseline 0.014 -34"><span class='ocrx_word' id='word_1_705' title='bbox 646 4730 769 4805; x_wconf 83' lang='lat' dir='ltr'><strong>ideo</strong></span> <span class='ocrx_word' id='word_1_706' title='bbox 803 4734 1197 4798; x_wconf 90' lang='lat' dir='ltr'><strong>providentiam</strong></span> <span class='ocrx_word' id='word_1_707' title='bbox 1229 4737 1479 4806; x_wconf 82' lang='lat' dir='ltr'><strong>negarint</strong></span> <span class='ocrx_word' id='word_1_708' title='bbox 1504 4754 1621 4792; x_wconf 86' lang='lat' dir='ltr'><strong>esse</strong></span> <span class='ocrx_word' id='word_1_709' title='bbox 1644 4723 1776 4794; x_wconf 31' lang='lat' dir='ltr'><strong>‘meo</strong></span> <span class='ocrx_word' id='word_1_710' title='bbox 1807 4745 2023 4809; x_wconf 84' lang='lat' dir='ltr'><strong>quidem</strong></span> <span class='ocrx_word' id='word_1_711' title='bbox 2050 4723 2200 4817; x_wconf 57' lang='lat' dir='ltr'><strong>judi¥</strong></span> 
     </span>
    </p>
   </div>
   <div class='ocr_carea' id='block_1_97' title="bbox 645 4820 2200 4902">
    <p class='ocr_par' dir='ltr' id='par_1_97' title="bbox 645 4820 2200 4902">
     <span class='ocr_line' id='line_1_97' title="bbox 645 4820 2200 4902; baseline 0.014 -30"><span class='ocrx_word' id='word_1_712' title='bbox 645 4822 730 4874; x_wconf 90' lang='lat' dir='ltr'><strong>cio</strong></span> <span class='ocrx_word' id='word_1_713' title='bbox 774 4820 918 4874; x_wconf 84' lang='lat' dir='ltr'><strong>haud</strong></span> <span class='ocrx_word' id='word_1_714' title='bbox 946 4833 1107 4878; x_wconf 77' lang='lat' dir='ltr'><strong>&quot;recte</strong></span> <span class='ocrx_word' id='word_1_715' title='bbox 1146 4827 1220 4887; x_wconf 82' lang='lat' dir='ltr'><strong>ita</strong></span> <span class='ocrx_word' id='word_1_716' title='bbox 1250 4838 1516 4883; x_wconf 86' lang='lat' dir='ltr'><strong>statuunt.</strong></span> <span class='ocrx_word' id='word_1_717' title='bbox 1562 4830 1694 4884; x_wconf 85' lang='lat' dir='ltr'><strong>Nam</strong></span> <span class='ocrx_word' id='word_1_718' title='bbox 1740 4833 1782 4884; x_wconf 90' lang='lat' dir='ltr'><strong>si</strong></span> <span class='ocrx_word' id='word_1_719' title='bbox 1818 4850 2003 4902; x_wconf 78' lang='lat' dir='ltr'><strong>magna</strong></span> <span class='ocrx_word' id='word_1_720' title='bbox 2037 4847 2119 4891; x_wconf 87' lang='lat' dir='ltr'><strong>est</strong></span> <span class='ocrx_word' id='word_1_721' title='bbox 2147 4850 2200 4893; x_wconf 85' lang='lat' dir='ltr'><strong>et</strong></span> 
     </span>
    </p>
   </div>
   <div class='ocr_carea' id='block_1_98' title="bbox 644 4899 2189 4991">
    <p class='ocr_par' dir='ltr' id='par_1_98' title="bbox 644 4899 2189 4991">
     <span class='ocr_line' id='line_1_98' title="bbox 644 4899 2189 4991; baseline 0.015 -33"><span class='ocrx_word' id='word_1_722' title='bbox 644 4911 1087 4991; x_wconf 68' lang='lat' dir='ltr'><strong>irq‘perccptibilis</strong></span> <span class='ocrx_word' id='word_1_723' title='bbox 1115 4913 1255 4967; x_wconf 88' lang='lat' dir='ltr'><strong>inter</strong></span> <span class='ocrx_word' id='word_1_724' title='bbox 1280 4918 1518 4985; x_wconf 77' lang='lat' dir='ltr'><strong>singulos</strong></span> <span class='ocrx_word' id='word_1_725' title='bbox 1540 4920 1784 4973; x_wconf 86' lang='lat' dir='ltr'><strong>homines</strong></span> <span class='ocrx_word' id='word_1_726' title='bbox 1806 4899 2189 4991; x_wconf 74' lang='lat' dir='ltr'><strong>discrepantia,</strong></span> 
     </span>
    </p>
   </div>
   <div class='ocr_carea' id='block_1_99' title="bbox 640 5001 2193 5076">
    <p class='ocr_par' dir='ltr' id='par_1_99' title="bbox 640 5001 2193 5076">
     <span class='ocr_line' id='line_1_99' title="bbox 640 5001 2193 5076; baseline 0.01 -24"><span class='ocrx_word' id='word_1_727' title='bbox 640 5001 987 5069; x_wconf 72' lang='lat' dir='ltr'><strong>eticujusquc</strong></span> <span class='ocrx_word' id='word_1_728' title='bbox 1018 5001 1185 5069; x_wconf 75' lang='lat' dir='ltr'><strong>ipsius</strong></span> <span class='ocrx_word' id='word_1_729' title='bbox 1217 5012 1567 5063; x_wconf 86' lang='lat' dir='ltr'><strong>commutatio</strong></span> <span class='ocrx_word' id='word_1_730' title='bbox 1612 5012 2031 5076; x_wconf 63' lang='lat' dir='ltr'><strong>etvicissitudo,</strong></span> <span class='ocrx_word' id='word_1_731' title='bbox 2064 5015 2193 5067; x_wconf 84' lang='lat' dir='ltr'><strong>dum</strong></span> 
     </span>
    </p>
   </div>
   <div class='ocr_carea' id='block_1_100' title="bbox 643 5087 2195 5159">
    <p class='ocr_par' dir='ltr' id='par_1_100' title="bbox 643 5087 2195 5159">
     <span class='ocr_line' id='line_1_100' title="bbox 643 5087 2195 5159; baseline 0.012 -19"><span class='ocrx_word' id='word_1_732' title='bbox 643 5087 697 5140; x_wconf 91' lang='lat' dir='ltr'><strong>in</strong></span> <span class='ocrx_word' id='word_1_733' title='bbox 733 5090 853 5143; x_wconf 60' lang='lat' dir='ltr'><strong>vitae</strong></span> <span class='ocrx_word' id='word_1_734' title='bbox 883 5105 1080 5159; x_wconf 79' lang='lat' dir='ltr'><strong>genere</strong></span> <span class='ocrx_word' id='word_1_735' title='bbox 1114 5100 1169 5144; x_wconf 90' lang='lat' dir='ltr'><strong>et</strong></span> <span class='ocrx_word' id='word_1_736' title='bbox 1194 5096 1437 5151; x_wconf 79' lang='lat' dir='ltr'><strong>moribus</strong></span> <span class='ocrx_word' id='word_1_737' title='bbox 1468 5108 1524 5152; x_wconf 89' lang='lat' dir='ltr'><strong>et</strong></span> <span class='ocrx_word' id='word_1_738' title='bbox 1546 5102 1915 5156; x_wconf 79' lang='lat' dir='ltr'><strong>voluntatibus</strong></span> <span class='ocrx_word' id='word_1_739' title='bbox 1937 5113 1991 5157; x_wconf 89' lang='lat' dir='ltr'><strong>et</strong></span> <span class='ocrx_word' id='word_1_740' title='bbox 2020 5106 2195 5159; x_wconf 89' lang='lat' dir='ltr'><strong>consi-</strong></span> 
     </span>
    </p>
   </div>
   <div class='ocr_carea' id='block_1_101' title="bbox 643 5177 2198 5259">
    <p class='ocr_par' dir='ltr' id='par_1_101' title="bbox 643 5177 2198 5259">
     <span class='ocr_line' id='line_1_101' title="bbox 643 5177 2198 5259; baseline 0.013 -31"><span class='ocrx_word' id='word_1_741' title='bbox 643 5177 727 5233; x_wconf 86' lang='lat' dir='ltr'><strong>liis</strong></span> <span class='ocrx_word' id='word_1_742' title='bbox 753 5189 807 5231; x_wconf 88' lang='lat' dir='ltr'><strong>et</strong></span> <span class='ocrx_word' id='word_1_743' title='bbox 842 5180 1249 5249; x_wconf 88' lang='lat' dir='ltr'><strong>cupiditatibus,</strong></span> <span class='ocrx_word' id='word_1_744' title='bbox 1282 5183 1335 5237; x_wconf 93' lang='lat' dir='ltr'><strong>in</strong></span> <span class='ocrx_word' id='word_1_745' title='bbox 1365 5184 1580 5251; x_wconf 86' lang='lat' dir='ltr'><strong>litteris,</strong></span> <span class='ocrx_word' id='word_1_746' title='bbox 1611 5192 1860 5259; x_wconf 85' lang='lat' dir='ltr'><strong>negotiis,</strong></span> <span class='ocrx_word' id='word_1_747' title='bbox 1896 5195 2111 5259; x_wconf 86' lang='lat' dir='ltr'><strong>studiis,</strong></span> <span class='ocrx_word' id='word_1_748' title='bbox 2142 5209 2198 5248; x_wconf 87' lang='lat' dir='ltr'><strong>et</strong></span> 
     </span>
    </p>
   </div>
   <div class='ocr_carea' id='block_1_102' title="bbox 642 5266 2197 5344">
    <p class='ocr_par' dir='ltr' id='par_1_102' title="bbox 642 5266 2197 5344">
     <span class='ocr_line' id='line_1_102' title="bbox 642 5266 2197 5344; baseline 0.011 -24"><span class='ocrx_word' id='word_1_749' title='bbox 642 5266 695 5320; x_wconf 85' lang='lat' dir='ltr'><strong>in</strong></span> <span class='ocrx_word' id='word_1_750' title='bbox 734 5270 863 5337; x_wconf 80' lang='lat' dir='ltr'><strong>ipsis</strong></span> <span class='ocrx_word' id='word_1_751' title='bbox 897 5271 1095 5326; x_wconf 85' lang='lat' dir='ltr'><strong>mentis</strong></span> <span class='ocrx_word' id='word_1_752' title='bbox 1115 5273 1543 5342; x_wconf 68' lang='lat' dir='ltr'><strong>cogitationibus</strong></span> <span class='ocrx_word' id='word_1_753' title='bbox 1567 5292 1701 5343; x_wconf 84' lang='lat' dir='ltr'><strong>pene</strong></span> <span class='ocrx_word' id='word_1_754' title='bbox 1730 5280 1976 5344; x_wconf 88' lang='lat' dir='ltr'><strong>infinitis,</strong></span> <span class='ocrx_word' id='word_1_755' title='bbox 2017 5284 2197 5343; x_wconf 64' lang='lat' dir='ltr'><strong>omni,-</strong></span> 
     </span>
    </p>
   </div>
   <div class='ocr_carea' id='block_1_103' title="bbox 640 5360 2199 5437">
    <p class='ocr_par' dir='ltr' id='par_1_103' title="bbox 640 5360 2199 5437">
     <span class='ocr_line' id='line_1_103' title="bbox 640 5360 2199 5437; baseline 0.01 -24"><span class='ocrx_word' id='word_1_756' title='bbox 640 5360 849 5430; x_wconf 81' lang='lat' dir='ltr'><strong>busque</strong></span> <span class='ocrx_word' id='word_1_757' title='bbox 879 5363 958 5417; x_wconf 89' lang='lat' dir='ltr'><strong>eis</strong></span> <span class='ocrx_word' id='word_1_758' title='bbox 990 5379 1111 5431; x_wconf 72' lang='lat' dir='ltr'><strong>qua:</strong></span> <span class='ocrx_word' id='word_1_759' title='bbox 1139 5364 1383 5433; x_wconf 86' lang='lat' dir='ltr'><strong>quotidie</strong></span> <span class='ocrx_word' id='word_1_760' title='bbox 1407 5372 1464 5419; x_wconf 88' lang='lat' dir='ltr'><strong>et</strong></span> <span class='ocrx_word' id='word_1_761' title='bbox 1503 5366 1727 5435; x_wconf 76' lang='lat' dir='ltr'><strong>singulis</strong></span> <span class='ocrx_word' id='word_1_762' title='bbox 1755 5385 1891 5437; x_wconf 82' lang='lat' dir='ltr'><strong>pene</strong></span> <span class='ocrx_word' id='word_1_763' title='bbox 1916 5374 2071 5428; x_wconf 66' lang='lat' dir='ltr'><strong>horis</strong></span> <span class='ocrx_word' id='word_1_764' title='bbox 2090 5375 2199 5428; x_wconf 86' lang='lat' dir='ltr'><strong>alia</strong></span> 
     </span>
    </p>
   </div>
   <div class='ocr_carea' id='block_1_104' title="bbox 709 5501 1139 5569">
    <p class='ocr_par' dir='ltr' id='par_1_104' title="bbox 709 5501 1139 5569">
     <span class='ocr_line' id='line_1_104' title="bbox 709 5501 1139 5569; baseline 0.005 -14"><span class='ocrx_word' id='word_1_765' title='bbox 709 5508 733 5535; x_wconf 80' lang='grc' dir='ltr'><strong>ο</strong></span> <span class='ocrx_word' id='word_1_766' title='bbox 763 5501 920 5557; x_wconf 78' lang='lat' dir='ltr'><strong>Rom.</strong></span> <span class='ocrx_word' id='word_1_767' title='bbox 955 5518 1026 5569; x_wconf 75' lang='grc' dir='ltr'>χι,</span> <span class='ocrx_word' id='word_1_768' title='bbox 1051 5503 1139 5557; x_wconf 78' lang='grc'><strong>55.</strong></span> 
     </span>
    </p>
   </div>
   <div class='ocr_carea' id='block_1_105' title="bbox 2295 4555 3845 4635">
    <p class='ocr_par' dir='ltr' id='par_1_105' title="bbox 2295 4555 3845 4635">
     <span class='ocr_line' id='line_1_105' title="bbox 2295 4555 3845 4635; baseline -0.008 -15"><span class='ocrx_word' id='word_1_769' title='bbox 2295 4567 2564 4629; x_wconf 78' lang='grc' dir='ltr'>ἀπόδειξιν</span> <span class='ocrx_word' id='word_1_770' title='bbox 2598 4568 2691 4635; x_wconf 82' lang='grc' dir='ltr'>τῆς</span> <span class='ocrx_word' id='word_1_771' title='bbox 2716 4564 2967 4633; x_wconf 79' lang='grc' dir='ltr'>ἀληθείας</span> <span class='ocrx_word' id='word_1_772' title='bbox 2996 4560 3175 4630; x_wconf 76' lang='grc'><strong>(175</strong></span> <span class='ocrx_word' id='word_1_773' title='bbox 3210 4561 3265 4630; x_wconf 88' lang='lat' dir='ltr'><strong>a)</strong></span> <span class='ocrx_word' id='word_1_774' title='bbox 3288 4560 3387 4630; x_wconf 75' lang='grc' dir='ltr'><strong>τὴν</strong></span> <span class='ocrx_word' id='word_1_775' title='bbox 3416 4559 3661 4628; x_wconf 72' lang='grc' dir='ltr'>δύναμιν.</span> <span class='ocrx_word' id='word_1_776' title='bbox 3692 4555 3758 4609; x_wconf 77' lang='lat' dir='ltr'><strong>Et</strong></span> <span class='ocrx_word' id='word_1_777' title='bbox 3792 4556 3845 4607; x_wconf 77' lang='grc' dir='ltr'>δὲ</span> 
     </span>
    </p>
   </div>
   <div class='ocr_carea' id='block_1_106' title="bbox 2294 4648 3843 4727">
    <p class='ocr_par' dir='ltr' id='par_1_106' title="bbox 2294 4648 3843 4727">
     <span class='ocr_line' id='line_1_106' title="bbox 2294 4648 3843 4727; baseline -0.009 -12"><span class='ocrx_word' id='word_1_778' title='bbox 2294 4664 2374 4715; x_wconf 80' lang='grc' dir='ltr'>ὅτι</span> <span class='ocrx_word' id='word_1_779' title='bbox 2404 4659 2780 4727; x_wconf 78' lang='grc' dir='ltr'>ἀκατάληπτος</span> <span class='ocrx_word' id='word_1_780' title='bbox 2811 4648 2940 4726; x_wconf 79' lang='grc' dir='ltr'>ἡμῖν</span> <span class='ocrx_word' id='word_1_781' title='bbox 2963 4656 3060 4722; x_wconf 77' lang='grc' dir='ltr'>τῆς</span> <span class='ocrx_word' id='word_1_782' title='bbox 3100 4656 3203 4705; x_wconf 80' lang='grc' dir='ltr'><strong>τῶν</strong></span> <span class='ocrx_word' id='word_1_783' title='bbox 3232 4654 3369 4707; x_wconf 85' lang='grc' dir='ltr'><strong>κατά</strong></span> <span class='ocrx_word' id='word_1_784' title='bbox 3400 4653 3564 4723; x_wconf 81' lang='grc' dir='ltr'>μέρος</span> <span class='ocrx_word' id='word_1_785' title='bbox 3594 4649 3843 4723; x_wconf 74' lang='grc' dir='ltr'>προνοίας</span> 
     </span>
    </p>
   </div>
   <div class='ocr_carea' id='block_1_107' title="bbox 2293 4733 3837 4814">
    <p class='ocr_par' dir='ltr' id='par_1_107' title="bbox 2293 4733 3837 4814">
     <span class='ocr_line' id='line_1_107' title="bbox 2293 4733 3837 4814; baseline -0.01 -14"><span class='ocrx_word' id='word_1_786' title='bbox 2293 4752 2319 4800; x_wconf 85' lang='grc' dir='ltr'><strong>ὁ</strong></span> <span class='ocrx_word' id='word_1_787' title='bbox 2350 4749 2522 4814; x_wconf 78' lang='grc' dir='ltr'>λόγος.</span> <span class='ocrx_word' id='word_1_788' title='bbox 2547 4746 2734 4812; x_wconf 81' lang='grc' dir='ltr'>ὥσπερ</span> <span class='ocrx_word' id='word_1_789' title='bbox 2768 4739 2857 4796; x_wconf 85' lang='grc' dir='ltr'>οὖν</span> <span class='ocrx_word' id='word_1_790' title='bbox 2893 4743 2986 4795; x_wconf 75' lang='grc' dir='ltr'>καὶ</span> <span class='ocrx_word' id='word_1_791' title='bbox 3011 4741 3121 4791; x_wconf 78' lang='grc' dir='ltr'>ἐστι</span> <span class='ocrx_word' id='word_1_792' title='bbox 3151 4738 3292 4791; x_wconf 83' lang='grc' dir='ltr'><strong>κατά</strong></span> <span class='ocrx_word' id='word_1_793' title='bbox 3317 4738 3400 4800; x_wconf 81' lang='grc' dir='ltr'>τὸ,</span> <span class='ocrx_word' id='word_1_794' title='bbox 3428 4733 3837 4799; x_wconf 78' lang='grc' dir='ltr'><strong>Ὠςάνεξερεύ-</strong></span> 
     </span>
    </p>
   </div>
   <div class='ocr_carea' id='block_1_108' title="bbox 2294 4821 3843 4903">
    <p class='ocr_par' dir='ltr' id='par_1_108' title="bbox 2294 4821 3843 4903">
     <span class='ocr_line' id='line_1_108' title="bbox 2294 4821 3843 4903; baseline -0.012 -12"><span class='ocrx_word' id='word_1_795' title='bbox 2294 4855 2444 4903; x_wconf 69' lang='lat' dir='ltr'><strong>mm</strong></span> <span class='ocrx_word' id='word_1_796' title='bbox 2499 4836 2568 4889; x_wconf 80' lang='grc' dir='ltr'>τὰ</span> <span class='ocrx_word' id='word_1_797' title='bbox 2609 4837 2857 4901; x_wconf 72' lang='grc' dir='ltr'>κρίματα</span> <span class='ocrx_word' id='word_1_798' title='bbox 2905 4833 3089 4887; x_wconf 77' lang='grc' dir='ltr'>αὐτοῦ</span> <span class='ocrx_word' id='word_1_799' title='bbox 3147 4828 3245 4880; x_wconf 79' lang='grc' dir='ltr'>καὶ</span> <span class='ocrx_word' id='word_1_800' title='bbox 3297 4825 3740 4893; x_wconf 78' lang='grc' dir='ltr'>ἀνεξιχνίαστοι</span> <span class='ocrx_word' id='word_1_801' title='bbox 3785 4821 3843 4872; x_wconf 78' lang='grc' dir='ltr'>αι</span> 
     </span>
    </p>
   </div>
   <div class='ocr_carea' id='block_1_109' title="bbox 2299 4903 3839 4989">
    <p class='ocr_par' dir='ltr' id='par_1_109' title="bbox 2299 4903 3839 4989">
     <span class='ocr_line' id='line_1_109' title="bbox 2299 4903 3839 4989; baseline -0.015 -10"><span class='ocrx_word' id='word_1_802' title='bbox 2299 4928 2422 4981; x_wconf 73' lang='grc' dir='ltr'>ὁδοὶ</span> <span class='ocrx_word' id='word_1_803' title='bbox 2449 4926 2654 4982; x_wconf 76' lang='grc' dir='ltr'>αὑτοῦ.</span> <span class='ocrx_word' id='word_1_804' title='bbox 2688 4924 2772 4975; x_wconf 78' lang='grc' dir='ltr'><strong>διὰ</strong></span> <span class='ocrx_word' id='word_1_805' title='bbox 2802 4906 2958 4974; x_wconf 60' lang='grc' dir='ltr'>’ίοῦτο</span> <span class='ocrx_word' id='word_1_806' title='bbox 2998 4924 3156 4989; x_wconf 68' lang='grc' dir='ltr'>φαῖεν</span> <span class='ocrx_word' id='word_1_807' title='bbox 3204 4918 3335 4987; x_wconf 81' lang='grc' dir='ltr'>μηδὲ</span> <span class='ocrx_word' id='word_1_808' title='bbox 3387 4915 3637 4981; x_wconf 79' lang='grc' dir='ltr'>πρόνοιαν</span> <span class='ocrx_word' id='word_1_809' title='bbox 3680 4903 3839 4962; x_wconf 82' lang='grc' dir='ltr'>εἶναι.</span> 
     </span>
    </p>
   </div>
   <div class='ocr_carea' id='block_1_110' title="bbox 2298 4996 3841 5083">
    <p class='ocr_par' dir='ltr' id='par_1_110' title="bbox 2298 4996 3841 5083">
     <span class='ocr_line' id='line_1_110' title="bbox 2298 4996 3841 5083; baseline -0.002 -18"><span class='ocrx_word' id='word_1_810' title='bbox 2298 5016 2395 5066; x_wconf 68' lang='grc' dir='ltr'>οὐκ</span> <span class='ocrx_word' id='word_1_811' title='bbox 2444 5014 2617 5083; x_wconf 81' lang='grc' dir='ltr'>ὀρθῶς</span> <span class='ocrx_word' id='word_1_812' title='bbox 2650 5013 2833 5081; x_wconf 77' lang='grc' dir='ltr'>ἐροῦσι</span> <span class='ocrx_word' id='word_1_813' title='bbox 2883 5011 3024 5063; x_wconf 77' lang='grc' dir='ltr'><strong>κατά</strong></span> <span class='ocrx_word' id='word_1_814' title='bbox 3070 5009 3165 5061; x_wconf 80' lang='grc' dir='ltr'>τὸν</span> <span class='ocrx_word' id='word_1_815' title='bbox 3205 5007 3334 5074; x_wconf 75' lang='grc' dir='ltr'>ὲμὺν</span> <span class='ocrx_word' id='word_1_816' title='bbox 3399 5003 3573 5068; x_wconf 77' lang='grc' dir='ltr'>λόγον-</span> <span class='ocrx_word' id='word_1_817' title='bbox 3616 4997 3684 5051; x_wconf 67' lang='grc' dir='ltr'><strong>Εἰ</strong></span> <span class='ocrx_word' id='word_1_818' title='bbox 3735 4996 3841 5062; x_wconf 77' lang='grc' dir='ltr'><strong>γὰρ</strong></span> 
     </span>
    </p>
   </div>
   <div class='ocr_carea' id='block_1_111' title="bbox 2290 5084 3841 5173">
    <p class='ocr_par' dir='ltr' id='par_1_111' title="bbox 2290 5084 3841 5173">
     <span class='ocr_line' id='line_1_111' title="bbox 2290 5084 3841 5173; baseline -0.015 -17"><span class='ocrx_word' id='word_1_819' title='bbox 2290 5105 2454 5173; x_wconf 76' lang='grc' dir='ltr'>πολλή</span> <span class='ocrx_word' id='word_1_820' title='bbox 2483 5105 2567 5163; x_wconf 86' lang='grc' dir='ltr'><strong>τίς</strong></span> <span class='ocrx_word' id='word_1_821' title='bbox 2594 5105 2738 5153; x_wconf 71' lang='grc' dir='ltr'>ἐστιν</span> <span class='ocrx_word' id='word_1_822' title='bbox 2769 5104 2799 5169; x_wconf 82' lang='grc' dir='ltr'>ὴ</span> <span class='ocrx_word' id='word_1_823' title='bbox 2834 5097 3064 5167; x_wconf 82' lang='grc' dir='ltr'>διαφορὰ</span> <span class='ocrx_word' id='word_1_824' title='bbox 3094 5097 3187 5149; x_wconf 73' lang='grc' dir='ltr'>καὶ</span> <span class='ocrx_word' id='word_1_825' title='bbox 3220 5090 3590 5156; x_wconf 78' lang='grc' dir='ltr'>ἀκατάληπτος</span> <span class='ocrx_word' id='word_1_826' title='bbox 3616 5085 3733 5137; x_wconf 79' lang='grc' dir='ltr'><strong>τῶν</strong></span> <span class='ocrx_word' id='word_1_827' title='bbox 3757 5084 3841 5135; x_wconf 85' lang='grc' dir='ltr'>ἀν-</span> 
     </span>
    </p>
   </div>
   <div class='ocr_carea' id='block_1_112' title="bbox 2292 5174 3841 5262">
    <p class='ocr_par' dir='ltr' id='par_1_112' title="bbox 2292 5174 3841 5262">
     <span class='ocr_line' id='line_1_112' title="bbox 2292 5174 3841 5262; baseline -0.013 -17"><span class='ocrx_word' id='word_1_828' title='bbox 2292 5176 2521 5262; x_wconf 75' lang='grc' dir='ltr'>θρώπων</span> <span class='ocrx_word' id='word_1_829' title='bbox 2570 5195 2797 5245; x_wconf 79' lang='grc' dir='ltr'>ἑκάστου</span> <span class='ocrx_word' id='word_1_830' title='bbox 2848 5189 2983 5259; x_wconf 73' lang='grc' dir='ltr'>πρὸς</span> <span class='ocrx_word' id='word_1_831' title='bbox 3027 5189 3256 5240; x_wconf 72' lang='grc' dir='ltr'>ἕκαστον</span> <span class='ocrx_word' id='word_1_832' title='bbox 3291 5184 3385 5235; x_wconf 82' lang='grc' dir='ltr'>καὶ</span> <span class='ocrx_word' id='word_1_833' title='bbox 3420 5181 3453 5249; x_wconf 73' lang='grc' dir='ltr'>ἠ</span> <span class='ocrx_word' id='word_1_834' title='bbox 3488 5179 3611 5247; x_wconf 75' lang='grc' dir='ltr'>πρὸς</span> <span class='ocrx_word' id='word_1_835' title='bbox 3648 5174 3841 5228; x_wconf 69' lang='grc' dir='ltr'>ἑαυτὸν</span> 
     </span>
    </p>
   </div>
   <div class='ocr_carea' id='block_1_113' title="bbox 2293 5265 3851 5351">
    <p class='ocr_par' dir='ltr' id='par_1_113' title="bbox 2293 5265 3851 5351">
     <span class='ocr_line' id='line_1_113' title="bbox 2293 5265 3851 5351; baseline -0.015 -14"><span class='ocrx_word' id='word_1_836' title='bbox 2293 5287 2519 5337; x_wconf 77' lang='grc' dir='ltr'>ἑκάστου</span> <span class='ocrx_word' id='word_1_837' title='bbox 2543 5282 2831 5351; x_wconf 77' lang='grc' dir='ltr'>ὲναλλαγὴ,</span> <span class='ocrx_word' id='word_1_838' title='bbox 2865 5280 2921 5334; x_wconf 76' lang='grc' dir='ltr'>ἐν</span> <span class='ocrx_word' id='word_1_839' title='bbox 2949 5297 3009 5333; x_wconf 90' lang='grc' dir='ltr'><strong>τε</strong></span> <span class='ocrx_word' id='word_1_840' title='bbox 3041 5278 3174 5347; x_wconf 82' lang='grc' dir='ltr'>βίοις</span> <span class='ocrx_word' id='word_1_841' title='bbox 3197 5275 3289 5327; x_wconf 80' lang='grc' dir='ltr'>καὶ</span> <span class='ocrx_word' id='word_1_842' title='bbox 3312 5270 3467 5339; x_wconf 69' lang='grc' dir='ltr'>ἠθεσι</span> <span class='ocrx_word' id='word_1_843' title='bbox 3486 5265 3851 5351; x_wconf 53' lang='grc' dir='ltr'>καὶγνώμαιςνν</span> 
     </span>
    </p>
   </div>
   <div class='ocr_carea' id='block_1_114' title="bbox 2295 5350 3838 5441">
    <p class='ocr_par' dir='ltr' id='par_1_114' title="bbox 2295 5350 3838 5441">
     <span class='ocr_line' id='line_1_114' title="bbox 2295 5350 3838 5441; baseline -0.013 -14"><span class='ocrx_word' id='word_1_844' title='bbox 2295 5374 2387 5427; x_wconf 74' lang='grc' dir='ltr'>καὶ</span> <span class='ocrx_word' id='word_1_845' title='bbox 2414 5373 2758 5441; x_wconf 81' lang='grc' dir='ltr'>προαιρέσεσι</span> <span class='ocrx_word' id='word_1_846' title='bbox 2788 5350 2880 5425; x_wconf 72' lang='grc' dir='ltr'>καὶ</span> <span class='ocrx_word' id='word_1_847' title='bbox 2912 5366 3247 5436; x_wconf 72' lang='grc' dir='ltr'>ἐπιθυμίαις,</span> <span class='ocrx_word' id='word_1_848' title='bbox 3282 5359 3605 5429; x_wconf 75' lang='grc' dir='ltr'>ἐπιστήμαις</span> <span class='ocrx_word' id='word_1_849' title='bbox 3639 5370 3707 5409; x_wconf 74' lang='grc' dir='ltr'>τι</span> <span class='ocrx_word' id='word_1_850' title='bbox 3745 5350 3838 5408; x_wconf 73' lang='grc' dir='ltr'>καὶ</span> 
     </span>
    </p>
   </div>
   <div class='ocr_carea' id='block_1_115' title="bbox 1881 5623 2541 5678">
    <p class='ocr_par' dir='ltr' id='par_1_115' title="bbox 1881 5623 2541 5678">
     <span class='ocr_line' id='line_1_115' title="bbox 1881 5623 2541 5678; baseline 0.002 -2"><span class='ocrx_word' id='word_1_851' title='bbox 1881 5624 2109 5678; x_wconf 65' lang='grc' dir='ltr'>νΑΒῑιιΕ</span> <span class='ocrx_word' id='word_1_852' title='bbox 2146 5623 2541 5678; x_wconf 79' lang='lat' dir='ltr'><strong>LECTIONES.</strong></span> 
     </span>
    </p>
   </div>
   <div class='ocr_carea' id='block_1_116' title="bbox 711 5721 2688 5803">
    <p class='ocr_par' dir='ltr' id='par_1_116' title="bbox 711 5721 2688 5803">
     <span class='ocr_line' id='line_1_116' title="bbox 711 5721 2688 5803; baseline 0.001 -20"><span class='ocrx_word' id='word_1_853' title='bbox 711 5721 920 5800; x_wconf 60' lang='grc' dir='ltr'><strong>¹¹πκᾳλὰ</strong></span> <span class='ocrx_word' id='word_1_854' title='bbox 943 5729 1063 5780; x_wconf 91' lang='lat' dir='ltr'><strong>cod.</strong></span> <span class='ocrx_word' id='word_1_855' title='bbox 1102 5728 1237 5782; x_wconf 34' lang='lat' dir='ltr'><strong>Gud.</strong></span> <span class='ocrx_word' id='word_1_856' title='bbox 1275 5745 1349 5783; x_wconf 89' lang='lat' dir='ltr'><strong>m.</strong></span> <span class='ocrx_word' id='word_1_857' title='bbox 1376 5745 1458 5799; x_wconf 86' lang='lat' dir='ltr'><strong>pr.</strong></span> <span class='ocrx_word' id='word_1_858' title='bbox 1538 5731 1578 5761; x_wconf 83' lang='lat'>&quot;</span> <span class='ocrx_word' id='word_1_859' title='bbox 1611 5735 2088 5800; x_wconf 64' lang='grc' dir='ltr'>παρασκευάζουσα</span> <span class='ocrx_word' id='word_1_860' title='bbox 2123 5734 2283 5788; x_wconf 86' lang='lat' dir='ltr'><strong>habet</strong></span> <span class='ocrx_word' id='word_1_861' title='bbox 2306 5734 2688 5803; x_wconf 76' lang='lat' dir='ltr'><strong>apographum.</strong></span> 
     </span>
    </p>
   </div>
  </div>
