  <div class='ocr_page' id='page_1' title='image "/cluster/home/n/w/nwhite01/storage/ocr_20150623/91/pst.000005712977/632.png"; bbox 0 0 3986 6346; ppageno 0'>
   <div class='ocr_carea' id='block_1_1' title="bbox 165 539 303 608">
    <p class='ocr_par' dir='ltr' id='par_1_1' title="bbox 165 539 303 608">
     <span class='ocr_line' id='line_1_1' title="bbox 165 539 303 608; baseline -0.022 0"><span class='ocrx_word' id='word_1_1' title='bbox 165 539 303 608; x_wconf 80' lang='lat'><strong>1193</strong></span> 
     </span>
    </p>
   </div>
   <div class='ocr_carea' id='block_1_2' title="bbox 1383 535 2180 600">
    <p class='ocr_par' dir='ltr' id='par_1_2' title="bbox 1383 535 2180 600">
     <span class='ocr_line' id='line_1_2' title="bbox 1383 535 2180 600; baseline -0.008 -1"><span class='ocrx_word' id='word_1_2' title='bbox 1383 538 1903 600; x_wconf 72' lang='lat' dir='ltr'><strong>AMBIGUORUM</strong></span> <span class='ocrx_word' id='word_1_3' title='bbox 1931 535 2180 598; x_wconf 80' lang='lat' dir='ltr'><strong>LIBER.</strong></span> 
     </span>
    </p>
   </div>
   <div class='ocr_carea' id='block_1_3' title="bbox 3230 523 3362 586">
    <p class='ocr_par' dir='ltr' id='par_1_3' title="bbox 3230 523 3362 586">
     <span class='ocr_line' id='line_1_3' title="bbox 3230 523 3362 586; baseline -0.008 0"><span class='ocrx_word' id='word_1_4' title='bbox 3230 523 3362 586; x_wconf 65' lang='grc'><strong>1194</strong></span> 
     </span>
    </p>
   </div>
   <div class='ocr_carea' id='block_1_4' title="bbox 159 633 1727 721">
    <p class='ocr_par' dir='ltr' id='par_1_4' title="bbox 159 645 1707 721">
     <span class='ocr_line' id='line_1_4' title="bbox 159 645 1707 721; baseline 0.001 -22"><span class='ocrx_word' id='word_1_5' title='bbox 159 649 367 721; x_wconf 77' lang='grc' dir='ltr'><strong>χρείαις</strong></span> <span class='ocrx_word' id='word_1_6' title='bbox 398 647 491 700; x_wconf 77' lang='grc' dir='ltr'><strong>καὶ</strong></span> <span class='ocrx_word' id='word_1_7' title='bbox 513 647 902 720; x_wconf 73' lang='grc' dir='ltr'><strong>ἐπιτηδεύμασι</strong></span> <span class='ocrx_word' id='word_1_8' title='bbox 924 646 1019 702; x_wconf 71' lang='grc' dir='ltr'><strong>καὶ</strong></span> <span class='ocrx_word' id='word_1_9' title='bbox 1049 645 1234 709; x_wconf 77' lang='grc' dir='ltr'><strong>αὐτοῖς</strong></span> <span class='ocrx_word' id='word_1_10' title='bbox 1267 648 1377 710; x_wconf 83' lang='grc' dir='ltr'><strong>τοῖς</strong></span> <span class='ocrx_word' id='word_1_11' title='bbox 1420 647 1560 702; x_wconf 82' lang='grc' dir='ltr'><strong>κατὰ</strong></span> <span class='ocrx_word' id='word_1_12' title='bbox 1600 648 1707 717; x_wconf 83' lang='grc' dir='ltr'><strong>ψυ-</strong></span> 
     </span>
    </p>
   </div>
   <div class='ocr_carea' id='block_1_5' title="bbox 1828 633 3365 721">
    <p class='ocr_par' dir='ltr' id='par_1_5' title="bbox 1828 633 3365 711">
     <span class='ocr_line' id='line_1_5' title="bbox 1828 633 3365 711; baseline -0.004 -11"><span class='ocrx_word' id='word_1_13' title='bbox 1828 654 1863 700; x_wconf 74' lang='lat' dir='ltr'><strong>:t</strong></span> <span class='ocrx_word' id='word_1_14' title='bbox 1889 645 1992 700; x_wconf 84' lang='lat' dir='ltr'><strong>alia</strong></span> <span class='ocrx_word' id='word_1_15' title='bbox 2039 633 2294 699; x_wconf 82' lang='lat' dir='ltr'><strong>accidunt</strong></span> <span class='ocrx_word' id='word_1_16' title='bbox 2342 657 2449 697; x_wconf 84' lang='lat' dir='ltr'><strong>una</strong></span> <span class='ocrx_word' id='word_1_17' title='bbox 2494 649 2864 696; x_wconf 77' lang='lat' dir='ltr'><strong>commutatur</strong></span> <span class='ocrx_word' id='word_1_18' title='bbox 2911 638 3186 711; x_wconf 76' lang='lat' dir='ltr'><strong>(versatile</strong></span> <span class='ocrx_word' id='word_1_19' title='bbox 3218 642 3365 695; x_wconf 88' lang='lat' dir='ltr'><strong>enim</strong></span> 
     </span>
    </p>
   </div>
   <div class='ocr_carea' id='block_1_6' title="bbox 158 727 1709 811">
    <p class='ocr_par' dir='ltr' id='par_1_6' title="bbox 158 727 1709 811">
     <span class='ocr_line' id='line_1_6' title="bbox 158 727 1709 811; baseline 0.001 -21"><span class='ocrx_word' id='word_1_20' title='bbox 158 740 264 810; x_wconf 75' lang='grc' dir='ltr'><strong>χὴν</strong></span> <span class='ocrx_word' id='word_1_21' title='bbox 291 739 570 808; x_wconf 74' lang='grc' dir='ltr'><strong>λογισμοῖς</strong></span> <span class='ocrx_word' id='word_1_22' title='bbox 597 739 843 811; x_wconf 79' lang='grc' dir='ltr'><strong>ἀπείροις</strong></span> <span class='ocrx_word' id='word_1_23' title='bbox 868 735 989 792; x_wconf 76' lang='grc' dir='ltr'><strong>οὖσι</strong></span> <span class='ocrx_word' id='word_1_24' title='bbox 1016 736 1228 809; x_wconf 69' lang='grc' dir='ltr'><strong>σχεδὸν,</strong></span> <span class='ocrx_word' id='word_1_25' title='bbox 1275 737 1371 790; x_wconf 72' lang='grc' dir='ltr'><strong>καὶ</strong></span> <span class='ocrx_word' id='word_1_26' title='bbox 1416 739 1550 791; x_wconf 76' lang='grc' dir='ltr'><strong>πᾶσι</strong></span> <span class='ocrx_word' id='word_1_27' title='bbox 1600 727 1709 800; x_wconf 63' lang='lat' dir='ltr'><strong>toi;</strong></span> 
     </span>
    </p>
   </div>
   <div class='ocr_carea' id='block_1_7' title="bbox 157 827 1713 900">
    <p class='ocr_par' dir='ltr' id='par_1_7' title="bbox 157 827 1713 900">
     <span class='ocr_line' id='line_1_7' title="bbox 157 827 1713 900; baseline -0.001 -18"><span class='ocrx_word' id='word_1_28' title='bbox 157 830 283 883; x_wconf 77' lang='grc' dir='ltr'><strong>καθ’</strong></span> <span class='ocrx_word' id='word_1_29' title='bbox 309 830 550 899; x_wconf 80' lang='grc' dir='ltr'><strong>ἑκάστην</strong></span> <span class='ocrx_word' id='word_1_30' title='bbox 571 831 782 900; x_wconf 76' lang='grc' dir='ltr'><strong>ἡμέραν</strong></span> <span class='ocrx_word' id='word_1_31' title='bbox 811 830 902 883; x_wconf 78' lang='grc' dir='ltr'><strong>καὶ</strong></span> <span class='ocrx_word' id='word_1_32' title='bbox 921 829 1070 900; x_wconf 79' lang='grc' dir='ltr'><strong>ὥραν</strong></span> <span class='ocrx_word' id='word_1_33' title='bbox 1099 827 1555 898; x_wconf 75' lang='grc' dir='ltr'><strong>ὲπισυμὸαίνουσι</strong></span> <span class='ocrx_word' id='word_1_34' title='bbox 1579 845 1713 897; x_wconf 79' lang='grc' dir='ltr'><strong>συμσ</strong></span> 
     </span>
    </p>
   </div>
   <div class='ocr_carea' id='block_1_8' title="bbox 159 915 1713 990">
    <p class='ocr_par' dir='ltr' id='par_1_8' title="bbox 159 915 1713 990">
     <span class='ocr_line' id='line_1_8' title="bbox 159 915 1713 990; baseline -0.003 -18"><span class='ocrx_word' id='word_1_35' title='bbox 159 919 634 990; x_wconf 75' lang='grc' dir='ltr'><strong>μεταὸαλλομένου</strong></span> <span class='ocrx_word' id='word_1_36' title='bbox 681 919 1068 990; x_wconf 76' lang='grc' dir='ltr'><strong>(ἀγχίστροφον</strong></span> <span class='ocrx_word' id='word_1_37' title='bbox 1109 917 1218 987; x_wconf 84' lang='grc' dir='ltr'><strong>γὰρ</strong></span> <span class='ocrx_word' id='word_1_38' title='bbox 1249 916 1409 970; x_wconf 88' lang='grc' dir='ltr'><strong>τοῦτο</strong></span> <span class='ocrx_word' id='word_1_39' title='bbox 1437 916 1500 968; x_wconf 85' lang='grc' dir='ltr'><strong>τδ</strong></span> <span class='ocrx_word' id='word_1_40' title='bbox 1519 915 1656 980; x_wconf 77' lang='grc' dir='ltr'><strong>ζῶον</strong></span> <span class='ocrx_word' id='word_1_41' title='bbox 1684 917 1713 968; x_wconf 90' lang='lat'><strong>6</strong></span> 
     </span>
    </p>
   </div>
   <div class='ocr_carea' id='block_1_9' title="bbox 156 1000 1713 1080">
    <p class='ocr_par' dir='ltr' id='par_1_9' title="bbox 156 1000 1713 1080">
     <span class='ocr_line' id='line_1_9' title="bbox 156 1000 1713 1080; baseline -0.004 -16"><span class='ocrx_word' id='word_1_42' title='bbox 156 1012 465 1080; x_wconf 82' lang='grc' dir='ltr'><strong>ἅνθρωπος,</strong></span> <span class='ocrx_word' id='word_1_43' title='bbox 489 1010 659 1074; x_wconf 78' lang='grc' dir='ltr'><strong>ὀξέως</strong></span> <span class='ocrx_word' id='word_1_44' title='bbox 690 1012 804 1073; x_wconf 78' lang='grc' dir='ltr'><strong>τοῖς</strong></span> <span class='ocrx_word' id='word_1_45' title='bbox 831 1011 1042 1080; x_wconf 84' lang='grc' dir='ltr'><strong>καιροῖς</strong></span> <span class='ocrx_word' id='word_1_46' title='bbox 1069 1000 1162 1060; x_wconf 69' lang='grc' dir='ltr'><strong>καὶ</strong></span> <span class='ocrx_word' id='word_1_47' title='bbox 1187 1010 1306 1069; x_wconf 79' lang='grc' dir='ltr'><strong>ταῖς</strong></span> <span class='ocrx_word' id='word_1_48' title='bbox 1337 1005 1547 1076; x_wconf 79' lang='grc' dir='ltr'><strong>χρείαις</strong></span> <span class='ocrx_word' id='word_1_49' title='bbox 1575 1021 1713 1076; x_wconf 86' lang='grc' dir='ltr'><strong>συμ-</strong></span> 
     </span>
    </p>
   </div>
   <div class='ocr_carea' id='block_1_10' title="bbox 120 1084 1713 1170">
    <p class='ocr_par' dir='ltr' id='par_1_10' title="bbox 120 1084 1713 1170">
     <span class='ocr_line' id='line_1_10' title="bbox 120 1084 1713 1170; baseline -0.004 -16"><span class='ocrx_word' id='word_1_50' title='bbox 120 1084 125 1088; x_wconf 39' lang='grc'><em>’</em></span> <span class='ocrx_word' id='word_1_51' title='bbox 157 1101 676 1170; x_wconf 73' lang='grc' dir='ltr'><strong>μεταϐαλλόμενον),</strong></span> <span class='ocrx_word' id='word_1_52' title='bbox 722 1101 934 1169; x_wconf 78' lang='grc' dir='ltr'><strong>ἀνάγκη</strong></span> <span class='ocrx_word' id='word_1_53' title='bbox 977 1099 1128 1152; x_wconf 77' lang='grc' dir='ltr'><strong>πᾶσα</strong></span> <span class='ocrx_word' id='word_1_54' title='bbox 1166 1099 1257 1151; x_wconf 81' lang='grc' dir='ltr'><strong>καὶ</strong></span> <span class='ocrx_word' id='word_1_55' title='bbox 1298 1099 1397 1168; x_wconf 84' lang='grc' dir='ltr'><strong>τὴν</strong></span> <span class='ocrx_word' id='word_1_56' title='bbox 1436 1097 1713 1166; x_wconf 86' lang='grc' dir='ltr'><strong>πρόνοιαν,</strong></span> 
     </span>
    </p>
   </div>
   <div class='ocr_carea' id='block_1_11' title="bbox 155 1188 1717 1264">
    <p class='ocr_par' dir='ltr' id='par_1_11' title="bbox 155 1188 1717 1264">
     <span class='ocr_line' id='line_1_11' title="bbox 155 1188 1717 1264; baseline -0.003 -19"><span class='ocrx_word' id='word_1_57' title='bbox 155 1193 582 1264; x_wconf 56' lang='lat' dir='ltr'><strong>«parvulos-m6);</strong></span> <span class='ocrx_word' id='word_1_58' title='bbox 608 1195 784 1246; x_wconf 88' lang='grc' dir='ltr'><strong>πάντα</strong></span> <span class='ocrx_word' id='word_1_59' title='bbox 811 1191 1194 1260; x_wconf 80' lang='grc' dir='ltr'><strong>συνειληφυῐαν</strong></span> <span class='ocrx_word' id='word_1_60' title='bbox 1213 1190 1358 1245; x_wconf 84' lang='grc' dir='ltr'><strong>κατὰ</strong></span> <span class='ocrx_word' id='word_1_61' title='bbox 1376 1188 1717 1260; x_wconf 82' lang='grc' dir='ltr'><strong>περιγραφὴν</strong></span> 
     </span>
    </p>
   </div>
   <div class='ocr_carea' id='block_1_12' title="bbox 154 1280 1716 1353">
    <p class='ocr_par' dir='ltr' id='par_1_12' title="bbox 154 1280 1716 1353">
     <span class='ocr_line' id='line_1_12' title="bbox 154 1280 1716 1353; baseline -0.003 -17"><span class='ocrx_word' id='word_1_62' title='bbox 154 1288 226 1338; x_wconf 79' lang='grc' dir='ltr'><strong>τὰ</strong></span> <span class='ocrx_word' id='word_1_63' title='bbox 260 1286 378 1338; x_wconf 81' lang='grc' dir='ltr'><strong>καθ’</strong></span> <span class='ocrx_word' id='word_1_64' title='bbox 409 1285 639 1348; x_wconf 69' lang='grc' dir='ltr'><strong>ἕκαστα,</strong></span> <span class='ocrx_word' id='word_1_65' title='bbox 669 1284 922 1353; x_wconf 82' lang='grc' dir='ltr'><strong>διάφορόν</strong></span> <span class='ocrx_word' id='word_1_66' title='bbox 950 1300 1011 1336; x_wconf 86' lang='grc' dir='ltr'><strong>τε</strong></span> <span class='ocrx_word' id='word_1_67' title='bbox 1037 1286 1132 1336; x_wconf 71' lang='grc' dir='ltr'><strong>καὶ</strong></span> <span class='ocrx_word' id='word_1_68' title='bbox 1157 1281 1408 1351; x_wconf 73' lang='grc' dir='ltr'><strong>ποικίλην</strong></span> <span class='ocrx_word' id='word_1_69' title='bbox 1434 1280 1716 1350; x_wconf 79' lang='grc' dir='ltr'><strong>φαίνεσθαι</strong></span> 
     </span>
    </p>
   </div>
   <div class='ocr_carea' id='block_1_13' title="bbox 157 1360 1712 1444">
    <p class='ocr_par' dir='ltr' id='par_1_13' title="bbox 157 1360 1712 1444">
     <span class='ocr_line' id='line_1_13' title="bbox 157 1360 1712 1444; baseline -0.003 -17"><span class='ocrx_word' id='word_1_70' title='bbox 157 1377 255 1427; x_wconf 72' lang='grc' dir='ltr'><strong>καὶ</strong></span> <span class='ocrx_word' id='word_1_71' title='bbox 291 1374 598 1443; x_wconf 82' lang='grc' dir='ltr'><strong>πολυσχιδῆ,</strong></span> <span class='ocrx_word' id='word_1_72' title='bbox 630 1375 725 1427; x_wconf 75' lang='grc' dir='ltr'><strong>καὶ</strong></span> <span class='ocrx_word' id='word_1_73' title='bbox 745 1376 812 1444; x_wconf 76' lang='grc' dir='ltr'><strong>τῇ</strong></span> <span class='ocrx_word' id='word_1_74' title='bbox 842 1373 947 1427; x_wconf 85' lang='grc' dir='ltr'><strong>τῶν</strong></span> <span class='ocrx_word' id='word_1_75' title='bbox 968 1371 1427 1443; x_wconf 81' lang='grc' dir='ltr'><strong>πεπληθυσμὲνων</strong></span> <span class='ocrx_word' id='word_1_76' title='bbox 1444 1360 1712 1440; x_wconf 71' lang='grc' dir='ltr'><strong>ἀκαταλη-</strong></span> 
     </span>
    </p>
   </div>
   <div class='ocr_carea' id='block_1_14' title="bbox 157 1459 1717 1534">
    <p class='ocr_par' dir='ltr' id='par_1_14' title="bbox 157 1459 1717 1534">
     <span class='ocr_line' id='line_1_14' title="bbox 157 1459 1717 1534; baseline -0.001 -20"><span class='ocrx_word' id='word_1_77' title='bbox 157 1464 267 1534; x_wconf 43' lang='lat' dir='ltr'><strong>illi;</strong></span> <span class='ocrx_word' id='word_1_78' title='bbox 301 1463 774 1532; x_wconf 85' lang='grc' dir='ltr'><strong>συνεκτεινομένην</strong></span> <span class='ocrx_word' id='word_1_79' title='bbox 813 1463 1027 1532; x_wconf 72' lang='grc' dir='ltr'><strong>ἑκάστῳ</strong></span> <span class='ocrx_word' id='word_1_80' title='bbox 1066 1460 1394 1532; x_wconf 75' lang='grc' dir='ltr'><strong>προσφόρως</strong></span> <span class='ocrx_word' id='word_1_81' title='bbox 1427 1459 1548 1513; x_wconf 85' lang='grc' dir='ltr'><strong>καθ’</strong></span> <span class='ocrx_word' id='word_1_82' title='bbox 1586 1459 1717 1513; x_wconf 75' lang='grc' dir='ltr'><strong>ἕκα-</strong></span> 
     </span>
    </p>
   </div>
   <div class='ocr_carea' id='block_1_15' title="bbox 163 1550 1719 1624">
    <p class='ocr_par' dir='ltr' id='par_1_15' title="bbox 163 1550 1719 1624">
     <span class='ocr_line' id='line_1_15' title="bbox 163 1550 1719 1624; baseline -0.002 -20"><span class='ocrx_word' id='word_1_83' title='bbox 163 1571 294 1604; x_wconf 86' lang='grc' dir='ltr'><strong>στον</strong></span> <span class='ocrx_word' id='word_1_84' title='bbox 321 1554 411 1605; x_wconf 71' lang='grc' dir='ltr'><strong>καὶ</strong></span> <span class='ocrx_word' id='word_1_85' title='bbox 440 1555 671 1624; x_wconf 81' lang='grc' dir='ltr'><strong>πρᾶγμα</strong></span> <span class='ocrx_word' id='word_1_86' title='bbox 712 1554 808 1607; x_wconf 68' lang='grc' dir='ltr'><strong>καὶ</strong></span> <span class='ocrx_word' id='word_1_87' title='bbox 843 1554 1040 1623; x_wconf 85' lang='grc' dir='ltr'><strong>νόημα,</strong></span> <span class='ocrx_word' id='word_1_88' title='bbox 1085 1552 1246 1622; x_wconf 82' lang='grc' dir='ltr'><strong>μέχρι</strong></span> <span class='ocrx_word' id='word_1_89' title='bbox 1286 1553 1382 1604; x_wconf 78' lang='grc' dir='ltr'><strong>καὶ</strong></span> <span class='ocrx_word' id='word_1_90' title='bbox 1411 1551 1519 1604; x_wconf 90' lang='grc' dir='ltr'><strong>τῶν</strong></span> <span class='ocrx_word' id='word_1_91' title='bbox 1549 1550 1719 1618; x_wconf 79' lang='grc' dir='ltr'><strong>ψιλῶν</strong></span> 
     </span>
    </p>
   </div>
   <div class='ocr_carea' id='block_1_16' title="bbox 163 1642 1718 1714">
    <p class='ocr_par' dir='ltr' id='par_1_16' title="bbox 163 1642 1718 1714">
     <span class='ocr_line' id='line_1_16' title="bbox 163 1642 1718 1714; baseline -0.003 -18"><span class='ocrx_word' id='word_1_92' title='bbox 163 1645 478 1713; x_wconf 78' lang='grc' dir='ltr'><strong>κινημάτων</strong></span> <span class='ocrx_word' id='word_1_93' title='bbox 508 1645 616 1698; x_wconf 83' lang='grc' dir='ltr'><strong>τῶν</strong></span> <span class='ocrx_word' id='word_1_94' title='bbox 644 1645 783 1697; x_wconf 76' lang='grc' dir='ltr'><strong>κατὰ</strong></span> <span class='ocrx_word' id='word_1_95' title='bbox 805 1644 982 1714; x_wconf 79' lang='grc' dir='ltr'><strong>ψυχὴν</strong></span> <span class='ocrx_word' id='word_1_96' title='bbox 1011 1644 1280 1712; x_wconf 74' lang='grc' dir='ltr'><strong>καὶσῶμα</strong></span> <span class='ocrx_word' id='word_1_97' title='bbox 1297 1642 1718 1710; x_wconf 81' lang='grc' dir='ltr'><strong>συνισταμένων,</strong></span> 
     </span>
    </p>
   </div>
   <div class='ocr_carea' id='block_1_17' title="bbox 158 1729 1722 1803">
    <p class='ocr_par' dir='ltr' id='par_1_17' title="bbox 158 1729 1722 1803">
     <span class='ocr_line' id='line_1_17' title="bbox 158 1729 1722 1803; baseline 0.001 -20"><span class='ocrx_word' id='word_1_98' title='bbox 158 1733 518 1800; x_wconf 81' lang='grc' dir='ltr'><strong>ἁρμόζεσθαι.</strong></span> <span class='ocrx_word' id='word_1_99' title='bbox 557 1729 885 1786; x_wconf 80' lang='grc' dir='ltr'><strong>Είοῦν.τῶν</strong></span> <span class='ocrx_word' id='word_1_100' title='bbox 935 1734 1077 1786; x_wconf 82' lang='grc' dir='ltr'><strong>κατὰ</strong></span> <span class='ocrx_word' id='word_1_101' title='bbox 1122 1733 1289 1803; x_wconf 81' lang='grc' dir='ltr'><strong>μέρος</strong></span> <span class='ocrx_word' id='word_1_102' title='bbox 1338 1732 1722 1803; x_wconf 81' lang='grc' dir='ltr'><strong>άκατάληπτός</strong></span> 
     </span>
    </p>
   </div>
   <div class='ocr_carea' id='block_1_18' title="bbox 157 1822 1723 1894">
    <p class='ocr_par' dir='ltr' id='par_1_18' title="bbox 157 1822 1723 1894">
     <span class='ocr_line' id='line_1_18' title="bbox 157 1822 1723 1894; baseline 0.002 -21"><span class='ocrx_word' id='word_1_103' title='bbox 157 1824 305 1874; x_wconf 79' lang='grc' dir='ltr'><strong>ἐστιν</strong></span> <span class='ocrx_word' id='word_1_104' title='bbox 330 1824 362 1890; x_wconf 82' lang='grc' dir='ltr'>ἡ</span> <span class='ocrx_word' id='word_1_105' title='bbox 397 1822 648 1891; x_wconf 80' lang='grc' dir='ltr'><strong>διαφορὰ,</strong></span> <span class='ocrx_word' id='word_1_106' title='bbox 682 1825 776 1875; x_wconf 73' lang='grc' dir='ltr'><strong>καὶ</strong></span> <span class='ocrx_word' id='word_1_107' title='bbox 799 1824 896 1891; x_wconf 81' lang='grc' dir='ltr'><strong>τῆς</strong></span> <span class='ocrx_word' id='word_1_108' title='bbox 927 1823 1268 1894; x_wconf 79' lang='grc' dir='ltr'><strong>ἁρμοζούσης</strong></span> <span class='ocrx_word' id='word_1_109' title='bbox 1293 1823 1476 1886; x_wconf 81' lang='grc' dir='ltr'><strong>αὐτοῖς</strong></span> <span class='ocrx_word' id='word_1_110' title='bbox 1502 1823 1723 1886; x_wconf 80' lang='grc' dir='ltr'><strong>εἰκότως</strong></span> 
     </span>
    </p>
   </div>
   <div class='ocr_carea' id='block_1_19' title="bbox 159 1913 1721 1984">
    <p class='ocr_par' dir='ltr' id='par_1_19' title="bbox 159 1913 1721 1984">
     <span class='ocr_line' id='line_1_19' title="bbox 159 1913 1721 1984; baseline -0.001 -18"><span class='ocrx_word' id='word_1_111' title='bbox 159 1916 416 1983; x_wconf 82' lang='grc' dir='ltr'><strong>προνοίας</strong></span> <span class='ocrx_word' id='word_1_112' title='bbox 446 1915 667 1983; x_wconf 78' lang='grc' dir='ltr'><strong>ἄπειρος</strong></span> <span class='ocrx_word' id='word_1_113' title='bbox 708 1915 736 1966; x_wconf 98' lang='lat'><strong>6</strong></span> <span class='ocrx_word' id='word_1_114' title='bbox 761 1914 937 1981; x_wconf 87' lang='grc' dir='ltr'><strong>λόγος,</strong></span> <span class='ocrx_word' id='word_1_115' title='bbox 974 1913 1089 1966; x_wconf 79' lang='grc' dir='ltr'><strong>ἀλλ’</strong></span> <span class='ocrx_word' id='word_1_116' title='bbox 1121 1914 1240 1973; x_wconf 82' lang='grc' dir='ltr'><strong>οὐκ.</strong></span> <span class='ocrx_word' id='word_1_117' title='bbox 1283 1915 1469 1984; x_wconf 74' lang='grc' dir='ltr'><strong>ἐπειδὴ</strong></span> <span class='ocrx_word' id='word_1_118' title='bbox 1499 1914 1721 1983; x_wconf 80' lang='grc' dir='ltr'><strong>ἄπειρός</strong></span> 
     </span>
    </p>
   </div>
   <div class='ocr_carea' id='block_1_20' title="bbox 1812 731 3369 802">
    <p class='ocr_par' dir='ltr' id='par_1_20' title="bbox 1812 731 3369 802">
     <span class='ocr_line' id='line_1_20' title="bbox 1812 731 3369 802; baseline -0.004 -10"><span class='ocrx_word' id='word_1_119' title='bbox 1812 739 1935 802; x_wconf 83' lang='lat' dir='ltr'><strong>hoc,</strong></span> <span class='ocrx_word' id='word_1_120' title='bbox 1989 736 2076 790; x_wconf 89' lang='lat' dir='ltr'><strong>cui</strong></span> <span class='ocrx_word' id='word_1_121' title='bbox 2135 736 2299 790; x_wconf 84' lang='lat' dir='ltr'><strong>homo</strong></span> <span class='ocrx_word' id='word_1_122' title='bbox 2351 749 2550 788; x_wconf 88' lang='lat' dir='ltr'><strong>nomen</strong></span> <span class='ocrx_word' id='word_1_123' title='bbox 2603 741 2708 796; x_wconf 90' lang='lat' dir='ltr'><strong>est,</strong></span> <span class='ocrx_word' id='word_1_124' title='bbox 2779 731 3001 795; x_wconf 80' lang='lat' dir='ltr'><strong>animal,</strong></span> <span class='ocrx_word' id='word_1_125' title='bbox 3071 731 3180 785; x_wconf 90' lang='lat' dir='ltr'><strong>cito</strong></span> <span class='ocrx_word' id='word_1_126' title='bbox 3231 740 3369 786; x_wconf 86' lang='lat' dir='ltr'><strong>tem-</strong></span> 
     </span>
    </p>
   </div>
   <div class='ocr_carea' id='block_1_21' title="bbox 1812 821 3371 896">
    <p class='ocr_par' dir='ltr' id='par_1_21' title="bbox 1812 821 3371 896">
     <span class='ocr_line' id='line_1_21' title="bbox 1812 821 3371 896; baseline -0.002 -16"><span class='ocrx_word' id='word_1_127' title='bbox 1812 827 2036 896; x_wconf 83' lang='lat' dir='ltr'><strong>poribus</strong></span> <span class='ocrx_word' id='word_1_128' title='bbox 2064 834 2226 894; x_wconf 89' lang='lat' dir='ltr'><strong>atque</strong></span> <span class='ocrx_word' id='word_1_129' title='bbox 2256 822 2668 880; x_wconf 85' lang='lat' dir='ltr'><strong>necessitatibus</strong></span> <span class='ocrx_word' id='word_1_130' title='bbox 2687 821 3126 895; x_wconf 83' lang='lat' dir='ltr'><strong>commutatum),</strong></span> <span class='ocrx_word' id='word_1_131' title='bbox 3150 836 3371 877; x_wconf 84' lang='lat' dir='ltr'><strong>necesse</strong></span> 
     </span>
    </p>
   </div>
   <div class='ocr_carea' id='block_1_22' title="bbox 1810 914 3371 992">
    <p class='ocr_par' dir='ltr' id='par_1_22' title="bbox 1810 914 3371 992">
     <span class='ocr_line' id='line_1_22' title="bbox 1810 914 3371 992; baseline -0.003 -21"><span class='ocrx_word' id='word_1_132' title='bbox 1810 927 1896 971; x_wconf 89' lang='lat' dir='ltr'><strong>est</strong></span> <span class='ocrx_word' id='word_1_133' title='bbox 1942 915 2164 970; x_wconf 81' lang='lat' dir='ltr'><strong>omnino</strong></span> <span class='ocrx_word' id='word_1_134' title='bbox 2196 915 2593 992; x_wconf 67' lang='lat' dir='ltr'><strong>providentiam</strong></span> <span class='ocrx_word' id='word_1_135' title='bbox 2633 929 2874 982; x_wconf 86' lang='lat' dir='ltr'><strong>quoque,</strong></span> <span class='ocrx_word' id='word_1_136' title='bbox 2907 914 3132 983; x_wconf 64' lang='lat' dir='ltr'><strong>praescie</strong></span> <span class='ocrx_word' id='word_1_137' title='bbox 3177 923 3371 985; x_wconf 84' lang='lat' dir='ltr'><strong>cuneta</strong></span> 
     </span>
    </p>
   </div>
   <div class='ocr_carea' id='block_1_23' title="bbox 1815 1004 3373 1075">
    <p class='ocr_par' dir='ltr' id='par_1_23' title="bbox 1815 1004 3373 1075">
     <span class='ocr_line' id='line_1_23' title="bbox 1815 1004 3373 1075; baseline -0.002 -15"><span class='ocrx_word' id='word_1_138' title='bbox 1815 1023 1912 1075; x_wconf 86' lang='lat' dir='ltr'><strong>per</strong></span> <span class='ocrx_word' id='word_1_139' title='bbox 1950 1006 2159 1075; x_wconf 76' lang='lat' dir='ltr'><strong>singula</strong></span> <span class='ocrx_word' id='word_1_140' title='bbox 2201 1005 2411 1059; x_wconf 87' lang='lat' dir='ltr'><strong>ambitu</strong></span> <span class='ocrx_word' id='word_1_141' title='bbox 2457 1018 2558 1059; x_wconf 87' lang='lat' dir='ltr'><strong>suo</strong></span> <span class='ocrx_word' id='word_1_142' title='bbox 2600 1005 3073 1074; x_wconf 79' lang='lat' dir='ltr'><strong>complectentem,</strong></span> <span class='ocrx_word' id='word_1_143' title='bbox 3100 1004 3373 1059; x_wconf 85' lang='lat' dir='ltr'><strong>diversam</strong></span> 
     </span>
    </p>
   </div>
   <div class='ocr_carea' id='block_1_24' title="bbox 1812 1095 3374 1166">
    <p class='ocr_par' dir='ltr' id='par_1_24' title="bbox 1812 1095 3374 1166">
     <span class='ocr_line' id='line_1_24' title="bbox 1812 1095 3374 1166; baseline -0.003 -15"><span class='ocrx_word' id='word_1_144' title='bbox 1812 1109 1868 1152; x_wconf 88' lang='lat' dir='ltr'><strong>et</strong></span> <span class='ocrx_word' id='word_1_145' title='bbox 1899 1098 2105 1150; x_wconf 88' lang='lat' dir='ltr'><strong>variam</strong></span> <span class='ocrx_word' id='word_1_146' title='bbox 2143 1105 2199 1150; x_wconf 92' lang='lat' dir='ltr'><strong>et</strong></span> <span class='ocrx_word' id='word_1_147' title='bbox 2242 1095 2599 1165; x_wconf 80' lang='lat' dir='ltr'><strong>multiplicem</strong></span> <span class='ocrx_word' id='word_1_148' title='bbox 2626 1095 2820 1159; x_wconf 81' lang='lat' dir='ltr'><strong>videri,</strong></span> <span class='ocrx_word' id='word_1_149' title='bbox 2867 1105 3054 1166; x_wconf 88' lang='lat' dir='ltr'><strong>atque,</strong></span> <span class='ocrx_word' id='word_1_150' title='bbox 3093 1109 3221 1149; x_wconf 88' lang='lat' dir='ltr'><strong>cum</strong></span> <span class='ocrx_word' id='word_1_151' title='bbox 3250 1111 3374 1150; x_wconf 84' lang='lat' dir='ltr'><strong>una</strong></span> 
     </span>
    </p>
   </div>
   <div class='ocr_carea' id='block_1_25' title="bbox 1814 1187 3374 1257">
    <p class='ocr_par' dir='ltr' id='par_1_25' title="bbox 1814 1187 3374 1257">
     <span class='ocr_line' id='line_1_25' title="bbox 1814 1187 3374 1257; baseline -0.003 -17"><span class='ocrx_word' id='word_1_152' title='bbox 1814 1202 1938 1241; x_wconf 88' lang='lat' dir='ltr'><strong>cum</strong></span> <span class='ocrx_word' id='word_1_153' title='bbox 1973 1189 2139 1243; x_wconf 82' lang='lat' dir='ltr'><strong>rebus</strong></span> <span class='ocrx_word' id='word_1_154' title='bbox 2164 1189 2303 1244; x_wconf 91' lang='lat' dir='ltr'><strong>adeo</strong></span> <span class='ocrx_word' id='word_1_155' title='bbox 2331 1187 2711 1257; x_wconf 85' lang='lat' dir='ltr'><strong>multiplicatis</strong></span> <span class='ocrx_word' id='word_1_156' title='bbox 2757 1197 2815 1240; x_wconf 92' lang='lat' dir='ltr'><strong>ut</strong></span> <span class='ocrx_word' id='word_1_157' title='bbox 2855 1201 3086 1240; x_wconf 85' lang='lat' dir='ltr'><strong>numero</strong></span> <span class='ocrx_word' id='word_1_158' title='bbox 3121 1201 3374 1254; x_wconf 78' lang='lat' dir='ltr'><strong>compre-</strong></span> 
     </span>
    </p>
   </div>
   <div class='ocr_carea' id='block_1_26' title="bbox 1814 1277 3377 1348">
    <p class='ocr_par' dir='ltr' id='par_1_26' title="bbox 1814 1277 3377 1348">
     <span class='ocr_line' id='line_1_26' title="bbox 1814 1277 3377 1348; baseline -0.003 -16"><span class='ocrx_word' id='word_1_159' title='bbox 1814 1278 1980 1332; x_wconf 83' lang='lat' dir='ltr'><strong>hendi</strong></span> <span class='ocrx_word' id='word_1_160' title='bbox 2000 1287 2274 1348; x_wconf 77' lang='lat' dir='ltr'><strong>nequeant</strong></span> <span class='ocrx_word' id='word_1_161' title='bbox 2290 1278 2641 1341; x_wconf 71' lang='lat' dir='ltr'><strong>extendatur,</strong></span> <span class='ocrx_word' id='word_1_162' title='bbox 2664 1277 2966 1332; x_wconf 84' lang='lat' dir='ltr'><strong>secundum</strong></span> <span class='ocrx_word' id='word_1_163' title='bbox 2987 1277 3188 1331; x_wconf 80' lang='lat' dir='ltr'><strong>factum</strong></span> <span class='ocrx_word' id='word_1_164' title='bbox 3207 1278 3377 1346; x_wconf 65' lang='lat' dir='ltr'><strong>quoil-</strong></span> 
     </span>
    </p>
   </div>
   <div class='ocr_carea' id='block_1_27' title="bbox 1814 1365 3376 1438">
    <p class='ocr_par' dir='ltr' id='par_1_27' title="bbox 1814 1365 3376 1438">
     <span class='ocr_line' id='line_1_27' title="bbox 1814 1365 3376 1438; baseline -0.003 -16"><span class='ocrx_word' id='word_1_165' title='bbox 1814 1382 1923 1437; x_wconf 86' lang='lat' dir='ltr'><strong>que</strong></span> <span class='ocrx_word' id='word_1_166' title='bbox 1961 1374 2018 1422; x_wconf 90' lang='lat' dir='ltr'><strong>et</strong></span> <span class='ocrx_word' id='word_1_167' title='bbox 2059 1367 2374 1438; x_wconf 86' lang='lat' dir='ltr'><strong>cogitatum,</strong></span> <span class='ocrx_word' id='word_1_168' title='bbox 2405 1367 2488 1420; x_wconf 85' lang='lat' dir='ltr'><strong>vel</strong></span> <span class='ocrx_word' id='word_1_169' title='bbox 2527 1381 2698 1434; x_wconf 84' lang='lat' dir='ltr'><strong>usque</strong></span> <span class='ocrx_word' id='word_1_170' title='bbox 2725 1367 2780 1419; x_wconf 92' lang='lat' dir='ltr'><strong>in</strong></span> <span class='ocrx_word' id='word_1_171' title='bbox 2820 1374 3012 1420; x_wconf 84' lang='lat' dir='ltr'><strong>tenues</strong></span> <span class='ocrx_word' id='word_1_172' title='bbox 3043 1382 3164 1435; x_wconf 68' lang='lat' dir='ltr'><strong>qua:</strong></span> <span class='ocrx_word' id='word_1_173' title='bbox 3208 1365 3376 1420; x_wconf 90' lang='lat' dir='ltr'><strong>menti</strong></span> 
     </span>
    </p>
   </div>
   <div class='ocr_carea' id='block_1_28' title="bbox 1816 1455 3376 1526">
    <p class='ocr_par' dir='ltr' id='par_1_28' title="bbox 1816 1455 3376 1526">
     <span class='ocr_line' id='line_1_28' title="bbox 1816 1455 3376 1526; baseline -0.001 -15"><span class='ocrx_word' id='word_1_174' title='bbox 1816 1465 1911 1511; x_wconf 81' lang='lat' dir='ltr'><strong>aut</strong></span> <span class='ocrx_word' id='word_1_175' title='bbox 1933 1456 2144 1526; x_wconf 84' lang='lat' dir='ltr'><strong>corpori</strong></span> <span class='ocrx_word' id='word_1_176' title='bbox 2168 1456 2488 1511; x_wconf 81' lang='lat' dir='ltr'><strong>oboriantur</strong></span> <span class='ocrx_word' id='word_1_177' title='bbox 2521 1463 2698 1509; x_wconf 92' lang='lat' dir='ltr'><strong>motus</strong></span> <span class='ocrx_word' id='word_1_178' title='bbox 2727 1455 3020 1522; x_wconf 84' lang='lat' dir='ltr'><strong>unicuique</strong></span> <span class='ocrx_word' id='word_1_179' title='bbox 3050 1456 3376 1509; x_wconf 85' lang='lat' dir='ltr'><strong>convenien-</strong></span> 
     </span>
    </p>
   </div>
   <div class='ocr_carea' id='block_1_29' title="bbox 1818 1545 3378 1615">
    <p class='ocr_par' dir='ltr' id='par_1_29' title="bbox 1818 1545 3378 1615">
     <span class='ocr_line' id='line_1_29' title="bbox 1818 1545 3378 1615; baseline -0.003 -14"><span class='ocrx_word' id='word_1_180' title='bbox 1818 1555 1901 1602; x_wconf 89' lang='lat' dir='ltr'><strong>ter</strong></span> <span class='ocrx_word' id='word_1_181' title='bbox 1943 1548 2361 1602; x_wconf 82' lang='lat' dir='ltr'><strong>accommodari.</strong></span> <span class='ocrx_word' id='word_1_182' title='bbox 2398 1545 2556 1612; x_wconf 80' lang='lat' dir='ltr'><strong>Quod</strong></span> <span class='ocrx_word' id='word_1_183' title='bbox 2601 1546 2647 1600; x_wconf 87' lang='lat' dir='ltr'><strong>si</strong></span> <span class='ocrx_word' id='word_1_184' title='bbox 2695 1545 3029 1615; x_wconf 80' lang='lat' dir='ltr'><strong>singulorum</strong></span> <span class='ocrx_word' id='word_1_185' title='bbox 3070 1546 3378 1600; x_wconf 70' lang='lat' dir='ltr'><strong>diﬁ‘erentia</strong></span> 
     </span>
    </p>
   </div>
   <div class='ocr_carea' id='block_1_30' title="bbox 1816 1636 3384 1706">
    <p class='ocr_par' dir='ltr' id='par_1_30' title="bbox 1816 1636 3384 1706">
     <span class='ocr_line' id='line_1_30' title="bbox 1816 1636 3384 1706; baseline -0.001 -13"><span class='ocrx_word' id='word_1_186' title='bbox 1816 1640 2095 1694; x_wconf 81' lang='lat' dir='ltr'><strong>notionem</strong></span> <span class='ocrx_word' id='word_1_187' title='bbox 2135 1638 2370 1701; x_wconf 83' lang='lat' dir='ltr'><strong>excedit,</strong></span> <span class='ocrx_word' id='word_1_188' title='bbox 2402 1646 2458 1693; x_wconf 89' lang='lat' dir='ltr'><strong>et</strong></span> <span class='ocrx_word' id='word_1_189' title='bbox 2490 1637 2699 1691; x_wconf 87' lang='lat' dir='ltr'><strong>inﬁnita</strong></span> <span class='ocrx_word' id='word_1_190' title='bbox 2745 1646 2829 1690; x_wconf 86' lang='lat' dir='ltr'><strong>est</strong></span> <span class='ocrx_word' id='word_1_191' title='bbox 2862 1638 3000 1691; x_wconf 88' lang='lat' dir='ltr'><strong>ratio</strong></span> <span class='ocrx_word' id='word_1_192' title='bbox 3029 1636 3384 1706; x_wconf 72' lang='lat' dir='ltr'><strong>providentia:</strong></span> 
     </span>
    </p>
   </div>
   <div class='ocr_carea' id='block_1_31' title="bbox 1817 1728 3385 1791">
    <p class='ocr_par' dir='ltr' id='par_1_31' title="bbox 1817 1728 3385 1791">
     <span class='ocr_line' id='line_1_31' title="bbox 1817 1728 3385 1791; baseline -0.003 -7"><span class='ocrx_word' id='word_1_193' title='bbox 1817 1728 1930 1784; x_wconf 77' lang='lat' dir='ltr'><strong>illis</strong></span> <span class='ocrx_word' id='word_1_194' title='bbox 1976 1745 2035 1785; x_wconf 83' lang='lat' dir='ltr'><strong>se</strong></span> <span class='ocrx_word' id='word_1_195' title='bbox 2063 1730 2454 1786; x_wconf 78' lang='lat' dir='ltr'><strong>convenienter</strong></span> <span class='ocrx_word' id='word_1_196' title='bbox 2496 1728 2978 1791; x_wconf 82' lang='lat' dir='ltr'><strong>accommodantis,</strong></span> <span class='ocrx_word' id='word_1_197' title='bbox 3023 1728 3251 1783; x_wconf 89' lang='lat' dir='ltr'><strong>minime</strong></span> <span class='ocrx_word' id='word_1_198' title='bbox 3304 1737 3385 1781; x_wconf 90' lang='lat' dir='ltr'><strong>ta-</strong></span> 
     </span>
    </p>
   </div>
   <div class='ocr_carea' id='block_1_32' title="bbox 1819 1819 3383 1890">
    <p class='ocr_par' dir='ltr' id='par_1_32' title="bbox 1819 1819 3383 1890">
     <span class='ocr_line' id='line_1_32' title="bbox 1819 1819 3383 1890; baseline -0.001 -16"><span class='ocrx_word' id='word_1_199' title='bbox 1819 1836 1966 1885; x_wconf 78' lang='lat' dir='ltr'><strong>men,</strong></span> <span class='ocrx_word' id='word_1_200' title='bbox 1995 1836 2120 1876; x_wconf 81' lang='lat' dir='ltr'><strong>cum</strong></span> <span class='ocrx_word' id='word_1_201' title='bbox 2153 1821 2366 1876; x_wconf 80' lang='lat' dir='ltr'><strong>inﬁnita</strong></span> <span class='ocrx_word' id='word_1_202' title='bbox 2398 1829 2454 1875; x_wconf 89' lang='lat' dir='ltr'><strong>ct</strong></span> <span class='ocrx_word' id='word_1_203' title='bbox 2482 1819 2938 1890; x_wconf 86' lang='lat' dir='ltr'><strong>imperceptibilis</strong></span> <span class='ocrx_word' id='word_1_204' title='bbox 2970 1819 3127 1873; x_wconf 85' lang='lat' dir='ltr'><strong>nobis</strong></span> <span class='ocrx_word' id='word_1_205' title='bbox 3157 1820 3225 1873; x_wconf 89' lang='lat' dir='ltr'><strong>sit</strong></span> <span class='ocrx_word' id='word_1_206' title='bbox 3256 1836 3383 1888; x_wconf 85' lang='lat' dir='ltr'><strong>pro-</strong></span> 
     </span>
    </p>
   </div>
   <div class='ocr_carea' id='block_1_33' title="bbox 1819 1907 3385 1980">
    <p class='ocr_par' dir='ltr' id='par_1_33' title="bbox 1819 1907 3385 1980">
     <span class='ocr_line' id='line_1_33' title="bbox 1819 1907 3385 1980; baseline -0.001 -16"><span class='ocrx_word' id='word_1_207' title='bbox 1819 1907 2074 1964; x_wconf 70' lang='lat' dir='ltr'><strong>videmiae</strong></span> <span class='ocrx_word' id='word_1_208' title='bbox 2117 1911 2358 1980; x_wconf 82' lang='lat' dir='ltr'><strong>singulas</strong></span> <span class='ocrx_word' id='word_1_209' title='bbox 2398 1919 2580 1978; x_wconf 85' lang='lat' dir='ltr'><strong>partes</strong></span> <span class='ocrx_word' id='word_1_210' title='bbox 2623 1909 2969 1978; x_wconf 77' lang='lat' dir='ltr'><strong>procurantis</strong></span> <span class='ocrx_word' id='word_1_211' title='bbox 3017 1910 3194 1971; x_wconf 83' lang='lat' dir='ltr'><strong>ratio,</strong></span> <span class='ocrx_word' id='word_1_212' title='bbox 3258 1909 3385 1963; x_wconf 85' lang='lat' dir='ltr'><strong>inde</strong></span> 
     </span>
    </p>
   </div>
   <div class='ocr_carea' id='block_1_34' title="bbox 162 1975 1727 2074">
    <p class='ocr_par' dir='ltr' id='par_1_34' title="bbox 162 1975 1724 2074">
     <span class='ocr_line' id='line_1_34' title="bbox 162 1975 1724 2074; baseline 0.001 -18"><span class='ocrx_word' id='word_1_213' title='bbox 162 1975 221 2056; x_wconf 65' lang='grc' dir='ltr'>τέ</span> <span class='ocrx_word' id='word_1_214' title='bbox 252 2006 343 2056; x_wconf 75' lang='grc' dir='ltr'><strong>καὶ</strong></span> <span class='ocrx_word' id='word_1_215' title='bbox 373 1975 644 2071; x_wconf 70' lang='grc' dir='ltr'><strong>άγνωστός</strong></span> <span class='ocrx_word' id='word_1_216' title='bbox 679 2003 809 2072; x_wconf 75' lang='grc' dir='ltr'><strong>ἡμῖν</strong></span> <span class='ocrx_word' id='word_1_217' title='bbox 966 2003 1075 2054; x_wconf 88' lang='grc' dir='ltr'><strong>τῶν</strong></span> <span class='ocrx_word' id='word_1_218' title='bbox 1102 2002 1242 2056; x_wconf 79' lang='grc' dir='ltr'><strong>κατὰ</strong></span> <span class='ocrx_word' id='word_1_219' title='bbox 1271 2005 1434 2073; x_wconf 85' lang='grc' dir='ltr'><strong>μέρος</strong></span> <span class='ocrx_word' id='word_1_220' title='bbox 1456 1975 1724 2074; x_wconf 49' lang='grc' dir='ltr'><strong>’προνοίας</strong></span> 
     </span>
    </p>
   </div>
   <div class='ocr_carea' id='block_1_35' title="bbox 1828 1975 3386 2074">
    <p class='ocr_par' dir='ltr' id='par_1_35' title="bbox 1828 1999 3386 2071">
     <span class='ocr_line' id='line_1_35' title="bbox 1828 1999 3386 2071; baseline 0.002 -19"><span class='ocrx_word' id='word_1_221' title='bbox 1828 2001 2043 2071; x_wconf 89' lang='lat' dir='ltr'><strong>propria</strong></span> <span class='ocrx_word' id='word_1_222' title='bbox 2091 2000 2393 2068; x_wconf 77' lang='lat' dir='ltr'><strong>ignorantia</strong></span> <span class='ocrx_word' id='word_1_223' title='bbox 2443 1999 2898 2069; x_wconf 81' lang='lat' dir='ltr'><strong>sapientissimam</strong></span> <span class='ocrx_word' id='word_1_224' title='bbox 2952 2015 3132 2053; x_wconf 89' lang='lat' dir='ltr'><strong>rerum</strong></span> <span class='ocrx_word' id='word_1_225' title='bbox 3180 2009 3386 2055; x_wconf 77' lang='lat' dir='ltr'><strong>natura:</strong></span> 
     </span>
    </p>
   </div>
   <div class='ocr_carea' id='block_1_36' title="bbox 161 2092 1723 2164">
    <p class='ocr_par' dir='ltr' id='par_1_36' title="bbox 161 2092 1723 2164">
     <span class='ocr_line' id='line_1_36' title="bbox 161 2092 1723 2164; baseline 0.001 -20"><span class='ocrx_word' id='word_1_226' title='bbox 161 2095 189 2144; x_wconf 91' lang='lat'><strong>6</strong></span> <span class='ocrx_word' id='word_1_227' title='bbox 222 2092 379 2160; x_wconf 88' lang='grc' dir='ltr'><strong>λόγος</strong></span> <span class='ocrx_word' id='word_1_228' title='bbox 405 2093 686 2163; x_wconf 80' lang='grc' dir='ltr'><strong>τυγχάνει,</strong></span> <span class='ocrx_word' id='word_1_229' title='bbox 731 2094 827 2164; x_wconf 81' lang='grc' dir='ltr'><strong>τὴν</strong></span> <span class='ocrx_word' id='word_1_230' title='bbox 872 2094 1006 2146; x_wconf 87' lang='grc' dir='ltr'><strong>ίδίαν</strong></span> <span class='ocrx_word' id='word_1_231' title='bbox 1041 2094 1270 2161; x_wconf 78' lang='grc' dir='ltr'><strong>ἄγνοιαν·</strong></span> <span class='ocrx_word' id='word_1_232' title='bbox 1297 2093 1573 2163; x_wconf 80' lang='grc' dir='ltr'><strong>ἀναίρεσιν</strong></span> <span class='ocrx_word' id='word_1_233' title='bbox 1603 2110 1723 2146; x_wconf 90' lang='grc' dir='ltr'><strong>ποι-</strong></span> 
     </span>
    </p>
   </div>
   <div class='ocr_carea' id='block_1_37' title="bbox 157 2167 1727 2252">
    <p class='ocr_par' dir='ltr' id='par_1_37' title="bbox 157 2167 1727 2252">
     <span class='ocr_line' id='line_1_37' title="bbox 157 2167 1727 2252; baseline 0 -19"><span class='ocrx_word' id='word_1_234' title='bbox 157 2183 339 2235; x_wconf 80' lang='grc' dir='ltr'><strong>εῖσθαι</strong></span> <span class='ocrx_word' id='word_1_235' title='bbox 365 2182 466 2252; x_wconf 78' lang='grc' dir='ltr'><strong>τῆς</strong></span> <span class='ocrx_word' id='word_1_236' title='bbox 502 2183 776 2248; x_wconf 75' lang='grc' dir='ltr'><strong>πανσόφου</strong></span> <span class='ocrx_word' id='word_1_237' title='bbox 807 2181 914 2234; x_wconf 88' lang='grc' dir='ltr'><strong>τῶν</strong></span> <span class='ocrx_word' id='word_1_238' title='bbox 942 2182 1109 2234; x_wconf 75' lang='grc' dir='ltr'><strong>ὅντων</strong></span> <span class='ocrx_word' id='word_1_239' title='bbox 1167 2167 1484 2250; x_wconf 69' lang='grc' dir='ltr'><strong>κηδεμονίας</strong></span> <span class='ocrx_word' id='word_1_240' title='bbox 1523 2181 1727 2250; x_wconf 82' lang='grc' dir='ltr'><strong>ὀφείλο-</strong></span> 
     </span>
    </p>
   </div>
   <div class='ocr_carea' id='block_1_38' title="bbox 124 2271 1725 2344">
    <p class='ocr_par' dir='ltr' id='par_1_38' title="bbox 124 2271 1725 2344">
     <span class='ocr_line' id='line_1_38' title="bbox 124 2271 1725 2344; baseline -0.001 -19"><span class='ocrx_word' id='word_1_241' title='bbox 124 2306 140 2312; x_wconf 90' lang='grc'><strong>-</strong></span> <span class='ocrx_word' id='word_1_242' title='bbox 159 2290 286 2344; x_wconf 82' lang='grc' dir='ltr'><strong>μεν,</strong></span> <span class='ocrx_word' id='word_1_243' title='bbox 318 2273 495 2326; x_wconf 78' lang='grc' dir='ltr'><strong>πάντα</strong></span> <span class='ocrx_word' id='word_1_244' title='bbox 523 2273 582 2325; x_wconf 78' lang='grc' dir='ltr'><strong>δὲ</strong></span> <span class='ocrx_word' id='word_1_245' title='bbox 621 2273 808 2336; x_wconf 83' lang='grc' dir='ltr'><strong>άπλῶς</strong></span> <span class='ocrx_word' id='word_1_246' title='bbox 839 2272 938 2324; x_wconf 79' lang='grc' dir='ltr'><strong>καὶ</strong></span> <span class='ocrx_word' id='word_1_247' title='bbox 979 2271 1368 2336; x_wconf 75' lang='grc' dir='ltr'><strong>ἀνεξετάστως,</strong></span> <span class='ocrx_word' id='word_1_248' title='bbox 1409 2271 1725 2341; x_wconf 74' lang='grc' dir='ltr'><strong>θεοπρεπῶς</strong></span> 
     </span>
    </p>
   </div>
   <div class='ocr_carea' id='block_1_39' title="bbox 155 2359 1728 2431">
    <p class='ocr_par' dir='ltr' id='par_1_39' title="bbox 155 2359 1728 2431">
     <span class='ocr_line' id='line_1_39' title="bbox 155 2359 1728 2431; baseline 0 -17"><span class='ocrx_word' id='word_1_249' title='bbox 155 2380 216 2414; x_wconf 83' lang='grc' dir='ltr'><strong>τε</strong></span> <span class='ocrx_word' id='word_1_250' title='bbox 247 2364 342 2414; x_wconf 77' lang='grc' dir='ltr'><strong>καὶ</strong></span> <span class='ocrx_word' id='word_1_251' title='bbox 365 2363 767 2431; x_wconf 71' lang='grc' dir='ltr'><strong>συμφερόντως,</strong></span> <span class='ocrx_word' id='word_1_252' title='bbox 797 2361 864 2413; x_wconf 81' lang='grc' dir='ltr'><strong>τὰ</strong></span> <span class='ocrx_word' id='word_1_253' title='bbox 895 2360 995 2428; x_wconf 85' lang='grc' dir='ltr'><strong>τῆς</strong></span> <span class='ocrx_word' id='word_1_254' title='bbox 1016 2359 1269 2429; x_wconf 73' lang='grc' dir='ltr'><strong>προνοίας</strong></span> <span class='ocrx_word' id='word_1_255' title='bbox 1302 2359 1490 2430; x_wconf 75' lang='lat'><strong>(1&#39;75</strong></span> <span class='ocrx_word' id='word_1_256' title='bbox 1513 2360 1569 2429; x_wconf 82' lang='lat' dir='ltr'><strong>b)</strong></span> <span class='ocrx_word' id='word_1_257' title='bbox 1631 2363 1728 2429; x_wconf 77' lang='grc' dir='ltr'><strong>ἐφ-</strong></span> 
     </span>
    </p>
   </div>
   <div class='ocr_carea' id='block_1_40' title="bbox 157 2449 1728 2522">
    <p class='ocr_par' dir='ltr' id='par_1_40' title="bbox 157 2449 1728 2522">
     <span class='ocr_line' id='line_1_40' title="bbox 157 2449 1728 2522; baseline 0 -17"><span class='ocrx_word' id='word_1_258' title='bbox 157 2455 356 2522; x_wconf 79' lang='grc' dir='ltr'><strong>υμνεῖν</strong></span> <span class='ocrx_word' id='word_1_259' title='bbox 385 2452 522 2522; x_wconf 68' lang='grc' dir='ltr'><strong>ἔργα</strong></span> <span class='ocrx_word' id='word_1_260' title='bbox 548 2452 643 2505; x_wconf 74' lang='grc' dir='ltr'><strong>καὶ</strong></span> <span class='ocrx_word' id='word_1_261' title='bbox 670 2449 1046 2520; x_wconf 81' lang='grc' dir='ltr'><strong>ἀποδέχεσθαι.</strong></span> <span class='ocrx_word' id='word_1_262' title='bbox 1067 2451 1162 2503; x_wconf 80' lang='grc' dir='ltr'><strong>καὶ</strong></span> <span class='ocrx_word' id='word_1_263' title='bbox 1191 2449 1366 2514; x_wconf 87' lang='grc' dir='ltr'><strong>καλῶς</strong></span> <span class='ocrx_word' id='word_1_264' title='bbox 1399 2451 1639 2518; x_wconf 87' lang='grc' dir='ltr'><strong>γίνεσθαι</strong></span> <span class='ocrx_word' id='word_1_265' title='bbox 1662 2453 1728 2505; x_wconf 72' lang='grc' dir='ltr'><strong>τά</strong></span> 
     </span>
    </p>
   </div>
   <div class='ocr_carea' id='block_1_41' title="bbox 155 2542 1729 2614">
    <p class='ocr_par' dir='ltr' id='par_1_41' title="bbox 155 2542 1729 2614">
     <span class='ocr_line' id='line_1_41' title="bbox 155 2542 1729 2614; baseline -0.003 -16"><span class='ocrx_word' id='word_1_266' title='bbox 155 2545 424 2614; x_wconf 88' lang='grc' dir='ltr'><strong>γινόμενα</strong></span> <span class='ocrx_word' id='word_1_267' title='bbox 456 2542 753 2606; x_wconf 82' lang='grc' dir='ltr'><strong>πιστεύειν,</strong></span> <span class='ocrx_word' id='word_1_268' title='bbox 804 2542 907 2596; x_wconf 80' lang='grc' dir='ltr'><strong>κᾶν</strong></span> <span class='ocrx_word' id='word_1_269' title='bbox 945 2543 1077 2612; x_wconf 78' lang='grc' dir='ltr'><strong>ἡμῖν</strong></span> <span class='ocrx_word' id='word_1_270' title='bbox 1115 2543 1144 2594; x_wconf 90' lang='lat'><strong>6</strong></span> <span class='ocrx_word' id='word_1_271' title='bbox 1181 2542 1336 2609; x_wconf 80' lang='grc' dir='ltr'><strong>λόγος</strong></span> <span class='ocrx_word' id='word_1_272' title='bbox 1363 2544 1511 2594; x_wconf 78' lang='grc' dir='ltr'><strong>ἐστὶν</strong></span> <span class='ocrx_word' id='word_1_273' title='bbox 1540 2542 1729 2609; x_wconf 80' lang='grc' dir='ltr'><strong>ἀνέφι-</strong></span> 
     </span>
    </p>
   </div>
   <div class='ocr_carea' id='block_1_42' title="bbox 158 2632 1729 2703">
    <p class='ocr_par' dir='ltr' id='par_1_42' title="bbox 158 2632 1729 2703">
     <span class='ocr_line' id='line_1_42' title="bbox 158 2632 1729 2703; baseline -0.003 -16"><span class='ocrx_word' id='word_1_274' title='bbox 158 2652 316 2696; x_wconf 86' lang='grc' dir='ltr'><strong>κτος.</strong></span> <span class='ocrx_word' id='word_1_275' title='bbox 340 2635 524 2687; x_wconf 83' lang='grc' dir='ltr'><strong>Πάντα</strong></span> <span class='ocrx_word' id='word_1_276' title='bbox 543 2633 598 2685; x_wconf 79' lang='grc' dir='ltr'><strong>δὲ</strong></span> <span class='ocrx_word' id='word_1_277' title='bbox 620 2633 794 2701; x_wconf 82' lang='grc' dir='ltr'><strong>λέγων</strong></span> <span class='ocrx_word' id='word_1_278' title='bbox 828 2634 897 2686; x_wconf 80' lang='grc' dir='ltr'><strong>τά</strong></span> <span class='ocrx_word' id='word_1_279' title='bbox 927 2634 1025 2702; x_wconf 77' lang='grc' dir='ltr'><strong>τῆς</strong></span> <span class='ocrx_word' id='word_1_280' title='bbox 1054 2632 1314 2703; x_wconf 76' lang='grc' dir='ltr'><strong>προνοίας</strong></span> <span class='ocrx_word' id='word_1_281' title='bbox 1345 2633 1507 2700; x_wconf 77' lang='grc' dir='ltr'><strong>φημὶ,</strong></span> <span class='ocrx_word' id='word_1_282' title='bbox 1532 2632 1594 2684; x_wconf 80' lang='grc' dir='ltr'><strong>οὐ</strong></span> <span class='ocrx_word' id='word_1_283' title='bbox 1623 2632 1729 2700; x_wconf 84' lang='grc' dir='ltr'><strong>γὰρ</strong></span> 
     </span>
    </p>
   </div>
   <div class='ocr_carea' id='block_1_43' title="bbox 153 2721 1729 2791">
    <p class='ocr_par' dir='ltr' id='par_1_43' title="bbox 153 2721 1729 2791">
     <span class='ocr_line' id='line_1_43' title="bbox 153 2721 1729 2791; baseline -0.002 -16"><span class='ocrx_word' id='word_1_284' title='bbox 153 2723 227 2775; x_wconf 77' lang='grc' dir='ltr'><strong>τὰ</strong></span> <span class='ocrx_word' id='word_1_285' title='bbox 255 2723 444 2786; x_wconf 85' lang='grc' dir='ltr'><strong>κακῶς</strong></span> <span class='ocrx_word' id='word_1_286' title='bbox 469 2723 563 2790; x_wconf 77' lang='grc' dir='ltr'><strong>ὑφ’</strong></span> <span class='ocrx_word' id='word_1_287' title='bbox 595 2721 752 2791; x_wconf 76' lang='grc' dir='ltr'><strong>ἡμῶν</strong></span> <span class='ocrx_word' id='word_1_288' title='bbox 779 2722 922 2775; x_wconf 76' lang='grc' dir='ltr'><strong>κατὰ</strong></span> <span class='ocrx_word' id='word_1_289' title='bbox 949 2721 1040 2774; x_wconf 77' lang='grc' dir='ltr'><strong>τὸν</strong></span> <span class='ocrx_word' id='word_1_290' title='bbox 1072 2721 1164 2773; x_wconf 84' lang='grc' dir='ltr'><strong>τοῦ</strong></span> <span class='ocrx_word' id='word_1_291' title='bbox 1203 2721 1248 2752; x_wconf 73' lang='grc'><strong>³⁸</strong></span> <span class='ocrx_word' id='word_1_292' title='bbox 1284 2721 1367 2788; x_wconf 79' lang='grc' dir='ltr'><strong>ἐφ’</strong></span> <span class='ocrx_word' id='word_1_293' title='bbox 1410 2721 1539 2790; x_wconf 75' lang='grc' dir='ltr'><strong>ἡμῖν</strong></span> <span class='ocrx_word' id='word_1_294' title='bbox 1573 2721 1729 2788; x_wconf 85' lang='grc' dir='ltr'><strong>λόγον</strong></span> 
     </span>
    </p>
   </div>
   <div class='ocr_carea' id='block_1_44' title="bbox 152 2805 1729 2880">
    <p class='ocr_par' dir='ltr' id='par_1_44' title="bbox 152 2805 1729 2880">
     <span class='ocr_line' id='line_1_44' title="bbox 152 2805 1729 2880; baseline -0.003 -17"><span class='ocrx_word' id='word_1_295' title='bbox 152 2811 430 2880; x_wconf 81' lang='grc' dir='ltr'><strong>γινόμενα</strong></span> <span class='ocrx_word' id='word_1_296' title='bbox 451 2826 463 2839; x_wconf 59' lang='grc' dir='ltr'>δ</span> <span class='ocrx_word' id='word_1_297' title='bbox 498 2809 673 2861; x_wconf 88' lang='grc' dir='ltr'><strong>ταῦτα</strong></span> <span class='ocrx_word' id='word_1_298' title='bbox 701 2809 810 2878; x_wconf 80' lang='grc' dir='ltr'><strong>γὰρ</strong></span> <span class='ocrx_word' id='word_1_299' title='bbox 841 2807 934 2861; x_wconf 84' lang='grc' dir='ltr'><strong>τοῦ</strong></span> <span class='ocrx_word' id='word_1_300' title='bbox 960 2807 1100 2861; x_wconf 82' lang='grc' dir='ltr'><strong>κατὰ</strong></span> <span class='ocrx_word' id='word_1_301' title='bbox 1128 2808 1229 2877; x_wconf 83' lang='grc' dir='ltr'><strong>τὴν</strong></span> <span class='ocrx_word' id='word_1_302' title='bbox 1275 2807 1535 2877; x_wconf 87' lang='grc' dir='ltr'><strong>πρόνοιαν</strong></span> <span class='ocrx_word' id='word_1_303' title='bbox 1572 2805 1729 2875; x_wconf 83' lang='grc' dir='ltr'><strong>λόγου</strong></span> 
     </span>
    </p>
   </div>
   <div class='ocr_carea' id='block_1_45' title="bbox 149 2881 1730 2968">
    <p class='ocr_par' dir='ltr' id='par_1_45' title="bbox 149 2881 1730 2968">
     <span class='ocr_line' id='line_1_45' title="bbox 149 2881 1730 2968; baseline -0.002 -17"><span class='ocrx_word' id='word_1_304' title='bbox 149 2897 740 2967; x_wconf 74' lang='grc' dir='ltr'><strong>παντελῶςάλλότρια.</strong></span> <span class='ocrx_word' id='word_1_305' title='bbox 764 2896 868 2948; x_wconf 80' lang='grc' dir='ltr'><strong>Τὸν</strong></span> <span class='ocrx_word' id='word_1_306' title='bbox 883 2897 984 2967; x_wconf 81' lang='grc' dir='ltr'><strong>μὲν</strong></span> <span class='ocrx_word' id='word_1_307' title='bbox 1008 2896 1103 2968; x_wconf 73' lang='grc' dir='ltr'><strong>οὖν</strong></span> <span class='ocrx_word' id='word_1_308' title='bbox 1129 2897 1520 2966; x_wconf 78' lang='grc' dir='ltr'><strong>σημαινόμενον</strong></span> <span class='ocrx_word' id='word_1_309' title='bbox 1537 2881 1730 2966; x_wconf 84' lang='grc' dir='ltr'><strong>τρόπον</strong></span> 
     </span>
    </p>
   </div>
   <div class='ocr_carea' id='block_1_46' title="bbox 149 2984 1730 3061">
    <p class='ocr_par' dir='ltr' id='par_1_46' title="bbox 149 2984 1730 3061">
     <span class='ocr_line' id='line_1_46' title="bbox 149 2984 1730 3061; baseline -0.003 -19"><span class='ocrx_word' id='word_1_310' title='bbox 149 2990 299 3061; x_wconf 74' lang='grc' dir='ltr'><strong>περὶ</strong></span> <span class='ocrx_word' id='word_1_311' title='bbox 327 2988 424 3057; x_wconf 86' lang='grc' dir='ltr'><strong>τῆς</strong></span> <span class='ocrx_word' id='word_1_312' title='bbox 455 2989 561 3041; x_wconf 88' lang='grc' dir='ltr'><strong>τῶν</strong></span> <span class='ocrx_word' id='word_1_313' title='bbox 585 2988 758 3055; x_wconf 79' lang='grc' dir='ltr'><strong>ἁγίων</strong></span> <span class='ocrx_word' id='word_1_314' title='bbox 783 2987 922 3040; x_wconf 73' lang='grc' dir='ltr'><strong>κατὰ</strong></span> <span class='ocrx_word' id='word_1_315' title='bbox 955 2986 1047 3040; x_wconf 79' lang='grc' dir='ltr'><strong>τὸν</strong></span> <span class='ocrx_word' id='word_1_316' title='bbox 1077 2984 1236 3054; x_wconf 78' lang='grc' dir='ltr'><strong>λόγον</strong></span> <span class='ocrx_word' id='word_1_317' title='bbox 1260 2987 1353 3038; x_wconf 79' lang='grc' dir='ltr'><strong>καὶ</strong></span> <span class='ocrx_word' id='word_1_318' title='bbox 1385 2985 1480 3053; x_wconf 77' lang='grc' dir='ltr'><strong>τὴν</strong></span> <span class='ocrx_word' id='word_1_319' title='bbox 1498 2986 1730 3053; x_wconf 81' lang='grc' dir='ltr'><strong>θεωρίαν</strong></span> 
     </span>
    </p>
   </div>
   <div class='ocr_carea' id='block_1_47' title="bbox 147 3074 1728 3150">
    <p class='ocr_par' dir='ltr' id='par_1_47' title="bbox 147 3074 1728 3150">
     <span class='ocr_line' id='line_1_47' title="bbox 147 3074 1728 3150; baseline -0.006 -16"><span class='ocrx_word' id='word_1_320' title='bbox 147 3079 446 3150; x_wconf 74' lang='grc' dir='ltr'><strong>δυνάμεως</strong></span> <span class='ocrx_word' id='word_1_321' title='bbox 490 3097 550 3133; x_wconf 88' lang='grc' dir='ltr'><strong>τε</strong></span> <span class='ocrx_word' id='word_1_322' title='bbox 600 3079 694 3133; x_wconf 80' lang='grc' dir='ltr'><strong>καὶ</strong></span> <span class='ocrx_word' id='word_1_323' title='bbox 741 3079 960 3147; x_wconf 81' lang='grc' dir='ltr'><strong>χάριτος</strong></span> <span class='ocrx_word' id='word_1_324' title='bbox 1003 3077 1107 3129; x_wconf 79' lang='grc' dir='ltr'><strong>ὑπὸ</strong></span> <span class='ocrx_word' id='word_1_325' title='bbox 1135 3075 1227 3128; x_wconf 87' lang='grc' dir='ltr'><strong>τοῦ</strong></span> <span class='ocrx_word' id='word_1_326' title='bbox 1269 3075 1503 3145; x_wconf 69' lang='grc' dir='ltr'><strong>μεγάλου</strong></span> <span class='ocrx_word' id='word_1_327' title='bbox 1537 3074 1728 3126; x_wconf 82' lang='grc' dir='ltr'><strong>τούτου</strong></span> 
     </span>
    </p>
   </div>
   <div class='ocr_carea' id='block_1_48' title="bbox 152 3164 1730 3235">
    <p class='ocr_par' dir='ltr' id='par_1_48' title="bbox 152 3164 1730 3235">
     <span class='ocr_line' id='line_1_48' title="bbox 152 3164 1730 3235; baseline -0.006 -10"><span class='ocrx_word' id='word_1_328' title='bbox 152 3170 486 3226; x_wconf 79' lang='grc' dir='ltr'><strong>διδασκάλου</strong></span> <span class='ocrx_word' id='word_1_329' title='bbox 522 3171 660 3224; x_wconf 80' lang='grc' dir='ltr'><strong>κατὰ</strong></span> <span class='ocrx_word' id='word_1_330' title='bbox 686 3170 746 3222; x_wconf 82' lang='grc' dir='ltr'><strong>τὸ</strong></span> <span class='ocrx_word' id='word_1_331' title='bbox 780 3168 1004 3220; x_wconf 79' lang='grc' dir='ltr'><strong>δυνατὸν</strong></span> <span class='ocrx_word' id='word_1_332' title='bbox 1047 3165 1437 3235; x_wconf 82' lang='grc' dir='ltr'><strong>στοχαστικῶς,</strong></span> <span class='ocrx_word' id='word_1_333' title='bbox 1481 3164 1595 3218; x_wconf 76' lang='grc' dir='ltr'><strong>ἀλλ’</strong></span> <span class='ocrx_word' id='word_1_334' title='bbox 1630 3165 1730 3217; x_wconf 82' lang='grc' dir='ltr'><strong>οὐκ</strong></span> 
     </span>
    </p>
   </div>
   <div class='ocr_carea' id='block_1_49' title="bbox 152 3255 1730 3330">
    <p class='ocr_par' dir='ltr' id='par_1_49' title="bbox 152 3255 1730 3330">
     <span class='ocr_line' id='line_1_49' title="bbox 152 3255 1730 3330; baseline -0.004 -17"><span class='ocrx_word' id='word_1_335' title='bbox 152 3260 560 3328; x_wconf 77' lang='grc' dir='ltr'><strong>ἀποφαντικῶς</strong></span> <span class='ocrx_word' id='word_1_336' title='bbox 578 3258 781 3330; x_wconf 79' lang='grc' dir='ltr'><strong>(πολλῷ</strong></span> <span class='ocrx_word' id='word_1_337' title='bbox 804 3259 914 3327; x_wconf 84' lang='grc' dir='ltr'><strong>γάρ</strong></span> <span class='ocrx_word' id='word_1_338' title='bbox 934 3257 1286 3310; x_wconf 85' lang='grc' dir='ltr'><strong>ἀπολείπεται</strong></span> <span class='ocrx_word' id='word_1_339' title='bbox 1313 3256 1390 3326; x_wconf 84' lang='grc' dir='ltr'><strong>τῷ</strong></span> <span class='ocrx_word' id='word_1_340' title='bbox 1422 3256 1605 3327; x_wconf 85' lang='grc' dir='ltr'><strong>μέτρῳ</strong></span> <span class='ocrx_word' id='word_1_341' title='bbox 1634 3255 1730 3323; x_wconf 79' lang='grc' dir='ltr'><strong>τῆς</strong></span> 
     </span>
    </p>
   </div>
   <div class='ocr_carea' id='block_1_50' title="bbox 153 3343 1732 3417">
    <p class='ocr_par' dir='ltr' id='par_1_50' title="bbox 153 3343 1732 3417">
     <span class='ocr_line' id='line_1_50' title="bbox 153 3343 1732 3417; baseline -0.003 -17"><span class='ocrx_word' id='word_1_342' title='bbox 153 3351 283 3400; x_wconf 82' lang='grc' dir='ltr'><strong>κατ’</strong></span> <span class='ocrx_word' id='word_1_343' title='bbox 340 3349 509 3401; x_wconf 72' lang='grc' dir='ltr'><strong>αὑτὸν</strong></span> <span class='ocrx_word' id='word_1_344' title='bbox 551 3346 807 3417; x_wconf 82' lang='grc' dir='ltr'><strong>ἀληθείας</strong></span> <span class='ocrx_word' id='word_1_345' title='bbox 842 3346 871 3398; x_wconf 90' lang='lat'><strong>6</strong></span> <span class='ocrx_word' id='word_1_346' title='bbox 903 3344 1171 3416; x_wconf 77' lang='grc' dir='ltr'><strong>ἡμέτερος</strong></span> <span class='ocrx_word' id='word_1_347' title='bbox 1203 3343 1374 3416; x_wconf 90' lang='grc' dir='ltr'><strong>νοῦς),</strong></span> <span class='ocrx_word' id='word_1_348' title='bbox 1409 3344 1497 3398; x_wconf 84' lang='grc' dir='ltr'><strong>διὰ</strong></span> <span class='ocrx_word' id='word_1_349' title='bbox 1521 3344 1628 3396; x_wconf 85' lang='grc' dir='ltr'><strong>τῶν</strong></span> <span class='ocrx_word' id='word_1_350' title='bbox 1659 3346 1732 3397; x_wconf 75' lang='lat' dir='ltr'><strong>al-</strong></span> 
     </span>
    </p>
   </div>
   <div class='ocr_carea' id='block_1_51' title="bbox 156 3431 1734 3504">
    <p class='ocr_par' dir='ltr' id='par_1_51' title="bbox 156 3431 1734 3504">
     <span class='ocr_line' id='line_1_51' title="bbox 156 3431 1734 3504; baseline -0.001 -18"><span class='ocrx_word' id='word_1_351' title='bbox 156 3433 423 3503; x_wconf 82' lang='grc' dir='ltr'><strong>ρημένων</strong></span> <span class='ocrx_word' id='word_1_352' title='bbox 454 3431 778 3504; x_wconf 83' lang='grc' dir='ltr'><strong>ὑποδραμὼν</strong></span> <span class='ocrx_word' id='word_1_353' title='bbox 810 3432 888 3503; x_wconf 84' lang='grc' dir='ltr'><strong>τῷ</strong></span> <span class='ocrx_word' id='word_1_354' title='bbox 919 3433 1082 3504; x_wconf 86' lang='grc' dir='ltr'><strong>λόγῳ,</strong></span> <span class='ocrx_word' id='word_1_355' title='bbox 1115 3434 1208 3486; x_wconf 72' lang='grc' dir='ltr'><strong>καὶ</strong></span> <span class='ocrx_word' id='word_1_356' title='bbox 1236 3433 1424 3504; x_wconf 85' lang='grc' dir='ltr'><strong>ῶσπερ</strong></span> <span class='ocrx_word' id='word_1_357' title='bbox 1449 3433 1734 3504; x_wconf 72' lang='grc' dir='ltr'><strong>ίχντ,λατή-</strong></span> 
     </span>
    </p>
   </div>
   <div class='ocr_carea' id='block_1_52' title="bbox 157 3525 1347 3596">
    <p class='ocr_par' dir='ltr' id='par_1_52' title="bbox 157 3525 1347 3596">
     <span class='ocr_line' id='line_1_52' title="bbox 157 3525 1347 3596; baseline 0.001 -19"><span class='ocrx_word' id='word_1_358' title='bbox 157 3542 287 3589; x_wconf 88' lang='grc' dir='ltr'><strong>σας,</strong></span> <span class='ocrx_word' id='word_1_359' title='bbox 323 3525 526 3579; x_wconf 84' lang='grc' dir='ltr'><strong>τοιόνδε</strong></span> <span class='ocrx_word' id='word_1_360' title='bbox 553 3525 678 3578; x_wconf 80' lang='grc' dir='ltr'><strong>καθ’</strong></span> <span class='ocrx_word' id='word_1_361' title='bbox 706 3526 963 3579; x_wconf 83' lang='grc' dir='ltr'><strong>ὑπόνοιαν</strong></span> <span class='ocrx_word' id='word_1_362' title='bbox 1002 3525 1159 3594; x_wconf 88' lang='grc' dir='ltr'><strong>μόνον</strong></span> <span class='ocrx_word' id='word_1_363' title='bbox 1185 3527 1347 3596; x_wconf 81' lang='grc' dir='ltr'><strong>φημί.</strong></span> 
     </span>
    </p>
   </div>
   <div class='ocr_carea' id='block_1_53' title="bbox 146 3701 1731 3772">
    <p class='ocr_par' dir='ltr' id='par_1_53' title="bbox 146 3701 1731 3772">
     <span class='ocr_line' id='line_1_53' title="bbox 146 3701 1731 3772; baseline -0.003 -12"><span class='ocrx_word' id='word_1_364' title='bbox 146 3706 395 3772; x_wconf 71' lang='grc' dir='ltr'><strong>Θεωρία</strong></span> <span class='ocrx_word' id='word_1_365' title='bbox 424 3704 708 3771; x_wconf 73' lang='grc' dir='ltr'><strong>διάφορος</strong></span> <span class='ocrx_word' id='word_1_366' title='bbox 762 3701 870 3768; x_wconf 80' lang='grc' dir='ltr'><strong>τῆς</strong></span> <span class='ocrx_word' id='word_1_367' title='bbox 913 3702 1294 3766; x_wconf 71' lang='grc' dir='ltr'><strong>διαδοθείσης</strong></span> <span class='ocrx_word' id='word_1_368' title='bbox 1340 3701 1459 3755; x_wconf 78' lang='grc' dir='ltr'><strong>ὑπὸ</strong></span> <span class='ocrx_word' id='word_1_369' title='bbox 1490 3701 1607 3754; x_wconf 81' lang='grc' dir='ltr'><strong>τῶν</strong></span> <span class='ocrx_word' id='word_1_370' title='bbox 1664 3704 1731 3756; x_wconf 74' lang='grc' dir='ltr'><strong>ἁο</strong></span> 
     </span>
    </p>
   </div>
   <div class='ocr_carea' id='block_1_54' title="bbox 216 3788 1736 3867">
    <p class='ocr_par' dir='ltr' id='par_1_54' title="bbox 216 3788 1736 3867">
     <span class='ocr_line' id='line_1_54' title="bbox 216 3788 1736 3867; baseline -0.003 -17"><span class='ocrx_word' id='word_1_371' title='bbox 216 3799 391 3867; x_wconf 63' lang='grc' dir='ltr'><strong>,τίων</strong></span> <span class='ocrx_word' id='word_1_372' title='bbox 439 3796 657 3863; x_wconf 70' lang='grc' dir='ltr'><strong>ὑλικῆς</strong></span> <span class='ocrx_word' id='word_1_373' title='bbox 705 3788 946 3861; x_wconf 72' lang='grc' dir='ltr'><strong>δυάδος,</strong></span> <span class='ocrx_word' id='word_1_374' title='bbox 981 3797 1080 3850; x_wconf 79' lang='grc' dir='ltr'><strong>καί</strong></span> <span class='ocrx_word' id='word_1_375' title='bbox 1134 3798 1226 3861; x_wconf 79' lang='grc' dir='ltr'><strong>τίς</strong></span> <span class='ocrx_word' id='word_1_376' title='bbox 1252 3797 1290 3864; x_wconf 72' lang='grc' dir='ltr'><strong><em>ἡ</em></strong></span> <span class='ocrx_word' id='word_1_377' title='bbox 1320 3796 1390 3848; x_wconf 80' lang='grc' dir='ltr'><strong>ἐν</strong></span> <span class='ocrx_word' id='word_1_378' title='bbox 1431 3793 1504 3862; x_wconf 79' lang='grc' dir='ltr'><strong>τῇ</strong></span> <span class='ocrx_word' id='word_1_379' title='bbox 1542 3792 1736 3861; x_wconf 74' lang='grc' dir='ltr'><strong>Τριάὃι</strong></span> 
     </span>
    </p>
   </div>
   <div class='ocr_carea' id='block_1_55' title="bbox 223 3886 911 3954">
    <p class='ocr_par' dir='ltr' id='par_1_55' title="bbox 223 3886 911 3954">
     <span class='ocr_line' id='line_1_55' title="bbox 223 3886 911 3954; baseline 0 -13"><span class='ocrx_word' id='word_1_380' title='bbox 223 3886 540 3954; x_wconf 75' lang='grc' dir='ltr'><strong>νοουμένη</strong></span> <span class='ocrx_word' id='word_1_381' title='bbox 571 3887 784 3954; x_wconf 77' lang='grc' dir='ltr'><strong>ἑνότης</strong></span> <span class='ocrx_word' id='word_1_382' title='bbox 817 3887 911 3954; x_wconf 72' lang='grc' dir='ltr'><strong>(ο).</strong></span> 
     </span>
    </p>
   </div>
   <div class='ocr_carea' id='block_1_56' title="bbox 226 3985 1735 4070">
    <p class='ocr_par' dir='ltr' id='par_1_56' title="bbox 226 3985 1735 4070">
     <span class='ocr_line' id='line_1_56' title="bbox 226 3985 1735 4070; baseline 0.003 -18"><span class='ocrx_word' id='word_1_383' title='bbox 226 3989 342 4053; x_wconf 78' lang='grc' dir='ltr'><strong>Διὰ</strong></span> <span class='ocrx_word' id='word_1_384' title='bbox 365 3999 424 4051; x_wconf 80' lang='grc' dir='ltr'><strong>δὲ</strong></span> <span class='ocrx_word' id='word_1_385' title='bbox 451 3997 546 4051; x_wconf 88' lang='grc' dir='ltr'><strong>τοῦ</strong></span> <span class='ocrx_word' id='word_1_386' title='bbox 579 3997 720 4068; x_wconf 73' lang='grc' dir='ltr'><strong>ὑπὲρ</strong></span> <span class='ocrx_word' id='word_1_387' title='bbox 746 3985 846 4070; x_wconf 56' lang='grc' dir='ltr'><strong>⁴τὴν</strong></span> <span class='ocrx_word' id='word_1_388' title='bbox 870 4000 1059 4070; x_wconf 70' lang='grc' dir='ltr'><strong>ὑλικὴν</strong></span> <span class='ocrx_word' id='word_1_389' title='bbox 1103 3999 1269 4054; x_wconf 86' lang='grc' dir='ltr'><strong>δυάδα</strong></span> <span class='ocrx_word' id='word_1_390' title='bbox 1314 4001 1586 4068; x_wconf 82' lang='grc' dir='ltr'><strong>γενέσθαι,</strong></span> <span class='ocrx_word' id='word_1_391' title='bbox 1645 4002 1735 4056; x_wconf 73' lang='grc' dir='ltr'><strong>διὰ</strong></span> 
     </span>
    </p>
   </div>
   <div class='ocr_carea' id='block_1_57' title="bbox 145 4086 1732 4160">
    <p class='ocr_par' dir='ltr' id='par_1_57' title="bbox 145 4086 1732 4160">
     <span class='ocr_line' id='line_1_57' title="bbox 145 4086 1732 4160; baseline 0 -20"><span class='ocrx_word' id='word_1_392' title='bbox 145 4091 254 4160; x_wconf 76' lang='grc' dir='ltr'><strong>τὴν</strong></span> <span class='ocrx_word' id='word_1_393' title='bbox 281 4090 350 4142; x_wconf 82' lang='grc' dir='ltr'><strong>ὲν</strong></span> <span class='ocrx_word' id='word_1_394' title='bbox 378 4089 449 4156; x_wconf 75' lang='grc' dir='ltr'><strong>τῇ</strong></span> <span class='ocrx_word' id='word_1_395' title='bbox 477 4086 664 4152; x_wconf 88' lang='grc' dir='ltr'><strong>Τριάδι</strong></span> <span class='ocrx_word' id='word_1_396' title='bbox 694 4087 989 4156; x_wconf 86' lang='grc' dir='ltr'><strong>νοουμένην</strong></span> <span class='ocrx_word' id='word_1_397' title='bbox 1026 4087 1272 4157; x_wconf 79' lang='grc' dir='ltr'><strong>ἑνότητα,</strong></span> <span class='ocrx_word' id='word_1_398' title='bbox 1330 4089 1393 4142; x_wconf 81' lang='grc' dir='ltr'><strong>τὸ</strong></span> <span class='ocrx_word' id='word_1_399' title='bbox 1445 4089 1584 4159; x_wconf 70' lang='grc' dir='ltr'><strong>ὑπὲρ</strong></span> <span class='ocrx_word' id='word_1_400' title='bbox 1634 4091 1732 4160; x_wconf 75' lang='grc' dir='ltr'><strong>τὴν</strong></span> 
     </span>
    </p>
   </div>
   <div class='ocr_carea' id='block_1_58' title="bbox 157 4171 1735 4250">
    <p class='ocr_par' dir='ltr' id='par_1_58' title="bbox 157 4171 1735 4250">
     <span class='ocr_line' id='line_1_58' title="bbox 157 4171 1735 4250; baseline 0 -20"><span class='ocrx_word' id='word_1_401' title='bbox 157 4179 304 4248; x_wconf 81' lang='grc' dir='ltr'><strong>ὓλην</strong></span> <span class='ocrx_word' id='word_1_402' title='bbox 339 4172 600 4244; x_wconf 81' lang='grc' dir='ltr'><strong>γενέσθαι</strong></span> <span class='ocrx_word' id='word_1_403' title='bbox 625 4175 718 4227; x_wconf 74' lang='grc' dir='ltr'><strong>καὶ</strong></span> <span class='ocrx_word' id='word_1_404' title='bbox 740 4175 801 4226; x_wconf 84' lang='grc' dir='ltr'><strong>τὸ</strong></span> <span class='ocrx_word' id='word_1_405' title='bbox 830 4171 988 4250; x_wconf 71' lang='grc' dir='ltr'><strong>εἶδος,</strong></span> <span class='ocrx_word' id='word_1_406' title='bbox 1027 4175 1086 4238; x_wconf 78' lang='grc' dir='ltr'>ἐξ</span> <span class='ocrx_word' id='word_1_407' title='bbox 1113 4172 1186 4228; x_wconf 85' lang='grc' dir='ltr'><strong>ῶν</strong></span> <span class='ocrx_word' id='word_1_408' title='bbox 1218 4176 1287 4228; x_wconf 83' lang='grc' dir='ltr'><strong>τὰ</strong></span> <span class='ocrx_word' id='word_1_409' title='bbox 1317 4176 1563 4246; x_wconf 85' lang='grc' dir='ltr'><strong>σώματα,</strong></span> <span class='ocrx_word' id='word_1_410' title='bbox 1609 4179 1735 4241; x_wconf 78' lang='grc' dir='ltr'><strong>τοὺς</strong></span> 
     </span>
    </p>
   </div>
   <div class='ocr_carea' id='block_1_59' title="bbox 123 4263 1734 4338">
    <p class='ocr_par' dir='ltr' id='par_1_59' title="bbox 123 4263 1734 4338">
     <span class='ocr_line' id='line_1_59' title="bbox 123 4263 1734 4338; baseline 0.002 -20"><span class='ocrx_word' id='word_1_411' title='bbox 123 4270 360 4338; x_wconf 78' lang='grc' dir='ltr'><strong>,ἁγίους</strong></span> <span class='ocrx_word' id='word_1_412' title='bbox 389 4265 576 4333; x_wconf 78' lang='grc' dir='ltr'><strong>λέγειν</strong></span> <span class='ocrx_word' id='word_1_413' title='bbox 610 4263 820 4319; x_wconf 79' lang='grc' dir='ltr'><strong>ὑπονοῶ</strong></span> <span class='ocrx_word' id='word_1_414' title='bbox 845 4264 1027 4330; x_wconf 77' lang='grc' dir='ltr'><strong>αὐτὸν,</strong></span> <span class='ocrx_word' id='word_1_415' title='bbox 1067 4265 1100 4334; x_wconf 76' lang='grc' dir='ltr'>ἢ</span> <span class='ocrx_word' id='word_1_416' title='bbox 1129 4268 1227 4336; x_wconf 78' lang='grc' dir='ltr'><strong>τὴν</strong></span> <span class='ocrx_word' id='word_1_417' title='bbox 1272 4267 1450 4337; x_wconf 82' lang='grc' dir='ltr'><strong>σάρκα</strong></span> <span class='ocrx_word' id='word_1_418' title='bbox 1501 4268 1596 4321; x_wconf 79' lang='grc' dir='ltr'><strong>καὶ</strong></span> <span class='ocrx_word' id='word_1_419' title='bbox 1635 4268 1734 4337; x_wconf 72' lang='grc' dir='ltr'><strong>τὴν</strong></span> 
     </span>
    </p>
   </div>
   <div class='ocr_carea' id='block_1_60' title="bbox 140 4356 1736 4432">
    <p class='ocr_par' dir='ltr' id='par_1_60' title="bbox 140 4356 1736 4432">
     <span class='ocr_line' id='line_1_60' title="bbox 140 4356 1736 4432; baseline -0.002 -18"><span class='ocrx_word' id='word_1_420' title='bbox 140 4362 330 4428; x_wconf 79' lang='grc' dir='ltr'><strong>ὕλην,</strong></span> <span class='ocrx_word' id='word_1_421' title='bbox 355 4358 536 4428; x_wconf 72' lang='grc' dir='ltr'><strong>ἇσπερ</strong></span> <span class='ocrx_word' id='word_1_422' title='bbox 561 4357 877 4429; x_wconf 80' lang='grc' dir='ltr'><strong>διασχόντας</strong></span> <span class='ocrx_word' id='word_1_423' title='bbox 909 4356 1012 4432; x_wconf 69' lang='grc' dir='ltr'><strong>ἔφη</strong></span> <span class='ocrx_word' id='word_1_424' title='bbox 1062 4356 1180 4426; x_wconf 83' lang='grc' dir='ltr'><strong>Θεῷ</strong></span> <span class='ocrx_word' id='word_1_425' title='bbox 1236 4358 1591 4423; x_wconf 76' lang='grc' dir='ltr'><strong>συγγενέσθαι</strong></span> <span class='ocrx_word' id='word_1_426' title='bbox 1640 4359 1736 4411; x_wconf 77' lang='grc' dir='ltr'><strong>καὶ</strong></span> 
     </span>
    </p>
   </div>
   <div class='ocr_carea' id='block_1_61' title="bbox 1822 2089 3391 2159">
    <p class='ocr_par' dir='ltr' id='par_1_61' title="bbox 1822 2089 3391 2159">
     <span class='ocr_line' id='line_1_61' title="bbox 1822 2089 3391 2159; baseline -0.001 -15"><span class='ocrx_word' id='word_1_427' title='bbox 1822 2090 2263 2159; x_wconf 88' lang='lat' dir='ltr'><strong>procurationem</strong></span> <span class='ocrx_word' id='word_1_428' title='bbox 2298 2090 2491 2144; x_wconf 89' lang='lat' dir='ltr'><strong>tollere</strong></span> <span class='ocrx_word' id='word_1_429' title='bbox 2519 2089 2802 2148; x_wconf 85' lang='lat' dir='ltr'><strong>debemus,</strong></span> <span class='ocrx_word' id='word_1_430' title='bbox 2841 2089 2932 2143; x_wconf 90' lang='lat' dir='ltr'><strong>sed</strong></span> <span class='ocrx_word' id='word_1_431' title='bbox 2969 2089 3151 2143; x_wconf 90' lang='lat' dir='ltr'><strong>omnia</strong></span> <span class='ocrx_word' id='word_1_432' title='bbox 3181 2089 3391 2159; x_wconf 87' lang='lat' dir='ltr'><strong>simpli-</strong></span> 
     </span>
    </p>
   </div>
   <div class='ocr_carea' id='block_1_62' title="bbox 1823 2180 3384 2246">
    <p class='ocr_par' dir='ltr' id='par_1_62' title="bbox 1823 2180 3384 2246">
     <span class='ocr_line' id='line_1_62' title="bbox 1823 2180 3384 2246; baseline 0.001 -11"><span class='ocrx_word' id='word_1_433' title='bbox 1823 2180 1962 2235; x_wconf 92' lang='lat' dir='ltr'><strong>citer</strong></span> <span class='ocrx_word' id='word_1_434' title='bbox 1990 2191 2047 2236; x_wconf 85' lang='lat' dir='ltr'><strong>et</strong></span> <span class='ocrx_word' id='word_1_435' title='bbox 2072 2182 2189 2236; x_wconf 88' lang='lat' dir='ltr'><strong>sine</strong></span> <span class='ocrx_word' id='word_1_436' title='bbox 2219 2183 2489 2246; x_wconf 78' lang='lat' dir='ltr'><strong>examine,</strong></span> <span class='ocrx_word' id='word_1_437' title='bbox 2514 2183 2625 2237; x_wconf 87' lang='lat' dir='ltr'><strong>Deo</strong></span> <span class='ocrx_word' id='word_1_438' title='bbox 2653 2183 3043 2237; x_wconf 87' lang='lat' dir='ltr'><strong>convenienter</strong></span> <span class='ocrx_word' id='word_1_439' title='bbox 3068 2191 3125 2236; x_wconf 89' lang='lat' dir='ltr'><strong>et</strong></span> <span class='ocrx_word' id='word_1_440' title='bbox 3159 2183 3384 2245; x_wconf 90' lang='lat' dir='ltr'><strong>utiliter,</strong></span> 
     </span>
    </p>
   </div>
   <div class='ocr_carea' id='block_1_63' title="bbox 1825 2270 3390 2341">
    <p class='ocr_par' dir='ltr' id='par_1_63' title="bbox 1825 2270 3390 2341">
     <span class='ocr_line' id='line_1_63' title="bbox 1825 2270 3390 2341; baseline 0.002 -18"><span class='ocrx_word' id='word_1_441' title='bbox 1825 2270 2181 2339; x_wconf 78' lang='lat' dir='ltr'><strong>providentia:</strong></span> <span class='ocrx_word' id='word_1_442' title='bbox 2224 2272 2450 2327; x_wconf 87' lang='lat' dir='ltr'><strong>laudare</strong></span> <span class='ocrx_word' id='word_1_443' title='bbox 2482 2287 2648 2341; x_wconf 81' lang='lat' dir='ltr'><strong>opera</strong></span> <span class='ocrx_word' id='word_1_444' title='bbox 2697 2282 2752 2325; x_wconf 90' lang='lat' dir='ltr'><strong>et</strong></span> <span class='ocrx_word' id='word_1_445' title='bbox 2788 2281 3014 2340; x_wconf 80' lang='lat' dir='ltr'><strong>accepta</strong></span> <span class='ocrx_word' id='word_1_446' title='bbox 3063 2272 3288 2336; x_wconf 81' lang='lat' dir='ltr'><strong>referre,</strong></span> <span class='ocrx_word' id='word_1_447' title='bbox 3333 2283 3390 2326; x_wconf 90' lang='lat' dir='ltr'><strong>et</strong></span> 
     </span>
    </p>
   </div>
   <div class='ocr_carea' id='block_1_64' title="bbox 1825 2359 3388 2429">
    <p class='ocr_par' dir='ltr' id='par_1_64' title="bbox 1825 2359 3388 2429">
     <span class='ocr_line' id='line_1_64' title="bbox 1825 2359 3388 2429; baseline 0.001 -15"><span class='ocrx_word' id='word_1_448' title='bbox 1825 2375 1948 2429; x_wconf 71' lang='lat' dir='ltr'><strong>quae.</strong></span> <span class='ocrx_word' id='word_1_449' title='bbox 1981 2359 2121 2415; x_wconf 88' lang='lat' dir='ltr'><strong>ﬁunt</strong></span> <span class='ocrx_word' id='word_1_450' title='bbox 2161 2362 2302 2416; x_wconf 86' lang='lat' dir='ltr'><strong>bene</strong></span> <span class='ocrx_word' id='word_1_451' title='bbox 2338 2361 2454 2414; x_wconf 65' lang='lat' dir='ltr'><strong>ﬁeri</strong></span> <span class='ocrx_word' id='word_1_452' title='bbox 2501 2361 2798 2424; x_wconf 80' lang='lat' dir='ltr'><strong>conlidere,</strong></span> <span class='ocrx_word' id='word_1_453' title='bbox 2861 2362 3075 2416; x_wconf 87' lang='lat' dir='ltr'><strong>etiamsi</strong></span> <span class='ocrx_word' id='word_1_454' title='bbox 3125 2362 3388 2416; x_wconf 88' lang='lat' dir='ltr'><strong>rationem</strong></span> 
     </span>
    </p>
   </div>
   <div class='ocr_carea' id='block_1_65' title="bbox 1826 2451 3387 2520">
    <p class='ocr_par' dir='ltr' id='par_1_65' title="bbox 1826 2451 3387 2520">
     <span class='ocr_line' id='line_1_65' title="bbox 1826 2451 3387 2520; baseline 0.001 -14"><span class='ocrx_word' id='word_1_455' title='bbox 1826 2466 2015 2506; x_wconf 82' lang='lat' dir='ltr'><strong>eorum</strong></span> <span class='ocrx_word' id='word_1_456' title='bbox 2044 2467 2152 2504; x_wconf 92' lang='lat' dir='ltr'><strong>non</strong></span> <span class='ocrx_word' id='word_1_457' title='bbox 2180 2467 2468 2520; x_wconf 81' lang='lat' dir='ltr'><strong>possumus</strong></span> <span class='ocrx_word' id='word_1_458' title='bbox 2491 2453 2730 2520; x_wconf 86' lang='lat' dir='ltr'><strong>assequi.</strong></span> <span class='ocrx_word' id='word_1_459' title='bbox 2761 2451 2970 2506; x_wconf 87' lang='lat' dir='ltr'><strong>Cuncta</strong></span> <span class='ocrx_word' id='word_1_460' title='bbox 2998 2466 3129 2506; x_wconf 85' lang='lat' dir='ltr'><strong>vero</strong></span> <span class='ocrx_word' id='word_1_461' title='bbox 3156 2451 3202 2507; x_wconf 90' lang='lat' dir='ltr'><strong>si</strong></span> <span class='ocrx_word' id='word_1_462' title='bbox 3242 2451 3387 2516; x_wconf 83' lang='lat' dir='ltr'><strong>dico,</strong></span> 
     </span>
    </p>
   </div>
   <div class='ocr_carea' id='block_1_66' title="bbox 1828 2542 3389 2613">
    <p class='ocr_par' dir='ltr' id='par_1_66' title="bbox 1828 2542 3389 2613">
     <span class='ocr_line' id='line_1_66' title="bbox 1828 2542 3389 2613; baseline 0.004 -19"><span class='ocrx_word' id='word_1_463' title='bbox 1828 2542 2180 2610; x_wconf 64' lang='lat' dir='ltr'><strong>providentiae</strong></span> <span class='ocrx_word' id='word_1_464' title='bbox 2220 2558 2308 2596; x_wconf 88' lang='lat' dir='ltr'><strong>res</strong></span> <span class='ocrx_word' id='word_1_465' title='bbox 2346 2542 2490 2606; x_wconf 89' lang='lat' dir='ltr'><strong>dico,</strong></span> <span class='ocrx_word' id='word_1_466' title='bbox 2520 2542 2770 2596; x_wconf 83' lang='lat' dir='ltr'><strong>videlicet</strong></span> <span class='ocrx_word' id='word_1_467' title='bbox 2799 2558 2906 2595; x_wconf 91' lang='lat' dir='ltr'><strong>non</strong></span> <span class='ocrx_word' id='word_1_468' title='bbox 2932 2558 2998 2596; x_wconf 91' lang='lat' dir='ltr'><strong>ea</strong></span> <span class='ocrx_word' id='word_1_469' title='bbox 3027 2559 3152 2613; x_wconf 63' lang='lat' dir='ltr'><strong>qua:</strong></span> <span class='ocrx_word' id='word_1_470' title='bbox 3177 2560 3207 2599; x_wconf 90' lang='lat' dir='ltr'><strong>a</strong></span> <span class='ocrx_word' id='word_1_471' title='bbox 3231 2546 3389 2604; x_wconf 85' lang='lat' dir='ltr'><strong>nobis</strong></span> 
     </span>
    </p>
   </div>
   <div class='ocr_carea' id='block_1_67' title="bbox 1829 2620 3390 2692">
    <p class='ocr_par' dir='ltr' id='par_1_67' title="bbox 1829 2620 3390 2692">
     <span class='ocr_line' id='line_1_67' title="bbox 1829 2620 3390 2692; baseline 0.004 -8"><span class='ocrx_word' id='word_1_472' title='bbox 1829 2629 2126 2685; x_wconf 86' lang='lat' dir='ltr'><strong>secundum</strong></span> <span class='ocrx_word' id='word_1_473' title='bbox 2186 2639 2387 2685; x_wconf 79' lang='lat' dir='ltr'><strong>nostra:</strong></span> <span class='ocrx_word' id='word_1_474' title='bbox 2435 2631 2730 2685; x_wconf 72' lang='lat' dir='ltr'><strong>voluntatis</strong></span> <span class='ocrx_word' id='word_1_475' title='bbox 2780 2639 2835 2685; x_wconf 83' lang='lat' dir='ltr'><strong>et</strong></span> <span class='ocrx_word' id='word_1_476' title='bbox 2883 2630 3078 2687; x_wconf 82' lang='lat' dir='ltr'><strong>indolis</strong></span> <span class='ocrx_word' id='word_1_477' title='bbox 3125 2620 3390 2692; x_wconf 87' lang='lat' dir='ltr'><strong>rationem</strong></span> 
     </span>
    </p>
   </div>
   <div class='ocr_carea' id='block_1_68' title="bbox 1828 2718 3392 2796">
    <p class='ocr_par' dir='ltr' id='par_1_68' title="bbox 1828 2718 3392 2796">
     <span class='ocr_line' id='line_1_68' title="bbox 1828 2718 3392 2796; baseline 0.006 -24"><span class='ocrx_word' id='word_1_478' title='bbox 1828 2737 1993 2791; x_wconf 83' lang='lat' dir='ltr'><strong>prave</strong></span> <span class='ocrx_word' id='word_1_479' title='bbox 2037 2721 2206 2786; x_wconf 86' lang='lat' dir='ltr'><strong>ﬁunt;</strong></span> <span class='ocrx_word' id='word_1_480' title='bbox 2234 2722 2349 2776; x_wconf 54' lang='lat' dir='ltr'><strong>haec</strong></span> <span class='ocrx_word' id='word_1_481' title='bbox 2372 2721 2522 2776; x_wconf 89' lang='lat' dir='ltr'><strong>enim</strong></span> <span class='ocrx_word' id='word_1_482' title='bbox 2548 2738 2575 2774; x_wconf 90' lang='lat' dir='ltr'><strong>a</strong></span> <span class='ocrx_word' id='word_1_483' title='bbox 2603 2718 2956 2790; x_wconf 61' lang='lat' dir='ltr'><strong>providentur</strong></span> <span class='ocrx_word' id='word_1_484' title='bbox 2992 2725 3202 2780; x_wconf 81' lang='lat' dir='ltr'><strong>ratione</strong></span> <span class='ocrx_word' id='word_1_485' title='bbox 3235 2728 3392 2796; x_wconf 84' lang='lat' dir='ltr'><strong>plane</strong></span> 
     </span>
    </p>
   </div>
   <div class='ocr_carea' id='block_1_69' title="bbox 1829 2813 3394 2886">
    <p class='ocr_par' dir='ltr' id='par_1_69' title="bbox 1829 2813 3394 2886">
     <span class='ocr_line' id='line_1_69' title="bbox 1829 2813 3394 2886; baseline 0.004 -20"><span class='ocrx_word' id='word_1_486' title='bbox 1829 2814 2055 2874; x_wconf 83' lang='lat' dir='ltr'><strong>absona.</strong></span> <span class='ocrx_word' id='word_1_487' title='bbox 2091 2813 2308 2868; x_wconf 79' lang='lat' dir='ltr'><strong>Modum</strong></span> <span class='ocrx_word' id='word_1_488' title='bbox 2352 2813 2521 2883; x_wconf 84' lang='lat' dir='ltr'><strong>igitur</strong></span> <span class='ocrx_word' id='word_1_489' title='bbox 2554 2813 2833 2868; x_wconf 80' lang='lat' dir='ltr'><strong>rationalis</strong></span> <span class='ocrx_word' id='word_1_490' title='bbox 2874 2823 2929 2867; x_wconf 87' lang='lat' dir='ltr'><strong>et</strong></span> <span class='ocrx_word' id='word_1_491' title='bbox 2959 2817 3394 2886; x_wconf 58' lang='lat' dir='ltr'><strong>contemplativa!</strong></span> 
     </span>
    </p>
   </div>
   <div class='ocr_carea' id='block_1_70' title="bbox 1831 2902 3392 2973">
    <p class='ocr_par' dir='ltr' id='par_1_70' title="bbox 1831 2902 3392 2973">
     <span class='ocr_line' id='line_1_70' title="bbox 1831 2902 3392 2973; baseline 0.002 -15"><span class='ocrx_word' id='word_1_492' title='bbox 1831 2911 2143 2958; x_wconf 82' lang='lat' dir='ltr'><strong>sanctorum</strong></span> <span class='ocrx_word' id='word_1_493' title='bbox 2176 2902 2461 2971; x_wconf 86' lang='lat' dir='ltr'><strong>potestatis</strong></span> <span class='ocrx_word' id='word_1_494' title='bbox 2490 2911 2546 2955; x_wconf 91' lang='lat' dir='ltr'><strong>et</strong></span> <span class='ocrx_word' id='word_1_495' title='bbox 2585 2902 2777 2971; x_wconf 64' lang='lat' dir='ltr'><strong>gratim</strong></span> <span class='ocrx_word' id='word_1_496' title='bbox 2809 2902 2876 2954; x_wconf 77' lang='lat' dir='ltr'><strong>ali</strong></span> <span class='ocrx_word' id='word_1_497' title='bbox 2921 2918 3114 2973; x_wconf 89' lang='lat' dir='ltr'><strong>magno</strong></span> <span class='ocrx_word' id='word_1_498' title='bbox 3144 2905 3248 2959; x_wconf 88' lang='lat' dir='ltr'><strong>hoc</strong></span> <span class='ocrx_word' id='word_1_499' title='bbox 3276 2922 3392 2961; x_wconf 91' lang='lat' dir='ltr'><strong>ma-</strong></span> 
     </span>
    </p>
   </div>
   <div class='ocr_carea' id='block_1_71' title="bbox 1829 2990 3396 3060">
    <p class='ocr_par' dir='ltr' id='par_1_71' title="bbox 1829 2990 3396 3060">
     <span class='ocr_line' id='line_1_71' title="bbox 1829 2990 3396 3060; baseline 0.004 -17"><span class='ocrx_word' id='word_1_500' title='bbox 1829 2993 1998 3060; x_wconf 88' lang='lat' dir='ltr'><strong>gistro</strong></span> <span class='ocrx_word' id='word_1_501' title='bbox 2021 2990 2385 3060; x_wconf 82' lang='lat' dir='ltr'><strong>signiﬁcatum</strong></span> <span class='ocrx_word' id='word_1_502' title='bbox 2418 2997 2708 3058; x_wconf 80' lang='lat' dir='ltr'><strong>postquam</strong></span> <span class='ocrx_word' id='word_1_503' title='bbox 2739 2993 3072 3060; x_wconf 63' lang='lat' dir='ltr'><strong>(:(mjectura,</strong></span> <span class='ocrx_word' id='word_1_504' title='bbox 3103 3009 3213 3048; x_wconf 86' lang='lat' dir='ltr'><strong>non</strong></span> <span class='ocrx_word' id='word_1_505' title='bbox 3245 3005 3396 3050; x_wconf 81' lang='lat' dir='ltr'><strong>certa</strong></span> 
     </span>
    </p>
   </div>
   <div class='ocr_carea' id='block_1_72' title="bbox 1829 3079 3396 3151">
    <p class='ocr_par' dir='ltr' id='par_1_72' title="bbox 1829 3079 3396 3151">
     <span class='ocr_line' id='line_1_72' title="bbox 1829 3079 3396 3151; baseline 0.005 -16"><span class='ocrx_word' id='word_1_506' title='bbox 1829 3081 2280 3150; x_wconf 82' lang='lat' dir='ltr'><strong>interpretatione</strong></span> <span class='ocrx_word' id='word_1_507' title='bbox 2307 3079 2560 3151; x_wconf 82' lang='lat' dir='ltr'><strong>(multum</strong></span> <span class='ocrx_word' id='word_1_508' title='bbox 2585 3083 2732 3136; x_wconf 82' lang='lat' dir='ltr'><strong>enim</strong></span> <span class='ocrx_word' id='word_1_509' title='bbox 2757 3081 2912 3138; x_wconf 87' lang='lat' dir='ltr'><strong>abest</strong></span> <span class='ocrx_word' id='word_1_510' title='bbox 2941 3092 3000 3138; x_wconf 89' lang='lat' dir='ltr'><strong>ut</strong></span> <span class='ocrx_word' id='word_1_511' title='bbox 3025 3100 3182 3142; x_wconf 89' lang='lat' dir='ltr'><strong>mens</strong></span> <span class='ocrx_word' id='word_1_512' title='bbox 3209 3094 3396 3143; x_wconf 85' lang='lat' dir='ltr'><strong>nostra</strong></span> 
     </span>
    </p>
   </div>
   <div class='ocr_carea' id='block_1_73' title="bbox 1831 3169 3396 3245">
    <p class='ocr_par' dir='ltr' id='par_1_73' title="bbox 1831 3169 3396 3245">
     <span class='ocr_line' id='line_1_73' title="bbox 1831 3169 3396 3245; baseline 0.006 -23"><span class='ocrx_word' id='word_1_513' title='bbox 1831 3169 1977 3223; x_wconf 80' lang='lat' dir='ltr'><strong>illius</strong></span> <span class='ocrx_word' id='word_1_514' title='bbox 1999 3169 2286 3222; x_wconf 87' lang='lat' dir='ltr'><strong>veritatem</strong></span> <span class='ocrx_word' id='word_1_515' title='bbox 2309 3169 2653 3241; x_wconf 66' lang='lat' dir='ltr'><strong>aequiparet),</strong></span> <span class='ocrx_word' id='word_1_516' title='bbox 2677 3186 2776 3241; x_wconf 89' lang='lat' dir='ltr'><strong>per</strong></span> <span class='ocrx_word' id='word_1_517' title='bbox 2797 3171 2939 3226; x_wconf 86' lang='lat' dir='ltr'><strong>hanc</strong></span> <span class='ocrx_word' id='word_1_518' title='bbox 2972 3173 3396 3245; x_wconf 83' lang='lat' dir='ltr'><strong>disputationem</strong></span> 
     </span>
    </p>
   </div>
   <div class='ocr_carea' id='block_1_74' title="bbox 1830 3259 3395 3337">
    <p class='ocr_par' dir='ltr' id='par_1_74' title="bbox 1830 3259 3395 3337">
     <span class='ocr_line' id='line_1_74' title="bbox 1830 3259 3395 3337; baseline 0.006 -23"><span class='ocrx_word' id='word_1_519' title='bbox 1830 3259 2001 3314; x_wconf 74' lang='lat' dir='ltr'><strong>verbo</strong></span> <span class='ocrx_word' id='word_1_520' title='bbox 2029 3259 2250 3330; x_wconf 83' lang='lat' dir='ltr'><strong>assequi</strong></span> <span class='ocrx_word' id='word_1_521' title='bbox 2288 3261 2516 3330; x_wconf 85' lang='lat' dir='ltr'><strong>ejusque</strong></span> <span class='ocrx_word' id='word_1_522' title='bbox 2559 3262 2717 3330; x_wconf 91' lang='lat' dir='ltr'><strong>quasi</strong></span> <span class='ocrx_word' id='word_1_523' title='bbox 2748 3264 2974 3334; x_wconf 85' lang='lat' dir='ltr'><strong>vestigia</strong></span> <span class='ocrx_word' id='word_1_524' title='bbox 3004 3265 3263 3337; x_wconf 79' lang='lat' dir='ltr'><strong>indagare</strong></span> <span class='ocrx_word' id='word_1_525' title='bbox 3300 3285 3395 3325; x_wconf 78' lang='lat' dir='ltr'><strong>co-</strong></span> 
     </span>
    </p>
   </div>
   <div class='ocr_carea' id='block_1_75' title="bbox 1833 3351 3091 3422">
    <p class='ocr_par' dir='ltr' id='par_1_75' title="bbox 1833 3351 3091 3422">
     <span class='ocr_line' id='line_1_75' title="bbox 1833 3351 3091 3422; baseline 0.004 -18"><span class='ocrx_word' id='word_1_526' title='bbox 1833 3359 1996 3406; x_wconf 85' lang='lat' dir='ltr'><strong>natus</strong></span> <span class='ocrx_word' id='word_1_527' title='bbox 2017 3365 2160 3418; x_wconf 89' lang='lat' dir='ltr'><strong>sum,</strong></span> <span class='ocrx_word' id='word_1_528' title='bbox 2188 3351 2350 3407; x_wconf 85' lang='lat' dir='ltr'><strong>talem</strong></span> <span class='ocrx_word' id='word_1_529' title='bbox 2380 3368 2502 3408; x_wconf 89' lang='lat' dir='ltr'><strong>esse</strong></span> <span class='ocrx_word' id='word_1_530' title='bbox 2529 3352 2794 3407; x_wconf 80' lang='lat' dir='ltr'><strong>duntaxat</strong></span> <span class='ocrx_word' id='word_1_531' title='bbox 2822 3354 3091 3422; x_wconf 89' lang='lat' dir='ltr'><strong>suspicor.</strong></span> 
     </span>
    </p>
   </div>
   <div class='ocr_carea' id='block_1_76' title="bbox 1833 3700 3398 3780">
    <p class='ocr_par' dir='ltr' id='par_1_76' title="bbox 1833 3700 3398 3780">
     <span class='ocr_line' id='line_1_76' title="bbox 1833 3700 3398 3780; baseline 0.012 -25"><span class='ocrx_word' id='word_1_532' title='bbox 1833 3700 2215 3780; x_wconf 63' lang='lat' dir='ltr'><strong>Contemplatio</strong></span> <span class='ocrx_word' id='word_1_533' title='bbox 2275 3702 2477 3755; x_wconf 69' lang='lat' dir='ltr'><strong>diversa</strong></span> <span class='ocrx_word' id='word_1_534' title='bbox 2542 3713 2815 3773; x_wconf 71' lang='lat' dir='ltr'><strong>superate</strong></span> <span class='ocrx_word' id='word_1_535' title='bbox 2879 3726 2913 3762; x_wconf 89' lang='lat' dir='ltr'><strong>a</strong></span> <span class='ocrx_word' id='word_1_536' title='bbox 2976 3717 3170 3768; x_wconf 76' lang='lat' dir='ltr'><strong>sanctis</strong></span> <span class='ocrx_word' id='word_1_537' title='bbox 3231 3728 3398 3772; x_wconf 84' lang='lat' dir='ltr'><strong>mate-</strong></span> 
     </span>
    </p>
   </div>
   <div class='ocr_carea' id='block_1_77' title="bbox 1901 3791 3401 3877">
    <p class='ocr_par' dir='ltr' id='par_1_77' title="bbox 1901 3791 3401 3877">
     <span class='ocr_line' id='line_1_77' title="bbox 1901 3791 3401 3877; baseline 0.013 -35"><span class='ocrx_word' id='word_1_538' title='bbox 1901 3791 2049 3845; x_wconf 77' lang='lat' dir='ltr'><strong>rialis</strong></span> <span class='ocrx_word' id='word_1_539' title='bbox 2082 3791 2286 3862; x_wconf 76' lang='lat' dir='ltr'><strong>dyadis,</strong></span> <span class='ocrx_word' id='word_1_540' title='bbox 2319 3800 2368 3846; x_wconf 79' lang='lat' dir='ltr'><strong>et</strong></span> <span class='ocrx_word' id='word_1_541' title='bbox 2414 3808 2660 3862; x_wconf 69' lang='lat' dir='ltr'><strong>quanam</strong></span> <span class='ocrx_word' id='word_1_542' title='bbox 2697 3797 2757 3850; x_wconf 79' lang='lat' dir='ltr'><strong>in</strong></span> <span class='ocrx_word' id='word_1_543' title='bbox 2782 3796 3037 3854; x_wconf 79' lang='lat' dir='ltr'><strong>Trinitate</strong></span> <span class='ocrx_word' id='word_1_544' title='bbox 3074 3805 3401 3877; x_wconf 81' lang='lat' dir='ltr'><strong>intelligatur</strong></span> 
     </span>
    </p>
   </div>
   <div class='ocr_carea' id='block_1_78' title="bbox 1902 3884 2095 3935">
    <p class='ocr_par' dir='ltr' id='par_1_78' title="bbox 1902 3884 2095 3935">
     <span class='ocr_line' id='line_1_78' title="bbox 1902 3884 2095 3935; baseline 0.005 -2"><span class='ocrx_word' id='word_1_545' title='bbox 1902 3884 2095 3935; x_wconf 74' lang='lat' dir='ltr'><strong>unitas.</strong></span> 
     </span>
    </p>
   </div>
   <div class='ocr_carea' id='block_1_79' title="bbox 1901 3994 3400 4080">
    <p class='ocr_par' dir='ltr' id='par_1_79' title="bbox 1901 3994 3400 4080">
     <span class='ocr_line' id='line_1_79' title="bbox 1901 3994 3400 4080; baseline 0.014 -33"><span class='ocrx_word' id='word_1_546' title='bbox 1901 3994 2056 4061; x_wconf 87' lang='lat' dir='ltr'><strong>Quod</strong></span> <span class='ocrx_word' id='word_1_547' title='bbox 2076 4005 2256 4052; x_wconf 91' lang='lat' dir='ltr'><strong>autem</strong></span> <span class='ocrx_word' id='word_1_548' title='bbox 2287 3997 2625 4054; x_wconf 80' lang='lat' dir='ltr'><strong>materialem</strong></span> <span class='ocrx_word' id='word_1_549' title='bbox 2655 3999 2886 4072; x_wconf 76' lang='lat' dir='ltr'><strong>dyadem</strong></span> <span class='ocrx_word' id='word_1_550' title='bbox 2917 4016 3178 4074; x_wconf 89' lang='lat' dir='ltr'><strong>superent</strong></span> <span class='ocrx_word' id='word_1_551' title='bbox 3203 4016 3400 4080; x_wconf 84' lang='lat' dir='ltr'><strong>sancti,</strong></span> 
     </span>
    </p>
   </div>
   <div class='ocr_carea' id='block_1_80' title="bbox 1830 4091 3399 4172">
    <p class='ocr_par' dir='ltr' id='par_1_80' title="bbox 1830 4091 3399 4172">
     <span class='ocr_line' id='line_1_80' title="bbox 1830 4091 3399 4172; baseline 0.011 -31"><span class='ocrx_word' id='word_1_552' title='bbox 1830 4099 2053 4158; x_wconf 90' lang='lat' dir='ltr'><strong>propter</strong></span> <span class='ocrx_word' id='word_1_553' title='bbox 2077 4091 2342 4144; x_wconf 90' lang='lat' dir='ltr'><strong>unitatem</strong></span> <span class='ocrx_word' id='word_1_554' title='bbox 2366 4091 2421 4144; x_wconf 93' lang='lat' dir='ltr'><strong>in</strong></span> <span class='ocrx_word' id='word_1_555' title='bbox 2439 4092 2708 4148; x_wconf 89' lang='lat' dir='ltr'><strong>Trinitate</strong></span> <span class='ocrx_word' id='word_1_556' title='bbox 2732 4094 3089 4163; x_wconf 89' lang='lat' dir='ltr'><strong>intellectam,</strong></span> <span class='ocrx_word' id='word_1_557' title='bbox 3107 4091 3399 4172; x_wconf 73' lang='lat' dir='ltr'><strong>signiﬁcari</strong></span> 
     </span>
    </p>
   </div>
   <div class='ocr_carea' id='block_1_81' title="bbox 1814 4177 3403 4254">
    <p class='ocr_par' dir='ltr' id='par_1_81' title="bbox 1814 4177 3403 4254">
     <span class='ocr_line' id='line_1_81' title="bbox 1814 4177 3403 4254; baseline 0.012 -23"><span class='ocrx_word' id='word_1_558' title='bbox 1814 4177 1900 4253; x_wconf 84' lang='lat' dir='ltr'><strong>ab</strong></span> <span class='ocrx_word' id='word_1_559' title='bbox 1930 4195 1994 4233; x_wconf 91' lang='lat' dir='ltr'><strong>eo</strong></span> <span class='ocrx_word' id='word_1_560' title='bbox 2023 4181 2273 4249; x_wconf 90' lang='lat' dir='ltr'><strong>suspicor</strong></span> <span class='ocrx_word' id='word_1_561' title='bbox 2300 4183 2584 4238; x_wconf 86' lang='lat' dir='ltr'><strong>materiam</strong></span> <span class='ocrx_word' id='word_1_562' title='bbox 2613 4194 2775 4254; x_wconf 86' lang='lat' dir='ltr'><strong>atque</strong></span> <span class='ocrx_word' id='word_1_563' title='bbox 2806 4186 3058 4254; x_wconf 81' lang='lat' dir='ltr'><strong>formam,</strong></span> <span class='ocrx_word' id='word_1_564' title='bbox 3101 4193 3245 4248; x_wconf 89' lang='lat' dir='ltr'><strong>unde</strong></span> <span class='ocrx_word' id='word_1_565' title='bbox 3274 4207 3403 4250; x_wconf 90' lang='lat' dir='ltr'><strong>sunt</strong></span> 
     </span>
    </p>
   </div>
   <div class='ocr_carea' id='block_1_82' title="bbox 1831 4278 3403 4352">
    <p class='ocr_par' dir='ltr' id='par_1_82' title="bbox 1831 4278 3403 4352">
     <span class='ocr_line' id='line_1_82' title="bbox 1831 4278 3403 4352; baseline 0.011 -32"><span class='ocrx_word' id='word_1_566' title='bbox 1831 4280 2080 4335; x_wconf 90' lang='lat' dir='ltr'><strong>corpora,</strong></span> <span class='ocrx_word' id='word_1_567' title='bbox 2109 4278 2389 4343; x_wconf 88' lang='lat' dir='ltr'><strong>superatas</strong></span> <span class='ocrx_word' id='word_1_568' title='bbox 2414 4280 2508 4324; x_wconf 90' lang='lat' dir='ltr'><strong>aut</strong></span> <span class='ocrx_word' id='word_1_569' title='bbox 2537 4287 2756 4328; x_wconf 88' lang='lat' dir='ltr'><strong>carnem</strong></span> <span class='ocrx_word' id='word_1_570' title='bbox 2780 4285 2836 4329; x_wconf 89' lang='lat' dir='ltr'><strong>et</strong></span> <span class='ocrx_word' id='word_1_571' title='bbox 2864 4279 3171 4344; x_wconf 88' lang='lat' dir='ltr'><strong>materiam,</strong></span> <span class='ocrx_word' id='word_1_572' title='bbox 3200 4285 3403 4352; x_wconf 89' lang='lat' dir='ltr'><strong>quibus</strong></span> 
     </span>
    </p>
   </div>
   <div class='ocr_carea' id='block_1_83' title="bbox 1833 4356 3400 4440">
    <p class='ocr_par' dir='ltr' id='par_1_83' title="bbox 1833 4356 3400 4440">
     <span class='ocr_line' id='line_1_83' title="bbox 1833 4356 3400 4440; baseline 0.01 -30"><span class='ocrx_word' id='word_1_573' title='bbox 1833 4356 2095 4425; x_wconf 85' lang='lat' dir='ltr'><strong>disruptis</strong></span> <span class='ocrx_word' id='word_1_574' title='bbox 2120 4374 2242 4412; x_wconf 92' lang='lat' dir='ltr'><strong>cum</strong></span> <span class='ocrx_word' id='word_1_575' title='bbox 2274 4360 2384 4414; x_wconf 89' lang='lat' dir='ltr'><strong>Deo</strong></span> <span class='ocrx_word' id='word_1_576' title='bbox 2411 4365 2689 4432; x_wconf 79' lang='lat' dir='ltr'><strong>congressi</strong></span> <span class='ocrx_word' id='word_1_577' title='bbox 2717 4367 3008 4433; x_wconf 86' lang='lat' dir='ltr'><strong>purissima</strong></span> <span class='ocrx_word' id='word_1_578' title='bbox 3037 4370 3160 4423; x_wconf 90' lang='lat' dir='ltr'><strong>luce</strong></span> <span class='ocrx_word' id='word_1_579' title='bbox 3192 4381 3400 4440; x_wconf 86' lang='lat' dir='ltr'><strong>tempe—</strong></span> 
     </span>
    </p>
   </div>
   <div class='ocr_carea' id='block_1_84' title="bbox 132 4447 1727 4543">
    <p class='ocr_par' dir='ltr' id='par_1_84' title="bbox 132 4447 1727 4521">
     <span class='ocr_line' id='line_1_84' title="bbox 132 4447 1727 4521; baseline -0.002 -17"><span class='ocrx_word' id='word_1_580' title='bbox 132 4451 233 4521; x_wconf 80' lang='grc' dir='ltr'><strong>τῷ</strong></span> <span class='ocrx_word' id='word_1_581' title='bbox 303 4450 757 4520; x_wconf 82' lang='grc' dir='ltr'><strong>ἀκραιφνεστάτῳ</strong></span> <span class='ocrx_word' id='word_1_582' title='bbox 807 4449 1075 4519; x_wconf 77' lang='grc' dir='ltr'><strong>κραθῆναι</strong></span> <span class='ocrx_word' id='word_1_583' title='bbox 1120 4449 1258 4517; x_wconf 80' lang='grc' dir='ltr'><strong>φωτὶ</strong></span> <span class='ocrx_word' id='word_1_584' title='bbox 1311 4447 1727 4518; x_wconf 78' lang='grc' dir='ltr'><strong>καταξιωθῆναι,</strong></span> 
     </span>
    </p>
   </div>
   <div class='ocr_carea' id='block_1_85' title="bbox 1828 4447 3400 4543">
    <p class='ocr_par' dir='ltr' id='par_1_85' title="bbox 1837 4448 3400 4519">
     <span class='ocr_line' id='line_1_85' title="bbox 1837 4448 3400 4519; baseline 0.011 -20"><span class='ocrx_word' id='word_1_585' title='bbox 1837 4448 1946 4500; x_wconf 89' lang='lat' dir='ltr'><strong>rari</strong></span> <span class='ocrx_word' id='word_1_586' title='bbox 1981 4456 2145 4517; x_wconf 88' lang='lat' dir='ltr'><strong>atque</strong></span> <span class='ocrx_word' id='word_1_587' title='bbox 2175 4449 2434 4519; x_wconf 85' lang='lat' dir='ltr'><strong>perfundi</strong></span> <span class='ocrx_word' id='word_1_588' title='bbox 2468 4455 2689 4516; x_wconf 89' lang='lat' dir='ltr'><strong>mereri,</strong></span> <span class='ocrx_word' id='word_1_589' title='bbox 2722 4455 2827 4510; x_wconf 78' lang='lat' dir='ltr'><strong>hoc</strong></span> <span class='ocrx_word' id='word_1_590' title='bbox 2854 4464 2939 4509; x_wconf 88' lang='lat' dir='ltr'><strong>est</strong></span> <span class='ocrx_word' id='word_1_591' title='bbox 2963 4457 3155 4512; x_wconf 76' lang='lat' dir='ltr'><strong>anima:</strong></span> <span class='ocrx_word' id='word_1_592' title='bbox 3179 4459 3246 4512; x_wconf 87' lang='lat' dir='ltr'><strong>ad</strong></span> <span class='ocrx_word' id='word_1_593' title='bbox 3276 4475 3400 4515; x_wconf 86' lang='lat' dir='ltr'><strong>car-</strong></span> 
     </span>
    </p>
   </div>
   <div class='ocr_carea' id='block_1_86' title="bbox 131 4538 1734 4610">
    <p class='ocr_par' dir='ltr' id='par_1_86' title="bbox 131 4538 1734 4610">
     <span class='ocr_line' id='line_1_86' title="bbox 131 4538 1734 4610; baseline -0.001 -15"><span class='ocrx_word' id='word_1_594' title='bbox 131 4539 546 4610; x_wconf 28' lang='lat' dir='ltr'><strong>Toutéﬂtlt‘hv</strong></span> <span class='ocrx_word' id='word_1_595' title='bbox 569 4541 707 4609; x_wconf 73' lang='grc' dir='ltr'><strong>πρὸς</strong></span> <span class='ocrx_word' id='word_1_596' title='bbox 750 4540 846 4609; x_wconf 83' lang='grc' dir='ltr'><strong>τὴν</strong></span> <span class='ocrx_word' id='word_1_597' title='bbox 904 4541 1083 4609; x_wconf 82' lang='grc' dir='ltr'><strong>σάρκα</strong></span> <span class='ocrx_word' id='word_1_598' title='bbox 1141 4540 1240 4608; x_wconf 83' lang='grc' dir='ltr'><strong>τῆς</strong></span> <span class='ocrx_word' id='word_1_599' title='bbox 1294 4538 1475 4608; x_wconf 77' lang='grc' dir='ltr'><strong>ψυχῆς</strong></span> <span class='ocrx_word' id='word_1_600' title='bbox 1527 4540 1734 4609; x_wconf 80' lang='grc' dir='ltr'><strong>σχέσιν,</strong></span> 
     </span>
    </p>
   </div>
   <div class='ocr_carea' id='block_1_87' title="bbox 134 4627 1733 4702">
    <p class='ocr_par' dir='ltr' id='par_1_87' title="bbox 134 4627 1733 4702">
     <span class='ocr_line' id='line_1_87' title="bbox 134 4627 1733 4702; baseline -0.001 -17"><span class='ocrx_word' id='word_1_601' title='bbox 134 4634 244 4685; x_wconf 79' lang='grc' dir='ltr'><strong>καὶ</strong></span> <span class='ocrx_word' id='word_1_602' title='bbox 274 4630 378 4682; x_wconf 79' lang='grc' dir='ltr'><strong>διὰ.</strong></span> <span class='ocrx_word' id='word_1_603' title='bbox 408 4630 509 4697; x_wconf 81' lang='grc' dir='ltr'><strong>τῆς</strong></span> <span class='ocrx_word' id='word_1_604' title='bbox 543 4631 747 4702; x_wconf 83' lang='grc' dir='ltr'><strong>σαρκὸς</strong></span> <span class='ocrx_word' id='word_1_605' title='bbox 777 4630 913 4700; x_wconf 74' lang='grc' dir='ltr'><strong>πρὸς</strong></span> <span class='ocrx_word' id='word_1_606' title='bbox 944 4632 1042 4701; x_wconf 82' lang='grc' dir='ltr'><strong>τὴν</strong></span> <span class='ocrx_word' id='word_1_607' title='bbox 1073 4627 1227 4700; x_wconf 76' lang='grc' dir='ltr'><strong>ὕλην,</strong></span> <span class='ocrx_word' id='word_1_608' title='bbox 1283 4630 1331 4699; x_wconf 80' lang='grc' dir='ltr'><strong>ἢ.</strong></span> <span class='ocrx_word' id='word_1_609' title='bbox 1374 4629 1602 4684; x_wconf 83' lang='grc' dir='ltr'><strong>καθόλου</strong></span> <span class='ocrx_word' id='word_1_610' title='bbox 1654 4632 1733 4683; x_wconf 85' lang='grc' dir='ltr'><strong>εί-</strong></span> 
     </span>
    </p>
   </div>
   <div class='ocr_carea' id='block_1_88' title="bbox 133 4717 1735 4792">
    <p class='ocr_par' dir='ltr' id='par_1_88' title="bbox 133 4717 1735 4792">
     <span class='ocr_line' id='line_1_88' title="bbox 133 4717 1735 4792; baseline -0.001 -17"><span class='ocrx_word' id='word_1_611' title='bbox 133 4725 304 4783; x_wconf 80' lang='grc' dir='ltr'><strong>πεῖν,</strong></span> <span class='ocrx_word' id='word_1_612' title='bbox 344 4720 526 4786; x_wconf 81' lang='grc' dir='ltr'><strong>πάσης</strong></span> <span class='ocrx_word' id='word_1_613' title='bbox 543 4718 644 4787; x_wconf 85' lang='grc' dir='ltr'><strong>τῆς</strong></span> <span class='ocrx_word' id='word_1_614' title='bbox 657 4717 978 4789; x_wconf 81' lang='grc' dir='ltr'><strong>αίσθητικῆς</strong></span> <span class='ocrx_word' id='word_1_615' title='bbox 998 4720 1182 4782; x_wconf 79' lang='grc' dir='ltr'><strong>οὐσίας</strong></span> <span class='ocrx_word' id='word_1_616' title='bbox 1198 4720 1334 4791; x_wconf 78' lang='grc' dir='ltr'><strong>πρὸς</strong></span> <span class='ocrx_word' id='word_1_617' title='bbox 1350 4722 1446 4790; x_wconf 78' lang='grc' dir='ltr'><strong>τὴν</strong></span> <span class='ocrx_word' id='word_1_618' title='bbox 1474 4720 1735 4792; x_wconf 78' lang='grc' dir='ltr'><strong>αἰσθητὴν</strong></span> 
     </span>
    </p>
   </div>
   <div class='ocr_carea' id='block_1_89' title="bbox 128 4811 1738 4884">
    <p class='ocr_par' dir='ltr' id='par_1_89' title="bbox 128 4811 1738 4884">
     <span class='ocr_line' id='line_1_89' title="bbox 128 4811 1738 4884; baseline -0.002 -15"><span class='ocrx_word' id='word_1_619' title='bbox 128 4811 542 4881; x_wconf 75' lang='grc' dir='ltr'><strong>ἀποθεμένους</strong></span> <span class='ocrx_word' id='word_1_620' title='bbox 584 4812 818 4880; x_wconf 80' lang='grc' dir='ltr'><strong>φυσικὴν</strong></span> <span class='ocrx_word' id='word_1_621' title='bbox 861 4813 1190 4880; x_wconf 75' lang='grc' dir='ltr'><strong>οἰκειότητα,</strong></span> <span class='ocrx_word' id='word_1_622' title='bbox 1226 4814 1414 4884; x_wconf 60' lang='grc' dir='ltr'>τῆςρδὲ</span> <span class='ocrx_word' id='word_1_623' title='bbox 1449 4814 1598 4878; x_wconf 86' lang='grc' dir='ltr'><strong>θείας</strong></span> <span class='ocrx_word' id='word_1_624' title='bbox 1642 4815 1738 4884; x_wconf 87' lang='grc' dir='ltr'><strong>μό-</strong></span> 
     </span>
    </p>
   </div>
   <div class='ocr_carea' id='block_1_90' title="bbox 127 4900 1733 4976">
    <p class='ocr_par' dir='ltr' id='par_1_90' title="bbox 127 4900 1733 4976">
     <span class='ocr_line' id='line_1_90' title="bbox 127 4900 1733 4976; baseline 0.003 -26"><span class='ocrx_word' id='word_1_625' title='bbox 127 4923 243 4976; x_wconf 78' lang='grc' dir='ltr'><strong>νης</strong></span> <span class='ocrx_word' id='word_1_626' title='bbox 274 4900 536 4970; x_wconf 79' lang='grc' dir='ltr'><strong>γνησίως</strong></span> <span class='ocrx_word' id='word_1_627' title='bbox 566 4900 995 4971; x_wconf 61' lang='grc' dir='ltr'><strong>ἐπιλαϐομένους</strong></span> <span class='ocrx_word' id='word_1_628' title='bbox 1050 4904 1311 4970; x_wconf 73' lang='grc' dir='ltr'><strong>ἐφέσεως,</strong></span> <span class='ocrx_word' id='word_1_629' title='bbox 1361 4905 1448 4959; x_wconf 73' lang='grc' dir='ltr'><strong>διὰ</strong></span> <span class='ocrx_word' id='word_1_630' title='bbox 1493 4906 1612 4974; x_wconf 80' lang='grc' dir='ltr'><strong>τὴν,</strong></span> <span class='ocrx_word' id='word_1_631' title='bbox 1660 4905 1733 4967; x_wconf 84' lang='grc' dir='ltr'><strong>ὡς</strong></span> 
     </span>
    </p>
   </div>
   <div class='ocr_carea' id='block_1_91' title="bbox 130 4990 1735 5065">
    <p class='ocr_par' dir='ltr' id='par_1_91' title="bbox 130 4990 1735 5065">
     <span class='ocr_line' id='line_1_91' title="bbox 130 4990 1735 5065; baseline 0 -20"><span class='ocrx_word' id='word_1_632' title='bbox 130 4995 318 5065; x_wconf 71' lang='grc' dir='ltr'><strong>ἐφην,</strong></span> <span class='ocrx_word' id='word_1_633' title='bbox 360 4990 658 5061; x_wconf 64' lang='grc' dir='ltr'><strong>νοουμένην</strong></span> <span class='ocrx_word' id='word_1_634' title='bbox 685 4993 744 5042; x_wconf 80' lang='grc' dir='ltr'><strong>ὲν</strong></span> <span class='ocrx_word' id='word_1_635' title='bbox 771 4995 838 5061; x_wconf 79' lang='grc' dir='ltr'><strong>τῇ</strong></span> <span class='ocrx_word' id='word_1_636' title='bbox 868 4992 1056 5061; x_wconf 84' lang='grc' dir='ltr'><strong>Τριάδι</strong></span> <span class='ocrx_word' id='word_1_637' title='bbox 1095 4994 1340 5061; x_wconf 82' lang='grc' dir='ltr'><strong>ἑνότητα.</strong></span> <span class='ocrx_word' id='word_1_638' title='bbox 1390 4994 1579 5064; x_wconf 83' lang='grc' dir='ltr'><strong>Μέσην</strong></span> <span class='ocrx_word' id='word_1_639' title='bbox 1626 4995 1735 5064; x_wconf 81' lang='grc' dir='ltr'><strong>γὰρ</strong></span> 
     </span>
    </p>
   </div>
   <div class='ocr_carea' id='block_1_92' title="bbox 129 5078 1734 5155">
    <p class='ocr_par' dir='ltr' id='par_1_92' title="bbox 129 5078 1734 5155">
     <span class='ocr_line' id='line_1_92' title="bbox 129 5078 1734 5155; baseline 0.004 -25"><span class='ocrx_word' id='word_1_640' title='bbox 129 5083 432 5155; x_wconf 76' lang='grc' dir='ltr'><strong>κειμένην</strong></span> <span class='ocrx_word' id='word_1_641' title='bbox 476 5078 612 5131; x_wconf 83' lang='grc' dir='ltr'><strong>Θεοῦ</strong></span> <span class='ocrx_word' id='word_1_642' title='bbox 663 5079 757 5132; x_wconf 79' lang='grc' dir='ltr'><strong>καὶ</strong></span> <span class='ocrx_word' id='word_1_643' title='bbox 805 5079 935 5150; x_wconf 81' lang='grc' dir='ltr'><strong>ὕλης</strong></span> <span class='ocrx_word' id='word_1_644' title='bbox 961 5081 1058 5152; x_wconf 78' lang='grc' dir='ltr'><strong>τὴν</strong></span> <span class='ocrx_word' id='word_1_645' title='bbox 1082 5083 1258 5153; x_wconf 66' lang='grc' dir='ltr'><strong>ψυχὴν</strong></span> <span class='ocrx_word' id='word_1_646' title='bbox 1286 5085 1606 5150; x_wconf 77' lang='grc' dir='ltr'><strong>ἐγνωκότες,</strong></span> <span class='ocrx_word' id='word_1_647' title='bbox 1642 5085 1734 5136; x_wconf 71' lang='grc' dir='ltr'><strong>καὶ</strong></span> 
     </span>
    </p>
   </div>
   <div class='ocr_carea' id='block_1_93' title="bbox 125 5169 1734 5243">
    <p class='ocr_par' dir='ltr' id='par_1_93' title="bbox 125 5169 1734 5243">
     <span class='ocr_line' id='line_1_93' title="bbox 125 5169 1734 5243; baseline 0 -19"><span class='ocrx_word' id='word_1_648' title='bbox 125 5175 241 5237; x_wconf 76' lang='grc' dir='ltr'><strong>τὰς</strong></span> <span class='ocrx_word' id='word_1_649' title='bbox 264 5169 426 5240; x_wconf 78' lang='grc' dir='ltr'><strong>πρὸς</strong></span> <span class='ocrx_word' id='word_1_650' title='bbox 451 5169 618 5237; x_wconf 73' lang='grc' dir='ltr'><strong>ἄμφω</strong></span> <span class='ocrx_word' id='word_1_651' title='bbox 645 5171 920 5233; x_wconf 83' lang='grc' dir='ltr'><strong>ένοποιοὺς</strong></span> <span class='ocrx_word' id='word_1_652' title='bbox 949 5173 1203 5241; x_wconf 84' lang='grc' dir='ltr'><strong>δυνάμεις</strong></span> <span class='ocrx_word' id='word_1_653' title='bbox 1229 5174 1473 5243; x_wconf 74' lang='grc' dir='ltr'><strong>ἔχουσαν,</strong></span> <span class='ocrx_word' id='word_1_654' title='bbox 1498 5174 1588 5225; x_wconf 84' lang='grc' dir='ltr'><strong>τὸν</strong></span> <span class='ocrx_word' id='word_1_655' title='bbox 1613 5174 1734 5226; x_wconf 88' lang='grc' dir='ltr'><strong>νοῦν</strong></span> 
     </span>
    </p>
   </div>
   <div class='ocr_carea' id='block_1_94' title="bbox 124 5261 1730 5335">
    <p class='ocr_par' dir='ltr' id='par_1_94' title="bbox 124 5261 1730 5335">
     <span class='ocr_line' id='line_1_94' title="bbox 124 5261 1730 5335; baseline -0.001 -19"><span class='ocrx_word' id='word_1_656' title='bbox 124 5266 296 5332; x_wconf 74' lang='grc' dir='ltr'><strong>λέγω</strong></span> <span class='ocrx_word' id='word_1_657' title='bbox 338 5261 485 5328; x_wconf 80' lang='grc' dir='ltr'><strong>πρὸς</strong></span> <span class='ocrx_word' id='word_1_658' title='bbox 500 5261 592 5312; x_wconf 74' lang='grc' dir='ltr'><strong>τὸν</strong></span> <span class='ocrx_word' id='word_1_659' title='bbox 611 5261 742 5313; x_wconf 77' lang='grc' dir='ltr'><strong>Θεὸν</strong></span> <span class='ocrx_word' id='word_1_660' title='bbox 770 5264 863 5315; x_wconf 74' lang='grc' dir='ltr'><strong>καὶ</strong></span> <span class='ocrx_word' id='word_1_661' title='bbox 890 5264 1025 5332; x_wconf 77' lang='grc' dir='ltr'><strong>πρὸς</strong></span> <span class='ocrx_word' id='word_1_662' title='bbox 1050 5265 1148 5333; x_wconf 79' lang='grc' dir='ltr'><strong>τὴν</strong></span> <span class='ocrx_word' id='word_1_663' title='bbox 1184 5262 1315 5334; x_wconf 84' lang='grc' dir='ltr'><strong>ὓλην</strong></span> <span class='ocrx_word' id='word_1_664' title='bbox 1339 5265 1434 5335; x_wconf 76' lang='grc' dir='ltr'><strong>τὴν</strong></span> <span class='ocrx_word' id='word_1_665' title='bbox 1459 5264 1730 5334; x_wconf 78' lang='grc' dir='ltr'><strong>αἴσθησιν,</strong></span> 
     </span>
    </p>
   </div>
   <div class='ocr_carea' id='block_1_95' title="bbox 119 5351 1732 5427">
    <p class='ocr_par' dir='ltr' id='par_1_95' title="bbox 119 5351 1732 5427">
     <span class='ocr_line' id='line_1_95' title="bbox 119 5351 1732 5427; baseline 0.006 -29"><span class='ocrx_word' id='word_1_666' title='bbox 119 5359 242 5427; x_wconf 70' lang='grc' dir='ltr'><strong>τὴν</strong></span> <span class='ocrx_word' id='word_1_667' title='bbox 304 5351 421 5423; x_wconf 79' lang='grc' dir='ltr'><strong>μὲν</strong></span> <span class='ocrx_word' id='word_1_668' title='bbox 475 5351 724 5421; x_wconf 71' lang='grc' dir='ltr'><strong>αἴσθησιν</strong></span> <span class='ocrx_word' id='word_1_669' title='bbox 786 5355 924 5422; x_wconf 73' lang='grc' dir='ltr'><strong>μετὰ</strong></span> <span class='ocrx_word' id='word_1_670' title='bbox 969 5355 1075 5406; x_wconf 90' lang='grc' dir='ltr'><strong>τῶν</strong></span> <span class='ocrx_word' id='word_1_671' title='bbox 1131 5356 1406 5424; x_wconf 79' lang='grc' dir='ltr'><strong>αἰσθητῶν</strong></span> <span class='ocrx_word' id='word_1_672' title='bbox 1454 5355 1732 5420; x_wconf 85' lang='grc' dir='ltr'><strong>παντελῶς</strong></span> 
     </span>
    </p>
   </div>
   <div class='ocr_carea' id='block_1_96' title="bbox 122 5442 1731 5518">
    <p class='ocr_par' dir='ltr' id='par_1_96' title="bbox 122 5442 1731 5518">
     <span class='ocr_line' id='line_1_96' title="bbox 122 5442 1731 5518; baseline 0.002 -22"><span class='ocrx_word' id='word_1_673' title='bbox 122 5444 353 5518; x_wconf 70' lang='lat'><strong>(176</strong></span> <span class='ocrx_word' id='word_1_674' title='bbox 392 5447 447 5503; x_wconf 76' lang='lat' dir='ltr'><strong>al</strong></span> <span class='ocrx_word' id='word_1_675' title='bbox 470 5442 875 5508; x_wconf 79' lang='grc' dir='ltr'><strong>ἀπετινάξαντο,</strong></span> <span class='ocrx_word' id='word_1_676' title='bbox 905 5443 1046 5496; x_wconf 80' lang='grc' dir='ltr'><strong>κατὰ</strong></span> <span class='ocrx_word' id='word_1_677' title='bbox 1069 5445 1166 5514; x_wconf 81' lang='grc' dir='ltr'><strong>τὴν</strong></span> <span class='ocrx_word' id='word_1_678' title='bbox 1201 5448 1258 5499; x_wconf 82' lang='grc' dir='ltr'><strong>ὲν</strong></span> <span class='ocrx_word' id='word_1_679' title='bbox 1289 5447 1526 5501; x_wconf 82' lang='grc' dir='ltr'><strong>διαθέσει</strong></span> <span class='ocrx_word' id='word_1_680' title='bbox 1555 5465 1731 5517; x_wconf 78' lang='grc' dir='ltr'><strong>σχετιο</strong></span> 
     </span>
    </p>
   </div>
   <div class='ocr_carea' id='block_1_97' title="bbox 120 5532 1729 5611">
    <p class='ocr_par' dir='ltr' id='par_1_97' title="bbox 120 5532 1729 5611">
     <span class='ocr_line' id='line_1_97' title="bbox 120 5532 1729 5611; baseline 0.001 -23"><span class='ocrx_word' id='word_1_681' title='bbox 120 5542 246 5611; x_wconf 67' lang='grc' dir='ltr'><strong>κήν</strong></span> <span class='ocrx_word' id='word_1_682' title='bbox 283 5532 604 5603; x_wconf 73' lang='grc' dir='ltr'><strong>ἐνέργειαν,</strong></span> <span class='ocrx_word' id='word_1_683' title='bbox 631 5534 770 5586; x_wconf 78' lang='grc' dir='ltr'><strong>κατὰ</strong></span> <span class='ocrx_word' id='word_1_684' title='bbox 799 5535 855 5587; x_wconf 85' lang='grc' dir='ltr'><strong>δὲ</strong></span> <span class='ocrx_word' id='word_1_685' title='bbox 884 5535 973 5588; x_wconf 83' lang='grc' dir='ltr'><strong>τόν</strong></span> <span class='ocrx_word' id='word_1_686' title='bbox 998 5536 1120 5589; x_wconf 89' lang='grc' dir='ltr'><strong>νοῦν</strong></span> <span class='ocrx_word' id='word_1_687' title='bbox 1146 5538 1455 5603; x_wconf 84' lang='grc' dir='ltr'><strong>μονώτατον</strong></span> <span class='ocrx_word' id='word_1_688' title='bbox 1476 5540 1729 5609; x_wconf 69' lang='grc' dir='ltr'><strong>ἀρρήτως</strong></span> 
     </span>
    </p>
   </div>
   <div class='ocr_carea' id='block_1_98' title="bbox 1835 4543 3404 4615">
    <p class='ocr_par' dir='ltr' id='par_1_98' title="bbox 1835 4543 3404 4615">
     <span class='ocr_line' id='line_1_98' title="bbox 1835 4543 3404 4615; baseline 0.01 -25"><span class='ocrx_word' id='word_1_689' title='bbox 1835 4551 1985 4600; x_wconf 89' lang='lat' dir='ltr'><strong>nem,</strong></span> <span class='ocrx_word' id='word_1_690' title='bbox 2013 4547 2069 4592; x_wconf 87' lang='lat' dir='ltr'><strong>et</strong></span> <span class='ocrx_word' id='word_1_691' title='bbox 2098 4555 2196 4608; x_wconf 90' lang='lat' dir='ltr'><strong>per</strong></span> <span class='ocrx_word' id='word_1_692' title='bbox 2223 4556 2444 4597; x_wconf 88' lang='lat' dir='ltr'><strong>carnem</strong></span> <span class='ocrx_word' id='word_1_693' title='bbox 2470 4543 2537 4597; x_wconf 88' lang='lat' dir='ltr'><strong>ad</strong></span> <span class='ocrx_word' id='word_1_694' title='bbox 2562 4544 2804 4599; x_wconf 64' lang='lat' dir='ltr'><strong>materiae</strong></span> <span class='ocrx_word' id='word_1_695' title='bbox 2828 4545 3172 4610; x_wconf 87' lang='lat' dir='ltr'><strong>relationem,</strong></span> <span class='ocrx_word' id='word_1_696' title='bbox 3208 4549 3314 4615; x_wconf 86' lang='lat' dir='ltr'><strong>vel,</strong></span> <span class='ocrx_word' id='word_1_697' title='bbox 3341 4561 3404 4605; x_wconf 91' lang='lat' dir='ltr'><strong>ut</strong></span> 
     </span>
    </p>
   </div>
   <div class='ocr_carea' id='block_1_99' title="bbox 1836 4627 3400 4704">
    <p class='ocr_par' dir='ltr' id='par_1_99' title="bbox 1836 4627 3400 4704">
     <span class='ocr_line' id='line_1_99' title="bbox 1836 4627 3400 4704; baseline 0.012 -23"><span class='ocrx_word' id='word_1_698' title='bbox 1836 4627 1892 4682; x_wconf 91' lang='lat' dir='ltr'><strong>in</strong></span> <span class='ocrx_word' id='word_1_699' title='bbox 1922 4629 2236 4686; x_wconf 89' lang='lat' dir='ltr'><strong>universum</strong></span> <span class='ocrx_word' id='word_1_700' title='bbox 2274 4634 2485 4704; x_wconf 86' lang='lat' dir='ltr'><strong>loquar,</strong></span> <span class='ocrx_word' id='word_1_701' title='bbox 2519 4634 2667 4688; x_wconf 90' lang='lat' dir='ltr'><strong>omni</strong></span> <span class='ocrx_word' id='word_1_702' title='bbox 2713 4636 2955 4690; x_wconf 80' lang='lat' dir='ltr'><strong>sensuali</strong></span> <span class='ocrx_word' id='word_1_703' title='bbox 2993 4641 3229 4696; x_wconf 84' lang='lat' dir='ltr'><strong>essentia</strong></span> <span class='ocrx_word' id='word_1_704' title='bbox 3274 4659 3400 4700; x_wconf 90' lang='lat' dir='ltr'><strong>cum</strong></span> 
     </span>
    </p>
   </div>
   <div class='ocr_carea' id='block_1_100' title="bbox 1833 4719 3401 4795">
    <p class='ocr_par' dir='ltr' id='par_1_100' title="bbox 1833 4719 3401 4795">
     <span class='ocr_line' id='line_1_100' title="bbox 1833 4719 3401 4795; baseline 0.012 -23"><span class='ocrx_word' id='word_1_705' title='bbox 1833 4719 2083 4774; x_wconf 88' lang='lat' dir='ltr'><strong>sensibili</strong></span> <span class='ocrx_word' id='word_1_706' title='bbox 2138 4723 2287 4776; x_wconf 83' lang='lat' dir='ltr'><strong>exuti</strong></span> <span class='ocrx_word' id='word_1_707' title='bbox 2333 4723 2634 4777; x_wconf 88' lang='lat' dir='ltr'><strong>naturalem</strong></span> <span class='ocrx_word' id='word_1_708' title='bbox 2689 4728 3104 4795; x_wconf 87' lang='lat' dir='ltr'><strong>necessitatem,</strong></span> <span class='ocrx_word' id='word_1_709' title='bbox 3153 4731 3401 4792; x_wconf 86' lang='lat' dir='ltr'><strong>divinum</strong></span> 
     </span>
    </p>
   </div>
   <div class='ocr_carea' id='block_1_101' title="bbox 1835 4811 3400 4890">
    <p class='ocr_par' dir='ltr' id='par_1_101' title="bbox 1835 4811 3400 4890">
     <span class='ocr_line' id='line_1_101' title="bbox 1835 4811 3400 4890; baseline 0.013 -26"><span class='ocrx_word' id='word_1_710' title='bbox 1835 4811 2100 4866; x_wconf 80' lang='lat' dir='ltr'><strong>duntaxat</strong></span> <span class='ocrx_word' id='word_1_711' title='bbox 2131 4827 2276 4869; x_wconf 87' lang='lat' dir='ltr'><strong>recte</strong></span> <span class='ocrx_word' id='word_1_712' title='bbox 2313 4816 2611 4883; x_wconf 89' lang='lat' dir='ltr'><strong>appetitum</strong></span> <span class='ocrx_word' id='word_1_713' title='bbox 2648 4819 2844 4880; x_wconf 90' lang='lat' dir='ltr'><strong>secuti,</strong></span> <span class='ocrx_word' id='word_1_714' title='bbox 2879 4830 3107 4890; x_wconf 86' lang='lat' dir='ltr'><strong>propter</strong></span> <span class='ocrx_word' id='word_1_715' title='bbox 3135 4827 3400 4883; x_wconf 88' lang='lat' dir='ltr'><strong>unitatem</strong></span> 
     </span>
    </p>
   </div>
   <div class='ocr_carea' id='block_1_102' title="bbox 1836 4903 3398 4980">
    <p class='ocr_par' dir='ltr' id='par_1_102' title="bbox 1836 4903 3398 4980">
     <span class='ocr_line' id='line_1_102' title="bbox 1836 4903 3398 4980; baseline 0.015 -29"><span class='ocrx_word' id='word_1_716' title='bbox 1836 4914 1976 4966; x_wconf 68' lang='lat' dir='ltr'><strong>qute,</strong></span> <span class='ocrx_word' id='word_1_717' title='bbox 2009 4909 2071 4953; x_wconf 92' lang='lat' dir='ltr'><strong>ut</strong></span> <span class='ocrx_word' id='word_1_718' title='bbox 2108 4903 2238 4965; x_wconf 76' lang='lat' dir='ltr'><strong>dixi,</strong></span> <span class='ocrx_word' id='word_1_719' title='bbox 2286 4904 2338 4955; x_wconf 93' lang='lat' dir='ltr'><strong>in</strong></span> <span class='ocrx_word' id='word_1_720' title='bbox 2370 4903 2634 4957; x_wconf 88' lang='lat' dir='ltr'><strong>Trinitate</strong></span> <span class='ocrx_word' id='word_1_721' title='bbox 2681 4906 3028 4980; x_wconf 90' lang='lat' dir='ltr'><strong>intelligitur.</strong></span> <span class='ocrx_word' id='word_1_722' title='bbox 3073 4913 3209 4970; x_wconf 90' lang='lat' dir='ltr'><strong>Cum</strong></span> <span class='ocrx_word' id='word_1_723' title='bbox 3252 4918 3398 4973; x_wconf 89' lang='lat' dir='ltr'><strong>enim</strong></span> 
     </span>
    </p>
   </div>
   <div class='ocr_carea' id='block_1_103' title="bbox 1836 4991 3402 5063">
    <p class='ocr_par' dir='ltr' id='par_1_103' title="bbox 1836 4991 3402 5063">
     <span class='ocr_line' id='line_1_103' title="bbox 1836 4991 3402 5063; baseline 0.015 -22"><span class='ocrx_word' id='word_1_724' title='bbox 1836 4991 2068 5043; x_wconf 88' lang='lat' dir='ltr'><strong>mediam</strong></span> <span class='ocrx_word' id='word_1_725' title='bbox 2114 4992 2256 5045; x_wconf 87' lang='lat' dir='ltr'><strong>inter</strong></span> <span class='ocrx_word' id='word_1_726' title='bbox 2291 4992 2460 5058; x_wconf 83' lang='lat' dir='ltr'><strong>Deum</strong></span> <span class='ocrx_word' id='word_1_727' title='bbox 2501 5002 2559 5047; x_wconf 91' lang='lat' dir='ltr'><strong>et</strong></span> <span class='ocrx_word' id='word_1_728' title='bbox 2587 4998 2876 5053; x_wconf 87' lang='lat' dir='ltr'><strong>materiam</strong></span> <span class='ocrx_word' id='word_1_729' title='bbox 2919 5004 3235 5060; x_wconf 89' lang='lat' dir='ltr'><strong>collocatam</strong></span> <span class='ocrx_word' id='word_1_730' title='bbox 3282 5009 3402 5063; x_wconf 91' lang='lat' dir='ltr'><strong>ani-</strong></span> 
     </span>
    </p>
   </div>
   <div class='ocr_carea' id='block_1_104' title="bbox 1834 5083 3398 5168">
    <p class='ocr_par' dir='ltr' id='par_1_104' title="bbox 1834 5083 3398 5168">
     <span class='ocr_line' id='line_1_104' title="bbox 1834 5083 3398 5168; baseline 0.015 -37"><span class='ocrx_word' id='word_1_731' title='bbox 1834 5095 1977 5132; x_wconf 89' lang='lat' dir='ltr'><strong>mam</strong></span> <span class='ocrx_word' id='word_1_732' title='bbox 2025 5096 2144 5135; x_wconf 90' lang='lat' dir='ltr'><strong>esse</strong></span> <span class='ocrx_word' id='word_1_733' title='bbox 2194 5083 2595 5150; x_wconf 86' lang='lat' dir='ltr'><strong>intellexerint,</strong></span> <span class='ocrx_word' id='word_1_734' title='bbox 2649 5099 2707 5142; x_wconf 92' lang='lat' dir='ltr'><strong>et</strong></span> <span class='ocrx_word' id='word_1_735' title='bbox 2751 5090 2954 5147; x_wconf 89' lang='lat' dir='ltr'><strong>habere</strong></span> <span class='ocrx_word' id='word_1_736' title='bbox 2997 5095 3052 5148; x_wconf 92' lang='lat' dir='ltr'><strong>in</strong></span> <span class='ocrx_word' id='word_1_737' title='bbox 3106 5105 3398 5168; x_wconf 88' lang='lat' dir='ltr'><strong>utrumque</strong></span> 
     </span>
    </p>
   </div>
   <div class='ocr_carea' id='block_1_105' title="bbox 1834 5170 3395 5255">
    <p class='ocr_par' dir='ltr' id='par_1_105' title="bbox 1834 5170 3395 5255">
     <span class='ocr_line' id='line_1_105' title="bbox 1834 5170 3395 5255; baseline 0.013 -32"><span class='ocrx_word' id='word_1_738' title='bbox 1834 5170 2060 5224; x_wconf 89' lang='lat' dir='ltr'><strong>uniendi</strong></span> <span class='ocrx_word' id='word_1_739' title='bbox 2106 5186 2225 5226; x_wconf 86' lang='lat' dir='ltr'><strong>sese</strong></span> <span class='ocrx_word' id='word_1_740' title='bbox 2255 5174 2638 5247; x_wconf 77' lang='lat' dir='ltr'><strong>conﬁandique</strong></span> <span class='ocrx_word' id='word_1_741' title='bbox 2672 5188 2991 5249; x_wconf 89' lang='lat' dir='ltr'><strong>potestates,</strong></span> <span class='ocrx_word' id='word_1_742' title='bbox 3038 5185 3395 5255; x_wconf 88' lang='lat' dir='ltr'><strong>intellectum,</strong></span> 
     </span>
    </p>
   </div>
   <div class='ocr_carea' id='block_1_106' title="bbox 1835 5263 3398 5340">
    <p class='ocr_par' dir='ltr' id='par_1_106' title="bbox 1835 5263 3398 5340">
     <span class='ocr_line' id='line_1_106' title="bbox 1835 5263 3398 5340; baseline 0.013 -26"><span class='ocrx_word' id='word_1_743' title='bbox 1835 5265 2076 5332; x_wconf 88' lang='lat' dir='ltr'><strong>inquam,</strong></span> <span class='ocrx_word' id='word_1_744' title='bbox 2122 5264 2178 5318; x_wconf 90' lang='lat' dir='ltr'><strong>in</strong></span> <span class='ocrx_word' id='word_1_745' title='bbox 2205 5263 2377 5320; x_wconf 90' lang='lat' dir='ltr'><strong>Deum</strong></span> <span class='ocrx_word' id='word_1_746' title='bbox 2421 5279 2477 5323; x_wconf 86' lang='lat' dir='ltr'><strong>et</strong></span> <span class='ocrx_word' id='word_1_747' title='bbox 2507 5271 2562 5324; x_wconf 89' lang='lat' dir='ltr'><strong>in</strong></span> <span class='ocrx_word' id='word_1_748' title='bbox 2597 5273 2880 5327; x_wconf 89' lang='lat' dir='ltr'><strong>materiam</strong></span> <span class='ocrx_word' id='word_1_749' title='bbox 2911 5290 3148 5340; x_wconf 87' lang='lat' dir='ltr'><strong>sensum,</strong></span> <span class='ocrx_word' id='word_1_750' title='bbox 3178 5294 3398 5336; x_wconf 90' lang='lat' dir='ltr'><strong>sensum</strong></span> 
     </span>
    </p>
   </div>
   <div class='ocr_carea' id='block_1_107' title="bbox 1835 5355 3399 5445">
    <p class='ocr_par' dir='ltr' id='par_1_107' title="bbox 1835 5355 3399 5445">
     <span class='ocr_line' id='line_1_107' title="bbox 1835 5355 3399 5445; baseline 0.01 -39"><span class='ocrx_word' id='word_1_751' title='bbox 1835 5355 2052 5423; x_wconf 85' lang='lat' dir='ltr'><strong>quidem</strong></span> <span class='ocrx_word' id='word_1_752' title='bbox 2084 5372 2188 5409; x_wconf 86' lang='lat' dir='ltr'><strong>una</strong></span> <span class='ocrx_word' id='word_1_753' title='bbox 2213 5372 2336 5411; x_wconf 92' lang='lat' dir='ltr'><strong>cum</strong></span> <span class='ocrx_word' id='word_1_754' title='bbox 2368 5362 2721 5417; x_wconf 87' lang='lat' dir='ltr'><strong>scnsibilibus</strong></span> <span class='ocrx_word' id='word_1_755' title='bbox 2750 5363 2908 5432; x_wconf 91' lang='lat' dir='ltr'><strong>plane</strong></span> <span class='ocrx_word' id='word_1_756' title='bbox 2933 5365 3268 5433; x_wconf 88' lang='lat' dir='ltr'><strong>abjecerunt,</strong></span> <span class='ocrx_word' id='word_1_757' title='bbox 3292 5385 3399 5445; x_wconf 52' lang='lat' dir='ltr'><strong>ger</strong></span> 
     </span>
    </p>
   </div>
   <div class='ocr_carea' id='block_1_108' title="bbox 1837 5437 3404 5542">
    <p class='ocr_par' dir='ltr' id='par_1_108' title="bbox 1837 5437 3404 5542">
     <span class='ocr_line' id='line_1_108' title="bbox 1837 5437 3404 5542; baseline 0.01 -44"><span class='ocrx_word' id='word_1_758' title='bbox 1837 5446 2112 5499; x_wconf 87' lang='lat' dir='ltr'><strong>relativam</strong></span> <span class='ocrx_word' id='word_1_759' title='bbox 2162 5448 2218 5501; x_wconf 91' lang='lat' dir='ltr'><strong>in</strong></span> <span class='ocrx_word' id='word_1_760' title='bbox 2264 5449 2556 5506; x_wconf 75' lang='lat' dir='ltr'><strong>aifectione</strong></span> <span class='ocrx_word' id='word_1_761' title='bbox 2586 5454 2975 5522; x_wconf 85' lang='lat' dir='ltr'><strong>operationem,</strong></span> <span class='ocrx_word' id='word_1_762' title='bbox 3004 5465 3059 5508; x_wconf 86' lang='lat' dir='ltr'><strong>et</strong></span> <span class='ocrx_word' id='word_1_763' title='bbox 3090 5471 3186 5524; x_wconf 90' lang='lat' dir='ltr'><strong>per</strong></span> <span class='ocrx_word' id='word_1_764' title='bbox 3221 5437 3404 5542; x_wconf 29' lang='lat' dir='ltr'><strong>sol‘un‘</strong></span> 
     </span>
    </p>
   </div>
   <div class='ocr_carea' id='block_1_109' title="bbox 1834 5535 3396 5606">
    <p class='ocr_par' dir='ltr' id='par_1_109' title="bbox 1834 5535 3396 5606">
     <span class='ocr_line' id='line_1_109' title="bbox 1834 5535 3396 5606; baseline 0.011 -17"><span class='ocrx_word' id='word_1_765' title='bbox 1834 5535 2168 5591; x_wconf 85' lang='lat' dir='ltr'><strong>intellectum</strong></span> <span class='ocrx_word' id='word_1_766' title='bbox 2202 5540 2467 5597; x_wconf 78' lang='lat' dir='ltr'><strong>ineffabili</strong></span> <span class='ocrx_word' id='word_1_767' title='bbox 2505 5540 2668 5599; x_wconf 66' lang='lat' dir='ltr'><strong>modo</strong></span> <span class='ocrx_word' id='word_1_768' title='bbox 2706 5559 2828 5599; x_wconf 78' lang='lat' dir='ltr'><strong>eam</strong></span> <span class='ocrx_word' id='word_1_769' title='bbox 2870 5546 2936 5600; x_wconf 87' lang='lat' dir='ltr'><strong>ad</strong></span> <span class='ocrx_word' id='word_1_770' title='bbox 2969 5547 3137 5602; x_wconf 90' lang='lat' dir='ltr'><strong>Deum</strong></span> <span class='ocrx_word' id='word_1_771' title='bbox 3181 5535 3396 5606; x_wconf 43' lang='lat' dir='ltr'><strong>accomQ</strong></span> 
     </span>
    </p>
   </div>
   <div class='ocr_carea' id='block_1_110' title="bbox 1471 5643 2133 5702">
    <p class='ocr_par' dir='ltr' id='par_1_110' title="bbox 1471 5643 2133 5702">
     <span class='ocr_line' id='line_1_110' title="bbox 1471 5643 2133 5702; baseline 0.008 -5"><span class='ocrx_word' id='word_1_772' title='bbox 1471 5645 1702 5701; x_wconf 60' lang='grc' dir='ltr'><strong>νΑιιιίΕ</strong></span> <span class='ocrx_word' id='word_1_773' title='bbox 1737 5643 2133 5702; x_wconf 77' lang='lat' dir='ltr'><strong>LECTIUNES.</strong></span> 
     </span>
    </p>
   </div>
   <div class='ocr_carea' id='block_1_111' title="bbox 198 5736 2140 5822">
    <p class='ocr_par' dir='ltr' id='par_1_111' title="bbox 198 5736 2140 5811">
     <span class='ocr_line' id='line_1_111' title="bbox 198 5736 2140 5811; baseline 0.003 -20"><span class='ocrx_word' id='word_1_774' title='bbox 198 5744 257 5779; x_wconf 72' lang='grc' dir='ltr'><strong>ι’</strong></span> <span class='ocrx_word' id='word_1_775' title='bbox 294 5739 417 5796; x_wconf 84' lang='lat' dir='ltr'><strong>Hic</strong></span> <span class='ocrx_word' id='word_1_776' title='bbox 447 5736 790 5804; x_wconf 84' lang='lat' dir='ltr'><strong>vocabulum,</strong></span> <span class='ocrx_word' id='word_1_777' title='bbox 821 5739 968 5808; x_wconf 88' lang='lat' dir='ltr'><strong>quod</strong></span> <span class='ocrx_word' id='word_1_778' title='bbox 998 5754 1123 5792; x_wconf 94' lang='lat' dir='ltr'><strong>cum</strong></span> <span class='ocrx_word' id='word_1_779' title='bbox 1149 5737 1548 5808; x_wconf 64' lang='lat' dir='ltr'><strong>roﬁjungatur,</strong></span> <span class='ocrx_word' id='word_1_780' title='bbox 1575 5741 1844 5796; x_wconf 81' lang='lat' dir='ltr'><strong>excidisse</strong></span> <span class='ocrx_word' id='word_1_781' title='bbox 1872 5741 2140 5811; x_wconf 88' lang='lat' dir='ltr'><strong>suspicor.</strong></span> 
     </span>
    </p>
   </div>
   <div class='ocr_carea' id='block_1_112' title="bbox 166 5852 1723 5940">
    <p class='ocr_par' dir='ltr' id='par_1_112' title="bbox 166 5852 1723 5940">
     <span class='ocr_line' id='line_1_112' title="bbox 166 5852 1723 5940; baseline 0.026 -48"><span class='ocrx_word' id='word_1_782' title='bbox 166 5858 292 5930; x_wconf 74' lang='grc' dir='ltr'><strong>-ίο)</strong></span> <span class='ocrx_word' id='word_1_783' title='bbox 327 5852 426 5911; x_wconf 76' lang='lat' dir='ltr'><strong>cf.</strong></span> <span class='ocrx_word' id='word_1_784' title='bbox 451 5852 612 5921; x_wconf 83' lang='lat' dir='ltr'><strong>Greg.</strong></span> <span class='ocrx_word' id='word_1_785' title='bbox 643 5853 771 5907; x_wconf 81' lang='lat' dir='ltr'><strong>Naz.</strong></span> <span class='ocrx_word' id='word_1_786' title='bbox 808 5854 958 5910; x_wconf 79' lang='lat' dir='ltr'><strong>Orat.</strong></span> <span class='ocrx_word' id='word_1_787' title='bbox 986 5857 1095 5940; x_wconf 86' lang='lat' dir='ltr'><strong>lll,</strong></span> <span class='ocrx_word' id='word_1_788' title='bbox 1134 5855 1210 5908; x_wconf 82' lang='lat' dir='ltr'><strong>De</strong></span> <span class='ocrx_word' id='word_1_789' title='bbox 1240 5875 1389 5926; x_wconf 79' lang='lat' dir='ltr'><strong>pace,</strong></span> <span class='ocrx_word' id='word_1_790' title='bbox 1421 5877 1539 5930; x_wconf 69' lang='lat' dir='ltr'><strong>cap.</strong></span> <span class='ocrx_word' id='word_1_791' title='bbox 1575 5861 1627 5928; x_wconf 72' lang='grc'><strong>8.</strong></span> <span class='ocrx_word' id='word_1_792' title='bbox 1665 5878 1723 5932; x_wconf 67' lang='grc' dir='ltr'><strong>ιλ</strong></span> 
     </span>
    </p>
   </div>
   <div class='ocr_carea' id='block_1_113' title="bbox 484 5944 1098 6016">
    <p class='ocr_par' dir='ltr' id='par_1_113' title="bbox 484 5944 1098 6016">
     <span class='ocr_line' id='line_1_113' title="bbox 484 5944 1098 6016; baseline 0.003 -12"><span class='ocrx_word' id='word_1_793' title='bbox 484 5944 752 6006; x_wconf 64' lang='lat' dir='ltr'><strong>Parum.</strong></span> <span class='ocrx_word' id='word_1_794' title='bbox 785 5947 900 6016; x_wconf 80' lang='lat' dir='ltr'><strong>Gn.</strong></span> <span class='ocrx_word' id='word_1_795' title='bbox 939 5948 1098 6010; x_wconf 78' lang='lat' dir='ltr'><strong>XCI.</strong></span> 
     </span>
    </p>
   </div>
   <div class='ocr_carea' id='block_1_114' title="bbox 1764 5863 2580 5942">
    <p class='ocr_par' dir='ltr' id='par_1_114' title="bbox 1764 5863 2580 5942">
     <span class='ocr_line' id='line_1_114' title="bbox 1764 5863 2580 5942; baseline -0.004 -21"><span class='ocrx_word' id='word_1_796' title='bbox 1764 5863 1891 5934; x_wconf 69' lang='grc'><strong>430,</strong></span> <span class='ocrx_word' id='word_1_797' title='bbox 1921 5873 2055 5942; x_wconf 79' lang='lat' dir='ltr'><strong>tom.</strong></span> <span class='ocrx_word' id='word_1_798' title='bbox 2087 5865 2128 5928; x_wconf 89' lang='grc' dir='ltr'><strong>Ι,</strong></span> <span class='ocrx_word' id='word_1_799' title='bbox 2156 5863 2292 5934; x_wconf 90' lang='lat' dir='ltr'><strong>Opp.</strong></span> <span class='ocrx_word' id='word_1_800' title='bbox 2324 5866 2412 5920; x_wconf 83' lang='lat' dir='ltr'><strong>ed.</strong></span> <span class='ocrx_word' id='word_1_801' title='bbox 2448 5866 2580 5920; x_wconf 80' lang='lat' dir='ltr'><strong>Ben.</strong></span> 
     </span>
    </p>
   </div>
   <div class='ocr_carea' id='block_1_115' title="bbox 3047 5962 3166 6028">
    <p class='ocr_par' dir='ltr' id='par_1_115' title="bbox 3047 5962 3166 6028">
     <span class='ocr_line' id='line_1_115' title="bbox 3047 5962 3166 6028; baseline 0.017 -3"><span class='ocrx_word' id='word_1_802' title='bbox 3047 5962 3166 6028; x_wconf 82' lang='lat'><strong>38.</strong></span> 
     </span>
    </p>
   </div>
  </div>
