  <div class='ocr_page' id='page_1' title='image "/cluster/home/n/w/nwhite01/storage/ocr_20150623/91/pst.000005712977/640.png"; bbox 0 0 3986 6346; ppageno 0'>
   <div class='ocr_carea' id='block_1_1' title="bbox 104 441 256 523">
    <p class='ocr_par' dir='ltr' id='par_1_1' title="bbox 104 441 256 523">
     <span class='ocr_line' id='line_1_1' title="bbox 104 441 256 523; baseline -0.013 1"><span class='ocrx_word' id='word_1_1' title='bbox 104 441 256 523; x_wconf 71' lang='grc'><strong>1209</strong></span> 
     </span>
    </p>
   </div>
   <div class='ocr_carea' id='block_1_2' title="bbox 1334 454 2138 520">
    <p class='ocr_par' dir='ltr' id='par_1_2' title="bbox 1334 454 2138 520">
     <span class='ocr_line' id='line_1_2' title="bbox 1334 454 2138 520; baseline 0.006 -7"><span class='ocrx_word' id='word_1_2' title='bbox 1334 454 1851 517; x_wconf 80' lang='lat' dir='ltr'><strong>AMBIGUORUM</strong></span> <span class='ocrx_word' id='word_1_3' title='bbox 1888 458 2138 520; x_wconf 82' lang='lat' dir='ltr'><strong>LIBER.</strong></span> 
     </span>
    </p>
   </div>
   <div class='ocr_carea' id='block_1_3' title="bbox 3194 438 3422 521">
    <p class='ocr_par' dir='ltr' id='par_1_3' title="bbox 3194 438 3422 521">
     <span class='ocr_line' id='line_1_3' title="bbox 3194 438 3422 521; baseline 0 -1"><span class='ocrx_word' id='word_1_4' title='bbox 3194 438 3336 521; x_wconf 71' lang='lat' dir='ltr'><strong>talo</strong></span> <span class='ocrx_word' id='word_1_5' title='bbox 3414 497 3422 507; x_wconf 85' lang='lat'>.</span> 
     </span>
    </p>
   </div>
   <div class='ocr_carea' id='block_1_4' title="bbox 98 557 1684 646">
    <p class='ocr_par' dir='ltr' id='par_1_4' title="bbox 98 557 1675 638">
     <span class='ocr_line' id='line_1_4' title="bbox 98 557 1675 638; baseline 0.002 -20"><span class='ocrx_word' id='word_1_6' title='bbox 98 565 204 618; x_wconf 68' lang='grc' dir='ltr'>καὶ</span> <span class='ocrx_word' id='word_1_7' title='bbox 235 563 403 618; x_wconf 84' lang='grc' dir='ltr'>πάλαι</span> <span class='ocrx_word' id='word_1_8' title='bbox 424 566 714 638; x_wconf 79' lang='grc' dir='ltr'><strong>γνωρίμων</strong></span> <span class='ocrx_word' id='word_1_9' title='bbox 735 566 830 620; x_wconf 65' lang='grc' dir='ltr'><strong>καὶ⁵</strong></span> <span class='ocrx_word' id='word_1_10' title='bbox 859 557 1115 629; x_wconf 79' lang='grc' dir='ltr'>ὡσαύτως</span> <span class='ocrx_word' id='word_1_11' title='bbox 1137 568 1370 637; x_wconf 75' lang='grc' dir='ltr'>ἑχόντων</span> <span class='ocrx_word' id='word_1_12' title='bbox 1396 568 1480 630; x_wconf 83' lang='grc' dir='ltr'>ὡς’</span> <span class='ocrx_word' id='word_1_13' title='bbox 1495 567 1675 621; x_wconf 81' lang='grc' dir='ltr'>ἑώλων</span> 
     </span>
    </p>
   </div>
   <div class='ocr_carea' id='block_1_5' title="bbox 1778 557 3332 646">
    <p class='ocr_par' dir='ltr' id='par_1_5' title="bbox 1778 571 3332 646">
     <span class='ocr_line' id='line_1_5' title="bbox 1778 571 3332 646; baseline -0.001 -22"><span class='ocrx_word' id='word_1_14' title='bbox 1778 586 1899 640; x_wconf 66' lang='lat' dir='ltr'><strong>qua:</strong></span> <span class='ocrx_word' id='word_1_15' title='bbox 1931 573 2166 644; x_wconf 80' lang='lat' dir='ltr'><strong>vulgaris</strong></span> <span class='ocrx_word' id='word_1_16' title='bbox 2203 587 2336 628; x_wconf 87' lang='lat' dir='ltr'><strong>usus</strong></span> <span class='ocrx_word' id='word_1_17' title='bbox 2376 580 2506 628; x_wconf 90' lang='lat' dir='ltr'><strong>sunt</strong></span> <span class='ocrx_word' id='word_1_18' title='bbox 2535 579 2594 628; x_wconf 92' lang='lat' dir='ltr'><strong>et</strong></span> <span class='ocrx_word' id='word_1_19' title='bbox 2623 573 2836 646; x_wconf 88' lang='lat' dir='ltr'><strong>pridem</strong></span> <span class='ocrx_word' id='word_1_20' title='bbox 2878 571 3091 642; x_wconf 85' lang='lat' dir='ltr'><strong>cognita</strong></span> <span class='ocrx_word' id='word_1_21' title='bbox 3129 582 3184 624; x_wconf 79' lang='lat' dir='ltr'><strong>et</strong></span> <span class='ocrx_word' id='word_1_22' title='bbox 3221 586 3332 624; x_wconf 88' lang='lat' dir='ltr'><strong>non</strong></span> 
     </span>
    </p>
   </div>
   <div class='ocr_carea' id='block_1_6' title="bbox 97 647 1671 727">
    <p class='ocr_par' dir='ltr' id='par_1_6' title="bbox 97 647 1671 727">
     <span class='ocr_line' id='line_1_6' title="bbox 97 647 1671 727; baseline 0.001 -20"><span class='ocrx_word' id='word_1_23' title='bbox 97 653 207 707; x_wconf 81' lang='grc' dir='ltr'>καὶ</span> <span class='ocrx_word' id='word_1_24' title='bbox 257 655 658 727; x_wconf 78' lang='grc' dir='ltr'>πεπατημένων</span> <span class='ocrx_word' id='word_1_25' title='bbox 695 656 792 708; x_wconf 79' lang='grc' dir='ltr'>καὶ</span> <span class='ocrx_word' id='word_1_26' title='bbox 817 654 1043 726; x_wconf 74' lang='grc' dir='ltr'>μηδενὸς</span> <span class='ocrx_word' id='word_1_27' title='bbox 1071 655 1255 719; x_wconf 80' lang='grc' dir='ltr'>ἀξίων,</span> <span class='ocrx_word' id='word_1_28' title='bbox 1289 647 1671 721; x_wconf 71' lang='grc' dir='ltr'>κατεξανιστα-</span> 
     </span>
    </p>
   </div>
   <div class='ocr_carea' id='block_1_7' title="bbox 103 741 1674 813">
    <p class='ocr_par' dir='ltr' id='par_1_7' title="bbox 103 741 1674 813">
     <span class='ocr_line' id='line_1_7' title="bbox 103 741 1674 813; baseline 0 -18"><span class='ocrx_word' id='word_1_29' title='bbox 103 745 335 810; x_wconf 71' lang='grc' dir='ltr'>μενους,</span> <span class='ocrx_word' id='word_1_30' title='bbox 379 743 474 796; x_wconf 76' lang='grc' dir='ltr'>καὶ</span> <span class='ocrx_word' id='word_1_31' title='bbox 522 743 719 813; x_wconf 77' lang='grc' dir='ltr'>μᾶλλον</span> <span class='ocrx_word' id='word_1_32' title='bbox 769 741 842 795; x_wconf 83' lang='grc' dir='ltr'>τὰ</span> <span class='ocrx_word' id='word_1_33' title='bbox 872 742 1180 812; x_wconf 79' lang='grc' dir='ltr'>νεαρώτερα</span> <span class='ocrx_word' id='word_1_34' title='bbox 1211 743 1674 813; x_wconf 82' lang='grc' dir='ltr'>προσδεχομένους</span> 
     </span>
    </p>
   </div>
   <div class='ocr_carea' id='block_1_8' title="bbox 100 830 1674 902">
    <p class='ocr_par' dir='ltr' id='par_1_8' title="bbox 100 830 1674 902">
     <span class='ocr_line' id='line_1_8' title="bbox 100 830 1674 902; baseline 0.001 -18"><span class='ocrx_word' id='word_1_35' title='bbox 100 832 427 898; x_wconf 74' lang='grc' dir='ltr'><strong>ἀσπασίως,</strong></span> <span class='ocrx_word' id='word_1_36' title='bbox 473 833 576 887; x_wconf 82' lang='grc' dir='ltr'><strong>κάν</strong></span> <span class='ocrx_word' id='word_1_37' title='bbox 615 832 789 902; x_wconf 83' lang='grc' dir='ltr'>ψευδῆ</span> <span class='ocrx_word' id='word_1_38' title='bbox 831 832 1043 902; x_wconf 73' lang='grc' dir='ltr'>τύχοιεν</span> <span class='ocrx_word' id='word_1_39' title='bbox 1075 831 1225 896; x_wconf 75' lang='grc' dir='ltr'>ὄντα,</span> <span class='ocrx_word' id='word_1_40' title='bbox 1271 830 1368 885; x_wconf 74' lang='grc' dir='ltr'>καὶ</span> <span class='ocrx_word' id='word_1_41' title='bbox 1406 832 1674 902; x_wconf 85' lang='grc' dir='ltr'>μηδεμίαν</span> 
     </span>
    </p>
   </div>
   <div class='ocr_carea' id='block_1_9' title="bbox 101 919 1709 995">
    <p class='ocr_par' dir='ltr' id='par_1_9' title="bbox 101 919 1709 995">
     <span class='ocr_line' id='line_1_9' title="bbox 101 919 1709 995; baseline -0.005 -19"><span class='ocrx_word' id='word_1_42' title='bbox 101 924 191 986; x_wconf 82' lang='grc' dir='ltr'><strong>είς</strong></span> <span class='ocrx_word' id='word_1_43' title='bbox 222 924 404 995; x_wconf 78' lang='grc' dir='ltr'>ψυχὴν</span> <span class='ocrx_word' id='word_1_44' title='bbox 431 923 812 978; x_wconf 74' lang='grc' dir='ltr'>διαϐαίνουσαν</span> <span class='ocrx_word' id='word_1_45' title='bbox 843 922 1107 992; x_wconf 79' lang='grc' dir='ltr'>ὠφέλειαν</span> <span class='ocrx_word' id='word_1_46' title='bbox 1145 922 1355 991; x_wconf 75' lang='grc' dir='ltr'>ἔχοντα.</span> <span class='ocrx_word' id='word_1_47' title='bbox 1395 923 1564 992; x_wconf 79' lang='grc' dir='ltr'>’Υπὲρ</span> <span class='ocrx_word' id='word_1_48' title='bbox 1605 919 1675 994; x_wconf 84' lang='grc' dir='ltr'>ἦς</span> <span class='ocrx_word' id='word_1_49' title='bbox 1704 962 1709 968; x_wconf 94' lang='grc'><em>.</em></span> 
     </span>
    </p>
   </div>
   <div class='ocr_carea' id='block_1_10' title="bbox 102 1012 1716 1083">
    <p class='ocr_par' dir='ltr' id='par_1_10' title="bbox 102 1012 1716 1083">
     <span class='ocr_line' id='line_1_10' title="bbox 102 1012 1716 1083; baseline 0 -18"><span class='ocrx_word' id='word_1_50' title='bbox 102 1013 358 1083; x_wconf 79' lang='grc' dir='ltr'>μάλιστα</span> <span class='ocrx_word' id='word_1_51' title='bbox 411 1015 521 1077; x_wconf 75' lang='grc' dir='ltr'>πᾶς</span> <span class='ocrx_word' id='word_1_52' title='bbox 565 1012 792 1083; x_wconf 75' lang='grc' dir='ltr'>είισεὸὴς</span> <span class='ocrx_word' id='word_1_53' title='bbox 854 1013 1007 1080; x_wconf 80' lang='grc' dir='ltr'><strong>λόγος</strong></span> <span class='ocrx_word' id='word_1_54' title='bbox 1045 1012 1147 1064; x_wconf 69' lang='grc' dir='ltr'>καὶ</span> <span class='ocrx_word' id='word_1_55' title='bbox 1193 1012 1353 1074; x_wconf 85' lang='grc' dir='ltr'>πόνος</span> <span class='ocrx_word' id='word_1_56' title='bbox 1401 1013 1673 1082; x_wconf 84' lang='grc' dir='ltr'><strong>σωτήριος</strong></span> <span class='ocrx_word' id='word_1_57' title='bbox 1710 1015 1716 1019; x_wconf 79' lang='grc'><strong>’</strong></span> 
     </span>
    </p>
   </div>
   <div class='ocr_carea' id='block_1_11' title="bbox 99 1102 1674 1174">
    <p class='ocr_par' dir='ltr' id='par_1_11' title="bbox 99 1102 1674 1174">
     <span class='ocr_line' id='line_1_11' title="bbox 99 1102 1674 1174; baseline 0.001 -18"><span class='ocrx_word' id='word_1_58' title='bbox 99 1103 302 1173; x_wconf 76' lang='grc' dir='ltr'>ᾅδεται</span> <span class='ocrx_word' id='word_1_59' title='bbox 324 1121 382 1157; x_wconf 88' lang='grc' dir='ltr'><strong>τε</strong></span> <span class='ocrx_word' id='word_1_60' title='bbox 407 1105 502 1156; x_wconf 79' lang='grc' dir='ltr'>καὶ</span> <span class='ocrx_word' id='word_1_61' title='bbox 534 1106 795 1174; x_wconf 75' lang='grc' dir='ltr'><strong>γράφεται</strong></span> <span class='ocrx_word' id='word_1_62' title='bbox 813 1104 906 1156; x_wconf 86' lang='grc' dir='ltr'>καὶ</span> <span class='ocrx_word' id='word_1_63' title='bbox 932 1102 1326 1174; x_wconf 74' lang='grc' dir='ltr'>ἐπιτηδεύεται,</span> <span class='ocrx_word' id='word_1_64' title='bbox 1353 1105 1380 1156; x_wconf 90' lang='lat'><strong>6</strong></span> <span class='ocrx_word' id='word_1_65' title='bbox 1409 1107 1509 1172; x_wconf 84' lang='grc' dir='ltr'>μὲν</span> <span class='ocrx_word' id='word_1_66' title='bbox 1533 1105 1674 1158; x_wconf 82' lang='grc' dir='ltr'>κατὰ</span> 
     </span>
    </p>
   </div>
   <div class='ocr_carea' id='block_1_12' title="bbox 97 1193 1674 1265">
    <p class='ocr_par' dir='ltr' id='par_1_12' title="bbox 97 1193 1674 1265">
     <span class='ocr_line' id='line_1_12' title="bbox 97 1193 1674 1265; baseline -0.001 -17"><span class='ocrx_word' id='word_1_67' title='bbox 97 1197 212 1265; x_wconf 82' lang='grc' dir='ltr'><strong>τῆς</strong></span> <span class='ocrx_word' id='word_1_68' title='bbox 240 1195 542 1263; x_wconf 86' lang='grc' dir='ltr'>ἀγνωσίας,</span> <span class='ocrx_word' id='word_1_69' title='bbox 567 1197 596 1247; x_wconf 98' lang='lat'><strong>6</strong></span> <span class='ocrx_word' id='word_1_70' title='bbox 622 1195 678 1248; x_wconf 85' lang='grc' dir='ltr'>δὲ</span> <span class='ocrx_word' id='word_1_71' title='bbox 711 1193 851 1248; x_wconf 84' lang='grc' dir='ltr'>κατά</span> <span class='ocrx_word' id='word_1_72' title='bbox 878 1194 978 1262; x_wconf 88' lang='grc' dir='ltr'><strong>τῆς</strong></span> <span class='ocrx_word' id='word_1_73' title='bbox 1011 1194 1204 1265; x_wconf 80' lang='grc' dir='ltr'>ἡδονῆς</span> <span class='ocrx_word' id='word_1_74' title='bbox 1245 1194 1624 1264; x_wconf 73' lang='grc' dir='ltr'>ὁπλιζόμενος,</span> <span class='ocrx_word' id='word_1_75' title='bbox 1647 1196 1674 1246; x_wconf 89' lang='lat'><strong>6</strong></span> 
     </span>
    </p>
   </div>
   <div class='ocr_carea' id='block_1_13' title="bbox 105 1284 1712 1358">
    <p class='ocr_par' dir='ltr' id='par_1_13' title="bbox 105 1284 1712 1358">
     <span class='ocr_line' id='line_1_13' title="bbox 105 1284 1712 1358; baseline -0.003 -18"><span class='ocrx_word' id='word_1_76' title='bbox 105 1285 219 1358; x_wconf 70' lang='grc' dir='ltr'>μὲν</span> <span class='ocrx_word' id='word_1_77' title='bbox 249 1286 336 1341; x_wconf 72' lang='grc' dir='ltr'>ἵνα</span> <span class='ocrx_word' id='word_1_78' title='bbox 354 1287 448 1355; x_wconf 85' lang='grc' dir='ltr'><strong>τῆς</strong></span> <span class='ocrx_word' id='word_1_79' title='bbox 478 1286 698 1355; x_wconf 78' lang='grc' dir='ltr'>ἀγνοίας</span> <span class='ocrx_word' id='word_1_80' title='bbox 727 1284 974 1355; x_wconf 77' lang='grc' dir='ltr'><strong>ἐκτεμὼν</strong></span> <span class='ocrx_word' id='word_1_81' title='bbox 1011 1285 1078 1339; x_wconf 84' lang='grc' dir='ltr'><strong>τά</strong></span> <span class='ocrx_word' id='word_1_82' title='bbox 1112 1284 1423 1356; x_wconf 83' lang='grc' dir='ltr'>πηρώματα</span> <span class='ocrx_word' id='word_1_83' title='bbox 1449 1284 1548 1355; x_wconf 83' lang='grc' dir='ltr'><strong>τῆς</strong></span> <span class='ocrx_word' id='word_1_84' title='bbox 1574 1285 1677 1353; x_wconf 76' lang='grc' dir='ltr'>ψυο</span> <span class='ocrx_word' id='word_1_85' title='bbox 1703 1286 1712 1296; x_wconf 85' lang='grc'><strong>’“</strong></span> 
     </span>
    </p>
   </div>
   <div class='ocr_carea' id='block_1_14' title="bbox 102 1373 1676 1455">
    <p class='ocr_par' dir='ltr' id='par_1_14' title="bbox 102 1373 1676 1455">
     <span class='ocr_line' id='line_1_14' title="bbox 102 1373 1676 1455; baseline -0.001 -26"><span class='ocrx_word' id='word_1_86' title='bbox 102 1377 220 1447; x_wconf 82' lang='grc' dir='ltr'>χῆς</span> <span class='ocrx_word' id='word_1_87' title='bbox 248 1378 502 1455; x_wconf 74' lang='grc' dir='ltr'>οἰκειὼσῃ</span> <span class='ocrx_word' id='word_1_88' title='bbox 529 1375 648 1446; x_wconf 82' lang='grc' dir='ltr'><strong>Θεῷ</strong></span> <span class='ocrx_word' id='word_1_89' title='bbox 683 1375 773 1429; x_wconf 75' lang='grc' dir='ltr'><strong>διὰ</strong></span> <span class='ocrx_word' id='word_1_90' title='bbox 808 1373 1060 1443; x_wconf 83' lang='grc' dir='ltr'>γνώσεως</span> <span class='ocrx_word' id='word_1_91' title='bbox 1111 1376 1210 1447; x_wconf 76' lang='grc' dir='ltr'>τὴν</span> <span class='ocrx_word' id='word_1_92' title='bbox 1240 1375 1496 1445; x_wconf 79' lang='grc' dir='ltr'>ἀλήθειαν</span> <span class='ocrx_word' id='word_1_93' title='bbox 1524 1375 1676 1444; x_wconf 80' lang='grc' dir='ltr'>ἔχον-</span> 
     </span>
    </p>
   </div>
   <div class='ocr_carea' id='block_1_15' title="bbox 102 1464 1677 1545">
    <p class='ocr_par' dir='ltr' id='par_1_15' title="bbox 102 1464 1677 1545">
     <span class='ocr_line' id='line_1_15' title="bbox 102 1464 1677 1545; baseline -0.003 -25"><span class='ocrx_word' id='word_1_94' title='bbox 102 1483 241 1530; x_wconf 80' lang='grc' dir='ltr'>τας,</span> <span class='ocrx_word' id='word_1_95' title='bbox 287 1468 411 1545; x_wconf 71' lang='grc' dir='ltr'>τοῦς</span> <span class='ocrx_word' id='word_1_96' title='bbox 459 1466 547 1520; x_wconf 85' lang='grc' dir='ltr'><strong>διά</strong></span> <span class='ocrx_word' id='word_1_97' title='bbox 577 1464 734 1520; x_wconf 85' lang='grc' dir='ltr'>τοῦτο</span> <span class='ocrx_word' id='word_1_98' title='bbox 761 1467 874 1530; x_wconf 84' lang='grc' dir='ltr'>τοῖς</span> <span class='ocrx_word' id='word_1_99' title='bbox 911 1466 1194 1536; x_wconf 79' lang='grc' dir='ltr'><strong>μαθήμασι</strong></span> <span class='ocrx_word' id='word_1_100' title='bbox 1242 1466 1550 1536; x_wconf 84' lang='grc' dir='ltr'>χαίροντας,</span> <span class='ocrx_word' id='word_1_101' title='bbox 1580 1465 1677 1517; x_wconf 77' lang='grc' dir='ltr'>καὶ</span> 
     </span>
    </p>
   </div>
   <div class='ocr_carea' id='block_1_16' title="bbox 108 1551 1678 1626">
    <p class='ocr_par' dir='ltr' id='par_1_16' title="bbox 108 1551 1678 1626">
     <span class='ocr_line' id='line_1_16' title="bbox 108 1551 1678 1626; baseline -0.003 -16"><span class='ocrx_word' id='word_1_102' title='bbox 108 1555 230 1610; x_wconf 81' lang='grc' dir='ltr'><strong>τῶν</strong></span> <span class='ocrx_word' id='word_1_103' title='bbox 258 1557 550 1626; x_wconf 78' lang='grc' dir='ltr'><strong>ὁρωμένων</strong></span> <span class='ocrx_word' id='word_1_104' title='bbox 581 1571 641 1607; x_wconf 85' lang='grc' dir='ltr'><strong>τε</strong></span> <span class='ocrx_word' id='word_1_105' title='bbox 669 1555 782 1608; x_wconf 70' lang='grc' dir='ltr'>καὶι</span> <span class='ocrx_word' id='word_1_106' title='bbox 807 1556 1109 1625; x_wconf 79' lang='grc' dir='ltr'>νοουμένων</span> <span class='ocrx_word' id='word_1_107' title='bbox 1150 1556 1403 1626; x_wconf 77' lang='grc' dir='ltr'>ὑπεράνω</span> <span class='ocrx_word' id='word_1_108' title='bbox 1430 1554 1519 1608; x_wconf 83' lang='grc' dir='ltr'>τὸν</span> <span class='ocrx_word' id='word_1_109' title='bbox 1552 1551 1678 1607; x_wconf 85' lang='grc' dir='ltr'>νοῦν</span> 
     </span>
    </p>
   </div>
   <div class='ocr_carea' id='block_1_17' title="bbox 105 1643 1678 1717">
    <p class='ocr_par' dir='ltr' id='par_1_17' title="bbox 105 1643 1678 1717">
     <span class='ocr_line' id='line_1_17' title="bbox 105 1643 1678 1717; baseline 0 -19"><span class='ocrx_word' id='word_1_110' title='bbox 105 1645 494 1717; x_wconf 67' lang='grc' dir='ltr'>παραπέμψας</span> <span class='ocrx_word' id='word_1_111' title='bbox 538 1643 700 1717; x_wconf 78' lang='grc' dir='ltr'>θέλξῃ</span> <span class='ocrx_word' id='word_1_112' title='bbox 723 1645 799 1714; x_wconf 85' lang='grc' dir='ltr'><strong>τῷ</strong></span> <span class='ocrx_word' id='word_1_113' title='bbox 832 1646 1054 1716; x_wconf 69' lang='grc' dir='ltr'>ἀρρήτῳ</span> <span class='ocrx_word' id='word_1_114' title='bbox 1083 1645 1182 1714; x_wconf 89' lang='grc' dir='ltr'><strong>τῆς</strong></span> <span class='ocrx_word' id='word_1_115' title='bbox 1224 1645 1372 1706; x_wconf 81' lang='grc' dir='ltr'>θείας</span> <span class='ocrx_word' id='word_1_116' title='bbox 1407 1644 1678 1714; x_wconf 73' lang='grc' dir='ltr'>οιαλλονῆς</span> 
     </span>
    </p>
   </div>
   <div class='ocr_carea' id='block_1_18' title="bbox 102 1726 1679 1810">
    <p class='ocr_par' dir='ltr' id='par_1_18' title="bbox 102 1726 1679 1810">
     <span class='ocr_line' id='line_1_18' title="bbox 102 1726 1679 1810; baseline -0.001 -18"><span class='ocrx_word' id='word_1_117' title='bbox 102 1739 303 1808; x_wconf 68' lang='grc' dir='ltr'>τρωτι,</span> <span class='ocrx_word' id='word_1_118' title='bbox 345 1738 443 1790; x_wconf 75' lang='grc' dir='ltr'>καὶ</span> <span class='ocrx_word' id='word_1_119' title='bbox 487 1737 816 1810; x_wconf 79' lang='grc' dir='ltr'>προσηλώσῃ</span> <span class='ocrx_word' id='word_1_120' title='bbox 841 1736 924 1806; x_wconf 83' lang='grc' dir='ltr'>τῷ</span> <span class='ocrx_word' id='word_1_121' title='bbox 955 1737 1105 1806; x_wconf 84' lang='grc' dir='ltr'>πόθῳ</span> <span class='ocrx_word' id='word_1_122' title='bbox 1135 1736 1386 1807; x_wconf 79' lang='grc' dir='ltr'>μηδαμοῦ</span> <span class='ocrx_word' id='word_1_123' title='bbox 1417 1726 1679 1808; x_wconf 81' lang='grc' dir='ltr'>φέρεσθαι</span> 
     </span>
    </p>
   </div>
   <div class='ocr_carea' id='block_1_19' title="bbox 103 1825 1679 1903">
    <p class='ocr_par' dir='ltr' id='par_1_19' title="bbox 103 1825 1679 1903">
     <span class='ocr_line' id='line_1_19' title="bbox 103 1825 1679 1903; baseline 0.001 -23"><span class='ocrx_word' id='word_1_124' title='bbox 103 1827 438 1896; x_wconf 79' lang='grc' dir='ltr'>δυνάμενον,</span> <span class='ocrx_word' id='word_1_125' title='bbox 482 1827 682 1903; x_wconf 81' lang='grc' dir='ltr'>μᾶλλον</span> <span class='ocrx_word' id='word_1_126' title='bbox 712 1826 770 1880; x_wconf 79' lang='grc' dir='ltr'>δὲ</span> <span class='ocrx_word' id='word_1_127' title='bbox 803 1825 1100 1897; x_wconf 81' lang='grc' dir='ltr'>δυνηθῆναι</span> <span class='ocrx_word' id='word_1_128' title='bbox 1140 1825 1215 1897; x_wconf 82' lang='grc' dir='ltr'>μὴ</span> <span class='ocrx_word' id='word_1_129' title='bbox 1263 1827 1621 1896; x_wconf 85' lang='grc' dir='ltr'>ἀνεχόμενον·</span> <span class='ocrx_word' id='word_1_130' title='bbox 1650 1829 1679 1880; x_wconf 86' lang='lat'><strong>6</strong></span> 
     </span>
    </p>
   </div>
   <div class='ocr_carea' id='block_1_20' title="bbox 107 1902 1752 1989">
    <p class='ocr_par' dir='ltr' id='par_1_20' title="bbox 107 1902 1752 1989">
     <span class='ocr_line' id='line_1_20' title="bbox 107 1902 1752 1989; baseline -0.001 -18"><span class='ocrx_word' id='word_1_131' title='bbox 107 1918 170 1971; x_wconf 69' lang='grc' dir='ltr'>δὲ</span> <span class='ocrx_word' id='word_1_132' title='bbox 202 1918 293 1972; x_wconf 80' lang='grc' dir='ltr'>ῐνα</span> <span class='ocrx_word' id='word_1_133' title='bbox 321 1918 423 1988; x_wconf 86' lang='grc' dir='ltr'><strong>τῆς</strong></span> <span class='ocrx_word' id='word_1_134' title='bbox 440 1918 561 1972; x_wconf 88' lang='grc' dir='ltr'>καθ’</span> <span class='ocrx_word' id='word_1_135' title='bbox 581 1902 775 1989; x_wconf 71' lang='grc' dir='ltr'>ἡδονὴν</span> <span class='ocrx_word' id='word_1_136' title='bbox 805 1917 1042 1986; x_wconf 80' lang='grc' dir='ltr'>σχέσεως</span> <span class='ocrx_word' id='word_1_137' title='bbox 1064 1919 1189 1980; x_wconf 81' lang='grc' dir='ltr'>τοὺς</span> <span class='ocrx_word' id='word_1_138' title='bbox 1202 1918 1362 1988; x_wconf 69' lang='grc' dir='ltr'>ἥλους</span> <span class='ocrx_word' id='word_1_139' title='bbox 1378 1917 1680 1989; x_wconf 77' lang='grc' dir='ltr'>έκκρούση-</span> <span class='ocrx_word' id='word_1_140' title='bbox 1709 1902 1752 1957; x_wconf 77' lang='grc' dir='ltr'><strong><em>Β</em></strong></span> 
     </span>
    </p>
   </div>
   <div class='ocr_carea' id='block_1_21' title="bbox 111 2003 1679 2079">
    <p class='ocr_par' dir='ltr' id='par_1_21' title="bbox 111 2003 1679 2079">
     <span class='ocr_line' id='line_1_21' title="bbox 111 2003 1679 2079; baseline -0.001 -17"><span class='ocrx_word' id='word_1_141' title='bbox 111 2024 205 2062; x_wconf 85' lang='grc' dir='ltr'><strong>ται</strong></span> <span class='ocrx_word' id='word_1_142' title='bbox 234 2003 314 2071; x_wconf 77' lang='grc' dir='ltr'><strong>οἷς</strong></span> <span class='ocrx_word' id='word_1_143' title='bbox 351 2008 536 2078; x_wconf 74' lang='grc' dir='ltr'>όπερὶ</span> <span class='ocrx_word' id='word_1_144' title='bbox 562 2008 696 2062; x_wconf 80' lang='grc' dir='ltr'>Θεὸν</span> <span class='ocrx_word' id='word_1_145' title='bbox 735 2007 834 2079; x_wconf 85' lang='grc' dir='ltr'><strong>τῆς</strong></span> <span class='ocrx_word' id='word_1_146' title='bbox 856 2009 1033 2078; x_wconf 81' lang='grc' dir='ltr'>ψυχῆς</span> <span class='ocrx_word' id='word_1_147' title='bbox 1053 2007 1292 2072; x_wconf 75' lang='grc' dir='ltr'>πόθοςτε</span> <span class='ocrx_word' id='word_1_148' title='bbox 1320 2008 1414 2061; x_wconf 78' lang='grc' dir='ltr'>καὶ</span> <span class='ocrx_word' id='word_1_149' title='bbox 1433 2008 1583 2070; x_wconf 83' lang='grc' dir='ltr'>τόνος</span> <span class='ocrx_word' id='word_1_150' title='bbox 1612 2009 1679 2061; x_wconf 80' lang='grc' dir='ltr'><strong>έκ</strong></span> 
     </span>
    </p>
   </div>
   <div class='ocr_carea' id='block_1_22' title="bbox 109 2095 1679 2168">
    <p class='ocr_par' dir='ltr' id='par_1_22' title="bbox 109 2095 1679 2168">
     <span class='ocr_line' id='line_1_22' title="bbox 109 2095 1679 2168; baseline -0.003 -15"><span class='ocrx_word' id='word_1_151' title='bbox 109 2097 216 2166; x_wconf 82' lang='grc' dir='ltr'><strong>τῆς</strong></span> <span class='ocrx_word' id='word_1_152' title='bbox 243 2097 477 2168; x_wconf 80' lang='grc' dir='ltr'>ἀρχαίας</span> <span class='ocrx_word' id='word_1_153' title='bbox 500 2097 778 2167; x_wconf 83' lang='grc' dir='ltr'>παρακοῆς</span> <span class='ocrx_word' id='word_1_154' title='bbox 800 2095 935 2166; x_wconf 85' lang='grc' dir='ltr'>πρὸς</span> <span class='ocrx_word' id='word_1_155' title='bbox 948 2097 1049 2166; x_wconf 83' lang='grc' dir='ltr'><strong>τὴν</strong></span> <span class='ocrx_word' id='word_1_156' title='bbox 1071 2096 1202 2164; x_wconf 82' lang='grc' dir='ltr'>ῦλην</span> <span class='ocrx_word' id='word_1_157' title='bbox 1230 2096 1469 2165; x_wconf 79' lang='grc' dir='ltr'>ένεπάγη</span> <span class='ocrx_word' id='word_1_158' title='bbox 1497 2095 1591 2147; x_wconf 72' lang='grc' dir='ltr'>καὶ</span> <span class='ocrx_word' id='word_1_159' title='bbox 1608 2095 1679 2149; x_wconf 81' lang='grc' dir='ltr'><strong>τά</strong></span> 
     </span>
    </p>
   </div>
   <div class='ocr_carea' id='block_1_23' title="bbox 107 2186 1676 2261">
    <p class='ocr_par' dir='ltr' id='par_1_23' title="bbox 107 2186 1676 2261">
     <span class='ocr_line' id='line_1_23' title="bbox 107 2186 1676 2261; baseline -0.003 -17"><span class='ocrx_word' id='word_1_160' title='bbox 107 2190 472 2260; x_wconf 80' lang='grc' dir='ltr'>φθειρόμενα,</span> <span class='ocrx_word' id='word_1_161' title='bbox 503 2190 597 2243; x_wconf 77' lang='grc' dir='ltr'>καὶ</span> <span class='ocrx_word' id='word_1_162' title='bbox 626 2186 913 2261; x_wconf 78' lang='grc' dir='ltr'>ἀπαλλάξῃ</span> <span class='ocrx_word' id='word_1_163' title='bbox 959 2188 1156 2251; x_wconf 78' lang='grc' dir='ltr'>κακίας</span> <span class='ocrx_word' id='word_1_164' title='bbox 1194 2188 1322 2251; x_wconf 79' lang='grc' dir='ltr'>τοὺς</span> <span class='ocrx_word' id='word_1_165' title='bbox 1375 2187 1676 2258; x_wconf 66' lang='grc' dir='ltr'>ὲνεσχημέα</span> 
     </span>
    </p>
   </div>
   <div class='ocr_carea' id='block_1_24' title="bbox 105 2277 1702 2372">
    <p class='ocr_par' dir='ltr' id='par_1_24' title="bbox 105 2277 1702 2372">
     <span class='ocr_line' id='line_1_24' title="bbox 105 2277 1702 2372; baseline -0.002 -40"><span class='ocrx_word' id='word_1_166' title='bbox 105 2293 242 2340; x_wconf 84' lang='grc' dir='ltr'>νους</span> <span class='ocrx_word' id='word_1_167' title='bbox 258 2278 326 2342; x_wconf 79' lang='grc'><strong>⁸⁸,</strong></span> <span class='ocrx_word' id='word_1_168' title='bbox 362 2279 454 2330; x_wconf 70' lang='grc' dir='ltr'>καὶ</span> <span class='ocrx_word' id='word_1_169' title='bbox 472 2278 670 2352; x_wconf 82' lang='grc' dir='ltr'>ἀρετῆς</span> <span class='ocrx_word' id='word_1_170' title='bbox 702 2280 944 2352; x_wconf 79' lang='grc' dir='ltr'>ποιήσειε</span> <span class='ocrx_word' id='word_1_171' title='bbox 969 2277 1226 2372; x_wconf 58' lang='grc' dir='ltr'>φοιτηιηάς</span> <span class='ocrx_word' id='word_1_172' title='bbox 1260 2278 1540 2345; x_wconf 80' lang='grc' dir='ltr'>γνησίους,</span> <span class='ocrx_word' id='word_1_173' title='bbox 1585 2277 1702 2330; x_wconf 72' lang='grc' dir='ltr'>καὶσ</span> 
     </span>
    </p>
   </div>
   <div class='ocr_carea' id='block_1_25' title="bbox 104 2368 1680 2439">
    <p class='ocr_par' dir='ltr' id='par_1_25' title="bbox 104 2368 1680 2439">
     <span class='ocr_line' id='line_1_25' title="bbox 104 2368 1680 2439; baseline -0.003 -13"><span class='ocrx_word' id='word_1_174' title='bbox 104 2371 365 2426; x_wconf 73' lang='grc' dir='ltr'>ἄσειστον</span> <span class='ocrx_word' id='word_1_175' title='bbox 396 2371 529 2439; x_wconf 82' lang='grc' dir='ltr'>πρὸς</span> <span class='ocrx_word' id='word_1_176' title='bbox 559 2370 734 2424; x_wconf 81' lang='grc' dir='ltr'>πάντα</span> <span class='ocrx_word' id='word_1_177' title='bbox 758 2370 827 2424; x_wconf 73' lang='grc' dir='ltr'><strong>τὰ</strong></span> <span class='ocrx_word' id='word_1_178' title='bbox 849 2369 1077 2423; x_wconf 82' lang='grc' dir='ltr'>κωλύειν</span> <span class='ocrx_word' id='word_1_179' title='bbox 1100 2368 1364 2426; x_wconf 80' lang='grc' dir='ltr'>δοκοῦντα</span> <span class='ocrx_word' id='word_1_180' title='bbox 1383 2370 1479 2439; x_wconf 85' lang='grc' dir='ltr'><strong>τῆς</strong></span> <span class='ocrx_word' id='word_1_181' title='bbox 1503 2368 1680 2438; x_wconf 73' lang='grc' dir='ltr'>ψυχῆς</span> 
     </span>
    </p>
   </div>
   <div class='ocr_carea' id='block_1_26' title="bbox 104 2450 1678 2535">
    <p class='ocr_par' dir='ltr' id='par_1_26' title="bbox 104 2450 1678 2535">
     <span class='ocr_line' id='line_1_26' title="bbox 104 2450 1678 2535; baseline -0.005 -18"><span class='ocrx_word' id='word_1_182' title='bbox 104 2465 213 2535; x_wconf 75' lang='grc' dir='ltr'><strong>τὴν</strong></span> <span class='ocrx_word' id='word_1_183' title='bbox 238 2463 378 2534; x_wconf 85' lang='grc' dir='ltr'>πρὸς</span> <span class='ocrx_word' id='word_1_184' title='bbox 412 2461 475 2516; x_wconf 71' lang='grc' dir='ltr'><strong>τὸ</strong></span> <span class='ocrx_word' id='word_1_185' title='bbox 503 2450 687 2529; x_wconf 81' lang='grc' dir='ltr'>καλὸν’</span> <span class='ocrx_word' id='word_1_186' title='bbox 711 2461 983 2514; x_wconf 85' lang='grc' dir='ltr'>οίκείωσιν</span> <span class='ocrx_word' id='word_1_187' title='bbox 1025 2460 1428 2530; x_wconf 82' lang='grc' dir='ltr'>ἀπεργάσηται,</span> <span class='ocrx_word' id='word_1_188' title='bbox 1461 2457 1678 2521; x_wconf 81' lang='grc' dir='ltr'>διδάξας</span> 
     </span>
    </p>
   </div>
   <div class='ocr_carea' id='block_1_27' title="bbox 107 2545 1677 2626">
    <p class='ocr_par' dir='ltr' id='par_1_27' title="bbox 107 2545 1677 2626">
     <span class='ocr_line' id='line_1_27' title="bbox 107 2545 1677 2626; baseline -0.008 1"><span class='ocrx_word' id='word_1_189' title='bbox 107 2554 255 2626; x_wconf 59' lang='lat' dir='ltr'><strong>«pb;</strong></span> <span class='ocrx_word' id='word_1_190' title='bbox 293 2554 393 2625; x_wconf 65' lang='grc' dir='ltr'>μιν</span> <span class='ocrx_word' id='word_1_191' title='bbox 431 2552 776 2624; x_wconf 74' lang='grc' dir='ltr'>ἀποστροφὴν</span> <span class='ocrx_word' id='word_1_192' title='bbox 825 2551 1038 2620; x_wconf 71' lang='grc' dir='ltr'><strong>ἡδονῆς,</strong></span> <span class='ocrx_word' id='word_1_193' title='bbox 1085 2550 1289 2620; x_wconf 77' lang='lat'><strong>(132</strong></span> <span class='ocrx_word' id='word_1_194' title='bbox 1319 2548 1392 2617; x_wconf 83' lang='grc' dir='ltr'><strong>α)</strong></span> <span class='ocrx_word' id='word_1_195' title='bbox 1441 2547 1530 2600; x_wconf 72' lang='grc' dir='ltr'><strong>διὰ</strong></span> <span class='ocrx_word' id='word_1_196' title='bbox 1568 2545 1677 2598; x_wconf 81' lang='grc' dir='ltr'><strong>τῶν</strong></span> 
     </span>
    </p>
   </div>
   <div class='ocr_carea' id='block_1_28' title="bbox 106 2635 1676 2717">
    <p class='ocr_par' dir='ltr' id='par_1_28' title="bbox 106 2635 1676 2717">
     <span class='ocr_line' id='line_1_28' title="bbox 106 2635 1676 2717; baseline -0.01 -15"><span class='ocrx_word' id='word_1_197' title='bbox 106 2647 200 2717; x_wconf 70' lang='grc' dir='ltr'><strong>έφ’</strong></span> <span class='ocrx_word' id='word_1_198' title='bbox 233 2646 365 2714; x_wconf 78' lang='grc' dir='ltr'>ήμίν</span> <span class='ocrx_word' id='word_1_199' title='bbox 402 2643 620 2697; x_wconf 81' lang='grc' dir='ltr'>ἀτόπων</span> <span class='ocrx_word' id='word_1_200' title='bbox 660 2641 956 2710; x_wconf 87' lang='grc' dir='ltr'>ἀπατηλῶς</span> <span class='ocrx_word' id='word_1_201' title='bbox 1009 2639 1300 2708; x_wconf 88' lang='grc' dir='ltr'>σαινούσης</span> <span class='ocrx_word' id='word_1_202' title='bbox 1344 2638 1438 2690; x_wconf 74' lang='grc' dir='ltr'>καὶ</span> <span class='ocrx_word' id='word_1_203' title='bbox 1469 2635 1676 2706; x_wconf 88' lang='grc' dir='ltr'>μαλασ-</span> 
     </span>
    </p>
   </div>
   <div class='ocr_carea' id='block_1_29' title="bbox 107 2722 1676 2804">
    <p class='ocr_par' dir='ltr' id='par_1_29' title="bbox 107 2722 1676 2804">
     <span class='ocr_line' id='line_1_29' title="bbox 107 2722 1676 2804; baseline -0.007 -14"><span class='ocrx_word' id='word_1_204' title='bbox 107 2737 330 2804; x_wconf 84' lang='grc' dir='ltr'>σούσης</span> <span class='ocrx_word' id='word_1_205' title='bbox 386 2734 448 2788; x_wconf 75' lang='lat'><strong>1:6</strong></span> <span class='ocrx_word' id='word_1_206' title='bbox 519 2732 743 2802; x_wconf 80' lang='grc' dir='ltr'>στερᾢ</span> <span class='ocrx_word' id='word_1_207' title='bbox 779 2731 879 2799; x_wconf 87' lang='grc' dir='ltr'><strong>τῆς</strong></span> <span class='ocrx_word' id='word_1_208' title='bbox 929 2731 1174 2800; x_wconf 86' lang='grc' dir='ltr'>γνώμης,</span> <span class='ocrx_word' id='word_1_209' title='bbox 1233 2725 1329 2798; x_wconf 73' lang='grc' dir='ltr'>καὶ</span> <span class='ocrx_word' id='word_1_210' title='bbox 1384 2722 1676 2796; x_wconf 73' lang='grc' dir='ltr'>πειθούσης</span> 
     </span>
    </p>
   </div>
   <div class='ocr_carea' id='block_1_30' title="bbox 105 2809 1677 2898">
    <p class='ocr_par' dir='ltr' id='par_1_30' title="bbox 105 2809 1677 2898">
     <span class='ocr_line' id='line_1_30' title="bbox 105 2809 1677 2898; baseline -0.008 -16"><span class='ocrx_word' id='word_1_211' title='bbox 105 2809 504 2898; x_wconf 77' lang='grc' dir='ltr'>προαιρεῖσθαι</span> <span class='ocrx_word' id='word_1_212' title='bbox 540 2823 610 2876; x_wconf 80' lang='grc' dir='ltr'>τὰ</span> <span class='ocrx_word' id='word_1_213' title='bbox 661 2814 905 2892; x_wconf 73' lang='grc' dir='ltr'>παρόντα</span> <span class='ocrx_word' id='word_1_214' title='bbox 938 2821 1046 2873; x_wconf 81' lang='grc' dir='ltr'><strong>τῶν</strong></span> <span class='ocrx_word' id='word_1_215' title='bbox 1091 2820 1415 2889; x_wconf 84' lang='grc' dir='ltr'>μελλόντων,</span> <span class='ocrx_word' id='word_1_216' title='bbox 1463 2819 1556 2871; x_wconf 81' lang='grc' dir='ltr'>καὶ</span> <span class='ocrx_word' id='word_1_217' title='bbox 1608 2817 1677 2870; x_wconf 79' lang='grc' dir='ltr'><strong>τά</strong></span> 
     </span>
    </p>
   </div>
   <div class='ocr_carea' id='block_1_31' title="bbox 104 2907 1673 2989">
    <p class='ocr_par' dir='ltr' id='par_1_31' title="bbox 104 2907 1673 2989">
     <span class='ocr_line' id='line_1_31' title="bbox 104 2907 1673 2989; baseline -0.007 -19"><span class='ocrx_word' id='word_1_218' title='bbox 104 2917 380 2989; x_wconf 81' lang='grc' dir='ltr'>ὁρώμενα</span> <span class='ocrx_word' id='word_1_219' title='bbox 422 2915 530 2970; x_wconf 80' lang='grc' dir='ltr'><strong>τῶν</strong></span> <span class='ocrx_word' id='word_1_220' title='bbox 575 2912 905 2983; x_wconf 74' lang='grc' dir='ltr'>νοουμένων,</span> <span class='ocrx_word' id='word_1_221' title='bbox 936 2911 1286 2982; x_wconf 75' lang='grc' dir='ltr'>ἐγκράτειαν,</span> <span class='ocrx_word' id='word_1_222' title='bbox 1332 2909 1466 2978; x_wconf 82' lang='grc' dir='ltr'>πρὸς</span> <span class='ocrx_word' id='word_1_223' title='bbox 1496 2907 1552 2961; x_wconf 77' lang='grc' dir='ltr'>δὲ</span> <span class='ocrx_word' id='word_1_224' title='bbox 1583 2907 1673 2974; x_wconf 73' lang='grc' dir='ltr'>φόσ</span> 
     </span>
    </p>
   </div>
   <div class='ocr_carea' id='block_1_32' title="bbox 108 2995 1677 3067">
    <p class='ocr_par' dir='ltr' id='par_1_32' title="bbox 108 2995 1677 3067">
     <span class='ocr_line' id='line_1_32' title="bbox 108 2995 1677 3067; baseline -0.008 -7"><span class='ocrx_word' id='word_1_225' title='bbox 108 3008 217 3060; x_wconf 84' lang='grc' dir='ltr'>6ου</span> <span class='ocrx_word' id='word_1_226' title='bbox 253 3005 349 3059; x_wconf 72' lang='grc' dir='ltr'>καὶ</span> <span class='ocrx_word' id='word_1_227' title='bbox 370 3005 565 3067; x_wconf 87' lang='grc' dir='ltr'>δειλίας</span> <span class='ocrx_word' id='word_1_228' title='bbox 593 3001 878 3066; x_wconf 83' lang='grc' dir='ltr'>ἀπόθεσιν,</span> <span class='ocrx_word' id='word_1_229' title='bbox 905 3001 980 3054; x_wconf 66' lang='grc' dir='ltr'><strong>διἰ</strong></span> <span class='ocrx_word' id='word_1_230' title='bbox 1000 2999 1182 3053; x_wconf 81' lang='grc' dir='ltr'>αὐτῶν</span> <span class='ocrx_word' id='word_1_231' title='bbox 1201 2999 1246 3029; x_wconf 75' lang='grc'>⁸⁸</span> <span class='ocrx_word' id='word_1_232' title='bbox 1280 2996 1379 3049; x_wconf 85' lang='grc' dir='ltr'>οὐκ</span> <span class='ocrx_word' id='word_1_233' title='bbox 1420 2995 1507 3063; x_wconf 78' lang='grc' dir='ltr'><strong>ἐφ’</strong></span> <span class='ocrx_word' id='word_1_234' title='bbox 1544 2996 1677 3064; x_wconf 79' lang='grc' dir='ltr'>ἡμῖν</span> 
     </span>
    </p>
   </div>
   <div class='ocr_carea' id='block_1_33' title="bbox 97 3084 1682 3166">
    <p class='ocr_par' dir='ltr' id='par_1_33' title="bbox 97 3084 1682 3166">
     <span class='ocr_line' id='line_1_33' title="bbox 97 3084 1682 3166; baseline -0.009 -15"><span class='ocrx_word' id='word_1_235' title='bbox 97 3098 188 3151; x_wconf 61' lang='grc' dir='ltr'><strong>τὰ</strong></span> <span class='ocrx_word' id='word_1_236' title='bbox 235 3097 515 3166; x_wconf 86' lang='grc' dir='ltr'>ἀνήκεστα</span> <span class='ocrx_word' id='word_1_237' title='bbox 546 3094 639 3146; x_wconf 72' lang='grc' dir='ltr'>καὶ</span> <span class='ocrx_word' id='word_1_238' title='bbox 663 3090 1010 3162; x_wconf 84' lang='grc' dir='ltr'>ἀνθρωπίνης</span> <span class='ocrx_word' id='word_1_239' title='bbox 1046 3084 1185 3142; x_wconf 77' lang='grc' dir='ltr'>εῖναι</span> <span class='ocrx_word' id='word_1_240' title='bbox 1215 3087 1473 3166; x_wconf 77' lang='grc' dir='ltr'>δοκοῦντα</span> <span class='ocrx_word' id='word_1_241' title='bbox 1506 3085 1682 3155; x_wconf 86' lang='grc' dir='ltr'>κρείτ-</span> 
     </span>
    </p>
   </div>
   <div class='ocr_carea' id='block_1_34' title="bbox 112 3178 1679 3254">
    <p class='ocr_par' dir='ltr' id='par_1_34' title="bbox 112 3178 1679 3254">
     <span class='ocr_line' id='line_1_34' title="bbox 112 3178 1679 3254; baseline -0.007 -12"><span class='ocrx_word' id='word_1_242' title='bbox 112 3205 252 3242; x_wconf 82' lang='grc' dir='ltr'>τονα</span> <span class='ocrx_word' id='word_1_243' title='bbox 280 3187 568 3254; x_wconf 85' lang='grc' dir='ltr'>δυνάμεως</span> <span class='ocrx_word' id='word_1_244' title='bbox 601 3181 1025 3252; x_wconf 73' lang='grc' dir='ltr'>ὑποτιθεμένων,</span> <span class='ocrx_word' id='word_1_245' title='bbox 1050 3180 1143 3233; x_wconf 80' lang='grc' dir='ltr'>καὶ</span> <span class='ocrx_word' id='word_1_246' title='bbox 1191 3179 1280 3250; x_wconf 81' lang='grc' dir='ltr'>βίᾳ</span> <span class='ocrx_word' id='word_1_247' title='bbox 1326 3180 1544 3249; x_wconf 72' lang='grc' dir='ltr'>κρατεῖν</span> <span class='ocrx_word' id='word_1_248' title='bbox 1590 3178 1679 3231; x_wconf 78' lang='grc' dir='ltr'>διὰ</span> 
     </span>
    </p>
   </div>
   <div class='ocr_carea' id='block_1_35' title="bbox 109 3266 1677 3349">
    <p class='ocr_par' dir='ltr' id='par_1_35' title="bbox 109 3266 1677 3349">
     <span class='ocr_line' id='line_1_35' title="bbox 109 3266 1677 3349; baseline -0.007 -16"><span class='ocrx_word' id='word_1_249' title='bbox 109 3279 225 3349; x_wconf 84' lang='grc' dir='ltr'><strong>τῆς</strong></span> <span class='ocrx_word' id='word_1_250' title='bbox 252 3277 362 3329; x_wconf 84' lang='grc' dir='ltr'><strong>τῶν</strong></span> <span class='ocrx_word' id='word_1_251' title='bbox 399 3272 645 3346; x_wconf 74' lang='grc' dir='ltr'>φοϐερῶν</span> <span class='ocrx_word' id='word_1_252' title='bbox 681 3272 978 3340; x_wconf 68' lang='grc' dir='ltr'>ἐπαγωγῆς</span> <span class='ocrx_word' id='word_1_253' title='bbox 1005 3269 1100 3323; x_wconf 88' lang='grc' dir='ltr'><strong>τοῦ</strong></span> <span class='ocrx_word' id='word_1_254' title='bbox 1123 3267 1394 3339; x_wconf 84' lang='grc' dir='ltr'>σώφρονος</span> <span class='ocrx_word' id='word_1_255' title='bbox 1418 3266 1677 3340; x_wconf 77' lang='grc' dir='ltr'>λογισμοῦ</span> 
     </span>
    </p>
   </div>
   <div class='ocr_carea' id='block_1_36' title="bbox 116 3350 1679 3443">
    <p class='ocr_par' dir='ltr' id='par_1_36' title="bbox 116 3350 1679 3443">
     <span class='ocr_line' id='line_1_36' title="bbox 116 3350 1679 3443; baseline -0.006 -22"><span class='ocrx_word' id='word_1_256' title='bbox 116 3367 573 3443; x_wconf 74' lang='grc' dir='ltr'>μηχανωμένων,</span> <span class='ocrx_word' id='word_1_257' title='bbox 597 3363 870 3434; x_wconf 79' lang='grc' dir='ltr'>ὑπομονὴν</span> <span class='ocrx_word' id='word_1_258' title='bbox 914 3363 1024 3416; x_wconf 64' lang='grc' dir='ltr'>καὶ</span> <span class='ocrx_word' id='word_1_259' title='bbox 1054 3361 1152 3432; x_wconf 83' lang='grc' dir='ltr'>τὴν</span> <span class='ocrx_word' id='word_1_260' title='bbox 1201 3363 1276 3415; x_wconf 70' lang='grc' dir='ltr'><strong>ὲκι</strong></span> <span class='ocrx_word' id='word_1_261' title='bbox 1304 3350 1508 3415; x_wconf 82' lang='grc' dir='ltr'>τούτων</span> <span class='ocrx_word' id='word_1_262' title='bbox 1541 3378 1679 3430; x_wconf 86' lang='grc' dir='ltr'>συμ-</span> 
     </span>
    </p>
   </div>
   <div class='ocr_carea' id='block_1_37' title="bbox 116 3454 1683 3533">
    <p class='ocr_par' dir='ltr' id='par_1_37' title="bbox 116 3454 1683 3533">
     <span class='ocr_line' id='line_1_37' title="bbox 116 3454 1683 3533; baseline -0.009 -16"><span class='ocrx_word' id='word_1_263' title='bbox 116 3461 520 3533; x_wconf 79' lang='grc' dir='ltr'>πληρουμένην-</span> <span class='ocrx_word' id='word_1_264' title='bbox 539 3459 779 3529; x_wconf 84' lang='grc' dir='ltr'>ἀνδρίαν,</span> <span class='ocrx_word' id='word_1_265' title='bbox 856 3456 954 3526; x_wconf 83' lang='grc' dir='ltr'>τὴν</span> <span class='ocrx_word' id='word_1_266' title='bbox 991 3455 1125 3523; x_wconf 82' lang='grc' dir='ltr'>πρὸς</span> <span class='ocrx_word' id='word_1_267' title='bbox 1159 3456 1340 3506; x_wconf 79' lang='grc' dir='ltr'>πᾶσαν</span> <span class='ocrx_word' id='word_1_268' title='bbox 1363 3454 1553 3522; x_wconf 80' lang='grc' dir='ltr'>ἡδονὴν</span> <span class='ocrx_word' id='word_1_269' title='bbox 1577 3454 1683 3504; x_wconf 86' lang='grc' dir='ltr'><strong>τῶν</strong></span> 
     </span>
    </p>
   </div>
   <div class='ocr_carea' id='block_1_38' title="bbox 111 3539 1682 3620">
    <p class='ocr_par' dir='ltr' id='par_1_38' title="bbox 111 3539 1682 3620">
     <span class='ocr_line' id='line_1_38' title="bbox 111 3539 1682 3620; baseline -0.009 -16"><span class='ocrx_word' id='word_1_270' title='bbox 111 3554 208 3620; x_wconf 80' lang='grc' dir='ltr'><strong>ἐφ’</strong></span> <span class='ocrx_word' id='word_1_271' title='bbox 240 3551 376 3620; x_wconf 81' lang='grc' dir='ltr'>ἡμῖν</span> <span class='ocrx_word' id='word_1_272' title='bbox 398 3549 491 3599; x_wconf 69' lang='grc' dir='ltr'><strong>κα)⁸</strong></span> <span class='ocrx_word' id='word_1_273' title='bbox 520 3545 716 3614; x_wconf 79' lang='grc' dir='ltr'>ὀδύνην</span> <span class='ocrx_word' id='word_1_274' title='bbox 736 3544 844 3596; x_wconf 86' lang='grc' dir='ltr'><strong>τῶν</strong></span> <span class='ocrx_word' id='word_1_275' title='bbox 880 3543 982 3594; x_wconf 82' lang='grc' dir='ltr'>οὐκ</span> <span class='ocrx_word' id='word_1_276' title='bbox 1016 3541 1101 3609; x_wconf 75' lang='grc' dir='ltr'><strong>ἐφ’</strong></span> <span class='ocrx_word' id='word_1_277' title='bbox 1127 3542 1257 3608; x_wconf 81' lang='grc' dir='ltr'>ἡμῖν</span> <span class='ocrx_word' id='word_1_278' title='bbox 1284 3539 1562 3592; x_wconf 82' lang='grc' dir='ltr'>ἀνένδοτον</span> <span class='ocrx_word' id='word_1_279' title='bbox 1589 3540 1682 3591; x_wconf 80' lang='grc' dir='ltr'>καὶ</span> 
     </span>
    </p>
   </div>
   <div class='ocr_carea' id='block_1_39' title="bbox 110 3626 1684 3708">
    <p class='ocr_par' dir='ltr' id='par_1_39' title="bbox 110 3626 1684 3708">
     <span class='ocr_line' id='line_1_39' title="bbox 110 3626 1684 3708; baseline -0.009 -16"><span class='ocrx_word' id='word_1_280' title='bbox 110 3640 394 3708; x_wconf 78' lang='grc' dir='ltr'>ἀήττητον</span> <span class='ocrx_word' id='word_1_281' title='bbox 419 3634 550 3701; x_wconf 75' lang='grc' dir='ltr'>ἕξιν.</span> <span class='ocrx_word' id='word_1_282' title='bbox 573 3629 988 3699; x_wconf 79' lang='grc' dir='ltr'>Κνηθομένους</span> <span class='ocrx_word' id='word_1_283' title='bbox 1014 3629 1071 3682; x_wconf 78' lang='grc' dir='ltr'>δὲ</span> <span class='ocrx_word' id='word_1_284' title='bbox 1093 3627 1208 3695; x_wconf 80' lang='grc' dir='ltr'><strong>τὴν</strong></span> <span class='ocrx_word' id='word_1_285' title='bbox 1233 3627 1426 3694; x_wconf 73' lang='grc' dir='ltr'>ἀκοὴν</span> <span class='ocrx_word' id='word_1_286' title='bbox 1454 3627 1550 3680; x_wconf 80' lang='grc' dir='ltr'>καὶ</span> <span class='ocrx_word' id='word_1_287' title='bbox 1571 3626 1684 3694; x_wconf 79' lang='grc' dir='ltr'><strong>τὴν</strong></span> 
     </span>
    </p>
   </div>
   <div class='ocr_carea' id='block_1_40' title="bbox 114 3708 1685 3797">
    <p class='ocr_par' dir='ltr' id='par_1_40' title="bbox 114 3708 1685 3797">
     <span class='ocr_line' id='line_1_40' title="bbox 114 3708 1685 3797; baseline -0.008 -15"><span class='ocrx_word' id='word_1_288' title='bbox 114 3727 420 3797; x_wconf 74' lang='grc' dir='ltr'>γλῶσσαν</span> <span class='ocrx_word' id='word_1_289' title='bbox 469 3723 725 3777; x_wconf 75' lang='grc' dir='ltr'>ἐκάλεσεν</span> <span class='ocrx_word' id='word_1_290' title='bbox 770 3722 799 3773; x_wconf 92' lang='lat'><strong>6</strong></span> <span class='ocrx_word' id='word_1_291' title='bbox 847 3718 1163 3781; x_wconf 85' lang='grc' dir='ltr'>διδάσκαλος</span> <span class='ocrx_word' id='word_1_292' title='bbox 1211 3718 1334 3779; x_wconf 82' lang='grc' dir='ltr'>τοὺς</span> <span class='ocrx_word' id='word_1_293' title='bbox 1381 3708 1508 3786; x_wconf 71' lang='grc' dir='ltr'>περὶ</span> <span class='ocrx_word' id='word_1_294' title='bbox 1555 3710 1628 3772; x_wconf 82' lang='grc' dir='ltr'>ὧν</span> <span class='ocrx_word' id='word_1_295' title='bbox 1656 3719 1685 3769; x_wconf 88' lang='lat'><strong>6</strong></span> 
     </span>
    </p>
   </div>
   <div class='ocr_carea' id='block_1_41' title="bbox 112 3803 1684 3886">
    <p class='ocr_par' dir='ltr' id='par_1_41' title="bbox 112 3803 1684 3886">
     <span class='ocr_line' id='line_1_41' title="bbox 112 3803 1684 3886; baseline -0.006 -16"><span class='ocrx_word' id='word_1_296' title='bbox 112 3820 308 3884; x_wconf 74' lang='grc' dir='ltr'>λόγος,</span> <span class='ocrx_word' id='word_1_297' title='bbox 337 3815 524 3886; x_wconf 78' lang='grc' dir='ltr'>ἐπειδὴ</span> <span class='ocrx_word' id='word_1_298' title='bbox 554 3817 662 3877; x_wconf 81' lang='grc' dir='ltr'><strong>πᾶς</strong></span> <span class='ocrx_word' id='word_1_299' title='bbox 695 3813 851 3880; x_wconf 85' lang='grc' dir='ltr'>λόγος</span> <span class='ocrx_word' id='word_1_300' title='bbox 881 3803 969 3865; x_wconf 72' lang='grc' dir='ltr'><strong>διὰ</strong></span> <span class='ocrx_word' id='word_1_301' title='bbox 1006 3808 1256 3879; x_wconf 84' lang='grc' dir='ltr'>γλώσσης</span> <span class='ocrx_word' id='word_1_302' title='bbox 1298 3808 1584 3862; x_wconf 85' lang='grc' dir='ltr'>καλεῖσθαί</span> <span class='ocrx_word' id='word_1_303' title='bbox 1625 3825 1684 3860; x_wconf 85' lang='grc' dir='ltr'><strong>τε</strong></span> 
     </span>
    </p>
   </div>
   <div class='ocr_carea' id='block_1_42' title="bbox 118 3887 1686 3975">
    <p class='ocr_par' dir='ltr' id='par_1_42' title="bbox 118 3887 1686 3975">
     <span class='ocr_line' id='line_1_42' title="bbox 118 3887 1686 3975; baseline -0.008 -12"><span class='ocrx_word' id='word_1_304' title='bbox 118 3909 224 3963; x_wconf 79' lang='grc' dir='ltr'>καὶ</span> <span class='ocrx_word' id='word_1_305' title='bbox 268 3905 637 3975; x_wconf 80' lang='grc' dir='ltr'>προφέρεσθαι</span> <span class='ocrx_word' id='word_1_306' title='bbox 685 3905 780 3958; x_wconf 79' lang='grc' dir='ltr'>καὶ</span> <span class='ocrx_word' id='word_1_307' title='bbox 827 3904 895 3957; x_wconf 86' lang='grc' dir='ltr'><strong>δι’</strong></span> <span class='ocrx_word' id='word_1_308' title='bbox 929 3902 1100 3971; x_wconf 83' lang='grc' dir='ltr'>ἀκοῆς</span> <span class='ocrx_word' id='word_1_309' title='bbox 1143 3899 1438 3953; x_wconf 88' lang='grc' dir='ltr'>ἀκούεσθαί</span> <span class='ocrx_word' id='word_1_310' title='bbox 1485 3916 1546 3952; x_wconf 85' lang='grc' dir='ltr'><strong>τε</strong></span> <span class='ocrx_word' id='word_1_311' title='bbox 1591 3887 1686 3952; x_wconf 67' lang='grc' dir='ltr'><strong>καὶ</strong></span> 
     </span>
    </p>
   </div>
   <div class='ocr_carea' id='block_1_43' title="bbox 125 3982 1687 4068">
    <p class='ocr_par' dir='ltr' id='par_1_43' title="bbox 125 3982 1687 4068">
     <span class='ocr_line' id='line_1_43' title="bbox 125 3982 1687 4068; baseline -0.005 -18"><span class='ocrx_word' id='word_1_312' title='bbox 125 3982 502 4068; x_wconf 83' lang='grc' dir='ltr'>μανθάνεσθαι</span> <span class='ocrx_word' id='word_1_313' title='bbox 544 3995 811 4062; x_wconf 81' lang='grc' dir='ltr'>πέφυκεν.</span> <span class='ocrx_word' id='word_1_314' title='bbox 841 3991 907 4045; x_wconf 76' lang='lat' dir='ltr'><strong>Ei</strong></span> <span class='ocrx_word' id='word_1_315' title='bbox 944 3992 1001 4044; x_wconf 75' lang='grc' dir='ltr'>δὲ</span> <span class='ocrx_word' id='word_1_316' title='bbox 1033 3991 1127 4045; x_wconf 75' lang='grc' dir='ltr'>καὶ</span> <span class='ocrx_word' id='word_1_317' title='bbox 1159 3989 1278 4043; x_wconf 88' lang='grc' dir='ltr'>κατ’</span> <span class='ocrx_word' id='word_1_318' title='bbox 1308 3989 1475 4057; x_wconf 79' lang='grc' dir='ltr'>ἄλλην</span> <span class='ocrx_word' id='word_1_319' title='bbox 1504 3989 1687 4047; x_wconf 65' lang='grc' dir='ltr'>ἐπιϐο-</span> 
     </span>
    </p>
   </div>
   <div class='ocr_carea' id='block_1_44' title="bbox 123 4080 1686 4157">
    <p class='ocr_par' dir='ltr' id='par_1_44' title="bbox 123 4080 1686 4157">
     <span class='ocr_line' id='line_1_44' title="bbox 123 4080 1686 4157; baseline -0.006 -16"><span class='ocrx_word' id='word_1_320' title='bbox 123 4090 225 4157; x_wconf 81' lang='grc' dir='ltr'>λὴν</span> <span class='ocrx_word' id='word_1_321' title='bbox 246 4081 566 4154; x_wconf 71' lang='grc' dir='ltr'>ἐκδέχεσθαι</span> <span class='ocrx_word' id='word_1_322' title='bbox 615 4083 915 4154; x_wconf 76' lang='grc' dir='ltr'>θελήσομιν</span> <span class='ocrx_word' id='word_1_323' title='bbox 947 4082 1008 4135; x_wconf 85' lang='grc' dir='ltr'>τὸ</span> <span class='ocrx_word' id='word_1_324' title='bbox 1045 4081 1356 4150; x_wconf 82' lang='grc' dir='ltr'>λεγόμενον,</span> <span class='ocrx_word' id='word_1_325' title='bbox 1386 4080 1686 4147; x_wconf 80' lang='grc' dir='ltr'>Κνηθόμε-</span> 
     </span>
    </p>
   </div>
   <div class='ocr_carea' id='block_1_45' title="bbox 122 4170 1689 4245">
    <p class='ocr_par' dir='ltr' id='par_1_45' title="bbox 122 4170 1689 4245">
     <span class='ocr_line' id='line_1_45' title="bbox 122 4170 1689 4245; baseline -0.008 -11"><span class='ocrx_word' id='word_1_326' title='bbox 122 4198 222 4234; x_wconf 71' lang='lat' dir='ltr'><strong>rat</strong></span> <span class='ocrx_word' id='word_1_327' title='bbox 253 4178 371 4245; x_wconf 79' lang='grc' dir='ltr'><strong>τὴν</strong></span> <span class='ocrx_word' id='word_1_328' title='bbox 403 4177 596 4242; x_wconf 73' lang='grc' dir='ltr'>ἀκοὴν</span> <span class='ocrx_word' id='word_1_329' title='bbox 636 4173 732 4226; x_wconf 78' lang='grc' dir='ltr'>καὶ</span> <span class='ocrx_word' id='word_1_330' title='bbox 777 4173 892 4240; x_wconf 76' lang='grc' dir='ltr'><strong>τὴν</strong></span> <span class='ocrx_word' id='word_1_331' title='bbox 919 4173 1225 4242; x_wconf 71' lang='grc' dir='ltr'>γλῶσσαν,</span> <span class='ocrx_word' id='word_1_332' title='bbox 1253 4170 1414 4240; x_wconf 80' lang='grc' dir='ltr'>τυχὸν</span> <span class='ocrx_word' id='word_1_333' title='bbox 1446 4170 1496 4221; x_wconf 79' lang='lat' dir='ltr'><strong>oi</strong></span> <span class='ocrx_word' id='word_1_334' title='bbox 1529 4170 1689 4245; x_wconf 83' lang='grc' dir='ltr'>μόνον</span> 
     </span>
    </p>
   </div>
   <div class='ocr_carea' id='block_1_46' title="bbox 121 4243 1688 4334">
    <p class='ocr_par' dir='ltr' id='par_1_46' title="bbox 121 4243 1688 4334">
     <span class='ocr_line' id='line_1_46' title="bbox 121 4243 1688 4334; baseline -0.004 -18"><span class='ocrx_word' id='word_1_335' title='bbox 121 4267 269 4334; x_wconf 77' lang='grc' dir='ltr'>πρὸς</span> <span class='ocrx_word' id='word_1_336' title='bbox 310 4243 478 4333; x_wconf 63' lang='grc' dir='ltr'>ψόγον</span> <span class='ocrx_word' id='word_1_337' title='bbox 513 4261 607 4316; x_wconf 79' lang='grc' dir='ltr'>καὶ</span> <span class='ocrx_word' id='word_1_338' title='bbox 647 4262 747 4328; x_wconf 86' lang='grc' dir='ltr'><strong>τῆς</strong></span> <span class='ocrx_word' id='word_1_339' title='bbox 781 4260 900 4314; x_wconf 86' lang='grc' dir='ltr'>κατ’</span> <span class='ocrx_word' id='word_1_340' title='bbox 936 4259 1112 4313; x_wconf 80' lang='grc' dir='ltr'>ἀλλων</span> <span class='ocrx_word' id='word_1_341' title='bbox 1159 4258 1410 4327; x_wconf 78' lang='grc' dir='ltr'>διαδολῆς</span> <span class='ocrx_word' id='word_1_342' title='bbox 1450 4257 1483 4326; x_wconf 78' lang='grc' dir='ltr'>ἢ</span> <span class='ocrx_word' id='word_1_343' title='bbox 1528 4243 1688 4310; x_wconf 61' lang='grc' dir='ltr'>λοιδοὲ</span> 
     </span>
    </p>
   </div>
   <div class='ocr_carea' id='block_1_47' title="bbox 125 4336 1687 4423">
    <p class='ocr_par' dir='ltr' id='par_1_47' title="bbox 125 4336 1687 4423">
     <span class='ocr_line' id='line_1_47' title="bbox 125 4336 1687 4423; baseline -0.004 -17"><span class='ocrx_word' id='word_1_344' title='bbox 125 4357 262 4423; x_wconf 83' lang='grc' dir='ltr'><strong>ρίας</strong></span> <span class='ocrx_word' id='word_1_345' title='bbox 305 4353 527 4406; x_wconf 77' lang='grc' dir='ltr'>ἀκούειν</span> <span class='ocrx_word' id='word_1_346' title='bbox 557 4369 620 4405; x_wconf 85' lang='grc' dir='ltr'><strong>τε</strong></span> <span class='ocrx_word' id='word_1_347' title='bbox 659 4352 752 4405; x_wconf 72' lang='grc' dir='ltr'>καὶ</span> <span class='ocrx_word' id='word_1_348' title='bbox 784 4347 966 4402; x_wconf 79' lang='grc' dir='ltr'>καλεῖν</span> <span class='ocrx_word' id='word_1_349' title='bbox 1011 4336 1468 4420; x_wconf 85' lang='grc' dir='ltr'>προθυμούμενοι,</span> <span class='ocrx_word' id='word_1_350' title='bbox 1500 4349 1594 4401; x_wconf 73' lang='grc' dir='ltr'>καὶ</span> <span class='ocrx_word' id='word_1_351' title='bbox 1627 4348 1687 4400; x_wconf 84' lang='grc' dir='ltr'>τὸ</span> 
     </span>
    </p>
   </div>
   <div class='ocr_carea' id='block_1_48' title="bbox 122 4439 1689 4512">
    <p class='ocr_par' dir='ltr' id='par_1_48' title="bbox 122 4439 1689 4512">
     <span class='ocr_line' id='line_1_48' title="bbox 122 4439 1689 4512; baseline -0.007 -12"><span class='ocrx_word' id='word_1_352' title='bbox 122 4443 282 4500; x_wconf 76' lang='grc' dir='ltr'>κατὰ</span> <span class='ocrx_word' id='word_1_353' title='bbox 315 4445 513 4508; x_wconf 80' lang='grc' dir='ltr'>παντὸς</span> <span class='ocrx_word' id='word_1_354' title='bbox 555 4442 778 4512; x_wconf 81' lang='grc' dir='ltr'>ἀμαθῶς</span> <span class='ocrx_word' id='word_1_355' title='bbox 824 4439 1142 4509; x_wconf 67' lang='grc' dir='ltr'>ἐπαίρεσθαι</span> <span class='ocrx_word' id='word_1_356' title='bbox 1175 4440 1332 4508; x_wconf 89' lang='grc' dir='ltr'>λόγου</span> <span class='ocrx_word' id='word_1_357' title='bbox 1369 4458 1426 4494; x_wconf 90' lang='grc' dir='ltr'><strong>τε</strong></span> <span class='ocrx_word' id='word_1_358' title='bbox 1476 4439 1572 4493; x_wconf 76' lang='grc' dir='ltr'>καὶ</span> <span class='ocrx_word' id='word_1_359' title='bbox 1600 4441 1689 4490; x_wconf 72' lang='lat' dir='ltr'><strong>6v-</strong></span> 
     </span>
    </p>
   </div>
   <div class='ocr_carea' id='block_1_49' title="bbox 1773 664 3325 720">
    <p class='ocr_par' dir='ltr' id='par_1_49' title="bbox 1773 664 3325 720">
     <span class='ocr_line' id='line_1_49' title="bbox 1773 664 3325 720; baseline -0.001 -3"><span class='ocrx_word' id='word_1_360' title='bbox 1773 673 1972 718; x_wconf 89' lang='lat' dir='ltr'><strong>novata</strong></span> <span class='ocrx_word' id='word_1_361' title='bbox 1994 666 2145 719; x_wconf 79' lang='lat' dir='ltr'><strong>velut</strong></span> <span class='ocrx_word' id='word_1_362' title='bbox 2173 673 2362 719; x_wconf 87' lang='lat' dir='ltr'><strong>contra</strong></span> <span class='ocrx_word' id='word_1_363' title='bbox 2397 665 2639 720; x_wconf 90' lang='lat' dir='ltr'><strong>obsoleta</strong></span> <span class='ocrx_word' id='word_1_364' title='bbox 2671 674 2726 719; x_wconf 93' lang='lat' dir='ltr'><strong>et</strong></span> <span class='ocrx_word' id='word_1_365' title='bbox 2759 664 2886 720; x_wconf 91' lang='lat' dir='ltr'><strong>trita</strong></span> <span class='ocrx_word' id='word_1_366' title='bbox 2915 672 2970 719; x_wconf 91' lang='lat' dir='ltr'><strong>et</strong></span> <span class='ocrx_word' id='word_1_367' title='bbox 2992 665 3121 718; x_wconf 83' lang='lat' dir='ltr'><strong>vilia</strong></span> <span class='ocrx_word' id='word_1_368' title='bbox 3155 665 3325 718; x_wconf 91' lang='lat' dir='ltr'><strong>insur-</strong></span> 
     </span>
    </p>
   </div>
   <div class='ocr_carea' id='block_1_50' title="bbox 1773 741 3334 825">
    <p class='ocr_par' dir='ltr' id='par_1_50' title="bbox 1773 741 3334 825">
     <span class='ocr_line' id='line_1_50' title="bbox 1773 741 3334 825; baseline -0.001 -16"><span class='ocrx_word' id='word_1_369' title='bbox 1773 766 1919 825; x_wconf 83' lang='lat' dir='ltr'><strong>gant,</strong></span> <span class='ocrx_word' id='word_1_370' title='bbox 1949 756 2086 812; x_wconf 91' lang='lat' dir='ltr'><strong>adeo</strong></span> <span class='ocrx_word' id='word_1_371' title='bbox 2119 765 2178 810; x_wconf 92' lang='lat' dir='ltr'><strong>ut</strong></span> <span class='ocrx_word' id='word_1_372' title='bbox 2210 757 2536 821; x_wconf 84' lang='lat' dir='ltr'><strong>recentiora,</strong></span> <span class='ocrx_word' id='word_1_373' title='bbox 2562 757 2646 811; x_wconf 86' lang='lat' dir='ltr'><strong>vel</strong></span> <span class='ocrx_word' id='word_1_374' title='bbox 2680 756 2725 810; x_wconf 89' lang='lat' dir='ltr'><strong>si</strong></span> <span class='ocrx_word' id='word_1_375' title='bbox 2760 741 3044 810; x_wconf 83' lang='lat' dir='ltr'><strong>mendacia</strong></span> <span class='ocrx_word' id='word_1_376' title='bbox 3077 757 3206 820; x_wconf 89' lang='lat' dir='ltr'><strong>sint,</strong></span> <span class='ocrx_word' id='word_1_377' title='bbox 3236 769 3334 808; x_wconf 89' lang='lat' dir='ltr'><strong>ne-</strong></span> 
     </span>
    </p>
   </div>
   <div class='ocr_carea' id='block_1_51' title="bbox 1772 844 3329 915">
    <p class='ocr_par' dir='ltr' id='par_1_51' title="bbox 1772 844 3329 915">
     <span class='ocr_line' id='line_1_51' title="bbox 1772 844 3329 915; baseline -0.003 -14"><span class='ocrx_word' id='word_1_378' title='bbox 1772 861 1879 915; x_wconf 89' lang='lat' dir='ltr'><strong>que</strong></span> <span class='ocrx_word' id='word_1_379' title='bbox 1915 848 2026 901; x_wconf 91' lang='lat' dir='ltr'><strong>ulla</strong></span> <span class='ocrx_word' id='word_1_380' title='bbox 2061 846 2186 901; x_wconf 91' lang='lat' dir='ltr'><strong>inde</strong></span> <span class='ocrx_word' id='word_1_381' title='bbox 2221 848 2276 900; x_wconf 93' lang='lat' dir='ltr'><strong>in</strong></span> <span class='ocrx_word' id='word_1_382' title='bbox 2311 846 2548 900; x_wconf 86' lang='lat' dir='ltr'><strong>animam</strong></span> <span class='ocrx_word' id='word_1_383' title='bbox 2583 845 2792 900; x_wconf 89' lang='lat' dir='ltr'><strong>utilitas</strong></span> <span class='ocrx_word' id='word_1_384' title='bbox 2827 844 3117 909; x_wconf 90' lang='lat' dir='ltr'><strong>redundet,</strong></span> <span class='ocrx_word' id='word_1_385' title='bbox 3151 853 3329 897; x_wconf 89' lang='lat' dir='ltr'><strong>tamen</strong></span> 
     </span>
    </p>
   </div>
   <div class='ocr_carea' id='block_1_52' title="bbox 1772 933 3327 1006">
    <p class='ocr_par' dir='ltr' id='par_1_52' title="bbox 1772 933 3327 1006">
     <span class='ocr_line' id='line_1_52' title="bbox 1772 933 3327 1006; baseline -0.003 -14"><span class='ocrx_word' id='word_1_386' title='bbox 1772 938 2025 992; x_wconf 83' lang='lat' dir='ltr'><strong>lubenter</strong></span> <span class='ocrx_word' id='word_1_387' title='bbox 2079 937 2362 1006; x_wconf 86' lang='lat' dir='ltr'><strong>recipiant.</strong></span> <span class='ocrx_word' id='word_1_388' title='bbox 2415 936 2624 990; x_wconf 70' lang='lat' dir='ltr'><strong>Animae</strong></span> <span class='ocrx_word' id='word_1_389' title='bbox 2675 936 2976 1005; x_wconf 70' lang='lat' dir='ltr'><strong>praesertim</strong></span> <span class='ocrx_word' id='word_1_390' title='bbox 3037 933 3327 988; x_wconf 92' lang='lat' dir='ltr'><strong>commodo</strong></span> 
     </span>
    </p>
   </div>
   <div class='ocr_carea' id='block_1_53' title="bbox 1772 1023 3325 1097">
    <p class='ocr_par' dir='ltr' id='par_1_53' title="bbox 1772 1023 3325 1097">
     <span class='ocr_line' id='line_1_53' title="bbox 1772 1023 3325 1097; baseline -0.004 -15"><span class='ocrx_word' id='word_1_391' title='bbox 1772 1029 1953 1082; x_wconf 89' lang='lat' dir='ltr'><strong>omnis</strong></span> <span class='ocrx_word' id='word_1_392' title='bbox 1996 1029 2122 1097; x_wconf 86' lang='lat' dir='ltr'><strong>pius</strong></span> <span class='ocrx_word' id='word_1_393' title='bbox 2166 1036 2223 1082; x_wconf 91' lang='lat' dir='ltr'><strong>et</strong></span> <span class='ocrx_word' id='word_1_394' title='bbox 2265 1042 2447 1082; x_wconf 89' lang='lat' dir='ltr'><strong>sermo</strong></span> <span class='ocrx_word' id='word_1_395' title='bbox 2491 1035 2547 1081; x_wconf 90' lang='lat' dir='ltr'><strong>et</strong></span> <span class='ocrx_word' id='word_1_396' title='bbox 2587 1026 2741 1080; x_wconf 90' lang='lat' dir='ltr'><strong>labor</strong></span> <span class='ocrx_word' id='word_1_397' title='bbox 2782 1025 3035 1080; x_wconf 87' lang='lat' dir='ltr'><strong>salutaris</strong></span> <span class='ocrx_word' id='word_1_398' title='bbox 3077 1023 3325 1095; x_wconf 71' lang='lat' dir='ltr'><strong>praedica-</strong></span> 
     </span>
    </p>
   </div>
   <div class='ocr_carea' id='block_1_54' title="bbox 1774 1113 3332 1189">
    <p class='ocr_par' dir='ltr' id='par_1_54' title="bbox 1774 1113 3332 1189">
     <span class='ocr_line' id='line_1_54' title="bbox 1774 1113 3332 1189; baseline -0.003 -22"><span class='ocrx_word' id='word_1_399' title='bbox 1774 1122 1882 1180; x_wconf 90' lang='lat' dir='ltr'><strong>tur,</strong></span> <span class='ocrx_word' id='word_1_400' title='bbox 1915 1115 2301 1181; x_wconf 86' lang='lat' dir='ltr'><strong>conscribitur,</strong></span> <span class='ocrx_word' id='word_1_401' title='bbox 2332 1123 2650 1182; x_wconf 85' lang='lat' dir='ltr'><strong>accuratur;</strong></span> <span class='ocrx_word' id='word_1_402' title='bbox 2691 1128 2922 1189; x_wconf 73' lang='lat' dir='ltr'><strong>quorum</strong></span> <span class='ocrx_word' id='word_1_403' title='bbox 2967 1113 3104 1167; x_wconf 86' lang='lat' dir='ltr'><strong>alter</strong></span> <span class='ocrx_word' id='word_1_404' title='bbox 3145 1119 3332 1165; x_wconf 90' lang='lat' dir='ltr'><strong>contra</strong></span> 
     </span>
    </p>
   </div>
   <div class='ocr_carea' id='block_1_55' title="bbox 1775 1201 3331 1273">
    <p class='ocr_par' dir='ltr' id='par_1_55' title="bbox 1775 1201 3331 1273">
     <span class='ocr_line' id='line_1_55' title="bbox 1775 1201 3331 1273; baseline -0.004 -16"><span class='ocrx_word' id='word_1_405' title='bbox 1775 1201 2170 1273; x_wconf 78' lang='lat' dir='ltr'><strong>ignorantiam,</strong></span> <span class='ocrx_word' id='word_1_406' title='bbox 2225 1202 2364 1257; x_wconf 81' lang='lat' dir='ltr'><strong>alter</strong></span> <span class='ocrx_word' id='word_1_407' title='bbox 2416 1211 2605 1256; x_wconf 90' lang='lat' dir='ltr'><strong>contra</strong></span> <span class='ocrx_word' id='word_1_408' title='bbox 2660 1201 2994 1268; x_wconf 89' lang='lat' dir='ltr'><strong>voluptatem</strong></span> <span class='ocrx_word' id='word_1_409' title='bbox 3057 1207 3331 1261; x_wconf 87' lang='lat' dir='ltr'><strong>armatur,</strong></span> 
     </span>
    </p>
   </div>
   <div class='ocr_carea' id='block_1_56' title="bbox 1775 1287 3439 1357">
    <p class='ocr_par' dir='ltr' id='par_1_56' title="bbox 1775 1287 3439 1357">
     <span class='ocr_line' id='line_1_56' title="bbox 1775 1287 3439 1357; baseline -0.003 -12"><span class='ocrx_word' id='word_1_410' title='bbox 1775 1293 1913 1346; x_wconf 91' lang='lat' dir='ltr'><strong>alter</strong></span> <span class='ocrx_word' id='word_1_411' title='bbox 1943 1300 2003 1345; x_wconf 92' lang='lat' dir='ltr'><strong>ut</strong></span> <span class='ocrx_word' id='word_1_412' title='bbox 2035 1290 2266 1344; x_wconf 81' lang='lat' dir='ltr'><strong>infirmis</strong></span> <span class='ocrx_word' id='word_1_413' title='bbox 2297 1300 2353 1343; x_wconf 91' lang='lat' dir='ltr'><strong>et</strong></span> <span class='ocrx_word' id='word_1_414' title='bbox 2385 1289 2594 1342; x_wconf 90' lang='lat' dir='ltr'><strong>mutilis</strong></span> <span class='ocrx_word' id='word_1_415' title='bbox 2627 1288 2820 1342; x_wconf 69' lang='lat' dir='ltr'><strong>animae</strong></span> <span class='ocrx_word' id='word_1_416' title='bbox 2851 1288 3098 1357; x_wconf 89' lang='lat' dir='ltr'><strong>partibus</strong></span> <span class='ocrx_word' id='word_1_417' title='bbox 3135 1287 3337 1342; x_wconf 84' lang='lat' dir='ltr'><strong>excisis</strong></span> <span class='ocrx_word' id='word_1_418' title='bbox 3436 1346 3439 1348; x_wconf 97' lang='lat'><em>_</em></span> 
     </span>
    </p>
   </div>
   <div class='ocr_carea' id='block_1_57' title="bbox 1773 1373 3337 1450">
    <p class='ocr_par' dir='ltr' id='par_1_57' title="bbox 1773 1373 3337 1450">
     <span class='ocr_line' id='line_1_57' title="bbox 1773 1373 3337 1450; baseline -0.004 -13"><span class='ocrx_word' id='word_1_419' title='bbox 1773 1397 1870 1437; x_wconf 91' lang='lat' dir='ltr'><strong>eos</strong></span> <span class='ocrx_word' id='word_1_420' title='bbox 1901 1382 1997 1450; x_wconf 89' lang='lat' dir='ltr'><strong>qui</strong></span> <span class='ocrx_word' id='word_1_421' title='bbox 2029 1396 2129 1450; x_wconf 90' lang='lat' dir='ltr'><strong>per</strong></span> <span class='ocrx_word' id='word_1_422' title='bbox 2158 1379 2526 1449; x_wconf 74' lang='lat' dir='ltr'><strong>cognitionem</strong></span> <span class='ocrx_word' id='word_1_423' title='bbox 2554 1378 2841 1432; x_wconf 82' lang='lat' dir='ltr'><strong>veritatem</strong></span> <span class='ocrx_word' id='word_1_424' title='bbox 2874 1373 3337 1444; x_wconf 82' lang='lat' dir='ltr'><strong>habentideoque</strong></span> 
     </span>
    </p>
   </div>
   <div class='ocr_carea' id='block_1_58' title="bbox 1775 1455 3337 1541">
    <p class='ocr_par' dir='ltr' id='par_1_58' title="bbox 1775 1455 3337 1541">
     <span class='ocr_line' id='line_1_58' title="bbox 1775 1455 3337 1541; baseline -0.005 -15"><span class='ocrx_word' id='word_1_425' title='bbox 1775 1472 1830 1526; x_wconf 92' lang='lat' dir='ltr'><strong>in</strong></span> <span class='ocrx_word' id='word_1_426' title='bbox 1863 1471 2167 1541; x_wconf 88' lang='lat' dir='ltr'><strong>disciplinis</strong></span> <span class='ocrx_word' id='word_1_427' title='bbox 2194 1455 2401 1524; x_wconf 82' lang='lat' dir='ltr'><strong>versari</strong></span> <span class='ocrx_word' id='word_1_428' title='bbox 2432 1468 2702 1539; x_wconf 77' lang='lat' dir='ltr'><strong>gaudent,</strong></span> <span class='ocrx_word' id='word_1_429' title='bbox 2727 1468 2838 1521; x_wconf 90' lang='lat' dir='ltr'><strong>Deo</strong></span> <span class='ocrx_word' id='word_1_430' title='bbox 2871 1466 3155 1530; x_wconf 89' lang='lat' dir='ltr'><strong>conciliet,</strong></span> <span class='ocrx_word' id='word_1_431' title='bbox 3187 1480 3337 1519; x_wconf 90' lang='lat' dir='ltr'><strong>men-</strong></span> 
     </span>
    </p>
   </div>
   <div class='ocr_carea' id='block_1_59' title="bbox 1777 1557 3341 1633">
    <p class='ocr_par' dir='ltr' id='par_1_59' title="bbox 1777 1557 3341 1633">
     <span class='ocr_line' id='line_1_59' title="bbox 1777 1557 3341 1633; baseline -0.006 -14"><span class='ocrx_word' id='word_1_432' title='bbox 1777 1572 1999 1633; x_wconf 76' lang='lat' dir='ltr'><strong>temque</strong></span> <span class='ocrx_word' id='word_1_433' title='bbox 2035 1576 2255 1616; x_wconf 85' lang='lat' dir='ltr'><strong>sursum</strong></span> <span class='ocrx_word' id='word_1_434' title='bbox 2293 1576 2458 1631; x_wconf 88' lang='lat' dir='ltr'><strong>supra</strong></span> <span class='ocrx_word' id='word_1_435' title='bbox 2497 1575 2719 1629; x_wconf 73' lang='lat' dir='ltr'><strong>ea-qua:</strong></span> <span class='ocrx_word' id='word_1_436' title='bbox 2753 1560 3014 1613; x_wconf 91' lang='lat' dir='ltr'><strong>videntur</strong></span> <span class='ocrx_word' id='word_1_437' title='bbox 3052 1567 3109 1612; x_wconf 91' lang='lat' dir='ltr'><strong>et</strong></span> <span class='ocrx_word' id='word_1_438' title='bbox 3142 1557 3341 1614; x_wconf 81' lang='lat' dir='ltr'><strong>intelli-</strong></span> 
     </span>
    </p>
   </div>
   <div class='ocr_carea' id='block_1_60' title="bbox 1775 1645 3341 1726">
    <p class='ocr_par' dir='ltr' id='par_1_60' title="bbox 1775 1645 3341 1726">
     <span class='ocr_line' id='line_1_60' title="bbox 1775 1645 3341 1726; baseline -0.005 -18"><span class='ocrx_word' id='word_1_439' title='bbox 1775 1661 1997 1726; x_wconf 71' lang='lat' dir='ltr'><strong>gnntur,</strong></span> <span class='ocrx_word' id='word_1_440' title='bbox 2026 1654 2280 1707; x_wconf 88' lang='lat' dir='ltr'><strong>emissam</strong></span> <span class='ocrx_word' id='word_1_441' title='bbox 2333 1651 2602 1722; x_wconf 73' lang='lat' dir='ltr'><strong>ineffabili</strong></span> <span class='ocrx_word' id='word_1_442' title='bbox 2657 1650 2860 1704; x_wconf 69' lang='lat' dir='ltr'><strong>divina:</strong></span> <span class='ocrx_word' id='word_1_443' title='bbox 2914 1645 3341 1718; x_wconf 86' lang='lat' dir='ltr'><strong>pulchritudinis</strong></span> 
     </span>
    </p>
   </div>
   <div class='ocr_carea' id='block_1_61' title="bbox 1775 1738 3339 1812">
    <p class='ocr_par' dir='ltr' id='par_1_61' title="bbox 1775 1738 3339 1812">
     <span class='ocr_line' id='line_1_61' title="bbox 1775 1738 3339 1812; baseline -0.008 -11"><span class='ocrx_word' id='word_1_444' title='bbox 1775 1759 1960 1800; x_wconf 83' lang='lat' dir='ltr'><strong>amore</strong></span> <span class='ocrx_word' id='word_1_445' title='bbox 1987 1743 2315 1807; x_wconf 89' lang='lat' dir='ltr'><strong>demulceat,</strong></span> <span class='ocrx_word' id='word_1_446' title='bbox 2340 1752 2504 1812; x_wconf 91' lang='lat' dir='ltr'><strong>atque</strong></span> <span class='ocrx_word' id='word_1_447' title='bbox 2533 1742 2608 1794; x_wconf 88' lang='lat' dir='ltr'><strong>ita</strong></span> <span class='ocrx_word' id='word_1_448' title='bbox 2635 1739 2814 1810; x_wconf 79' lang='lat' dir='ltr'><strong>alligat</strong></span> <span class='ocrx_word' id='word_1_449' title='bbox 2840 1747 2902 1792; x_wconf 92' lang='lat' dir='ltr'><strong>ut</strong></span> <span class='ocrx_word' id='word_1_450' title='bbox 2931 1738 3086 1791; x_wconf 92' lang='lat' dir='ltr'><strong>nullo</strong></span> <span class='ocrx_word' id='word_1_451' title='bbox 3108 1750 3339 1805; x_wconf 87' lang='lat' dir='ltr'><strong>usquam</strong></span> 
     </span>
    </p>
   </div>
   <div class='ocr_carea' id='block_1_62' title="bbox 1776 1827 3337 1902">
    <p class='ocr_par' dir='ltr' id='par_1_62' title="bbox 1776 1827 3337 1902">
     <span class='ocr_line' id='line_1_62' title="bbox 1776 1827 3337 1902; baseline -0.004 -11"><span class='ocrx_word' id='word_1_452' title='bbox 1776 1834 2051 1891; x_wconf 88' lang='lat' dir='ltr'><strong>desiderio</strong></span> <span class='ocrx_word' id='word_1_453' title='bbox 2096 1833 2383 1902; x_wconf 84' lang='lat' dir='ltr'><strong>stimulari</strong></span> <span class='ocrx_word' id='word_1_454' title='bbox 2411 1832 2610 1900; x_wconf 90' lang='lat' dir='ltr'><strong>possit,</strong></span> <span class='ocrx_word' id='word_1_455' title='bbox 2643 1830 2758 1884; x_wconf 92' lang='lat' dir='ltr'><strong>sive</strong></span> <span class='ocrx_word' id='word_1_456' title='bbox 2804 1827 2986 1896; x_wconf 85' lang='lat' dir='ltr'><strong>potius</strong></span> <span class='ocrx_word' id='word_1_457' title='bbox 3028 1841 3188 1896; x_wconf 88' lang='lat' dir='ltr'><strong>posse</strong></span> <span class='ocrx_word' id='word_1_458' title='bbox 3227 1841 3337 1884; x_wconf 75' lang='lat' dir='ltr'><strong>non</strong></span> 
     </span>
    </p>
   </div>
   <div class='ocr_carea' id='block_1_63' title="bbox 1777 1919 3334 1991">
    <p class='ocr_par' dir='ltr' id='par_1_63' title="bbox 1777 1919 3334 1991">
     <span class='ocr_line' id='line_1_63' title="bbox 1777 1919 3334 1991; baseline -0.007 -9"><span class='ocrx_word' id='word_1_459' title='bbox 1777 1928 2046 1983; x_wconf 87' lang='lat' dir='ltr'><strong>sustineat</strong></span> <span class='ocrx_word' id='word_1_460' title='bbox 2078 1943 2092 1978; x_wconf 89' lang='lat'><strong>:</strong></span> <span class='ocrx_word' id='word_1_461' title='bbox 2127 1925 2265 1978; x_wconf 88' lang='lat' dir='ltr'><strong>alter</strong></span> <span class='ocrx_word' id='word_1_462' title='bbox 2294 1931 2356 1976; x_wconf 92' lang='lat' dir='ltr'><strong>ut</strong></span> <span class='ocrx_word' id='word_1_463' title='bbox 2383 1921 2678 1991; x_wconf 85' lang='lat' dir='ltr'><strong>voluptatis</strong></span> <span class='ocrx_word' id='word_1_464' title='bbox 2706 1919 2927 1974; x_wconf 89' lang='lat' dir='ltr'><strong>habitus</strong></span> <span class='ocrx_word' id='word_1_465' title='bbox 2956 1920 3139 1974; x_wconf 90' lang='lat' dir='ltr'><strong>clavos</strong></span> <span class='ocrx_word' id='word_1_466' title='bbox 3176 1932 3334 1972; x_wconf 80' lang='lat' dir='ltr'><strong>excu-</strong></span> 
     </span>
    </p>
   </div>
   <div class='ocr_carea' id='block_1_64' title="bbox 1779 2009 3339 2085">
    <p class='ocr_par' dir='ltr' id='par_1_64' title="bbox 1779 2009 3339 2085">
     <span class='ocr_line' id='line_1_64' title="bbox 1779 2009 3339 2085; baseline -0.006 -14"><span class='ocrx_word' id='word_1_467' title='bbox 1779 2018 1878 2072; x_wconf 90' lang='lat' dir='ltr'><strong>tiat</strong></span> <span class='ocrx_word' id='word_1_468' title='bbox 1899 2015 2100 2085; x_wconf 87' lang='lat' dir='ltr'><strong>quibus</strong></span> <span class='ocrx_word' id='word_1_469' title='bbox 2127 2014 2324 2068; x_wconf 65' lang='lat' dir='ltr'><strong>animae</strong></span> <span class='ocrx_word' id='word_1_470' title='bbox 2348 2013 2493 2067; x_wconf 89' lang='lat' dir='ltr'><strong>circa</strong></span> <span class='ocrx_word' id='word_1_471' title='bbox 2518 2012 2689 2065; x_wconf 88' lang='lat' dir='ltr'><strong>Deum</strong></span> <span class='ocrx_word' id='word_1_472' title='bbox 2716 2009 3053 2065; x_wconf 87' lang='lat' dir='ltr'><strong>desiderium</strong></span> <span class='ocrx_word' id='word_1_473' title='bbox 3080 2017 3138 2063; x_wconf 92' lang='lat' dir='ltr'><strong>et</strong></span> <span class='ocrx_word' id='word_1_474' title='bbox 3162 2009 3339 2063; x_wconf 87' lang='lat' dir='ltr'><strong>inten-</strong></span> 
     </span>
    </p>
   </div>
   <div class='ocr_carea' id='block_1_65' title="bbox 1779 2095 3349 2176">
    <p class='ocr_par' dir='ltr' id='par_1_65' title="bbox 1779 2095 3349 2176">
     <span class='ocr_line' id='line_1_65' title="bbox 1779 2095 3349 2176; baseline -0.006 -14"><span class='ocrx_word' id='word_1_475' title='bbox 1779 2109 1854 2162; x_wconf 86' lang='lat' dir='ltr'><strong>tio</strong></span> <span class='ocrx_word' id='word_1_476' title='bbox 1881 2108 1950 2162; x_wconf 89' lang='lat' dir='ltr'><strong>de</strong></span> <span class='ocrx_word' id='word_1_477' title='bbox 1979 2114 2164 2176; x_wconf 81' lang='lat' dir='ltr'><strong>vetere</strong></span> <span class='ocrx_word' id='word_1_478' title='bbox 2199 2095 2584 2158; x_wconf 68' lang='lat' dir='ltr'><strong>inobedientiae</strong></span> <span class='ocrx_word' id='word_1_479' title='bbox 2615 2100 2816 2155; x_wconf 90' lang='lat' dir='ltr'><strong>delicto</strong></span> <span class='ocrx_word' id='word_1_480' title='bbox 2857 2100 2924 2154; x_wconf 93' lang='lat' dir='ltr'><strong>ad</strong></span> <span class='ocrx_word' id='word_1_481' title='bbox 2964 2099 3250 2154; x_wconf 88' lang='lat' dir='ltr'><strong>materiam</strong></span> <span class='ocrx_word' id='word_1_482' title='bbox 3284 2107 3349 2161; x_wconf 89' lang='lat' dir='ltr'><strong>et</strong></span> 
     </span>
    </p>
   </div>
   <div class='ocr_carea' id='block_1_66' title="bbox 1773 2191 3342 2269">
    <p class='ocr_par' dir='ltr' id='par_1_66' title="bbox 1773 2191 3342 2269">
     <span class='ocr_line' id='line_1_66' title="bbox 1773 2191 3342 2269; baseline -0.006 -14"><span class='ocrx_word' id='word_1_483' title='bbox 1773 2215 1840 2255; x_wconf 88' lang='lat' dir='ltr'><strong>ea</strong></span> <span class='ocrx_word' id='word_1_484' title='bbox 1867 2215 1988 2269; x_wconf 67' lang='lat' dir='ltr'><strong>quae</strong></span> <span class='ocrx_word' id='word_1_485' title='bbox 2009 2196 2258 2252; x_wconf 89' lang='lat' dir='ltr'><strong>interitui</strong></span> <span class='ocrx_word' id='word_1_486' title='bbox 2281 2197 2563 2266; x_wconf 73' lang='lat' dir='ltr'><strong>subiacent</strong></span> <span class='ocrx_word' id='word_1_487' title='bbox 2585 2195 2856 2264; x_wconf 89' lang='lat' dir='ltr'><strong>applicata</strong></span> <span class='ocrx_word' id='word_1_488' title='bbox 2879 2201 3029 2258; x_wconf 91' lang='lat' dir='ltr'><strong>sunt,</strong></span> <span class='ocrx_word' id='word_1_489' title='bbox 3053 2196 3110 2247; x_wconf 88' lang='lat' dir='ltr'><strong>et</strong></span> <span class='ocrx_word' id='word_1_490' title='bbox 3134 2191 3342 2264; x_wconf 51' lang='lat' dir='ltr'><strong>improe</strong></span> 
     </span>
    </p>
   </div>
   <div class='ocr_carea' id='block_1_67' title="bbox 1775 2281 3341 2349">
    <p class='ocr_par' dir='ltr' id='par_1_67' title="bbox 1775 2281 3341 2349">
     <span class='ocr_line' id='line_1_67' title="bbox 1775 2281 3341 2349; baseline -0.004 -9"><span class='ocrx_word' id='word_1_491' title='bbox 1775 2286 1945 2340; x_wconf 89' lang='lat' dir='ltr'><strong>bitate</strong></span> <span class='ocrx_word' id='word_1_492' title='bbox 1973 2285 2195 2339; x_wconf 89' lang='lat' dir='ltr'><strong>indutos</strong></span> <span class='ocrx_word' id='word_1_493' title='bbox 2222 2284 2439 2349; x_wconf 88' lang='lat' dir='ltr'><strong>liberet,</strong></span> <span class='ocrx_word' id='word_1_494' title='bbox 2461 2290 2515 2337; x_wconf 91' lang='lat' dir='ltr'><strong>et</strong></span> <span class='ocrx_word' id='word_1_495' title='bbox 2544 2283 2769 2337; x_wconf 87' lang='lat' dir='ltr'><strong>virtutis</strong></span> <span class='ocrx_word' id='word_1_496' title='bbox 2790 2297 2954 2335; x_wconf 86' lang='lat' dir='ltr'><strong>veros</strong></span> <span class='ocrx_word' id='word_1_497' title='bbox 2977 2281 3139 2335; x_wconf 81' lang='lat' dir='ltr'><strong>faciat</strong></span> <span class='ocrx_word' id='word_1_498' title='bbox 3163 2282 3341 2334; x_wconf 71' lang='lat' dir='ltr'><strong>culto-</strong></span> 
     </span>
    </p>
   </div>
   <div class='ocr_carea' id='block_1_68' title="bbox 1777 2369 3340 2442">
    <p class='ocr_par' dir='ltr' id='par_1_68' title="bbox 1777 2369 3340 2442">
     <span class='ocr_line' id='line_1_68' title="bbox 1777 2369 3340 2442; baseline -0.003 -12"><span class='ocrx_word' id='word_1_499' title='bbox 1777 2392 1896 2442; x_wconf 88' lang='lat' dir='ltr'><strong>res,</strong></span> <span class='ocrx_word' id='word_1_500' title='bbox 1926 2376 1995 2431; x_wconf 41' lang='lat' dir='ltr'><strong>et‘</strong></span> <span class='ocrx_word' id='word_1_501' title='bbox 2021 2374 2332 2428; x_wconf 89' lang='lat' dir='ltr'><strong>immobiles</strong></span> <span class='ocrx_word' id='word_1_502' title='bbox 2370 2387 2473 2426; x_wconf 89' lang='lat' dir='ltr'><strong>nos</strong></span> <span class='ocrx_word' id='word_1_503' title='bbox 2509 2381 2565 2426; x_wconf 90' lang='lat' dir='ltr'><strong>et</strong></span> <span class='ocrx_word' id='word_1_504' title='bbox 2607 2373 2962 2426; x_wconf 86' lang='lat' dir='ltr'><strong>inconcussos</strong></span> <span class='ocrx_word' id='word_1_505' title='bbox 2999 2379 3142 2425; x_wconf 87' lang='lat' dir='ltr'><strong>stare</strong></span> <span class='ocrx_word' id='word_1_506' title='bbox 3168 2369 3340 2428; x_wconf 76' lang='lat' dir='ltr'><strong>faciat</strong></span> 
     </span>
    </p>
   </div>
   <div class='ocr_carea' id='block_1_69' title="bbox 1727 2461 3339 2538">
    <p class='ocr_par' dir='ltr' id='par_1_69' title="bbox 1727 2461 3339 2538">
     <span class='ocr_line' id='line_1_69' title="bbox 1727 2461 3339 2538; baseline -0.002 -18"><span class='ocrx_word' id='word_1_507' title='bbox 1727 2497 1733 2502; x_wconf 89' lang='lat'><strong><em>-</em></strong></span> <span class='ocrx_word' id='word_1_508' title='bbox 1777 2475 1967 2521; x_wconf 89' lang='lat' dir='ltr'><strong>contra</strong></span> <span class='ocrx_word' id='word_1_509' title='bbox 2009 2465 2190 2518; x_wconf 91' lang='lat' dir='ltr'><strong>omnia</strong></span> <span class='ocrx_word' id='word_1_510' title='bbox 2222 2478 2343 2532; x_wconf 62' lang='lat' dir='ltr'><strong>quas</strong></span> <span class='ocrx_word' id='word_1_511' title='bbox 2371 2462 2566 2538; x_wconf 64' lang='lat' dir='ltr'><strong>anima;</strong></span> <span class='ocrx_word' id='word_1_512' title='bbox 2599 2478 2725 2517; x_wconf 91' lang='lat' dir='ltr'><strong>cum</strong></span> <span class='ocrx_word' id='word_1_513' title='bbox 2754 2461 2988 2516; x_wconf 90' lang='lat' dir='ltr'><strong>honesto</strong></span> <span class='ocrx_word' id='word_1_514' title='bbox 3019 2470 3074 2516; x_wconf 90' lang='lat' dir='ltr'><strong>et</strong></span> <span class='ocrx_word' id='word_1_515' title='bbox 3101 2462 3339 2531; x_wconf 91' lang='lat' dir='ltr'><strong>pulchro</strong></span> 
     </span>
    </p>
   </div>
   <div class='ocr_carea' id='block_1_70' title="bbox 1776 2547 3332 2630">
    <p class='ocr_par' dir='ltr' id='par_1_70' title="bbox 1776 2547 3332 2630">
     <span class='ocr_line' id='line_1_70' title="bbox 1776 2547 3332 2630; baseline -0.003 -20"><span class='ocrx_word' id='word_1_516' title='bbox 1776 2555 2196 2610; x_wconf 79' lang='lat' dir='ltr'><strong>familiaritatem</strong></span> <span class='ocrx_word' id='word_1_517' title='bbox 2244 2547 2538 2630; x_wconf 75' lang='lat' dir='ltr'><strong>iucundam</strong></span> <span class='ocrx_word' id='word_1_518' title='bbox 2583 2553 2876 2623; x_wconf 90' lang='lat' dir='ltr'><strong>prohibere</strong></span> <span class='ocrx_word' id='word_1_519' title='bbox 2915 2552 3227 2616; x_wconf 87' lang='lat' dir='ltr'><strong>videantur,</strong></span> <span class='ocrx_word' id='word_1_520' title='bbox 3263 2552 3332 2606; x_wconf 89' lang='lat' dir='ltr'><strong>ad</strong></span> 
     </span>
    </p>
   </div>
   <div class='ocr_carea' id='block_1_71' title="bbox 1776 2641 3341 2735">
    <p class='ocr_par' dir='ltr' id='par_1_71' title="bbox 1776 2641 3341 2735">
     <span class='ocr_line' id='line_1_71' title="bbox 1776 2641 3341 2735; baseline -0.004 -34"><span class='ocrx_word' id='word_1_521' title='bbox 1776 2645 2150 2701; x_wconf 87' lang='lat' dir='ltr'><strong>declinandam</strong></span> <span class='ocrx_word' id='word_1_522' title='bbox 2178 2644 2399 2735; x_wconf 78' lang='lat' dir='ltr'><strong>quidem</strong></span> <span class='ocrx_word' id='word_1_523' title='bbox 2424 2643 2783 2735; x_wconf 50' lang='lat' dir='ltr'><strong>vgluptatem,</strong></span> <span class='ocrx_word' id='word_1_524' title='bbox 2811 2659 2934 2713; x_wconf 65' lang='lat' dir='ltr'><strong>quae</strong></span> <span class='ocrx_word' id='word_1_525' title='bbox 2961 2658 3063 2712; x_wconf 90' lang='lat' dir='ltr'><strong>per</strong></span> <span class='ocrx_word' id='word_1_526' title='bbox 3088 2641 3341 2696; x_wconf 91' lang='lat' dir='ltr'><strong>absurdi-</strong></span> 
     </span>
    </p>
   </div>
   <div class='ocr_carea' id='block_1_72' title="bbox 1778 2723 3343 2789">
    <p class='ocr_par' dir='ltr' id='par_1_72' title="bbox 1778 2723 3343 2789">
     <span class='ocr_line' id='line_1_72' title="bbox 1778 2723 3343 2789; baseline -0.003 0"><span class='ocrx_word' id='word_1_527' title='bbox 1778 2743 1916 2789; x_wconf 87' lang='lat' dir='ltr'><strong>tates</strong></span> <span class='ocrx_word' id='word_1_528' title='bbox 1938 2742 2157 2789; x_wconf 90' lang='lat' dir='ltr'><strong>nostras</strong></span> <span class='ocrx_word' id='word_1_529' title='bbox 2181 2723 2560 2789; x_wconf 74' lang='lat' dir='ltr'><strong>fraudulenter</strong></span> <span class='ocrx_word' id='word_1_530' title='bbox 2581 2733 2796 2787; x_wconf 90' lang='lat' dir='ltr'><strong>consilii</strong></span> <span class='ocrx_word' id='word_1_531' title='bbox 2827 2732 3122 2786; x_wconf 87' lang='lat' dir='ltr'><strong>duritatem</strong></span> <span class='ocrx_word' id='word_1_532' title='bbox 3151 2731 3343 2786; x_wconf 90' lang='lat' dir='ltr'><strong>adula-</strong></span> 
     </span>
    </p>
   </div>
   <div class='ocr_carea' id='block_1_73' title="bbox 1776 2819 3341 2890">
    <p class='ocr_par' dir='ltr' id='par_1_73' title="bbox 1776 2819 3341 2890">
     <span class='ocr_line' id='line_1_73' title="bbox 1776 2819 3341 2890; baseline -0.004 -11"><span class='ocrx_word' id='word_1_533' title='bbox 1776 2832 1867 2878; x_wconf 89' lang='lat' dir='ltr'><strong>tur</strong></span> <span class='ocrx_word' id='word_1_534' title='bbox 1888 2832 1944 2879; x_wconf 90' lang='lat' dir='ltr'><strong>et</strong></span> <span class='ocrx_word' id='word_1_535' title='bbox 1972 2823 2167 2886; x_wconf 86' lang='lat' dir='ltr'><strong>mollit,</strong></span> <span class='ocrx_word' id='word_1_536' title='bbox 2189 2830 2247 2876; x_wconf 87' lang='lat' dir='ltr'><strong>et</strong></span> <span class='ocrx_word' id='word_1_537' title='bbox 2270 2819 2560 2890; x_wconf 61' lang='lat' dir='ltr'><strong>praesentia</strong></span> <span class='ocrx_word' id='word_1_538' title='bbox 2589 2819 2808 2885; x_wconf 84' lang='lat' dir='ltr'><strong>futuris,</strong></span> <span class='ocrx_word' id='word_1_539' title='bbox 2831 2835 3060 2889; x_wconf 72' lang='lat' dir='ltr'><strong>quaeque</strong></span> <span class='ocrx_word' id='word_1_540' title='bbox 3083 2820 3341 2874; x_wconf 81' lang='lat' dir='ltr'><strong>videntur</strong></span> 
     </span>
    </p>
   </div>
   <div class='ocr_carea' id='block_1_74' title="bbox 1775 2910 3339 2981">
    <p class='ocr_par' dir='ltr' id='par_1_74' title="bbox 1775 2910 3339 2981">
     <span class='ocr_line' id='line_1_74' title="bbox 1775 2910 3339 2981; baseline -0.003 -13"><span class='ocrx_word' id='word_1_541' title='bbox 1775 2915 1858 2968; x_wconf 90' lang='lat' dir='ltr'><strong>eis</strong></span> <span class='ocrx_word' id='word_1_542' title='bbox 1885 2928 2007 2981; x_wconf 68' lang='lat' dir='ltr'><strong>qua:</strong></span> <span class='ocrx_word' id='word_1_543' title='bbox 2039 2911 2371 2980; x_wconf 75' lang='lat' dir='ltr'><strong>cogitatione</strong></span> <span class='ocrx_word' id='word_1_544' title='bbox 2403 2911 2788 2978; x_wconf 74' lang='lat' dir='ltr'><strong>percipiuntur</strong></span> <span class='ocrx_word' id='word_1_545' title='bbox 2819 2911 3078 2980; x_wconf 61' lang='lat' dir='ltr'><strong>praeferre</strong></span> <span class='ocrx_word' id='word_1_546' title='bbox 3111 2910 3339 2974; x_wconf 85' lang='lat' dir='ltr'><strong>suadet,</strong></span> 
     </span>
    </p>
   </div>
   <div class='ocr_carea' id='block_1_75' title="bbox 1777 2992 3346 3069">
    <p class='ocr_par' dir='ltr' id='par_1_75' title="bbox 1777 2992 3346 3069">
     <span class='ocr_line' id='line_1_75' title="bbox 1777 2992 3346 3069; baseline -0.001 -11"><span class='ocrx_word' id='word_1_547' title='bbox 1777 3004 2055 3058; x_wconf 87' lang='lat' dir='ltr'><strong>instruens</strong></span> <span class='ocrx_word' id='word_1_548' title='bbox 2087 2992 2444 3066; x_wconf 85' lang='lat' dir='ltr'><strong>continentia,</strong></span> <span class='ocrx_word' id='word_1_549' title='bbox 2478 3001 2545 3054; x_wconf 90' lang='lat' dir='ltr'><strong>ad</strong></span> <span class='ocrx_word' id='word_1_550' title='bbox 2581 3000 2974 3069; x_wconf 82' lang='lat' dir='ltr'><strong>deponendum</strong></span> <span class='ocrx_word' id='word_1_551' title='bbox 3012 3016 3144 3055; x_wconf 91' lang='lat' dir='ltr'><strong>vero</strong></span> <span class='ocrx_word' id='word_1_552' title='bbox 3184 3001 3346 3056; x_wconf 87' lang='lat' dir='ltr'><strong>timo-</strong></span> 
     </span>
    </p>
   </div>
   <div class='ocr_carea' id='block_1_76' title="bbox 1777 3092 3331 3164">
    <p class='ocr_par' dir='ltr' id='par_1_76' title="bbox 1777 3092 3331 3164">
     <span class='ocr_line' id='line_1_76' title="bbox 1777 3092 3331 3164; baseline -0.005 -12"><span class='ocrx_word' id='word_1_553' title='bbox 1777 3112 1892 3152; x_wconf 88' lang='lat' dir='ltr'><strong>rem</strong></span> <span class='ocrx_word' id='word_1_554' title='bbox 1923 3105 2085 3164; x_wconf 90' lang='lat' dir='ltr'><strong>atque</strong></span> <span class='ocrx_word' id='word_1_555' title='bbox 2113 3101 2342 3158; x_wconf 88' lang='lat' dir='ltr'><strong>metum,</strong></span> <span class='ocrx_word' id='word_1_556' title='bbox 2366 3092 2459 3161; x_wconf 85' lang='lat' dir='ltr'><strong>qui</strong></span> <span class='ocrx_word' id='word_1_557' title='bbox 2491 3092 2592 3162; x_wconf 82' lang='lat' dir='ltr'><strong>ipsi</strong></span> <span class='ocrx_word' id='word_1_558' title='bbox 2622 3092 2939 3161; x_wconf 84' lang='lat' dir='ltr'><strong>gravissima</strong></span> <span class='ocrx_word' id='word_1_559' title='bbox 2969 3107 3199 3160; x_wconf 64' lang='lat' dir='ltr'><strong>quaeque</strong></span> <span class='ocrx_word' id='word_1_560' title='bbox 3223 3108 3331 3145; x_wconf 89' lang='lat' dir='ltr'><strong>non</strong></span> 
     </span>
    </p>
   </div>
   <div class='ocr_carea' id='block_1_77' title="bbox 1780 3183 3340 3254">
    <p class='ocr_par' dir='ltr' id='par_1_77' title="bbox 1780 3183 3340 3254">
     <span class='ocr_line' id='line_1_77' title="bbox 1780 3183 3340 3254; baseline -0.005 -10"><span class='ocrx_word' id='word_1_561' title='bbox 1780 3190 1837 3244; x_wconf 92' lang='lat' dir='ltr'><strong>in</strong></span> <span class='ocrx_word' id='word_1_562' title='bbox 1878 3196 2068 3242; x_wconf 89' lang='lat' dir='ltr'><strong>nostra</strong></span> <span class='ocrx_word' id='word_1_563' title='bbox 2112 3201 2277 3240; x_wconf 88' lang='lat' dir='ltr'><strong>manu</strong></span> <span class='ocrx_word' id='word_1_564' title='bbox 2318 3186 2414 3239; x_wconf 90' lang='lat' dir='ltr'><strong>sed</strong></span> <span class='ocrx_word' id='word_1_565' title='bbox 2455 3184 2750 3238; x_wconf 86' lang='lat' dir='ltr'><strong>humanam</strong></span> <span class='ocrx_word' id='word_1_566' title='bbox 2795 3191 3120 3254; x_wconf 89' lang='lat' dir='ltr'><strong>potestatem</strong></span> <span class='ocrx_word' id='word_1_567' title='bbox 3165 3183 3340 3245; x_wconf 88' lang='lat' dir='ltr'><strong>videri</strong></span> 
     </span>
    </p>
   </div>
   <div class='ocr_carea' id='block_1_78' title="bbox 1782 3271 3342 3346">
    <p class='ocr_par' dir='ltr' id='par_1_78' title="bbox 1782 3271 3342 3346">
     <span class='ocr_line' id='line_1_78' title="bbox 1782 3271 3342 3346; baseline -0.006 -14"><span class='ocrx_word' id='word_1_568' title='bbox 1782 3289 2041 3346; x_wconf 86' lang='lat' dir='ltr'><strong>superare</strong></span> <span class='ocrx_word' id='word_1_569' title='bbox 2099 3271 2437 3342; x_wconf 91' lang='lat' dir='ltr'><strong>persuadent</strong></span> <span class='ocrx_word' id='word_1_570' title='bbox 2482 3271 2863 3340; x_wconf 77' lang='lat' dir='ltr'><strong>violenterque</strong></span> <span class='ocrx_word' id='word_1_571' title='bbox 2920 3286 3019 3339; x_wconf 91' lang='lat' dir='ltr'><strong>per</strong></span> <span class='ocrx_word' id='word_1_572' title='bbox 3069 3281 3342 3323; x_wconf 90' lang='lat' dir='ltr'><strong>terrorum</strong></span> 
     </span>
    </p>
   </div>
   <div class='ocr_carea' id='block_1_79' title="bbox 1782 3360 3345 3431">
    <p class='ocr_par' dir='ltr' id='par_1_79' title="bbox 1782 3360 3345 3431">
     <span class='ocr_line' id='line_1_79' title="bbox 1782 3360 3345 3431; baseline -0.006 -9"><span class='ocrx_word' id='word_1_573' title='bbox 1782 3364 2121 3422; x_wconf 87' lang='lat' dir='ltr'><strong>invasionem</strong></span> <span class='ocrx_word' id='word_1_574' title='bbox 2155 3362 2383 3418; x_wconf 84' lang='lat' dir='ltr'><strong>rationis</strong></span> <span class='ocrx_word' id='word_1_575' title='bbox 2410 3361 2734 3431; x_wconf 81' lang='lat' dir='ltr'><strong>consiliique</strong></span> <span class='ocrx_word' id='word_1_576' title='bbox 2768 3360 3118 3416; x_wconf 88' lang='lat' dir='ltr'><strong>sobrietatem</strong></span> <span class='ocrx_word' id='word_1_577' title='bbox 3154 3360 3345 3429; x_wconf 74' lang='lat' dir='ltr'><strong>oppri-</strong></span> 
     </span>
    </p>
   </div>
   <div class='ocr_carea' id='block_1_80' title="bbox 1780 3449 3345 3517">
    <p class='ocr_par' dir='ltr' id='par_1_80' title="bbox 1780 3449 3345 3517">
     <span class='ocr_line' id='line_1_80' title="bbox 1780 3449 3345 3517; baseline -0.004 -7"><span class='ocrx_word' id='word_1_578' title='bbox 1780 3472 1930 3510; x_wconf 90' lang='lat' dir='ltr'><strong>mere</strong></span> <span class='ocrx_word' id='word_1_579' title='bbox 1963 3464 2254 3517; x_wconf 89' lang='lat' dir='ltr'><strong>conantur,</strong></span> <span class='ocrx_word' id='word_1_580' title='bbox 2288 3454 2567 3508; x_wconf 88' lang='lat' dir='ltr'><strong>instruens</strong></span> <span class='ocrx_word' id='word_1_581' title='bbox 2601 3452 2906 3507; x_wconf 87' lang='lat' dir='ltr'><strong>constantia</strong></span> <span class='ocrx_word' id='word_1_582' title='bbox 2939 3459 2994 3505; x_wconf 90' lang='lat' dir='ltr'><strong>et</strong></span> <span class='ocrx_word' id='word_1_583' title='bbox 3024 3449 3345 3505; x_wconf 82' lang='lat' dir='ltr'><strong>fortitudine</strong></span> 
     </span>
    </p>
   </div>
   <div class='ocr_carea' id='block_1_81' title="bbox 1781 3542 3346 3620">
    <p class='ocr_par' dir='ltr' id='par_1_81' title="bbox 1781 3542 3346 3620">
     <span class='ocr_line' id='line_1_81' title="bbox 1781 3542 3346 3620; baseline -0.001 -23"><span class='ocrx_word' id='word_1_584' title='bbox 1781 3543 1908 3597; x_wconf 91' lang='lat' dir='ltr'><strong>inde</strong></span> <span class='ocrx_word' id='word_1_585' title='bbox 1937 3551 2333 3606; x_wconf 86' lang='lat' dir='ltr'><strong>consummata,</strong></span> <span class='ocrx_word' id='word_1_586' title='bbox 2358 3543 2548 3608; x_wconf 81' lang='lat' dir='ltr'><strong>habitu</strong></span> <span class='ocrx_word' id='word_1_587' title='bbox 2579 3543 2644 3596; x_wconf 91' lang='lat' dir='ltr'><strong>ad</strong></span> <span class='ocrx_word' id='word_1_588' title='bbox 2678 3542 2979 3620; x_wconf 86' lang='lat' dir='ltr'><strong>quamlibet</strong></span> <span class='ocrx_word' id='word_1_589' title='bbox 3005 3557 3193 3596; x_wconf 91' lang='lat' dir='ltr'><strong>eorum</strong></span> <span class='ocrx_word' id='word_1_590' title='bbox 3225 3557 3346 3610; x_wconf 75' lang='lat' dir='ltr'><strong>qua:</strong></span> 
     </span>
    </p>
   </div>
   <div class='ocr_carea' id='block_1_82' title="bbox 1781 3625 3345 3696">
    <p class='ocr_par' dir='ltr' id='par_1_82' title="bbox 1781 3625 3345 3696">
     <span class='ocr_line' id='line_1_82' title="bbox 1781 3625 3345 3696; baseline -0.001 -14"><span class='ocrx_word' id='word_1_591' title='bbox 1781 3630 1837 3682; x_wconf 93' lang='lat' dir='ltr'><strong>in</strong></span> <span class='ocrx_word' id='word_1_592' title='bbox 1865 3629 2026 3683; x_wconf 89' lang='lat' dir='ltr'><strong>nobis</strong></span> <span class='ocrx_word' id='word_1_593' title='bbox 2052 3637 2181 3682; x_wconf 89' lang='lat' dir='ltr'><strong>sunt</strong></span> <span class='ocrx_word' id='word_1_594' title='bbox 2208 3628 2562 3696; x_wconf 91' lang='lat' dir='ltr'><strong>voluptatem,</strong></span> <span class='ocrx_word' id='word_1_595' title='bbox 2588 3637 2646 3681; x_wconf 90' lang='lat' dir='ltr'><strong>et</strong></span> <span class='ocrx_word' id='word_1_596' title='bbox 2672 3625 2971 3696; x_wconf 85' lang='lat' dir='ltr'><strong>quemlibet</strong></span> <span class='ocrx_word' id='word_1_597' title='bbox 3000 3642 3191 3680; x_wconf 91' lang='lat' dir='ltr'><strong>eorum</strong></span> <span class='ocrx_word' id='word_1_598' title='bbox 3221 3643 3345 3696; x_wconf 69' lang='lat' dir='ltr'><strong>quae</strong></span> 
     </span>
    </p>
   </div>
   <div class='ocr_carea' id='block_1_83' title="bbox 1780 3716 3347 3786">
    <p class='ocr_par' dir='ltr' id='par_1_83' title="bbox 1780 3716 3347 3786">
     <span class='ocr_line' id='line_1_83' title="bbox 1780 3716 3347 3786; baseline -0.004 -12"><span class='ocrx_word' id='word_1_599' title='bbox 1780 3729 1934 3774; x_wconf 85' lang='lat' dir='ltr'><strong>extra</strong></span> <span class='ocrx_word' id='word_1_600' title='bbox 1955 3735 2056 3774; x_wconf 91' lang='lat' dir='ltr'><strong>nos</strong></span> <span class='ocrx_word' id='word_1_601' title='bbox 2077 3729 2206 3773; x_wconf 91' lang='lat' dir='ltr'><strong>sunt</strong></span> <span class='ocrx_word' id='word_1_602' title='bbox 2224 3718 2469 3772; x_wconf 87' lang='lat' dir='ltr'><strong>dolorem</strong></span> <span class='ocrx_word' id='word_1_603' title='bbox 2495 3717 2867 3786; x_wconf 81' lang='lat' dir='ltr'><strong>imperterrita</strong></span> <span class='ocrx_word' id='word_1_604' title='bbox 2886 3725 2943 3770; x_wconf 93' lang='lat' dir='ltr'><strong>et</strong></span> <span class='ocrx_word' id='word_1_605' title='bbox 2961 3716 3182 3770; x_wconf 88' lang='lat' dir='ltr'><strong>invicto.</strong></span> <span class='ocrx_word' id='word_1_606' title='bbox 3209 3716 3347 3769; x_wconf 84' lang='lat' dir='ltr'><strong>Pru-</strong></span> 
     </span>
    </p>
   </div>
   <div class='ocr_carea' id='block_1_84' title="bbox 1784 3805 3348 3876">
    <p class='ocr_par' dir='ltr' id='par_1_84' title="bbox 1784 3805 3348 3876">
     <span class='ocr_line' id='line_1_84' title="bbox 1784 3805 3348 3876; baseline -0.003 -14"><span class='ocrx_word' id='word_1_607' title='bbox 1784 3811 1972 3864; x_wconf 71' lang='lat' dir='ltr'><strong>rientes</strong></span> <span class='ocrx_word' id='word_1_608' title='bbox 2006 3819 2182 3862; x_wconf 87' lang='lat' dir='ltr'><strong>autem</strong></span> <span class='ocrx_word' id='word_1_609' title='bbox 2216 3809 2401 3861; x_wconf 78' lang='lat' dir='ltr'><strong>auditu</strong></span> <span class='ocrx_word' id='word_1_610' title='bbox 2435 3816 2484 3860; x_wconf 88' lang='lat' dir='ltr'><strong>et</strong></span> <span class='ocrx_word' id='word_1_611' title='bbox 2516 3806 2699 3876; x_wconf 78' lang='lat' dir='ltr'><strong>lingua</strong></span> <span class='ocrx_word' id='word_1_612' title='bbox 2732 3805 2987 3876; x_wconf 77' lang='lat' dir='ltr'><strong>magister</strong></span> <span class='ocrx_word' id='word_1_613' title='bbox 3009 3805 3224 3859; x_wconf 88' lang='lat' dir='ltr'><strong>vocavit</strong></span> <span class='ocrx_word' id='word_1_614' title='bbox 3251 3821 3348 3858; x_wconf 81' lang='lat' dir='ltr'><strong>eos</strong></span> 
     </span>
    </p>
   </div>
   <div class='ocr_carea' id='block_1_85' title="bbox 1784 3896 3348 3972">
    <p class='ocr_par' dir='ltr' id='par_1_85' title="bbox 1784 3896 3348 3972">
     <span class='ocr_line' id='line_1_85' title="bbox 1784 3896 3348 3972; baseline -0.006 -15"><span class='ocrx_word' id='word_1_615' title='bbox 1784 3902 1852 3957; x_wconf 91' lang='lat' dir='ltr'><strong>ad</strong></span> <span class='ocrx_word' id='word_1_616' title='bbox 1881 3917 2021 3972; x_wconf 89' lang='lat' dir='ltr'><strong>quos</strong></span> <span class='ocrx_word' id='word_1_617' title='bbox 2057 3908 2266 3970; x_wconf 89' lang='lat' dir='ltr'><strong>spectat</strong></span> <span class='ocrx_word' id='word_1_618' title='bbox 2291 3913 2494 3963; x_wconf 88' lang='lat' dir='ltr'><strong>sermo,</strong></span> <span class='ocrx_word' id='word_1_619' title='bbox 2523 3897 2797 3966; x_wconf 88' lang='lat' dir='ltr'><strong>siquidem</strong></span> <span class='ocrx_word' id='word_1_620' title='bbox 2829 3896 3008 3951; x_wconf 86' lang='lat' dir='ltr'><strong>omnis</strong></span> <span class='ocrx_word' id='word_1_621' title='bbox 3035 3911 3216 3950; x_wconf 83' lang='lat' dir='ltr'><strong>sermo</strong></span> <span class='ocrx_word' id='word_1_622' title='bbox 3251 3912 3348 3964; x_wconf 85' lang='lat' dir='ltr'><strong>per</strong></span> 
     </span>
    </p>
   </div>
   <div class='ocr_carea' id='block_1_86' title="bbox 1783 3988 3347 4064">
    <p class='ocr_par' dir='ltr' id='par_1_86' title="bbox 1783 3988 3347 4064">
     <span class='ocr_line' id='line_1_86' title="bbox 1783 3988 3347 4064; baseline -0.006 -16"><span class='ocrx_word' id='word_1_623' title='bbox 1783 3993 2022 4064; x_wconf 89' lang='lat' dir='ltr'><strong>linguam</strong></span> <span class='ocrx_word' id='word_1_624' title='bbox 2053 4001 2108 4047; x_wconf 90' lang='lat' dir='ltr'><strong>et</strong></span> <span class='ocrx_word' id='word_1_625' title='bbox 2135 3992 2440 4062; x_wconf 88' lang='lat' dir='ltr'><strong>appellatur</strong></span> <span class='ocrx_word' id='word_1_626' title='bbox 2464 3998 2522 4046; x_wconf 91' lang='lat' dir='ltr'><strong>et</strong></span> <span class='ocrx_word' id='word_1_627' title='bbox 2547 3988 2844 4060; x_wconf 75' lang='lat' dir='ltr'><strong>profertur,</strong></span> <span class='ocrx_word' id='word_1_628' title='bbox 2873 3996 3037 4058; x_wconf 85' lang='lat' dir='ltr'><strong>atque</strong></span> <span class='ocrx_word' id='word_1_629' title='bbox 3066 4001 3164 4056; x_wconf 92' lang='lat' dir='ltr'><strong>per</strong></span> <span class='ocrx_word' id='word_1_630' title='bbox 3193 3988 3347 4040; x_wconf 89' lang='lat' dir='ltr'><strong>audi-</strong></span> 
     </span>
    </p>
   </div>
   <div class='ocr_carea' id='block_1_87' title="bbox 1785 4080 3344 4156">
    <p class='ocr_par' dir='ltr' id='par_1_87' title="bbox 1785 4080 3344 4156">
     <span class='ocr_line' id='line_1_87' title="bbox 1785 4080 3344 4156; baseline -0.004 -18"><span class='ocrx_word' id='word_1_631' title='bbox 1785 4092 1901 4138; x_wconf 91' lang='lat' dir='ltr'><strong>tum</strong></span> <span class='ocrx_word' id='word_1_632' title='bbox 1927 4080 2267 4156; x_wconf 78' lang='lat' dir='ltr'><strong>auscultatur</strong></span> <span class='ocrx_word' id='word_1_633' title='bbox 2289 4080 2654 4136; x_wconf 80' lang='lat' dir='ltr'><strong>et‘ediscitur.</strong></span> <span class='ocrx_word' id='word_1_634' title='bbox 2682 4080 2800 4135; x_wconf 86' lang='lat' dir='ltr'><strong>Jam</strong></span> <span class='ocrx_word' id='word_1_635' title='bbox 2835 4081 2883 4134; x_wconf 90' lang='lat' dir='ltr'><strong>si</strong></span> <span class='ocrx_word' id='word_1_636' title='bbox 2914 4081 3080 4134; x_wconf 89' lang='lat' dir='ltr'><strong>etiam</strong></span> <span class='ocrx_word' id='word_1_637' title='bbox 3116 4080 3182 4134; x_wconf 93' lang='lat' dir='ltr'><strong>ad</strong></span> <span class='ocrx_word' id='word_1_638' title='bbox 3213 4080 3344 4133; x_wconf 87' lang='lat' dir='ltr'><strong>alle-</strong></span> 
     </span>
    </p>
   </div>
   <div class='ocr_carea' id='block_1_88' title="bbox 1786 4169 3343 4244">
    <p class='ocr_par' dir='ltr' id='par_1_88' title="bbox 1786 4169 3343 4244">
     <span class='ocr_line' id='line_1_88' title="bbox 1786 4169 3343 4244; baseline -0.004 -16"><span class='ocrx_word' id='word_1_639' title='bbox 1786 4191 1910 4230; x_wconf 91' lang='lat' dir='ltr'><strong>rum</strong></span> <span class='ocrx_word' id='word_1_640' title='bbox 1952 4189 2171 4244; x_wconf 87' lang='lat' dir='ltr'><strong>quoque</strong></span> <span class='ocrx_word' id='word_1_641' title='bbox 2212 4173 2553 4241; x_wconf 83' lang='lat' dir='ltr'><strong>propositum</strong></span> <span class='ocrx_word' id='word_1_642' title='bbox 2585 4169 2850 4239; x_wconf 75' lang='lat' dir='ltr'><strong>excipere</strong></span> <span class='ocrx_word' id='word_1_643' title='bbox 2889 4171 3142 4225; x_wconf 88' lang='lat' dir='ltr'><strong>volumus</strong></span> <span class='ocrx_word' id='word_1_644' title='bbox 3190 4171 3343 4233; x_wconf 88' lang='lat' dir='ltr'><strong>illud,</strong></span> 
     </span>
    </p>
   </div>
   <div class='ocr_carea' id='block_1_89' title="bbox 1784 4261 3370 4332">
    <p class='ocr_par' dir='ltr' id='par_1_89' title="bbox 1784 4261 3370 4332">
     <span class='ocr_line' id='line_1_89' title="bbox 1784 4261 3370 4332; baseline -0.004 -12"><span class='ocrx_word' id='word_1_645' title='bbox 1784 4265 2090 4328; x_wconf 72' lang='lat' dir='ltr'><strong>Prurientes</strong></span> <span class='ocrx_word' id='word_1_646' title='bbox 2114 4264 2300 4318; x_wconf 81' lang='lat' dir='ltr'><strong>auditu</strong></span> <span class='ocrx_word' id='word_1_647' title='bbox 2323 4271 2371 4316; x_wconf 84' lang='lat' dir='ltr'><strong>et</strong></span> <span class='ocrx_word' id='word_1_648' title='bbox 2392 4261 2596 4332; x_wconf 77' lang='lat' dir='ltr'><strong>lingua,</strong></span> <span class='ocrx_word' id='word_1_649' title='bbox 2613 4261 2843 4316; x_wconf 84' lang='lat' dir='ltr'><strong>fortasse</strong></span> <span class='ocrx_word' id='word_1_650' title='bbox 2864 4271 3028 4317; x_wconf 91' lang='lat' dir='ltr'><strong>erunt</strong></span> <span class='ocrx_word' id='word_1_651' title='bbox 3047 4263 3141 4332; x_wconf 86' lang='lat' dir='ltr'><strong>qui</strong></span> <span class='ocrx_word' id='word_1_652' title='bbox 3170 4262 3370 4316; x_wconf 82' lang='lat' dir='ltr'><strong>solum.</strong></span> 
     </span>
    </p>
   </div>
   <div class='ocr_carea' id='block_1_90' title="bbox 1786 4334 3405 4424">
    <p class='ocr_par' dir='ltr' id='par_1_90' title="bbox 1786 4334 3405 4424">
     <span class='ocr_line' id='line_1_90' title="bbox 1786 4334 3405 4424; baseline -0.006 -14"><span class='ocrx_word' id='word_1_653' title='bbox 1786 4356 1855 4410; x_wconf 90' lang='lat' dir='ltr'><strong>ad</strong></span> <span class='ocrx_word' id='word_1_654' title='bbox 1892 4353 2224 4424; x_wconf 87' lang='lat' dir='ltr'><strong>vituperium</strong></span> <span class='ocrx_word' id='word_1_655' title='bbox 2267 4351 2499 4405; x_wconf 88' lang='lat' dir='ltr'><strong>aliorum</strong></span> <span class='ocrx_word' id='word_1_656' title='bbox 2546 4359 2604 4404; x_wconf 92' lang='lat' dir='ltr'><strong>et</strong></span> <span class='ocrx_word' id='word_1_657' title='bbox 2641 4334 3097 4406; x_wconf 77' lang='lat' dir='ltr'><strong>obtrectationem</strong></span> <span class='ocrx_word' id='word_1_658' title='bbox 3139 4351 3345 4404; x_wconf 89' lang='lat' dir='ltr'><strong>ealum-</strong></span> 
     </span>
    </p>
   </div>
   <div class='ocr_carea' id='block_1_91' title="bbox 1783 4441 3349 4522">
    <p class='ocr_par' dir='ltr' id='par_1_91' title="bbox 1783 4441 3349 4522">
     <span class='ocr_line' id='line_1_91' title="bbox 1783 4441 3349 4522; baseline -0.004 -23"><span class='ocrx_word' id='word_1_659' title='bbox 1783 4443 2047 4514; x_wconf 64' lang='lat' dir='ltr'><strong>triamque</strong></span> <span class='ocrx_word' id='word_1_660' title='bbox 2088 4441 2418 4522; x_wconf 87' lang='lat' dir='ltr'><strong>audiendam</strong></span> <span class='ocrx_word' id='word_1_661' title='bbox 2457 4451 2515 4496; x_wconf 90' lang='lat' dir='ltr'><strong>et</strong></span> <span class='ocrx_word' id='word_1_662' title='bbox 2550 4441 2934 4512; x_wconf 91' lang='lat' dir='ltr'><strong>proferendam</strong></span> <span class='ocrx_word' id='word_1_663' title='bbox 2973 4441 3258 4502; x_wconf 88' lang='lat' dir='ltr'><strong>inclinant,</strong></span> <span class='ocrx_word' id='word_1_664' title='bbox 3289 4449 3349 4493; x_wconf 91' lang='lat' dir='ltr'><strong>et</strong></span> 
     </span>
    </p>
   </div>
   <div class='ocr_carea' id='block_1_92' title="bbox 123 4525 1684 4612">
    <p class='ocr_par' dir='ltr' id='par_1_92' title="bbox 123 4525 1684 4602">
     <span class='ocr_line' id='line_1_92' title="bbox 123 4525 1684 4602; baseline -0.006 -16"><span class='ocrx_word' id='word_1_665' title='bbox 123 4533 258 4602; x_wconf 81' lang='grc' dir='ltr'>δρὸς</span> <span class='ocrx_word' id='word_1_666' title='bbox 291 4530 671 4599; x_wconf 84' lang='grc' dir='ltr'>σεμνολόγημα</span> <span class='ocrx_word' id='word_1_667' title='bbox 708 4529 1002 4600; x_wconf 82' lang='grc' dir='ltr'>κρίνοντες,</span> <span class='ocrx_word' id='word_1_668' title='bbox 1031 4526 1122 4578; x_wconf 77' lang='grc' dir='ltr'>καὶ</span> <span class='ocrx_word' id='word_1_669' title='bbox 1156 4527 1263 4595; x_wconf 81' lang='grc' dir='ltr'>πρὸ</span> <span class='ocrx_word' id='word_1_670' title='bbox 1295 4527 1386 4580; x_wconf 87' lang='grc' dir='ltr'><strong>τοῦ</strong></span> <span class='ocrx_word' id='word_1_671' title='bbox 1425 4544 1477 4578; x_wconf 86' lang='grc' dir='ltr'><strong>τι</strong></span> <span class='ocrx_word' id='word_1_672' title='bbox 1522 4525 1684 4593; x_wconf 79' lang='grc' dir='ltr'>φάναι</span> 
     </span>
    </p>
   </div>
   <div class='ocr_carea' id='block_1_93' title="bbox 1778 4525 3345 4612">
    <p class='ocr_par' dir='ltr' id='par_1_93' title="bbox 1788 4529 3345 4604">
     <span class='ocr_line' id='line_1_93' title="bbox 1788 4529 3345 4604; baseline -0.005 -14"><span class='ocrx_word' id='word_1_673' title='bbox 1788 4544 1980 4590; x_wconf 88' lang='lat' dir='ltr'><strong>contra</strong></span> <span class='ocrx_word' id='word_1_674' title='bbox 2011 4533 2260 4602; x_wconf 87' lang='lat' dir='ltr'><strong>quemvis</strong></span> <span class='ocrx_word' id='word_1_675' title='bbox 2292 4533 2408 4593; x_wconf 83' lang='lat' dir='ltr'><strong>sive</strong></span> <span class='ocrx_word' id='word_1_676' title='bbox 2440 4546 2750 4604; x_wconf 86' lang='lat' dir='ltr'><strong>sermonem</strong></span> <span class='ocrx_word' id='word_1_677' title='bbox 2783 4531 2899 4585; x_wconf 87' lang='lat' dir='ltr'><strong>sive</strong></span> <span class='ocrx_word' id='word_1_678' title='bbox 2926 4530 3205 4584; x_wconf 86' lang='lat' dir='ltr'><strong>hominem</strong></span> <span class='ocrx_word' id='word_1_679' title='bbox 3241 4529 3345 4582; x_wconf 88' lang='lat' dir='ltr'><strong>im-</strong></span> 
     </span>
    </p>
   </div>
   <div class='ocr_carea' id='block_1_94' title="bbox 125 4613 1684 4696">
    <p class='ocr_par' dir='ltr' id='par_1_94' title="bbox 125 4613 1683 4684">
     <span class='ocr_line' id='line_1_94' title="bbox 125 4613 1683 4684; baseline -0.006 -11"><span class='ocrx_word' id='word_1_680' title='bbox 125 4623 224 4673; x_wconf 81' lang='grc' dir='ltr'><strong>τδν</strong></span> <span class='ocrx_word' id='word_1_681' title='bbox 260 4619 500 4672; x_wconf 82' lang='grc' dir='ltr'>ῦποπτον</span> <span class='ocrx_word' id='word_1_682' title='bbox 543 4618 724 4681; x_wconf 82' lang='grc' dir='ltr'>αὐτοῖς</span> <span class='ocrx_word' id='word_1_683' title='bbox 776 4617 866 4669; x_wconf 56' lang='grc' dir='ltr'><strong>καὶ⁸</strong></span> <span class='ocrx_word' id='word_1_684' title='bbox 909 4613 1270 4684; x_wconf 85' lang='grc' dir='ltr'>φθονούμενον</span> <span class='ocrx_word' id='word_1_685' title='bbox 1322 4615 1683 4683; x_wconf 77' lang='grc' dir='ltr'>σφαδάζοντες</span> 
     </span>
    </p>
   </div>
   <div class='ocr_carea' id='block_1_95' title="bbox 1778 4613 3342 4696">
    <p class='ocr_par' dir='ltr' id='par_1_95' title="bbox 1782 4620 3342 4696">
     <span class='ocr_line' id='line_1_95' title="bbox 1782 4620 3342 4696; baseline -0.003 -16"><span class='ocrx_word' id='word_1_686' title='bbox 1782 4627 1960 4696; x_wconf 91' lang='lat' dir='ltr'><strong>perite</strong></span> <span class='ocrx_word' id='word_1_687' title='bbox 1996 4633 2051 4679; x_wconf 93' lang='lat' dir='ltr'><strong>et</strong></span> <span class='ocrx_word' id='word_1_688' title='bbox 2081 4623 2287 4678; x_wconf 87' lang='lat' dir='ltr'><strong>rustice</strong></span> <span class='ocrx_word' id='word_1_689' title='bbox 2326 4624 2654 4694; x_wconf 74' lang='lat' dir='ltr'><strong>insolescere</strong></span> <span class='ocrx_word' id='word_1_690' title='bbox 2684 4630 2974 4677; x_wconf 86' lang='lat' dir='ltr'><strong>venustum</strong></span> <span class='ocrx_word' id='word_1_691' title='bbox 3011 4633 3067 4676; x_wconf 82' lang='lat' dir='ltr'><strong>et</strong></span> <span class='ocrx_word' id='word_1_692' title='bbox 3098 4620 3342 4689; x_wconf 89' lang='lat' dir='ltr'><strong>lepidum</strong></span> 
     </span>
    </p>
   </div>
   <div class='ocr_carea' id='block_1_96' title="bbox 127 4703 1686 4778">
    <p class='ocr_par' dir='ltr' id='par_1_96' title="bbox 127 4703 1686 4778">
     <span class='ocr_line' id='line_1_96' title="bbox 127 4703 1686 4778; baseline -0.004 -15"><span class='ocrx_word' id='word_1_693' title='bbox 127 4711 211 4778; x_wconf 81' lang='grc' dir='ltr'>τῷ</span> <span class='ocrx_word' id='word_1_694' title='bbox 238 4708 508 4778; x_wconf 82' lang='grc' dir='ltr'>πνεύματι</span> <span class='ocrx_word' id='word_1_695' title='bbox 539 4708 633 4759; x_wconf 61' lang='grc' dir='ltr'><strong>καὶ⁷</strong></span> <span class='ocrx_word' id='word_1_696' title='bbox 677 4703 788 4760; x_wconf 80' lang='grc' dir='ltr'>οἷον</span> <span class='ocrx_word' id='word_1_697' title='bbox 822 4706 918 4776; x_wconf 82' lang='grc' dir='ltr'>τὴν</span> <span class='ocrx_word' id='word_1_698' title='bbox 950 4705 1126 4775; x_wconf 80' lang='grc' dir='ltr'>ψυχὴν</span> <span class='ocrx_word' id='word_1_699' title='bbox 1168 4706 1540 4776; x_wconf 70' lang='grc' dir='ltr'>προωθοῦντες</span> <span class='ocrx_word' id='word_1_700' title='bbox 1589 4705 1686 4759; x_wconf 70' lang='grc' dir='ltr'>καὶ</span> 
     </span>
    </p>
   </div>
   <div class='ocr_carea' id='block_1_97' title="bbox 132 4793 1686 4868">
    <p class='ocr_par' dir='ltr' id='par_1_97' title="bbox 132 4793 1686 4868">
     <span class='ocr_line' id='line_1_97' title="bbox 132 4793 1686 4868; baseline -0.001 -19"><span class='ocrx_word' id='word_1_701' title='bbox 132 4799 234 4868; x_wconf 80' lang='grc' dir='ltr'><strong>τὴν</strong></span> <span class='ocrx_word' id='word_1_702' title='bbox 270 4798 446 4868; x_wconf 87' lang='grc' dir='ltr'>ἀκοὴν</span> <span class='ocrx_word' id='word_1_703' title='bbox 495 4795 869 4864; x_wconf 78' lang='grc' dir='ltr'>ἑτοιμάζοντες</span> <span class='ocrx_word' id='word_1_704' title='bbox 898 4795 992 4848; x_wconf 76' lang='grc' dir='ltr'>καὶ</span> <span class='ocrx_word' id='word_1_705' title='bbox 1015 4793 1111 4864; x_wconf 80' lang='grc' dir='ltr'>τὴν</span> <span class='ocrx_word' id='word_1_706' title='bbox 1149 4795 1399 4864; x_wconf 85' lang='grc' dir='ltr'>γλῶσσαν</span> <span class='ocrx_word' id='word_1_707' title='bbox 1421 4797 1554 4864; x_wconf 75' lang='grc' dir='ltr'>πρὸς</span> <span class='ocrx_word' id='word_1_708' title='bbox 1588 4795 1686 4865; x_wconf 89' lang='grc' dir='ltr'><strong>θή-</strong></span> 
     </span>
    </p>
   </div>
   <div class='ocr_carea' id='block_1_98' title="bbox 139 4882 1680 4955">
    <p class='ocr_par' dir='ltr' id='par_1_98' title="bbox 139 4882 1680 4955">
     <span class='ocr_line' id='line_1_98' title="bbox 139 4882 1680 4955; baseline -0.003 -17"><span class='ocrx_word' id='word_1_709' title='bbox 139 4903 235 4955; x_wconf 88' lang='grc' dir='ltr'><strong>ραν</strong></span> <span class='ocrx_word' id='word_1_710' title='bbox 268 4887 416 4949; x_wconf 82' lang='grc' dir='ltr'>τινδς</span> <span class='ocrx_word' id='word_1_711' title='bbox 455 4883 720 4953; x_wconf 73' lang='grc' dir='ltr'>ωλλαδῆς</span> <span class='ocrx_word' id='word_1_712' title='bbox 750 4884 783 4954; x_wconf 71' lang='grc' dir='ltr'>ἢ</span> <span class='ocrx_word' id='word_1_713' title='bbox 829 4883 1042 4948; x_wconf 80' lang='grc' dir='ltr'>λέξεως,</span> <span class='ocrx_word' id='word_1_714' title='bbox 1079 4882 1175 4952; x_wconf 81' lang='grc' dir='ltr'>οὐχ</span> <span class='ocrx_word' id='word_1_715' title='bbox 1227 4884 1314 4936; x_wconf 79' lang='grc' dir='ltr'>ἵνα</span> <span class='ocrx_word' id='word_1_716' title='bbox 1351 4883 1680 4954; x_wconf 83' lang='grc' dir='ltr'>εὐθυμῶσιν,</span> 
     </span>
    </p>
   </div>
   <div class='ocr_carea' id='block_1_99' title="bbox 138 4971 1686 5044">
    <p class='ocr_par' dir='ltr' id='par_1_99' title="bbox 138 4971 1686 5044">
     <span class='ocr_line' id='line_1_99' title="bbox 138 4971 1686 5044; baseline -0.005 -12"><span class='ocrx_word' id='word_1_717' title='bbox 138 4975 250 5032; x_wconf 80' lang='grc' dir='ltr'>ἀλλ’</span> <span class='ocrx_word' id='word_1_718' title='bbox 296 4976 385 5028; x_wconf 80' lang='grc' dir='ltr'>ἵνα</span> <span class='ocrx_word' id='word_1_719' title='bbox 421 4974 685 5030; x_wconf 86' lang='grc' dir='ltr'>κακίσωσι</span> <span class='ocrx_word' id='word_1_720' title='bbox 730 4974 823 5027; x_wconf 75' lang='grc' dir='ltr'>καὶ</span> <span class='ocrx_word' id='word_1_721' title='bbox 869 4972 999 5042; x_wconf 83' lang='grc' dir='ltr'>ῦλην</span> <span class='ocrx_word' id='word_1_722' title='bbox 1051 4971 1212 5041; x_wconf 72' lang='grc' dir='ltr'>ἔχωσι</span> <span class='ocrx_word' id='word_1_723' title='bbox 1243 4975 1344 5044; x_wconf 87' lang='grc' dir='ltr'><strong>τῆς</strong></span> <span class='ocrx_word' id='word_1_724' title='bbox 1376 4977 1496 5028; x_wconf 81' lang='grc' dir='ltr'>κατ’</span> <span class='ocrx_word' id='word_1_725' title='bbox 1525 4973 1686 5027; x_wconf 84' lang='grc' dir='ltr'>αὐτοῦ</span> 
     </span>
    </p>
   </div>
   <div class='ocr_carea' id='block_1_100' title="bbox 140 5062 1686 5137">
    <p class='ocr_par' dir='ltr' id='par_1_100' title="bbox 140 5062 1686 5137">
     <span class='ocr_line' id='line_1_100' title="bbox 140 5062 1686 5137; baseline -0.003 -17"><span class='ocrx_word' id='word_1_726' title='bbox 140 5065 540 5137; x_wconf 84' lang='grc' dir='ltr'>γλωσσαλγίας.</span> <span class='ocrx_word' id='word_1_727' title='bbox 568 5064 744 5134; x_wconf 85' lang='grc' dir='ltr'>Ὅπερ</span> <span class='ocrx_word' id='word_1_728' title='bbox 775 5062 1054 5118; x_wconf 72' lang='grc' dir='ltr'>ἐποιοῦντο</span> <span class='ocrx_word' id='word_1_729' title='bbox 1076 5062 1154 5130; x_wconf 89' lang='grc' dir='ltr'>τῷ</span> <span class='ocrx_word' id='word_1_730' title='bbox 1180 5066 1318 5134; x_wconf 82' lang='grc' dir='ltr'>ἁγίῳ</span> <span class='ocrx_word' id='word_1_731' title='bbox 1341 5065 1513 5135; x_wconf 84' lang='grc' dir='ltr'>τούτῳ</span> <span class='ocrx_word' id='word_1_732' title='bbox 1536 5066 1686 5132; x_wconf 71' lang='grc' dir='ltr'>ἀνδρὶ</span> 
     </span>
    </p>
   </div>
   <div class='ocr_carea' id='block_1_101' title="bbox 140 5151 1684 5224">
    <p class='ocr_par' dir='ltr' id='par_1_101' title="bbox 140 5151 1684 5224">
     <span class='ocr_line' id='line_1_101' title="bbox 140 5151 1684 5224; baseline -0.003 -15"><span class='ocrx_word' id='word_1_733' title='bbox 140 5162 187 5209; x_wconf 82' lang='grc' dir='ltr'>οἱ</span> <span class='ocrx_word' id='word_1_734' title='bbox 218 5157 339 5208; x_wconf 84' lang='grc' dir='ltr'>κατ’</span> <span class='ocrx_word' id='word_1_735' title='bbox 368 5157 544 5209; x_wconf 77' lang='grc' dir='ltr'>έκεῖνο</span> <span class='ocrx_word' id='word_1_736' title='bbox 592 5153 784 5223; x_wconf 81' lang='grc' dir='ltr'>καιροῦ</span> <span class='ocrx_word' id='word_1_737' title='bbox 815 5154 911 5223; x_wconf 89' lang='grc' dir='ltr'><strong>τῆς</strong></span> <span class='ocrx_word' id='word_1_738' title='bbox 940 5151 1195 5219; x_wconf 85' lang='grc' dir='ltr'>ἀληθείας</span> <span class='ocrx_word' id='word_1_739' title='bbox 1238 5155 1440 5223; x_wconf 67' lang='grc' dir='ltr'>ἐχθροὶ,</span> <span class='ocrx_word' id='word_1_740' title='bbox 1470 5172 1684 5224; x_wconf 87' lang='grc' dir='ltr'>προπη-</span> 
     </span>
    </p>
   </div>
   <div class='ocr_carea' id='block_1_102' title="bbox 138 5243 1684 5316">
    <p class='ocr_par' dir='ltr' id='par_1_102' title="bbox 138 5243 1684 5316">
     <span class='ocr_line' id='line_1_102' title="bbox 138 5243 1684 5316; baseline -0.003 -16"><span class='ocrx_word' id='word_1_741' title='bbox 138 5247 354 5308; x_wconf 84' lang='grc' dir='ltr'>δῶντες,</span> <span class='ocrx_word' id='word_1_742' title='bbox 397 5246 491 5299; x_wconf 68' lang='grc' dir='ltr'><strong>καὶ⁹</strong></span> <span class='ocrx_word' id='word_1_743' title='bbox 523 5243 1055 5313; x_wconf 79' lang='grc' dir='ltr'>προεξανιστάμενοι,</span> <span class='ocrx_word' id='word_1_744' title='bbox 1102 5244 1194 5295; x_wconf 76' lang='grc' dir='ltr'>καὶ</span> <span class='ocrx_word' id='word_1_745' title='bbox 1238 5246 1366 5315; x_wconf 76' lang='grc' dir='ltr'>πρὶν</span> <span class='ocrx_word' id='word_1_746' title='bbox 1409 5247 1684 5316; x_wconf 84' lang='grc' dir='ltr'>λεχθῆναι,</span> 
     </span>
    </p>
   </div>
   <div class='ocr_carea' id='block_1_103' title="bbox 141 5330 1683 5405">
    <p class='ocr_par' dir='ltr' id='par_1_103' title="bbox 141 5330 1683 5405">
     <span class='ocr_line' id='line_1_103' title="bbox 141 5330 1683 5405; baseline -0.002 -16"><span class='ocrx_word' id='word_1_747' title='bbox 141 5336 244 5389; x_wconf 83' lang='grc' dir='ltr'>τῶν</span> <span class='ocrx_word' id='word_1_748' title='bbox 279 5333 588 5404; x_wconf 83' lang='grc' dir='ltr'>λεγομένων</span> <span class='ocrx_word' id='word_1_749' title='bbox 609 5349 622 5364; x_wconf 89' lang='grc'><strong>·</strong></span> <span class='ocrx_word' id='word_1_750' title='bbox 658 5334 907 5402; x_wconf 83' lang='grc' dir='ltr'>καθάπερ</span> <span class='ocrx_word' id='word_1_751' title='bbox 950 5330 1056 5382; x_wconf 85' lang='grc' dir='ltr'><strong>τῶν</strong></span> <span class='ocrx_word' id='word_1_752' title='bbox 1103 5331 1281 5387; x_wconf 84' lang='grc' dir='ltr'>ἵππων</span> <span class='ocrx_word' id='word_1_753' title='bbox 1304 5336 1428 5397; x_wconf 75' lang='grc' dir='ltr'>τοὺς</span> <span class='ocrx_word' id='word_1_754' title='bbox 1460 5336 1683 5405; x_wconf 88' lang='grc' dir='ltr'>πολεμι-</span> 
     </span>
    </p>
   </div>
   <div class='ocr_carea' id='block_1_104' title="bbox 141 5422 1686 5497">
    <p class='ocr_par' dir='ltr' id='par_1_104' title="bbox 141 5422 1686 5497">
     <span class='ocr_line' id='line_1_104' title="bbox 141 5422 1686 5497; baseline 0.003 -19"><span class='ocrx_word' id='word_1_755' title='bbox 141 5425 392 5495; x_wconf 62' lang='lat' dir='ltr'><strong>mpii”;</strong></span> <span class='ocrx_word' id='word_1_756' title='bbox 423 5443 483 5479; x_wconf 90' lang='grc' dir='ltr'><strong>τε</strong></span> <span class='ocrx_word' id='word_1_757' title='bbox 510 5427 601 5478; x_wconf 75' lang='grc' dir='ltr'>καὶ</span> <span class='ocrx_word' id='word_1_758' title='bbox 630 5422 1353 5496; x_wconf 72' lang='grc' dir='ltr'>(1821))άμιλλητηρίους,</span> <span class='ocrx_word' id='word_1_759' title='bbox 1387 5428 1436 5480; x_wconf 85' lang='grc' dir='ltr'>οἶ</span> <span class='ocrx_word' id='word_1_760' title='bbox 1463 5428 1555 5481; x_wconf 77' lang='grc' dir='ltr'>καὶ</span> <span class='ocrx_word' id='word_1_761' title='bbox 1586 5429 1686 5497; x_wconf 82' lang='grc' dir='ltr'>πρὸ</span> 
     </span>
    </p>
   </div>
   <div class='ocr_carea' id='block_1_105' title="bbox 138 5515 1684 5586">
    <p class='ocr_par' dir='ltr' id='par_1_105' title="bbox 138 5515 1684 5586">
     <span class='ocr_line' id='line_1_105' title="bbox 138 5515 1684 5586; baseline 0.003 -19"><span class='ocrx_word' id='word_1_762' title='bbox 138 5515 245 5568; x_wconf 83' lang='grc' dir='ltr'>τῶν</span> <span class='ocrx_word' id='word_1_763' title='bbox 293 5516 519 5584; x_wconf 83' lang='grc' dir='ltr'>ἀγώνων</span> <span class='ocrx_word' id='word_1_764' title='bbox 559 5518 654 5568; x_wconf 72' lang='grc' dir='ltr'>καὶ</span> <span class='ocrx_word' id='word_1_765' title='bbox 689 5517 784 5586; x_wconf 86' lang='grc' dir='ltr'><strong>τῆς</strong></span> <span class='ocrx_word' id='word_1_766' title='bbox 830 5515 1124 5581; x_wconf 83' lang='grc' dir='ltr'>σάλπιγγος</span> <span class='ocrx_word' id='word_1_767' title='bbox 1158 5516 1414 5585; x_wconf 83' lang='grc' dir='ltr'>εὑθυτενῆ</span> <span class='ocrx_word' id='word_1_768' title='bbox 1459 5519 1526 5569; x_wconf 83' lang='grc' dir='ltr'>τὰ</span> <span class='ocrx_word' id='word_1_769' title='bbox 1570 5515 1684 5571; x_wconf 80' lang='grc' dir='ltr'>ὦτα</span> 
     </span>
    </p>
   </div>
   <div class='ocr_carea' id='block_1_106' title="bbox 1779 4711 3346 4785">
    <p class='ocr_par' dir='ltr' id='par_1_106' title="bbox 1779 4711 3346 4785">
     <span class='ocr_line' id='line_1_106' title="bbox 1779 4711 3346 4785; baseline -0.002 -18"><span class='ocrx_word' id='word_1_770' title='bbox 1779 4715 2047 4785; x_wconf 74' lang='lat' dir='ltr'><strong>iudicant,</strong></span> <span class='ocrx_word' id='word_1_771' title='bbox 2079 4728 2142 4768; x_wconf 91' lang='lat' dir='ltr'><strong>ac</strong></span> <span class='ocrx_word' id='word_1_772' title='bbox 2176 4715 2495 4784; x_wconf 86' lang='lat' dir='ltr'><strong>priusquam</strong></span> <span class='ocrx_word' id='word_1_773' title='bbox 2539 4714 2585 4768; x_wconf 89' lang='lat' dir='ltr'><strong>is</strong></span> <span class='ocrx_word' id='word_1_774' title='bbox 2621 4713 2714 4783; x_wconf 91' lang='lat' dir='ltr'><strong>qui</strong></span> <span class='ocrx_word' id='word_1_775' title='bbox 2752 4713 2856 4768; x_wconf 89' lang='lat' dir='ltr'><strong>sibi</strong></span> <span class='ocrx_word' id='word_1_776' title='bbox 2893 4711 3028 4782; x_wconf 89' lang='lat' dir='ltr'><strong>ipsis</strong></span> <span class='ocrx_word' id='word_1_777' title='bbox 3060 4718 3346 4778; x_wconf 80' lang='lat' dir='ltr'><strong>suspectus</strong></span> 
     </span>
    </p>
   </div>
   <div class='ocr_carea' id='block_1_107' title="bbox 1782 4796 3411 4875">
    <p class='ocr_par' dir='ltr' id='par_1_107' title="bbox 1782 4796 3411 4875">
     <span class='ocr_line' id='line_1_107' title="bbox 1782 4796 3411 4875; baseline -0.004 -15"><span class='ocrx_word' id='word_1_778' title='bbox 1782 4815 1887 4870; x_wconf 90' lang='lat' dir='ltr'><strong>est,</strong></span> <span class='ocrx_word' id='word_1_779' title='bbox 1908 4806 1994 4860; x_wconf 86' lang='lat' dir='ltr'><strong>vel</strong></span> <span class='ocrx_word' id='word_1_780' title='bbox 2022 4807 2109 4860; x_wconf 88' lang='lat' dir='ltr'><strong>cui</strong></span> <span class='ocrx_word' id='word_1_781' title='bbox 2135 4796 2400 4868; x_wconf 85' lang='lat' dir='ltr'><strong>invident,</strong></span> <span class='ocrx_word' id='word_1_782' title='bbox 2425 4805 2631 4875; x_wconf 86' lang='lat' dir='ltr'><strong>aliquid</strong></span> <span class='ocrx_word' id='word_1_783' title='bbox 2655 4803 2824 4868; x_wconf 88' lang='lat' dir='ltr'><strong>dicat,</strong></span> <span class='ocrx_word' id='word_1_784' title='bbox 2847 4804 3042 4873; x_wconf 90' lang='lat' dir='ltr'><strong>spiritu</strong></span> <span class='ocrx_word' id='word_1_785' title='bbox 3069 4801 3345 4856; x_wconf 73' lang='lat' dir='ltr'><strong>exsultant</strong></span> <span class='ocrx_word' id='word_1_786' title='bbox 3409 4858 3411 4861; x_wconf 65' lang='grc'><strong>,</strong></span> 
     </span>
    </p>
   </div>
   <div class='ocr_carea' id='block_1_108' title="bbox 1783 4895 3342 4964">
    <p class='ocr_par' dir='ltr' id='par_1_108' title="bbox 1783 4895 3342 4964">
     <span class='ocr_line' id='line_1_108' title="bbox 1783 4895 3342 4964; baseline -0.003 -14"><span class='ocrx_word' id='word_1_787' title='bbox 1783 4907 1839 4963; x_wconf 73' lang='grc' dir='ltr'><strong>οι</strong></span> <span class='ocrx_word' id='word_1_788' title='bbox 1861 4897 2028 4952; x_wconf 91' lang='lat' dir='ltr'><strong>veluti</strong></span> <span class='ocrx_word' id='word_1_789' title='bbox 2053 4897 2290 4950; x_wconf 91' lang='lat' dir='ltr'><strong>animam</strong></span> <span class='ocrx_word' id='word_1_790' title='bbox 2319 4895 2632 4964; x_wconf 89' lang='lat' dir='ltr'><strong>propellunt</strong></span> <span class='ocrx_word' id='word_1_791' title='bbox 2654 4895 3009 4964; x_wconf 89' lang='lat' dir='ltr'><strong>auditumque</strong></span> <span class='ocrx_word' id='word_1_792' title='bbox 3035 4900 3342 4962; x_wconf 59' lang='lat' dir='ltr'><strong>praeparant</strong></span> 
     </span>
    </p>
   </div>
   <div class='ocr_carea' id='block_1_109' title="bbox 1791 4983 3342 5056">
    <p class='ocr_par' dir='ltr' id='par_1_109' title="bbox 1791 4983 3342 5056">
     <span class='ocr_line' id='line_1_109' title="bbox 1791 4983 3342 5056; baseline -0.004 -15"><span class='ocrx_word' id='word_1_793' title='bbox 1791 4996 1848 5041; x_wconf 93' lang='lat' dir='ltr'><strong>et</strong></span> <span class='ocrx_word' id='word_1_794' title='bbox 1895 4988 2135 5056; x_wconf 83' lang='lat' dir='ltr'><strong>linguam</strong></span> <span class='ocrx_word' id='word_1_795' title='bbox 2182 4987 2250 5040; x_wconf 92' lang='lat' dir='ltr'><strong>ad</strong></span> <span class='ocrx_word' id='word_1_796' title='bbox 2297 4986 2554 5055; x_wconf 89' lang='lat' dir='ltr'><strong>syllabam</strong></span> <span class='ocrx_word' id='word_1_797' title='bbox 2599 4987 2837 5056; x_wconf 90' lang='lat' dir='ltr'><strong>aliquam</strong></span> <span class='ocrx_word' id='word_1_798' title='bbox 2883 4987 2966 5039; x_wconf 85' lang='lat' dir='ltr'><strong>vel</strong></span> <span class='ocrx_word' id='word_1_799' title='bbox 3014 4983 3342 5037; x_wconf 89' lang='lat' dir='ltr'><strong>locutionem</strong></span> 
     </span>
    </p>
   </div>
   <div class='ocr_carea' id='block_1_110' title="bbox 1786 5071 3345 5145">
    <p class='ocr_par' dir='ltr' id='par_1_110' title="bbox 1786 5071 3345 5145">
     <span class='ocr_line' id='line_1_110' title="bbox 1786 5071 3345 5145; baseline -0.003 -17"><span class='ocrx_word' id='word_1_800' title='bbox 1786 5075 2113 5138; x_wconf 80' lang='lat' dir='ltr'><strong>venandam,</strong></span> <span class='ocrx_word' id='word_1_801' title='bbox 2144 5091 2252 5130; x_wconf 91' lang='lat' dir='ltr'><strong>non</strong></span> <span class='ocrx_word' id='word_1_802' title='bbox 2282 5091 2394 5145; x_wconf 89' lang='lat' dir='ltr'><strong>quo</strong></span> <span class='ocrx_word' id='word_1_803' title='bbox 2427 5077 2615 5130; x_wconf 66' lang='lat' dir='ltr'><strong>lmtitia</strong></span> <span class='ocrx_word' id='word_1_804' title='bbox 2647 5087 2704 5131; x_wconf 93' lang='lat' dir='ltr'><strong>et</strong></span> <span class='ocrx_word' id='word_1_805' title='bbox 2731 5076 3002 5130; x_wconf 81' lang='lat' dir='ltr'><strong>hilaritate</strong></span> <span class='ocrx_word' id='word_1_806' title='bbox 3035 5072 3200 5127; x_wconf 90' lang='lat' dir='ltr'><strong>animi</strong></span> <span class='ocrx_word' id='word_1_807' title='bbox 3231 5071 3345 5124; x_wconf 81' lang='lat' dir='ltr'><strong>alli-</strong></span> 
     </span>
    </p>
   </div>
   <div class='ocr_carea' id='block_1_111' title="bbox 1793 5149 3344 5235">
    <p class='ocr_par' dir='ltr' id='par_1_111' title="bbox 1793 5149 3344 5235">
     <span class='ocr_line' id='line_1_111' title="bbox 1793 5149 3344 5235; baseline -0.001 -17"><span class='ocrx_word' id='word_1_808' title='bbox 1793 5165 1958 5228; x_wconf 89' lang='lat' dir='ltr'><strong>ciant,</strong></span> <span class='ocrx_word' id='word_1_809' title='bbox 1995 5166 2091 5219; x_wconf 91' lang='lat' dir='ltr'><strong>sed</strong></span> <span class='ocrx_word' id='word_1_810' title='bbox 2131 5173 2192 5218; x_wconf 92' lang='lat' dir='ltr'><strong>ut</strong></span> <span class='ocrx_word' id='word_1_811' title='bbox 2230 5165 2485 5235; x_wconf 74' lang='lat' dir='ltr'><strong>iniuriam</strong></span> <span class='ocrx_word' id='word_1_812' title='bbox 2527 5167 2762 5221; x_wconf 90' lang='lat' dir='ltr'><strong>inferant</strong></span> <span class='ocrx_word' id='word_1_813' title='bbox 2799 5149 3187 5232; x_wconf 83' lang='lat' dir='ltr'><strong>materiamque</strong></span> <span class='ocrx_word' id='word_1_814' title='bbox 3231 5178 3344 5217; x_wconf 70' lang='lat' dir='ltr'><strong>sua:</strong></span> 
     </span>
    </p>
   </div>
   <div class='ocr_carea' id='block_1_112' title="bbox 1793 5252 3342 5324">
    <p class='ocr_par' dir='ltr' id='par_1_112' title="bbox 1793 5252 3342 5324">
     <span class='ocr_line' id='line_1_112' title="bbox 1793 5252 3342 5324; baseline 0.002 -20"><span class='ocrx_word' id='word_1_815' title='bbox 1793 5253 2106 5319; x_wconf 62' lang='lat' dir='ltr'><strong>petulantiae</strong></span> <span class='ocrx_word' id='word_1_816' title='bbox 2133 5252 2386 5307; x_wconf 90' lang='lat' dir='ltr'><strong>habeant.</strong></span> <span class='ocrx_word' id='word_1_817' title='bbox 2419 5255 2478 5309; x_wconf 92' lang='lat' dir='ltr'><strong>ld</strong></span> <span class='ocrx_word' id='word_1_818' title='bbox 2508 5256 2654 5324; x_wconf 93' lang='lat' dir='ltr'><strong>quod</strong></span> <span class='ocrx_word' id='word_1_819' title='bbox 2685 5255 2812 5308; x_wconf 90' lang='lat' dir='ltr'><strong>huic</strong></span> <span class='ocrx_word' id='word_1_820' title='bbox 2845 5261 3033 5308; x_wconf 89' lang='lat' dir='ltr'><strong>sancto</strong></span> <span class='ocrx_word' id='word_1_821' title='bbox 3056 5253 3176 5306; x_wconf 89' lang='lat' dir='ltr'><strong>viro</strong></span> <span class='ocrx_word' id='word_1_822' title='bbox 3201 5254 3342 5307; x_wconf 84' lang='lat' dir='ltr'><strong>acci-</strong></span> 
     </span>
    </p>
   </div>
   <div class='ocr_carea' id='block_1_113' title="bbox 1791 5342 3338 5413">
    <p class='ocr_par' dir='ltr' id='par_1_113' title="bbox 1791 5342 3338 5413">
     <span class='ocr_line' id='line_1_113' title="bbox 1791 5342 3338 5413; baseline 0 -18"><span class='ocrx_word' id='word_1_823' title='bbox 1791 5343 1870 5395; x_wconf 89' lang='lat' dir='ltr'><strong>dit</strong></span> <span class='ocrx_word' id='word_1_824' title='bbox 1899 5344 1990 5396; x_wconf 89' lang='lat' dir='ltr'><strong>illo</strong></span> <span class='ocrx_word' id='word_1_825' title='bbox 2022 5353 2265 5413; x_wconf 90' lang='lat' dir='ltr'><strong>tempore</strong></span> <span class='ocrx_word' id='word_1_826' title='bbox 2295 5345 2364 5400; x_wconf 91' lang='lat' dir='ltr'><strong>ah</strong></span> <span class='ocrx_word' id='word_1_827' title='bbox 2392 5346 2638 5413; x_wconf 62' lang='lat' dir='ltr'><strong>,veritatis</strong></span> <span class='ocrx_word' id='word_1_828' title='bbox 2671 5345 2926 5410; x_wconf 83' lang='lat' dir='ltr'><strong>inimicis,</strong></span> <span class='ocrx_word' id='word_1_829' title='bbox 2950 5342 3215 5413; x_wconf 86' lang='lat' dir='ltr'><strong>ejusmodi</strong></span> <span class='ocrx_word' id='word_1_830' title='bbox 3246 5343 3338 5410; x_wconf 88' lang='lat' dir='ltr'><strong>qui</strong></span> 
     </span>
    </p>
   </div>
   <div class='ocr_carea' id='block_1_114' title="bbox 1792 5434 3339 5504">
    <p class='ocr_par' dir='ltr' id='par_1_114' title="bbox 1792 5434 3339 5504">
     <span class='ocr_line' id='line_1_114' title="bbox 1792 5434 3339 5504; baseline 0.003 -20"><span class='ocrx_word' id='word_1_831' title='bbox 1792 5434 2098 5500; x_wconf 84' lang='lat' dir='ltr'><strong>prosiliunt,</strong></span> <span class='ocrx_word' id='word_1_832' title='bbox 2135 5442 2190 5488; x_wconf 90' lang='lat' dir='ltr'><strong>et</strong></span> <span class='ocrx_word' id='word_1_833' title='bbox 2231 5437 2317 5490; x_wconf 85' lang='lat' dir='ltr'><strong>vel</strong></span> <span class='ocrx_word' id='word_1_834' title='bbox 2363 5437 2675 5504; x_wconf 88' lang='lat' dir='ltr'><strong>priusquam</strong></span> <span class='ocrx_word' id='word_1_835' title='bbox 2719 5435 2861 5489; x_wconf 90' lang='lat' dir='ltr'><strong>dicta</strong></span> <span class='ocrx_word' id='word_1_836' title='bbox 2905 5435 3033 5494; x_wconf 84' lang='lat' dir='ltr'><strong>sint.</strong></span> <span class='ocrx_word' id='word_1_837' title='bbox 3067 5434 3118 5485; x_wconf 88' lang='lat' dir='ltr'><strong>in</strong></span> <span class='ocrx_word' id='word_1_838' title='bbox 3157 5434 3339 5489; x_wconf 84' lang='lat' dir='ltr'><strong>verbis</strong></span> 
     </span>
    </p>
   </div>
   <div class='ocr_carea' id='block_1_115' title="bbox 1788 5520 3333 5590">
    <p class='ocr_par' dir='ltr' id='par_1_115' title="bbox 1788 5520 3333 5590">
     <span class='ocr_line' id='line_1_115' title="bbox 1788 5520 3333 5590; baseline -0.001 -15"><span class='ocrx_word' id='word_1_839' title='bbox 1788 5537 1975 5575; x_wconf 83' lang='lat' dir='ltr'><strong>ansam</strong></span> <span class='ocrx_word' id='word_1_840' title='bbox 2003 5530 2057 5575; x_wconf 90' lang='lat' dir='ltr'><strong>et</strong></span> <span class='ocrx_word' id='word_1_841' title='bbox 2086 5524 2428 5578; x_wconf 87' lang='lat' dir='ltr'><strong>occasionem</strong></span> <span class='ocrx_word' id='word_1_842' title='bbox 2465 5541 2521 5578; x_wconf 84' lang='lat' dir='ltr'><strong>se</strong></span> <span class='ocrx_word' id='word_1_843' title='bbox 2560 5523 2816 5576; x_wconf 84' lang='lat' dir='ltr'><strong>incitandi</strong></span> <span class='ocrx_word' id='word_1_844' title='bbox 2853 5522 3090 5590; x_wconf 84' lang='lat' dir='ltr'><strong>arripere</strong></span> <span class='ocrx_word' id='word_1_845' title='bbox 3127 5520 3333 5584; x_wconf 86' lang='lat' dir='ltr'><strong>solent;</strong></span> 
     </span>
    </p>
   </div>
   <div class='ocr_carea' id='block_1_116' title="bbox 1383 5649 2041 5728">
    <p class='ocr_par' dir='ltr' id='par_1_116' title="bbox 1383 5649 2041 5728">
     <span class='ocr_line' id='line_1_116' title="bbox 1383 5649 2041 5728; baseline 0.011 -28"><span class='ocrx_word' id='word_1_846' title='bbox 1383 5649 1611 5704; x_wconf 61' lang='lat' dir='ltr'><strong>vanum</strong></span> <span class='ocrx_word' id='word_1_847' title='bbox 1652 5652 2041 5728; x_wconf 64' lang='lat' dir='ltr'><strong>inermes,</strong></span> 
     </span>
    </p>
   </div>
   <div class='ocr_carea' id='block_1_117' title="bbox 205 5758 1686 5837">
    <p class='ocr_par' dir='ltr' id='par_1_117' title="bbox 205 5758 1686 5837">
     <span class='ocr_line' id='line_1_117' title="bbox 205 5758 1686 5837; baseline 0.001 -25"><span class='ocrx_word' id='word_1_848' title='bbox 205 5758 252 5792; x_wconf 76' lang='grc'><strong>⁸³</strong></span> <span class='ocrx_word' id='word_1_849' title='bbox 287 5759 674 5828; x_wconf 66' lang='grc' dir='ltr'>ένισχημένιιυς</span> <span class='ocrx_word' id='word_1_850' title='bbox 703 5759 822 5814; x_wconf 89' lang='lat' dir='ltr'><strong>cod.</strong></span> <span class='ocrx_word' id='word_1_851' title='bbox 853 5758 987 5813; x_wconf 80' lang='grc' dir='ltr'>(ἷιιιιΙ.</span> <span class='ocrx_word' id='word_1_852' title='bbox 1068 5759 1105 5788; x_wconf 77' lang='grc'><em>³³</em></span> <span class='ocrx_word' id='word_1_853' title='bbox 1142 5760 1225 5811; x_wconf 74' lang='grc' dir='ltr'><strong>διὰ</strong></span> <span class='ocrx_word' id='word_1_854' title='bbox 1259 5761 1363 5837; x_wconf 77' lang='grc' dir='ltr'>τῷν</span> <span class='ocrx_word' id='word_1_855' title='bbox 1398 5762 1515 5814; x_wconf 86' lang='lat' dir='ltr'><strong>cod.</strong></span> <span class='ocrx_word' id='word_1_856' title='bbox 1544 5761 1686 5816; x_wconf 80' lang='lat' dir='ltr'><strong>Gud.</strong></span> 
     </span>
    </p>
   </div>
  </div>
