  <div class='ocr_page' id='page_1' title='image "/cluster/home/n/w/nwhite01/storage/ocr_20150623/91/pst.000005712977/642.png"; bbox 0 0 3986 6346; ppageno 0'>
   <div class='ocr_carea' id='block_1_1' title="bbox 117 446 1672 548">
    <p class='ocr_par' dir='ltr' id='par_1_1' title="bbox 117 446 1672 523">
     <span class='ocr_line' id='line_1_1' title="bbox 117 446 1672 523; baseline 0.005 -8"><span class='ocrx_word' id='word_1_1' title='bbox 117 446 266 516; x_wconf 66' lang='grc'><strong>1213</strong></span> <span class='ocrx_word' id='word_1_2' title='bbox 1343 464 1672 523; x_wconf 80' lang='lat' dir='ltr'><strong>AMBIGUO</strong></span> 
     </span>
    </p>
   </div>
   <div class='ocr_carea' id='block_1_2' title="bbox 1771 446 3324 548">
    <p class='ocr_par' dir='ltr' id='par_1_2' title="bbox 1771 467 3324 548">
     <span class='ocr_line' id='line_1_2' title="bbox 1771 467 3324 548; baseline 0.01 -24"><span class='ocrx_word' id='word_1_3' title='bbox 1771 467 1849 548; x_wconf 66' lang='lat' dir='ltr'><strong>nu</strong></span> <span class='ocrx_word' id='word_1_4' title='bbox 1887 468 2133 528; x_wconf 86' lang='lat' dir='ltr'><strong>LIBER.</strong></span> <span class='ocrx_word' id='word_1_5' title='bbox 3189 475 3324 540; x_wconf 74' lang='lat'><strong>1214</strong></span> 
     </span>
    </p>
   </div>
   <div class='ocr_carea' id='block_1_3' title="bbox 114 566 1672 651">
    <p class='ocr_par' dir='ltr' id='par_1_3' title="bbox 114 566 1672 642">
     <span class='ocr_line' id='line_1_3' title="bbox 114 566 1672 642; baseline 0.003 -21"><span class='ocrx_word' id='word_1_6' title='bbox 114 583 203 621; x_wconf 84' lang='grc' dir='ltr'><strong>σιν</strong></span> <span class='ocrx_word' id='word_1_7' title='bbox 233 570 261 619; x_wconf 84' lang='grc'>6</span> <span class='ocrx_word' id='word_1_8' title='bbox 290 566 624 630; x_wconf 65' lang='grc' dir='ltr'>διδὶσκαλος.</span> <span class='ocrx_word' id='word_1_9' title='bbox 672 568 731 620; x_wconf 82' lang='grc'><strong>⁸0</strong></span> <span class='ocrx_word' id='word_1_10' title='bbox 781 567 835 620; x_wconf 80' lang='grc' dir='ltr'><strong>δὲ</strong></span> <span class='ocrx_word' id='word_1_11' title='bbox 881 568 1078 637; x_wconf 82' lang='grc' dir='ltr'>μᾶλλον</span> <span class='ocrx_word' id='word_1_12' title='bbox 1127 572 1351 641; x_wconf 80' lang='grc' dir='ltr'><strong>ἀπορεῖν</strong></span> <span class='ocrx_word' id='word_1_13' title='bbox 1399 575 1541 642; x_wconf 77' lang='grc' dir='ltr'>ὑμᾶς</span> <span class='ocrx_word' id='word_1_14' title='bbox 1585 591 1672 624; x_wconf 83' lang='grc' dir='ltr'>πε-</span> 
     </span>
    </p>
   </div>
   <div class='ocr_carea' id='block_1_4' title="bbox 1771 566 3320 651">
    <p class='ocr_par' dir='ltr' id='par_1_4' title="bbox 1781 576 3320 651">
     <span class='ocr_line' id='line_1_4' title="bbox 1781 576 3320 651; baseline 0.009 -24"><span class='ocrx_word' id='word_1_15' title='bbox 1781 591 1900 630; x_wconf 92' lang='lat' dir='ltr'><strong>rore</strong></span> <span class='ocrx_word' id='word_1_16' title='bbox 1938 576 2203 632; x_wconf 73' lang='lat' dir='ltr'><strong>dissidere</strong></span> <span class='ocrx_word' id='word_1_17' title='bbox 2245 580 2341 634; x_wconf 89' lang='lat' dir='ltr'><strong>ait.</strong></span> <span class='ocrx_word' id='word_1_18' title='bbox 2374 580 2473 634; x_wconf 82' lang='lat' dir='ltr'><strong>llic</strong></span> <span class='ocrx_word' id='word_1_19' title='bbox 2513 589 2696 635; x_wconf 88' lang='lat' dir='ltr'><strong>autem</strong></span> <span class='ocrx_word' id='word_1_20' title='bbox 2739 584 2908 651; x_wconf 88' lang='lat' dir='ltr'><strong>magis</strong></span> <span class='ocrx_word' id='word_1_21' title='bbox 2947 583 3211 649; x_wconf 72' lang='lat' dir='ltr'><strong>luesilare,</strong></span> <span class='ocrx_word' id='word_1_22' title='bbox 3245 589 3320 641; x_wconf 87' lang='lat' dir='ltr'><strong>uti</strong></span> 
     </span>
    </p>
   </div>
   <div class='ocr_carea' id='block_1_5' title="bbox 115 652 1672 744">
    <p class='ocr_par' dir='ltr' id='par_1_5' title="bbox 115 652 1671 732">
     <span class='ocr_line' id='line_1_5' title="bbox 115 652 1671 732; baseline 0.006 -26"><span class='ocrx_word' id='word_1_23' title='bbox 115 655 374 726; x_wconf 80' lang='grc' dir='ltr'>ποίηκεν,</span> <span class='ocrx_word' id='word_1_24' title='bbox 420 656 495 718; x_wconf 82' lang='grc' dir='ltr'>ὡς</span> <span class='ocrx_word' id='word_1_25' title='bbox 541 652 709 726; x_wconf 80' lang='grc' dir='ltr'>οἶμαι,</span> <span class='ocrx_word' id='word_1_26' title='bbox 761 658 902 710; x_wconf 86' lang='grc' dir='ltr'>κατά</span> <span class='ocrx_word' id='word_1_27' title='bbox 944 658 1178 712; x_wconf 78' lang='grc' dir='ltr'><strong>τοιούσδε</strong></span> <span class='ocrx_word' id='word_1_28' title='bbox 1227 662 1545 732; x_wconf 84' lang='grc' dir='ltr'>τρόπους,ἢ</span> <span class='ocrx_word' id='word_1_29' title='bbox 1589 665 1671 716; x_wconf 75' lang='grc' dir='ltr'><strong>ὅτι</strong></span> 
     </span>
    </p>
   </div>
   <div class='ocr_carea' id='block_1_6' title="bbox 1771 652 3324 744">
    <p class='ocr_par' dir='ltr' id='par_1_6' title="bbox 1772 668 3324 744">
     <span class='ocr_line' id='line_1_6' title="bbox 1772 668 3324 744; baseline 0.006 -25"><span class='ocrx_word' id='word_1_30' title='bbox 1772 668 2009 730; x_wconf 85' lang='lat' dir='ltr'><strong>videtur,</strong></span> <span class='ocrx_word' id='word_1_31' title='bbox 2041 685 2138 723; x_wconf 85' lang='lat' dir='ltr'><strong>vos</strong></span> <span class='ocrx_word' id='word_1_32' title='bbox 2162 669 2293 723; x_wconf 84' lang='lat' dir='ltr'><strong>fecit</strong></span> <span class='ocrx_word' id='word_1_33' title='bbox 2321 670 2469 724; x_wconf 89' lang='lat' dir='ltr'><strong>hisce</strong></span> <span class='ocrx_word' id='word_1_34' title='bbox 2502 672 2674 726; x_wconf 91' lang='lat' dir='ltr'><strong>modis</strong></span> <span class='ocrx_word' id='word_1_35' title='bbox 2707 691 2717 724; x_wconf 92' lang='lat'>:</span> <span class='ocrx_word' id='word_1_36' title='bbox 2755 674 2859 737; x_wconf 84' lang='lat' dir='ltr'><strong>vel,</strong></span> <span class='ocrx_word' id='word_1_37' title='bbox 2884 676 3027 742; x_wconf 90' lang='lat' dir='ltr'><strong>quod</strong></span> <span class='ocrx_word' id='word_1_38' title='bbox 3059 677 3150 744; x_wconf 87' lang='lat' dir='ltr'><strong>qui</strong></span> <span class='ocrx_word' id='word_1_39' title='bbox 3182 677 3324 744; x_wconf 87' lang='lat' dir='ltr'><strong>mili-</strong></span> 
     </span>
    </p>
   </div>
   <div class='ocr_carea' id='block_1_7' title="bbox 111 740 1672 834">
    <p class='ocr_par' dir='ltr' id='par_1_7' title="bbox 111 745 1672 820">
     <span class='ocr_line' id='line_1_7' title="bbox 111 745 1672 820; baseline 0.005 -23"><span class='ocrx_word' id='word_1_40' title='bbox 111 763 223 815; x_wconf 87' lang='grc' dir='ltr'><strong>περ</strong></span> <span class='ocrx_word' id='word_1_41' title='bbox 267 748 319 797; x_wconf 78' lang='lat' dir='ltr'><strong>oi</strong></span> <span class='ocrx_word' id='word_1_42' title='bbox 361 745 541 815; x_wconf 85' lang='grc' dir='ltr'>χώρας</span> <span class='ocrx_word' id='word_1_43' title='bbox 586 748 731 810; x_wconf 86' lang='grc' dir='ltr'>τινὸς</span> <span class='ocrx_word' id='word_1_44' title='bbox 760 748 846 799; x_wconf 84' lang='grc' dir='ltr'>διὰ</span> <span class='ocrx_word' id='word_1_45' title='bbox 881 751 1270 818; x_wconf 81' lang='grc' dir='ltr'><strong>στρατιωτικῆς</strong></span> <span class='ocrx_word' id='word_1_46' title='bbox 1304 752 1672 820; x_wconf 81' lang='grc' dir='ltr'>κρατήσᾶντες</span> 
     </span>
    </p>
   </div>
   <div class='ocr_carea' id='block_1_8' title="bbox 1771 740 3322 834">
    <p class='ocr_par' dir='ltr' id='par_1_8' title="bbox 1774 758 3322 834">
     <span class='ocr_line' id='line_1_8' title="bbox 1774 758 3322 834; baseline 0.005 -23"><span class='ocrx_word' id='word_1_47' title='bbox 1774 758 1874 811; x_wconf 86' lang='lat' dir='ltr'><strong>tari</strong></span> <span class='ocrx_word' id='word_1_48' title='bbox 1921 775 2083 813; x_wconf 86' lang='lat' dir='ltr'><strong>manu</strong></span> <span class='ocrx_word' id='word_1_49' title='bbox 2131 763 2404 830; x_wconf 79' lang='lat' dir='ltr'><strong>regionem</strong></span> <span class='ocrx_word' id='word_1_50' title='bbox 2451 763 2686 830; x_wconf 86' lang='lat' dir='ltr'><strong>aliquam</strong></span> <span class='ocrx_word' id='word_1_51' title='bbox 2730 773 3163 832; x_wconf 89' lang='lat' dir='ltr'><strong>occupaverunt,</strong></span> <span class='ocrx_word' id='word_1_52' title='bbox 3194 782 3322 834; x_wconf 82' lang='lat' dir='ltr'><strong>geo-</strong></span> 
     </span>
    </p>
   </div>
   <div class='ocr_carea' id='block_1_9' title="bbox 109 839 1672 920">
    <p class='ocr_par' dir='ltr' id='par_1_9' title="bbox 109 839 1672 916">
     <span class='ocr_line' id='line_1_9' title="bbox 109 839 1672 916; baseline 0.005 -25"><span class='ocrx_word' id='word_1_53' title='bbox 109 839 301 909; x_wconf 74' lang='grc' dir='ltr'>χειρὸς</span> <span class='ocrx_word' id='word_1_54' title='bbox 343 841 651 911; x_wconf 77' lang='grc' dir='ltr'><strong>γεωμετρίᾳ</strong></span> <span class='ocrx_word' id='word_1_55' title='bbox 696 842 897 907; x_wconf 81' lang='grc' dir='ltr'>ταύτην</span> <span class='ocrx_word' id='word_1_56' title='bbox 979 843 1470 913; x_wconf 86' lang='grc' dir='ltr'>καταδιαιροῦνται,</span> <span class='ocrx_word' id='word_1_57' title='bbox 1514 847 1672 916; x_wconf 71' lang='grc' dir='ltr'>ἡνίκα</span> 
     </span>
    </p>
   </div>
   <div class='ocr_carea' id='block_1_10' title="bbox 1771 839 3321 920">
    <p class='ocr_par' dir='ltr' id='par_1_10' title="bbox 1772 847 3321 920">
     <span class='ocr_line' id='line_1_10' title="bbox 1772 847 3321 920; baseline 0.006 -24"><span class='ocrx_word' id='word_1_58' title='bbox 1772 847 1983 898; x_wconf 65' lang='lat' dir='ltr'><strong>metria:</strong></span> <span class='ocrx_word' id='word_1_59' title='bbox 2020 861 2121 914; x_wconf 90' lang='lat' dir='ltr'><strong>ope</strong></span> <span class='ocrx_word' id='word_1_60' title='bbox 2164 848 2520 920; x_wconf 83' lang='lat' dir='ltr'><strong>dispertiunt,</strong></span> <span class='ocrx_word' id='word_1_61' title='bbox 2560 864 2683 901; x_wconf 90' lang='lat' dir='ltr'><strong>cum</strong></span> <span class='ocrx_word' id='word_1_62' title='bbox 2728 851 2876 917; x_wconf 88' lang='lat' dir='ltr'><strong>regni</strong></span> <span class='ocrx_word' id='word_1_63' title='bbox 2920 852 3035 920; x_wconf 83' lang='lat' dir='ltr'><strong>lege</strong></span> <span class='ocrx_word' id='word_1_64' title='bbox 3074 853 3321 907; x_wconf 89' lang='lat' dir='ltr'><strong>obtinere</strong></span> 
     </span>
    </p>
   </div>
   <div class='ocr_carea' id='block_1_11' title="bbox 113 932 1672 1006">
    <p class='ocr_par' dir='ltr' id='par_1_11' title="bbox 113 932 1672 1006">
     <span class='ocr_line' id='line_1_11' title="bbox 113 932 1672 1006; baseline 0.004 -24"><span class='ocrx_word' id='word_1_65' title='bbox 113 932 399 1001; x_wconf 74' lang='grc' dir='ltr'><strong>βασιλείας</strong></span> <span class='ocrx_word' id='word_1_66' title='bbox 426 932 570 1001; x_wconf 87' lang='grc' dir='ltr'>νόμῳ</span> <span class='ocrx_word' id='word_1_67' title='bbox 603 936 820 1000; x_wconf 74' lang='grc' dir='ltr'>κρατεῖν</span> <span class='ocrx_word' id='word_1_68' title='bbox 861 933 878 1000; x_wconf 95' lang='grc'>(</span> <span class='ocrx_word' id='word_1_69' title='bbox 907 932 1062 1001; x_wconf 70' lang='lat'><strong>183</strong></span> <span class='ocrx_word' id='word_1_70' title='bbox 1095 934 1159 1004; x_wconf 78' lang='grc' dir='ltr'><strong>ὁ)</strong></span> <span class='ocrx_word' id='word_1_71' title='bbox 1199 934 1449 996; x_wconf 78' lang='grc' dir='ltr'><strong>ἐθέλωσι,</strong></span> <span class='ocrx_word' id='word_1_72' title='bbox 1501 939 1672 1006; x_wconf 82' lang='grc' dir='ltr'>χαρᾶς</span> 
     </span>
    </p>
   </div>
   <div class='ocr_carea' id='block_1_12' title="bbox 1771 932 3320 1006">
    <p class='ocr_par' dir='ltr' id='par_1_12' title="bbox 1772 933 3320 1003">
     <span class='ocr_line' id='line_1_12' title="bbox 1772 933 3320 1003; baseline 0.006 -19"><span class='ocrx_word' id='word_1_73' title='bbox 1772 933 2061 997; x_wconf 85' lang='lat' dir='ltr'><strong>voluerint,</strong></span> <span class='ocrx_word' id='word_1_74' title='bbox 2093 935 2288 986; x_wconf 89' lang='lat' dir='ltr'><strong>summi</strong></span> <span class='ocrx_word' id='word_1_75' title='bbox 2326 935 2504 1002; x_wconf 77' lang='lat' dir='ltr'><strong>gaudii</strong></span> <span class='ocrx_word' id='word_1_76' title='bbox 2537 951 2666 988; x_wconf 88' lang='lat' dir='ltr'><strong>vero</strong></span> <span class='ocrx_word' id='word_1_77' title='bbox 2695 939 2968 1003; x_wconf 74' lang='lat' dir='ltr'><strong>negotium</strong></span> <span class='ocrx_word' id='word_1_78' title='bbox 3005 954 3143 1000; x_wconf 85' lang='lat' dir='ltr'><strong>esse,</strong></span> <span class='ocrx_word' id='word_1_79' title='bbox 3173 950 3320 994; x_wconf 89' lang='lat' dir='ltr'><strong>certe</strong></span> 
     </span>
    </p>
   </div>
   <div class='ocr_carea' id='block_1_13' title="bbox 109 1026 1671 1099">
    <p class='ocr_par' dir='ltr' id='par_1_13' title="bbox 109 1026 1671 1099">
     <span class='ocr_line' id='line_1_13' title="bbox 109 1026 1671 1099; baseline 0.004 -23"><span class='ocrx_word' id='word_1_80' title='bbox 109 1026 168 1076; x_wconf 88' lang='grc' dir='ltr'>δὲ</span> <span class='ocrx_word' id='word_1_81' title='bbox 197 1027 298 1078; x_wconf 79' lang='grc' dir='ltr'><strong>καὶ</strong></span> <span class='ocrx_word' id='word_1_82' title='bbox 327 1026 514 1094; x_wconf 84' lang='grc' dir='ltr'>χρῆμα</span> <span class='ocrx_word' id='word_1_83' title='bbox 550 1027 820 1094; x_wconf 84' lang='grc' dir='ltr'>μέγιστον,</span> <span class='ocrx_word' id='word_1_84' title='bbox 845 1027 1038 1095; x_wconf 81' lang='grc' dir='ltr'>χαρᾶς,</span> <span class='ocrx_word' id='word_1_85' title='bbox 1068 1030 1179 1087; x_wconf 87' lang='grc' dir='ltr'>τοῖς</span> <span class='ocrx_word' id='word_1_86' title='bbox 1217 1028 1352 1096; x_wconf 76' lang='grc' dir='ltr'>μονα</span> <span class='ocrx_word' id='word_1_87' title='bbox 1373 1030 1442 1081; x_wconf 79' lang='grc' dir='ltr'>τὰ</span> <span class='ocrx_word' id='word_1_88' title='bbox 1471 1031 1671 1099; x_wconf 84' lang='grc' dir='ltr'>παρόν-</span> 
     </span>
    </p>
   </div>
   <div class='ocr_carea' id='block_1_14' title="bbox 77 1115 1674 1186">
    <p class='ocr_par' dir='ltr' id='par_1_14' title="bbox 77 1115 1674 1186">
     <span class='ocr_line' id='line_1_14' title="bbox 77 1115 1674 1186; baseline 0.003 -21"><span class='ocrx_word' id='word_1_89' title='bbox 77 1136 79 1138; x_wconf 93' lang='grc'><strong>·</strong></span> <span class='ocrx_word' id='word_1_90' title='bbox 109 1131 182 1167; x_wconf 87' lang='grc' dir='ltr'><strong>τα</strong></span> <span class='ocrx_word' id='word_1_91' title='bbox 221 1115 639 1184; x_wconf 84' lang='grc' dir='ltr'>μεταδιώκουσιν</span> <span class='ocrx_word' id='word_1_92' title='bbox 678 1116 880 1180; x_wconf 73' lang='grc' dir='ltr'>ἀγαθὰ,</span> <span class='ocrx_word' id='word_1_93' title='bbox 907 1117 998 1167; x_wconf 73' lang='grc' dir='ltr'>καὶ</span> <span class='ocrx_word' id='word_1_94' title='bbox 1025 1116 1083 1166; x_wconf 82' lang='grc' dir='ltr'>τὸ</span> <span class='ocrx_word' id='word_1_95' title='bbox 1109 1117 1334 1186; x_wconf 82' lang='grc' dir='ltr'>νικητὰς</span> <span class='ocrx_word' id='word_1_96' title='bbox 1361 1119 1557 1181; x_wconf 77' lang='grc' dir='ltr'>αὐτοὺς</span> <span class='ocrx_word' id='word_1_97' title='bbox 1585 1135 1674 1184; x_wconf 84' lang='grc' dir='ltr'>γε·</span> 
     </span>
    </p>
   </div>
   <div class='ocr_carea' id='block_1_15' title="bbox 110 1202 1671 1275">
    <p class='ocr_par' dir='ltr' id='par_1_15' title="bbox 110 1202 1671 1275">
     <span class='ocr_line' id='line_1_15' title="bbox 110 1202 1671 1275; baseline 0 -17"><span class='ocrx_word' id='word_1_98' title='bbox 110 1205 329 1267; x_wconf 82' lang='grc' dir='ltr'>νέσθαι,</span> <span class='ocrx_word' id='word_1_99' title='bbox 363 1205 456 1257; x_wconf 68' lang='grc' dir='ltr'>καὶ</span> <span class='ocrx_word' id='word_1_100' title='bbox 483 1203 708 1256; x_wconf 80' lang='grc' dir='ltr'>πλοῦτον</span> <span class='ocrx_word' id='word_1_101' title='bbox 739 1204 931 1275; x_wconf 82' lang='grc' dir='ltr'>ἀθρόον</span> <span class='ocrx_word' id='word_1_102' title='bbox 964 1207 1287 1275; x_wconf 81' lang='grc' dir='ltr'>κτήσασθαι,</span> <span class='ocrx_word' id='word_1_103' title='bbox 1323 1202 1405 1270; x_wconf 74' lang='grc' dir='ltr'>οἷς</span> <span class='ocrx_word' id='word_1_104' title='bbox 1444 1210 1504 1261; x_wconf 80' lang='grc' dir='ltr'><strong>τὸ</strong></span> <span class='ocrx_word' id='word_1_105' title='bbox 1534 1209 1671 1260; x_wconf 76' lang='grc' dir='ltr'>οἱον-</span> 
     </span>
    </p>
   </div>
   <div class='ocr_carea' id='block_1_16' title="bbox 108 1294 1670 1372">
    <p class='ocr_par' dir='ltr' id='par_1_16' title="bbox 108 1294 1670 1372">
     <span class='ocr_line' id='line_1_16' title="bbox 108 1294 1670 1372; baseline 0.001 -25"><span class='ocrx_word' id='word_1_106' title='bbox 108 1294 209 1347; x_wconf 82' lang='grc' dir='ltr'>σῦν</span> <span class='ocrx_word' id='word_1_107' title='bbox 255 1295 449 1355; x_wconf 82' lang='grc' dir='ltr'><strong>πένθος</strong></span> <span class='ocrx_word' id='word_1_108' title='bbox 494 1297 726 1372; x_wconf 46' lang='grc' dir='ltr'>συνεῖνὲι</span> <span class='ocrx_word' id='word_1_109' title='bbox 779 1296 1089 1364; x_wconf 80' lang='grc' dir='ltr'>ἀμήχανον’</span> <span class='ocrx_word' id='word_1_110' title='bbox 1127 1298 1157 1365; x_wconf 85' lang='grc' dir='ltr'>ἦ</span> <span class='ocrx_word' id='word_1_111' title='bbox 1190 1298 1370 1365; x_wconf 80' lang='grc' dir='ltr'>ἐπειδή</span> <span class='ocrx_word' id='word_1_112' title='bbox 1420 1314 1581 1364; x_wconf 84' lang='grc' dir='ltr'>φασιν</span> <span class='ocrx_word' id='word_1_113' title='bbox 1623 1299 1670 1349; x_wconf 84' lang='grc' dir='ltr'><strong>οἱ</strong></span> 
     </span>
    </p>
   </div>
   <div class='ocr_carea' id='block_1_17' title="bbox 111 1366 1672 1454">
    <p class='ocr_par' dir='ltr' id='par_1_17' title="bbox 111 1366 1672 1454">
     <span class='ocr_line' id='line_1_17' title="bbox 111 1366 1672 1454; baseline 0.003 -20"><span class='ocrx_word' id='word_1_114' title='bbox 111 1384 250 1454; x_wconf 76' lang='grc' dir='ltr'>περὶ</span> <span class='ocrx_word' id='word_1_115' title='bbox 284 1383 452 1436; x_wconf 85' lang='grc' dir='ltr'>ταῦτα</span> <span class='ocrx_word' id='word_1_116' title='bbox 479 1366 801 1444; x_wconf 52' lang='grc' dir='ltr'>δεινοὶίῖοὺς</span> <span class='ocrx_word' id='word_1_117' title='bbox 844 1386 1274 1451; x_wconf 78' lang='grc' dir='ltr'>ἀναγκαστικοὺς</span> <span class='ocrx_word' id='word_1_118' title='bbox 1320 1386 1461 1448; x_wconf 80' lang='grc' dir='ltr'>ἰδίως</span> <span class='ocrx_word' id='word_1_119' title='bbox 1488 1378 1672 1440; x_wconf 79' lang='grc' dir='ltr'>συλλο-</span> 
     </span>
    </p>
   </div>
   <div class='ocr_carea' id='block_1_18' title="bbox 102 1477 1672 1552">
    <p class='ocr_par' dir='ltr' id='par_1_18' title="bbox 102 1477 1672 1552">
     <span class='ocr_line' id='line_1_18' title="bbox 102 1477 1672 1552; baseline 0.002 -24"><span class='ocrx_word' id='word_1_120' title='bbox 102 1477 352 1552; x_wconf 25' lang='grc' dir='ltr'>,γισμοῦς</span> <span class='ocrx_word' id='word_1_121' title='bbox 386 1477 623 1545; x_wconf 79' lang='grc' dir='ltr'>ἀνῆφθαι</span> <span class='ocrx_word' id='word_1_122' title='bbox 657 1481 722 1548; x_wconf 68' lang='grc' dir='ltr'>τῇ</span> <span class='ocrx_word' id='word_1_123' title='bbox 763 1481 1093 1548; x_wconf 76' lang='grc' dir='ltr'>γεωμετρίᾳ,</span> <span class='ocrx_word' id='word_1_124' title='bbox 1126 1480 1378 1549; x_wconf 77' lang='grc' dir='ltr'>φορτικός</span> <span class='ocrx_word' id='word_1_125' title='bbox 1410 1497 1489 1542; x_wconf 89' lang='grc' dir='ltr'><strong>τις</strong></span> <span class='ocrx_word' id='word_1_126' title='bbox 1527 1481 1672 1533; x_wconf 79' lang='grc' dir='ltr'><strong>εἰκό-</strong></span> 
     </span>
    </p>
   </div>
   <div class='ocr_carea' id='block_1_19' title="bbox 110 1556 1671 1638">
    <p class='ocr_par' dir='ltr' id='par_1_19' title="bbox 110 1556 1671 1638">
     <span class='ocr_line' id='line_1_19' title="bbox 110 1556 1671 1638; baseline 0.001 -19"><span class='ocrx_word' id='word_1_127' title='bbox 110 1584 228 1629; x_wconf 87' lang='grc' dir='ltr'><strong>τως</strong></span> <span class='ocrx_word' id='word_1_128' title='bbox 267 1567 582 1637; x_wconf 76' lang='grc' dir='ltr'>ὀφθήσεται,</span> <span class='ocrx_word' id='word_1_129' title='bbox 640 1569 733 1619; x_wconf 76' lang='grc' dir='ltr'><strong>καὶ</strong></span> <span class='ocrx_word' id='word_1_130' title='bbox 770 1556 829 1619; x_wconf 78' lang='grc' dir='ltr'><strong>τδ</strong></span> <span class='ocrx_word' id='word_1_131' title='bbox 871 1567 1106 1638; x_wconf 77' lang='grc' dir='ltr'>καθῆκον</span> <span class='ocrx_word' id='word_1_132' title='bbox 1148 1569 1222 1638; x_wconf 79' lang='grc' dir='ltr'><strong>μὴ</strong></span> <span class='ocrx_word' id='word_1_133' title='bbox 1279 1568 1538 1638; x_wconf 80' lang='grc' dir='ltr'>συνορῶν,</span> <span class='ocrx_word' id='word_1_134' title='bbox 1583 1570 1671 1620; x_wconf 84' lang='grc' dir='ltr'><strong>τὸν</strong></span> 
     </span>
    </p>
   </div>
   <div class='ocr_carea' id='block_1_20' title="bbox 107 1637 1673 1725">
    <p class='ocr_par' dir='ltr' id='par_1_20' title="bbox 107 1637 1673 1725">
     <span class='ocr_line' id='line_1_20' title="bbox 107 1637 1673 1725; baseline -0.001 -15"><span class='ocrx_word' id='word_1_135' title='bbox 107 1657 414 1710; x_wconf 77' lang='grc' dir='ltr'><strong>πενθοῦντα</strong></span> <span class='ocrx_word' id='word_1_136' title='bbox 451 1656 892 1725; x_wconf 78' lang='grc' dir='ltr'>συλλογιζόμενος</span> <span class='ocrx_word' id='word_1_137' title='bbox 945 1637 1037 1710; x_wconf 60' lang='grc' dir='ltr'><strong>παὶ</strong></span> <span class='ocrx_word' id='word_1_138' title='bbox 1092 1659 1299 1725; x_wconf 82' lang='grc' dir='ltr'>ἀλόγως</span> <span class='ocrx_word' id='word_1_139' title='bbox 1341 1659 1503 1710; x_wconf 80' lang='grc' dir='ltr'>αὐτὸν</span> <span class='ocrx_word' id='word_1_140' title='bbox 1547 1675 1673 1709; x_wconf 81' lang='grc' dir='ltr'>πεν-</span> 
     </span>
    </p>
   </div>
   <div class='ocr_carea' id='block_1_21' title="bbox 108 1744 1671 1816">
    <p class='ocr_par' dir='ltr' id='par_1_21' title="bbox 108 1744 1671 1816">
     <span class='ocr_line' id='line_1_21' title="bbox 108 1744 1671 1816; baseline -0.001 -17"><span class='ocrx_word' id='word_1_141' title='bbox 108 1747 312 1799; x_wconf 83' lang='grc' dir='ltr'>θοῦντα</span> <span class='ocrx_word' id='word_1_142' title='bbox 349 1747 519 1809; x_wconf 77' lang='grc' dir='ltr'>δεῖξαι</span> <span class='ocrx_word' id='word_1_143' title='bbox 573 1744 937 1814; x_wconf 72' lang='grc' dir='ltr'>πειρώμενοςο</span> <span class='ocrx_word' id='word_1_144' title='bbox 984 1747 1015 1814; x_wconf 77' lang='grc' dir='ltr'><strong>ἢ</strong></span> <span class='ocrx_word' id='word_1_145' title='bbox 1063 1746 1224 1816; x_wconf 80' lang='grc' dir='ltr'>τυχὸν</span> <span class='ocrx_word' id='word_1_146' title='bbox 1279 1747 1373 1799; x_wconf 71' lang='grc' dir='ltr'>καὶ</span> <span class='ocrx_word' id='word_1_147' title='bbox 1401 1746 1548 1814; x_wconf 78' lang='grc' dir='ltr'>αὐτῷ</span> <span class='ocrx_word' id='word_1_148' title='bbox 1593 1745 1671 1814; x_wconf 82' lang='grc' dir='ltr'>τῷ</span> 
     </span>
    </p>
   </div>
   <div class='ocr_carea' id='block_1_22' title="bbox 109 1833 1674 1906">
    <p class='ocr_par' dir='ltr' id='par_1_22' title="bbox 109 1833 1674 1906">
     <span class='ocr_line' id='line_1_22' title="bbox 109 1833 1674 1906; baseline 0.001 -19"><span class='ocrx_word' id='word_1_149' title='bbox 109 1835 400 1887; x_wconf 79' lang='grc' dir='ltr'>πενθοῦντι</span> <span class='ocrx_word' id='word_1_150' title='bbox 439 1835 570 1904; x_wconf 86' lang='grc' dir='ltr'>φαίη</span> <span class='ocrx_word' id='word_1_151' title='bbox 610 1851 693 1896; x_wconf 90' lang='grc' dir='ltr'><strong>τις</strong></span> <span class='ocrx_word' id='word_1_152' title='bbox 726 1835 1063 1906; x_wconf 82' lang='grc' dir='ltr'>ἀνάρμοστον</span> <span class='ocrx_word' id='word_1_153' title='bbox 1107 1833 1333 1889; x_wconf 74' lang='grc' dir='ltr'>εἶναιτὸ</span> <span class='ocrx_word' id='word_1_154' title='bbox 1374 1837 1674 1903; x_wconf 73' lang='grc' dir='ltr'>συλλογίζε-</span> 
     </span>
    </p>
   </div>
   <div class='ocr_carea' id='block_1_23' title="bbox 114 1926 1668 2007">
    <p class='ocr_par' dir='ltr' id='par_1_23' title="bbox 114 1926 1668 2007">
     <span class='ocr_line' id='line_1_23' title="bbox 114 1926 1668 2007; baseline 0 -29"><span class='ocrx_word' id='word_1_155' title='bbox 114 1927 254 1986; x_wconf 88' lang='grc' dir='ltr'>σθαι,</span> <span class='ocrx_word' id='word_1_156' title='bbox 291 1926 603 1996; x_wconf 77' lang='grc' dir='ltr'>πιθανότητι</span> <span class='ocrx_word' id='word_1_157' title='bbox 655 1926 824 1994; x_wconf 87' lang='grc' dir='ltr'>λόγων</span> <span class='ocrx_word' id='word_1_158' title='bbox 879 1928 1066 1979; x_wconf 74' lang='grc' dir='ltr'>ἑαυτὸν</span> <span class='ocrx_word' id='word_1_159' title='bbox 1125 1927 1518 2007; x_wconf 79' lang='grc' dir='ltr'>μηχανώμενος</span> <span class='ocrx_word' id='word_1_160' title='bbox 1551 1927 1668 1978; x_wconf 86' lang='grc' dir='ltr'>πεί-</span> 
     </span>
    </p>
   </div>
   <div class='ocr_carea' id='block_1_24' title="bbox 115 2014 1668 2087">
    <p class='ocr_par' dir='ltr' id='par_1_24' title="bbox 115 2014 1668 2087">
     <span class='ocr_line' id='line_1_24' title="bbox 115 2014 1668 2087; baseline -0.003 -19"><span class='ocrx_word' id='word_1_161' title='bbox 115 2014 229 2068; x_wconf 81' lang='grc' dir='ltr'>θειν</span> <span class='ocrx_word' id='word_1_162' title='bbox 256 2016 334 2078; x_wconf 80' lang='grc' dir='ltr'>ὡς</span> <span class='ocrx_word' id='word_1_163' title='bbox 361 2017 422 2067; x_wconf 85' lang='grc' dir='ltr'><strong>οὐ</strong></span> <span class='ocrx_word' id='word_1_164' title='bbox 455 2015 703 2068; x_wconf 79' lang='grc' dir='ltr'>πέπονθε</span> <span class='ocrx_word' id='word_1_165' title='bbox 724 2015 821 2084; x_wconf 78' lang='grc' dir='ltr'><strong>τὴν</strong></span> <span class='ocrx_word' id='word_1_166' title='bbox 851 2015 998 2085; x_wconf 77' lang='grc' dir='ltr'>ἔργῳ</span> <span class='ocrx_word' id='word_1_167' title='bbox 1024 2016 1116 2069; x_wconf 80' lang='grc' dir='ltr'><strong>καὶ</strong></span> <span class='ocrx_word' id='word_1_168' title='bbox 1145 2018 1430 2087; x_wconf 77' lang='grc' dir='ltr'><strong>πράγματι</strong></span> <span class='ocrx_word' id='word_1_169' title='bbox 1463 2014 1668 2082; x_wconf 79' lang='grc' dir='ltr'>συμεᾶ-</span> 
     </span>
    </p>
   </div>
   <div class='ocr_carea' id='block_1_25' title="bbox 111 2104 1665 2177">
    <p class='ocr_par' dir='ltr' id='par_1_25' title="bbox 111 2104 1665 2177">
     <span class='ocr_line' id='line_1_25' title="bbox 111 2104 1665 2177; baseline -0.005 -17"><span class='ocrx_word' id='word_1_170' title='bbox 111 2123 208 2160; x_wconf 76' lang='grc' dir='ltr'><strong>σαν</strong></span> <span class='ocrx_word' id='word_1_171' title='bbox 239 2106 390 2174; x_wconf 78' lang='grc' dir='ltr'>αὐτῷ</span> <span class='ocrx_word' id='word_1_172' title='bbox 421 2107 722 2177; x_wconf 76' lang='grc' dir='ltr'>συμφορὰν,</span> <span class='ocrx_word' id='word_1_173' title='bbox 763 2106 795 2174; x_wconf 75' lang='grc' dir='ltr'>ἢ</span> <span class='ocrx_word' id='word_1_174' title='bbox 829 2106 920 2157; x_wconf 70' lang='grc' dir='ltr'><strong>καὶ</strong></span> <span class='ocrx_word' id='word_1_175' title='bbox 947 2106 1097 2174; x_wconf 71' lang='grc' dir='ltr'>αὐτῷ</span> <span class='ocrx_word' id='word_1_176' title='bbox 1122 2104 1202 2172; x_wconf 81' lang='grc' dir='ltr'>τῷ</span> <span class='ocrx_word' id='word_1_177' title='bbox 1226 2106 1431 2164; x_wconf 83' lang='grc' dir='ltr'>πένθει,</span> <span class='ocrx_word' id='word_1_178' title='bbox 1458 2105 1574 2173; x_wconf 72' lang='grc' dir='ltr'>ἦτοι</span> <span class='ocrx_word' id='word_1_179' title='bbox 1603 2107 1665 2170; x_wconf 80' lang='grc' dir='ltr'>τῇ</span> 
     </span>
    </p>
   </div>
   <div class='ocr_carea' id='block_1_26' title="bbox 107 2176 1667 2265">
    <p class='ocr_par' dir='ltr' id='par_1_26' title="bbox 107 2176 1667 2265">
     <span class='ocr_line' id='line_1_26' title="bbox 107 2176 1667 2265; baseline -0.005 -15"><span class='ocrx_word' id='word_1_180' title='bbox 107 2197 307 2265; x_wconf 70' lang='grc' dir='ltr'>τούτου</span> <span class='ocrx_word' id='word_1_181' title='bbox 343 2196 521 2264; x_wconf 60' lang='grc' dir='ltr'>φύσεις</span> <span class='ocrx_word' id='word_1_182' title='bbox 565 2176 839 2256; x_wconf 80' lang='grc' dir='ltr'>παντελῶς</span> <span class='ocrx_word' id='word_1_183' title='bbox 890 2193 1148 2246; x_wconf 76' lang='grc' dir='ltr'>ἐναντίον.</span> <span class='ocrx_word' id='word_1_184' title='bbox 1189 2176 1667 2262; x_wconf 73' lang='grc' dir='ltr'>Ἐκιιρούεταιγὰρ</span> 
     </span>
    </p>
   </div>
   <div class='ocr_carea' id='block_1_27' title="bbox 113 2281 1671 2355">
    <p class='ocr_par' dir='ltr' id='par_1_27' title="bbox 113 2281 1671 2355">
     <span class='ocr_line' id='line_1_27' title="bbox 113 2281 1671 2355; baseline -0.006 -15"><span class='ocrx_word' id='word_1_185' title='bbox 113 2285 309 2355; x_wconf 75' lang='grc' dir='ltr'>ὥσπερ</span> <span class='ocrx_word' id='word_1_186' title='bbox 351 2285 412 2338; x_wconf 77' lang='grc' dir='ltr'><strong>τὸ</strong></span> <span class='ocrx_word' id='word_1_187' title='bbox 467 2283 660 2345; x_wconf 79' lang='grc' dir='ltr'>πένθος</span> <span class='ocrx_word' id='word_1_188' title='bbox 691 2284 718 2335; x_wconf 87' lang='grc' dir='ltr'>ὁ</span> <span class='ocrx_word' id='word_1_189' title='bbox 756 2283 968 2335; x_wconf 83' lang='grc' dir='ltr'>πενθῶν</span> <span class='ocrx_word' id='word_1_190' title='bbox 1004 2283 1472 2352; x_wconf 76' lang='grc' dir='ltr'>συλλογιζόμενος,</span> <span class='ocrx_word' id='word_1_191' title='bbox 1523 2281 1671 2333; x_wconf 75' lang='grc' dir='ltr'>οὕτω</span> 
     </span>
    </p>
   </div>
   <div class='ocr_carea' id='block_1_28' title="bbox 106 2371 1696 2443">
    <p class='ocr_par' dir='ltr' id='par_1_28' title="bbox 106 2371 1696 2443">
     <span class='ocr_line' id='line_1_28' title="bbox 106 2371 1696 2443; baseline -0.004 -12"><span class='ocrx_word' id='word_1_192' title='bbox 106 2377 296 2431; x_wconf 79' lang='grc' dir='ltr'>καὶτὸ</span> <span class='ocrx_word' id='word_1_193' title='bbox 321 2373 520 2438; x_wconf 80' lang='grc' dir='ltr'>πένθος</span> <span class='ocrx_word' id='word_1_194' title='bbox 539 2373 631 2429; x_wconf 81' lang='grc' dir='ltr'>τοῦ</span> <span class='ocrx_word' id='word_1_195' title='bbox 679 2371 814 2427; x_wconf 75' lang='grc' dir='ltr'>εἶναι</span> <span class='ocrx_word' id='word_1_196' title='bbox 845 2374 1037 2438; x_wconf 82' lang='grc' dir='ltr'>πένθος</span> <span class='ocrx_word' id='word_1_197' title='bbox 1069 2375 1346 2437; x_wconf 74' lang='grc' dir='ltr'>ἐκπίπτει,</span> <span class='ocrx_word' id='word_1_198' title='bbox 1376 2373 1511 2443; x_wconf 80' lang='grc' dir='ltr'>πρὸς</span> <span class='ocrx_word' id='word_1_199' title='bbox 1547 2373 1696 2424; x_wconf 69' lang='grc' dir='ltr'>συλα-</span> 
     </span>
    </p>
   </div>
   <div class='ocr_carea' id='block_1_29' title="bbox 103 2462 1665 2536">
    <p class='ocr_par' dir='ltr' id='par_1_29' title="bbox 103 2462 1665 2536">
     <span class='ocr_line' id='line_1_29' title="bbox 103 2462 1665 2536; baseline -0.005 -15"><span class='ocrx_word' id='word_1_200' title='bbox 103 2466 373 2536; x_wconf 76' lang='grc' dir='ltr'>λογισμὸν</span> <span class='ocrx_word' id='word_1_201' title='bbox 439 2465 870 2535; x_wconf 70' lang='grc' dir='ltr'>μετατιθέμενος.</span> <span class='ocrx_word' id='word_1_202' title='bbox 916 2464 1225 2517; x_wconf 79' lang='grc' dir='ltr'>Ἀποὸαλὼν</span> <span class='ocrx_word' id='word_1_203' title='bbox 1283 2464 1394 2534; x_wconf 75' lang='grc' dir='ltr'>γάρ</span> <span class='ocrx_word' id='word_1_204' title='bbox 1438 2481 1523 2525; x_wconf 89' lang='grc' dir='ltr'><strong>τις</strong></span> <span class='ocrx_word' id='word_1_205' title='bbox 1575 2462 1665 2514; x_wconf 82' lang='grc' dir='ltr'><strong>τὸν</strong></span> 
     </span>
    </p>
   </div>
   <div class='ocr_carea' id='block_1_30' title="bbox 106 2550 1671 2622">
    <p class='ocr_par' dir='ltr' id='par_1_30' title="bbox 106 2550 1671 2622">
     <span class='ocr_line' id='line_1_30' title="bbox 106 2550 1671 2622; baseline -0.003 -14"><span class='ocrx_word' id='word_1_206' title='bbox 106 2558 185 2619; x_wconf 82' lang='grc' dir='ltr'><strong>είς</strong></span> <span class='ocrx_word' id='word_1_207' title='bbox 219 2557 283 2608; x_wconf 85' lang='grc' dir='ltr'><strong>δν</strong></span> <span class='ocrx_word' id='word_1_208' title='bbox 313 2554 413 2618; x_wconf 82' lang='grc' dir='ltr'>τὰς</span> <span class='ocrx_word' id='word_1_209' title='bbox 447 2553 661 2613; x_wconf 71' lang='grc' dir='ltr'>ἐλπίδας</span> <span class='ocrx_word' id='word_1_210' title='bbox 699 2550 810 2622; x_wconf 86' lang='grc' dir='ltr'>εἷχε</span> <span class='ocrx_word' id='word_1_211' title='bbox 846 2554 942 2622; x_wconf 88' lang='grc' dir='ltr'><strong>τῆς</strong></span> <span class='ocrx_word' id='word_1_212' title='bbox 979 2553 1249 2622; x_wconf 75' lang='grc' dir='ltr'><strong>διαδοχῆς,</strong></span> <span class='ocrx_word' id='word_1_213' title='bbox 1289 2553 1523 2621; x_wconf 76' lang='grc' dir='ltr'>περιττὰ</span> <span class='ocrx_word' id='word_1_214' title='bbox 1561 2551 1671 2604; x_wconf 88' lang='grc' dir='ltr'>λοι-</span> 
     </span>
    </p>
   </div>
   <div class='ocr_carea' id='block_1_31' title="bbox 107 2641 1673 2715">
    <p class='ocr_par' dir='ltr' id='par_1_31' title="bbox 107 2641 1673 2715">
     <span class='ocr_line' id='line_1_31' title="bbox 107 2641 1673 2715; baseline -0.005 -15"><span class='ocrx_word' id='word_1_215' title='bbox 107 2648 208 2700; x_wconf 76' lang='grc' dir='ltr'><strong>πὸν</strong></span> <span class='ocrx_word' id='word_1_216' title='bbox 244 2647 463 2715; x_wconf 81' lang='grc' dir='ltr'>ἡγεῖται</span> <span class='ocrx_word' id='word_1_217' title='bbox 492 2646 559 2697; x_wconf 70' lang='grc' dir='ltr'>τὰ</span> <span class='ocrx_word' id='word_1_218' title='bbox 589 2644 710 2714; x_wconf 78' lang='grc' dir='ltr'>τῇδε</span> <span class='ocrx_word' id='word_1_219' title='bbox 747 2644 944 2697; x_wconf 80' lang='grc' dir='ltr'>πάντα.</span> <span class='ocrx_word' id='word_1_220' title='bbox 986 2643 1097 2694; x_wconf 74' lang='grc' dir='ltr'>Καὶ</span> <span class='ocrx_word' id='word_1_221' title='bbox 1130 2642 1274 2695; x_wconf 80' lang='grc' dir='ltr'>κατὰ</span> <span class='ocrx_word' id='word_1_222' title='bbox 1313 2641 1498 2694; x_wconf 83' lang='grc' dir='ltr'>τοῦτον</span> <span class='ocrx_word' id='word_1_223' title='bbox 1546 2641 1673 2703; x_wconf 71' lang='grc' dir='ltr'>ἴσως</span> 
     </span>
    </p>
   </div>
   <div class='ocr_carea' id='block_1_32' title="bbox 100 2729 1670 2803">
    <p class='ocr_par' dir='ltr' id='par_1_32' title="bbox 100 2729 1670 2803">
     <span class='ocr_line' id='line_1_32' title="bbox 100 2729 1670 2803; baseline -0.004 -15"><span class='ocrx_word' id='word_1_224' title='bbox 100 2739 199 2789; x_wconf 82' lang='grc' dir='ltr'><strong>τὸν</strong></span> <span class='ocrx_word' id='word_1_225' title='bbox 224 2735 426 2803; x_wconf 80' lang='grc' dir='ltr'>τρόπον</span> <span class='ocrx_word' id='word_1_226' title='bbox 452 2734 551 2785; x_wconf 80' lang='grc' dir='ltr'>οὐκ</span> <span class='ocrx_word' id='word_1_227' title='bbox 575 2733 675 2798; x_wconf 76' lang='grc' dir='ltr'><strong>ἐξω</strong></span> <span class='ocrx_word' id='word_1_228' title='bbox 705 2733 862 2799; x_wconf 80' lang='grc' dir='ltr'>λόγου</span> <span class='ocrx_word' id='word_1_229' title='bbox 892 2733 1023 2801; x_wconf 83' lang='grc' dir='ltr'>φαίη</span> <span class='ocrx_word' id='word_1_230' title='bbox 1070 2751 1151 2794; x_wconf 89' lang='grc' dir='ltr'><strong>τις</strong></span> <span class='ocrx_word' id='word_1_231' title='bbox 1183 2729 1319 2785; x_wconf 78' lang='grc' dir='ltr'>εἶναι</span> <span class='ocrx_word' id='word_1_232' title='bbox 1352 2735 1422 2784; x_wconf 79' lang='grc' dir='ltr'>τὰ</span> <span class='ocrx_word' id='word_1_233' title='bbox 1464 2734 1670 2801; x_wconf 86' lang='grc' dir='ltr'>θεωρη-</span> 
     </span>
    </p>
   </div>
   <div class='ocr_carea' id='block_1_33' title="bbox 103 2823 1674 2895">
    <p class='ocr_par' dir='ltr' id='par_1_33' title="bbox 103 2823 1674 2895">
     <span class='ocr_line' id='line_1_33' title="bbox 103 2823 1674 2895; baseline -0.004 -14"><span class='ocrx_word' id='word_1_234' title='bbox 103 2828 303 2888; x_wconf 80' lang='grc' dir='ltr'>θέντα,</span> <span class='ocrx_word' id='word_1_235' title='bbox 339 2827 494 2894; x_wconf 79' lang='grc' dir='ltr'>γνοὺς</span> <span class='ocrx_word' id='word_1_236' title='bbox 529 2826 604 2894; x_wconf 81' lang='grc' dir='ltr'>μὴ</span> <span class='ocrx_word' id='word_1_237' title='bbox 624 2825 883 2880; x_wconf 71' lang='grc' dir='ltr'>δύνασθαι</span> <span class='ocrx_word' id='word_1_238' title='bbox 914 2826 1231 2895; x_wconf 78' lang='grc' dir='ltr'>συμϐαίνειν</span> <span class='ocrx_word' id='word_1_239' title='bbox 1263 2825 1508 2893; x_wconf 74' lang='grc' dir='ltr'>ἀλλήλοις</span> <span class='ocrx_word' id='word_1_240' title='bbox 1534 2823 1674 2875; x_wconf 77' lang='grc' dir='ltr'>κατά</span> 
     </span>
    </p>
   </div>
   <div class='ocr_carea' id='block_1_34' title="bbox 101 2901 1675 2987">
    <p class='ocr_par' dir='ltr' id='par_1_34' title="bbox 101 2901 1675 2987">
     <span class='ocr_line' id='line_1_34' title="bbox 101 2901 1675 2987; baseline -0.004 -18"><span class='ocrx_word' id='word_1_241' title='bbox 101 2918 165 2970; x_wconf 82' lang='grc' dir='ltr'>τὸ</span> <span class='ocrx_word' id='word_1_242' title='bbox 181 2918 322 2971; x_wconf 81' lang='grc' dir='ltr'>αὐτὸ</span> <span class='ocrx_word' id='word_1_243' title='bbox 340 2919 436 2986; x_wconf 87' lang='grc' dir='ltr'>τὴν</span> <span class='ocrx_word' id='word_1_244' title='bbox 456 2917 631 2987; x_wconf 74' lang='grc' dir='ltr'>χαρὰν</span> <span class='ocrx_word' id='word_1_245' title='bbox 645 2916 735 2969; x_wconf 77' lang='grc' dir='ltr'><strong>καὶ</strong></span> <span class='ocrx_word' id='word_1_246' title='bbox 757 2916 815 2968; x_wconf 80' lang='grc' dir='ltr'>τὸ</span> <span class='ocrx_word' id='word_1_247' title='bbox 837 2901 1052 2978; x_wconf 46' lang='lat' dir='ltr'><strong>esse“:</strong></span> <span class='ocrx_word' id='word_1_248' title='bbox 1064 2915 1161 2984; x_wconf 84' lang='grc' dir='ltr'><strong>τῆς</strong></span> <span class='ocrx_word' id='word_1_249' title='bbox 1178 2913 1440 2982; x_wconf 83' lang='grc' dir='ltr'>ἑκατέρου</span> <span class='ocrx_word' id='word_1_250' title='bbox 1466 2930 1675 2981; x_wconf 82' lang='grc' dir='ltr'>ποιητι-</span> 
     </span>
    </p>
   </div>
   <div class='ocr_carea' id='block_1_35' title="bbox 103 3002 1674 3078">
    <p class='ocr_par' dir='ltr' id='par_1_35' title="bbox 103 3002 1674 3078">
     <span class='ocr_line' id='line_1_35' title="bbox 103 3002 1674 3078; baseline -0.004 -18"><span class='ocrx_word' id='word_1_251' title='bbox 103 3009 211 3078; x_wconf 84' lang='grc' dir='ltr'>κῆς</span> <span class='ocrx_word' id='word_1_252' title='bbox 241 3008 422 3071; x_wconf 64' lang='grc' dir='ltr'>αἰτίας</span> <span class='ocrx_word' id='word_1_253' title='bbox 449 3009 548 3060; x_wconf 76' lang='grc' dir='ltr'>οὐκ</span> <span class='ocrx_word' id='word_1_254' title='bbox 565 3010 627 3060; x_wconf 72' lang='grc' dir='ltr'><strong>ἐκ</strong></span> <span class='ocrx_word' id='word_1_255' title='bbox 660 3006 764 3058; x_wconf 84' lang='grc' dir='ltr'><strong>τῶν</strong></span> <span class='ocrx_word' id='word_1_256' title='bbox 787 3006 963 3057; x_wconf 80' lang='grc' dir='ltr'>αὐτῶν</span> <span class='ocrx_word' id='word_1_257' title='bbox 991 3004 1174 3076; x_wconf 76' lang='grc' dir='ltr'>ἀρχῶν</span> <span class='ocrx_word' id='word_1_258' title='bbox 1187 3002 1412 3073; x_wconf 76' lang='grc' dir='ltr'>ἐχούσης</span> <span class='ocrx_word' id='word_1_259' title='bbox 1435 3002 1674 3071; x_wconf 71' lang='grc' dir='ltr'>δηλονότι</span> 
     </span>
    </p>
   </div>
   <div class='ocr_carea' id='block_1_36' title="bbox 107 3091 1676 3165">
    <p class='ocr_par' dir='ltr' id='par_1_36' title="bbox 107 3091 1676 3165">
     <span class='ocr_line' id='line_1_36' title="bbox 107 3091 1676 3165; baseline -0.006 -16"><span class='ocrx_word' id='word_1_260' title='bbox 107 3097 206 3158; x_wconf 71' lang='grc' dir='ltr'>τὰς</span> <span class='ocrx_word' id='word_1_261' title='bbox 263 3098 536 3165; x_wconf 77' lang='grc' dir='ltr'>ἀφορμάς.</span> <span class='ocrx_word' id='word_1_262' title='bbox 563 3094 670 3146; x_wconf 77' lang='grc' dir='ltr'><strong>Καὶ</strong></span> <span class='ocrx_word' id='word_1_263' title='bbox 708 3093 909 3145; x_wconf 78' lang='grc' dir='ltr'>τούτων</span> <span class='ocrx_word' id='word_1_264' title='bbox 942 3095 1148 3162; x_wconf 79' lang='grc' dir='ltr'><strong>μάρτυς</strong></span> <span class='ocrx_word' id='word_1_265' title='bbox 1185 3091 1495 3160; x_wconf 80' lang='grc' dir='ltr'>ἐχέγγυοςςὸ</span> <span class='ocrx_word' id='word_1_266' title='bbox 1526 3091 1676 3156; x_wconf 84' lang='grc' dir='ltr'>ἇγιος</span> 
     </span>
    </p>
   </div>
   <div class='ocr_carea' id='block_1_37' title="bbox 1769 1021 3322 1095">
    <p class='ocr_par' dir='ltr' id='par_1_37' title="bbox 1769 1021 3322 1095">
     <span class='ocr_line' id='line_1_37' title="bbox 1769 1021 3322 1095; baseline 0.006 -21"><span class='ocrx_word' id='word_1_267' title='bbox 1769 1022 2072 1090; x_wconf 89' lang='lat' dir='ltr'><strong>gaudii-eis</strong></span> <span class='ocrx_word' id='word_1_268' title='bbox 2112 1023 2203 1090; x_wconf 89' lang='lat' dir='ltr'><strong>qui</strong></span> <span class='ocrx_word' id='word_1_269' title='bbox 2246 1025 2358 1076; x_wconf 89' lang='lat' dir='ltr'><strong>sola</strong></span> <span class='ocrx_word' id='word_1_270' title='bbox 2402 1021 2684 1091; x_wconf 66' lang='lat' dir='ltr'><strong>prmsenlia</strong></span> <span class='ocrx_word' id='word_1_271' title='bbox 2729 1037 3025 1095; x_wconf 86' lang='lat' dir='ltr'><strong>sequantur</strong></span> <span class='ocrx_word' id='word_1_272' title='bbox 3061 1030 3230 1094; x_wconf 88' lang='lat' dir='ltr'><strong>bona,</strong></span> <span class='ocrx_word' id='word_1_273' title='bbox 3268 1039 3322 1083; x_wconf 88' lang='lat' dir='ltr'><strong>et</strong></span> 
     </span>
    </p>
   </div>
   <div class='ocr_carea' id='block_1_38' title="bbox 1771 1113 3319 1188">
    <p class='ocr_par' dir='ltr' id='par_1_38' title="bbox 1771 1113 3319 1188">
     <span class='ocr_line' id='line_1_38' title="bbox 1771 1113 3319 1188; baseline 0.006 -24"><span class='ocrx_word' id='word_1_274' title='bbox 1771 1113 2079 1180; x_wconf 83' lang='lat' dir='ltr'><strong>superiores</strong></span> <span class='ocrx_word' id='word_1_275' title='bbox 2108 1114 2245 1177; x_wconf 81' lang='lat' dir='ltr'><strong>ﬁeri,</strong></span> <span class='ocrx_word' id='word_1_276' title='bbox 2271 1122 2325 1168; x_wconf 91' lang='lat' dir='ltr'><strong>et</strong></span> <span class='ocrx_word' id='word_1_277' title='bbox 2354 1115 2570 1169; x_wconf 81' lang='lat' dir='ltr'><strong>divitias</strong></span> <span class='ocrx_word' id='word_1_278' title='bbox 2600 1116 2801 1184; x_wconf 76' lang='lat' dir='ltr'><strong>spissus</strong></span> <span class='ocrx_word' id='word_1_279' title='bbox 2828 1133 3178 1188; x_wconf 67' lang='lat' dir='ltr'><strong>comparare,</strong></span> <span class='ocrx_word' id='word_1_280' title='bbox 3197 1135 3319 1175; x_wconf 81' lang='lat' dir='ltr'><strong>eum</strong></span> 
     </span>
    </p>
   </div>
   <div class='ocr_carea' id='block_1_39' title="bbox 1749 1202 3318 1278">
    <p class='ocr_par' dir='ltr' id='par_1_39' title="bbox 1749 1202 3318 1278">
     <span class='ocr_line' id='line_1_39' title="bbox 1749 1202 3318 1278; baseline 0.006 -24"><span class='ocrx_word' id='word_1_281' title='bbox 1749 1202 1970 1271; x_wconf 53' lang='lat' dir='ltr'><strong>“quibus</strong></span> <span class='ocrx_word' id='word_1_282' title='bbox 1995 1204 2294 1257; x_wconf 87' lang='lat' dir='ltr'><strong>commodis</strong></span> <span class='ocrx_word' id='word_1_283' title='bbox 2316 1205 2706 1274; x_wconf 84' lang='lat' dir='ltr'><strong>qualiscunque</strong></span> <span class='ocrx_word' id='word_1_284' title='bbox 2735 1223 2937 1261; x_wconf 71' lang='lat' dir='ltr'><strong>maeror</strong></span> <span class='ocrx_word' id='word_1_285' title='bbox 2958 1211 3180 1278; x_wconf 73' lang='lat' dir='ltr'><strong>junctus</strong></span> <span class='ocrx_word' id='word_1_286' title='bbox 3199 1203 3318 1263; x_wconf 82' lang='lat' dir='ltr'><strong>esse</strong></span> 
     </span>
    </p>
   </div>
   <div class='ocr_carea' id='block_1_40' title="bbox 1769 1295 3321 1368">
    <p class='ocr_par' dir='ltr' id='par_1_40' title="bbox 1769 1295 3321 1368">
     <span class='ocr_line' id='line_1_40' title="bbox 1769 1295 3321 1368; baseline 0.003 -20"><span class='ocrx_word' id='word_1_287' title='bbox 1769 1311 1878 1348; x_wconf 90' lang='lat' dir='ltr'><strong>non</strong></span> <span class='ocrx_word' id='word_1_288' title='bbox 1904 1297 2076 1364; x_wconf 82' lang='lat' dir='ltr'><strong>possit</strong></span> <span class='ocrx_word' id='word_1_289' title='bbox 2101 1313 2114 1348; x_wconf 89' lang='lat'><strong>:</strong></span> <span class='ocrx_word' id='word_1_290' title='bbox 2138 1297 2246 1358; x_wconf 83' lang='lat' dir='ltr'><strong>vel,</strong></span> <span class='ocrx_word' id='word_1_291' title='bbox 2269 1313 2390 1349; x_wconf 83' lang='lat' dir='ltr'><strong>cum</strong></span> <span class='ocrx_word' id='word_1_292' title='bbox 2420 1297 2510 1364; x_wconf 91' lang='lat' dir='ltr'><strong>qui</strong></span> <span class='ocrx_word' id='word_1_293' title='bbox 2541 1298 2594 1349; x_wconf 93' lang='lat' dir='ltr'><strong>in</strong></span> <span class='ocrx_word' id='word_1_294' title='bbox 2620 1295 2721 1350; x_wconf 87' lang='lat' dir='ltr'><strong>hac</strong></span> <span class='ocrx_word' id='word_1_295' title='bbox 2743 1312 2798 1350; x_wconf 91' lang='lat' dir='ltr'><strong>re</strong></span> <span class='ocrx_word' id='word_1_296' title='bbox 2828 1298 2993 1366; x_wconf 82' lang='lat' dir='ltr'><strong>periti</strong></span> <span class='ocrx_word' id='word_1_297' title='bbox 3009 1307 3141 1351; x_wconf 81' lang='lat' dir='ltr'><strong>sunt</strong></span> <span class='ocrx_word' id='word_1_298' title='bbox 3161 1299 3321 1368; x_wconf 80' lang='lat' dir='ltr'><strong>syllo-</strong></span> 
     </span>
    </p>
   </div>
   <div class='ocr_carea' id='block_1_41' title="bbox 1769 1370 3316 1455">
    <p class='ocr_par' dir='ltr' id='par_1_41' title="bbox 1769 1370 3316 1455">
     <span class='ocr_line' id='line_1_41' title="bbox 1769 1370 3316 1455; baseline 0.003 -19"><span class='ocrx_word' id='word_1_299' title='bbox 1769 1385 1972 1452; x_wconf 87' lang='lat' dir='ltr'><strong>gismos</strong></span> <span class='ocrx_word' id='word_1_300' title='bbox 2006 1386 2223 1453; x_wconf 88' lang='lat' dir='ltr'><strong>proprie</strong></span> <span class='ocrx_word' id='word_1_301' title='bbox 2257 1386 2531 1438; x_wconf 81' lang='lat' dir='ltr'><strong>coactivos</strong></span> <span class='ocrx_word' id='word_1_302' title='bbox 2572 1386 2734 1439; x_wconf 88' lang='lat' dir='ltr'><strong>tribui</strong></span> <span class='ocrx_word' id='word_1_303' title='bbox 2769 1370 3078 1455; x_wconf 67' lang='lat' dir='ltr'><strong>geometria:</strong></span> <span class='ocrx_word' id='word_1_304' title='bbox 3114 1388 3316 1450; x_wconf 68' lang='lat' dir='ltr'><strong>dicant.</strong></span> 
     </span>
    </p>
   </div>
   <div class='ocr_carea' id='block_1_42' title="bbox 1770 1474 3321 1545">
    <p class='ocr_par' dir='ltr' id='par_1_42' title="bbox 1770 1474 3321 1545">
     <span class='ocr_line' id='line_1_42' title="bbox 1770 1474 3321 1545; baseline 0.003 -18"><span class='ocrx_word' id='word_1_305' title='bbox 1770 1475 1949 1529; x_wconf 85' lang='lat' dir='ltr'><strong>fatuus</strong></span> <span class='ocrx_word' id='word_1_306' title='bbox 1972 1476 2164 1528; x_wconf 87' lang='lat' dir='ltr'><strong>merito</strong></span> <span class='ocrx_word' id='word_1_307' title='bbox 2185 1474 2480 1538; x_wconf 84' lang='lat' dir='ltr'><strong>videbitur,</strong></span> <span class='ocrx_word' id='word_1_308' title='bbox 2504 1483 2558 1528; x_wconf 89' lang='lat' dir='ltr'><strong>et</strong></span> <span class='ocrx_word' id='word_1_309' title='bbox 2579 1475 2710 1544; x_wconf 90' lang='lat' dir='ltr'><strong>quid</strong></span> <span class='ocrx_word' id='word_1_310' title='bbox 2739 1476 2927 1529; x_wconf 90' lang='lat' dir='ltr'><strong>deceat</strong></span> <span class='ocrx_word' id='word_1_311' title='bbox 2948 1491 3138 1545; x_wconf 89' lang='lat' dir='ltr'><strong>parum</strong></span> <span class='ocrx_word' id='word_1_312' title='bbox 3163 1478 3321 1531; x_wconf 78' lang='lat' dir='ltr'><strong>intel-</strong></span> 
     </span>
    </p>
   </div>
   <div class='ocr_carea' id='block_1_43' title="bbox 1768 1565 3320 1637">
    <p class='ocr_par' dir='ltr' id='par_1_43' title="bbox 1768 1565 3320 1637">
     <span class='ocr_line' id='line_1_43' title="bbox 1768 1565 3320 1637; baseline 0 -18"><span class='ocrx_word' id='word_1_313' title='bbox 1768 1567 1958 1636; x_wconf 83' lang='lat' dir='ltr'><strong>ligens,</strong></span> <span class='ocrx_word' id='word_1_314' title='bbox 1978 1568 2068 1634; x_wconf 91' lang='lat' dir='ltr'><strong>qui</strong></span> <span class='ocrx_word' id='word_1_315' title='bbox 2093 1566 2158 1618; x_wconf 88' lang='lat' dir='ltr'><strong>ad</strong></span> <span class='ocrx_word' id='word_1_316' title='bbox 2184 1565 2359 1633; x_wconf 88' lang='lat' dir='ltr'><strong>ipsum</strong></span> <span class='ocrx_word' id='word_1_317' title='bbox 2384 1575 2699 1618; x_wconf 71' lang='lat' dir='ltr'><strong>mmrentem</strong></span> <span class='ocrx_word' id='word_1_318' title='bbox 2723 1566 2993 1634; x_wconf 88' lang='lat' dir='ltr'><strong>applicato</strong></span> <span class='ocrx_word' id='word_1_319' title='bbox 3014 1567 3320 1637; x_wconf 83' lang='lat' dir='ltr'><strong>syllogismo</strong></span> 
     </span>
    </p>
   </div>
   <div class='ocr_carea' id='block_1_44' title="bbox 1769 1653 3316 1725">
    <p class='ocr_par' dir='ltr' id='par_1_44' title="bbox 1769 1653 3316 1725">
     <span class='ocr_line' id='line_1_44' title="bbox 1769 1653 3316 1725; baseline -0.001 -15"><span class='ocrx_word' id='word_1_320' title='bbox 1769 1659 1948 1725; x_wconf 86' lang='lat' dir='ltr'><strong>inepte</strong></span> <span class='ocrx_word' id='word_1_321' title='bbox 1987 1671 2111 1710; x_wconf 91' lang='lat' dir='ltr'><strong>eum</strong></span> <span class='ocrx_word' id='word_1_322' title='bbox 2155 1670 2388 1709; x_wconf 70' lang='lat' dir='ltr'><strong>maerere</strong></span> <span class='ocrx_word' id='word_1_323' title='bbox 2429 1656 2660 1723; x_wconf 90' lang='lat' dir='ltr'><strong>probare</strong></span> <span class='ocrx_word' id='word_1_324' title='bbox 2701 1653 2929 1710; x_wconf 82' lang='lat' dir='ltr'><strong>conatus</strong></span> <span class='ocrx_word' id='word_1_325' title='bbox 2967 1656 3129 1709; x_wconf 88' lang='lat' dir='ltr'><strong>fuerit</strong></span> <span class='ocrx_word' id='word_1_326' title='bbox 3179 1675 3190 1707; x_wconf 89' lang='lat'><strong>:</strong></span> <span class='ocrx_word' id='word_1_327' title='bbox 3235 1656 3316 1708; x_wconf 77' lang='lat' dir='ltr'><strong>vel</strong></span> 
     </span>
    </p>
   </div>
   <div class='ocr_carea' id='block_1_45' title="bbox 1769 1729 3318 1814">
    <p class='ocr_par' dir='ltr' id='par_1_45' title="bbox 1769 1729 3318 1814">
     <span class='ocr_line' id='line_1_45' title="bbox 1769 1729 3318 1814; baseline -0.001 -13"><span class='ocrx_word' id='word_1_328' title='bbox 1769 1748 1996 1801; x_wconf 89' lang='lat' dir='ltr'><strong>fortasse</strong></span> <span class='ocrx_word' id='word_1_329' title='bbox 2036 1746 2198 1799; x_wconf 90' lang='lat' dir='ltr'><strong>etiam</strong></span> <span class='ocrx_word' id='word_1_330' title='bbox 2246 1746 2314 1797; x_wconf 85' lang='lat' dir='ltr'><strong>ab</strong></span> <span class='ocrx_word' id='word_1_331' title='bbox 2364 1746 2481 1814; x_wconf 90' lang='lat' dir='ltr'><strong>ipso</strong></span> <span class='ocrx_word' id='word_1_332' title='bbox 2524 1729 2788 1808; x_wconf 66' lang='lat' dir='ltr'><strong>maerore,</strong></span> <span class='ocrx_word' id='word_1_333' title='bbox 2821 1747 2872 1799; x_wconf 92' lang='lat' dir='ltr'><strong>id</strong></span> <span class='ocrx_word' id='word_1_334' title='bbox 2919 1755 3001 1800; x_wconf 91' lang='lat' dir='ltr'><strong>est</strong></span> <span class='ocrx_word' id='word_1_335' title='bbox 3047 1763 3075 1799; x_wconf 89' lang='lat' dir='ltr'><strong>a</strong></span> <span class='ocrx_word' id='word_1_336' title='bbox 3125 1755 3318 1800; x_wconf 89' lang='lat' dir='ltr'><strong>natura</strong></span> 
     </span>
    </p>
   </div>
   <div class='ocr_carea' id='block_1_46' title="bbox 1770 1819 3320 1908">
    <p class='ocr_par' dir='ltr' id='par_1_46' title="bbox 1770 1819 3320 1908">
     <span class='ocr_line' id='line_1_46' title="bbox 1770 1819 3320 1908; baseline -0.003 -17"><span class='ocrx_word' id='word_1_337' title='bbox 1770 1839 1916 1908; x_wconf 84' lang='lat' dir='ltr'><strong>ejus,</strong></span> <span class='ocrx_word' id='word_1_338' title='bbox 1947 1837 2243 1890; x_wconf 87' lang='lat' dir='ltr'><strong>abhorrere</strong></span> <span class='ocrx_word' id='word_1_339' title='bbox 2288 1836 2482 1903; x_wconf 87' lang='lat' dir='ltr'><strong>aliquis</strong></span> <span class='ocrx_word' id='word_1_340' title='bbox 2524 1836 2751 1897; x_wconf 78' lang='lat' dir='ltr'><strong>dixerit,</strong></span> <span class='ocrx_word' id='word_1_341' title='bbox 2784 1819 2886 1888; x_wconf 79' lang='lat' dir='ltr'><strong>nec</strong></span> <span class='ocrx_word' id='word_1_342' title='bbox 2923 1835 3212 1888; x_wconf 86' lang='lat' dir='ltr'><strong>convenire</strong></span> <span class='ocrx_word' id='word_1_343' title='bbox 3259 1845 3320 1886; x_wconf 88' lang='lat' dir='ltr'><strong>ut</strong></span> 
     </span>
    </p>
   </div>
   <div class='ocr_carea' id='block_1_47' title="bbox 1769 1923 3321 1996">
    <p class='ocr_par' dir='ltr' id='par_1_47' title="bbox 1769 1923 3321 1996">
     <span class='ocr_line' id='line_1_47' title="bbox 1769 1923 3321 1996; baseline -0.003 -16"><span class='ocrx_word' id='word_1_344' title='bbox 1769 1928 1859 1996; x_wconf 92' lang='lat' dir='ltr'><strong>qui</strong></span> <span class='ocrx_word' id='word_1_345' title='bbox 1915 1933 2110 1979; x_wconf 71' lang='lat' dir='ltr'><strong>mmret</strong></span> <span class='ocrx_word' id='word_1_346' title='bbox 2165 1924 2500 1991; x_wconf 85' lang='lat' dir='ltr'><strong>syllogismos</strong></span> <span class='ocrx_word' id='word_1_347' title='bbox 2555 1923 2772 1992; x_wconf 79' lang='lat' dir='ltr'><strong>colligat</strong></span> <span class='ocrx_word' id='word_1_348' title='bbox 2829 1939 2892 1976; x_wconf 87' lang='lat' dir='ltr'><strong>ac</strong></span> <span class='ocrx_word' id='word_1_349' title='bbox 2949 1924 3321 1992; x_wconf 77' lang='lat' dir='ltr'><strong>probabilibus</strong></span> 
     </span>
    </p>
   </div>
   <div class='ocr_carea' id='block_1_48' title="bbox 1767 2014 3318 2083">
    <p class='ocr_par' dir='ltr' id='par_1_48' title="bbox 1767 2014 3318 2083">
     <span class='ocr_line' id='line_1_48' title="bbox 1767 2014 3318 2083; baseline -0.002 -15"><span class='ocrx_word' id='word_1_350' title='bbox 1767 2015 2070 2069; x_wconf 85' lang='lat' dir='ltr'><strong>rationibus</strong></span> <span class='ocrx_word' id='word_1_351' title='bbox 2103 2015 2205 2067; x_wconf 88' lang='lat' dir='ltr'><strong>sibi</strong></span> <span class='ocrx_word' id='word_1_352' title='bbox 2243 2014 2567 2083; x_wconf 86' lang='lat' dir='ltr'><strong>persuadere</strong></span> <span class='ocrx_word' id='word_1_353' title='bbox 2597 2021 2768 2067; x_wconf 86' lang='lat' dir='ltr'><strong>tentet</strong></span> <span class='ocrx_word' id='word_1_354' title='bbox 2795 2028 2979 2066; x_wconf 89' lang='lat' dir='ltr'><strong>casum</strong></span> <span class='ocrx_word' id='word_1_355' title='bbox 3009 2014 3100 2081; x_wconf 90' lang='lat' dir='ltr'><strong>qui</strong></span> <span class='ocrx_word' id='word_1_356' title='bbox 3133 2027 3318 2066; x_wconf 77' lang='lat' dir='ltr'><strong>revera</strong></span> 
     </span>
    </p>
   </div>
   <div class='ocr_carea' id='block_1_49' title="bbox 1767 2101 3321 2168">
    <p class='ocr_par' dir='ltr' id='par_1_49' title="bbox 1767 2101 3321 2168">
     <span class='ocr_line' id='line_1_49' title="bbox 1767 2101 3321 2168; baseline -0.003 -10"><span class='ocrx_word' id='word_1_357' title='bbox 1767 2104 2027 2159; x_wconf 88' lang='lat' dir='ltr'><strong>acciderit</strong></span> <span class='ocrx_word' id='word_1_358' title='bbox 2054 2104 2157 2158; x_wconf 88' lang='lat' dir='ltr'><strong>sibi</strong></span> <span class='ocrx_word' id='word_1_359' title='bbox 2189 2119 2297 2157; x_wconf 91' lang='lat' dir='ltr'><strong>non</strong></span> <span class='ocrx_word' id='word_1_360' title='bbox 2326 2103 2607 2158; x_wconf 89' lang='lat' dir='ltr'><strong>accidisse.</strong></span> <span class='ocrx_word' id='word_1_361' title='bbox 2631 2101 2915 2168; x_wconf 86' lang='lat' dir='ltr'><strong>Quomodo</strong></span> <span class='ocrx_word' id='word_1_362' title='bbox 2943 2103 3088 2156; x_wconf 91' lang='lat' dir='ltr'><strong>enim</strong></span> <span class='ocrx_word' id='word_1_363' title='bbox 3120 2117 3321 2156; x_wconf 70' lang='lat' dir='ltr'><strong>mceror</strong></span> 
     </span>
    </p>
   </div>
   <div class='ocr_carea' id='block_1_50' title="bbox 1767 2193 3321 2265">
    <p class='ocr_par' dir='ltr' id='par_1_50' title="bbox 1767 2193 3321 2265">
     <span class='ocr_line' id='line_1_50' title="bbox 1767 2193 3321 2265; baseline -0.003 -15"><span class='ocrx_word' id='word_1_364' title='bbox 1767 2212 1912 2251; x_wconf 80' lang='lat' dir='ltr'><strong>exeo</strong></span> <span class='ocrx_word' id='word_1_365' title='bbox 1935 2195 2350 2265; x_wconf 83' lang='lat' dir='ltr'><strong>expelliturqui,</strong></span> <span class='ocrx_word' id='word_1_366' title='bbox 2374 2196 2500 2249; x_wconf 89' lang='lat' dir='ltr'><strong>dum</strong></span> <span class='ocrx_word' id='word_1_367' title='bbox 2520 2203 2734 2254; x_wconf 70' lang='lat' dir='ltr'><strong>niteret,</strong></span> <span class='ocrx_word' id='word_1_368' title='bbox 2761 2193 3112 2248; x_wconf 86' lang='lat' dir='ltr'><strong>ratiocinatur</strong></span> <span class='ocrx_word' id='word_1_369' title='bbox 3139 2204 3193 2250; x_wconf 87' lang='lat' dir='ltr'><strong>et</strong></span> <span class='ocrx_word' id='word_1_370' title='bbox 3217 2197 3321 2264; x_wconf 74' lang='lat' dir='ltr'><strong>syl-</strong></span> 
     </span>
    </p>
   </div>
   <div class='ocr_carea' id='block_1_51' title="bbox 1770 2285 3319 2359">
    <p class='ocr_par' dir='ltr' id='par_1_51' title="bbox 1770 2285 3319 2359">
     <span class='ocr_line' id='line_1_51' title="bbox 1770 2285 3319 2359; baseline -0.003 -18"><span class='ocrx_word' id='word_1_371' title='bbox 1770 2287 2013 2356; x_wconf 87' lang='lat' dir='ltr'><strong>logismis</strong></span> <span class='ocrx_word' id='word_1_372' title='bbox 2041 2302 2259 2356; x_wconf 89' lang='lat' dir='ltr'><strong>operam</strong></span> <span class='ocrx_word' id='word_1_373' title='bbox 2288 2286 2401 2348; x_wconf 89' lang='lat' dir='ltr'><strong>dat,</strong></span> <span class='ocrx_word' id='word_1_374' title='bbox 2431 2286 2501 2338; x_wconf 91' lang='lat' dir='ltr'><strong>ita</strong></span> <span class='ocrx_word' id='word_1_375' title='bbox 2535 2285 2698 2337; x_wconf 89' lang='lat' dir='ltr'><strong>etiam</strong></span> <span class='ocrx_word' id='word_1_376' title='bbox 2736 2299 2935 2359; x_wconf 75' lang='lat' dir='ltr'><strong>mceror</strong></span> <span class='ocrx_word' id='word_1_377' title='bbox 2973 2301 3172 2338; x_wconf 66' lang='lat' dir='ltr'><strong>maeror</strong></span> <span class='ocrx_word' id='word_1_378' title='bbox 3202 2300 3319 2338; x_wconf 85' lang='lat' dir='ltr'><strong>esse</strong></span> 
     </span>
    </p>
   </div>
   <div class='ocr_carea' id='block_1_52' title="bbox 1771 2372 3319 2444">
    <p class='ocr_par' dir='ltr' id='par_1_52' title="bbox 1771 2372 3319 2444">
     <span class='ocr_line' id='line_1_52' title="bbox 1771 2372 3319 2444; baseline -0.005 -11"><span class='ocrx_word' id='word_1_379' title='bbox 1771 2377 1998 2439; x_wconf 83' lang='lat' dir='ltr'><strong>desinit,</strong></span> <span class='ocrx_word' id='word_1_380' title='bbox 2025 2392 2148 2430; x_wconf 92' lang='lat' dir='ltr'><strong>cum</strong></span> <span class='ocrx_word' id='word_1_381' title='bbox 2193 2375 2258 2428; x_wconf 91' lang='lat' dir='ltr'><strong>ad</strong></span> <span class='ocrx_word' id='word_1_382' title='bbox 2304 2375 2668 2444; x_wconf 85' lang='lat' dir='ltr'><strong>syllogismum</strong></span> <span class='ocrx_word' id='word_1_383' title='bbox 2705 2388 2762 2426; x_wconf 87' lang='lat' dir='ltr'><strong>se</strong></span> <span class='ocrx_word' id='word_1_384' title='bbox 2801 2372 3073 2437; x_wconf 82' lang='lat' dir='ltr'><strong>transfert.</strong></span> <span class='ocrx_word' id='word_1_385' title='bbox 3107 2373 3239 2425; x_wconf 83' lang='lat' dir='ltr'><strong>Nam</strong></span> <span class='ocrx_word' id='word_1_386' title='bbox 3275 2375 3319 2426; x_wconf 84' lang='lat' dir='ltr'><strong>si</strong></span> 
     </span>
    </p>
   </div>
   <div class='ocr_carea' id='block_1_53' title="bbox 1771 2461 3321 2536">
    <p class='ocr_par' dir='ltr' id='par_1_53' title="bbox 1771 2461 3321 2536">
     <span class='ocr_line' id='line_1_53' title="bbox 1771 2461 3321 2536; baseline -0.005 -15"><span class='ocrx_word' id='word_1_387' title='bbox 1771 2468 1895 2536; x_wconf 92' lang='lat' dir='ltr'><strong>quis</strong></span> <span class='ocrx_word' id='word_1_388' title='bbox 1922 2481 2048 2521; x_wconf 90' lang='lat' dir='ltr'><strong>eum</strong></span> <span class='ocrx_word' id='word_1_389' title='bbox 2078 2465 2258 2518; x_wconf 90' lang='lat' dir='ltr'><strong>amisit</strong></span> <span class='ocrx_word' id='word_1_390' title='bbox 2291 2464 2346 2516; x_wconf 92' lang='lat' dir='ltr'><strong>in</strong></span> <span class='ocrx_word' id='word_1_391' title='bbox 2379 2478 2487 2531; x_wconf 91' lang='lat' dir='ltr'><strong>quo</strong></span> <span class='ocrx_word' id='word_1_392' title='bbox 2519 2461 3066 2531; x_wconf 83' lang='lat' dir='ltr'><strong>spemsucoessionis</strong></span> <span class='ocrx_word' id='word_1_393' title='bbox 3093 2461 3321 2514; x_wconf 84' lang='lat' dir='ltr'><strong>colloca-</strong></span> 
     </span>
    </p>
   </div>
   <div class='ocr_carea' id='block_1_54' title="bbox 1772 2552 3320 2624">
    <p class='ocr_par' dir='ltr' id='par_1_54' title="bbox 1772 2552 3320 2624">
     <span class='ocr_line' id='line_1_54' title="bbox 1772 2552 3320 2624; baseline -0.005 -13"><span class='ocrx_word' id='word_1_394' title='bbox 1772 2566 1950 2621; x_wconf 81' lang='lat' dir='ltr'><strong>verat,</strong></span> <span class='ocrx_word' id='word_1_395' title='bbox 1993 2553 2263 2624; x_wconf 86' lang='lat' dir='ltr'><strong>superﬂua</strong></span> <span class='ocrx_word' id='word_1_396' title='bbox 2305 2553 2408 2607; x_wconf 87' lang='lat' dir='ltr'><strong>sibi</strong></span> <span class='ocrx_word' id='word_1_397' title='bbox 2451 2562 2507 2606; x_wconf 89' lang='lat' dir='ltr'><strong>et</strong></span> <span class='ocrx_word' id='word_1_398' title='bbox 2541 2568 2676 2606; x_wconf 79' lang='lat' dir='ltr'><strong>vana</strong></span> <span class='ocrx_word' id='word_1_399' title='bbox 2719 2553 2833 2606; x_wconf 66' lang='lat' dir='ltr'><strong>haec</strong></span> <span class='ocrx_word' id='word_1_400' title='bbox 2879 2561 3095 2607; x_wconf 87' lang='lat' dir='ltr'><strong>terrena</strong></span> <span class='ocrx_word' id='word_1_401' title='bbox 3142 2552 3320 2604; x_wconf 81' lang='lat' dir='ltr'><strong>omnia</strong></span> 
     </span>
    </p>
   </div>
   <div class='ocr_carea' id='block_1_55' title="bbox 1773 2643 3319 2701">
    <p class='ocr_par' dir='ltr' id='par_1_55' title="bbox 1773 2643 3319 2701">
     <span class='ocr_line' id='line_1_55' title="bbox 1773 2643 3319 2701; baseline -0.006 0"><span class='ocrx_word' id='word_1_402' title='bbox 1773 2647 2014 2701; x_wconf 86' lang='lat' dir='ltr'><strong>habebit.</strong></span> <span class='ocrx_word' id='word_1_403' title='bbox 2047 2646 2114 2698; x_wconf 87' lang='lat' dir='ltr'><strong>Et</strong></span> <span class='ocrx_word' id='word_1_404' title='bbox 2152 2645 2256 2698; x_wconf 91' lang='lat' dir='ltr'><strong>hoc</strong></span> <span class='ocrx_word' id='word_1_405' title='bbox 2295 2644 2524 2699; x_wconf 87' lang='lat' dir='ltr'><strong>fortasse</strong></span> <span class='ocrx_word' id='word_1_406' title='bbox 2562 2643 2723 2697; x_wconf 89' lang='lat' dir='ltr'><strong>modo</strong></span> <span class='ocrx_word' id='word_1_407' title='bbox 2767 2643 2914 2698; x_wconf 88' lang='lat' dir='ltr'><strong>haud</strong></span> <span class='ocrx_word' id='word_1_408' title='bbox 2958 2644 3250 2697; x_wconf 85' lang='lat' dir='ltr'><strong>abhorrere</strong></span> <span class='ocrx_word' id='word_1_409' title='bbox 3292 2659 3319 2694; x_wconf 76' lang='grc' dir='ltr'><strong>ιι</strong></span> 
     </span>
    </p>
   </div>
   <div class='ocr_carea' id='block_1_56' title="bbox 1772 2733 3318 2805">
    <p class='ocr_par' dir='ltr' id='par_1_56' title="bbox 1772 2733 3318 2805">
     <span class='ocr_line' id='line_1_56' title="bbox 1772 2733 3318 2805; baseline -0.005 -14"><span class='ocrx_word' id='word_1_410' title='bbox 1772 2738 1982 2791; x_wconf 85' lang='lat' dir='ltr'><strong>ratione</strong></span> <span class='ocrx_word' id='word_1_411' title='bbox 2020 2736 2217 2805; x_wconf 88' lang='lat' dir='ltr'><strong>aliquis</strong></span> <span class='ocrx_word' id='word_1_412' title='bbox 2252 2735 2450 2789; x_wconf 78' lang='lat' dir='ltr'><strong>dixerit</strong></span> <span class='ocrx_word' id='word_1_413' title='bbox 2482 2747 2545 2788; x_wconf 87' lang='lat' dir='ltr'><strong>ea</strong></span> <span class='ocrx_word' id='word_1_414' title='bbox 2581 2750 2700 2803; x_wconf 70' lang='lat' dir='ltr'><strong>qua:</strong></span> <span class='ocrx_word' id='word_1_415' title='bbox 2733 2733 3078 2802; x_wconf 82' lang='lat' dir='ltr'><strong>contemplati</strong></span> <span class='ocrx_word' id='word_1_416' title='bbox 3113 2747 3318 2792; x_wconf 87' lang='lat' dir='ltr'><strong>sumus,</strong></span> 
     </span>
    </p>
   </div>
   <div class='ocr_carea' id='block_1_57' title="bbox 1773 2811 3321 2894">
    <p class='ocr_par' dir='ltr' id='par_1_57' title="bbox 1773 2811 3321 2894">
     <span class='ocr_line' id='line_1_57' title="bbox 1773 2811 3321 2894; baseline -0.008 -11"><span class='ocrx_word' id='word_1_417' title='bbox 1773 2829 1820 2883; x_wconf 80' lang='lat' dir='ltr'><strong>si</strong></span> <span class='ocrx_word' id='word_1_418' title='bbox 1852 2827 2164 2881; x_wconf 88' lang='lat' dir='ltr'><strong>meminerit</strong></span> <span class='ocrx_word' id='word_1_419' title='bbox 2189 2839 2297 2879; x_wconf 89' lang='lat' dir='ltr'><strong>non</strong></span> <span class='ocrx_word' id='word_1_420' title='bbox 2326 2811 2482 2894; x_wconf 82' lang='lat' dir='ltr'><strong>posse</strong></span> <span class='ocrx_word' id='word_1_421' title='bbox 2503 2826 2616 2878; x_wconf 85' lang='lat' dir='ltr'><strong>una</strong></span> <span class='ocrx_word' id='word_1_422' title='bbox 2646 2824 2959 2892; x_wconf 89' lang='lat' dir='ltr'><strong>contingere</strong></span> <span class='ocrx_word' id='word_1_423' title='bbox 2985 2821 3237 2890; x_wconf 85' lang='lat' dir='ltr'><strong>gaudium</strong></span> <span class='ocrx_word' id='word_1_424' title='bbox 3267 2828 3321 2871; x_wconf 81' lang='lat' dir='ltr'><strong>et</strong></span> 
     </span>
    </p>
   </div>
   <div class='ocr_carea' id='block_1_58' title="bbox 1774 2909 3319 2980">
    <p class='ocr_par' dir='ltr' id='par_1_58' title="bbox 1774 2909 3319 2980">
     <span class='ocr_line' id='line_1_58' title="bbox 1774 2909 3319 2980; baseline -0.008 -7"><span class='ocrx_word' id='word_1_425' title='bbox 1774 2933 2096 2979; x_wconf 74' lang='lat' dir='ltr'><strong>maerorem,</strong></span> <span class='ocrx_word' id='word_1_426' title='bbox 2127 2931 2248 2969; x_wconf 90' lang='lat' dir='ltr'><strong>cum</strong></span> <span class='ocrx_word' id='word_1_427' title='bbox 2295 2914 2578 2980; x_wconf 91' lang='lat' dir='ltr'><strong>utriusque</strong></span> <span class='ocrx_word' id='word_1_428' title='bbox 2623 2909 2859 2964; x_wconf 80' lang='lat' dir='ltr'><strong>efﬁciens</strong></span> <span class='ocrx_word' id='word_1_429' title='bbox 2899 2925 3056 2963; x_wconf 85' lang='lat' dir='ltr'><strong>causa</strong></span> <span class='ocrx_word' id='word_1_430' title='bbox 3101 2925 3209 2962; x_wconf 88' lang='lat' dir='ltr'><strong>non</strong></span> <span class='ocrx_word' id='word_1_431' title='bbox 3256 2925 3319 2961; x_wconf 78' lang='lat' dir='ltr'><strong>ex</strong></span> 
     </span>
    </p>
   </div>
   <div class='ocr_carea' id='block_1_59' title="bbox 1775 2999 3322 3074">
    <p class='ocr_par' dir='ltr' id='par_1_59' title="bbox 1775 2999 3322 3074">
     <span class='ocr_line' id='line_1_59' title="bbox 1775 2999 3322 3074; baseline -0.008 -12"><span class='ocrx_word' id='word_1_432' title='bbox 1775 3009 1977 3063; x_wconf 84' lang='lat' dir='ltr'><strong>eisdem</strong></span> <span class='ocrx_word' id='word_1_433' title='bbox 2001 3004 2284 3074; x_wconf 87' lang='lat' dir='ltr'><strong>principiis</strong></span> <span class='ocrx_word' id='word_1_434' title='bbox 2315 3002 2555 3071; x_wconf 89' lang='lat' dir='ltr'><strong>profecta</strong></span> <span class='ocrx_word' id='word_1_435' title='bbox 2588 3001 2674 3054; x_wconf 89' lang='lat' dir='ltr'><strong>sit.</strong></span> <span class='ocrx_word' id='word_1_436' title='bbox 2701 2999 2867 3070; x_wconf 85' lang='lat' dir='ltr'><strong>Cujus</strong></span> <span class='ocrx_word' id='word_1_437' title='bbox 2906 3001 2981 3054; x_wconf 90' lang='lat' dir='ltr'><strong>rei</strong></span> <span class='ocrx_word' id='word_1_438' title='bbox 3015 3014 3240 3068; x_wconf 79' lang='lat' dir='ltr'><strong>sponsor</strong></span> <span class='ocrx_word' id='word_1_439' title='bbox 3267 3009 3322 3053; x_wconf 68' lang='lat'><strong>9’.</strong></span> 
     </span>
    </p>
   </div>
   <div class='ocr_carea' id='block_1_60' title="bbox 1784 3089 3323 3159">
    <p class='ocr_par' dir='ltr' id='par_1_60' title="bbox 1784 3089 3323 3159">
     <span class='ocr_line' id='line_1_60' title="bbox 1784 3089 3323 3159; baseline -0.008 -6"><span class='ocrx_word' id='word_1_440' title='bbox 1784 3099 1937 3152; x_wconf 88' lang='lat' dir='ltr'><strong>testis</strong></span> <span class='ocrx_word' id='word_1_441' title='bbox 1966 3097 2125 3150; x_wconf 85' lang='lat' dir='ltr'><strong>nobis</strong></span> <span class='ocrx_word' id='word_1_442' title='bbox 2153 3103 2233 3149; x_wconf 89' lang='lat' dir='ltr'><strong>est</strong></span> <span class='ocrx_word' id='word_1_443' title='bbox 2261 3100 2478 3147; x_wconf 87' lang='lat' dir='ltr'><strong>sanctus</strong></span> <span class='ocrx_word' id='word_1_444' title='bbox 2505 3101 2559 3144; x_wconf 89' lang='lat' dir='ltr'><strong>et</strong></span> <span class='ocrx_word' id='word_1_445' title='bbox 2585 3090 2766 3143; x_wconf 87' lang='lat' dir='ltr'><strong>divina</strong></span> <span class='ocrx_word' id='word_1_446' title='bbox 2796 3089 3010 3158; x_wconf 79' lang='lat' dir='ltr'><strong>sapiens</strong></span> <span class='ocrx_word' id='word_1_447' title='bbox 3038 3089 3323 3159; x_wconf 84' lang='lat' dir='ltr'><strong>Dionysius</strong></span> 
     </span>
    </p>
   </div>
   <div class='ocr_carea' id='block_1_61' title="bbox 111 3173 1672 3258">
    <p class='ocr_par' dir='ltr' id='par_1_61' title="bbox 111 3181 1672 3254">
     <span class='ocr_line' id='line_1_61' title="bbox 111 3181 1672 3254; baseline -0.003 -16"><span class='ocrx_word' id='word_1_448' title='bbox 111 3187 206 3238; x_wconf 78' lang='grc' dir='ltr'>καὶ</span> <span class='ocrx_word' id='word_1_449' title='bbox 235 3186 482 3254; x_wconf 76' lang='grc' dir='ltr'>θεόφρων</span> <span class='ocrx_word' id='word_1_450' title='bbox 521 3185 785 3245; x_wconf 85' lang='grc' dir='ltr'>Διονύσιος</span> <span class='ocrx_word' id='word_1_451' title='bbox 813 3186 841 3236; x_wconf 78' lang='grc' dir='ltr'><strong>ὁ</strong></span> <span class='ocrx_word' id='word_1_452' title='bbox 890 3183 1298 3252; x_wconf 77' lang='grc' dir='ltr'>Ἀρεοπαγίτης,</span> <span class='ocrx_word' id='word_1_453' title='bbox 1363 3182 1556 3234; x_wconf 81' lang='grc' dir='ltr'>οὑτωσὶ</span> <span class='ocrx_word' id='word_1_454' title='bbox 1596 3181 1672 3233; x_wconf 85' lang='grc' dir='ltr'>δι-</span> 
     </span>
    </p>
   </div>
   <div class='ocr_carea' id='block_1_62' title="bbox 1771 3173 3322 3258">
    <p class='ocr_par' dir='ltr' id='par_1_62' title="bbox 1779 3179 3322 3258">
     <span class='ocr_line' id='line_1_62' title="bbox 1779 3179 3322 3258; baseline -0.007 -13"><span class='ocrx_word' id='word_1_455' title='bbox 1779 3189 2123 3258; x_wconf 80' lang='lat' dir='ltr'><strong>Areopagita,</strong></span> <span class='ocrx_word' id='word_1_456' title='bbox 2150 3188 2241 3256; x_wconf 87' lang='lat' dir='ltr'><strong>qui</strong></span> <span class='ocrx_word' id='word_1_457' title='bbox 2269 3187 2333 3240; x_wconf 89' lang='lat' dir='ltr'><strong>de</strong></span> <span class='ocrx_word' id='word_1_458' title='bbox 2363 3185 2604 3254; x_wconf 85' lang='lat' dir='ltr'><strong>angelica</strong></span> <span class='ocrx_word' id='word_1_459' title='bbox 2635 3183 3000 3251; x_wconf 79' lang='lat' dir='ltr'><strong>descriptione</strong></span> <span class='ocrx_word' id='word_1_460' title='bbox 3027 3183 3099 3234; x_wconf 88' lang='lat' dir='ltr'><strong>ita</strong></span> <span class='ocrx_word' id='word_1_461' title='bbox 3123 3179 3322 3234; x_wconf 86' lang='lat' dir='ltr'><strong>edisse—</strong></span> 
     </span>
    </p>
   </div>
   <div class='ocr_carea' id='block_1_63' title="bbox 110 3271 1672 3346">
    <p class='ocr_par' dir='ltr' id='par_1_63' title="bbox 110 3272 1672 3344">
     <span class='ocr_line' id='line_1_63' title="bbox 110 3272 1672 3344; baseline -0.002 -17"><span class='ocrx_word' id='word_1_462' title='bbox 110 3275 269 3339; x_wconf 77' lang='grc' dir='ltr'>εξιὼν</span> <span class='ocrx_word' id='word_1_463' title='bbox 292 3275 537 3343; x_wconf 71' lang='grc' dir='ltr'>περὶτῆς</span> <span class='ocrx_word' id='word_1_464' title='bbox 556 3275 845 3344; x_wconf 83' lang='grc' dir='ltr'>ἀγγελικῆς</span> <span class='ocrx_word' id='word_1_465' title='bbox 866 3275 1272 3343; x_wconf 82' lang='grc' dir='ltr'>εἰκονογραφίας</span> <span class='ocrx_word' id='word_1_466' title='bbox 1294 3290 1337 3324; x_wconf 76' lang='grc' dir='ltr'><strong>ἰ</strong></span> <span class='ocrx_word' id='word_1_467' title='bbox 1366 3272 1445 3325; x_wconf 81' lang='grc' dir='ltr'><strong>Τὰ</strong></span> <span class='ocrx_word' id='word_1_468' title='bbox 1475 3272 1532 3324; x_wconf 76' lang='grc' dir='ltr'>δὲ</span> <span class='ocrx_word' id='word_1_469' title='bbox 1549 3289 1672 3340; x_wconf 84' lang='grc' dir='ltr'>γεω‹</span> 
     </span>
    </p>
   </div>
   <div class='ocr_carea' id='block_1_64' title="bbox 1771 3271 3322 3346">
    <p class='ocr_par' dir='ltr' id='par_1_64' title="bbox 1781 3271 3322 3346">
     <span class='ocr_line' id='line_1_64' title="bbox 1781 3271 3322 3346; baseline -0.008 -12"><span class='ocrx_word' id='word_1_470' title='bbox 1781 3282 1853 3334; x_wconf 88' lang='lat' dir='ltr'><strong>rit</strong></span> <span class='ocrx_word' id='word_1_471' title='bbox 1881 3296 1893 3330; x_wconf 91' lang='lat'><strong>:</strong></span> <span class='ocrx_word' id='word_1_472' title='bbox 1917 3274 1947 3328; x_wconf 68' lang='grc' dir='ltr'><strong>ἰ</strong></span> <span class='ocrx_word' id='word_1_473' title='bbox 1978 3277 2316 3332; x_wconf 86' lang='lat' dir='ltr'><strong>Geometrica</strong></span> <span class='ocrx_word' id='word_1_474' title='bbox 2343 3284 2521 3329; x_wconf 85' lang='lat' dir='ltr'><strong>autem</strong></span> <span class='ocrx_word' id='word_1_475' title='bbox 2547 3282 2706 3342; x_wconf 88' lang='lat' dir='ltr'><strong>atque</strong></span> <span class='ocrx_word' id='word_1_476' title='bbox 2731 3271 2938 3325; x_wconf 86' lang='lat' dir='ltr'><strong>fabrilia</strong></span> <span class='ocrx_word' id='word_1_477' title='bbox 2966 3271 3322 3346; x_wconf 86' lang='lat' dir='ltr'><strong>instrumenta</strong></span> 
     </span>
    </p>
   </div>
   <div class='ocr_carea' id='block_1_65' title="bbox 116 3352 1672 3438">
    <p class='ocr_par' dir='ltr' id='par_1_65' title="bbox 116 3363 1672 3437">
     <span class='ocr_line' id='line_1_65' title="bbox 116 3363 1672 3437; baseline -0.002 -18"><span class='ocrx_word' id='word_1_478' title='bbox 116 3366 356 3437; x_wconf 84' lang='grc' dir='ltr'>μετρικὰ</span> <span class='ocrx_word' id='word_1_479' title='bbox 408 3365 500 3417; x_wconf 80' lang='grc' dir='ltr'>καὶ</span> <span class='ocrx_word' id='word_1_480' title='bbox 546 3365 826 3419; x_wconf 80' lang='grc' dir='ltr'>τεκτονικά</span> <span class='ocrx_word' id='word_1_481' title='bbox 869 3365 1056 3434; x_wconf 82' lang='grc' dir='ltr'>σκεύη,</span> <span class='ocrx_word' id='word_1_482' title='bbox 1088 3364 1146 3416; x_wconf 86' lang='grc' dir='ltr'><strong>τὸ</strong></span> <span class='ocrx_word' id='word_1_483' title='bbox 1175 3363 1556 3432; x_wconf 81' lang='grc' dir='ltr'>θεμελιωτικὸν</span> <span class='ocrx_word' id='word_1_484' title='bbox 1588 3376 1672 3429; x_wconf 67' lang='grc' dir='ltr'><strong>καὶ</strong></span> 
     </span>
    </p>
   </div>
   <div class='ocr_carea' id='block_1_66' title="bbox 1771 3352 3332 3438">
    <p class='ocr_par' dir='ltr' id='par_1_66' title="bbox 1779 3352 3332 3438">
     <span class='ocr_line' id='line_1_66' title="bbox 1779 3352 3332 3438; baseline -0.008 -14"><span class='ocrx_word' id='word_1_485' title='bbox 1779 3369 2039 3424; x_wconf 89' lang='lat' dir='ltr'><strong>fundandi</strong></span> <span class='ocrx_word' id='word_1_486' title='bbox 2066 3375 2120 3438; x_wconf 86' lang='lat' dir='ltr'><strong>et</strong></span> <span class='ocrx_word' id='word_1_487' title='bbox 2142 3365 2440 3421; x_wconf 62' lang='lat' dir='ltr'><strong>aedificandi</strong></span> <span class='ocrx_word' id='word_1_488' title='bbox 2469 3361 2888 3430; x_wconf 86' lang='lat' dir='ltr'><strong>absolvendique</strong></span> <span class='ocrx_word' id='word_1_489' title='bbox 2915 3360 3243 3421; x_wconf 84' lang='lat' dir='ltr'><strong>facultatem,</strong></span> <span class='ocrx_word' id='word_1_490' title='bbox 3268 3352 3332 3412; x_wconf 63' lang='lat' dir='ltr'><strong>et</strong></span> 
     </span>
    </p>
   </div>
   <div class='ocr_carea' id='block_1_67' title="bbox 109 3454 1678 3524">
    <p class='ocr_par' dir='ltr' id='par_1_67' title="bbox 109 3454 1678 3524">
     <span class='ocr_line' id='line_1_67' title="bbox 109 3454 1678 3524; baseline -0.006 -12"><span class='ocrx_word' id='word_1_491' title='bbox 109 3456 452 3524; x_wconf 78' lang='grc' dir='ltr'>οἰκοδομικὸν</span> <span class='ocrx_word' id='word_1_492' title='bbox 472 3455 564 3508; x_wconf 74' lang='grc' dir='ltr'>καὶ</span> <span class='ocrx_word' id='word_1_493' title='bbox 585 3457 941 3517; x_wconf 82' lang='grc' dir='ltr'>τελειωτικὸν,</span> <span class='ocrx_word' id='word_1_494' title='bbox 961 3455 1052 3507; x_wconf 67' lang='grc' dir='ltr'>καὶ</span> <span class='ocrx_word' id='word_1_495' title='bbox 1068 3455 1165 3505; x_wconf 85' lang='grc' dir='ltr'><strong>ὅσα</strong></span> <span class='ocrx_word' id='word_1_496' title='bbox 1192 3455 1324 3505; x_wconf 79' lang='grc' dir='ltr'>ἄλλα</span> <span class='ocrx_word' id='word_1_497' title='bbox 1351 3454 1449 3521; x_wconf 85' lang='grc' dir='ltr'><strong>τῆς</strong></span> <span class='ocrx_word' id='word_1_498' title='bbox 1464 3454 1678 3518; x_wconf 84' lang='grc' dir='ltr'>ἀναγω-</span> 
     </span>
    </p>
   </div>
   <div class='ocr_carea' id='block_1_68' title="bbox 109 3524 1673 3616">
    <p class='ocr_par' dir='ltr' id='par_1_68' title="bbox 109 3524 1673 3616">
     <span class='ocr_line' id='line_1_68' title="bbox 109 3524 1673 3616; baseline -0.006 -17"><span class='ocrx_word' id='word_1_499' title='bbox 109 3547 207 3616; x_wconf 78' lang='grc' dir='ltr'><strong>γοῦ</strong></span> <span class='ocrx_word' id='word_1_500' title='bbox 243 3547 341 3600; x_wconf 74' lang='grc' dir='ltr'>καὶ</span> <span class='ocrx_word' id='word_1_501' title='bbox 363 3524 781 3614; x_wconf 72' lang='grc' dir='ltr'>ἐπιστρεπτικῆς</span> <span class='ocrx_word' id='word_1_502' title='bbox 832 3549 946 3597; x_wconf 78' lang='grc' dir='ltr'>ἐστι</span> <span class='ocrx_word' id='word_1_503' title='bbox 989 3544 1093 3594; x_wconf 85' lang='grc' dir='ltr'><strong>τῶν</strong></span> <span class='ocrx_word' id='word_1_504' title='bbox 1114 3544 1410 3610; x_wconf 86' lang='grc' dir='ltr'>δευτέρων(</span> <span class='ocrx_word' id='word_1_505' title='bbox 1433 3541 1591 3610; x_wconf 63' lang='grc'><strong>184</strong></span> <span class='ocrx_word' id='word_1_506' title='bbox 1613 3543 1673 3609; x_wconf 87' lang='lat' dir='ltr'><strong>a)</strong></span> 
     </span>
    </p>
   </div>
   <div class='ocr_carea' id='block_1_69' title="bbox 61 3632 1675 3712">
    <p class='ocr_par' dir='ltr' id='par_1_69' title="bbox 61 3632 1675 3712">
     <span class='ocr_line' id='line_1_69' title="bbox 61 3632 1675 3712; baseline -0.007 -18"><span class='ocrx_word' id='word_1_507' title='bbox 61 3655 64 3658; x_wconf 88' lang='lat'><strong><em>&#39;</em></strong></span> <span class='ocrx_word' id='word_1_508' title='bbox 114 3636 376 3712; x_wconf 80' lang='grc' dir='ltr'>προνοίας</span> <span class='ocrx_word' id='word_1_509' title='bbox 399 3635 532 3703; x_wconf 82' lang='lat' dir='ltr'><strong>(l0).</strong></span> <span class='ocrx_word' id='word_1_510' title='bbox 559 3653 577 3685; x_wconf 82' lang='grc' dir='ltr'><strong>ι</strong></span> <span class='ocrx_word' id='word_1_511' title='bbox 606 3633 790 3686; x_wconf 84' lang='grc' dir='ltr'>Ταῦτα</span> <span class='ocrx_word' id='word_1_512' title='bbox 829 3633 884 3685; x_wconf 83' lang='grc' dir='ltr'>δὲ</span> <span class='ocrx_word' id='word_1_513' title='bbox 917 3635 1092 3685; x_wconf 83' lang='grc' dir='ltr'>πάντα</span> <span class='ocrx_word' id='word_1_514' title='bbox 1132 3633 1360 3702; x_wconf 82' lang='grc' dir='ltr'>φαιδρὰν</span> <span class='ocrx_word' id='word_1_515' title='bbox 1410 3632 1675 3685; x_wconf 74' lang='grc' dir='ltr'>ἐνδείκνυ-</span> 
     </span>
    </p>
   </div>
   <div class='ocr_carea' id='block_1_70' title="bbox 108 3717 1673 3796">
    <p class='ocr_par' dir='ltr' id='par_1_70' title="bbox 108 3717 1673 3796">
     <span class='ocr_line' id='line_1_70' title="bbox 108 3717 1673 3796; baseline -0.004 -16"><span class='ocrx_word' id='word_1_516' title='bbox 108 3744 204 3780; x_wconf 81' lang='grc' dir='ltr'><strong>ται</strong></span> <span class='ocrx_word' id='word_1_517' title='bbox 243 3724 539 3794; x_wconf 78' lang='grc' dir='ltr'>διαγωγὴν,</span> <span class='ocrx_word' id='word_1_518' title='bbox 582 3717 722 3796; x_wconf 77' lang='grc' dir='ltr'>ᾗτινι</span> <span class='ocrx_word' id='word_1_519' title='bbox 755 3723 968 3785; x_wconf 84' lang='grc' dir='ltr'>πάντως</span> <span class='ocrx_word' id='word_1_520' title='bbox 992 3722 1051 3775; x_wconf 85' lang='grc' dir='ltr'><strong>τὸ</strong></span> <span class='ocrx_word' id='word_1_521' title='bbox 1077 3722 1268 3784; x_wconf 80' lang='grc' dir='ltr'>πένθος</span> <span class='ocrx_word' id='word_1_522' title='bbox 1293 3723 1551 3785; x_wconf 72' lang='grc' dir='ltr'>ἐναντίον,</span> <span class='ocrx_word' id='word_1_523' title='bbox 1581 3723 1673 3774; x_wconf 78' lang='grc' dir='ltr'><strong>καὶ</strong></span> 
     </span>
    </p>
   </div>
   <div class='ocr_carea' id='block_1_71' title="bbox 107 3800 1672 3881">
    <p class='ocr_par' dir='ltr' id='par_1_71' title="bbox 107 3800 1672 3881">
     <span class='ocr_line' id='line_1_71' title="bbox 107 3800 1672 3881; baseline -0.003 -13"><span class='ocrx_word' id='word_1_524' title='bbox 107 3813 202 3868; x_wconf 77' lang='grc' dir='ltr'>διὰ</span> <span class='ocrx_word' id='word_1_525' title='bbox 242 3800 402 3866; x_wconf 76' lang='grc' dir='ltr'>τοῦτο</span> <span class='ocrx_word' id='word_1_526' title='bbox 438 3813 798 3881; x_wconf 79' lang='grc' dir='ltr'>ἀνάρμοστον.</span> <span class='ocrx_word' id='word_1_527' title='bbox 829 3811 889 3863; x_wconf 83' lang='lat' dir='ltr'><strong>El</strong></span> <span class='ocrx_word' id='word_1_528' title='bbox 923 3810 980 3862; x_wconf 85' lang='grc' dir='ltr'>δὲ</span> <span class='ocrx_word' id='word_1_529' title='bbox 1013 3810 1109 3863; x_wconf 71' lang='grc' dir='ltr'>καὶ</span> <span class='ocrx_word' id='word_1_530' title='bbox 1136 3809 1310 3873; x_wconf 73' lang='grc' dir='ltr'>ἄλλως</span> <span class='ocrx_word' id='word_1_531' title='bbox 1340 3811 1486 3863; x_wconf 73' lang='grc' dir='ltr'>ἔστιν</span> <span class='ocrx_word' id='word_1_532' title='bbox 1515 3811 1672 3864; x_wconf 74' lang='grc' dir='ltr'>ἐκλα-</span> 
     </span>
    </p>
   </div>
   <div class='ocr_carea' id='block_1_72' title="bbox 111 3899 1674 3974">
    <p class='ocr_par' dir='ltr' id='par_1_72' title="bbox 111 3899 1674 3974">
     <span class='ocr_line' id='line_1_72' title="bbox 111 3899 1674 3974; baseline -0.002 -18"><span class='ocrx_word' id='word_1_533' title='bbox 111 3905 228 3959; x_wconf 73' lang='grc' dir='ltr'>ϐεῖν</span> <span class='ocrx_word' id='word_1_534' title='bbox 270 3904 366 3957; x_wconf 79' lang='grc' dir='ltr'>τὸν</span> <span class='ocrx_word' id='word_1_535' title='bbox 415 3905 593 3966; x_wconf 80' lang='grc' dir='ltr'>τόπον,</span> <span class='ocrx_word' id='word_1_536' title='bbox 645 3904 745 3956; x_wconf 74' lang='grc' dir='ltr'>οὐκ</span> <span class='ocrx_word' id='word_1_537' title='bbox 795 3904 1021 3972; x_wconf 72' lang='grc' dir='ltr'>ἄκαιρον</span> <span class='ocrx_word' id='word_1_538' title='bbox 1061 3899 1202 3955; x_wconf 77' lang='grc' dir='ltr'>εἶναι</span> <span class='ocrx_word' id='word_1_539' title='bbox 1229 3903 1454 3974; x_wconf 79' lang='grc' dir='ltr'>νομίζω,</span> <span class='ocrx_word' id='word_1_540' title='bbox 1489 3902 1582 3955; x_wconf 72' lang='grc' dir='ltr'><strong>καὶ</strong></span> <span class='ocrx_word' id='word_1_541' title='bbox 1613 3901 1674 3954; x_wconf 82' lang='grc' dir='ltr'>τὺ</span> 
     </span>
    </p>
   </div>
   <div class='ocr_carea' id='block_1_73' title="bbox 110 3985 1671 4063">
    <p class='ocr_par' dir='ltr' id='par_1_73' title="bbox 110 3985 1671 4063">
     <span class='ocr_line' id='line_1_73' title="bbox 110 3985 1671 4063; baseline -0.003 -16"><span class='ocrx_word' id='word_1_542' title='bbox 110 3995 203 4047; x_wconf 78' lang='grc' dir='ltr'>τοῦ</span> <span class='ocrx_word' id='word_1_543' title='bbox 241 3993 421 4063; x_wconf 78' lang='grc' dir='ltr'>Σιράχ</span> <span class='ocrx_word' id='word_1_544' title='bbox 460 3985 630 4060; x_wconf 77' lang='grc' dir='ltr'>Ἰησοῦ</span> <span class='ocrx_word' id='word_1_545' title='bbox 677 3991 991 4062; x_wconf 79' lang='grc' dir='ltr'>προσθεῖναι</span> <span class='ocrx_word' id='word_1_546' title='bbox 1020 3995 1134 4054; x_wconf 85' lang='grc' dir='ltr'>τοῖς</span> <span class='ocrx_word' id='word_1_547' title='bbox 1163 3993 1486 4062; x_wconf 80' lang='grc' dir='ltr'>εἰρημένοις.</span> <span class='ocrx_word' id='word_1_548' title='bbox 1519 3992 1671 4044; x_wconf 84' lang='grc' dir='ltr'>Ἔστι</span> 
     </span>
    </p>
   </div>
   <div class='ocr_carea' id='block_1_74' title="bbox 114 4081 1667 4151">
    <p class='ocr_par' dir='ltr' id='par_1_74' title="bbox 114 4081 1667 4151">
     <span class='ocr_line' id='line_1_74' title="bbox 114 4081 1667 4151; baseline 0.001 -17"><span class='ocrx_word' id='word_1_549' title='bbox 114 4083 168 4134; x_wconf 69' lang='grc' dir='ltr'>δὲ</span> <span class='ocrx_word' id='word_1_550' title='bbox 201 4083 370 4135; x_wconf 77' lang='grc' dir='ltr'>τοῦτο</span> <span class='ocrx_word' id='word_1_551' title='bbox 389 4097 402 4109; x_wconf 90' lang='grc'><strong>·</strong></span> <span class='ocrx_word' id='word_1_552' title='bbox 431 4083 702 4134; x_wconf 71' lang='grc' dir='ltr'>Μουσικὰ</span> <span class='ocrx_word' id='word_1_553' title='bbox 732 4082 801 4134; x_wconf 71' lang='grc' dir='ltr'>ἐν</span> <span class='ocrx_word' id='word_1_554' title='bbox 832 4081 1030 4136; x_wconf 73' lang='grc' dir='ltr'>πένθει</span> <span class='ocrx_word' id='word_1_555' title='bbox 1050 4122 1063 4145; x_wconf 96' lang='grc'><strong>,</strong></span> <span class='ocrx_word' id='word_1_556' title='bbox 1094 4081 1334 4150; x_wconf 78' lang='grc' dir='ltr'>ἄκαιρος</span> <span class='ocrx_word' id='word_1_557' title='bbox 1375 4081 1667 4151; x_wconf 77' lang='grc' dir='ltr'>διήγησις.</span> 
     </span>
    </p>
   </div>
   <div class='ocr_carea' id='block_1_75' title="bbox 125 4168 1690 4243">
    <p class='ocr_par' dir='ltr' id='par_1_75' title="bbox 125 4168 1690 4243">
     <span class='ocr_line' id='line_1_75' title="bbox 125 4168 1690 4243; baseline -0.001 -18"><span class='ocrx_word' id='word_1_558' title='bbox 125 4173 208 4236; x_wconf 79' lang='grc' dir='ltr'>Ὧς</span> <span class='ocrx_word' id='word_1_559' title='bbox 239 4168 342 4225; x_wconf 81' lang='grc' dir='ltr'>οὖν</span> <span class='ocrx_word' id='word_1_560' title='bbox 376 4171 473 4239; x_wconf 83' lang='grc' dir='ltr'><strong>τῆς</strong></span> <span class='ocrx_word' id='word_1_561' title='bbox 518 4171 779 4240; x_wconf 83' lang='grc' dir='ltr'>μουσικῆς</span> <span class='ocrx_word' id='word_1_562' title='bbox 825 4173 1002 4234; x_wconf 82' lang='grc' dir='ltr'>πάσας</span> <span class='ocrx_word' id='word_1_563' title='bbox 1034 4173 1389 4243; x_wconf 82' lang='grc' dir='ltr'>περιεχούσης</span> <span class='ocrx_word' id='word_1_564' title='bbox 1415 4173 1513 4234; x_wconf 74' lang='grc' dir='ltr'>τὰς</span> <span class='ocrx_word' id='word_1_565' title='bbox 1540 4188 1690 4225; x_wconf 82' lang='grc' dir='ltr'>παι-,</span> 
     </span>
    </p>
   </div>
   <div class='ocr_carea' id='block_1_76' title="bbox 109 4255 1665 4334">
    <p class='ocr_par' dir='ltr' id='par_1_76' title="bbox 109 4255 1665 4334">
     <span class='ocr_line' id='line_1_76' title="bbox 109 4255 1665 4334; baseline -0.001 -18"><span class='ocrx_word' id='word_1_566' title='bbox 109 4264 348 4325; x_wconf 67' lang='grc' dir='ltr'>δεύσειε,</span> <span class='ocrx_word' id='word_1_567' title='bbox 373 4255 600 4330; x_wconf 74' lang='grc' dir='ltr'>ὦνμίαν</span> <span class='ocrx_word' id='word_1_568' title='bbox 632 4263 764 4328; x_wconf 75' lang='grc' dir='ltr'>φασὶ</span> <span class='ocrx_word' id='word_1_569' title='bbox 803 4261 899 4331; x_wconf 82' lang='grc' dir='ltr'><strong>τὴν</strong></span> <span class='ocrx_word' id='word_1_570' title='bbox 932 4259 1270 4334; x_wconf 82' lang='grc' dir='ltr'>γεωμετρίαν</span> <span class='ocrx_word' id='word_1_571' title='bbox 1303 4265 1349 4315; x_wconf 83' lang='lat' dir='ltr'><strong>oi</strong></span> <span class='ocrx_word' id='word_1_572' title='bbox 1381 4263 1507 4332; x_wconf 70' lang='grc' dir='ltr'>περὶ</span> <span class='ocrx_word' id='word_1_573' title='bbox 1533 4263 1665 4314; x_wconf 85' lang='grc' dir='ltr'><strong>ταῦ-</strong></span> 
     </span>
    </p>
   </div>
   <div class='ocr_carea' id='block_1_77' title="bbox 75 4349 1663 4423">
    <p class='ocr_par' dir='ltr' id='par_1_77' title="bbox 75 4349 1663 4423">
     <span class='ocr_line' id='line_1_77' title="bbox 75 4349 1663 4423; baseline -0.003 -15"><span class='ocrx_word' id='word_1_574' title='bbox 75 4351 79 4355; x_wconf 57' lang='grc'><strong>”</strong></span> <span class='ocrx_word' id='word_1_575' title='bbox 109 4370 184 4408; x_wconf 78' lang='grc' dir='ltr'><strong>τα</strong></span> <span class='ocrx_word' id='word_1_576' title='bbox 221 4353 323 4422; x_wconf 82' lang='grc' dir='ltr'>τὴν</span> <span class='ocrx_word' id='word_1_577' title='bbox 356 4352 596 4420; x_wconf 76' lang='grc' dir='ltr'>σπουδὴν</span> <span class='ocrx_word' id='word_1_578' title='bbox 615 4352 927 4422; x_wconf 77' lang='grc' dir='ltr'>ἐσχηκότες,</span> <span class='ocrx_word' id='word_1_579' title='bbox 952 4353 1141 4405; x_wconf 85' lang='grc' dir='ltr'>τούτου</span> <span class='ocrx_word' id='word_1_580' title='bbox 1167 4354 1344 4423; x_wconf 87' lang='grc' dir='ltr'>χάριν,</span> <span class='ocrx_word' id='word_1_581' title='bbox 1385 4353 1458 4414; x_wconf 81' lang='grc' dir='ltr'>ὡς</span> <span class='ocrx_word' id='word_1_582' title='bbox 1490 4349 1663 4422; x_wconf 78' lang='grc' dir='ltr'>οἶμαι,</span> 
     </span>
    </p>
   </div>
   <div class='ocr_carea' id='block_1_78' title="bbox 1778 3448 3324 3527">
    <p class='ocr_par' dir='ltr' id='par_1_78' title="bbox 1778 3448 3324 3527">
     <span class='ocr_line' id='line_1_78' title="bbox 1778 3448 3324 3527; baseline -0.01 -12"><span class='ocrx_word' id='word_1_583' title='bbox 1778 3473 2114 3527; x_wconf 60' lang='lat' dir='ltr'><strong>quacunque</strong></span> <span class='ocrx_word' id='word_1_584' title='bbox 2163 3455 2266 3510; x_wconf 88' lang='lat' dir='ltr'><strong>alia</strong></span> <span class='ocrx_word' id='word_1_585' title='bbox 2313 3452 2674 3508; x_wconf 89' lang='lat' dir='ltr'><strong>subductricis</strong></span> <span class='ocrx_word' id='word_1_586' title='bbox 2720 3459 2775 3505; x_wconf 90' lang='lat' dir='ltr'><strong>et</strong></span> <span class='ocrx_word' id='word_1_587' title='bbox 2820 3448 3151 3503; x_wconf 88' lang='lat' dir='ltr'><strong>deductricis</strong></span> <span class='ocrx_word' id='word_1_588' title='bbox 3195 3457 3324 3501; x_wconf 78' lang='lat' dir='ltr'><strong>sunt</strong></span> 
     </span>
    </p>
   </div>
   <div class='ocr_carea' id='block_1_79' title="bbox 1776 3540 3324 3616">
    <p class='ocr_par' dir='ltr' id='par_1_79' title="bbox 1776 3540 3324 3616">
     <span class='ocr_line' id='line_1_79' title="bbox 1776 3540 3324 3616; baseline -0.008 -13"><span class='ocrx_word' id='word_1_589' title='bbox 1776 3550 2094 3602; x_wconf 87' lang='lat' dir='ltr'><strong>inferiorum</strong></span> <span class='ocrx_word' id='word_1_590' title='bbox 2126 3545 2500 3616; x_wconf 66' lang='lat' dir='ltr'><strong>providentius.</strong></span> <span class='ocrx_word' id='word_1_591' title='bbox 2534 3563 2549 3592; x_wconf 84' lang='grc' dir='ltr'><strong>ι</strong></span> <span class='ocrx_word' id='word_1_592' title='bbox 2593 3541 2719 3607; x_wconf 74' lang='lat' dir='ltr'><strong>Qua:</strong></span> <span class='ocrx_word' id='word_1_593' title='bbox 2753 3541 2933 3595; x_wconf 89' lang='lat' dir='ltr'><strong>omnia</strong></span> <span class='ocrx_word' id='word_1_594' title='bbox 2968 3540 3137 3592; x_wconf 90' lang='lat' dir='ltr'><strong>hilare</strong></span> <span class='ocrx_word' id='word_1_595' title='bbox 3172 3554 3324 3591; x_wconf 88' lang='lat' dir='ltr'><strong>mon-</strong></span> 
     </span>
    </p>
   </div>
   <div class='ocr_carea' id='block_1_80' title="bbox 1776 3633 3324 3702">
    <p class='ocr_par' dir='ltr' id='par_1_80' title="bbox 1776 3633 3324 3702">
     <span class='ocr_line' id='line_1_80' title="bbox 1776 3633 3324 3702; baseline -0.009 -7"><span class='ocrx_word' id='word_1_596' title='bbox 1776 3647 1950 3695; x_wconf 88' lang='lat' dir='ltr'><strong>strant</strong></span> <span class='ocrx_word' id='word_1_597' title='bbox 1988 3639 2315 3697; x_wconf 85' lang='lat' dir='ltr'><strong>institutum,</strong></span> <span class='ocrx_word' id='word_1_598' title='bbox 2344 3636 2429 3687; x_wconf 91' lang='lat' dir='ltr'><strong>cui</strong></span> <span class='ocrx_word' id='word_1_599' title='bbox 2469 3634 2624 3702; x_wconf 87' lang='lat' dir='ltr'><strong>plane</strong></span> <span class='ocrx_word' id='word_1_600' title='bbox 2666 3633 2988 3685; x_wconf 83' lang='lat' dir='ltr'><strong>adversatur</strong></span> <span class='ocrx_word' id='word_1_601' title='bbox 3025 3646 3245 3691; x_wconf 71' lang='lat' dir='ltr'><strong>maeror,</strong></span> <span class='ocrx_word' id='word_1_602' title='bbox 3270 3639 3324 3682; x_wconf 87' lang='lat' dir='ltr'><strong>et</strong></span> 
     </span>
    </p>
   </div>
   <div class='ocr_carea' id='block_1_81' title="bbox 1773 3719 3320 3785">
    <p class='ocr_par' dir='ltr' id='par_1_81' title="bbox 1773 3719 3320 3785">
     <span class='ocr_line' id='line_1_81' title="bbox 1773 3719 3320 3785; baseline -0.012 0"><span class='ocrx_word' id='word_1_603' title='bbox 1773 3730 2020 3785; x_wconf 79' lang='lat' dir='ltr'><strong>dissidet.</strong></span> <span class='ocrx_word' id='word_1_604' title='bbox 2050 3727 2156 3781; x_wconf 89' lang='lat' dir='ltr'><strong>Sed</strong></span> <span class='ocrx_word' id='word_1_605' title='bbox 2195 3725 2355 3778; x_wconf 85' lang='lat' dir='ltr'><strong>etiam</strong></span> <span class='ocrx_word' id='word_1_606' title='bbox 2391 3723 2435 3775; x_wconf 92' lang='lat' dir='ltr'><strong>si</strong></span> <span class='ocrx_word' id='word_1_607' title='bbox 2472 3722 2630 3774; x_wconf 87' lang='lat' dir='ltr'><strong>aliter</strong></span> <span class='ocrx_word' id='word_1_608' title='bbox 2665 3721 2841 3773; x_wconf 87' lang='lat' dir='ltr'><strong>locum</strong></span> <span class='ocrx_word' id='word_1_609' title='bbox 2874 3719 3117 3784; x_wconf 85' lang='lat' dir='ltr'><strong>accipere</strong></span> <span class='ocrx_word' id='word_1_610' title='bbox 3148 3725 3320 3784; x_wconf 86' lang='lat' dir='ltr'><strong>potes,</strong></span> 
     </span>
    </p>
   </div>
   <div class='ocr_carea' id='block_1_82' title="bbox 1773 3805 3320 3882">
    <p class='ocr_par' dir='ltr' id='par_1_82' title="bbox 1773 3805 3320 3882">
     <span class='ocr_line' id='line_1_82' title="bbox 1773 3805 3320 3882; baseline -0.013 -6"><span class='ocrx_word' id='word_1_611' title='bbox 1773 3820 1915 3876; x_wconf 88' lang='lat' dir='ltr'><strong>haud</strong></span> <span class='ocrx_word' id='word_1_612' title='bbox 1958 3829 2133 3873; x_wconf 89' lang='lat' dir='ltr'><strong>tamen</strong></span> <span class='ocrx_word' id='word_1_613' title='bbox 2175 3816 2599 3882; x_wconf 84' lang='lat' dir='ltr'><strong>inOpportunum</strong></span> <span class='ocrx_word' id='word_1_614' title='bbox 2634 3823 2750 3863; x_wconf 85' lang='lat' dir='ltr'><strong>esse</strong></span> <span class='ocrx_word' id='word_1_615' title='bbox 2783 3822 2904 3861; x_wconf 89' lang='lat' dir='ltr'><strong>reor</strong></span> <span class='ocrx_word' id='word_1_616' title='bbox 2932 3808 3094 3860; x_wconf 89' lang='lat' dir='ltr'><strong>etiam</strong></span> <span class='ocrx_word' id='word_1_617' title='bbox 3133 3805 3320 3858; x_wconf 87' lang='lat' dir='ltr'><strong>Sirach</strong></span> 
     </span>
    </p>
   </div>
   <div class='ocr_carea' id='block_1_83' title="bbox 1769 3896 3323 3976">
    <p class='ocr_par' dir='ltr' id='par_1_83' title="bbox 1769 3896 3323 3976">
     <span class='ocr_line' id='line_1_83' title="bbox 1769 3896 3323 3976; baseline -0.012 -8"><span class='ocrx_word' id='word_1_618' title='bbox 1769 3913 1896 3968; x_wconf 82' lang='lat' dir='ltr'><strong>Jesu</strong></span> <span class='ocrx_word' id='word_1_619' title='bbox 1943 3911 2022 3964; x_wconf 88' lang='lat' dir='ltr'><strong>eis</strong></span> <span class='ocrx_word' id='word_1_620' title='bbox 2065 3923 2182 3976; x_wconf 67' lang='lat' dir='ltr'><strong>qua:</strong></span> <span class='ocrx_word' id='word_1_621' title='bbox 2228 3902 2584 3957; x_wconf 86' lang='lat' dir='ltr'><strong>disseruimus</strong></span> <span class='ocrx_word' id='word_1_622' title='bbox 2628 3914 2900 3969; x_wconf 88' lang='lat' dir='ltr'><strong>apponere</strong></span> <span class='ocrx_word' id='word_1_623' title='bbox 2951 3896 3176 3951; x_wconf 89' lang='lat' dir='ltr'><strong>dictum.</strong></span> <span class='ocrx_word' id='word_1_624' title='bbox 3226 3897 3323 3950; x_wconf 87' lang='lat' dir='ltr'><strong>Est</strong></span> 
     </span>
    </p>
   </div>
   <div class='ocr_carea' id='block_1_84' title="bbox 1771 3989 3322 4058">
    <p class='ocr_par' dir='ltr' id='par_1_84' title="bbox 1771 3989 3322 4058">
     <span class='ocr_line' id='line_1_84' title="bbox 1771 3989 3322 4058; baseline -0.012 -2"><span class='ocrx_word' id='word_1_625' title='bbox 1771 4009 1948 4056; x_wconf 84' lang='lat' dir='ltr'><strong>autem</strong></span> <span class='ocrx_word' id='word_1_626' title='bbox 2009 3997 2109 4051; x_wconf 91' lang='lat' dir='ltr'><strong>hoc</strong></span> <span class='ocrx_word' id='word_1_627' title='bbox 2167 4013 2180 4049; x_wconf 89' lang='lat'><strong>:</strong></span> <span class='ocrx_word' id='word_1_628' title='bbox 2239 3995 2434 4048; x_wconf 78' lang='lat' dir='ltr'><strong>Musica</strong></span> <span class='ocrx_word' id='word_1_629' title='bbox 2492 3993 2544 4044; x_wconf 78' lang='lat' dir='ltr'><strong>in</strong></span> <span class='ocrx_word' id='word_1_630' title='bbox 2605 3990 2744 4042; x_wconf 82' lang='lat' dir='ltr'><strong>luctu</strong></span> <span class='ocrx_word' id='word_1_631' title='bbox 2798 3997 2872 4042; x_wconf 82' lang='lat' dir='ltr'><strong>est</strong></span> <span class='ocrx_word' id='word_1_632' title='bbox 2931 3989 3322 4058; x_wconf 75' lang='lat' dir='ltr'><strong>intempestivus</strong></span> 
     </span>
    </p>
   </div>
   <div class='ocr_carea' id='block_1_85' title="bbox 1768 4080 3320 4156">
    <p class='ocr_par' dir='ltr' id='par_1_85' title="bbox 1768 4080 3320 4156">
     <span class='ocr_line' id='line_1_85' title="bbox 1768 4080 3320 4156; baseline -0.011 -8"><span class='ocrx_word' id='word_1_633' title='bbox 1768 4090 2004 4147; x_wconf 67' lang='lat' dir='ltr'><strong>s’ermod.</strong></span> <span class='ocrx_word' id='word_1_634' title='bbox 2033 4088 2168 4145; x_wconf 88' lang='lat' dir='ltr'><strong>Cum</strong></span> <span class='ocrx_word' id='word_1_635' title='bbox 2207 4087 2367 4156; x_wconf 84' lang='lat' dir='ltr'><strong>igitur</strong></span> <span class='ocrx_word' id='word_1_636' title='bbox 2403 4083 2607 4137; x_wconf 89' lang='lat' dir='ltr'><strong>musica</strong></span> <span class='ocrx_word' id='word_1_637' title='bbox 2642 4096 2830 4134; x_wconf 90' lang='lat' dir='ltr'><strong>omnes</strong></span> <span class='ocrx_word' id='word_1_638' title='bbox 2865 4080 3181 4150; x_wconf 84' lang='lat' dir='ltr'><strong>disciplinas</strong></span> <span class='ocrx_word' id='word_1_639' title='bbox 3212 4080 3320 4133; x_wconf 89' lang='lat' dir='ltr'><strong>cir-</strong></span> 
     </span>
    </p>
   </div>
   <div class='ocr_carea' id='block_1_86' title="bbox 1769 4171 3318 4251">
    <p class='ocr_par' dir='ltr' id='par_1_86' title="bbox 1769 4171 3318 4251">
     <span class='ocr_line' id='line_1_86' title="bbox 1769 4171 3318 4251; baseline -0.01 -14"><span class='ocrx_word' id='word_1_640' title='bbox 1769 4181 2181 4251; x_wconf 85' lang='lat' dir='ltr'><strong>cumplectatur,</strong></span> <span class='ocrx_word' id='word_1_641' title='bbox 2213 4189 2439 4246; x_wconf 86' lang='lat' dir='ltr'><strong>quarum</strong></span> <span class='ocrx_word' id='word_1_642' title='bbox 2483 4189 2644 4227; x_wconf 87' lang='lat' dir='ltr'><strong>unam</strong></span> <span class='ocrx_word' id='word_1_643' title='bbox 2683 4189 2802 4226; x_wconf 90' lang='lat' dir='ltr'><strong>esse</strong></span> <span class='ocrx_word' id='word_1_644' title='bbox 2842 4174 3193 4242; x_wconf 82' lang='lat' dir='ltr'><strong>geometriam</strong></span> <span class='ocrx_word' id='word_1_645' title='bbox 3234 4171 3318 4224; x_wconf 88' lang='lat' dir='ltr'><strong>di-</strong></span> 
     </span>
    </p>
   </div>
   <div class='ocr_carea' id='block_1_87' title="bbox 1769 4265 3312 4341">
    <p class='ocr_par' dir='ltr' id='par_1_87' title="bbox 1769 4265 3312 4341">
     <span class='ocr_line' id='line_1_87' title="bbox 1769 4265 3312 4341; baseline -0.01 -13"><span class='ocrx_word' id='word_1_646' title='bbox 1769 4282 1901 4328; x_wconf 89' lang='lat' dir='ltr'><strong>cunt</strong></span> <span class='ocrx_word' id='word_1_647' title='bbox 1929 4272 2024 4341; x_wconf 90' lang='lat' dir='ltr'><strong>qui</strong></span> <span class='ocrx_word' id='word_1_648' title='bbox 2045 4271 2098 4323; x_wconf 91' lang='lat' dir='ltr'><strong>in</strong></span> <span class='ocrx_word' id='word_1_649' title='bbox 2121 4268 2362 4323; x_wconf 86' lang='lat' dir='ltr'><strong>iisrebus</strong></span> <span class='ocrx_word' id='word_1_650' title='bbox 2391 4265 2631 4319; x_wconf 87' lang='lat' dir='ltr'><strong>studium</strong></span> <span class='ocrx_word' id='word_1_651' title='bbox 2649 4272 2972 4332; x_wconf 83' lang='lat' dir='ltr'><strong>posuerunt,</strong></span> <span class='ocrx_word' id='word_1_652' title='bbox 3006 4269 3312 4330; x_wconf 81' lang='lat' dir='ltr'><strong>propterea,</strong></span> 
     </span>
    </p>
   </div>
   <div class='ocr_carea' id='block_1_88' title="bbox 1769 4354 3323 4435">
    <p class='ocr_par' dir='ltr' id='par_1_88' title="bbox 1769 4354 3323 4435">
     <span class='ocr_line' id='line_1_88' title="bbox 1769 4354 3323 4435; baseline -0.011 -15"><span class='ocrx_word' id='word_1_653' title='bbox 1769 4374 1829 4420; x_wconf 86' lang='lat' dir='ltr'><strong>ut</strong></span> <span class='ocrx_word' id='word_1_654' title='bbox 1867 4375 2018 4435; x_wconf 91' lang='lat' dir='ltr'><strong>puto,</strong></span> <span class='ocrx_word' id='word_1_655' title='bbox 2050 4362 2307 4431; x_wconf 86' lang='lat' dir='ltr'><strong>magister</strong></span> <span class='ocrx_word' id='word_1_656' title='bbox 2341 4357 2662 4427; x_wconf 67' lang='lat' dir='ltr'><strong>supradictae</strong></span> <span class='ocrx_word' id='word_1_657' title='bbox 2697 4355 2846 4409; x_wconf 82' lang='lat' dir='ltr'><strong>vocis</strong></span> <span class='ocrx_word' id='word_1_658' title='bbox 2887 4354 3323 4428; x_wconf 24' lang='lat' dir='ltr'><strong>interpretation.“</strong></span> 
     </span>
    </p>
   </div>
   <div class='ocr_carea' id='block_1_89' title="bbox 113 4440 1672 4520">
    <p class='ocr_par' dir='ltr' id='par_1_89' title="bbox 113 4440 1667 4513">
     <span class='ocr_line' id='line_1_89' title="bbox 113 4440 1667 4513; baseline -0.003 -17"><span class='ocrx_word' id='word_1_659' title='bbox 113 4442 532 4511; x_wconf 64' lang='grc' dir='ltr'>συμφερόμενος</span> <span class='ocrx_word' id='word_1_660' title='bbox 559 4440 634 4510; x_wconf 81' lang='grc' dir='ltr'><strong>τῷ</strong></span> <span class='ocrx_word' id='word_1_661' title='bbox 661 4442 757 4511; x_wconf 80' lang='grc' dir='ltr'>τὴν</span> <span class='ocrx_word' id='word_1_662' title='bbox 780 4443 1182 4513; x_wconf 69' lang='grc' dir='ltr'>προρρηθεῖσαν</span> <span class='ocrx_word' id='word_1_663' title='bbox 1209 4443 1484 4513; x_wconf 82' lang='grc' dir='ltr'>ὲκθεμένῳ</span> <span class='ocrx_word' id='word_1_664' title='bbox 1507 4443 1667 4513; x_wconf 81' lang='grc' dir='ltr'>ῥῆσιν</span> 
     </span>
    </p>
   </div>
   <div class='ocr_carea' id='block_1_90' title="bbox 1771 4440 3387 4520">
    <p class='ocr_par' dir='ltr' id='par_1_90' title="bbox 1771 4443 3387 4520">
     <span class='ocr_line' id='line_1_90' title="bbox 1771 4443 3387 4520; baseline -0.011 -11"><span class='ocrx_word' id='word_1_665' title='bbox 1771 4455 2068 4510; x_wconf 86' lang='lat' dir='ltr'><strong>assentiens</strong></span> <span class='ocrx_word' id='word_1_666' title='bbox 2107 4449 2457 4520; x_wconf 86' lang='lat' dir='ltr'><strong>geometriam</strong></span> <span class='ocrx_word' id='word_1_667' title='bbox 2500 4463 2529 4499; x_wconf 92' lang='lat' dir='ltr'><strong>a</strong></span> <span class='ocrx_word' id='word_1_668' title='bbox 2572 4461 2807 4509; x_wconf 64' lang='lat' dir='ltr'><strong>maerore</strong></span> <span class='ocrx_word' id='word_1_669' title='bbox 2853 4444 3116 4496; x_wconf 87' lang='lat' dir='ltr'><strong>dissidere</strong></span> <span class='ocrx_word' id='word_1_670' title='bbox 3165 4443 3320 4495; x_wconf 82' lang='lat' dir='ltr'><strong>dixit.</strong></span> <span class='ocrx_word' id='word_1_671' title='bbox 3383 4495 3387 4499; x_wconf 53' lang='grc'><strong>,</strong></span> 
     </span>
    </p>
   </div>
   <div class='ocr_carea' id='block_1_91' title="bbox 112 4530 1669 4604">
    <p class='ocr_par' dir='ltr' id='par_1_91' title="bbox 112 4530 1669 4604">
     <span class='ocr_line' id='line_1_91' title="bbox 112 4530 1669 4604; baseline 0 -20"><span class='ocrx_word' id='word_1_672' title='bbox 112 4534 140 4585; x_wconf 82' lang='grc' dir='ltr'><strong>δ</strong></span> <span class='ocrx_word' id='word_1_673' title='bbox 167 4531 493 4593; x_wconf 76' lang='grc' dir='ltr'>διδάσκαλος</span> <span class='ocrx_word' id='word_1_674' title='bbox 540 4530 874 4600; x_wconf 77' lang='grc' dir='ltr'>ἀνάρμοστον</span> <span class='ocrx_word' id='word_1_675' title='bbox 924 4535 1028 4602; x_wconf 74' lang='grc' dir='ltr'><strong>ἔφη</strong></span> <span class='ocrx_word' id='word_1_676' title='bbox 1062 4533 1137 4604; x_wconf 81' lang='grc' dir='ltr'>τῷ</span> <span class='ocrx_word' id='word_1_677' title='bbox 1181 4533 1364 4586; x_wconf 89' lang='grc' dir='ltr'>πένθει</span> <span class='ocrx_word' id='word_1_678' title='bbox 1401 4534 1496 4603; x_wconf 79' lang='grc' dir='ltr'>τὴν</span> <span class='ocrx_word' id='word_1_679' title='bbox 1533 4549 1669 4600; x_wconf 87' lang='grc' dir='ltr'>γεω-</span> 
     </span>
    </p>
   </div>
   <div class='ocr_carea' id='block_1_92' title="bbox 116 4620 1669 4692">
    <p class='ocr_par' dir='ltr' id='par_1_92' title="bbox 116 4620 1669 4692">
     <span class='ocr_line' id='line_1_92' title="bbox 116 4620 1669 4692; baseline -0.001 -19"><span class='ocrx_word' id='word_1_680' title='bbox 116 4620 368 4691; x_wconf 77' lang='grc' dir='ltr'>μετρίαν.</span> <span class='ocrx_word' id='word_1_681' title='bbox 420 4621 480 4672; x_wconf 84' lang='lat' dir='ltr'><strong>El</strong></span> <span class='ocrx_word' id='word_1_682' title='bbox 533 4621 591 4673; x_wconf 87' lang='grc' dir='ltr'><strong>δέ</strong></span> <span class='ocrx_word' id='word_1_683' title='bbox 633 4637 715 4683; x_wconf 83' lang='grc' dir='ltr'><strong>τις</strong></span> <span class='ocrx_word' id='word_1_684' title='bbox 776 4623 942 4691; x_wconf 83' lang='grc' dir='ltr'>φαίη,</span> <span class='ocrx_word' id='word_1_685' title='bbox 989 4624 1053 4675; x_wconf 89' lang='grc' dir='ltr'>Τί</span> <span class='ocrx_word' id='word_1_686' title='bbox 1091 4624 1288 4692; x_wconf 78' lang='grc' dir='ltr'>δήποτε</span> <span class='ocrx_word' id='word_1_687' title='bbox 1333 4622 1433 4684; x_wconf 76' lang='grc' dir='ltr'>τὰς</span> <span class='ocrx_word' id='word_1_688' title='bbox 1479 4621 1669 4681; x_wconf 77' lang='grc' dir='ltr'>λοιπὰς</span> 
     </span>
    </p>
   </div>
   <div class='ocr_carea' id='block_1_93' title="bbox 113 4711 1672 4784">
    <p class='ocr_par' dir='ltr' id='par_1_93' title="bbox 113 4711 1672 4784">
     <span class='ocr_line' id='line_1_93' title="bbox 113 4711 1672 4784; baseline -0.003 -18"><span class='ocrx_word' id='word_1_689' title='bbox 113 4712 315 4783; x_wconf 75' lang='grc' dir='ltr'>παρεὶς</span> <span class='ocrx_word' id='word_1_690' title='bbox 342 4711 649 4775; x_wconf 78' lang='grc' dir='ltr'>παιδεύσεις</span> <span class='ocrx_word' id='word_1_691' title='bbox 677 4712 878 4781; x_wconf 85' lang='grc' dir='ltr'>ταύτην</span> <span class='ocrx_word' id='word_1_692' title='bbox 925 4713 1088 4784; x_wconf 83' lang='grc' dir='ltr'>μόνην</span> <span class='ocrx_word' id='word_1_693' title='bbox 1117 4714 1188 4775; x_wconf 84' lang='grc' dir='ltr'>ὡς</span> <span class='ocrx_word' id='word_1_694' title='bbox 1236 4713 1568 4781; x_wconf 81' lang='grc' dir='ltr'>ἀνάρμοστον</span> <span class='ocrx_word' id='word_1_695' title='bbox 1597 4711 1672 4778; x_wconf 85' lang='grc' dir='ltr'>τῷ</span> 
     </span>
    </p>
   </div>
   <div class='ocr_carea' id='block_1_94' title="bbox 114 4802 1675 4874">
    <p class='ocr_par' dir='ltr' id='par_1_94' title="bbox 114 4802 1675 4874">
     <span class='ocr_line' id='line_1_94' title="bbox 114 4802 1675 4874; baseline -0.004 -17"><span class='ocrx_word' id='word_1_696' title='bbox 114 4803 303 4857; x_wconf 60' lang='lat' dir='ltr'><strong>siveet</strong></span> <span class='ocrx_word' id='word_1_697' title='bbox 339 4803 670 4874; x_wconf 78' lang='grc' dir='ltr'>παρείληφες</span> <span class='ocrx_word' id='word_1_698' title='bbox 704 4804 878 4873; x_wconf 76' lang='grc' dir='ltr'>φαμὲν</span> <span class='ocrx_word' id='word_1_699' title='bbox 901 4807 982 4857; x_wconf 84' lang='grc' dir='ltr'><strong>ὅτι</strong></span> <span class='ocrx_word' id='word_1_700' title='bbox 1014 4804 1213 4871; x_wconf 85' lang='grc' dir='ltr'>ταύτην</span> <span class='ocrx_word' id='word_1_701' title='bbox 1242 4802 1508 4870; x_wconf 69' lang='grc' dir='ltr'>ἐσιώπησε</span> <span class='ocrx_word' id='word_1_702' title='bbox 1546 4817 1675 4852; x_wconf 82' lang='grc' dir='ltr'>κατ-</span> 
     </span>
    </p>
   </div>
   <div class='ocr_carea' id='block_1_95' title="bbox 118 4888 1672 4964">
    <p class='ocr_par' dir='ltr' id='par_1_95' title="bbox 118 4888 1672 4964">
     <span class='ocr_line' id='line_1_95' title="bbox 118 4888 1672 4964; baseline -0.001 -17"><span class='ocrx_word' id='word_1_703' title='bbox 118 4893 346 4962; x_wconf 81' lang='grc' dir='ltr'>άλληλον</span> <span class='ocrx_word' id='word_1_704' title='bbox 382 4888 517 4945; x_wconf 86' lang='grc' dir='ltr'>εἷναι</span> <span class='ocrx_word' id='word_1_705' title='bbox 554 4895 753 4956; x_wconf 74' lang='grc' dir='ltr'>πάσαις</span> <span class='ocrx_word' id='word_1_706' title='bbox 808 4897 927 4957; x_wconf 86' lang='grc' dir='ltr'>ταῖς</span> <span class='ocrx_word' id='word_1_707' title='bbox 951 4893 1355 4964; x_wconf 85' lang='grc' dir='ltr'>προλεχθείσαις</span> <span class='ocrx_word' id='word_1_708' title='bbox 1382 4892 1672 4951; x_wconf 80' lang='grc' dir='ltr'>ὲπιδολαῖς.</span> 
     </span>
    </p>
   </div>
   <div class='ocr_carea' id='block_1_96' title="bbox 122 4982 1677 5053">
    <p class='ocr_par' dir='ltr' id='par_1_96' title="bbox 122 4982 1677 5053">
     <span class='ocr_line' id='line_1_96' title="bbox 122 4982 1677 5053; baseline -0.003 -16"><span class='ocrx_word' id='word_1_709' title='bbox 122 4985 354 5036; x_wconf 82' lang='grc' dir='ltr'>Ἔπειτα</span> <span class='ocrx_word' id='word_1_710' title='bbox 395 4982 451 5033; x_wconf 83' lang='grc' dir='ltr'>δὲ</span> <span class='ocrx_word' id='word_1_711' title='bbox 503 4984 593 5034; x_wconf 78' lang='grc' dir='ltr'><strong>καὶ</strong></span> <span class='ocrx_word' id='word_1_712' title='bbox 627 4983 716 5034; x_wconf 85' lang='grc' dir='ltr'>διὰ</span> <span class='ocrx_word' id='word_1_713' title='bbox 757 4984 1086 5053; x_wconf 83' lang='grc' dir='ltr'>ταύτηςτῆς</span> <span class='ocrx_word' id='word_1_714' title='bbox 1122 4985 1249 5053; x_wconf 82' lang='grc' dir='ltr'>μιᾶς</span> <span class='ocrx_word' id='word_1_715' title='bbox 1292 4984 1384 5036; x_wconf 71' lang='grc' dir='ltr'><strong>καὶ</strong></span> <span class='ocrx_word' id='word_1_716' title='bbox 1417 4984 1470 5035; x_wconf 92' lang='grc' dir='ltr'>αἱ</span> <span class='ocrx_word' id='word_1_717' title='bbox 1499 4983 1677 5034; x_wconf 84' lang='grc' dir='ltr'>λοιπαὶ</span> 
     </span>
    </p>
   </div>
   <div class='ocr_carea' id='block_1_97' title="bbox 123 5070 1673 5144">
    <p class='ocr_par' dir='ltr' id='par_1_97' title="bbox 123 5070 1673 5144">
     <span class='ocr_line' id='line_1_97' title="bbox 123 5070 1673 5144; baseline -0.003 -18"><span class='ocrx_word' id='word_1_718' title='bbox 123 5070 513 5140; x_wconf 74' lang='grc' dir='ltr'>συνεκδοχικῶς</span> <span class='ocrx_word' id='word_1_719' title='bbox 558 5072 1107 5142; x_wconf 80' lang='grc' dir='ltr'>συμπαρελήφθησαν.</span> <span class='ocrx_word' id='word_1_720' title='bbox 1151 5075 1332 5126; x_wconf 82' lang='grc' dir='ltr'>Ταῦτα</span> <span class='ocrx_word' id='word_1_721' title='bbox 1389 5074 1505 5144; x_wconf 82' lang='grc' dir='ltr'>μὲν,</span> <span class='ocrx_word' id='word_1_722' title='bbox 1553 5073 1673 5122; x_wconf 82' lang='grc' dir='ltr'>κατ’</span> 
     </span>
    </p>
   </div>
   <div class='ocr_carea' id='block_1_98' title="bbox 125 5162 1668 5236">
    <p class='ocr_par' dir='ltr' id='par_1_98' title="bbox 125 5162 1668 5236">
     <span class='ocr_line' id='line_1_98' title="bbox 125 5162 1668 5236; baseline 0 -21"><span class='ocrx_word' id='word_1_723' title='bbox 125 5165 218 5234; x_wconf 74' lang='grc' dir='ltr'><strong>ἐμὲ</strong></span> <span class='ocrx_word' id='word_1_724' title='bbox 247 5164 439 5234; x_wconf 80' lang='grc' dir='ltr'>φάναι,</span> <span class='ocrx_word' id='word_1_725' title='bbox 477 5162 727 5233; x_wconf 81' lang='grc' dir='ltr'>λελέχθω.</span> <span class='ocrx_word' id='word_1_726' title='bbox 774 5165 836 5217; x_wconf 85' lang='lat' dir='ltr'><strong>Ei</strong></span> <span class='ocrx_word' id='word_1_727' title='bbox 871 5164 926 5216; x_wconf 78' lang='grc' dir='ltr'><strong>δέ</strong></span> <span class='ocrx_word' id='word_1_728' title='bbox 955 5182 1036 5227; x_wconf 88' lang='grc' dir='ltr'><strong>τις</strong></span> <span class='ocrx_word' id='word_1_729' title='bbox 1066 5165 1124 5217; x_wconf 82' lang='grc' dir='ltr'><strong>τὸ</strong></span> <span class='ocrx_word' id='word_1_730' title='bbox 1163 5169 1408 5236; x_wconf 82' lang='grc' dir='ltr'>κρεῖττον</span> <span class='ocrx_word' id='word_1_731' title='bbox 1438 5163 1668 5234; x_wconf 61' lang='grc' dir='ltr'>ὲξύροι,</span> 
     </span>
    </p>
   </div>
   <div class='ocr_carea' id='block_1_99' title="bbox 127 5251 1671 5328">
    <p class='ocr_par' dir='ltr' id='par_1_99' title="bbox 127 5251 1671 5328">
     <span class='ocr_line' id='line_1_99' title="bbox 127 5251 1671 5328; baseline 0 -23"><span class='ocrx_word' id='word_1_732' title='bbox 127 5251 442 5324; x_wconf 67' lang='grc' dir='ltr'>ὁμολογήσω</span> <span class='ocrx_word' id='word_1_733' title='bbox 488 5254 644 5325; x_wconf 80' lang='grc' dir='ltr'>χάριν</span> <span class='ocrx_word' id='word_1_734' title='bbox 677 5253 784 5306; x_wconf 85' lang='grc' dir='ltr'><strong>τῶν</strong></span> <span class='ocrx_word' id='word_1_735' title='bbox 818 5255 1165 5323; x_wconf 78' lang='grc' dir='ltr'>ἠγνοημένων</span> <span class='ocrx_word' id='word_1_736' title='bbox 1208 5256 1338 5328; x_wconf 86' lang='grc' dir='ltr'>παρ’</span> <span class='ocrx_word' id='word_1_737' title='bbox 1367 5255 1531 5309; x_wconf 82' lang='grc' dir='ltr'>αὐτοῦ</span> <span class='ocrx_word' id='word_1_738' title='bbox 1574 5255 1671 5324; x_wconf 80' lang='grc' dir='ltr'>τὴν</span> 
     </span>
    </p>
   </div>
   <div class='ocr_carea' id='block_1_100' title="bbox 125 5345 552 5414">
    <p class='ocr_par' dir='ltr' id='par_1_100' title="bbox 125 5345 552 5414">
     <span class='ocr_line' id='line_1_100' title="bbox 125 5345 552 5414; baseline 0 -16"><span class='ocrx_word' id='word_1_739' title='bbox 125 5345 323 5414; x_wconf 70' lang='grc' dir='ltr'>γνῶσιν</span> <span class='ocrx_word' id='word_1_740' title='bbox 357 5345 552 5398; x_wconf 78' lang='grc' dir='ltr'>λαϐὼν.</span> 
     </span>
    </p>
   </div>
   <div class='ocr_carea' id='block_1_101' title="bbox 203 5610 674 5683">
    <p class='ocr_par' dir='ltr' id='par_1_101' title="bbox 203 5610 674 5683">
     <span class='ocr_line' id='line_1_101' title="bbox 203 5610 674 5683; baseline 0.013 -14"><span class='ocrx_word' id='word_1_741' title='bbox 203 5617 230 5657; x_wconf 71' lang='grc' dir='ltr'><strong>δ</strong></span> <span class='ocrx_word' id='word_1_742' title='bbox 270 5617 434 5671; x_wconf 80' lang='lat' dir='ltr'><strong>Eccli.</strong></span> <span class='ocrx_word' id='word_1_743' title='bbox 467 5634 593 5683; x_wconf 74' lang='lat' dir='ltr'><strong>uti,</strong></span> <span class='ocrx_word' id='word_1_744' title='bbox 623 5610 674 5675; x_wconf 83' lang='lat'><strong>6.</strong></span> 
     </span>
    </p>
   </div>
   <div class='ocr_carea' id='block_1_102' title="bbox 1774 4530 3326 4608">
    <p class='ocr_par' dir='ltr' id='par_1_102' title="bbox 1774 4530 3326 4608">
     <span class='ocr_line' id='line_1_102' title="bbox 1774 4530 3326 4608; baseline -0.009 -12"><span class='ocrx_word' id='word_1_745' title='bbox 1774 4543 1878 4596; x_wconf 85' lang='lat' dir='ltr'><strong>Sed</strong></span> <span class='ocrx_word' id='word_1_746' title='bbox 1908 4541 1950 4594; x_wconf 95' lang='lat' dir='ltr'><strong>si</strong></span> <span class='ocrx_word' id='word_1_747' title='bbox 1979 4540 2101 4608; x_wconf 89' lang='lat' dir='ltr'><strong>quis</strong></span> <span class='ocrx_word' id='word_1_748' title='bbox 2132 4539 2274 4590; x_wconf 88' lang='lat' dir='ltr'><strong>dicat</strong></span> <span class='ocrx_word' id='word_1_749' title='bbox 2308 4554 2318 4586; x_wconf 93' lang='lat'>:</span> <span class='ocrx_word' id='word_1_750' title='bbox 2352 4535 2490 4600; x_wconf 87' lang='lat' dir='ltr'><strong>Quid</strong></span> <span class='ocrx_word' id='word_1_751' title='bbox 2528 4533 2743 4585; x_wconf 90' lang='lat' dir='ltr'><strong>tandem</strong></span> <span class='ocrx_word' id='word_1_752' title='bbox 2780 4531 2990 4584; x_wconf 62' lang='lat' dir='ltr'><strong>caeteris</strong></span> <span class='ocrx_word' id='word_1_753' title='bbox 3024 4530 3326 4596; x_wconf 88' lang='lat' dir='ltr'><strong>disciplinis</strong></span> 
     </span>
    </p>
   </div>
   <div class='ocr_carea' id='block_1_103' title="bbox 1775 4622 3324 4690">
    <p class='ocr_par' dir='ltr' id='par_1_103' title="bbox 1775 4622 3324 4690">
     <span class='ocr_line' id='line_1_103' title="bbox 1775 4622 3324 4690; baseline -0.01 -4"><span class='ocrx_word' id='word_1_754' title='bbox 1775 4631 1990 4686; x_wconf 85' lang='lat' dir='ltr'><strong>omissis</strong></span> <span class='ocrx_word' id='word_1_755' title='bbox 2027 4630 2167 4681; x_wconf 88' lang='lat' dir='ltr'><strong>hanc</strong></span> <span class='ocrx_word' id='word_1_756' title='bbox 2205 4627 2372 4680; x_wconf 90' lang='lat' dir='ltr'><strong>solam</strong></span> <span class='ocrx_word' id='word_1_757' title='bbox 2411 4634 2664 4690; x_wconf 81' lang='lat' dir='ltr'><strong>tanquam</strong></span> <span class='ocrx_word' id='word_1_758' title='bbox 2707 4622 3154 4690; x_wconf 82' lang='lat' dir='ltr'><strong>incongruentem</strong></span> <span class='ocrx_word' id='word_1_759' title='bbox 3200 4635 3324 4673; x_wconf 85' lang='lat' dir='ltr'><strong>cum</strong></span> 
     </span>
    </p>
   </div>
   <div class='ocr_carea' id='block_1_104' title="bbox 1776 4714 3324 4788">
    <p class='ocr_par' dir='ltr' id='par_1_104' title="bbox 1776 4714 3324 4788">
     <span class='ocr_line' id='line_1_104' title="bbox 1776 4714 3324 4788; baseline -0.009 -10"><span class='ocrx_word' id='word_1_760' title='bbox 1776 4739 2008 4778; x_wconf 63' lang='lat' dir='ltr'><strong>maerore</strong></span> <span class='ocrx_word' id='word_1_761' title='bbox 2057 4717 2387 4788; x_wconf 90' lang='lat' dir='ltr'><strong>composuit,</strong></span> <span class='ocrx_word' id='word_1_762' title='bbox 2423 4714 2815 4784; x_wconf 86' lang='lat' dir='ltr'><strong>respondemus</strong></span> <span class='ocrx_word' id='word_1_763' title='bbox 2856 4714 2996 4766; x_wconf 87' lang='lat' dir='ltr'><strong>hanc</strong></span> <span class='ocrx_word' id='word_1_764' title='bbox 3036 4727 3160 4766; x_wconf 90' lang='lat' dir='ltr'><strong>eum</strong></span> <span class='ocrx_word' id='word_1_765' title='bbox 3204 4719 3324 4779; x_wconf 88' lang='lat' dir='ltr'><strong>apte</strong></span> 
     </span>
    </p>
   </div>
   <div class='ocr_carea' id='block_1_105' title="bbox 1780 4803 3324 4881">
    <p class='ocr_par' dir='ltr' id='par_1_105' title="bbox 1780 4803 3324 4881">
     <span class='ocr_line' id='line_1_105' title="bbox 1780 4803 3324 4881; baseline -0.01 -12"><span class='ocrx_word' id='word_1_766' title='bbox 1780 4815 1980 4868; x_wconf 88' lang='lat' dir='ltr'><strong>vidisse</strong></span> <span class='ocrx_word' id='word_1_767' title='bbox 2025 4827 2184 4881; x_wconf 89' lang='lat' dir='ltr'><strong>posse</strong></span> <span class='ocrx_word' id='word_1_768' title='bbox 2218 4808 2368 4880; x_wconf 86' lang='lat' dir='ltr'><strong>jungi</strong></span> <span class='ocrx_word' id='word_1_769' title='bbox 2410 4823 2530 4861; x_wconf 88' lang='lat' dir='ltr'><strong>cum</strong></span> <span class='ocrx_word' id='word_1_770' title='bbox 2575 4823 2736 4876; x_wconf 87' lang='lat' dir='ltr'><strong>supra</strong></span> <span class='ocrx_word' id='word_1_771' title='bbox 2783 4806 3090 4875; x_wconf 89' lang='lat' dir='ltr'><strong>propositis.</strong></span> <span class='ocrx_word' id='word_1_772' title='bbox 3123 4803 3324 4856; x_wconf 78' lang='lat' dir='ltr'><strong>Deinde</strong></span> 
     </span>
    </p>
   </div>
   <div class='ocr_carea' id='block_1_106' title="bbox 1779 4895 3326 4967">
    <p class='ocr_par' dir='ltr' id='par_1_106' title="bbox 1779 4895 3326 4967">
     <span class='ocr_line' id='line_1_106' title="bbox 1779 4895 3326 4967; baseline -0.008 -10"><span class='ocrx_word' id='word_1_773' title='bbox 1779 4921 1909 4958; x_wconf 89' lang='lat' dir='ltr'><strong>vero</strong></span> <span class='ocrx_word' id='word_1_774' title='bbox 1954 4903 2116 4956; x_wconf 88' lang='lat' dir='ltr'><strong>etiam</strong></span> <span class='ocrx_word' id='word_1_775' title='bbox 2157 4903 2259 4955; x_wconf 86' lang='lat' dir='ltr'><strong>hac</strong></span> <span class='ocrx_word' id='word_1_776' title='bbox 2301 4915 2407 4953; x_wconf 90' lang='lat' dir='ltr'><strong>una</strong></span> <span class='ocrx_word' id='word_1_777' title='bbox 2451 4899 2671 4967; x_wconf 70' lang='lat' dir='ltr'><strong>reliqua:</strong></span> <span class='ocrx_word' id='word_1_778' title='bbox 2711 4913 2925 4966; x_wconf 91' lang='lat' dir='ltr'><strong>quoque</strong></span> <span class='ocrx_word' id='word_1_779' title='bbox 2970 4895 3156 4948; x_wconf 87' lang='lat' dir='ltr'><strong>eadem</strong></span> <span class='ocrx_word' id='word_1_780' title='bbox 3201 4901 3326 4947; x_wconf 89' lang='lat' dir='ltr'><strong>sunt</strong></span> 
     </span>
    </p>
   </div>
   <div class='ocr_carea' id='block_1_107' title="bbox 1781 4989 3322 5066">
    <p class='ocr_par' dir='ltr' id='par_1_107' title="bbox 1781 4989 3322 5066">
     <span class='ocr_line' id='line_1_107' title="bbox 1781 4989 3322 5066; baseline -0.011 -15"><span class='ocrx_word' id='word_1_781' title='bbox 1781 4997 2187 5066; x_wconf 71' lang='lat' dir='ltr'><strong>comprehensa:</strong></span> <span class='ocrx_word' id='word_1_782' title='bbox 2219 5001 2381 5061; x_wconf 90' lang='lat' dir='ltr'><strong>atque</strong></span> <span class='ocrx_word' id='word_1_783' title='bbox 2415 4993 2734 5060; x_wconf 70' lang='lat' dir='ltr'><strong>conjunctae.</strong></span> <span class='ocrx_word' id='word_1_784' title='bbox 2763 4992 2934 5058; x_wconf 85' lang='lat' dir='ltr'><strong>Atque</strong></span> <span class='ocrx_word' id='word_1_785' title='bbox 2968 4989 3078 5040; x_wconf 72' lang='lat' dir='ltr'><strong>hzec</strong></span> <span class='ocrx_word' id='word_1_786' title='bbox 3116 5001 3197 5037; x_wconf 84' lang='lat' dir='ltr'><strong>me</strong></span> <span class='ocrx_word' id='word_1_787' title='bbox 3234 5001 3322 5036; x_wconf 73' lang='lat' dir='ltr'><strong>ex.</strong></span> 
     </span>
    </p>
   </div>
   <div class='ocr_carea' id='block_1_108' title="bbox 1775 5075 3324 5156">
    <p class='ocr_par' dir='ltr' id='par_1_108' title="bbox 1775 5075 3324 5156">
     <span class='ocr_line' id='line_1_108' title="bbox 1775 5075 3324 5156; baseline -0.011 -16"><span class='ocrx_word' id='word_1_788' title='bbox 1775 5087 2021 5156; x_wconf 87' lang='lat' dir='ltr'><strong>posuisse</strong></span> <span class='ocrx_word' id='word_1_789' title='bbox 2056 5082 2304 5137; x_wconf 76' lang='lat' dir='ltr'><strong>suﬁiciat.</strong></span> <span class='ocrx_word' id='word_1_790' title='bbox 2333 5082 2530 5136; x_wconf 86' lang='lat' dir='ltr'><strong>Verum</strong></span> <span class='ocrx_word' id='word_1_791' title='bbox 2565 5081 2610 5133; x_wconf 91' lang='lat' dir='ltr'><strong>si</strong></span> <span class='ocrx_word' id='word_1_792' title='bbox 2647 5080 2769 5148; x_wconf 87' lang='lat' dir='ltr'><strong>quis</strong></span> <span class='ocrx_word' id='word_1_793' title='bbox 2808 5077 3000 5131; x_wconf 87' lang='lat' dir='ltr'><strong>melius</strong></span> <span class='ocrx_word' id='word_1_794' title='bbox 3035 5075 3324 5142; x_wconf 69' lang='lat' dir='ltr'><strong>investiga—</strong></span> 
     </span>
    </p>
   </div>
   <div class='ocr_carea' id='block_1_109' title="bbox 1775 5162 3326 5239">
    <p class='ocr_par' dir='ltr' id='par_1_109' title="bbox 1775 5162 3326 5239">
     <span class='ocr_line' id='line_1_109' title="bbox 1775 5162 3326 5239; baseline -0.009 -11"><span class='ocrx_word' id='word_1_795' title='bbox 1775 5175 1936 5238; x_wconf 86' lang='lat' dir='ltr'><strong>verit,</strong></span> <span class='ocrx_word' id='word_1_796' title='bbox 1963 5173 2006 5226; x_wconf 88' lang='lat' dir='ltr'><strong>si</strong></span> <span class='ocrx_word' id='word_1_797' title='bbox 2037 5187 2226 5225; x_wconf 86' lang='lat' dir='ltr'><strong>eorum</strong></span> <span class='ocrx_word' id='word_1_798' title='bbox 2258 5187 2379 5239; x_wconf 61' lang='lat' dir='ltr'><strong>quae</strong></span> <span class='ocrx_word' id='word_1_799' title='bbox 2409 5168 2718 5239; x_wconf 84' lang='lat' dir='ltr'><strong>ignorabam</strong></span> <span class='ocrx_word' id='word_1_800' title='bbox 2747 5168 2812 5221; x_wconf 86' lang='lat' dir='ltr'><strong>ab</strong></span> <span class='ocrx_word' id='word_1_801' title='bbox 2835 5182 2899 5220; x_wconf 90' lang='lat' dir='ltr'><strong>eo</strong></span> <span class='ocrx_word' id='word_1_802' title='bbox 2927 5162 3326 5232; x_wconf 79' lang='lat' dir='ltr'><strong>interpretatio-</strong></span> 
     </span>
    </p>
   </div>
   <div class='ocr_carea' id='block_1_110' title="bbox 1774 5259 2702 5333">
    <p class='ocr_par' dir='ltr' id='par_1_110' title="bbox 1774 5259 2702 5333">
     <span class='ocr_line' id='line_1_110' title="bbox 1774 5259 2702 5333; baseline -0.01 -12"><span class='ocrx_word' id='word_1_803' title='bbox 1774 5260 1899 5321; x_wconf 84' lang='lat' dir='ltr'><strong>nem</strong></span> <span class='ocrx_word' id='word_1_804' title='bbox 1930 5278 2222 5333; x_wconf 85' lang='lat' dir='ltr'><strong>accepero,</strong></span> <span class='ocrx_word' id='word_1_805' title='bbox 2245 5261 2446 5332; x_wconf 85' lang='lat' dir='ltr'><strong>gratias</strong></span> <span class='ocrx_word' id='word_1_806' title='bbox 2470 5259 2702 5314; x_wconf 87' lang='lat' dir='ltr'><strong>habebo.</strong></span> 
     </span>
    </p>
   </div>
   <div class='ocr_carea' id='block_1_111' title="bbox 1710 5517 1778 5531">
    <p class='ocr_par' dir='ltr' id='par_1_111' title="bbox 1710 5517 1778 5531">
     <span class='ocr_line' id='line_1_111' title="bbox 1710 5517 1778 5531; baseline 0 0"><span class='ocrx_word' id='word_1_807' title='bbox 1710 5517 1778 5531; x_wconf 47' lang='grc' dir='ltr'>Ψ</span> 
     </span>
    </p>
   </div>
   <div class='ocr_carea' id='block_1_112' title="bbox 205 5750 2778 5848">
    <p class='ocr_par' dir='ltr' id='par_1_112' title="bbox 205 5750 2778 5848">
     <span class='ocr_line' id='line_1_112' title="bbox 205 5750 2778 5848; baseline -0.002 -22"><span class='ocrx_word' id='word_1_808' title='bbox 205 5773 317 5841; x_wconf 63' lang='lat'><strong>([0)</strong></span> <span class='ocrx_word' id='word_1_809' title='bbox 355 5771 571 5840; x_wconf 81' lang='lat' dir='ltr'><strong>Dionys.</strong></span> <span class='ocrx_word' id='word_1_810' title='bbox 606 5771 863 5843; x_wconf 73' lang='lat' dir='ltr'><strong>Arcopag.</strong></span> <span class='ocrx_word' id='word_1_811' title='bbox 899 5771 972 5826; x_wconf 81' lang='lat' dir='ltr'><strong>De</strong></span> <span class='ocrx_word' id='word_1_812' title='bbox 1008 5770 1193 5826; x_wconf 73' lang='lat' dir='ltr'><strong>ca&#39;lrsu&#39;</strong></span> <span class='ocrx_word' id='word_1_813' title='bbox 1225 5774 1514 5827; x_wconf 68' lang='lat' dir='ltr'><strong>hierarrhia</strong></span> <span class='ocrx_word' id='word_1_814' title='bbox 1557 5790 1674 5844; x_wconf 80' lang='lat' dir='ltr'><strong>cap.</strong></span> <span class='ocrx_word' id='word_1_815' title='bbox 1722 5776 1804 5841; x_wconf 80' lang='lat' dir='ltr'><strong>l5,</strong></span> <span class='ocrx_word' id='word_1_816' title='bbox 1839 5790 1890 5843; x_wconf 75' lang='grc' dir='ltr'>ρ.</span> <span class='ocrx_word' id='word_1_817' title='bbox 1918 5773 2034 5837; x_wconf 73' lang='grc'><strong>151,</strong></span> <span class='ocrx_word' id='word_1_818' title='bbox 2069 5781 2196 5825; x_wconf 83' lang='grc' dir='ltr'>ιοιιι.</span> <span class='ocrx_word' id='word_1_819' title='bbox 2228 5771 2268 5836; x_wconf 86' lang='grc'>1,</span> <span class='ocrx_word' id='word_1_820' title='bbox 2301 5772 2433 5848; x_wconf 78' lang='lat' dir='ltr'><strong>Opp.</strong></span> <span class='ocrx_word' id='word_1_821' title='bbox 2476 5771 2562 5824; x_wconf 68' lang='lat' dir='ltr'><strong>ecl.</strong></span> <span class='ocrx_word' id='word_1_822' title='bbox 2587 5750 2778 5822; x_wconf 56' lang='lat' dir='ltr'><strong>Venet.</strong></span> 
     </span>
    </p>
   </div>
  </div>
