3986 6346
242 478 373 548 12η

1453 474 1965 553 AMBIGUORUM
2005 479 2252 540 LIBER.

3244 539 3248 546 .
3317 487 3454 555 1218

237 595 357 649 καθ’
382 597 447 665 ἦν
478 596 510 663 ἠ
540 591 674 662 πρὸς
699 594 761 648 τὸ
788 591 1031 665 κρεῖττον
1063 586 1176 661 μετ’
1199 587 1471 661 ἐμμελοῦς
1499 588 1776 661 ἐξετάσεωι

1896 604 2028 644 vero
2074 591 2283 645 moveri
2329 590 2571 661 ferrique
2618 607 2682 648 ea
2730 609 2851 663 qua:
2891 595 3150 652 videntur
3193 603 3452 670 magister

172 739 182 746 .
236 689 360 744 καθ’
381 690 496 757 ὁδὸν
524 681 630 742 άπὸ
655 691 762 743 τῶν
787 690 1022 760 ἡττόνων
1048 686 1308 747 ἀνάϐασις
1330 684 1560 754 γίνεται.
1586 685 1798 753 Ἀκινή-

233 795 342 842 τως
387 779 444 831 δὲ
499 780 762 834 κινεῖσθαί
804 797 862 832 τε
912 779 1007 832 καὶ
1047 775 1308 848 φέρεσθαι
1338 776 1409 829 τά
1438 775 1688 846 ὁρώμενα
1717 775 1794 826 ετ-

236 882 398 939 ρηται
426 869 502 940 τῷ
527 870 830 940 διδασκάλῳ
859 869 934 939 τῷ
961 869 1057 940 μὲν
1083 869 1224 939 λόγῳ
1245 907 1263 930 ,
1307 861 1353 934 ᾧ
1380 865 1570 935 γέγονε
1599 864 1792 929 ταῦτα,

233 963 378 1018 κατά
413 980 471 1014 τε
517 963 678 1030 φύσιν
723 963 817 1016 καὶ
850 962 1080 1032 δύναμιν
1229 961 1531 1031 ἐνέργειαν,
1561 957 1711 1024 τάξιν
1734 973 1793 1009 τε

232 1053 326 1110 καὶ
351 1054 612 1123 διαμονὴν
639 1054 1028 1123 ἀμεταστάτως
1055 1052 1222 1123 ἔχειν,
1255 1053 1348 1105 καὶ
1378 1050 1454 1121 μὴ
1480 1048 1793 1116 ἐξίστασθαι

233 1145 356 1201 καθ’
395 1147 570 1200 ὁτιοῦν
614 1147 714 1215 τῆς
747 1149 982 1218 φυσικῆς
1013 1147 1270 1216 ἰδιότητος
1311 1147 1405 1215 καὶ
1437 1142 1793 1216 μεταϐάλλειν

233 1236 311 1296 εἰς
339 1236 463 1289 ἄλλο
496 1236 591 1289 καὶ
618 1235 921 1307 φύρεσθαι,
973 1234 1238 1289 κινεῖσθαι
1261 1233 1319 1287 δὲ
1347 1233 1506 1287 πάλιν
1545 1232 1636 1302 τῶι
1653 1231 1792 1286 κατὰ

213 1326 362 1395 τιοὴν
414 1327 507 1379 καὶ
550 1326 827 1398 ἀπορροὴν
876 1326 1040 1396 λόγῳ,
1100 1323 1323 1395 αὐξήσει
1356 1340 1415 1376 τε
1463 1325 1529 1393 τῇ
1575 1322 1703 1392 περὶ
1730 1322 1791 1375 τὸ

236 1417 396 1469 ποσὸν
439 1418 535 1471 καὶ
568 1416 794 1486 μειώσει
835 1419 927 1470 καὶ⁵
953 1420 1022 1488 τῇ
1067 1417 1195 1485 περὶ
1219 1414 1280 1468 τὸ
1310 1414 1460 1467 ποιὸν
1487 1412 1788 1477 ἀλλοιώσει,

235 1505 325 1558 καὶ
351 1506 570 1577 ’κυρίως
616 1509 823 1571 εἰπεῖν,
876 1509 942 1577 τῇ
983 1505 1044 1571 ἐξ
1072 1506 1316 1578 ἀλλήλων
1349 1505 1588 1573 διαδοχῇ,
1624 1504 1788 1570 ὑπεξσ

235 1599 534 1667 ισταμένων
564 1600 653 1654 ἀεὶ
679 1602 791 1663 τοῖς
820 1599 1196 1669 ἑπιγνομένοις
1224 1599 1330 1653 τῶν
1360 1597 1784 1668 προειληφότων.

232 1689 338 1741 Καὶ
365 1690 550 1752 ἁπλῶς
581 1691 664 1743 ῐνα
694 1689 929 1742 συνελὼν
958 1691 1115 1755 εῐπω,
1151 1689 1327 1743 πάντα
1348 1689 1414 1742 τὰ
1439 1690 1568 1742 ὄντα
1588 1687 1709 1741 καθ’
1727 1688 1788 1742 ὃν

229 1779 325 1848 μὲν
359 1781 674 1852 ὑπέστησάν
701 1799 759 1834 τε
791 1782 885 1834 καὶ
916 1782 1022 1834 aiat
1049 1781 1232 1848 λόγον,
1291 1781 1531 1851 στάσιμά
1557 1797 1618 1832 τε
1649 1796 1785 1832 παν·

222 1869 392 1932 τελῶς
422 1872 527 1923 είσι
574 1873 667 1925 καὶ
691 1871 921 1942 ἀκίνητα
947 1912 963 1936 ,
1015 1870 1094 1942 τῷ
1117 1871 1173 1924 δὲ
1198 1869 1310 1926 ’τῶν
1335 1872 1462 1942 περὶ⁵
1486 1871 1623 1925 αὐτά
1650 1871 1787 1924 θεω-

222 1959 501 2029 ρουμένων
528 1961 698 2031 λόγῳ,
730 1962 852 2016 καθ’
877 1963 935 2015 ὸν
964 1963 998 2032 ἠ
1026 1961 1119 2015 τοῦ
1150 1949 1349 2025 παντὸς
1376 1961 1567 2015 τούτου
1601 1960 1786 2030 σαφῶς

216 2049 499 2120 οἰκονομία
529 2053 825 2121 συνέστηκε
851 2068 910 2105 τε
943 2055 1033 2105 καὶ
1062 2051 1386 2119 διεξάγεται,
1418 2051 1592 2105 πάντα
1621 2053 1786 2103 κινεῖ-

222 2155 311 2192 ται
348 2141 590 2209 δηλονότι
642 2144 733 2195 καὶ
771 2144 1008 2196 duraret.
1057 2143 1131 2194 Οὐ
1155 2142 1348 2194 ταύτὸν
1371 2141 1426 2193 δέ
1455 2157 1617 2210 φασιν
1642 2135 1782 2193 εἶναι

227 2218 290 2302 τῇ
315 2234 455 2303 φορᾷ
484 2232 582 2301 τὴν
609 2234 838 2302 κίνησιν.
898 2233 1010 2303 Τὴν
1056 2233 1154 2303 μὲν
1181 2235 1290 2304 γὰρ
1338 2233 1550 2302 κίνησιν
1583 2234 1782 2302 μᾶλλον

149 2345 152 2348 ⁴
222 2317 356 2375 εἶναι
388 2323 572 2393 (185
593 2323 643 2393 ὁ)
669 2340 799 2392 φασι
823 2322 932 2376 τῶν
955 2323 1291 2392 ὑπὸγένεσιν
1319 2323 1411 2375 καὶ
1448 2321 1671 2392 φθορὰν,
1706 2323 1782 2386 ὡς

221 2414 618 2485 ἑπιδεχομένων
662 2418 774 2479 τοῖς
804 2418 935 2487 ,περὶ
963 2416 1101 2469 αὐτὰ
1129 2415 1522 2487 Θεωρουμένοις
1553 2415 1613 2468 τὸ
1643 2413 1778 2484 μᾶλ-

219 2504 310 2559 λον
337 2505 438 2558 καὶ
465 2506 525 2558 τὸ
542 2501 708 2576 ἦττον
735 2505 860 2575 (κᾶν
889 2507 980 2559 ἐπὶ
1012 2506 1222 2559 πάντων
1250 2505 1386 2574 ὁμοῦ
1410 2506 1517 2557 τῶν
1539 2504 1778 2572 γενητῶν

219 2580 435 2666 κυρίως
453 2594 707 2662 λέγεσθαι
732 2596 998 2667 δυνατὸν),
1027 2598 1126 2666 τὴν
1146 2597 1202 2648 δὲ
1225 2597 1397 2665 φορὰν
1416 2596 1514 2663 τῆς
1532 2595 1671 2647 κατὰ
1689 2593 1778 2646 κύ-

215 2683 346 2740 κλον
394 2687 721 2758 κινουμένης
764 2687 954 2749 οὐσίας
994 2686 1088 2740 καὶ
1120 2685 1415 2754 ἀκαμάτως
1440 2684 1538 2752 τὴν
1567 2683 1775 2754 περιδίέ

218 2789 396 2843 νησιν.
453 2776 570 2830 Οὐκ
613 2775 734 2830 οἶδα
778 2777 1006 2847 πότερον
1050 2774 1380 2846 θαρρήσαντι
1421 2775 1549 2846 περὶ
1581 2775 1642 2827 τὸ
1666 2775 1775 2828 πᾶν
1817 2816 1822 2822 .

218 2864 465 2935 φυσικῶς
513 2867 841 2939 ἐνεργούσης
883 2867 1060 2935 λέγειν
1091 2867 1239 2919 ἐστὶν
1274 2865 1513 2933 ἀσφαλὲς
1566 2865 1594 2933 ἢ
1624 2867 1775 2937 ἔνερ-

215 2957 520 3028 τουμένης,
564 2958 702 3029 πλὴν
728 2958 810 3012 ὅτι
840 2957 1044 3028 κυρίως
1069 2959 1241 3011 εἰπεῖν
1268 2955 1413 3010 ἔστιν
1444 2952 1771 3024 ἐνεργουμέ-

216 3062 310 3119 νης
354 3050 420 3103 τὸ
467 3050 746 3123 φέρεσθαι.
810 3051 975 3105 Οὐδὲν
1013 3051 1121 3120 γὰρ
1158 3049 1269 3102 τῶν
1293 3049 1462 3101 ὄντων
1493 3043 1771 3108 παντελῶς

216 3141 358 3193 ἔστιν
380 3141 793 3213 αὐτενέργητον,
822 3144 904 3197 ὅτι
927 3143 1061 3214 μηδὲ
1081 3141 1337 3205 ἀναίτιον,
1365 3139 1425 3192 τὸ
1443 3137 1500 3191 δὲ
1522 3137 1598 3208 μὴ
1619 3138 1769 3190 ἀναί-

214 3247 321 3286 τιον
338 3275 356 3298 ,
413 3235 638 3287 κινεῖται
665 3236 882 3299 πάντως
907 3235 976 3289 δι’
993 3235 1204 3300 αἰτίαν,
1255 3231 1644 3304 ἐνεργούμενον
1671 3229 1768 3298 δη-
1794 3249 1837 3308 C

211 3317 385 3375 λονότι
433 3322 496 3375 τὸ
527 3324 789 3377 κινεῖσθαι
818 3323 1062 3393 φυσικῶς
1089 3324 1193 3376 ὑπὸ
1221 3322 1320 3393 τῆς
1348 3321 1525 3383 αἰτίας
1543 3359 1559 3384 ν
1609 3318 1678 3371 δι’
1700 3319 1766 3397 ii?

197 3411 305 3486 καὶ
351 3413 492 3485 πρὸς
534 3414 602 3487 ἢν
652 3419 889 3470 ποιεῖται
931 3416 1029 3486 τὴν
1070 3414 1301 3486 κίνησιν.
1347 3412 1624 3474 Ἀναιτίως
1660 3410 1768 3481 γάρ

206 3502 459 3574 οὐδαμῶς
507 3509 733 3559 κινεῖται
786 3507 908 3560 κατ
946 3506 1243 3575 manu
1290 3505 1490 3570 τρόπον
1533 3502 1640 3554 τῶν
1683 3519 1767 3552 κι-

208 3595 485 3666 νουμένων
522 3597 695 3648 οὐδέν.
749 3597 914 3666 Ἀρχὴ
943 3597 1000 3647 δὲ
1035 3595 1212 3664 πάσης
1237 3594 1504 3663 κινήσεως
1529 3591 1766 3658 φυσικῆς

211 3687 354 3741 ἔστιν
405 3691 440 3758 η
478 3686 589 3739 τῶν
618 3687 944 3756 κινουμένων
976 3685 1208 3754 γένεσις,
1261 3683 1489 3754 άρχὴλδὲ
1533 3683 1632 3751 τῆς
1660 3681 1766 3734 τῶν
1804 3731 1809 3735 ,

208 3779 542 3850 κινουμένων
562 3779 827 3848 γενέσεως
845 3777 873 3828 ὀ
894 3777 1045 3843 Θεὸς,
1067 3778 1142 3840 ὡς
1162 3776 1556 3847 γενεσιουργός.
1583 3774 1692 3844 Τῆς
1710 3774 1767 3828 δὲ

205 3869 314 3922 τῶν
340 3869 725 3940 γεγενημένων
768 3870 1002 3939 φυσικῆς
1031 3869 1295 3938 γενέσεως
1335 3868 1488 3930 τέλος
1512 3869 1550 3936 ὴ
1580 3866 1767 3929 στάσις

208 3963 378 4024 ἐστὶν,
410 3963 478 4032 ἣν
505 3966 648 4015 ποιεῖ
671 3963 889 4025 πάντως
921 3963 1056 4032 μετὰ
1080 3962 1178 4030 τὴν
1198 3960 1444 4028 διάϐασιν
1468 3959 1577 4012 τῶν
1602 3977 1767 4012 πεπε-

210 4053 501 4122 ρασμένων
534 4054 567 4121 ἠ
597 4053 842 4122 ἀπειρία.
878 4055 933 4104 ὲν
1023 4052 1111 4104 διὰ
1137 4052 1197 4104 τὸ
1229 4052 1302 4121 μὴ
1332 4047 1471 4103 εἶναι
1495 4050 1766 4120 διάστημα

209 4142 354 4194 πᾶσα
403 4142 639 4194 ποιεῖται
677 4141 890 4209 κίνησις
933 4141 1040 4193 τῶν
1080 4141 1324 4208 φυσικῶν
1339 4143 1383 4172 ’³
1414 4141 1762 4208 κινουμένων,

205 4233 299 4286 οὑκ
327 4233 535 4304 ἔχουσα
561 4232 743 4286 λοιπὸν
776 4234 898 4286 ὅποι
926 4247 984 4284 τε
1027 4231 1124 4284 καὶ
1153 4231 1269 4294 πῶς
1310 4231 1405 4284 καὶ
1434 4230 1568 4301 πρὸς
1592 4232 1644 4282 τί
1678 4248 1766 4284 κι-

205 4323 460 4391 νηθῆναι,
508 4323 583 4387 ὡς
609 4311 700 4377 τὸν
726 4323 976 4395 ὁρίζοντα
1006 4325 1099 4376 καὶ
1123 4322 1291 4392 αὐτὴν
1317 4321 1416 4392 τὴν
1446 4322 1627 4390 πάσης
1656 4323 1767 4391 ὁρι-

207 4412 393 4484 στικὴν
461 4413 727 4481 κινήσεως
776 4410 1032 4481 ἀπειρίαν
1080 4411 1212 4464 θεὸν
1262 4411 1420 4473 τέλος
1474 4411 1549 4474 ὡς
1597 4412 1764 4463 αἴτιον

203 4500 420 4572 ἔχουσα.
476 4503 667 4571 Πάσης
707 4500 799 4556 οὖν
845 4502 1112 4570 γενέσεώς
1139 4519 1198 4555 τε
1243 4503 1336 4554 καὶ
1362 4502 1626 4578 κινήσεως
1658 4500 1765 4554 τῶν

1895 681 2028 735 dicit
2057 697 2122 744 ea
2149 698 2256 752 qua
2283 682 2424 739 facta
2451 692 2579 738 sunt
2609 684 2842 753 ratione,
2868 691 3166 744 secundum
3203 704 3452 748 naturam
3529 682 3533 685 ’

1893 781 1948 827 et
1971 780 2296 842 potestatem
2324 781 2382 830 et
2405 775 2698 847 actionem,
2723 767 2969 833 ordinem
3007 790 3169 850 atque
3201 799 3454 852 perseve-

1893 865 2145 930 rantiam,
2182 866 2541 922 immutabilia
2571 869 2723 933 'eSse,
2759 876 2816 922 et
2859 885 2969 924 non
3018 872 3130 925 ullo
3177 876 3340 928 modo
3384 877 3452 929 de

1892 956 2129 1009 naturali
2169 958 2504 1026 proprietate
2545 959 2743 1014 cedere
2783 962 3093 1030 mutarique
3129 963 3183 1016 in
3217 965 3448 1020 alterum

1890 1052 1948 1099 et
1971 1048 2337 1112 commisceri,
2363 1064 2427 1104 ac
2457 1050 2667 1104 moveri
2699 1067 2890 1107 rursus
2917 1052 3094 1108 ﬂuxus
3122 1063 3177 1108 et
3205 1055 3452 1110 dctluxus

1893 1138 2126 1204 ratione,
2155 1139 2492 1194 incremento
2523 1149 2579 1196 et
2607 1141 2981 1208 decremento,
3009 1161 3118 1213 quo
3152 1147 3450 1213 quantitas,

1869 1237 1946 1282 [et
1983 1229 2396 1295 immutatione,
2425 1246 2531 1300 qua
2566 1232 2799 1300 qualitas
2840 1233 3095 1298 afﬁcitur,
3127 1245 3182 1289 et
3224 1246 3286 1289 ut
3319 1252 3449 1305 pro-

1853 1335 1860 1340 ·
1890 1318 2008 1386 prie
2030 1318 2205 1373 dicam
2225 1359 2238 1383 ,
2269 1319 2496 1375 alterius
2524 1336 2591 1374 ex
2622 1322 2798 1375 altero
2825 1324 3170 1378 successione
3200 1340 3263 1379 ac
3287 1325 3450 1380 vicis-

1889 1410 2160 1476 situdine,
2199 1412 2329 1466 dum
2371 1412 2926 1492 auticipata_semper
2967 1415 3172 1471 cedunt
3205 1417 3287 1472 eis
3326 1434 3450 1488 quae

1888 1502 2317 1571 subsequuntur.
2346 1504 2522 1574 Atque
2557 1513 2617 1558 ut
2641 1505 2833 1575 paucis
2862 1506 3160 1571 absolvam,
3193 1509 3448 1566 universa

1887 1610 2008 1664 qua:
2048 1604 2196 1659 sunt,
2224 1596 2525 1650 secundum
2564 1598 2832 1651 rationem
2871 1608 2978 1667 qua
3020 1598 3350 1654 exstiterunt
3383 1616 3448 1655 ac

1888 1671 2044 1747 sunt,
2079 1685 2233 1740 ﬁrma
2279 1687 2505 1742 omnino
2548 1696 2679 1741 sunt
2715 1695 2769 1741 et
2808 1687 3060 1752 immota,
3093 1691 3188 1743 sed
3234 1691 3444 1746 ratione

1887 1790 2076 1829 eorum
2103 1792 2223 1846 quae
2247 1778 2392 1832 circa
2425 1778 2538 1846 ipsa
2565 1778 3018 1846 contemplamur,
3044 1795 3149 1846 qua
3177 1783 3444 1838 universi-

1890 1868 2016 1921 tatis
2049 1867 2210 1938 h‘ujus
2241 1867 2527 1922 manifesto
2560 1877 2775 1922 constat
2800 1870 3102 1923 meonomia
3131 1879 3186 1924 et
3208 1872 3456 1927 absolvi;

1889 1965 1996 2020 tur,
2019 1956 2291 2020 universa,
2316 1966 2377 2010 ut
2399 1943 2644 2026 apparet,
2669 1968 2946 2013 motantur
2965 1969 3021 2014 et
3046 1961 3441 2030 inquietantur.

1883 2045 1996 2100 Nec
2028 2053 2206 2100 tamen
2243 2047 2505 2117 impetum
2541 2057 2597 2102 et
2628 2051 2924 2105 motionem
2957 2051 3098 2106 idem
3137 2053 3443 2123 signiﬁcare

1883 2144 2150 2191 statuunt.
2182 2137 2476 2193 Motionem
2515 2139 2662 2194 enim
2706 2138 2876 2211 magis
2915 2143 3163 2196 tribuunt
3199 2145 3283 2198 eis
3318 2161 3442 2214 qua:

1880 2229 2220 2297 generatioui
2256 2231 2540 2302 suhjacent
2570 2234 2928 2298 et-interitui,
2960 2243 3018 2288 ut
3047 2252 3168 2304 qua:
3203 2237 3285 2291 eis
3319 2253 3441 2307 quae

1879 2322 2024 2376 circa
2051 2322 2166 2391 ipsa
2192 2323 2556 2378 observantur
2578 2325 2811 2395 augendi
2839 2326 3227 2395 minuendique
3259 2329 3441 2382 notio-

1877 2408 2002 2460 nem
2036 2408 2331 2465 admittunt
2366 2411 2609 2480 (etiamsi
2644 2413 2711 2465 de
2743 2414 2955 2466 cunctis
2989 2416 3187 2468 creatis
3219 2417 3438 2487 proprie

1877 2497 1984 2552 dici
2040 2499 2092 2551 id
2148 2501 2396 2570 potest),
2442 2502 2702 2571 impetum
2758 2520 2886 2558 vero
2938 2506 3259 2562 substantiae
3316 2525 3438 2567 esse

1875 2586 2068 2640 volunt
2091 2587 2298 2642 circulo
2329 2605 2447 2665 sese
2479 2599 2535 2644 et
2567 2590 2836 2661 indefesse
2870 2597 3263 2650 commoventis
3292 2607 3438 2652 rota-

1876 2677 2104 2733 tionem.
2129 2679 2327 2734 Nescio
2367 2690 2550 2755 utrum
2592 2683 2660 2738 de
2700 2684 2959 2740 universo
2993 2686 3180 2741 dicere
3215 2690 3434 2744 conanti

1874 2769 2202 2824 naturaliter
2238 2773 2457 2841 operari
2501 2773 2555 2827 id
2604 2781 2782 2828 tutum
2821 2775 2910 2838 sit,
2944 2791 3013 2829 an
3055 2777 3292 2842 incitari,
3327 2781 3433 2834 nisi

1871 2858 2018 2926 quod
2063 2860 2184 2928 ejus
2230 2861 2322 2929 qui
2376 2862 2637 2916 incitatur
2681 2865 2954 2932 peculiare
3005 2865 3298 2923 dicendum
3347 2880 3434 2925 est

1869 2947 2022 3001 ferri.
2057 2949 2216 3002 Nulla
2256 2951 2404 3004 enim
2448 2967 2560 3016 res,
2596 2968 2936 3023 quaecunque
2981 2956 3279 3022 exsistunt,
3315 2959 3433 3030 ipsa

1868 3053 1968 3106 per
2012 3053 2070 3092 se
2118 3049 2380 3108 operatur
2420 3044 2675 3107 omnino,
2708 3046 2836 3114 quia
2887 3061 2990 3101 nec
3035 3063 3200 3103 causa
3249 3061 3429 3119 caret;

1869 3129 2015 3197 quod
2041 3145 2174 3184 vero
2206 3147 2371 3187 causa
2400 3148 2510 3187 non
2542 3143 2712 3200 caret,
2739 3135 2794 3189 id
2827 3137 3051 3191 omnino
3082 3154 3180 3208 per
3211 3155 3430 3196 causam

1856 3223 2319 3286 »movetur,'unde
2352 3237 2579 3295 apparet
2607 3226 2752 3296 quod
2787 3243 2951 3282 causa
2982 3229 3243 3285 incitatur
3272 3231 3339 3285 ad
3370 3248 3430 3287 sc

1868 3315 2321 3368 commovendum
2355 3317 2675 3372 naturaliter
2708 3316 2774 3371 ad
2809 3333 2970 3387 quam
3004 3327 3060 3371 et
3090 3335 3200 3388 quo
3235 3322 3432 3376 motio-

1867 3417 1992 3456 nem
2017 3403 2218 3474 dirigit.
2246 3406 2374 3462 Sine
2404 3423 2568 3463 causa
2599 3408 2746 3462 enim
2773 3424 2964 3463 eorum
2988 3426 3108 3479 qua:
3137 3422 3425 3466 moventur

1866 3491 2004 3544 nihil
2027 3508 2254 3563 usquam
2273 3498 2382 3551 ullo
2400 3498 2562 3552 modo
2576 3508 2844 3554 movetur.
2861 3501 3083 3556 initium
3103 3519 3235 3558 vero
3248 3505 3427 3558 omnis

1864 3585 2132 3639 naturalis
2165 3589 2429 3666 motionis
2463 3598 2546 3644 est
2574 3606 2762 3667 eorum
2793 3609 2915 3662 quae
2945 3607 3238 3650 moventur
3265 3613 3431 3667 gene-

1857 3671 2027 3737 ratio,
2059 3674 2218 3744 cujus
2245 3663 2437 3731 rursus
2474 3666 2667 3746 ipsius‘
2682 3681 2899 3736 initium
2935 3685 3080 3738 Deus
3109 3695 3213 3750 est,
3246 3663 3306 3740 uit
3336 3705 3431 3757 ge-

1863 3763 2167 3818 nerationis
2199 3774 2411 3820 auctor.
2438 3767 2642 3823 Eorum
2674 3785 2795 3839 quae
2825 3771 2966 3826 facta
2999 3781 3129 3826 sunt
3160 3777 3429 3833 naturalis

1864 3855 2238 3924 generationis
2272 3855 2396 3911 ﬁnis
2425 3868 2510 3912 est
2533 3867 2730 3924 status,
2759 3875 2924 3930 quem
2958 3862 3117 3931 plane
3146 3874 3269 3934 post
3299 3876 3430 3922 eon-

1866 3957 2266 4038 summatorum
2300 3956 2703 4019 transgressum
2739 3951 2976 4006 inﬁnitas
3007 3952 3198 4018 eﬂicit,
3232 3957 3286 4010 in
3320 3974 3428 4027 qua

1863 4045 2088 4107 propter
2109 4039 2438 4094 exsistentize
2460 4042 2815 4096 cessationem
2838 4043 3015 4097 omnis
3035 4045 3207 4100 motio
3231 4063 3422 4103 eorum

1863 4131 2199 4200 naturalium
2245 4148 2366 4202 quae
2409 4143 2697 4189 moventur
2737 4135 3084 4191 intervallum
3124 4138 3283 4203 facit,
3315 4158 3427 4199 non

1864 4222 2137 4291 reliquum
2169 4223 2376 4296 habens
2400 4239 2510 4294 quo
2539 4233 2633 4279 aut
2656 4227 2929 4294 quomodo
2960 4235 3016 4281 et
3047 4229 3113 4282 ad
3144 4231 3274 4298 quid
3311 4248 3428 4286 mo-

1865 4320 2089 4376 veatur,
2121 4328 2244 4367 cum
2275 4314 2477 4377 Deum,
2512 4314 2606 4382 qui
2635 4315 2722 4368 vel
2753 4316 2924 4384 ipsam
2957 4317 3137 4372 omnis
3169 4320 3426 4376 motionis

1864 4404 2292 4457 terminatricem
2329 4403 2651 4458 inﬁnitatem
2683 4405 2892 4470 deﬁnit,
2924 4405 3085 4462 ﬁnem
3117 4419 3177 4464 ut
3205 4426 3425 4467 causam

1865 4495 2080 4549 habeat.
2109 4495 2294 4564 itaque
2340 4497 2516 4550 omnis
2550 4496 2919 4566 generationis
2959 4509 3015 4554 et
3046 4503 3304 4559 motionis
3341 4521 3426 4558 re-

201 4591 367 4645 ὸντων
391 4635 408 4659 ,
465 4591 610 4662 ἀρχὴ
652 4593 748 4643 καὶ
776 4593 925 4656 τέλος
954 4594 1100 4644 ἐστὶν
1129 4595 1157 4645 ὁ
1179 4592 1309 4655 Θεὸς
1330 4633 1344 4658 ,
1401 4592 1476 4654 ὡς
1512 4591 1570 4656 ἐξ
1598 4590 1761 4645 αὐτοῦ

1871 4603 1989 4640 rum
2019 4588 2400 4642 exsistentium
2433 4589 2646 4644 initium
2671 4599 2727 4644 et
2751 4589 2874 4644 ﬁnis
2901 4590 3046 4647 Deus
3075 4602 3179 4657 est,
3205 4608 3326 4648 cum
3356 4611 3424 4650 ex

199 4682 583 4754 γεγενημένων
611 4682 708 4766 καὶ
732 4681 800 4733 δι’
821 4682 986 4735 αὐτοῦ
1009 4682 1362 4752 κινουμένων,
1389 4683 1482 4735 καὶ
1504 4683 1583 4745 εἰς
1605 4682 1764 4736 αὐτὸν

198 4772 296 4847 τὴν
327 4774 522 4827 στάσιν
550 4772 944 4842 ποιησομένων.
979 4773 1166 4840 Πάσης
1195 4772 1253 4824 δὲ
1284 4772 1515 4841 φυσικῆς
1543 4773 1651 4824 τῶν
1677 4773 1764 4826 ὸν-

199 4883 305 4921 των
332 4866 600 4936 κινήσεως
622 4863 1020 4934 προεπινοεῖται
1045 4865 1078 4933 ἡ
1100 4864 1334 4930 γένεσις,
1358 4863 1536 4931 πάσης
1555 4863 1610 4915 δὲ
1635 4865 1762 4917 στά-

201 4974 336 5022 στως
365 4950 768 5028 προεπινοεϊται
797 4951 983 5024 (1⁸6
1003 4954 1055 5020 a)
1087 4952 1226 5006 κατὰ
1273 4952 1436 5022 φύσιν
1463 4953 1496 5023 ἡ
1524 4954 1758 5023 κίνησις.

203 5048 261 5104 ιιι
282 5049 377 5103 οὖν
403 5048 672 5116 κινήσεως
698 5046 1096 5115 προεπινοεῐται
1123 5042 1261 5096 κατὰ
1284 5043 1443 5111 φύσιν
1463 5044 1496 5114 ἡ
1518 5043 1752 5111 γένεσις,

202 5141 461 5211 κινήσεως
505 5138 562 5190 δὲ
619 5138 1009 5207 μετεπινοεϊται
1063 5135 1205 5189 κατὰ
1256 5136 1418 5205 φύσιν
1467 5138 1500 5205 ή
1542 5136 1765 5201 στάσις,
1811 5207 1824 5223 ο

202 5231 405 5298 γένεσις
452 5228 692 5299 δηλονότι
751 5229 844 5297 καὶ
892 5227 1078 5288 στάσις
1125 5223 1261 5280 εἶναι
1309 5227 1418 5280 τῶν
1454 5225 1570 5296 ἅμα
1613 5226 1754 5281 κατὰ

199 5320 289 5394 την
327 5320 570 5390 ὕπαρξιν
606 5321 923 5390 ἀμήχανον,
980 5316 1220 5388 ἀλλήλων
1283 5317 1450 5380 αὑτὰς
1509 5316 1754 5385 φυσικῶς

199 5411 535 5484 διείργουσαν
562 5411 608 5442 ⁸³
629 5410 844 5479 ἔχουσαι
887 5409 1026 5463 κατὰ
1064 5408 1125 5461 τὸ
1174 5408 1334 5477 μέσον
1372 5405 1468 5478 τὴν
1510 5397 1747 5484 κίνησιν.

201 5500 272 5555 οὐ
296 5503 400 5575 γὰρ
433 5500 638 5572 φυσικὴ
669 5500 914 5570 ἐνέργεια
946 5502 1044 5570 τῆς
1071 5500 1334 5568 γενέσεως
1363 5499 1473 5552 τῶν
1497 5502 1749 5570 κινουμέ-

198 5610 302 5647 νων
325 5595 357 5664 ἡ
379 5594 571 5654 στάσις
597 5593 762 5654 ἐστὶν,
795 5590 931 5644 ἀλλά
955 5593 1103 5655 τέλος
1130 5591 1231 5659 τῆς
1253 5593 1371 5643 κατ’
1394 5591 1567 5659 αὐτὴν
1594 5591 1752 5645 δυνά-

207 5700 337 5755 μεως
359 5688 392 5758 ἢ
415 5685 716 5756 ἐνεργείας.
743 5683 776 5753 ἢ
800 5686 946 5747 ὅπως
973 5684 1036 5738 ἄν
1062 5701 1143 5747 τις
1169 5684 1344 5738 ἐθέλοι
1370 5683 1526 5737 τοῦτο
1549 5683 1748 5751 λέγειν.

1861 4690 1927 4729 eo
1969 4687 2238 4746 generatae
2278 4680 2388 4731 sint
2424 4688 2479 4732 et
2523 4688 2825 4744 uiolentur,
2860 4688 3059 4735 statum
3101 4697 3319 4751 quoque
3363 4684 3423 4739 in

1861 4782 1985 4820 eum
2019 4767 2261 4821 facturae.
2295 4768 2456 4822 Omni
2486 4785 2616 4822 vero
2650 4771 2884 4824 naturali
2920 4787 3104 4825 rerum
3137 4789 3257 4841 quae
3294 4783 3423 4829 sunt

1861 4861 2100 4913 motione
2131 4860 2283 4929 prior
2315 4860 2636 4930 intelligitur
2663 4861 2962 4930 generatio,
2988 4864 3244 4932 omnique
3273 4873 3420 4919 statu

1859 4952 2010 5020 prior
2039 4952 2342 5006 secundum
2373 4960 2624 5005 naturam
2659 4953 2981 5024 intelligitur
3007 4955 3194 5009 motio.
3220 4956 3335 5009 Jam
3372 4957 3417 5010 si

1859 5044 2154 5098 motionem
2192 5043 2490 5098 secundum
2531 5051 2780 5098 naturam
2819 5045 3078 5114 anticipat
3113 5046 3416 5114 generatio,

1858 5135 2152 5188 motionem
2178 5148 2308 5187 vero
2338 5134 2636 5188 secundum
2662 5145 2909 5190 naturam
2938 5134 3422 5205 subsequitur'sta-

1862 5235 1976 5284 tus.
2008 5234 2234 5296 apparet
2264 5227 2673 5296 generationem
2709 5237 2765 5282 et
2800 5236 3000 5282 statum
3038 5228 3198 5282 simul
3240 5230 3421 5284 subsi-

1860 5327 2003 5372 stere
2054 5334 2163 5372 non
2213 5333 2405 5387 posse,
2441 5319 2569 5372 dum
2620 5319 2883 5382 mediam,
2921 5334 3041 5388 quae
3079 5318 3301 5372 alteram
3348 5321 3417 5373 ah

1858 5408 2027 5463 altera
2059 5410 2381 5464 naturaliter
2413 5409 2652 5477 dirimat,
2681 5408 2917 5461 habeant
2952 5407 3266 5461 motionem.
3297 5409 3414 5462 Non

1852 5501 1998 5554 enim
2037 5497 2302 5555 naturalis
2338 5502 2484 5555 actio
2522 5500 2890 5571 generationis
2933 5508 3204 5570 motorum
3242 5508 3415 5553 status

1851 5600 1955 5656 est,
1977 5591 2071 5646 sed
2106 5591 2229 5646 ﬁnis
2263 5593 2547 5660 potestatis
2576 5592 2658 5645 vel
2694 5591 2925 5645 actionis
2956 5589 3020 5642 ad
3057 5596 3254 5642 statum
3291 5604 3416 5656 per-
3452 5644 3462 5653 ,

1854 5683 2108 5747 tinentis,
2138 5683 2220 5737 ve!
2258 5699 2478 5752 quoquo
2515 5682 2566 5736 id
2601 5681 2801 5750 aliquis
2834 5680 2996 5734 modo
3028 5678 3211 5732 dicere
3242 5679 3407 5734 volet.

1485 5801 1713 5856 νΑΒιΑΞ
1762 5801 2165 5857 LECTIONES.

265 5893 582 5949 “Fortasse
616 5872 872 5956 φυσικῶς.
953 5892 994 5924 ’⁸
1021 5890 1334 5956 διέργουσαν
1356 5891 1476 5948 cod.
1505 5891 1645 5948 Gud.
