3986 6346
608 408 743 475 1223

1762 410 1823 470 s.
1861 392 2148 469 MAXIMI
2181 408 2684 470 CONFESSORIS

600 516 948 581 denotantia;
979 514 1125 586 quod
1167 515 1211 570 si
1235 530 1426 570 verum
1457 523 1626 581 esset,
1656 514 1782 569 finis
1820 515 1971 570 illius
2000 516 2147 571 circa
2176 560 2183 576 ε

2279 517 2374 586 εερὶ
2419 517 2449 568 ὃ
2514 516 2759 583 λέγονται
2824 511 2965 568 εἶναι
3032 513 3204 568 ταῦτα
3261 513 3631 585 δειχθήσεται,
3686 516 3821 586 ὅπερ

601 608 747 678 quod
782 608 1049 662 dicuntur
1066 623 1187 662 esse
1221 608 1336 662 haec
1361 607 1895 673 demonstrarentur,
1931 606 1987 661 id
2004 610 2152 678 quod

601 701 849 769 ineptum
877 710 961 755 est
990 708 1046 754 et
1076 699 1191 753 ﬁeri
1215 699 1426 769 nequit.
1452 699 1571 753 Non
1621 699 1767 753 enim
1820 715 1887 754 ex
1923 699 1992 755 iis
2033 716 2155 770 quae

602 809 716 847 non
741 801 870 848 sunt
901 807 1089 847 rerum
1117 791 1253 844 lines
1287 789 1643 859 colliguntur,
1687 788 1784 842 sed
1810 803 1877 842 ex
1918 789 1986 843 iis
2034 804 2155 858 quae

601 862 750 948 sunt,
796 899 918 952 qua:
948 882 1207 952 exiguum
1256 896 1445 935 rerum
1487 877 1808 949 expandunt
1840 886 2007 947 atque
2052 893 2157 932 am-

600 973 846 1043 plificant
872 973 1158 1037 ambitum,
1210 972 1305 1041 qui
1348 986 1554 1025 nomen
1600 985 1793 1025 earum
1844 978 1976 1024 est.-
2010 970 2157 1024 Nihil

602 1064 793 1134 itaque
826 1064 1053 1118 omnino
1069 1079 1137 1117 ex
1165 1063 1236 1118 iis
1264 1078 1387 1133 qua:
1412 1062 1480 1116 de
1507 1062 1622 1116 Deo
1644 1070 1743 1116 aut
1784 1061 1931 1116 circa
1986 1061 2160 1114 Deum

601 1169 721 1209 esse
742 1153 1020 1218 dicuntur,
1047 1154 1141 1208 Dei
1187 1153 1429 1209 essentia
1486 1167 1727 1222 unquam
1786 1166 1906 1207 esse
1955 1158 2156 1220 potest,

601 1246 726 1316 quia
751 1263 853 1301 nec
876 1247 1226 1316 positionem,
1246 1260 1367 1315 quae
1388 1244 1503 1299 sola
1532 1253 1589 1299 et
1610 1244 1711 1298 soli
1739 1244 1852 1298 Deo
1877 1242 2157 1312 competit,

603 1345 660 1388 et
694 1335 961 1389 relatione
1014 1344 1192 1399 vacat,
1224 1351 1328 1391 nec
1374 1335 1551 1402 ipsum
1591 1335 1726 1389 illud
1741 1334 1890 1404 quod
1933 1335 1987 1388 vi
2014 1334 2159 1388 circa

604 1423 810 1494 aliquid
839 1425 1015 1478 activa
1040 1440 1266 1494 prorsus
1317 1434 1557 1481 solutum
1598 1435 1684 1481 est
1732 1425 2036 1481 secundum
2068 1439 2159 1479 es-

604 1514 835 1566 sentiam
871 1527 936 1567 ac
966 1513 1333 1581 substantiam
1363 1515 1607 1571 indicare
1642 1526 1845 1587 potest.

605 1686 689 1741 Ex
717 1688 897 1742 eodem
917 1706 1154 1744 sermone
1186 1692 1241 1744 in
1271 1690 1409 1746 illud
1432 1708 1451 1747 :
1490 1713 1507 1743 ι
1534 1693 1986 1758 Quemadmodum
2020 1698 2160 1750 enim

674 1795 777 1833 non
807 1780 990 1849 sufﬁcit
1012 1797 1201 1852 corpus
1234 1783 1426 1849 dicere,
1474 1793 1566 1838 aut
1594 1793 1904 1856 generatum
1934 1801 2042 1839 esse
2094 1785 2164 1839 ad
2196 1808 2236 1860 Β

682 1872 1158 1938 demonstrandum
1174 1876 1803 1944 atque,manifestandum
1815 1879 1910 1931 hoc
1924 1876 2007 1930 vel
2029 1876 2167 1929 illud

574 1971 584 1979 ⁴
679 1957 818 2009 circa
850 1958 988 2024 quod
1026 1962 1134 2012 lucc
1158 1971 1458 2027 versentur,
1494 1965 1585 2017 sed
1617 1963 1754 2016 illud
1798 1981 2002 2034 quoque
2029 1965 2166 2035 quod
2194 1992 2195 1995 η

678 2043 758 2094 his
780 2043 1073 2112 subjectum
1097 2056 1172 2099 est
1205 2049 1375 2102 dicere
1399 2059 1622 2119 Oportet,
1650 2054 1696 2106 si
1717 2055 1842 2123 fquis
1878 2055 2099 2124 perfecte
2118 2065 2167 2107 et

681 2128 838 2199 plene
856 2133 983 2200 quid
1024 2134 1328 2203 cogitemus
1376 2146 1675 2190 monstrare
1727 2138 1991 2205 voluerit;
2042 2158 2167 2195 nam

679 2220 761 2273 vel
780 2222 933 2275 homo
984 2222 1068 2276 vel
1125 2224 1213 2277 bos
1240 2225 1323 2279 uel
1354 2241 1516 2296 equus
1573 2230 1669 2281 hoc
1715 2243 2025 2296 corporeum
2060 2247 2169 2285 esse

681 2321 846 2380 potest
869 2320 917 2365 et
939 2314 1179 2369 interimi
1201 2316 1497 2371 obnoxium.
1516 2338 1535 2370 ι

683 2420 820 2476 Cum
865 2433 1089 2480 sanctus
1108 2427 1399 2483 haereticos
1420 2429 1637 2486 videret
1659 2430 1715 2485 id
1744 2449 1916 2488 unum
1932 2443 2166 2502 certare,

616 2520 679 2565 ut
703 2517 1229 2582 superessentialem
1250 2529 1506 2574 naturam
1530 2532 1777 2579 amentes
1803 2540 1988 2580 secum
2039 2527 2173 2598 ipsis

616 2602 987 2670 destruerent,
1024 2605 1452 2677 artiflciosisque
1492 2611 1803 2668 rationibus
1846 2625 2172 2683 potestatem

617 2693 1050 2763 insuperabilcm
1072 2698 1336 2768 omnique
1356 2700 1667 2756 conditioni
1688 2718 1757 2758 ex
1800 2706 1920 2773 pari
1969 2707 2173 2777 imper-

619 2786 934 2854 ceptibilem
964 2803 1077 2843 suae
1099 2789 1435 2861 cognitionis
1455 2795 1949 2864 comprehensione
1978 2814 2174 2869 capere

619 2875 829 2938 conari,
853 2892 952 2945 per
982 2885 1169 2953 totum
1191 2894 1505 2939 sermonem
1537 2883 1806 2953 privative
1839 2895 1895 2941 et
1923 2889 2175 2958 negative

618 2962 689 3016 de
711 2962 823 3017 Deo
856 2965 1044 3022 dicere
1068 2969 1281 3035 maluit,
1328 2972 1467 3026 nulli
1505 2974 1730 3028 omnino
1776 2976 2038 3045 positioni
2082 2988 2176 3033 aut

619 3051 964 3109 aﬂirmationi
1040 3057 1430 3124 indulsit,'ne
1499 3071 1757 3131 tanquam
1823 3068 2173 3135 impudentes

619 3157 783 3197 canes
818 3143 962 3199 hanc
982 3146 1264 3231 mordicus
1288 3123 1582 3217 captarent
1613 3123 1679 3205 ἐι
1722 3123 2007 3209 venenatis
2035 3123 2174 3210 den;
2197 3123 2242 3179 θ

621 3234 767 3289 tibus
787 3236 843 3289 in
862 3238 1117 3294 veritatis
1147 3253 1461 3294 sermonem
1513 3240 1724 3296 furiose
1772 3243 2050 3299 irruerent
2086 3261 2177 3302 oc-

618 3325 895 3380 casionem
916 3328 1295 3396 praetendendi
1323 3337 1606 3400 utcunque
1628 3341 1684 3386 et
1710 3332 1935 3388 fallendi
1958 3322 2029 3389 et
2046 3352 2173 3405 pro-

620 3416 725 3483 prii
764 3416 931 3470 studii
963 3418 1262 3473 artiﬁcium
1286 3421 1612 3477 conﬁciendi
1647 3425 2084 3497 qualemcunque
2107 3427 2175 3483 de

622 3505 733 3558 Deo
756 3504 862 3560 sibi
881 3519 1197 3562 concessam
1225 3510 1497 3564 sermonis
1523 3512 1853 3580 positionem
1888 3515 2173 3571 facientes.

620 3595 798 3659 Quare
815 3610 995 3665 neque
1015 3609 1436 3668 corpus,.neque
1454 3599 1810 3658 immateriale
1831 3620 2051 3675 corpus,
2074 3624 2173 3663 ne-

623 3700 728 3753 que
755 3687 1100 3755 incorporale
1129 3688 1374 3754 omnino,
1399 3704 1581 3759 neque
1609 3692 1665 3744 in
1691 3685 1968 3761 universo,
1996 3713 2177 3766 neque

626 3775 679 3827 in
698 3777 804 3851 ulla
830 3778 1072 3831 universi
1098 3787 1275 3847 parte,
1295 3795 1475 3850 neque
1499 3796 1663 3849 supra
1686 3769 2023 3851 universum,
2046 3798 2179 3844 etut

621 3863 947 3931 simpliciter
964 3866 1166 3933 dicam,
1186 3868 1325 3923 nihil
1362 3872 1589 3925 omnino
1616 3880 1672 3925 et
1696 3873 1753 3926 in
1790 3875 1963 3929 nihilo
1988 3892 2179 3934 eorum

625 3970 747 4023 qua:
780 3957 1147 4028 qualicunque
1172 3960 1357 4025 modo,
1391 3970 1452 4016 ut
1481 3978 1677 4017 verum
1697 3969 1801 4028 esl,
1819 3964 2075 4020 videntur
2093 3972 2179 4025 vel

627 4046 1168 4115 comprehenduntur
1201 4052 1284 4107 vel
1336 4052 1601 4107 dicuntur
1624 4054 1708 4108 vel
1751 4054 2061 4125 cogitantur
2092 4061 2180 4115 vel

629 4138 779 4191 nosci
808 4144 1087 4206 utcunque
1107 4152 1355 4207 possunt,
1380 4144 1553 4198 Deum
1579 4160 1702 4200 esse
1728 4145 1912 4210 docet,
1941 4146 2010 4209 de
2031 4152 2181 4205 omni

630 4244 725 4283 eos
743 4228 1019 4295 opinione,
1034 4227 1131 4282 Dei
1152 4233 1387 4285 essentia
1406 4233 1537 4302 quid
1553 4236 1623 4290 sit
1644 4218 2035 4307 comprehendi
2056 4254 2183 4308 pos-

630 4336 709 4385 se,
737 4321 1085 4388 propulsans.
1124 4318 1334 4376 Deinde
1362 4322 1656 4381 instantius
1689 4342 1785 4383 eos
1812 4328 1879 4382 ad
1919 4328 2178 4398 pietatem
2217 4319 2223 4325 ’

634 4411 920 4480 instigans,
945 4421 999 4466 et
1020 4427 1086 4466 ex
1116 4410 1441 4466 inferiorum
1467 4423 1523 4467 et
1551 4416 1979 4487 incomparabile
2006 4435 2181 4489 quan-

2257 607 2453 658 ᾶτοπον
2498 604 2592 655 καὶ
2632 604 2908 660 ἀδύνατον.
2951 603 3027 657 Ob
3072 602 3180 674 γὰρ
3210 604 3276 656 ἐκ
3321 603 3429 657 τῶν
3463 597 3539 656 ὧν
3568 605 3673 657 οὐκ
3708 605 3821 658 εστι

2255 696 2362 748 τῶν
2398 695 2734 765 πραγμάτων
2769 697 2819 750 oi
2854 697 2969 767 ὅροι
3008 696 3345 763 συνάγονται,
3391 695 3507 748 ἀλλ’
3546 697 3612 749 ὲκ
3657 697 3766 749 τῶν
3785 697 3820 751 ἃ

2258 787 2425 847 ἔστιν,
2486 784 2820 859 ἐξαπλοῦντα
2860 785 2962 854 τὴν
3015 782 3275 853 σύντομον
3315 783 3423 836 τῶν
3480 789 3818 855 πραγμάτων

2258 874 2566 945 περίληψιν,
2618 875 2739 945 ἥτις
2787 868 3051 945 ὀνομασία
3103 872 3307 927 τούτων
3346 872 3605 943 ὑπάρχει.
3655 875 3819 927 Οὐδὲν

2256 966 2349 1023 οὖν
2401 971 2461 1023 τὸ
2513 968 2730 1022 σύνολον
2772 970 2881 1022 τῶν
2921 967 3049 1038 περὶ
3079 954 3301 1037 Θεοῦνῆ
3347 966 3475 1038 περὶ
3499 966 3630 1021 Θεὸν
3682 965 3819 1021 εἶναι

2256 1060 2562 1130 λεγομένων
2608 1058 2761 1111 οὐσία
2789 1054 2935 1111 εῖναι
2984 1057 3118 1111 Θεοῦ
3173 1055 3391 1110 πώποτε
3423 1055 3685 1117 δύναται,
3740 1057 3819 1108 ὅτι

2262 1130 2415 1221 μηδὲ,
2446 1150 2627 1222 θέσιν,
2685 1149 2854 1220 μόνην
2913 1149 3008 1203 καὶ
3064 1149 3209 1219 μόνῳ
3246 1146 3366 1219 Θεῷ
3432 1145 3816 1219 ἁρμόζουσαν,

2258 1244 2505 1313 ἄσχετον,
2558 1242 2651 1296 καὶ
2704 1241 2807 1311 τῆς
2853 1242 3083 1313 περίτι
3110 1228 3478 1303 ¹ἰτυιντὰιιτασιν
3539 1238 3819 1309 ἐνεργείας

2257 1333 2454 1397 ἄφετον
2500 1332 2633 1387 αὐτὸ
2661 1334 2836 1387 ἐκεῖνο
2880 1333 3115 1406 κατὰτὸ
3154 1333 3205 1383 τί
3230 1349 3361 1385 ποτε
3400 1327 3535 1385 εἶναι
3582 1332 3821 1401 ἐμφῆναι

2256 1420 2495 1478 δύναται.

2279 1695 2371 1746 Ἐκ
2397 1693 2501 1747 τοῦ
2543 1692 2729 1747 αὐτοῦ
2759 1693 2970 1761 λόγου,
2998 1690 3208 1759 εις-τὸν
3232 1710 3252 1744 ε
3272 1692 3367 1769 Ὡς
3390 1691 3500 1761 γὰρ
3526 1692 3641 1746 οὐκ
3661 1691 3831 1762 ἀρκεῖ

2336 1785 2400 1836 τὸ
2455 1781 2625 1850 σῶμα
2668 1783 2880 1848 ειπεῒν,
2920 1783 2963 1851 ᾖ
2994 1782 3061 1838 τὸ
3101 1783 3517 1853 Mam,
3566 1785 3724 1853 πρὸς
3764 1787 3826 1839 τὸ

2335 1872 2432 1925 καὶ
2464 1871 2592 1940 περὶ
2638 1870 2670 1924 ὃ
2713 1870 2899 1924 ταῦτα
2942 1870 3332 1939 παραστῆσαι
3374 1884 3453 1925 τεκ
3485 1874 3594 1927 και
3643 1868 3825 1942 δηλῶ.

2335 1979 2438 2016 σαι
2461 2003 2477 2026 ,
2519 1962 2695 2042 ρλλὰ
2743 1961 2839 2015 δεῖ
2881 1962 2979 2015 irai
3025 1962 3092 2015 τὸ
3140 1960 3539 2032 ὑποκείμενον
3600 1966 3821 2033 τούτοις

2336 2054 2547 2117 ειπεῖὸε,
2590 2057 2643 2108 ει
2683 2055 2898 2123 μέλλοι
2937 2054 3175 2119 τελείως
3214 2055 3313 2108 και
3339 2053 3732 2123 ἀποχρώντως
3760 2056 3819 2111 τὸ

2337 2146 2664 2213 νοούμενον
2713 2143 3211 2211 παραστήσασθαι
3233 2160 3246 2173 ·
3288 2143 3344 2212 ἦ
3385 2146 3495 2212 γὰρ
3522 2144 3819 2212 ὥνθρωπος

2341 2236 2379 2302 ἢ
2400 2235 2557 2300 ,βοῦς
2588 2236 2627 2303 ἢ
2665 2235 2849 2301 ἵππος
2873 2219 3049 2288 τοῦτο
3076 2234 3144 2287 τὸ
3182 2233 3255 2288 ἐν
3275 2234 3506 2304 σώματι
3541 2234 3648 2289 καὶ
3671 2238 3819 2304 φθει-

2331 2324 2608 2392 ρόμενον.
2652 2342 2671 2372 ι

2353 2411 2683 2506 Ἐπειδῆπερ
2730 2420 2876 2505 ἑώρα
2932 2435 3056 2499 τοὺς
3106 2435 3417 2505 αῐρετικοὺς
3466 2439 3497 2490 ό
3541 2436 3699 2504 ἅγιος
3734 2438 3818 2491 ἕνα

2275 2527 2433 2599 μόνον
2487 2528 2706 2597 ἔχοντας
2763 2527 2951 2598 (188
2996 2529 3051 2596 a)
3098 2526 3314 2595 ἀγῶνα,
3365 2529 3463 2597 τὴν
3511 2529 3812 2599 ὕπερούσιον

2272 2617 2483 2680 ἑαυτοῖς
2510 2618 2756 2687 ἀνοήτως
2795 2616 3256 2685 συγκαταϐάλλειν
3290 2615 3483 2684 φύσιν,
3539 2619 3634 2689 καὶ
3660 2636 3816 2687 τεχνι-

2274 2711 2397 2772 καϊς
2430 2708 2669 2778 μεθόδοις
2718 2708 3008 2780 περιληψει
3045 2708 3146 2777 τῆς
3190 2708 3311 2762 κατ’
3347 2709 3548 2771 αὐτοὺς
3584 2709 3820 2776 γνώσεως

2274 2801 2495 2868 κρατεῖν
2542 2798 2971 2870 ἐπιχειροῦντας,
3023 2800 3100 2863 ὡς
3143 2800 3333 2872 ᾤοντο,
3384 2800 3483 2871 τὴν
3526 2800 3818 2871 ἀκράτητον

2272 2891 2520 2961 δύναμιν,
2548 2892 2645 2944 καὶ
2675 2890 2824 2961 πάσῃ
2866 2892 2933 2960 τῇ
2971 2891 3146 2944 κτίσει
3176 2893 3320 2946 κατὰ
3362 2892 3421 2945 τὸ
3450 2888 3568 2945 ἴσον
3617 2890 3815 2963 ἀχὼρτ,⁴

2274 2997 2386 3047 τον,
2430 2982 2495 3034 δι’
2536 2982 2658 3036 ὅλου
2702 2980 2797 3034 τοῦ
2831 2974 2987 3051 λόγου
3025 2981 3125 3046 τὰς
3179 2983 3459 3053 περήσεις
3505 2999 3568 3035 τε
3606 2984 3707 3036 καὶ
3740 2985 3821 3046 τὰς

2276 3068 2576 3140 ἀποςράσεις
2604 3073 2975 3144 προύτίμησεν
3022 3074 3117 3129 επὶ
3151 3074 3295 3127 Θεοῦ
3328 3074 3525 3142 λέγειν,
3569 3074 3824 3144 μηδεμιᾶς

2279 3160 2555 3222 παντελῶς
2604 3161 2972 3230 ἀνασχόμενος
3019 3160 3221 3224 θέσεως
3258 3162 3290 3230 ἢ
3338 3163 3713 3230 καταφάσεως,
3743 3162 3821 3215 τνα

2284 3248 2358 3318 μὴ
2403 3248 2607 3317 ταύτης
2654 3248 2940 3317 λαϐόμενοι
2990 3248 3067 3312 ὡς
3117 3253 3348 3315 ἀναιδεῖς
3406 3254 3568 3315 κύνες
3600 3254 3820 3322 δήγματι

2279 3337 2404 3398 τοὺς
2455 3336 2692 3400 ἱοϐόλους
2732 3336 2950 3400 ὀδόντας
3003 3338 3248 3406 μανικῶς
3281 3338 3361 3406 τῷ
3398 3339 3548 3408 λόγῳ
3580 3340 3675 3408 τῆς
3701 3340 3824 3409 ἁλη-

2281 3427 2430 3490 θείας
2459 3410 2820 3498 ἐμϐάλλωσιν,
2841 3429 3094 3500 ἀφορμὴν
3136 3428 3229 3481 τοῦ
3266 3429 3517 3482 ὁπωσοῦν
3544 3431 3823 3498 προτείνειν

2282 3518 2377 3569 καὶ
2439 3517 2944 3587 παραλογίζεσθαι,
3001 3520 3097 3572 καὶ
3148 3519 3210 3572 τὸ
3269 3520 3471 3572 οἰκεῖον
3531 3521 3611 3582 εἰς
3666 3522 3824 3589 πέρας

2282 3609 2507 3675 ἀγαγεῖν
2544 3608 2836 3678 δυνηθῆναι
2868 3608 3211 3679 σπούδασμα,
3251 3609 3351 3679 τὴν
3382 3609 3666 3663 ὁποιανοῦν
3708 3611 3827 3679 περὶ

2282 3695 2414 3748 Θεοῦ
2455 3696 2699 3750 δοθεῖσαν
2740 3698 2927 3760 αὐτοῖς
2968 3697 3063 3749 τοῦ
3104 3696 3265 3765 λόγου
3311 3697 3463 3751 Θέσιν
3508 3697 3823 3767 ποιούμενοι.

2283 3788 2380 3838 Διὰ
2403 3785 2559 3838 τοῦτο
2586 3785 2709 3839 οὔτε
2754 3787 2934 3857 σῶμα,
2978 3786 3103 3840 οὕτε
3136 3788 3297 3842 ᾶῦλον
3338 3787 3511 3857 σῶμα,
3539 3788 3661 3841 οὔτε
3692 3788 3825 3842 ἐισώ-

2288 3893 2454 3946 ματον
2481 3874 2778 3940 παντελῶς,
2822 3877 2946 3930 οὔτε
2987 3878 3047 3929 ὲν
3084 3876 3163 3947 τῷ
3186 3878 3374 3942 παντὶ,
3390 3877 3511 3930 οὔτε
3537 3878 3593 3930 ἐν
3617 3895 3723 3931 τινι
3745 3878 3821 3930 τοῦ

2285 3966 2505 4029 παντὸς,
2538 3965 2661 4018 οὔτε
2689 3966 2827 4037 ὑπὲρ
2854 3966 2914 4019 τὸ
2964 3950 3097 4032 πᾶν,
3116 3969 3212 4020 καὶ
3238 3967 3425 4031 ἁπλῶς
3452 3971 3645 4031 εἰπεῖν,
3690 3970 3823 4021 οὐδὲν

2284 4060 2346 4111 τὸ
2380 4058 2770 4127 παράπανηκιιιλ⁵
2802 4058 2860 4111 ὲν
2901 4057 3077 4111 οὐδενὶ
3112 4057 3234 4112 καθ’
3278 4060 3592 4128 οἱανδήποτε
3622 4062 3815 4128 τρόπον.

2286 4146 2361 4209 ὠς
2416 4145 2561 4198 ἔστιν
2592 4144 2810 4213 ἀληθὲς,
2851 4144 2958 4198 τῶν
3000 4148 3292 4216 ὁρωμένων
3336 4145 3369 4216 ἢ
3420 4145 3815 4216 χωρουμίνωνῆ

2284 4235 2591 4304 λεγομένων
2640 4233 2674 4302 ἢ
2725 4235 3027 4303 νοουμένων
3072 4236 3107 4305 ἢ
3151 4230 3457 4305 γνωσθῆναι
3500 4235 3629 4289 καθ’
3668 4234 3822 4287 ὁτιοῦν

2285 4327 2617 4398 δυναμένων,
2694 4321 2833 4377 εἶναι
2896 4326 2989 4377 τὸν
3038 4325 3169 4405 Θεὸν
3225 4325 3610 4391 ἀποφαίνεται,
3664 4327 3824 4395 πάσης

2289 4419 2483 4481 αὐτοὺς
2509 4418 2605 4487 τῆς
2633 4416 2757 4485 περί
2781 4414 2914 4469 Θεοῦ
2954 4412 3360 4483 καταληπτικῆς
3376 4416 3519 4469 κατὰ
3547 4418 3609 4470 τὺ
3635 4418 3685 4469 τί
3705 4432 3821 4469 ποτε

632 4512 747 4556 tum
781 4516 811 4555 a
835 4500 948 4554 Deo
970 4501 1291 4559 distantium
1316 4502 1741 4573 investigatione
1788 4509 2093 4565 universale
2114 4510 2182 4565 de

2289 4503 2427 4559 εἶναι
2484 4506 2583 4577 τὴν
2644 4501 2827 4557 οὐσίαν
2889 4500 3095 4565 ἐννοίας
3154 4503 3569 4573 ἀπορραπιζων,
3618 4505 3821 4556 Ἔπειτα

632 4595 745 4649 Deo
766 4592 1064 4647 temerarie
1086 4608 1270 4663 neque
1314 4593 1580 4664 cogitare,
1602 4597 1805 4651 nedum
1848 4600 2065 4655 edicere
2086 4602 2184 4655 ulli

632 4686 714 4740 fas
734 4699 857 4740 esse
879 4695 1085 4737 conans
1113 4685 1473 4753 persuadere,
1502 4684 1619 4739 haec
1647 4685 1800 4740 dicit.
1837 4689 1905 4741 Et
1935 4691 2185 4758 profecto

633 4778 700 4832 ad
756 4774 1087 4831 stabilienda
1130 4790 1347 4844 quoque
1392 4792 1455 4831 ea
1512 4792 1636 4846 qua:
1690 4784 1883 4830 contra
1931 4796 2029 4834 eos
2071 4783 2184 4851 jam

633 4867 901 4941 pqivative
930 4874 987 4921 et
1006 4864 1269 4941 negative
1297 4866 1693 4936 disputaverat,
1720 4874 1781 4919 ut
1802 4866 1928 4941 inde
1948 4885 2188 4925 commo-
2220 4889 2222 4892 '

636 4955 858 5021 neifacti,
877 4956 1025 5027 quod
1050 4955 1216 5009 etiam
1250 4956 1569 5011 ultimorum
1617 4959 1681 5029 in,
1704 4957 1906 5014 creatis
1931 4970 2187 5014 accurata

635 5044 1077 5114 comprehensio‘_
1104 5042 1397 5097 rationalis
1446 5030 1661 5113 nostra!
1701 5048 1786 5102 vis
1867 5045 2188 5102 facultatem

637 5142 882 5205 superet,
908 5136 1081 5206 multo
1105 5136 1330 5206 majoris
1355 5136 1681 5195 temeritatis
1724 5148 1782 5193 et
1815 5137 2057 5193 audaciae
2089 5138 2190 5191 im-

636 5239 824 5299 petum
840 5239 1099 5283 coercere
1125 5234 1370 5298 possent,
1387 5235 1675 5299 postquam
1696 5229 1749 5282 in
1770 5230 1960 5298 parvis
1979 5235 2191 5299 naturae

638 5319 1015 5374 infirmitatem
1040 5328 1284 5373 nossent.
1326 5317 1544 5373 Etenim
1584 5318 1629 5370 si
1683 5319 1748 5371 de
1777 5320 1947 5388 figura
2006 5318 2189 5388 aliqua

639 5410 975 5481 inquirimus
1027 5409 1166 5479 tinge
1202 5410 1445 5473 homine,
1492 5406 1577 5461 vel
1618 5424 1782 5475 equo,
1811 5410 1896 5462 vel
1931 5410 2091 5474 bove,
2124 5409 2189 5462 ad

640 5503 803 5569 plene
845 5499 1425 5570 comprehendendum
1469 5498 1698 5569 figuram
1729 5486 1930 5568 corpus
1955 5572 1960 5578 1
1987 5501 2191 5554 dixisse

642 5591 786 5648 haud
813 5592 1032 5656 suﬂicit,
1074 5592 1158 5665 vel
1182 5592 1494 5663 generabile
1525 5587 1688 5643 modo
1732 5601 1826 5643 aut
1886 5592 2184 5657 interibile,

2289 4594 2805 4664 δυσωπητικὼτερον
2859 4591 3054 4654 αὐτοὺς
3106 4592 3313 4660 ὲνάγων
3367 4593 3505 4664 πρὸς
3545 4593 3818 4657 εὐσέϐειαν,

2291 4687 2383 4739 καὶ
2412 4688 2473 4738 ὲκ
2495 4687 2593 4754 τῆς
2633 4686 2759 4755 περὶ
2784 4684 2851 4737 τὰ
2885 4682 3110 4751 δεύτερα
3136 4684 3232 4738 καὶ
3262 4685 3479 4754 μακρὰν
3502 4686 3823 4755 ἀσυγκρίτως

2291 4779 2398 4831 ἀπὸ
2443 4774 2576 4829 Θεοῦ
2624 4777 2847 4849 ἐρεύνης
2891 4775 2953 4826 τὸ
2988 4775 3217 4828 καθόλου
3246 4778 3375 4847 περὶ
3400 4775 3538 4830 Θεοῦ
3566 4775 3821 4847 τολμηρῶς

2296 4870 2426 4939 μηδὲ
2482 4843 2702 4931 ἐννοεῖν,
2761 4843 2953 4938 μίητιγε
3010 4863 3209 4931 λέγειν,
3267 4843 3407 4920 εἶναί
3464 4870 3574 4921 τινι

2291 4960 2457 5023 δεῖξαι
2515 4958 2852 5030 βουλόμενος,
2901 4954 3073 5007 ταῦτά
3119 4972 3272 5027 φησι.
3312 4956 3421 5010 Καὶ
3463 4955 3573 5029 μὴν
3601 4958 3688 5012 καὶ
3709 4953 3821 5022 πρὸς

2297 5051 2551 5103 σύστασιν
2596 5050 2701 5103 τῶν
2749 5050 2864 5117 ἥδη
2897 5044 3030 5114 πρὸς
3054 5033 3271 5109 αὐτοὺς
3312 5046 3456 5101 κατὰ
3487 5046 3733 5118 στέρησιν
3771 5056 3820 5093 τε

2296 5140 2386 5191 καὶ
2417 5125 2711 5206 ἀπόφασιν·
2741 5133 3042 5208 εἰρημένων
3064 5175 3077 5197 ,
3123 5128 3271 5188 ὥστε
3304 5137 3506 5201 αὐτοὺς
3550 5133 3820 5191 συνειδότας

2296 5228 2561 5292 ὲντεῦοεν,
2591 5229 2667 5291 ὡς
2708 5228 2802 5281 καὶ
2829 5229 2863 5296 η
2893 5224 3002 5276 τῶν
3045 5224 3285 5293 ἐσχάτων
3312 5226 3371 5279 εν
3400 5231 3512 5290 τοῖς
3555 5216 3816 5295 militum?

2297 5320 2524 5391 ἀκριϐὴς
2544 5321 2843 5391 κατάληψις
2873 5316 2972 5385 τῆς
2998 5316 3118 5369 καθ’
3163 5317 3308 5386 ἡμᾶς
3329 5317 3554 5387 λογικῆς
3579 5314 3818 5384 ἐνεργείας

2302 5408 2485 5479 (188
2540 5414 2589 5479 b)
2632 5408 2946 5480 ὑπερϐαίνει
2994 5405 3092 5476 τὴν
3149 5405 3413 5474 δύναμιν,
3460 5408 3560 5476 τῆς
3605 5406 3722 5474 περὶ
3762 5398 3813 5449 τὰ

2300 5498 2476 5567 πολλῷ
2521 5500 2689 5567 μείζω
2719 5500 3053 5570 Θρασύτητος
3098 5496 3193 5565 τὴν
3237 5496 3519 5563 ἀλόγιστον
3561 5492 3809 5563 δι.ον¹τιθῆνω

2299 5589 2468 5663 φορὰν
2500 5592 2760 5662 ἐπισχεῖν,
2806 5593 2864 5646 ὲν
2910 5591 3019 5653 τοῖς
3064 5589 3276 5659 μικροῖς
3322 5574 3384 5639 τδ
3411 5587 3623 5650 ἀσθενὲς
3648 5578 3814 5654 μού*-

713 5736 791 5812 (01
817 5722 964 5809 idem
999 5748 1122 5835 ibid.
1156 5762 1271 5815 cap.
1298 5748 1350 5809 9,
1381 5763 1432 5814 p.
1460 5746 1582 5803 502.
1622 5750 1750 5795 tom.
1786 5742 1826 5794 l.
1858 5741 1991 5811 Opp.
2038 5745 2126 5797 ed.
2156 5743 2359 5798 Bened.

3680 404 3818 468 mi
3930 364 3931 373 Ν
