3986 6346
712 482 863 545 ῗὶΞΞἹ

1891 476 1954 534 S.
1997 471 2283 532 ΜΛΧΗᾸΙ
2321 470 2831 529 ΕῡῖἱίεἘδὸϋίὶίδ

3846 468 3960 534 ῙΞΞ

701 591 820 659 pel
850 604 1037 644 rerum
1082 589 1281 643 rationi
1330 589 1596 643 insultare
1628 580 1942 658 petulanter
1990 585 2174 646 solita,
2228 596 2293 635 ac

2403 581 2702 644 isﬁévemv,
2730 581 2823 633 καὶ
2856 582 2980 650 σιγῇ
3016 578 3137 650 σεϐέ
3148 580 3258 633 σθω
3304 579 3465 649 μόνον
3491 579 3595 650 τὴν
3623 582 3883 651 ἄῤῥητόν
3910 600 3958 634 τε

724 682 810 735 vel
832 683 886 733 in
928 681 1113 750 parvis
1142 681 1421 750 propriam
1455 678 1861 733 animadvertat
1884 673 2289 732 infirmitatem,

723 783 780 826 et
808 774 972 827 tacite
1004 782 1325 827 revereatur
1352 772 1690 826 ineffabilem
1730 771 1909 824 solum
1944 768 2205 836 omnique
2235 774 2293 820 et

726 863 1063 935 cogitatione
1084 871 1140 916 et
1163 863 1477 931 cognitione
1510 861 1852 931 superiorem
1877 858 2078 912 divina:
2092 872 2294 933 'essen-

730 958 817 1007 tia:
854 954 1166 1007 veritatem.
1203 953 1315 1020 Nec
1364 951 1482 1021 ipsa
1544 950 1716 1014 enim,
1779 958 1839 1003 ut
1890 942 2054 1001 antea
2101 945 2292 1009 docuit

724 1053 982 1107 sanctus,
1033 1062 1051 1095 ι
1075 1045 1347 1097 Accurata
1367 1043 1451 1097 vel
1479 1043 1763 1112 paululum
1800 1039 2133 1094 conditionis
2170 1054 2296 1106 per-

726 1133 910 1201 ceptio
938 1152 955 1183 ι
997 1132 1302 1186 secundum
1330 1147 1520 1185 veram
1556 1132 1825 1185 rationem
1870 1146 1900 1184 a
1944 1139 2132 1182 nostra
2196 1142 2292 1181 co-

725 1224 974 1295 gnitione
1002 1222 1633 1291 comprehenditur,'ut
1674 1236 1774 1291 ego
1823 1234 2045 1288 quoque
2096 1217 2294 1287 paulu-

723 1314 837 1367 lum
876 1327 1131 1367 sermone
1180 1313 1527 1379 immorarer,
1569 1320 1733 1380 atque
1764 1324 2038 1368 summam
2080 1317 2137 1360 et
2183 1321 2295 1359 non

722 1405 1105 1475 restigabilcm
1132 1405 1463 1479 sapientiam
1486 1402 1785 1457 admirarer
1805 1442 1818 1457 .
1836 1400 1974 1467 Quis
2000 1399 2145 1453 enim
2193 1398 2295 1451 ho-

726 1496 937 1550 minum
966 1495 1321 1563 quantumvis
1342 1494 1693 1548 eruditorum
1730 1491 2098 1547 rationalibus
2121 1489 2297 1542 fretus

730 1586 1115 1641 instrumentis
1143 1594 1201 1638 et
1227 1584 1576 1639 documentis
1598 1598 1719 1653 quae
1746 1597 1855 1636 non
1882 1590 2013 1635 sunt
2058 1577 2299 1633 confisus

726 1693 917 1732 eorum
975 1690 1097 1744 qua:
1152 1684 1283 1729 sunt
1338 1676 1677 1744 maiestatem
1737 1671 1956 1728 ratione
2006 1684 2298 1739 aggressus

727 1758 1081 1833 cognoscere,
1104 1778 1367 1817 enarrare
1389 1772 1554 1832 atque
1603 1762 1839 1833 probare
1871 1761 2118 1832 poterit?
2140 1760 2299 1825 Quaa-
2324 1798 2327 1801 ‹

732 1871 854 1908 nam
874 1853 1087 1908 suntde
1109 1854 1429 1907 exsistentia
1450 1854 1649 1922 cuique
1665 1868 1856 1907 eorum
1881 1867 2002 1922 qua:
2024 1851 2298 1905 exsistunt

2394 674 2488 723 καὶ
2515 670 2657 739 ὑπὲρ
2683 671 2872 739 νόησιν
2920 672 3015 723 καὶ.
3055 671 3235 741 πάσης
3274 672 3535 725 ἐπέκεινα
3575 672 3853 742 γνώσεως
3883 675 3961 742 τῆς

2394 760 2545 823 θείας
2570 760 2759 822 οὐσίας
2796 760 3080 830 ὀντὸτητα.
3108 778 3129 811 ι
3174 749 3323 814 0θόδέ
3349 760 3492 831 αὑτὴ
3538 760 3653 830 γὰρ
3701 762 3863 813 κατὰ
3888 780 3958 830 μι-

2394 850 2551 920 κρὸν,
2584 851 2659 912 ὡς
2697 848 2987 921 προλαϐὼν
3011 848 3250 913 ἐδίδαξεν
3271 851 3300 901 6
3326 849 3504 917 ἅγιος,
3545 851 3579 919 ἡ
3604 850 3714 918 τῆς
3746 851 3961 911 κτίσεως

2396 941 2630 1011 ἀκριϐὴς
2653 943 2983 1012 κατανόησις
3004 930 3080 1012 (Ι)
3115 961 3135 993 ι
3171 942 3314 996 κατὰ
3341 942 3433 995 τὸν
3462 943 3640 1012 ἁληθῆ
3676 944 3853 1010 λόγον
3880 946 3961 995 6:73

2394 1034 2494 1103 τῆς
2513 1033 2681 1103 ἡμῶν
2721 1034 3039 1103 περιέχεται
3069 1031 3347 1100 γνώσεως,
3372 1032 3459 1085 ἵνα
3489 1032 3683 1103 κάγὼ(
3717 1035 3891 1104 189
3915 1036 3954 1091 ὑὶ

2399 1124 2595 1194 μικρόν
2646 1140 2697 1176 τι
2733 1122 3139 1192 προσδιατριψω
3176 1121 3256 1191 τῷ
3304 1121 3469 1191 λόγῳ,
3522 1123 3619 1175 καὶ
3665 1125 3783 1190 τῆς
3844 1123 3960 1187 ὑπὲρ

2396 1216 2575 1269 πάντα
2610 1214 2806 1281 σοφίας
2836 1214 3108 1281 θαυμάσω
3136 1214 3199 1266 τὸ
3244 1213 3669 1284 ἀνεξιχνίαστον.
3716 1213 3828 1275 Τίς
3877 1213 3961 1277 γὰρ

2395 1308 2506 1360 τῶν
2540 1306 2682 1373 ἄγαν
2702 1305 2884 1373 σοφῶν
2912 1307 3031 1367 ταῖς
3060 1304 3307 1371 λογικαῖς
3332 1304 3602 1356 πιστεύων
3632 1304 3863 1371 ἐφόδοις
3890 1304 3961 1354 καὶ

2396 1398 2517 1458 ταῖς
2546 1392 2646 1447 οὐκ
2676 1393 2866 1456 οὔσαις
2899 1383 3117 1463 θαρρὦ
3162 1394 3472 1460 ἀποδείξεσι
3513 1394 3654 1462 μετὰ
3682 1393 3862 1460 λόγου
3886 1394 3961 1461 τὴν

2398 1486 2507 1538 τῶν
2537 1484 2708 1561 ὄντων
2736 1482 2984 1538 ἐπελθὼν
3016 1484 3725 1553 μεγαλειότηταηδυνήσεται
3753 1483 3961 1551 γνῶναι,

2398 1577 2572 1629 εἰπεῖν
2619 1589 2682 1631 τι
2720 1576 2817 1634 καὶ
2853 1577 3253 1645 παραστῆσαι;
3307 1575 3467 1636 Τίνες
3510 1576 3559 1626 ot
3607 1575 3848 1644 ἑκάστῳ
3879 1574 3962 1626 τῶν

2358 1672 2364 1678 ’
2397 1666 2570 1719 ὄντων
2604 1669 2671 1738 τῇ
2701 1665 2937 1738 ὑπάρξει
2969 1664 3209 1735 πρώτως
3246 1664 3769 1732 ἐγκαταόληθέντες
3820 1666 3961 1732 λόγοι,

2398 1757 2524 1811 καθ’
2552 1755 2648 1821 οὓς
2674 1757 2915 1812 καὶ-εστι
2944 1759 3037 1812 καὶ
3086 1759 3298 1826 πέφυκε
3349 1756 3459 1809 τῶν
3499 1757 3668 1809 ὄντων
3723 1755 3959 1810 ἕκαστον.

2401 1851 2495 1902 καὶ
2520 1849 2945 1917 εἰδοπεποίηται,
2980 1849 3076 1901 καὶ
3111 1848 3530 1917 ἐσχημάτισται,
3571 1849 3671 1902 καὶ
3707 1848 3960 1901 συντέθει-

728 1942 797 1995 ab
832 1942 992 1994 initio
1017 1942 1237 1995 insertae
1272 1941 1517 1995 rationes
1545 1918 1710 2010 atque
1734 1918 2050 2010 implicatae,
2100 1954 2298 1992 secun-

2403 1958 2510 2001 ται,
2552 1941 2648 1993 καὶ
2687 1940 2937 2001 δύναται,
2971 1937 3067 1991 καὶ
3114 1939 3349 2007 ἐνεργεῖ,
3385 1940 3480 1992 καὶ
3502 1940 3734 2009 πάσχει,
3774 1940 3863 1991 ἵνα
3906 1938 3961 2006 μή

730 2032 858 2087 dum
893 2046 1030 2101 quas
1069 2032 1500 2101 unumquodque
1532 2040 1588 2086 et
1624 2041 1710 2086 est
1734 2041 1793 2085 et
1821 2039 2076 2083 naturam
2110 2029 2294 2093 habet,

727 2134 786 2179 et
814 2122 1045 2178 formam
1069 2131 1126 2176 et
1150 2122 1397 2191 speciem
1425 2130 1651 2176 nactum
1709 2128 1813 2183 est,
1844 2128 1901 2174 et
1932 2121 2297 2188 compositum

730 2222 834 2277 est,
871 2222 927 2267 et
960 2214 1124 2276 valet,
1143 2220 1200 2266 et
1230 2213 1361 2282 agit,
1394 2221 1452 2265 et
1478 2212 1709 2282 patitur,
1763 2225 1833 2264 ne
1863 2223 2299 2264 commemorem

736 2303 1073 2372 quantitatis.
1105 2310 1177 2355 et
1206 2302 1490 2371 qualitatis
1536 2312 1593 2355 et
1651 2300 1960 2367 affectionis
1993 2310 2051 2354 et
2086 2300 2191 2353 loci
2242 2309 2300 2354 et

731 2392 999 2461 temporis
1028 2400 1083 2445 et
1111 2390 1407 2460 positionis
1436 2399 1492 2444 et
1536 2390 1799 2444 motionis
1828 2398 1884 2442 et
1916 2389 2141 2442 habitus
2191 2387 2301 2441 dif-

734 2481 1028 2535 ferentiam
1054 2496 1119 2534 ac
1148 2480 1563 2549 preprietatem,
1595 2479 1664 2533 ad
1704 2494 1826 2548 quae
1854 2486 1910 2532 et
1938 2487 2123 2533 nostra
2152 2476 2302 2531 laute

732 2581 897 2641 atque
922 2569 1210 2640 magniﬁce
1235 2570 1521 2625 rationalis
1550 2569 1783 2624 facultas
1811 2586 1879 2624 ex
1911 2569 2033 2638 pari
2064 2568 2301 2622 numero

734 2662 1066 2716 diffunditur
1094 2662 1151 2714 in
1213 2669 1475 2726 mentem,
1506 2670 1563 2715 et
1591 2660 2003 2731 cogitationem,
2033 2668 2089 2713 et
2142 2660 2303 2713 intel-

730 2752 964 2813 lectum,
1026 2760 1083 2803 et
1111 2750 1465 2812 sententiam,
1504 2760 1561 2804 et
1609 2750 2033 2819 rcputationem,
2074 2757 2130 2803 et
2182 2766 2302 2803 ser-

737 2858 951 2896 monem
984 2842 1039 2895 in
1077 2849 1260 2895 mente
1303 2850 1652 2911 conceptum,
1704 2840 1869 2910 inque
1927 2841 2201 2909 prolatum
2247 2846 2303 2893 et

736 2941 1022 2987 sonantem
1051 2947 1384 2996 sermonem,
1418 2933 1523 2985 hoc
1547 2941 1633 2987 est
1662 2947 1851 2987 vocem
1896 2938 1952 2985 et
1983 2932 2298 2994 clamorem,

734 3031 790 3076 et
823 3038 1011 3077 rursus
1042 3022 1405 3092 recolligitur,
1446 3031 1507 3075 ut
1538 3023 1593 3076 in
1624 3032 1831 3091 quanto
1861 3029 1919 3077 et
1954 3022 2102 3090 quali
2133 3029 2187 3074 et
2217 3037 2302 3074 re-

736 3112 923 3180 liquis,
967 3112 1430 3180 quemadmodum
1464 3113 1868 3172 reecnsuimus,
1902 3111 2064 3183 hujus
2092 3111 2299 3179 absque

736 3219 800 3258 ea
830 3217 991 3270 quam
1024 3201 1277 3256 doctrina
1308 3212 1362 3255 et
1392 3218 1480 3255 ars
1502 3202 1657 3255 novit
1702 3202 1863 3270 hujus
1903 3200 2216 3257 did‘crentia
2245 3208 2302 3253 et

732 3292 1107 3363 preprietatc?
1128 3291 1262 3357 Quis
1276 3300 1359 3346 est
1390 3292 1485 3360 qui
1509 3292 1655 3344 norit
1676 3307 1869 3345 eorum
1888 3306 2009 3359 quae
2033 3290 2304 3345 exsistunt

740 3383 982 3436 rationes
1016 3390 1077 3435 ut
1123 3383 1293 3435 etiam
1328 3383 1620 3445 exsistunt,
1675 3378 2137 3449 quemadmodum
2168 3380 2301 3445 dixi,

735 3480 793 3525 et
821 3471 1125 3533 distant,et
1160 3471 1499 3524 immobilem
1532 3471 1601 3523 de
1633 3481 1829 3524 natura
1859 3480 2065 3525 statum
2098 3471 2303 3526 habent

738 3569 797 3616 et
833 3562 1132 3614 motionem
1166 3560 1401 3615 invicem
1426 3576 1546 3614 sese
1587 3577 1697 3614 non
1745 3563 2050 3624 turbantes,
2086 3563 2215 3616 dum
2248 3564 2303 3618 in

742 3656 983 3707 motione
1000 3662 1224 3717 statum,
1253 3655 1309 3707 ei
1333 3654 1387 3707 in
1418 3662 1598 3717 statu,
1618 3655 1763 3723 quod
1802 3655 2036 3708 maxime
2064 3655 2301 3718 mireris,

740 3747 1043 3800 motionem
1073 3745 1310 3797 habent?
1338 3745 1612 3812 quodnam
1635 3745 2038 3799 contrariorum
2083 3746 2225 3799 inter
2247 3762 2305 3799 se

741 3819 801 3889 in
831 3836 995 3888 unius
1029 3834 1219 3888 mundi
1264 3836 1711 3917 constitutionem
1768 3837 1839 3888 sit
1899 3837 2199 3899 vinculum,
2252 3844 2308 3890 et

742 3926 980 3983 ordinati
1021 3933 1076 3979 et
1133 3923 1403 3979 inconfusi
1464 3933 1647 3980 motus
1699 3934 1753 3980 et
1812 3924 2306 3981 administrationis
2350 3920 2353 3923 “

744 4016 941 4071 modus
962 4016 984 4068 ’ἶ
1009 4016 1104 4083 qui
1137 4032 1350 4069 rursum
1378 4016 1431 4067 in
1472 4017 1798 4083 corporibus
1851 4016 2056 4069 nostris
2086 4026 2303 4070 contra-

743 4108 953 4162 riorum
980 4106 1283 4161 secundum
1316 4106 1729 4175 permistwnem
1760 4107 2084 4173 compositio
2141 4109 2213 4159 sit
2241 4122 2307 4159 ac

745 4212 939 4258 nexus,
970 4212 1079 4263 quo
1110 4211 1233 4263 qua:
1277 4195 1604 4248 naturaliter
1659 4194 1867 4249 distant
1926 4195 1983 4248 in
2039 4195 2307 4249 familiare

742 4285 1166 4342 contubernium
1191 4295 1484 4354 coguntur,
1519 4274 1744 4352 quique
1779 4285 2069 4339 medietate
2122 4294 2307 4339 extre-

743 4376 995 4428 mitatum
1020 4374 1401 4428 austeritatem
1428 4374 1660 4444 mitigat,
1694 4389 1899 4443 perque
1959 4389 2017 4427 se
2068 4374 2306 4428 invicem

744 4477 926 4517 meare
956 4462 1074 4517 sine
1105 4476 1245 4515 noxa
1276 4463 1519 4523 instruit,
1567 4470 1624 4515 et
1676 4463 1816 4516 hanc
1870 4459 2306 4531 compositorum

2402 2031 2545 2098 λέγω
2574 2030 2674 2100 τὴν
2704 2032 2763 2083 ἐν
2792 2027 2871 2099 τῷ
2903 2027 3057 2098 ποσῷ
3081 2046 3141 2081 τε
3169 2029 3260 2081 καὶ
3299 2028 3377 2097 τῷ
3428 2028 3587 2098 ποιῷ,
3613 2029 3717 2082 καὶ
3751 2031 3828 2098 τῇ
3864 2030 3962 2095 σχέ-

2405 2138 2507 2185 σει,
2541 2122 2636 2173 καὶ
2679 2119 2759 2190 τῷ
2802 2119 2976 2190 τόπῳ,
3006 2119 3101 2173 καὶ
3129 2118 3208 2189 τῷ
3236 2119 3436 2189 χρόνῳ,
3477 2120 3577 2172 καὶ
3598 2121 3668 2188 τῇ
3706 2118 3882 2182 θέσει,
3913 2123 3958 2185 τῇ

2403 2228 2462 2264 τε
2492 2212 2703 2278 κινήσει
2728 2212 2822 2264 καὶ
2850 2211 2980 2277 ἔξει,
3025 2211 3289 2281 διαφορὰν
3315 2212 3412 2264 καὶ
3466 2212 3740 2281 ἰδιότητα,
3790 2213 3913 2281 προς
3936 2210 3960 2263 6

2405 2304 2555 2371 καὶὴ
2588 2302 2718 2355 καθ’
2762 2305 2911 2372 ἡμᾶς
2956 2301 3317 2372 μεγαλοφυῶς
3372 2302 3564 2371 λογικὴ
3619 2303 3871 2370 πέφυκεν
3902 2305 3960 2355 la-

2411 2393 2662 2462 αρίθμως
2696 2393 3061 2446 πλατύνεσθαι
3092 2392 3323 2463 δύναμις
3366 2396 3447 2456 είς
3490 2393 3757 2457 νούν,καὶ
3786 2394 3956 2463 νόησιν,

2408 2487 2503 2537 καὶ
2554 2484 2781 2548 ἔννοιαν,
2836 2484 2933 2536 καὶ
2979 2484 3240 2547 διάνοιαν,
3297 2484 3394 2537 καὶ
3434 2482 3711 2546 σύννοιαν,
3764 2484 3858 2537 καὶ
3892 2485 3959 2535 τὸν

2408 2575 2715 2627 ἐνδιάθετον
2754 2574 2935 2642 λόγον,
2958 2575 3080 2627 ᾼτόν
3131 2591 3193 2627 τε
3240 2573 3380 2627 κατὰ
3436 2573 3726 2643 προφορὰν
3761 2574 3857 2629 καὶ
3891 2574 3959 2627 τόν

2408 2666 2709 2735 γεγωνότα,
2733 2666 2983 2719 τουτέστι
3012 2665 3198 2735 φωνὴν
3236 2665 3331 2718 καὶ
3373 2664 3645 2735 κραυγήν,
3684 2665 3793 2718 καὶ
3834 2662 3959 2727 αὖθις

2410 2754 2762 2821 συνάγεσθαι,
2810 2754 2979 2823 χωρξ
3005 2754 3105 2824 τῆς
3138 2754 3259 2806 κατ’
3284 2754 3602 2823 ἐπιστήμην
3632 2754 3738 2807 καὶ
3774 2755 3956 2823 τέχνην,

2409 2843 2602 2912 ὥσπερ
2630 2844 2688 2895 ἐν
2717 2842 2866 2912 ποσῷ
2899 2858 2957 2894 τε
2982 2844 3076 2894 καὶ
3101 2842 3242 2909 ποιῷ
3270 2840 3363 2894 καὶ
3389 2843 3503 2904 τοῖς
3537 2841 3787 2907 λοιποῖς,
3810 2841 3958 2901 καθὼς

2407 2932 2805 3004 ἀπηρίθμηται,
2836 2931 3026 3008 τούτου
3055 2930 3321 3001 διαφορᾶς
3347 2946 3408 2982 τε
3430 2929 3523 2984 καὶ
3550 2930 3852 3001 ίδιότητοςς
3885 2930 3956 2987 Τίς

2407 3026 2435 3078 6
2460 3023 2746 3093 γινώσκων
2765 3022 2894 3085 τοὺς
2923 3022 3116 3089 λόγους
3139 3022 3249 3075 τῶν
3277 3022 3446 3074 ὄντων
3475 3020 3662 3085 καθὼς
3691 3023 3801 3075 καὶ
3826 3020 3952 3081 εἰσιν,

2407 3117 2482 3179 ὡς
2519 3112 2693 3179 εἷπον,
2726 3117 2820 3168 καὶ
2850 3115 3190 3183 διαφέρουσι,
3242 3115 3337 3165 καὶ
3384 3114 3575 3166 στάσιν
3608 3113 3838 3182 ἔχουσιν
3863 3112 3957 3163 ἀπί-

2409 3222 2568 3273 νητον
2616 3206 2715 3275 τὴν
2772 3203 2913 3255 κατὰ
2963 3204 3128 3271 φύσιν
3164 3202 3257 3253 καὶ
3296 3201 3433 3271 πρὸς
3473 3201 3681 3271 ἄλληλα
3719 3202 3957 3273 μηδαμῶς

2409 3292 2849 3365 μεταπίπτουσαν
2888 3293 3121 3362 κίνησιν,
3180 3293 3239 3344 ἐν
3276 3294 3342 3361 τῇ
3382 3293 3596 3362 κινήσει
3625 3292 3731 3362 τὴν
3770 3295 3957 3351 erasis.

2403 3386 2498 3440 καὶ
2538 3387 2597 3438 ἐν
2648 3387 2715 3455 τῇ
2771 3384 2957 3436 στάσει
3009 3383 3071 3435 τὸ
3125 3381 3557 3451 παραδοξότατον
3608 3383 3710 3452 τὴν
3774 3385 3958 3451 κίνησιν

2404 3473 2627 3542 εχοντα;
2680 3472 2766 3534 τίς
2824 3471 2961 3541 πρὸς
2992 3470 3219 3539 ’ἄλληλα
3269 3470 3379 3521 τῶν
3427 3470 3685 3522 ἐναντίων
3739 3474 3821 3533 εἰς
3866 3470 3959 3529 ἐνὸς

2405 3563 2610 3633 κόσμου
2647 3563 2909 3616 σύστασιν
2951 3563 2980 3614 6
3010 3561 3231 3632 δεσμὸς,
3265 3563 3481 3631 καὶτῆς
3507 3563 3783 3616 εὐτάκτου
3809 3580 3864 3614 τε
3888 3563 3959 3613 καὶ

2405 3654 2645 3723 ἁφύρτου
2676 3653 2946 3723 κινήσεώς
2978 3670 3037 3706 τε
3064 3655 3162 3705 καὶ
3193 3653 3511 3722 διοικήσεως
3557 3653 3586 3703 6
3614 3653 3849 3721 τρόπος
3896 3651 3959 3710 τίς

2405 3744 2566 3796 πάλιν
2590 3743 2697 3795 τῶν
2728 3743 2848 3800 καθ’
2878 3745 3024 3812 ἡμᾶς
3056 3745 3327 3812 σωμάτων
3350 3744 3384 3813 ἡ
3411 3743 3522 3799 τῶν
3545 3742 3816 3796 ἐναντίων
3843 3740 3957 3793 κοτὲ

2406 3836 2505 3906 τὴν
2543 3837 2741 3905 κρᾶσιν
2773 3834 2861 3887 διὰ
2896 3835 3199 3899 συνθέσεως
3230 3836 3538 3908 συμπλοκὴ,
3589 3838 3662 3890 τὰ
3716 3835 3955 3889 διεστῶτε

2406 3925 2546 3978 κατὰ
2587 3924 2684 3994 τὴν
2736 3908 2897 3992 φύσιν
2947 3926 3028 3986 είς
3082 3924 3304 3996 φιλικὴν
3367 3926 3651 3977 συνοικίαν
3710 3927 3951 3991 ἐνάγουσι

2407 4016 2593 4085 (190
2628 4014 2693 4082 a)
2726 4015 2819 4066 καὶ
2847 4016 2913 4083 τῇ
2953 4013 3208 4082 μεσότητι
3234 4014 3294 4067 τὸ
3318 4016 3378 4066 ἐν
3416 4017 3528 4077 τοῖς
3552 4014 3756 4086 ἄκροις
3782 4018 3955 4081 αὖα-τη-

2411 4108 2500 4175 ρὸν
2525 4104 2942 4167 τιθασσεύουσα,
2983 4103 3080 4155 καὶ
3117 4107 3316 4173 χωρεῖν
3366 4105 3435 4157 δι’
3462 4106 3714 4175 ἀλλήλων
3740 4107 3951 4175 ἀλυμάνο

2358 4221 2366 4229 -
2407 4211 2515 4255 τως
2569 4193 3066 4262 παρασκευάζουσα
3123 4195 3217 4248 καὶ
3266 4194 3469 4265 ταύτην
3521 4199 3824 4268 ποιουμένη
3866 4195 3954 4246 τῶν

2410 4282 2679 4335 συνθέτων
2722 4285 3069 4353 συντήρησιν,
3122 4288 3223 4354 τὴν
3274 4287 3382 4338 τῶν
3444 4289 3634 4355 ἄκρων
3681 4288 3827 4339 κατὰ
3874 4287 3953 4354 τὴν

2410 4372 2608 4440 κρᾶσιν
2642 4373 2721 4433 είς
2774 4371 2980 4442 ἄλληλα
3033 4373 3426 4446 περιχὼρησιν,
3467 4376 3563 4427 καὶ
3596 4374 3713 4436 πῶς
3752 4376 3953 4428 ἕκαστον

2407 4462 2612 4515 τούτων
2642 4463 2780 4527 ἐστὶ,
2805 4466 2900 4515 καὶ
2931 4465 2981 4517 τί
3010 4467 3149 4530 ἐστι,
3191 4462 3286 4517 καὶ
3338 4464 3440 4517 ποῦ
3471 4465 3639 4532 φέρον
3668 4466 3701 4534 ἦ
3742 4467 3949 4534 φερόμε-

744 4552 1101 4609 stabilitatem
1174 4552 1432 4615 instituit,
1509 4553 1912 4607 extre‘mitatum
2000 4553 2303 4607 secundum

2409 4541 2497 4604 νον
2524 4551 2615 4604 καὶ
2657 4553 2748 4604 ἐπὶ
2803 4553 2908 4606 τίνι
2961 4556 3251 4623 γεγένηται
3293 4554 3327 4623 ἢ
3365 4544 3525 4622 φέρει
3568 4554 3599 4623 ἢ
3644 4552 3949 4624 φέρεται,σῦ

744 4643 1053 4697 mistionem
1082 4642 1137 4694 in
1156 4656 1213 4693 se
1247 4640 1479 4694 invicem
1500 4643 1937 4712 congressionem
1952 4658 2016 4697 ac
2048 4642 2308 4709 reditum,

743 4741 801 4786 et
829 4730 1116 4800 quomodo
1139 4730 1337 4783 horum
1368 4731 1799 4800 unumquodque
1839 4732 1928 4795 sit,
1961 4742 2016 4786 ct
2044 4733 2179 4801 quid
2212 4734 2307 4797 sit,

742 4826 801 4873 et
829 4834 939 4887 quo
968 4819 1149 4871 ferens
1180 4828 1275 4871 aut
1304 4819 1473 4871 latum
1504 4826 1562 4871 et
1605 4818 1672 4872 ad
1711 4819 1841 4887 quid
1878 4821 2180 4887 perveniat,
2221 4822 2309 4873 vel

670 4894 673 4897 ἢ
750 4908 892 4962 ferat
925 4908 1009 4961 vel
1039 4907 1266 4972 feratur,
1301 4924 1411 4961 non
1440 4909 1702 4973 solum,ut
1728 4908 1936 4963 dictmn
1968 4918 2070 4975 est,
2106 4909 2309 4977 quibus

744 4999 1071 5066 aprincipio
1128 4998 1241 5053 haec
1284 4999 1556 5053 exsistunt
1607 5001 1938 5064 rationibus,
2005 5002 2099 5055 sed
2144 5002 2306 5055 etiam

744 5088 946 5155 quibus
972 5087 1040 5139 ad
1073 5103 1129 5141 se
1167 5090 1283 5156 ipsa
1341 5098 1397 5142 et
1430 5090 1659 5144 invicem
1723 5091 1956 5145 infinitis
2007 5099 2063 5144 et
2105 5091 2309 5160 cogita-

748 5178 896 5230 tione
925 5186 983 5230 et
1008 5178 1225 5232 actione
1254 5188 1309 5233 et
1336 5179 1654 5235 dividantur
1690 5189 1745 5236 et
1780 5183 2045 5235 uniantur
2093 5180 2309 5235 modis?

744 5275 909 5334 atque
982 5280 1171 5320 rursus
1243 5284 1493 5337 quaenam
1562 5271 1902 5341 singulorum
1956 5286 2306 5339 quorumque

742 5354 1015 5417 essentiae,
1048 5361 1277 5420 naturae,
1304 5358 1531 5426 speciei,
1583 5359 1788 5422 formae,
1856 5359 2300 5428 compositionis,

746 5445 1045 5509 facultatis,
1082 5445 1335 5511 actionis,
1392 5449 1682 5515 passionis,
1718 5449 1785 5502 sit
1829 5449 2007 5503 ratio?
2057 5464 2307 5517 quaenam

742 5535 871 5590 dein
926 5551 1117 5589 rursus
1180 5538 1486 5606 generalis,
1542 5554 1651 5605 qua
1705 5541 2149 5596 extremitatibus
2184 5556 2310 5609 .pro

747 5626 1082 5696 singulorum
1137 5626 1242 5680 fine
1290 5642 1389 5694 per
1442 5628 1790 5684 medietatem
1853 5640 2080 5686 mutuus
2139 5645 2311 5685 nexus

824 5807 895 5873 tl)
930 5805 1073 5857 Idem
1109 5805 1231 5857 ibid.
1264 5819 1382 5872 cap.
1409 5804 1461 5859 5.

2413 4642 2590 4711 μόνον,
2650 4639 2725 4702 ὡς
2770 4642 3003 4712 εἴρηται,
3061 4635 3144 4702 οἷς
3197 4642 3629 4712 προηγουμένως
3671 4643 3951 4711 ὑπάρχουσι

2409 4730 2581 4783 ταῦτα
2609 4729 2807 4797 λόγοις,
2841 4730 2977 4783 ἀλλὰ
3006 4730 3101 4783 καὶ
3128 4725 3210 4793 οἷς
3244 4732 3378 4801 πρὸς
3422 4732 3593 4784 ἐαυτά
3617 4745 3676 4781 τε
3720 4730 3814 4780 καὶ
3841 4728 3952 4797 πρὸς

2412 4821 2615 4889 ἄλληλα
2650 4820 2863 4889 μυρίοις
2879 4821 2999 4873 κατ’
3021 4816 3277 4874 ἐπίνοιάν
3303 4839 3362 4873 τε
3400 4823 3498 4874 καὶ
3530 4821 3815 4888 ἐνέργειαν
3838 4818 3951 4869 διει-

2415 4909 2637 4978 ροῦνταί
2672 4926 2729 4963 τε
2774 4912 2869 4964 καὶ
2912 4911 3156 4964 ἐνυῦνται
3196 4912 3459 4979 τρόποις;
3518 4913 3611 4963 καὶ
3654 4907 3812 4972 αὖθις
3843 4909 3953 4967 τξςὸ

2409 4998 2565 5064 λόγος
2600 4999 2696 5067 τῆς
2728 4998 2822 5052 τοῦ
2868 5001 2988 5053 καθ’
3009 5000 3241 5051 ἕκαστον
3269 4998 3477 5063 οὐσίας,
3509 5000 3750 5068 φύσεως,
3785 4999 3948 5055 εἴδους,

2412 5089 2708 5158 σχήματος,
2742 5091 3063 5152 συνθέσεως,
3086 5089 3390 5155 δυνάμεως,
3413 5091 3720 5161 ἐνεργείας,
3740 5075 3946 5145 πάθαεῇ

2404 5180 2489 5240 τίς
2521 5180 2576 5232 δὲ
2605 5182 2769 5234 πάλιν
2809 5184 2837 5233 6
2863 5179 3094 5232 καθόλου
3124 5181 3235 5241 τοῖς
3258 5180 3450 5250 ἄκροις
3485 5180 3625 5234 κατὰ
3656 5180 3723 5230 τὸ
3748 5179 3946 5230 ἑκάστω

2408 5269 2577 5338 πέρας
2607 5269 2695 5322 διὰ
2732 5268 2827 5321 τοῦ
2884 5270 3049 5337 μέσου
3093 5269 3191 5338 τήν
3227 5270 3377 5339 πρὸς
3428 5270 3628 5338 ἄλληλα
3680 5268 3947 5335 συνάφειαν

2404 5359 2643 5429 ἐνεργῶν
2676 5360 2856 5427 λόγος,
2883 5359 2971 5411 ἵνα
2995 5359 3084 5412 τόν
3110 5376 3168 5411 τε
3199 5359 3322 5413 νοῦν
3348 5361 3443 5414 καὶ
3472 5359 3533 5412 τὸ
3571 5358 3858 5429 νοούμενον
3882 5354 3949 5406 διὰ

2412 5450 2511 5519 τῆς
2556 5451 2725 5521 μέσης
2764 5452 3018 5521 νοήσεως,
3074 5452 3312 5519 σχέσεως
3351 5449 3519 5520 οὔσης
3562 5450 3833 5515 ἐνωτικῆς
3865 5445 3949 5495 τῶν

2413 5542 2758 5613 διῃρημένων
2791 5542 2918 5613 περὶ
2950 5540 3011 5593 τὸ
3042 5541 3102 5605 ἐξ
3138 5543 3341 5610 ἀμφοῖν
3368 5542 3561 5610 νόημα.
3594 5540 3843 5609 συναφθῇ
3876 5534 3950 5588 καὶ

2416 5622 2725 5701 περιληφθῇ
2758 5631 3006 5699 ἀλλήλοις
3034 5630 3287 5698 ἑκάτερα,
3317 5633 3407 5684 καὶ
3443 5631 3601 5701 μηδὲν
3625 5632 3693 5683 τὸ
3722 5635 3949 5693 παράπαν
