3986 6346
123 506 255 572 me

1346 505 1450 564 ΑΜ
1463 503 1859 563 ΒῙῦἰΕΟἱὶῐῖἶιι
1903 502 2152 562 LIBER.

3204 461 3356 566 lsi

25 669 32 679 .
121 629 256 682 κατὰ
283 625 443 678 τοῦτο
473 622 658 692 δειχθῇ
685 620 791 675 τῶν
823 621 962 688 μετὰ
982 620 1114 673 θεὸν
1132 621 1476 690 περιγραφῆς
1503 619 1671 688 ὑπάρ-

1783 618 2038 684 efficitur,
2075 619 2214 672 ratio
2263 619 2354 682 sit,
2388 629 2444 672 ιιι
2479 621 2624 688 quod
2653 621 2857 690 cogitat
2892 630 2946 676 et
3000 623 3146 692 quod
3188 624 3340 691 τοκί-

119 736 202 788 χον
222 715 510 785 ἐλεύθερον
535 731 550 779 ;
577 712 772 783 ὥσπερ
793 712 888 765 καὶ
916 710 982 763 τὰ
1002 709 1235 780 αἰσθητὰ
1278 710 1455 762 πάντα
1487 713 1583 763 καὶ
1611 711 1678 762 τὰ

125 808 506 876 αἰσθανόμενα,

116 888 436 967 αἰσθήσεως,
466 895 703 964 σχέσεως
731 891 899 961 οὔσης
952 892 1137 959 κοινῆς
1175 891 1283 943 τῶν
1333 891 1683 962 διῃρημένων

112 988 317 1056 ἄκρων,
373 984 479 1038 τῶν
529 984 628 1052 μὲν
680 977 754 1045 ὡς
791 982 859 1033 δι’
915 981 1083 1048 αὐτῆς
1129 980 1681 1050 ἀντιλαμϐανομένων
1730 973 1734 978 ’

111 1080 213 1132 τῶν
239 1076 539 1145 αἰσθητῶν,
568 1074 674 1126 τῶν
714 1073 771 1124 δὲ
811 1072 877 1123 δι’
909 1071 1079 1139 αὐτῆς
1112 1071 1542 1131 ὑποπιπτόντων,
1566 1073 1679 1131 τοῖς

112 1169 542 1238 αἰσθανομένοις,
578 1167 708 1234 περὶ
735 1164 795 1216 τὸ
827 1164 1202 1232 αἰσθητήριον,
1254 1163 1312 1212 ἐν
1343 1155 1387 1226 ᾦ
1416 1162 1475 1212 τὸ
1508 1161 1678 1229 πέρας

111 1263 214 1330 τῆς,
254 1260 486 1312 ἑκάστου
539 1257 682 1309 κατὰ
727 1255 822 1324 τὴν
873 1255 1058 1322 σχέσιν
1095 1253 1378 1322 δυνάμεως
1435 1251 1680 1320 ὑπάρχον

111 1352 436 1418 καθέστηκε,
475 1349 570 1402 καὶ
611 1348 739 1416 περὶ
789 1347 817 1397 ὃ
847 1344 1100 1414 ἀλλήλοις
1138 1345 1207 1396 τὰ
1259 1344 1402 1413 ἄκρα
1445 1343 1533 1416 διὰ
1580 1343 1680 1410 τῆς

113 1439 283 1506 μέσης
305 1439 546 1506 ,σχέσεως
579 1435 833 1487 ἐνοῦσοαι
860 1434 1092 1500 πέφυκε.

587 804 754 873 ἡγουν
814 801 1126 871 αἰσθητικά,
1199 801 1289 854 διὰ
1343 802 1438 869 τῆς
1507 801 1720 870 μέσης.

1783 719 1930 763 tatur
1986 726 2086 778 per
2116 709 2352 764 mediam
2403 711 2812 781 cogitationem,
2853 728 2976 782 qua:
3015 713 3338 767 distantium

1779 799 1928 850 circa
1974 797 2294 866 cogitatum,
2352 798 2638 859 amborum
2689 802 2937 868 prolem,
2996 799 3207 855 unitiva
3255 810 3342 855 est

1782 888 2024 951 all'ectio,
2060 897 2122 942 ut
2157 897 2386 958 utraque
2418 890 2650 944 invicem
2685 891 2989 960 junguntur
3016 899 3073 944 et
3095 907 3344 961 compre-

1783 979 2114 1041 hendantur,
2173 995 2311 1033 neve
2365 981 2663 1049 quidquam
2706 982 2929 1035 omnino
2976 988 3167 1036 eorum
3222 999 3344 1052 qua:

1786 1078 1913 1138 post
1937 1070 2110 1122 Deum
2140 1069 2254 1122 sint
2284 1070 2798 1139 circumscriptione
2837 1087 3039 1127 vacans
3089 1071 3340 1126 ostenda-

1788 1158 1916 1212 tur?
1948 1157 2418 1222 Quemadmodum
2465 1161 2746 1214 sensibilia
2787 1177 3018 1231 quoque
3068 1163 3253 1216 omnia
3287 1172 3346 1217 et

1785 1265 1906 1317 quae
1943 1249 2210 1310 sentiunt,
2263 1251 2377 1304 sive
2431 1264 2596 1304 sensu
2641 1252 2892 1319 praedita,
2953 1268 3058 1329 per
3101 1254 3342 1307 medium

1786 1355 2029 1403 sensum,
2062 1355 2185 1408 quae
2217 1339 2543 1409 distantium
2569 1333 3008 1395 ‘cxtrcmitatum
3033 1344 3347 1398 communis

1786 1431 2005 1485 affectio
2022 1439 2131 1494 est,
2160 1431 2349 1485 alteris
2379 1447 2478 1500 per
2501 1447 2624 1485 eam
2676 1434 2957 1488 sensibilia
3000 1434 3349 1504 percipienti-

112 1528 235 1592 bus,
276 1526 468 1580 alteris
528 1541 630 1595 per
689 1539 812 1578 eam
878 1524 946 1576 iis
984 1539 1106 1592 qua:
1162 1524 1412 1577 sentiunt
1487 1519 1922 1585 suecidentibus,
1966 1522 2114 1575 circa
2161 1520 2432 1575 sentiendi
2480 1522 2932 1588 instrumentum,
2974 1525 3093 1603 ubi
3148 1525 3345 1595 singuli

110 1621 373 1689 cujusque
403 1617 706 1673 secundum
749 1615 1109 1669 adactionem
1148 1616 1428 1690 facultatis
1480 1614 1750 1668 terminus
1808 1614 2109 1667 eollccatus
2170 1621 2278 1678 est,
2317 1621 2374 1668 et
2433 1613 2580 1667 circa
2629 1614 2776 1682 quod
2821 1631 2919 1683 per
2961 1615 3196 1670 mediam
3261 1616 3346 1669 af-

109 1712 398 1765 fectionem
425 1710 540 1763 sive
583 1707 906 1762 relationem
951 1707 1219 1761 uniuntur
1253 1706 1653 1761 extremitates.
1697 1703 1922 1767 Horum,
1954 1705 2042 1758 vel
2074 1705 2244 1758 unius
2295 1705 2593 1771 alteriusve
2646 1705 2849 1767 horum
2895 1707 3156 1760 rationes
3220 1723 3346 1761 cum

111 1797 440 1868 investigare
492 1811 783 1861 conamur,
815 1795 1079 1851 imbecilli
1131 1798 1296 1866 plane
1347 1806 1406 1850 et
1452 1796 1588 1849 muti
1623 1795 1677 1848 in
1715 1794 2078 1863 explicatione
2138 1796 2542 1860 haasitabimus,
2577 1810 2680 1850 nec
2736 1804 2935 1865 praeter
2961 1795 3203 1849 divinam
3246 1813 3347 1866 po-

109 1899 362 1946 testatem
409 1907 521 1962 quo
574 1901 818 1946 mentem
863 1899 1122 1946 accurate
1155 1888 1446 1959 inligamus
1495 1888 1852 1942 habebimus.

175 1983 418 2048 Τούτων,
473 1985 507 2054 ἦ
535 2000 681 2047 τινος
728 1983 934 2036 τούτων
987 1983 1218 2052 ὲρευνᾷν
1267 1981 1671 2052 ἐπιχειροῦντες

1852 1979 2034 2048 Atque
2091 1979 2216 2043 hoc,
2263 1985 2325 2032 ut
2378 1977 2640 2043 arbitror,
2686 1977 2822 2032 illud
2872 1987 2957 2032 est
3003 1979 3153 2048 quod
3207 1979 3349 2033 dixit

105 2077 229 2137 τοὺς
267 2073 485 2142 λόγους,
512 2075 692 2128 ἀτονοι
732 2073 1009 2136 παντελῶς
1038 2073 1130 2125 καὶ
1162 2073 1367 2140 ἄφωνοι
1402 2073 1530 2142 περὶ
1580 2070 1672 2121 τὸν

107 2164 262 2232 λόγον
291 2165 545 2234 μένομεν,
581 2165 680 2216 οὑκ
701 2165 917 2234 ἔχοντες
949 2155 994 2228 ᾧ
1021 2179 1128 2214 τινι
1161 2162 1254 2213 τὸν
1277 2161 1403 2212 νοῦν
1431 2160 1674 2231 ἀκριϐῶς

109 2252 296 2321 (190
332 2254 383 2320 ὁ)
414 2252 807 2320 ἐπερεισόςιεθα
834 2289 848 2312 ,
882 2251 1022 2319 πλὴν
1047 2251 1144 2319 τῆς
1187 2248 1338 2312 θείας
1371 2249 1670 2317 δυνάμεως.
1717 2313 1722 2324 Ι

109 2342 218 2395 Καὶ
245 2342 408 2394 τοῦτό
445 2343 561 2396 ἐστι
617 2341 682 2394 τὸ
726 2340 1036 2412 εἰρημένον,
1076 2335 1358 2409 ὼςοοῖμαι,
1413 2339 1489 2408 τῷ
1512 2338 1670 2406 ἁγίῳ,

105 2428 436 2497 γυμνᾶζοντι
452 2428 541 2480 τὸν
557 2428 820 2498 ἡμέτερον
845 2427 971 2481 νοῦν
994 2428 1127 2498 πρὸς
1144 2427 1445 2491 εὐσέϐειαν,
1473 2446 1490 2478 ι
1518 2426 1675 2479 Κατὰ

107 2522 305 2591 μικρὸν
334 2520 486 2589 γοῦν,
518 2521 639 2573 οὑδὲ
678 2521 711 2589 ή
745 2520 841 2589 τῆς
878 2520 1111 2582 κτίσεως
1145 2519 1379 2589 ἀκριϐὴς
1407 2519 1674 2585 κατανόη-

105 2627 208 2670 σις.
255 2628 274 2660 ι
317 2610 390 2678 (l)
418 2610 491 2662 Τὸ
515 2610 602 2674 δὲ,
641 2630 667 2681 ,ι
723 2609 880 2661 Ἀλλὰ
913 2610 1048 2662 πολὺ
1085 2609 1189 2679 πρὸ
1234 2608 1436 2661 τούτων
1471 2610 1503 2678 ὴ
1536 2608 1676 2677 ὑπὲρ

101 2687 278 2771 ταῦτα
309 2703 405 2754 καὶ
438 2699 497 2764 ἐξ
529 2698 594 2771 ἦς
621 2700 792 2753 ταῦτα
834 2699 1014 2767 φύσις,
1047 2699 1286 2770 ἄληπτός
1314 2716 1372 2750 τε
1413 2701 1507 2751 καὶ
1541 2700 1676 2751 ἁπε-

106 2792 388 2860 ρίὶηπτος,
426 2810 445 2842 ι
487 2793 628 2844 κατὰ
662 2790 842 2841 κοινοῦ
872 2789 1053 2841 θετέον
1079 2789 1176 2858 τῆς
1198 2790 1426 2852 κτίσεως
1452 2791 1547 2842 καὶ
1577 2791 1677 2858 τῆς

102 2882 246 2952 ὑπὲρ
271 2881 444 2934 ταῦτα
496 2883 589 2933 καὶ
622 2881 712 2946 ἀφ’
745 2877 961 2951 ἧστινος
990 2879 1166 2931 ταῦτα
1192 2919 1207 2937 ,
1235 2880 1433 2947 δηλαδὴ
1465 2881 1534 2931 τὰ
1563 2881 1677 2931 κτί-

105 2991 310 3041 auara,
339 2969 549 3040 φύσε¹ως
579 2971 637 3025 τὸ
662 2991 678 3022 ι
716 2969 990 3040 "AM-.136;
1017 2987 1076 3022 τε
1100 2971 1187 3023 καὶ
1222 2970 1611 3038 ἀπερίληπτος.
1649 2987 1669 3020 ι

101 3065 290 3131 Tia-6's,
324 3083 342 3115 ι
388 3066 500 3133 Οὐχ
525 3066 605 3117 ὅτι
637 3063 801 3127 ἐστιν,
831 3062 1079 3132 ἀλλ’·ῆτις
1111 3085 1128 3114 ι
1168 3064 1315 3114 ἐστὶν
1338 3103 1352 3126 ,
1383 3061 1670 3131 ἐπενεχθὲν

103 3155 520 3224 προκατάληψις
580 3156 728 3206 ἐστιν
780 3152 1185 3223 ἀνθυποφορᾶς.
1251 3153 1369 3204 Ἵνα
1436 3151 1544 3220 γὰρ
1600 3153 1674 3221 μὴ

100 3245 432 3315 καταδράμῃ
460 3241 623 3295 αὑτοῦ
653 3243 786 3312 πρὸς
819 3242 877 3294 ὃν
911 3242 938 3292 ὁ
969 3242 1147 3308 λόγος,
1182 3243 1426 3309 φάσκων,
1460 3240 1670 3294 Οὐκοῦν

1776 2078 2027 2134 sanctus,
2078 2077 2322 2123 mentem
2376 2071 2622 2122 nostram
2668 2068 2736 2122 ad
2763 2067 3025 2138 pietatem
3057 2085 3344 2132 exercens,

1783 2181 1802 2212 ι
1834 2161 1944 2215 Nec
1987 2161 2151 2230 plena
2193 2169 2250 2213 et
2283 2167 2542 2213 accurata
2573 2159 2658 2213 vel
2702 2160 2985 2228 paululum
3014 2160 3350 2215 conditionis
3379 2184 3382 2187 ·

1775 2253 2080 2320 perceptio.
2122 2272 2141 2302 ι
2203 2251 2364 2316 Quod
2410 2265 2544 2305 vero
2587 2251 2655 2305 ad
2700 2252 2835 2306 illud
2869 2252 3114 2306 attinet:
3164 2273 3182 2304 ι
3242 2253 3349 2308 Sed

1775 2342 1949 2393 multo
1982 2341 2155 2410 magis
2198 2348 2394 2397 natura
2435 2342 2527 2395 illa
2566 2342 2655 2396 his
2698 2341 3008 2403 sublimior,
3044 2346 3101 2396 et
3133 2358 3214 2410 eg
3240 2358 3350 2412 qua

1776 2432 1893 2485 lnec
1931 2431 2201 2501 originem
2241 2440 2529 2488 traxerunt
2577 2432 3032 2500 impcheptibilis
3069 2442 3233 2501 atque
3266 2435 3350 2486 in-

1748 2514 2322 2588 comprehensibilis,
2369 2539 2387 2570 »
2433 2519 2592 2583 illud,
2646 2539 2663 2568 ι
2697 2518 3150 2589 imperceptibilis
3177 2532 3233 2576 et
3262 2524 3348 2576 in-

1777 2611 2310 2680 comprehcnsihilis,
2339 2632 2358 2662 ι
2397 2611 2452 2664 in
2477 2607 2767 2665 eonnnune
2811 2621 2896 2664 est
2922 2611 2990 2665 de
3032 2611 3349 2666 conditione

1779 2710 1836 2755 et
1878 2711 2076 2757 natura
2110 2702 2197 2757 his
2226 2690 2575 2765 sublimidr‘e,
2599 2710 2655 2754 et
2681 2717 2747 2755 ex
2787 2718 2894 2771 qua
2938 2702 3052 2757 haec
3078 2704 3347 2773 originem

1782 2800 2088 2861 traxerunt,
2115 2801 2200 2846 est
2219 2792 2463 2854 condita,
2491 2780 2842 2863 sitmendum.
2877 2793 3015 2846 Illud
3045 2810 3176 2847 vero
3199 2796 3344 2863 quod

1778 2878 1951 2943 addit,
1992 2898 2010 2930 ι
2040 2879 2160 2932 Νοη
2215 2879 2362 2948 quod
2412 2878 2638 2946 est,_hed
2676 2895 2817 2946 quas,
2853 2899 2872 2929 ι
2905 2888 2989 2933 est
3026 2881 3347 2950 anticipatio

1778 2969 2156 3038 subjectionis.
2197 2967 2292 3022 .Ne
2346 2968 2494 3021 enim
2529 2968 2772 3022 olfendat
2812 2969 2879 3023 ad
2909 2985 3072 3038 quem
3105 2973 3226 3041 ejus
3263 2983 3348 3028 est

1779 3070 1983 3118 sermo,
2009 3055 2239 3111 dicens:
2275 3057 2462 3125 Itaque
2505 3058 2550 3111 si
2591 3053 3025 3128 iniperceptibile
3070 3071 3155 3116 est
3199 3067 3346 3132 quod

1777 3143 2009 3199 colimus
2043 3160 2106 3198 ac
2142 3160 2490 3210 veneramur,
2537 3159 2670 3200 vana
2707 3146 2874 3215 igitur
2904 3147 3345 3207 Christianorum

1780 3235 2119 3303 praedicatio,
2147 3252 2287 3290 vana
2320 3238 2487 3293 etiam
2516 3237 2652 3293 ﬁdes
2682 3253 2745 3292 ac
2766 3255 3035 3308 nusquam
3079 3243 3342 3308 stabilita,

102 3335 151 3384 εί
174 3333 415 3402 ἄληπτον
453 3334 626 3399 πάντη
657 3333 717 3384 τὸ
744 3332 906 3394 σέϐας
931 3333 1107 3400 ἡμῶν,
1142 3333 1295 3384 κενῖν
1329 3335 1434 3403 ἄρα
1457 3334 1517 3384 τὸ
1542 3335 1669 3402 Χρι-

1777 3328 1894 3380 lnec
1941 3329 2152 3403 profert
2196 3339 2258 3384 ut
2295 3333 2589 3399 prievertat
2625 3331 3050 3388 obtrectatorem
3078 3335 3191 3389 sive
3226 3352 3344 3391 ser-

103 3424 339 3477 στιανῶν
368 3425 645 3495 κήρυγμα,
677 3423 804 3491 κενὴ
830 3423 887 3474 δὲ
923 3425 1018 3476 καὶ
1055 3425 1089 3492 ἡ
1125 3419 1325 3492 πίστις,
1359 3423 1480 3475 κατ’
1522 3424 1672 3475 alias.

101 3516 191 3577 νὸς
245 3513 631 3584 στηριζομένη,
678 3511 853 3564 ταῦτά
928 3529 1062 3580 φησι
1129 3511 1529 3579 προλαμϐάνων
1587 3511 1675 3561 τὸν

100 3607 454 3676 ἰπηρεαστὴν
484 3605 639 3670 λόγον
675 3604 707 3672 ἢ
741 3603 1049 3671 ἄνθρωπον.
1092 3603 1205 3654 Οὐκ
1251 3601 1354 3668 ἔφη
1433 3601 1674 3669 ἄληπτον

100 3696 245 3749 εἶναι
297 3695 497 3764 ταύτην
542 3695 638 3764 τὴν
666 3693 848 3761 φύσιν,
889 3693 1017 3762 περὶ
1059 3689 1126 3764 ἦς
1184 3695 1213 3743 ὁ
1254 3691 1431 3758 λόγος,
1481 3692 1670 3760 ὅτιπερ

102 3787 369 3854 ὑπάρχει,
400 3784 533 3835 ἀλλὰ
591 3782 642 3832 τί
693 3782 950 3849 ὑπάρχει,
1009 3782 1101 3832 καὶ
1151 3780 1489 3848 προσεπάγει
1540 3779 1674 3849 πρὸς

99 3877 202 3945 τὴν
236 3874 509 3940 τοῦλόγου
563 3871 854 3941 βεϐαίωσιν
899 3869 978 3931 τὸ,
1019 3889 1036 3918 ι
1086 3869 1225 3921 Πολὺ
1271 3867 1379 3936 γὰρ
1429 3867 1672 3935 διαφέρει

100 3965 196 4016 τοῦ
217 3960 423 4016 εἷναίτι
446 3960 736 4013 πεπεῖσθαι
764 3959 825 4010 τὸ
851 3958 901 4010 τί
924 3957 1054 4009 ποτέ
1076 3959 1192 4009 ἐστι
1215 3957 1374 4008 τοῦτο
1398 3955 1614 4018 εἰδέναι,
1649 3974 1664 4005 ι

96 4054 373 4118 τουτέστι,
397 4052 566 4122 πολλὴ
597 4051 889 4122 πρόσεστιν
917 4051 951 4117 ἡ
973 4048 1206 4116 διαφορὰ
1237 4048 1330 4099 τοῦ
1382 4039 1671 4098 πεπεῖσθαι

99 4148 230 4216 περὶ
282 4161 426 4207 τινος
474 4146 667 4213 ὅτιπερ
720 4141 953 4211 ὑπάρχει
1005 4141 1146 4211 πρὸς
1195 4141 1258 4191 τὸ
1323 4139 1522 4191 εἰδέναι
1573 4138 1670 4207 τὴν

95 4237 305 4307 ἀκριϐῆ
327 4237 425 4304 τῆς
445 4235 637 4296 οὐσίας
657 4233 849 4285 τούτου
879 4232 1199 4301 κατάληψιν.
1229 4230 1318 4299 Μὴ
1344 4230 1456 4290 οὖν,
1483 4219 1666 4299 φῇσιν,

97 4328 460 4397 εὐγνωμόνως
486 4324 641 4395 ἡμῶν
665 4323 928 4374 εἰπόντων
952 4322 1193 4390 ἄληπτον
1221 4319 1360 4374 εἶναι
1392 4323 1488 4392 τὴν
1521 4321 1669 4374 θείαν

93 4416 311 4480 οὐσίαν,
363 4415 687 4485 κακούργως
739 4413 828 4464 τὸν
862 4412 1017 4478 λόγον
1054 4411 1445 4480 μεταϐιϐἀσῃς,
1495 4413 1571 4472 εἰς
1608 4412 1668 4464 τὸ

93 4505 262 4573 δῆθεν
291 4506 531 4571 εἰσάγειν
560 4506 708 4572 ἡμᾶς
734 4503 977 4572 ἄληπτον
1014 4500 1205 4570 αὐτὴν,
1255 4500 1334 4561 είς
1373 4499 1544 4568 αὐτὴν
1571 4499 1666 4567 τὴν

94 4595 358 4667 ὕπαρξιν.
393 4597 501 4652 κάκ
528 4595 720 4647 τούτου
776 4590 1008 4664 συνάξῃς
1064 4591 1251 4644 ἀθεῖαν
1285 4593 1429 4661 ἡμᾶς
1487 4582 1663 4657 πάντη

1783 3434 1999 3472 monem
2035 3420 2150 3473 sive
2193 3419 2494 3474 hominem.
2529 3422 2648 3476 Non
2684 3425 2877 3478 statuit
2909 3427 3343 3496 i-mperceptibile

1781 3523 1901 3562 esse
1934 3509 2080 3577 quod
2112 3510 2184 3563 sit
2217 3510 2331 3564 haec
2360 3511 2428 3565 de
2476 3529 2584 3581 qua
2620 3529 2802 3567 sermo
2832 3525 3049 3582 natura,
3079 3520 3173 3573 sed
3209 3521 3342 3590 quid

1777 3597 1873 3660 sit,
1914 3606 1970 3650 et
2016 3599 2083 3651 ad
2113 3600 2498 3654 stabiliendam
2519 3619 2673 3656 suam
2706 3608 3039 3661 sententiam
3076 3610 3229 3664 addit
3259 3611 3345 3664 in-

1780 3702 1991 3754 super:
2043 3707 2061 3737 ι
2089 3689 2315 3741 Multum
2353 3691 2501 3744 enim
2546 3692 2732 3746 diﬁ‘ert
2774 3711 3094 3762 persuasum
3140 3703 3341 3757 habere

1779 3777 1923 3844 quod
1956 3777 2164 3845 aliquid
2184 3789 2269 3832 est
2296 3788 2353 3832 et
2381 3795 2543 3835 nosse
2566 3782 2826 3850 quidnam
2861 3786 2966 3840 hoc
2996 3789 3086 3852 sit,
3109 3809 3126 3840 ι
3167 3792 3221 3844 id
3255 3803 3340 3846 est

1781 3870 2013 3921 multum
2063 3869 2250 3923 diﬁ'crt
2300 3871 2368 3924 de
2403 3887 2460 3926 re
2500 3875 2682 3941 aliqua
2714 3876 2858 3942 quod
2893 3878 2963 3933 sit
3021 3897 3339 3948 persuasum

1781 3959 1984 4036 habere
2032 3971 2089 4012 et
2122 3969 2328 4013 certam
2358 3971 2414 4014 et
2458 3975 2772 4017 accuratam
2811 3971 3061 4023 cssentiaz
3094 3973 3212 4042 ejus
3239 3992 3340 4029 no-

1781 4051 1986 4104 tionem
2039 4059 2246 4106 tenere.
2302 4053 2424 4108 Noli
2480 4055 2669 4124 igitur,
2714 4057 2910 4128 inquit,
2948 4077 3072 4117 cum
3118 4081 3220 4120 nos
3272 4084 3340 4123 ex

1778 4142 1919 4195 bona
1951 4142 2057 4197 ﬁde
2100 4144 2309 4213 percipi
2356 4145 2594 4200 divinam
2642 4152 2933 4224 essentiam
2976 4170 3134 4223 posse
3171 4173 3339 4228 neges

1778 4249 1919 4295 mus,
1944 4249 2254 4289 sermonem
2285 4237 2516 4307 maligne
2549 4240 2604 4292 in
2633 4240 2804 4309 ipsam
2833 4244 3192 4300 substantiam
3223 4259 3337 4303 tor-

1776 4341 1967 4392 quere,
1992 4334 2251 4396 tanquam
2272 4344 2392 4382 eam
2417 4327 2671 4385 videlicet
2698 4332 3184 4403 imperceptibilem
3216 4355 3338 4394 esse
3389 4347 3391 4349 ’
3424 4387 3428 4391 .

1776 4424 2101 4482 statuamus,
2151 4435 2259 4473 neu
2315 4420 2441 4474 inde
2486 4436 2587 4475 nos
2637 4424 2807 4476 Deum
2849 4428 3156 4493 negandum
3200 4447 3338 4499 pm-

1775 4506 1958 4560 dicare
2003 4509 2329 4563 concludas.
2393 4511 2460 4563 Et
2510 4513 2675 4578 paulo
2717 4523 2839 4581 post
2881 4515 3141 4585 subjicit:
3191 4520 3333 4586 Quid

1773 4595 1920 4647 enim
1961 4611 2081 4649 esse
2129 4600 2564 4667 censesDeum,
2617 4604 2663 4657 si
2707 4604 2928 4676 quidem
2977 4608 3336 4669 rationalibus
3382 4651 3394 4658 -ν

93 4686 447 4755 πρεσϐεύεινι
478 4686 587 4737 Καὶ
614 4684 753 4753 μετά
791 4686 912 4735 τινα
941 4699 1129 4753 φησιν,
1159 4683 1223 4734 Τί
1250 4681 1356 4751 γὰρ
1405 4679 1661 4750 ὑπολὴψῃ

1776 4687 1927 4753 plane
1967 4688 2354 4747 instrumentis
2398 4692 2561 4750 ﬁdem
2590 4674 2820 4753 habebis
2855 4699 2981 4768 (hoc
3024 4710 3108 4756 est
3141 4704 3185 4756 si
3219 4719 3335 4758 ser-
3414 4755 3420 4760 .

88 4780 150 4830 τὸ
211 4779 390 4840 Θεῖον,
449 4779 605 4845 εῐπερ
655 4775 791 4836 ὅλως
861 4777 978 4836 ταῖς
1046 4775 1292 4840 λογικαῖς
1355 4771 1664 4833 πιστεύσεις

87 4869 306 4935 ἐφόδοις
359 4867 678 4935 (τουτέστιν,
719 4868 768 4918 ει
813 4865 916 4917 οἴει
981 4866 1057 4936 τῷ
1119 4865 1261 4933 λόγῳ
1301 4865 1662 4938 ιπεριτρέχων

87 4960 463 5011 ἐναποκλείειν
496 4957 693 5024 γνώσει
730 4959 836 5010 τινὶ
876 4957 1134 5012 δύνασθαι
1172 4955 1230 5006 τὸ
1279 4955 1658 5024 ζητούμενον);

93 5071 110 5101 ι
152 5051 392 5120 Πότερον
419 5049 580 5119 σῶμα
609 5049 790 5118 (191
816 5048 867 5116 α)
920 5045 1241 5115 (τουτέστιν,
1272 5041 1419 5112 Ἀρα
1444 5045 1658 5112 σ‹7›μα);

86 5142 205 5194 Καὶ
243 5142 356 5203 πῶς
390 5142 449 5192 τὸ
504 5141 732 5208 ἄπειρον
775 5141 868 5190 καὶ
919 5138 1175 5206 ἀόριστον
1211 5136 1305 5186 καὶ
1353 5134 1661 5202 ἀσχημάτι-

84 5251 218 5284 στιν
258 5235 344 5284 και
375 5233 578 5299 amart;
614 5231 707 5282 καὶ
729 5229 994 5298 ἀόρατον;
1037 5246 1054 5275 ι
1093 5227 1180 5278 ἴνα
1222 5225 1657 5294 σαφηνιζὸμενον

81 5324 284 5392 νοηθῇ,
331 5324 498 5384 οὕτως
543 5322 651 5374 τῶν
699 5319 896 5374 κοινῶν
931 5318 1151 5371 ἐννοιῶν
1215 5315 1656 5386 κεκρατηκυιῶν,

81 5417 318 5481 ἄπειρον
343 5409 478 5470 εἶναι
506 5413 568 5463 τὸ
601 5413 779 5473 θεῖον,
827 5413 963 5478 ὅπερ
1003 5410 1120 5460 ἐστὶ
1152 5409 1323 5476 πέρας
1373 5408 1447 5475 μὴ
1487 5406 1650 5474 ἔχειν.

80 5484 268 5558 Τοῦτο
294 5507 396 5572 γὰρ
420 5503 514 5567 τοῦ
543 5503 768 5572 τέτρασι
793 5501 1177 5569 διειλημμένου
1229 5500 1464 5568 πέρασιν
1499 5499 1648 5558 ἴδιον,

77 5601 307 5665 κέντρῳ
339 5597 428 5646 καὶ
461 5597 715 5663 γραμμῇ,
752 5593 1042 5660 ἐπιφανείᾳ
1089 5593 1182 5642 καὶ
1215 5590 1436 5658 στερεῷ,
1475 5607 1642 5658 προσ-

153 5752 242 5822 (ι›
275 5750 414 5822 ιιιεπι
443 5748 565 5822 ξένιά.
599 5762 718 5813 cap-
748 5747 799 5822 εξ.
833 5762 885 5813 ρ-
920 5747 1042 5822 4.9.9.-

1772 4790 1934 4829 mone
1959 4778 2398 4836 circumveniens
2421 4784 2568 4852 quod
2595 4788 2861 4854 quaeritur
2886 4804 3046 4859 posse
3069 4792 3123 4845 in
3149 4794 3330 4863 aliqua

1770 4869 2082 4948 cognitione
2135 4871 2340 4926 includi
2373 4876 2593 4945 putas)?
2655 4896 2672 4927 ι
2701 4877 2986 4948 Corpusne
3031 4883 3159 4950 (hoc
3220 4895 3324 4950 est,

1768 4957 1908 5010 Num
1941 4962 2209 5030 corpus)?
2240 4964 2307 5017 Et
2334 4979 2570 5032 quonam
2606 4983 2736 5036 ergo
2763 4972 2926 5026 modo
2951 4975 3043 5041 qui
3081 4975 3327 5030 inﬁnitus

1766 5058 1822 5100 et
1857 5050 2245 5106 interminatus
2294 5063 2350 5106 et
2391 5057 2738 5127 inﬁguratus,
2796 5062 2888 5128 qui
2933 5061 3169 5133 denique
3221 5083 3325 5121 nec

1768 5141 1914 5211 tangi
1957 5158 2060 5197 nec
2090 5145 2263 5198 oculis
2312 5148 2465 5201 cerni
2501 5151 2724 5216 potest?
2757 5171 2776 5202 ι
2816 5163 2874 5206 ιιι
2904 5153 3012 5208 hoc
3037 5157 3197 5212 modo
3229 5160 3322 5212 de-

1766 5241 2128 5287 monstratum
2190 5235 2556 5307 intelligatur,
2612 5241 2759 5309 quod
2817 5238 3137 5300 communes
3185 5249 3319 5306 adeo

1764 5322 2021 5378 notiones
2055 5325 2334 5390 evincunt,
2363 5314 2634 5384 inﬁnitum
2667 5346 2788 5386 esse
2831 5334 3022 5397 Deum,
3062 5335 3202 5403 quod
3237 5347 3321 5389 est

1763 5414 2062 5467 terminum
2094 5431 2203 5468 non
2227 5416 2448 5471 habere.
2486 5418 2598 5473 lloc
2619 5422 2765 5474 enim
2800 5424 3072 5490 peculiare
3099 5431 3182 5476 est
3200 5425 3318 5491 ejus

1761 5501 1907 5567 quod
1943 5513 2178 5570 quatuor
2221 5506 2538 5561 distinctum
2567 5519 2652 5562 est
2687 5510 2956 5571 terminis,
3008 5518 3210 5579 puncto
3262 5523 3318 5565 et

1760 5592 1925 5655 linea,
1961 5596 2250 5661 superﬁcie
2273 5608 2328 5651 et
2353 5598 2548 5666 solido,
2585 5610 2850 5677 praterea
2882 5605 3060 5660 tribus
3094 5617 3316 5671 quoque

155 5805 237 5890 {ti
275 5819 412 5872 Idem
441 5819 563 5870 ibid.
597 5805 713 5882 cap.
748 5805 798 5874 7,
834 5805 894 5881 'p.
943 5816 1062 5874 δυο,
1101 5813 1188 5866 ed.
1223 5814 1420 5867 Bcnccl.
1453 5813 1588 5880 Opp.
1624 5805 1750 5865 mm.
1785 5814 1824 5866 ι.
