  <div class='ocr_page' id='page_1' title='image "/cluster/home/n/w/nwhite01/storage/ocr_20150623/91/pst.000005712977/662.png"; bbox 0 0 3986 6346; ppageno 0'>
   <div class='ocr_carea' id='block_1_1' title="bbox 337 543 485 620">
    <p class='ocr_par' dir='ltr' id='par_1_1' title="bbox 337 543 485 620">
     <span class='ocr_line' id='line_1_1' title="bbox 337 543 485 620; baseline 0 0"><span class='ocrx_word' id='word_1_1' title='bbox 337 543 485 620; x_wconf 69' lang='grc' dir='ltr'><strong>ἳὲὃὸ</strong></span> 
     </span>
    </p>
   </div>
   <div class='ocr_carea' id='block_1_2' title="bbox 1601 499 2408 598">
    <p class='ocr_par' dir='ltr' id='par_1_2' title="bbox 1601 499 2408 598">
     <span class='ocr_line' id='line_1_2' title="bbox 1601 499 2408 598; baseline -0.009 0"><span class='ocrx_word' id='word_1_2' title='bbox 1601 499 2122 598; x_wconf 56' lang='lat' dir='ltr'><strong>ammoneant:</strong></span> <span class='ocrx_word' id='word_1_3' title='bbox 2157 529 2408 592; x_wconf 81' lang='lat' dir='ltr'><strong>LIBER.</strong></span> 
     </span>
    </p>
   </div>
   <div class='ocr_carea' id='block_1_3' title="bbox 3439 511 3584 602">
    <p class='ocr_par' dir='ltr' id='par_1_3' title="bbox 3439 511 3584 602">
     <span class='ocr_line' id='line_1_3' title="bbox 3439 511 3584 602; baseline -0.041 -2"><span class='ocrx_word' id='word_1_4' title='bbox 3439 511 3584 602; x_wconf 57' lang='lat'><strong>1251</strong></span> 
     </span>
    </p>
   </div>
   <div class='ocr_carea' id='block_1_4' title="bbox 326 638 1900 728">
    <p class='ocr_par' dir='ltr' id='par_1_4' title="bbox 326 645 1900 728">
     <span class='ocr_line' id='line_1_4' title="bbox 326 645 1900 728; baseline -0.013 -11"><span class='ocrx_word' id='word_1_5' title='bbox 326 656 434 716; x_wconf 60' lang='grc' dir='ltr'><strong>τιν</strong></span> <span class='ocrx_word' id='word_1_6' title='bbox 461 652 637 728; x_wconf 70' lang='grc' dir='ltr'><strong>ἀληθῆ</strong></span> <span class='ocrx_word' id='word_1_7' title='bbox 662 657 821 726; x_wconf 80' lang='grc' dir='ltr'><strong>λόγον</strong></span> <span class='ocrx_word' id='word_1_8' title='bbox 856 656 950 710; x_wconf 74' lang='grc' dir='ltr'><strong>τοῦ</strong></span> <span class='ocrx_word' id='word_1_9' title='bbox 999 656 1066 708; x_wconf 81' lang='grc' dir='ltr'><strong>δι’</strong></span> <span class='ocrx_word' id='word_1_10' title='bbox 1105 650 1275 706; x_wconf 66' lang='grc' dir='ltr'><strong>αὑτοῦ</strong></span> <span class='ocrx_word' id='word_1_11' title='bbox 1324 647 1659 721; x_wconf 80' lang='grc' dir='ltr'><strong>μηνυομένον</strong></span> <span class='ocrx_word' id='word_1_12' title='bbox 1699 663 1760 698; x_wconf 85' lang='grc' dir='ltr'><strong>τε</strong></span> <span class='ocrx_word' id='word_1_13' title='bbox 1809 645 1900 697; x_wconf 74' lang='grc' dir='ltr'><strong>καὶ</strong></span> 
     </span>
    </p>
   </div>
   <div class='ocr_carea' id='block_1_5' title="bbox 1999 638 3582 728">
    <p class='ocr_par' dir='ltr' id='par_1_5' title="bbox 2009 638 3582 716">
     <span class='ocr_line' id='line_1_5' title="bbox 2009 638 3582 716; baseline 0.008 -23"><span class='ocrx_word' id='word_1_14' title='bbox 2009 654 2132 693; x_wconf 84' lang='lat' dir='ltr'><strong>rum</strong></span> <span class='ocrx_word' id='word_1_15' title='bbox 2165 654 2357 693; x_wconf 81' lang='lat' dir='ltr'><strong>revera</strong></span> <span class='ocrx_word' id='word_1_16' title='bbox 2393 638 2517 709; x_wconf 85' lang='lat' dir='ltr'><strong>ejus</strong></span> <span class='ocrx_word' id='word_1_17' title='bbox 2545 639 2690 708; x_wconf 87' lang='lat' dir='ltr'><strong>quod</strong></span> <span class='ocrx_word' id='word_1_18' title='bbox 2721 642 2837 710; x_wconf 89' lang='lat' dir='ltr'><strong>ipse</strong></span> <span class='ocrx_word' id='word_1_19' title='bbox 2881 641 3149 700; x_wconf 82' lang='lat' dir='ltr'><strong>revelaret</strong></span> <span class='ocrx_word' id='word_1_20' title='bbox 3176 654 3234 700; x_wconf 89' lang='lat' dir='ltr'><strong>et</strong></span> <span class='ocrx_word' id='word_1_21' title='bbox 3264 647 3582 716; x_wconf 71' lang='lat' dir='ltr'><strong>praeforma-</strong></span> 
     </span>
    </p>
   </div>
   <div class='ocr_carea' id='block_1_6' title="bbox 331 729 1910 821">
    <p class='ocr_par' dir='ltr' id='par_1_6' title="bbox 331 729 1910 821">
     <span class='ocr_line' id='line_1_6' title="bbox 331 729 1910 821; baseline -0.01 -19"><span class='ocrx_word' id='word_1_22' title='bbox 331 750 789 821; x_wconf 78' lang='grc' dir='ltr'><strong>προτυτωυμένου</strong></span> <span class='ocrx_word' id='word_1_23' title='bbox 822 746 1122 818; x_wconf 76' lang='grc' dir='ltr'><strong>μυστηρίου</strong></span> <span class='ocrx_word' id='word_1_24' title='bbox 1150 743 1458 814; x_wconf 73' lang='grc' dir='ltr'><strong>πρόδρομος</strong></span> <span class='ocrx_word' id='word_1_25' title='bbox 1481 734 1571 809; x_wconf 85' lang='grc' dir='ltr'><strong>ἦν,</strong></span> <span class='ocrx_word' id='word_1_26' title='bbox 1593 739 1660 790; x_wconf 77' lang='grc' dir='ltr'><strong>δι’</strong></span> <span class='ocrx_word' id='word_1_27' title='bbox 1680 729 1756 789; x_wconf 84' lang='grc' dir='ltr'><strong>ὧν</strong></span> <span class='ocrx_word' id='word_1_28' title='bbox 1775 734 1910 788; x_wconf 75' lang='grc' dir='ltr'><strong>ἐπα-</strong></span> 
     </span>
    </p>
   </div>
   <div class='ocr_carea' id='block_1_7' title="bbox 331 828 1908 909">
    <p class='ocr_par' dir='ltr' id='par_1_7' title="bbox 331 828 1908 909">
     <span class='ocr_line' id='line_1_7' title="bbox 331 828 1908 909; baseline -0.01 -16"><span class='ocrx_word' id='word_1_29' title='bbox 331 841 440 909; x_wconf 72' lang='grc' dir='ltr'><strong>ᾱχὲ</strong></span> <span class='ocrx_word' id='word_1_30' title='bbox 471 857 530 892; x_wconf 88' lang='grc' dir='ltr'><strong>τε</strong></span> <span class='ocrx_word' id='word_1_31' title='bbox 560 839 657 891; x_wconf 75' lang='grc' dir='ltr'><strong>καὶ</strong></span> <span class='ocrx_word' id='word_1_32' title='bbox 689 838 819 909; x_wconf 77' lang='grc' dir='ltr'><strong>ἔδρα</strong></span> <span class='ocrx_word' id='word_1_33' title='bbox 844 839 940 892; x_wconf 76' lang='grc' dir='ltr'><strong>καὶ</strong></span> <span class='ocrx_word' id='word_1_34' title='bbox 980 837 1132 904; x_wconf 73' lang='grc' dir='ltr'><strong>ἔλεγε</strong></span> <span class='ocrx_word' id='word_1_35' title='bbox 1155 835 1238 888; x_wconf 63' lang='grc' dir='ltr'><strong>³ιά</strong></span> <span class='ocrx_word' id='word_1_36' title='bbox 1276 831 1479 887; x_wconf 80' lang='grc' dir='ltr'><strong>τούτων</strong></span> <span class='ocrx_word' id='word_1_37' title='bbox 1517 828 1908 901; x_wconf 76' lang='grc' dir='ltr'><strong>προκηρύττων</strong></span> 
     </span>
    </p>
   </div>
   <div class='ocr_carea' id='block_1_8' title="bbox 329 919 1911 1000">
    <p class='ocr_par' dir='ltr' id='par_1_8' title="bbox 329 919 1911 1000">
     <span class='ocr_line' id='line_1_8' title="bbox 329 919 1911 1000; baseline -0.008 -18"><span class='ocrx_word' id='word_1_38' title='bbox 329 929 646 1000; x_wconf 73' lang='grc' dir='ltr'><strong>ἀρχέτυπα.</strong></span> <span class='ocrx_word' id='word_1_39' title='bbox 666 929 759 982; x_wconf 78' lang='grc' dir='ltr'><strong>Διὸ</strong></span> <span class='ocrx_word' id='word_1_40' title='bbox 780 929 875 981; x_wconf 80' lang='grc' dir='ltr'><strong>καὶ</strong></span> <span class='ocrx_word' id='word_1_41' title='bbox 900 927 1013 981; x_wconf 85' lang='grc' dir='ltr'><strong>ἀντ’</strong></span> <span class='ocrx_word' id='word_1_42' title='bbox 1030 925 1273 996; x_wconf 78' lang='grc' dir='ltr'><strong>ἀλλήλων</strong></span> <span class='ocrx_word' id='word_1_43' title='bbox 1291 923 1597 993; x_wconf 76' lang='grc' dir='ltr'><strong>ἀμέμπτως</strong></span> <span class='ocrx_word' id='word_1_44' title='bbox 1617 919 1911 989; x_wconf 71' lang='grc' dir='ltr'><strong>παραλαμκ</strong></span> 
     </span>
    </p>
   </div>
   <div class='ocr_carea' id='block_1_9' title="bbox 332 1011 1908 1080">
    <p class='ocr_par' dir='ltr' id='par_1_9' title="bbox 332 1011 1908 1080">
     <span class='ocr_line' id='line_1_9' title="bbox 332 1011 1908 1080; baseline -0.004 -10"><span class='ocrx_word' id='word_1_45' title='bbox 332 1018 614 1080; x_wconf 75' lang='grc' dir='ltr'><strong>ϐάνονται,</strong></span> <span class='ocrx_word' id='word_1_46' title='bbox 671 1020 766 1072; x_wconf 79' lang='grc' dir='ltr'><strong>καὶ</strong></span> <span class='ocrx_word' id='word_1_47' title='bbox 821 1019 1040 1070; x_wconf 80' lang='grc' dir='ltr'><strong>πάντων</strong></span> <span class='ocrx_word' id='word_1_48' title='bbox 1075 1016 1338 1078; x_wconf 75' lang='grc' dir='ltr'><strong>ἅπαντες,</strong></span> <span class='ocrx_word' id='word_1_49' title='bbox 1388 1013 1484 1066; x_wconf 79' lang='grc' dir='ltr'><strong>καὶ</strong></span> <span class='ocrx_word' id='word_1_50' title='bbox 1517 1014 1746 1072; x_wconf 70' lang='grc' dir='ltr'><strong>ἕκαστος</strong></span> <span class='ocrx_word' id='word_1_51' title='bbox 1777 1011 1908 1064; x_wconf 65' lang='lat' dir='ltr'><strong>tad-</strong></span> 
     </span>
    </p>
   </div>
   <div class='ocr_carea' id='block_1_10' title="bbox 332 1100 1906 1174">
    <p class='ocr_par' dir='ltr' id='par_1_10' title="bbox 332 1100 1906 1174">
     <span class='ocr_line' id='line_1_10' title="bbox 332 1100 1906 1174; baseline -0.006 -13"><span class='ocrx_word' id='word_1_52' title='bbox 332 1125 490 1171; x_wconf 85' lang='grc' dir='ltr'><strong>στου,</strong></span> <span class='ocrx_word' id='word_1_53' title='bbox 525 1111 622 1161; x_wconf 72' lang='grc' dir='ltr'><strong>καὶ</strong></span> <span class='ocrx_word' id='word_1_54' title='bbox 645 1108 769 1161; x_wconf 70' lang='grc' dir='ltr'><strong>ἀντὶ</strong></span> <span class='ocrx_word' id='word_1_55' title='bbox 793 1109 902 1160; x_wconf 86' lang='grc' dir='ltr'><strong>τῶν</strong></span> <span class='ocrx_word' id='word_1_56' title='bbox 927 1108 1020 1160; x_wconf 84' lang='grc' dir='ltr'><strong>ὑπ’</strong></span> <span class='ocrx_word' id='word_1_57' title='bbox 1044 1105 1226 1160; x_wconf 81' lang='grc' dir='ltr'><strong>αὐτῶν</strong></span> <span class='ocrx_word' id='word_1_58' title='bbox 1246 1102 1669 1174; x_wconf 84' lang='grc' dir='ltr'><strong>συγγραφεισῶν</strong></span> <span class='ocrx_word' id='word_1_59' title='bbox 1688 1100 1906 1168; x_wconf 76' lang='grc' dir='ltr'><strong>βίϐλων,</strong></span> 
     </span>
    </p>
   </div>
   <div class='ocr_carea' id='block_1_11' title="bbox 330 1191 1908 1267">
    <p class='ocr_par' dir='ltr' id='par_1_11' title="bbox 330 1191 1908 1267">
     <span class='ocr_line' id='line_1_11' title="bbox 330 1191 1908 1267; baseline -0.006 -16"><span class='ocrx_word' id='word_1_60' title='bbox 330 1199 437 1251; x_wconf 79' lang='grc' dir='ltr'><strong>καὶ</strong></span> <span class='ocrx_word' id='word_1_61' title='bbox 467 1199 580 1252; x_wconf 82' lang='grc' dir='ltr'><strong>ἀντ’</strong></span> <span class='ocrx_word' id='word_1_62' title='bbox 627 1200 809 1251; x_wconf 73' lang='grc' dir='ltr'><strong>αὐτῶν</strong></span> <span class='ocrx_word' id='word_1_63' title='bbox 857 1201 914 1251; x_wconf 87' lang='grc' dir='ltr'><strong>αί</strong></span> <span class='ocrx_word' id='word_1_64' title='bbox 969 1196 1142 1267; x_wconf 87' lang='grc' dir='ltr'><strong>βίϐλοι</strong></span> <span class='ocrx_word' id='word_1_65' title='bbox 1189 1195 1343 1266; x_wconf 90' lang='grc' dir='ltr'><strong>παρά</strong></span> <span class='ocrx_word' id='word_1_66' title='bbox 1398 1196 1463 1262; x_wconf 83' lang='grc' dir='ltr'><strong>τῇ</strong></span> <span class='ocrx_word' id='word_1_67' title='bbox 1520 1191 1777 1261; x_wconf 67' lang='grc' dir='ltr'><strong>συνηθείᾳ</strong></span> <span class='ocrx_word' id='word_1_68' title='bbox 1806 1191 1908 1259; x_wconf 80' lang='grc' dir='ltr'><strong>τῆς</strong></span> 
     </span>
    </p>
   </div>
   <div class='ocr_carea' id='block_1_12' title="bbox 329 1279 1909 1358">
    <p class='ocr_par' dir='ltr' id='par_1_12' title="bbox 329 1279 1909 1358">
     <span class='ocr_line' id='line_1_12' title="bbox 329 1279 1909 1358; baseline -0.005 -19"><span class='ocrx_word' id='word_1_69' title='bbox 329 1287 563 1357; x_wconf 83' lang='grc' dir='ltr'><strong>Γραφῆς</strong></span> <span class='ocrx_word' id='word_1_70' title='bbox 614 1287 1133 1358; x_wconf 76' lang='grc' dir='ltr'><strong>προσαγορεύονται.</strong></span> <span class='ocrx_word' id='word_1_71' title='bbox 1192 1286 1302 1336; x_wconf 75' lang='grc' dir='ltr'><strong>Καὶ</strong></span> <span class='ocrx_word' id='word_1_72' title='bbox 1338 1283 1488 1354; x_wconf 87' lang='grc' dir='ltr'><strong>δηλοί</strong></span> <span class='ocrx_word' id='word_1_73' title='bbox 1530 1282 1691 1334; x_wconf 79' lang='grc' dir='ltr'><strong>τοῦτο</strong></span> <span class='ocrx_word' id='word_1_74' title='bbox 1723 1279 1909 1347; x_wconf 83' lang='grc' dir='ltr'><strong>σαφῶς</strong></span> 
     </span>
    </p>
   </div>
   <div class='ocr_carea' id='block_1_13' title="bbox 327 1369 1911 1446">
    <p class='ocr_par' dir='ltr' id='par_1_13' title="bbox 327 1369 1911 1446">
     <span class='ocr_line' id='line_1_13' title="bbox 327 1369 1911 1446; baseline -0.003 -20"><span class='ocrx_word' id='word_1_75' title='bbox 327 1375 446 1428; x_wconf 75' lang='grc' dir='ltr'><strong>τὸν</strong></span> <span class='ocrx_word' id='word_1_76' title='bbox 480 1376 790 1446; x_wconf 79' lang='grc' dir='ltr'><strong>Βαπτιστὴν</strong></span> <span class='ocrx_word' id='word_1_77' title='bbox 854 1377 1108 1446; x_wconf 80' lang='grc' dir='ltr'><strong>Ἰωάννην</strong></span> <span class='ocrx_word' id='word_1_78' title='bbox 1177 1373 1364 1427; x_wconf 85' lang='grc' dir='ltr'><strong>Ἠλίαν</strong></span> <span class='ocrx_word' id='word_1_79' title='bbox 1423 1372 1520 1425; x_wconf 66' lang='grc' dir='ltr'><strong>καὶ⁸</strong></span> <span class='ocrx_word' id='word_1_80' title='bbox 1582 1370 1748 1423; x_wconf 79' lang='grc' dir='ltr'><strong>ποιῶν</strong></span> <span class='ocrx_word' id='word_1_81' title='bbox 1812 1369 1911 1423; x_wconf 80' lang='grc' dir='ltr'><strong>καὶ</strong></span> 
     </span>
    </p>
   </div>
   <div class='ocr_carea' id='block_1_14' title="bbox 325 1451 1908 1534">
    <p class='ocr_par' dir='ltr' id='par_1_14' title="bbox 325 1451 1908 1534">
     <span class='ocr_line' id='line_1_14' title="bbox 325 1451 1908 1534; baseline -0.003 -17"><span class='ocrx_word' id='word_1_82' title='bbox 325 1451 511 1533; x_wconf 72' lang='grc' dir='ltr'><strong>λέγων</strong></span> <span class='ocrx_word' id='word_1_83' title='bbox 546 1465 576 1517; x_wconf 96' lang='lat'><strong>6</strong></span> <span class='ocrx_word' id='word_1_84' title='bbox 606 1464 830 1534; x_wconf 74' lang='grc' dir='ltr'><strong>Κύριος,</strong></span> <span class='ocrx_word' id='word_1_85' title='bbox 857 1465 967 1518; x_wconf 81' lang='grc' dir='ltr'><strong>εἴτε</strong></span> <span class='ocrx_word' id='word_1_86' title='bbox 997 1466 1089 1518; x_wconf 82' lang='grc' dir='ltr'><strong>διὰ</strong></span> <span class='ocrx_word' id='word_1_87' title='bbox 1117 1464 1218 1534; x_wconf 79' lang='grc' dir='ltr'><strong>τὴν</strong></span> <span class='ocrx_word' id='word_1_88' title='bbox 1248 1464 1370 1532; x_wconf 82' lang='grc' dir='ltr'><strong>ἴσην</strong></span> <span class='ocrx_word' id='word_1_89' title='bbox 1396 1462 1498 1532; x_wconf 82' lang='grc' dir='ltr'><strong>τῆς</strong></span> <span class='ocrx_word' id='word_1_90' title='bbox 1547 1457 1751 1532; x_wconf 83' lang='grc' dir='ltr'><strong>ἀρετῆς</strong></span> <span class='ocrx_word' id='word_1_91' title='bbox 1774 1459 1908 1526; x_wconf 74' lang='grc' dir='ltr'><strong>ἕξιν,</strong></span> 
     </span>
    </p>
   </div>
   <div class='ocr_carea' id='block_1_15' title="bbox 326 1548 1912 1623">
    <p class='ocr_par' dir='ltr' id='par_1_15' title="bbox 326 1548 1912 1623">
     <span class='ocr_line' id='line_1_15' title="bbox 326 1548 1912 1623; baseline -0.003 -17"><span class='ocrx_word' id='word_1_92' title='bbox 326 1551 415 1616; x_wconf 83' lang='grc' dir='ltr'><strong>ὥς</strong></span> <span class='ocrx_word' id='word_1_93' title='bbox 443 1552 609 1623; x_wconf 74' lang='grc' dir='ltr'><strong>φασιν</strong></span> <span class='ocrx_word' id='word_1_94' title='bbox 653 1555 706 1606; x_wconf 86' lang='grc' dir='ltr'><strong>οί</strong></span> <span class='ocrx_word' id='word_1_95' title='bbox 759 1553 1096 1615; x_wconf 83' lang='grc' dir='ltr'><strong>διδάσκαλοι,</strong></span> <span class='ocrx_word' id='word_1_96' title='bbox 1147 1555 1242 1605; x_wconf 75' lang='grc' dir='ltr'><strong>καὶ</strong></span> <span class='ocrx_word' id='word_1_97' title='bbox 1296 1554 1396 1622; x_wconf 77' lang='grc' dir='ltr'><strong>τὴν</strong></span> <span class='ocrx_word' id='word_1_98' title='bbox 1454 1551 1595 1605; x_wconf 82' lang='grc' dir='ltr'><strong>κατά</strong></span> <span class='ocrx_word' id='word_1_99' title='bbox 1651 1550 1774 1602; x_wconf 82' lang='grc' dir='ltr'><strong>νοῦν</strong></span> <span class='ocrx_word' id='word_1_100' title='bbox 1820 1548 1912 1602; x_wconf 82' lang='grc' dir='ltr'><strong>διὰ</strong></span> 
     </span>
    </p>
   </div>
   <div class='ocr_carea' id='block_1_16' title="bbox 327 1640 1906 1714">
    <p class='ocr_par' dir='ltr' id='par_1_16' title="bbox 327 1640 1906 1714">
     <span class='ocr_line' id='line_1_16' title="bbox 327 1640 1906 1714; baseline -0.003 -19"><span class='ocrx_word' id='word_1_101' title='bbox 327 1640 557 1697; x_wconf 77' lang='grc' dir='ltr'><strong>πάντων</strong></span> <span class='ocrx_word' id='word_1_102' title='bbox 583 1643 956 1714; x_wconf 76' lang='grc' dir='ltr'><strong>καθαρότητα,</strong></span> <span class='ocrx_word' id='word_1_103' title='bbox 995 1644 1092 1695; x_wconf 77' lang='grc' dir='ltr'><strong>καὶ</strong></span> <span class='ocrx_word' id='word_1_104' title='bbox 1120 1643 1200 1694; x_wconf 82' lang='grc' dir='ltr'><strong>τδ¹</strong></span> <span class='ocrx_word' id='word_1_105' title='bbox 1213 1643 1313 1712; x_wconf 86' lang='grc' dir='ltr'><strong>τῆς</strong></span> <span class='ocrx_word' id='word_1_106' title='bbox 1335 1641 1608 1702; x_wconf 73' lang='grc' dir='ltr'><strong>πολιτείας</strong></span> <span class='ocrx_word' id='word_1_107' title='bbox 1637 1640 1906 1704; x_wconf 80' lang='grc' dir='ltr'><strong>σύντονον,</strong></span> 
     </span>
    </p>
   </div>
   <div class='ocr_carea' id='block_1_17' title="bbox 324 1723 1907 1804">
    <p class='ocr_par' dir='ltr' id='par_1_17' title="bbox 324 1723 1907 1804">
     <span class='ocr_line' id='line_1_17' title="bbox 324 1723 1907 1804; baseline -0.003 -20"><span class='ocrx_word' id='word_1_108' title='bbox 324 1730 451 1784; x_wconf 74' lang='grc' dir='ltr'><strong>εἴτε</strong></span> <span class='ocrx_word' id='word_1_109' title='bbox 494 1732 585 1786; x_wconf 82' lang='grc' dir='ltr'><strong>διά</strong></span> <span class='ocrx_word' id='word_1_110' title='bbox 643 1732 747 1804; x_wconf 78' lang='grc' dir='ltr'><strong>τὴν</strong></span> <span class='ocrx_word' id='word_1_111' title='bbox 793 1733 852 1787; x_wconf 74' lang='grc' dir='ltr'><strong>ὲν</strong></span> <span class='ocrx_word' id='word_1_112' title='bbox 890 1731 1220 1802; x_wconf 76' lang='grc' dir='ltr'><strong>ἀμφοτέροις</strong></span> <span class='ocrx_word' id='word_1_113' title='bbox 1256 1733 1561 1802; x_wconf 84' lang='grc' dir='ltr'><strong>ταυτότητα</strong></span> <span class='ocrx_word' id='word_1_114' title='bbox 1608 1723 1706 1799; x_wconf 81' lang='grc' dir='ltr'><strong>τῆς</strong></span> <span class='ocrx_word' id='word_1_115' title='bbox 1756 1731 1814 1783; x_wconf 85' lang='grc' dir='ltr'><strong>ὲν</strong></span> <span class='ocrx_word' id='word_1_116' title='bbox 1839 1731 1907 1798; x_wconf 81' lang='grc' dir='ltr'><strong>τῇ</strong></span> 
     </span>
    </p>
   </div>
   <div class='ocr_carea' id='block_1_18' title="bbox 326 1820 1904 1901">
    <p class='ocr_par' dir='ltr' id='par_1_18' title="bbox 326 1820 1904 1901">
     <span class='ocr_line' id='line_1_18' title="bbox 326 1820 1904 1901; baseline 0 -27"><span class='ocrx_word' id='word_1_117' title='bbox 326 1821 520 1892; x_wconf 75' lang='grc' dir='ltr'><strong>χάριτι</strong></span> <span class='ocrx_word' id='word_1_118' title='bbox 548 1821 853 1901; x_wconf 69' lang='grc' dir='ltr'><strong>δυνάμεως,</strong></span> <span class='ocrx_word' id='word_1_119' title='bbox 885 1823 1068 1892; x_wconf 57' lang='lat' dir='ltr'><strong>(nl</strong></span> <span class='ocrx_word' id='word_1_120' title='bbox 1091 1824 1147 1890; x_wconf 76' lang='grc' dir='ltr'><strong>α)</strong></span> <span class='ocrx_word' id='word_1_121' title='bbox 1181 1821 1291 1874; x_wconf 72' lang='grc' dir='ltr'><strong>εἴτε</strong></span> <span class='ocrx_word' id='word_1_122' title='bbox 1351 1821 1476 1876; x_wconf 82' lang='grc' dir='ltr'><strong>καθ’</strong></span> <span class='ocrx_word' id='word_1_123' title='bbox 1507 1822 1690 1891; x_wconf 72' lang='grc' dir='ltr'><strong>ἕτερον</strong></span> <span class='ocrx_word' id='word_1_124' title='bbox 1745 1820 1904 1888; x_wconf 86' lang='grc' dir='ltr'><strong>λόγον</strong></span> 
     </span>
    </p>
   </div>
   <div class='ocr_carea' id='block_1_19' title="bbox 327 1910 1904 1984">
    <p class='ocr_par' dir='ltr' id='par_1_19' title="bbox 327 1910 1904 1984">
     <span class='ocr_line' id='line_1_19' title="bbox 327 1910 1904 1984; baseline 0 -21"><span class='ocrx_word' id='word_1_125' title='bbox 327 1911 671 1981; x_wconf 79' lang='grc' dir='ltr'><strong>ἀπόκρυφον,</strong></span> <span class='ocrx_word' id='word_1_126' title='bbox 711 1913 872 1975; x_wconf 83' lang='grc' dir='ltr'><strong>αὐτὸς</strong></span> <span class='ocrx_word' id='word_1_127' title='bbox 923 1912 990 1965; x_wconf 79' lang='grc' dir='ltr'><strong>ἂν</strong></span> <span class='ocrx_word' id='word_1_128' title='bbox 1037 1911 1205 1984; x_wconf 80' lang='grc' dir='ltr'><strong>εἰδείη</strong></span> <span class='ocrx_word' id='word_1_129' title='bbox 1241 1915 1271 1965; x_wconf 98' lang='lat'><strong>6</strong></span> <span class='ocrx_word' id='word_1_130' title='bbox 1296 1910 1470 1978; x_wconf 79' lang='grc' dir='ltr'><strong>λέγων</strong></span> <span class='ocrx_word' id='word_1_131' title='bbox 1497 1911 1573 1974; x_wconf 87' lang='grc' dir='ltr'><strong>ῶς</strong></span> <span class='ocrx_word' id='word_1_132' title='bbox 1613 1911 1765 1973; x_wconf 81' lang='grc' dir='ltr'><strong>Θεὸς,</strong></span> <span class='ocrx_word' id='word_1_133' title='bbox 1808 1911 1904 1963; x_wconf 77' lang='grc' dir='ltr'><strong>καὶ</strong></span> 
     </span>
    </p>
   </div>
   <div class='ocr_carea' id='block_1_20' title="bbox 322 2004 1903 2076">
    <p class='ocr_par' dir='ltr' id='par_1_20' title="bbox 322 2004 1903 2076">
     <span class='ocr_line' id='line_1_20' title="bbox 322 2004 1903 2076; baseline 0.002 -20"><span class='ocrx_word' id='word_1_134' title='bbox 322 2004 383 2056; x_wconf 73' lang='lat' dir='ltr'><strong>oi</strong></span> <span class='ocrx_word' id='word_1_135' title='bbox 404 2004 536 2075; x_wconf 76' lang='grc' dir='ltr'><strong>παρ’</strong></span> <span class='ocrx_word' id='word_1_136' title='bbox 565 2004 731 2057; x_wconf 84' lang='grc' dir='ltr'><strong>αὑτοῦ</strong></span> <span class='ocrx_word' id='word_1_137' title='bbox 757 2006 828 2058; x_wconf 81' lang='grc' dir='ltr'><strong>τὰ</strong></span> <span class='ocrx_word' id='word_1_138' title='bbox 844 2004 1068 2058; x_wconf 83' lang='grc' dir='ltr'><strong>τοιαῦτα</strong></span> <span class='ocrx_word' id='word_1_139' title='bbox 1097 2006 1372 2076; x_wconf 83' lang='grc' dir='ltr'><strong>μυστήρια</strong></span> <span class='ocrx_word' id='word_1_140' title='bbox 1397 2004 1778 2076; x_wconf 78' lang='grc' dir='ltr'><strong>σοφιζόμενοι..</strong></span> <span class='ocrx_word' id='word_1_141' title='bbox 1794 2007 1903 2060; x_wconf 73' lang='grc' dir='ltr'><strong>Καὶ</strong></span> 
     </span>
    </p>
   </div>
   <div class='ocr_carea' id='block_1_21' title="bbox 323 2091 1903 2166">
    <p class='ocr_par' dir='ltr' id='par_1_21' title="bbox 323 2091 1903 2166">
     <span class='ocr_line' id='line_1_21' title="bbox 323 2091 1903 2166; baseline 0.002 -20"><span class='ocrx_word' id='word_1_142' title='bbox 323 2091 496 2146; x_wconf 76' lang='grc' dir='ltr'><strong>πάλιν</strong></span> <span class='ocrx_word' id='word_1_143' title='bbox 520 2093 758 2147; x_wconf 81' lang='grc' dir='ltr'><strong>Μωῦσέα</strong></span> <span class='ocrx_word' id='word_1_144' title='bbox 786 2095 879 2146; x_wconf 82' lang='grc' dir='ltr'><strong>τὸν</strong></span> <span class='ocrx_word' id='word_1_145' title='bbox 923 2094 1108 2166; x_wconf 86' lang='grc' dir='ltr'><strong>νόμον,</strong></span> <span class='ocrx_word' id='word_1_146' title='bbox 1136 2094 1238 2150; x_wconf 64' lang='grc' dir='ltr'><strong>καὶ</strong></span> <span class='ocrx_word' id='word_1_147' title='bbox 1280 2098 1564 2166; x_wconf 77' lang='grc' dir='ltr'><strong>προφήτας</strong></span> <span class='ocrx_word' id='word_1_148' title='bbox 1599 2097 1697 2158; x_wconf 86' lang='grc' dir='ltr'><strong>τάς</strong></span> <span class='ocrx_word' id='word_1_149' title='bbox 1723 2096 1903 2149; x_wconf 83' lang='grc' dir='ltr'><strong>αὐτῶν</strong></span> 
     </span>
    </p>
   </div>
   <div class='ocr_carea' id='block_1_22' title="bbox 322 2173 1904 2256">
    <p class='ocr_par' dir='ltr' id='par_1_22' title="bbox 322 2173 1904 2256">
     <span class='ocr_line' id='line_1_22' title="bbox 322 2173 1904 2256; baseline 0.004 -22"><span class='ocrx_word' id='word_1_150' title='bbox 322 2184 677 2252; x_wconf 68' lang='grc' dir='ltr'><strong>προφητικάς</strong></span> <span class='ocrx_word' id='word_1_151' title='bbox 736 2183 974 2253; x_wconf 81' lang='grc' dir='ltr'><strong>βίϐλους,</strong></span> <span class='ocrx_word' id='word_1_152' title='bbox 1011 2173 1270 2249; x_wconf 61' lang='grc' dir='ltr'><strong>καλέσας,</strong></span> <span class='ocrx_word' id='word_1_153' title='bbox 1319 2186 1378 2237; x_wconf 76' lang='grc' dir='ltr'><strong>ἐν</strong></span> <span class='ocrx_word' id='word_1_154' title='bbox 1421 2181 1503 2248; x_wconf 77' lang='grc' dir='ltr'><strong>οἷς</strong></span> <span class='ocrx_word' id='word_1_155' title='bbox 1559 2186 1694 2256; x_wconf 83' lang='grc' dir='ltr'><strong>πρὸς</strong></span> <span class='ocrx_word' id='word_1_156' title='bbox 1731 2187 1820 2239; x_wconf 80' lang='grc' dir='ltr'><strong>τὸν</strong></span> <span class='ocrx_word' id='word_1_157' title='bbox 1845 2189 1904 2240; x_wconf 80' lang='grc' dir='ltr'><strong>ἐν</strong></span> 
     </span>
    </p>
   </div>
   <div class='ocr_carea' id='block_1_23' title="bbox 303 2259 1904 2352">
    <p class='ocr_par' dir='ltr' id='par_1_23' title="bbox 303 2259 1904 2352">
     <span class='ocr_line' id='line_1_23' title="bbox 303 2259 1904 2352; baseline -0.002 -20"><span class='ocrx_word' id='word_1_158' title='bbox 303 2259 399 2344; x_wconf 41' lang='grc' dir='ltr'><strong>’τῇ</strong></span> <span class='ocrx_word' id='word_1_159' title='bbox 465 2273 656 2343; x_wconf 76' lang='grc' dir='ltr'><strong>γεέννῃ</strong></span> <span class='ocrx_word' id='word_1_160' title='bbox 727 2273 1152 2343; x_wconf 77' lang='grc' dir='ltr'><strong>βασανιζόμενον</strong></span> <span class='ocrx_word' id='word_1_161' title='bbox 1208 2272 1460 2352; x_wconf 65' lang='grc' dir='ltr'><strong>πλούσιον</strong></span> <span class='ocrx_word' id='word_1_162' title='bbox 1513 2275 1759 2343; x_wconf 80' lang='grc' dir='ltr'><strong>φήσαντα</strong></span> <span class='ocrx_word' id='word_1_163' title='bbox 1810 2275 1904 2328; x_wconf 73' lang='grc' dir='ltr'><strong>τὸν</strong></span> 
     </span>
    </p>
   </div>
   <div class='ocr_carea' id='block_1_24' title="bbox 323 2359 1904 2436">
    <p class='ocr_par' dir='ltr' id='par_1_24' title="bbox 323 2359 1904 2436">
     <span class='ocr_line' id='line_1_24' title="bbox 323 2359 1904 2436; baseline 0.003 -24"><span class='ocrx_word' id='word_1_164' title='bbox 323 2361 678 2432; x_wconf 75' lang='grc' dir='ltr'><strong>πατριάρχην</strong></span> <span class='ocrx_word' id='word_1_165' title='bbox 716 2363 1010 2436; x_wconf 72' lang='grc' dir='ltr'><strong>εἰσήγαγεν</strong></span> <span class='ocrx_word' id='word_1_166' title='bbox 1062 2359 1332 2432; x_wconf 79' lang='grc' dir='ltr'><strong>Ἀϐραάμο</strong></span> <span class='ocrx_word' id='word_1_167' title='bbox 1356 2361 1609 2430; x_wconf 73' lang='grc' dir='ltr'><strong>Ἔχουσι</strong></span> <span class='ocrx_word' id='word_1_168' title='bbox 1649 2364 1904 2417; x_wconf 81' lang='grc' dir='ltr'><strong>Μωῦσέα</strong></span> 
     </span>
    </p>
   </div>
   <div class='ocr_carea' id='block_1_25' title="bbox 319 2446 1904 2520">
    <p class='ocr_par' dir='ltr' id='par_1_25' title="bbox 319 2446 1904 2520">
     <span class='ocr_line' id='line_1_25' title="bbox 319 2446 1904 2520; baseline 0 -14"><span class='ocrx_word' id='word_1_169' title='bbox 319 2446 432 2506; x_wconf 71' lang='grc' dir='ltr'><strong>καὶ</strong></span> <span class='ocrx_word' id='word_1_170' title='bbox 466 2452 609 2517; x_wconf 82' lang='grc' dir='ltr'><strong>τοὺς</strong></span> <span class='ocrx_word' id='word_1_171' title='bbox 660 2452 993 2520; x_wconf 68' lang='grc' dir='ltr'><strong>προφήτας.</strong></span> <span class='ocrx_word' id='word_1_172' title='bbox 1038 2450 1478 2507; x_wconf 77' lang='grc' dir='ltr'><strong>ἀκουσάτωσαν</strong></span> <span class='ocrx_word' id='word_1_173' title='bbox 1511 2451 1728 2515; x_wconf 81' lang='grc' dir='ltr'><strong>αὐτῶν,</strong></span> <span class='ocrx_word' id='word_1_174' title='bbox 1783 2455 1904 2506; x_wconf 78' lang='grc' dir='ltr'><strong>ἀντὶ</strong></span> 
     </span>
    </p>
   </div>
   <div class='ocr_carea' id='block_1_26' title="bbox 316 2540 1906 2614">
    <p class='ocr_par' dir='ltr' id='par_1_26' title="bbox 316 2540 1906 2614">
     <span class='ocr_line' id='line_1_26' title="bbox 316 2540 1906 2614; baseline -0.001 -18"><span class='ocrx_word' id='word_1_175' title='bbox 316 2540 439 2596; x_wconf 79' lang='grc' dir='ltr'><strong>τῶν</strong></span> <span class='ocrx_word' id='word_1_176' title='bbox 473 2542 566 2595; x_wconf 80' lang='grc' dir='ltr'><strong>ὑπ’</strong></span> <span class='ocrx_word' id='word_1_177' title='bbox 597 2542 779 2597; x_wconf 81' lang='grc' dir='ltr'><strong>αὐτῶν</strong></span> <span class='ocrx_word' id='word_1_178' title='bbox 826 2543 1245 2614; x_wconf 83' lang='grc' dir='ltr'><strong>συγγραφεισῶν</strong></span> <span class='ocrx_word' id='word_1_179' title='bbox 1280 2541 1439 2595; x_wconf 80' lang='grc' dir='ltr'><strong>θείων</strong></span> <span class='ocrx_word' id='word_1_180' title='bbox 1467 2541 1664 2611; x_wconf 87' lang='grc' dir='ltr'><strong>βίϐλων</strong></span> <span class='ocrx_word' id='word_1_181' title='bbox 1707 2544 1906 2606; x_wconf 79' lang='grc' dir='ltr'><strong>αὐτοὺς</strong></span> 
     </span>
    </p>
   </div>
   <div class='ocr_carea' id='block_1_27' title="bbox 321 2632 1903 2705">
    <p class='ocr_par' dir='ltr' id='par_1_27' title="bbox 321 2632 1903 2705">
     <span class='ocr_line' id='line_1_27' title="bbox 321 2632 1903 2705; baseline -0.001 -18"><span class='ocrx_word' id='word_1_182' title='bbox 321 2633 575 2698; x_wconf 68' lang='grc' dir='ltr'><strong>ἱκείνους</strong></span> <span class='ocrx_word' id='word_1_183' title='bbox 602 2635 1004 2705; x_wconf 82' lang='grc' dir='ltr'><strong>παραθέμενος.</strong></span> <span class='ocrx_word' id='word_1_184' title='bbox 1049 2634 1290 2689; x_wconf 79' lang='grc' dir='ltr'><strong>Μωῦσέα</strong></span> <span class='ocrx_word' id='word_1_185' title='bbox 1314 2633 1455 2704; x_wconf 79' lang='grc' dir='ltr'><strong>φημὶ</strong></span> <span class='ocrx_word' id='word_1_186' title='bbox 1487 2632 1581 2685; x_wconf 79' lang='grc' dir='ltr'><strong>καὶ</strong></span> <span class='ocrx_word' id='word_1_187' title='bbox 1616 2634 1741 2695; x_wconf 85' lang='grc' dir='ltr'><strong>τοὺς</strong></span> <span class='ocrx_word' id='word_1_188' title='bbox 1769 2649 1903 2702; x_wconf 86' lang='grc' dir='ltr'><strong>προ-</strong></span> 
     </span>
    </p>
   </div>
   <div class='ocr_carea' id='block_1_28' title="bbox 321 2714 1902 2792">
    <p class='ocr_par' dir='ltr' id='par_1_28' title="bbox 321 2714 1902 2792">
     <span class='ocr_line' id='line_1_28' title="bbox 321 2714 1902 2792; baseline -0.001 -18"><span class='ocrx_word' id='word_1_189' title='bbox 321 2722 528 2792; x_wconf 79' lang='grc' dir='ltr'><strong>φήτας.</strong></span> <span class='ocrx_word' id='word_1_190' title='bbox 565 2723 673 2774; x_wconf 76' lang='grc' dir='ltr'><strong>Καὶ</strong></span> <span class='ocrx_word' id='word_1_191' title='bbox 703 2722 1012 2792; x_wconf 79' lang='grc' dir='ltr'><strong>θαυμαστὸν</strong></span> <span class='ocrx_word' id='word_1_192' title='bbox 1061 2722 1236 2776; x_wconf 78' lang='grc' dir='ltr'><strong>οὐδέν.</strong></span> <span class='ocrx_word' id='word_1_193' title='bbox 1272 2724 1334 2776; x_wconf 82' lang='grc' dir='ltr'><strong>Εἰ</strong></span> <span class='ocrx_word' id='word_1_194' title='bbox 1365 2723 1473 2792; x_wconf 82' lang='grc' dir='ltr'><strong>γὰρ</strong></span> <span class='ocrx_word' id='word_1_195' title='bbox 1500 2714 1579 2784; x_wconf 81' lang='grc' dir='ltr'><strong>εἷς</strong></span> <span class='ocrx_word' id='word_1_196' title='bbox 1608 2721 1756 2774; x_wconf 69' lang='grc' dir='ltr'><strong>ἐστιν</strong></span> <span class='ocrx_word' id='word_1_197' title='bbox 1780 2721 1808 2772; x_wconf 90' lang='lat'><strong>6</strong></span> <span class='ocrx_word' id='word_1_198' title='bbox 1835 2720 1902 2772; x_wconf 82' lang='grc' dir='ltr'><strong>δι’</strong></span> 
     </span>
    </p>
   </div>
   <div class='ocr_carea' id='block_1_29' title="bbox 323 2806 1904 2880">
    <p class='ocr_par' dir='ltr' id='par_1_29' title="bbox 323 2806 1904 2880">
     <span class='ocr_line' id='line_1_29' title="bbox 323 2806 1904 2880; baseline 0.004 -21"><span class='ocrx_word' id='word_1_199' title='bbox 323 2808 512 2860; x_wconf 79' lang='grc' dir='ltr'><strong>αὐτῶν</strong></span> <span class='ocrx_word' id='word_1_200' title='bbox 533 2811 1053 2880; x_wconf 83' lang='grc' dir='ltr'><strong>καταγγελλόμενος,</strong></span> <span class='ocrx_word' id='word_1_201' title='bbox 1088 2813 1138 2863; x_wconf 78' lang='lat' dir='ltr'><strong>oi</strong></span> <span class='ocrx_word' id='word_1_202' title='bbox 1165 2815 1364 2874; x_wconf 80' lang='grc' dir='ltr'><strong>πάντες</strong></span> <span class='ocrx_word' id='word_1_203' title='bbox 1395 2811 1470 2873; x_wconf 86' lang='grc' dir='ltr'><strong>ὡς</strong></span> <span class='ocrx_word' id='word_1_204' title='bbox 1509 2806 1589 2872; x_wconf 76' lang='grc' dir='ltr'><strong>εἷς</strong></span> <span class='ocrx_word' id='word_1_205' title='bbox 1617 2810 1674 2863; x_wconf 85' lang='grc' dir='ltr'><strong>ὃν</strong></span> <span class='ocrx_word' id='word_1_206' title='bbox 1697 2826 1904 2878; x_wconf 84' lang='grc' dir='ltr'><strong>καταγ-</strong></span> 
     </span>
    </p>
   </div>
   <div class='ocr_carea' id='block_1_30' title="bbox 323 2897 1902 2965">
    <p class='ocr_par' dir='ltr' id='par_1_30' title="bbox 323 2897 1902 2965">
     <span class='ocr_line' id='line_1_30' title="bbox 323 2897 1902 2965; baseline 0.003 -16"><span class='ocrx_word' id='word_1_207' title='bbox 323 2897 581 2965; x_wconf 77' lang='grc' dir='ltr'><strong>γέλλουσι</strong></span> <span class='ocrx_word' id='word_1_208' title='bbox 655 2900 896 2952; x_wconf 76' lang='grc' dir='ltr'><strong>νοεῖσθαι</strong></span> <span class='ocrx_word' id='word_1_209' title='bbox 969 2900 1260 2963; x_wconf 71' lang='grc' dir='ltr'><strong>δύνανται,</strong></span> <span class='ocrx_word' id='word_1_210' title='bbox 1335 2902 1429 2953; x_wconf 81' lang='grc' dir='ltr'><strong>καὶ</strong></span> <span class='ocrx_word' id='word_1_211' title='bbox 1505 2901 1624 2952; x_wconf 73' lang='grc' dir='ltr'><strong>ἀντὶ</strong></span> <span class='ocrx_word' id='word_1_212' title='bbox 1689 2902 1902 2954; x_wconf 82' lang='grc' dir='ltr'><strong>πάντων</strong></span> 
     </span>
    </p>
   </div>
   <div class='ocr_carea' id='block_1_31' title="bbox 321 2986 1902 3060">
    <p class='ocr_par' dir='ltr' id='par_1_31' title="bbox 321 2986 1902 3060">
     <span class='ocr_line' id='line_1_31' title="bbox 321 2986 1902 3060; baseline 0.003 -20"><span class='ocrx_word' id='word_1_213' title='bbox 321 2986 560 3051; x_wconf 72' lang='grc' dir='ltr'><strong>ἕκαστος</strong></span> <span class='ocrx_word' id='word_1_214' title='bbox 581 2989 674 3040; x_wconf 78' lang='grc' dir='ltr'><strong>καὶ</strong></span> <span class='ocrx_word' id='word_1_215' title='bbox 699 2990 898 3052; x_wconf 82' lang='grc' dir='ltr'><strong>πάντες</strong></span> <span class='ocrx_word' id='word_1_216' title='bbox 920 2989 1136 3042; x_wconf 83' lang='grc' dir='ltr'><strong>πάντων</strong></span> <span class='ocrx_word' id='word_1_217' title='bbox 1149 2989 1390 3052; x_wconf 75' lang='grc' dir='ltr'><strong>εὐσεϐῶς</strong></span> <span class='ocrx_word' id='word_1_218' title='bbox 1412 2991 1902 3060; x_wconf 81' lang='grc' dir='ltr'><strong>ἀντιπαραλαμϐἀ-</strong></span> 
     </span>
    </p>
   </div>
   <div class='ocr_carea' id='block_1_32' title="bbox 323 3076 1902 3149">
    <p class='ocr_par' dir='ltr' id='par_1_32' title="bbox 323 3076 1902 3149">
     <span class='ocr_line' id='line_1_32' title="bbox 323 3076 1902 3149; baseline 0.003 -19"><span class='ocrx_word' id='word_1_219' title='bbox 323 3076 536 3138; x_wconf 85' lang='grc' dir='ltr'><strong>νεσθαι,</strong></span> <span class='ocrx_word' id='word_1_220' title='bbox 561 3078 670 3131; x_wconf 90' lang='grc' dir='ltr'><strong>τῶν</strong></span> <span class='ocrx_word' id='word_1_221' title='bbox 698 3095 754 3130; x_wconf 89' lang='grc' dir='ltr'><strong>τε</strong></span> <span class='ocrx_word' id='word_1_222' title='bbox 772 3078 1246 3149; x_wconf 84' lang='grc' dir='ltr'><strong>διακονησαμένων</strong></span> <span class='ocrx_word' id='word_1_223' title='bbox 1262 3077 1341 3148; x_wconf 84' lang='grc' dir='ltr'><strong>τῷ</strong></span> <span class='ocrx_word' id='word_1_224' title='bbox 1360 3079 1503 3132; x_wconf 80' lang='grc' dir='ltr'><strong>κατὰ</strong></span> <span class='ocrx_word' id='word_1_225' title='bbox 1529 3079 1627 3149; x_wconf 83' lang='grc' dir='ltr'><strong>τὴν</strong></span> <span class='ocrx_word' id='word_1_226' title='bbox 1656 3082 1902 3134; x_wconf 78' lang='grc' dir='ltr'><strong>Παλαιὰν</strong></span> 
     </span>
    </p>
   </div>
   <div class='ocr_carea' id='block_1_33' title="bbox 322 3168 1901 3240">
    <p class='ocr_par' dir='ltr' id='par_1_33' title="bbox 322 3168 1901 3240">
     <span class='ocr_line' id='line_1_33' title="bbox 322 3168 1901 3240; baseline 0.001 -18"><span class='ocrx_word' id='word_1_227' title='bbox 322 3168 611 3239; x_wconf 69' lang='grc' dir='ltr'><strong>Διαθήκην</strong></span> <span class='ocrx_word' id='word_1_228' title='bbox 693 3169 976 3240; x_wconf 83' lang='grc' dir='ltr'><strong>μυστηρίῳ</strong></span> <span class='ocrx_word' id='word_1_229' title='bbox 1041 3171 1134 3222; x_wconf 76' lang='grc' dir='ltr'><strong>καὶ</strong></span> <span class='ocrx_word' id='word_1_230' title='bbox 1203 3171 1315 3225; x_wconf 70' lang='grc' dir='ltr'><strong>τῶν</strong></span> <span class='ocrx_word' id='word_1_231' title='bbox 1385 3169 1780 3223; x_wconf 80' lang='grc' dir='ltr'><strong>πιστευθέντων</strong></span> <span class='ocrx_word' id='word_1_232' title='bbox 1839 3171 1901 3224; x_wconf 82' lang='grc' dir='ltr'><strong>τὸ</strong></span> 
     </span>
    </p>
   </div>
   <div class='ocr_carea' id='block_1_34' title="bbox 2009 724 3586 808">
    <p class='ocr_par' dir='ltr' id='par_1_34' title="bbox 2009 724 3586 808">
     <span class='ocr_line' id='line_1_34' title="bbox 2009 724 3586 808; baseline 0.008 -27"><span class='ocrx_word' id='word_1_233' title='bbox 2009 736 2098 782; x_wconf 89' lang='lat' dir='ltr'><strong>ret</strong></span> <span class='ocrx_word' id='word_1_234' title='bbox 2134 728 2381 799; x_wconf 79' lang='lat' dir='ltr'><strong>mysterii</strong></span> <span class='ocrx_word' id='word_1_235' title='bbox 2426 724 2736 798; x_wconf 66' lang='lat' dir='ltr'><strong>prxcursor</strong></span> <span class='ocrx_word' id='word_1_236' title='bbox 2763 741 2904 796; x_wconf 88' lang='lat' dir='ltr'><strong>erat,</strong></span> <span class='ocrx_word' id='word_1_237' title='bbox 2937 734 3204 805; x_wconf 75' lang='lat' dir='ltr'><strong>imagines</strong></span> <span class='ocrx_word' id='word_1_238' title='bbox 3244 753 3343 806; x_wconf 90' lang='lat' dir='ltr'><strong>per</strong></span> <span class='ocrx_word' id='word_1_239' title='bbox 3371 754 3434 792; x_wconf 89' lang='lat' dir='ltr'><strong>ea</strong></span> <span class='ocrx_word' id='word_1_240' title='bbox 3463 756 3586 808; x_wconf 73' lang='lat' dir='ltr'><strong>quae</strong></span> 
     </span>
    </p>
   </div>
   <div class='ocr_carea' id='block_1_35' title="bbox 2010 817 3585 898">
    <p class='ocr_par' dir='ltr' id='par_1_35' title="bbox 2010 817 3585 898">
     <span class='ocr_line' id='line_1_35' title="bbox 2010 817 3585 898; baseline 0.01 -29"><span class='ocrx_word' id='word_1_241' title='bbox 2010 817 2324 886; x_wconf 86' lang='lat' dir='ltr'><strong>patiebatur</strong></span> <span class='ocrx_word' id='word_1_242' title='bbox 2360 825 2418 872; x_wconf 90' lang='lat' dir='ltr'><strong>et</strong></span> <span class='ocrx_word' id='word_1_243' title='bbox 2459 819 2654 888; x_wconf 83' lang='lat' dir='ltr'><strong>agebat</strong></span> <span class='ocrx_word' id='word_1_244' title='bbox 2682 828 2738 874; x_wconf 90' lang='lat' dir='ltr'><strong>et</strong></span> <span class='ocrx_word' id='word_1_245' title='bbox 2763 821 2985 877; x_wconf 89' lang='lat' dir='ltr'><strong>dicebat</strong></span> <span class='ocrx_word' id='word_1_246' title='bbox 3025 825 3224 878; x_wconf 89' lang='lat' dir='ltr'><strong>borum</strong></span> <span class='ocrx_word' id='word_1_247' title='bbox 3253 831 3585 898; x_wconf 78' lang='lat' dir='ltr'><strong>exemplaria</strong></span> 
     </span>
    </p>
   </div>
   <div class='ocr_carea' id='block_1_36' title="bbox 2008 905 3585 988">
    <p class='ocr_par' dir='ltr' id='par_1_36' title="bbox 2008 905 3585 988">
     <span class='ocr_line' id='line_1_36' title="bbox 2008 905 3585 988; baseline 0.011 -31"><span class='ocrx_word' id='word_1_248' title='bbox 2008 905 2334 975; x_wconf 83' lang='lat' dir='ltr'><strong>primigenia</strong></span> <span class='ocrx_word' id='word_1_249' title='bbox 2361 909 2756 976; x_wconf 62' lang='lat' dir='ltr'><strong>praanuntians.</strong></span> <span class='ocrx_word' id='word_1_250' title='bbox 2784 909 2964 976; x_wconf 85' lang='lat' dir='ltr'><strong>Quare</strong></span> <span class='ocrx_word' id='word_1_251' title='bbox 2993 914 3162 984; x_wconf 85' lang='lat' dir='ltr'><strong>etiam</strong></span> <span class='ocrx_word' id='word_1_252' title='bbox 3194 915 3333 970; x_wconf 89' lang='lat' dir='ltr'><strong>bene</strong></span> <span class='ocrx_word' id='word_1_253' title='bbox 3356 926 3413 971; x_wconf 90' lang='lat' dir='ltr'><strong>et</strong></span> <span class='ocrx_word' id='word_1_254' title='bbox 3447 935 3585 988; x_wconf 75' lang='lat' dir='ltr'><strong>pra:-</strong></span> 
     </span>
    </p>
   </div>
   <div class='ocr_carea' id='block_1_37' title="bbox 2010 997 3588 1074">
    <p class='ocr_par' dir='ltr' id='par_1_37' title="bbox 2010 997 3588 1074">
     <span class='ocr_line' id='line_1_37' title="bbox 2010 997 3588 1074; baseline 0.01 -26"><span class='ocrx_word' id='word_1_255' title='bbox 2010 1003 2096 1049; x_wconf 91' lang='lat' dir='ltr'><strong>ter</strong></span> <span class='ocrx_word' id='word_1_256' title='bbox 2121 997 2608 1065; x_wconf 86' lang='lat' dir='ltr'><strong>reprehensionem</strong></span> <span class='ocrx_word' id='word_1_257' title='bbox 2640 1015 2742 1069; x_wconf 92' lang='lat' dir='ltr'><strong>pro</strong></span> <span class='ocrx_word' id='word_1_258' title='bbox 2766 1017 2826 1054; x_wconf 90' lang='lat' dir='ltr'><strong>se</strong></span> <span class='ocrx_word' id='word_1_259' title='bbox 2861 1003 3094 1058; x_wconf 88' lang='lat' dir='ltr'><strong>invicem</strong></span> <span class='ocrx_word' id='word_1_260' title='bbox 3127 1007 3494 1074; x_wconf 86' lang='lat' dir='ltr'><strong>accipiuntur,</strong></span> <span class='ocrx_word' id='word_1_261' title='bbox 3527 1019 3588 1064; x_wconf 91' lang='lat' dir='ltr'><strong>et</strong></span> 
     </span>
    </p>
   </div>
   <div class='ocr_carea' id='block_1_38' title="bbox 2007 1088 3584 1166">
    <p class='ocr_par' dir='ltr' id='par_1_38' title="bbox 2007 1088 3584 1166">
     <span class='ocr_line' id='line_1_38' title="bbox 2007 1088 3584 1166; baseline 0.01 -27"><span class='ocrx_word' id='word_1_262' title='bbox 2007 1101 2110 1154; x_wconf 91' lang='lat' dir='ltr'><strong>pro</strong></span> <span class='ocrx_word' id='word_1_263' title='bbox 2135 1088 2396 1142; x_wconf 89' lang='lat' dir='ltr'><strong>omnibus</strong></span> <span class='ocrx_word' id='word_1_264' title='bbox 2425 1104 2618 1144; x_wconf 86' lang='lat' dir='ltr'><strong>omnes</strong></span> <span class='ocrx_word' id='word_1_265' title='bbox 2653 1101 2712 1145; x_wconf 87' lang='lat' dir='ltr'><strong>et</strong></span> <span class='ocrx_word' id='word_1_266' title='bbox 2742 1093 2978 1162; x_wconf 88' lang='lat' dir='ltr'><strong>quisque</strong></span> <span class='ocrx_word' id='word_1_267' title='bbox 3011 1109 3113 1164; x_wconf 89' lang='lat' dir='ltr'><strong>pro</strong></span> <span class='ocrx_word' id='word_1_268' title='bbox 3143 1112 3382 1166; x_wconf 89' lang='lat' dir='ltr'><strong>quoque.</strong></span> <span class='ocrx_word' id='word_1_269' title='bbox 3415 1100 3584 1155; x_wconf 89' lang='lat' dir='ltr'><strong>etiam</strong></span> 
     </span>
    </p>
   </div>
   <div class='ocr_carea' id='block_1_39' title="bbox 2006 1176 3584 1256">
    <p class='ocr_par' dir='ltr' id='par_1_39' title="bbox 2006 1176 3584 1256">
     <span class='ocr_line' id='line_1_39' title="bbox 2006 1176 3584 1256; baseline 0.01 -29"><span class='ocrx_word' id='word_1_270' title='bbox 2006 1191 2111 1245; x_wconf 89' lang='lat' dir='ltr'><strong>pro</strong></span> <span class='ocrx_word' id='word_1_271' title='bbox 2141 1176 2301 1232; x_wconf 86' lang='lat' dir='ltr'><strong>libris</strong></span> <span class='ocrx_word' id='word_1_272' title='bbox 2323 1179 2394 1232; x_wconf 90' lang='lat' dir='ltr'><strong>ab</strong></span> <span class='ocrx_word' id='word_1_273' title='bbox 2417 1179 2556 1248; x_wconf 87' lang='lat' dir='ltr'><strong>ipsis</strong></span> <span class='ocrx_word' id='word_1_274' title='bbox 2587 1183 2940 1252; x_wconf 78' lang='lat' dir='ltr'><strong>conscriptis,</strong></span> <span class='ocrx_word' id='word_1_275' title='bbox 2973 1193 3032 1238; x_wconf 90' lang='lat' dir='ltr'><strong>et</strong></span> <span class='ocrx_word' id='word_1_276' title='bbox 3055 1201 3158 1254; x_wconf 91' lang='lat' dir='ltr'><strong>pro</strong></span> <span class='ocrx_word' id='word_1_277' title='bbox 3209 1187 3344 1256; x_wconf 87' lang='lat' dir='ltr'><strong>ipsis</strong></span> <span class='ocrx_word' id='word_1_278' title='bbox 3375 1189 3500 1242; x_wconf 82' lang='lat' dir='ltr'><strong>libri</strong></span> <span class='ocrx_word' id='word_1_279' title='bbox 3526 1191 3584 1245; x_wconf 86' lang='lat' dir='ltr'><strong>in</strong></span> 
     </span>
    </p>
   </div>
   <div class='ocr_carea' id='block_1_40' title="bbox 2008 1262 3587 1342">
    <p class='ocr_par' dir='ltr' id='par_1_40' title="bbox 2008 1262 3587 1342">
     <span class='ocr_line' id='line_1_40' title="bbox 2008 1262 3587 1342; baseline 0.01 -24"><span class='ocrx_word' id='word_1_280' title='bbox 2008 1262 2307 1333; x_wconf 70' lang='lat' dir='ltr'><strong>Scriptum</strong></span> <span class='ocrx_word' id='word_1_281' title='bbox 2337 1281 2440 1319; x_wconf 91' lang='lat' dir='ltr'><strong>usu</strong></span> <span class='ocrx_word' id='word_1_282' title='bbox 2462 1269 2830 1336; x_wconf 84' lang='lat' dir='ltr'><strong>appellantur.</strong></span> <span class='ocrx_word' id='word_1_283' title='bbox 2857 1271 3012 1337; x_wconf 85' lang='lat' dir='ltr'><strong>Quod</strong></span> <span class='ocrx_word' id='word_1_284' title='bbox 3045 1286 3232 1342; x_wconf 87' lang='lat' dir='ltr'><strong>aperte</strong></span> <span class='ocrx_word' id='word_1_285' title='bbox 3271 1277 3587 1334; x_wconf 73' lang='lat' dir='ltr'><strong>manifestat</strong></span> 
     </span>
    </p>
   </div>
   <div class='ocr_carea' id='block_1_41' title="bbox 2006 1353 3630 1426">
    <p class='ocr_par' dir='ltr' id='par_1_41' title="bbox 2006 1353 3630 1426">
     <span class='ocr_line' id='line_1_41' title="bbox 2006 1353 3630 1426; baseline 0.009 -21"><span class='ocrx_word' id='word_1_286' title='bbox 2006 1353 2280 1422; x_wconf 80' lang='lat' dir='ltr'><strong>Dominusl</strong></span> <span class='ocrx_word' id='word_1_287' title='bbox 2311 1353 2579 1408; x_wconf 85' lang='lat' dir='ltr'><strong>Joannem</strong></span> <span class='ocrx_word' id='word_1_288' title='bbox 2602 1357 2905 1426; x_wconf 81' lang='lat' dir='ltr'><strong>&#39;baptistam</strong></span> <span class='ocrx_word' id='word_1_289' title='bbox 2953 1361 3128 1417; x_wconf 86' lang='lat' dir='ltr'><strong>Eliam</strong></span> <span class='ocrx_word' id='word_1_290' title='bbox 3179 1373 3237 1416; x_wconf 90' lang='lat' dir='ltr'><strong>et</strong></span> <span class='ocrx_word' id='word_1_291' title='bbox 3279 1363 3486 1420; x_wconf 82' lang='lat' dir='ltr'><strong>faciens</strong></span> <span class='ocrx_word' id='word_1_292' title='bbox 3528 1377 3586 1422; x_wconf 91' lang='lat' dir='ltr'><strong>et</strong></span> <span class='ocrx_word' id='word_1_293' title='bbox 3619 1414 3630 1420; x_wconf 80' lang='lat'><strong>-</strong></span> 
     </span>
    </p>
   </div>
   <div class='ocr_carea' id='block_1_42' title="bbox 2007 1443 3583 1528">
    <p class='ocr_par' dir='ltr' id='par_1_42' title="bbox 2007 1443 3583 1528">
     <span class='ocr_line' id='line_1_42' title="bbox 2007 1443 3583 1528; baseline 0.009 -31"><span class='ocrx_word' id='word_1_294' title='bbox 2007 1443 2200 1499; x_wconf 88' lang='lat' dir='ltr'><strong>dicens</strong></span> <span class='ocrx_word' id='word_1_295' title='bbox 2243 1454 2303 1509; x_wconf 67' lang='grc' dir='ltr'><strong>ω,</strong></span> <span class='ocrx_word' id='word_1_296' title='bbox 2351 1446 2468 1500; x_wconf 91' lang='lat' dir='ltr'><strong>sive</strong></span> <span class='ocrx_word' id='word_1_297' title='bbox 2516 1456 2743 1517; x_wconf 86' lang='lat' dir='ltr'><strong>propter</strong></span> <span class='ocrx_word' id='word_1_298' title='bbox 2797 1465 2986 1518; x_wconf 88' lang='lat' dir='ltr'><strong>parem</strong></span> <span class='ocrx_word' id='word_1_299' title='bbox 3055 1453 3268 1528; x_wconf 82' lang='lat' dir='ltr'><strong>virtutis</strong></span> <span class='ocrx_word' id='word_1_300' title='bbox 3310 1457 3583 1523; x_wconf 81' lang='lat' dir='ltr'><strong>habitum,</strong></span> 
     </span>
    </p>
   </div>
   <div class='ocr_carea' id='block_1_43' title="bbox 2006 1535 3585 1617">
    <p class='ocr_par' dir='ltr' id='par_1_43' title="bbox 2006 1535 3585 1617">
     <span class='ocr_line' id='line_1_43' title="bbox 2006 1535 3585 1617; baseline 0.009 -29"><span class='ocrx_word' id='word_1_301' title='bbox 2006 1543 2070 1588; x_wconf 89' lang='lat' dir='ltr'><strong>ut</strong></span> <span class='ocrx_word' id='word_1_302' title='bbox 2114 1535 2372 1605; x_wconf 87' lang='lat' dir='ltr'><strong>discipuli</strong></span> <span class='ocrx_word' id='word_1_303' title='bbox 2405 1537 2620 1603; x_wconf 91' lang='lat' dir='ltr'><strong>dicunt,</strong></span> <span class='ocrx_word' id='word_1_304' title='bbox 2651 1554 2715 1593; x_wconf 85' lang='lat' dir='ltr'><strong>ac</strong></span> <span class='ocrx_word' id='word_1_305' title='bbox 2754 1543 2956 1596; x_wconf 89' lang='lat' dir='ltr'><strong>mentis</strong></span> <span class='ocrx_word' id='word_1_306' title='bbox 3000 1559 3101 1611; x_wconf 90' lang='lat' dir='ltr'><strong>per</strong></span> <span class='ocrx_word' id='word_1_307' title='bbox 3139 1548 3325 1599; x_wconf 84' lang='lat' dir='ltr'><strong>omnia</strong></span> <span class='ocrx_word' id='word_1_308' title='bbox 3371 1549 3585 1617; x_wconf 80' lang='lat' dir='ltr'><strong>purita-</strong></span> 
     </span>
    </p>
   </div>
   <div class='ocr_carea' id='block_1_44' title="bbox 2008 1632 3586 1708">
    <p class='ocr_par' dir='ltr' id='par_1_44' title="bbox 2008 1632 3586 1708">
     <span class='ocr_line' id='line_1_44' title="bbox 2008 1632 3586 1708; baseline 0.013 -33"><span class='ocrx_word' id='word_1_309' title='bbox 2008 1632 2157 1689; x_wconf 84' lang='lat' dir='ltr'><strong>tem,</strong></span> <span class='ocrx_word' id='word_1_310' title='bbox 2235 1636 2569 1696; x_wconf 79' lang='lat' dir='ltr'><strong>propterque</strong></span> <span class='ocrx_word' id='word_1_311' title='bbox 2617 1632 3053 1687; x_wconf 85' lang='lat' dir='ltr'><strong>conversationis</strong></span> <span class='ocrx_word' id='word_1_312' title='bbox 3116 1644 3174 1708; x_wconf 78' lang='lat' dir='ltr'><strong>et</strong></span> <span class='ocrx_word' id='word_1_313' title='bbox 3232 1635 3357 1691; x_wconf 72' lang='lat' dir='ltr'><strong>i&#39;iue</strong></span> <span class='ocrx_word' id='word_1_314' title='bbox 3403 1653 3586 1708; x_wconf 65' lang='lat' dir='ltr'><strong>aequa-</strong></span> 
     </span>
    </p>
   </div>
   <div class='ocr_carea' id='block_1_45' title="bbox 2005 1699 3586 1798">
    <p class='ocr_par' dir='ltr' id='par_1_45' title="bbox 2005 1699 3586 1798">
     <span class='ocr_line' id='line_1_45' title="bbox 2005 1699 3586 1798; baseline 0.011 -33"><span class='ocrx_word' id='word_1_315' title='bbox 2005 1713 2238 1780; x_wconf 86' lang='lat' dir='ltr'><strong>litatem,</strong></span> <span class='ocrx_word' id='word_1_316' title='bbox 2270 1718 2386 1770; x_wconf 89' lang='lat' dir='ltr'><strong>sive</strong></span> <span class='ocrx_word' id='word_1_317' title='bbox 2417 1719 2490 1771; x_wconf 90' lang='lat' dir='ltr'><strong>ob</strong></span> <span class='ocrx_word' id='word_1_318' title='bbox 2518 1719 2862 1775; x_wconf 88' lang='lat' dir='ltr'><strong>identitatem</strong></span> <span class='ocrx_word' id='word_1_319' title='bbox 2890 1699 3177 1793; x_wconf 70' lang='lat' dir='ltr'><strong>utriusque</strong></span> <span class='ocrx_word' id='word_1_320' title='bbox 3207 1727 3263 1780; x_wconf 89' lang='lat' dir='ltr'><strong>in</strong></span> <span class='ocrx_word' id='word_1_321' title='bbox 3289 1699 3586 1798; x_wconf 50' lang='lat' dir='ltr'><strong>gratia-po-</strong></span> 
     </span>
    </p>
   </div>
   <div class='ocr_carea' id='block_1_46' title="bbox 1986 1805 3583 1886">
    <p class='ocr_par' dir='ltr' id='par_1_46' title="bbox 1986 1805 3583 1886">
     <span class='ocr_line' id='line_1_46' title="bbox 1986 1805 3583 1886; baseline 0.009 -29"><span class='ocrx_word' id='word_1_322' title='bbox 1986 1805 2238 1867; x_wconf 81' lang='lat' dir='ltr'><strong>testatis,</strong></span> <span class='ocrx_word' id='word_1_323' title='bbox 2283 1806 2400 1860; x_wconf 87' lang='lat' dir='ltr'><strong>sive</strong></span> <span class='ocrx_word' id='word_1_324' title='bbox 2444 1809 2514 1862; x_wconf 90' lang='lat' dir='ltr'><strong>de</strong></span> <span class='ocrx_word' id='word_1_325' title='bbox 2549 1810 2653 1863; x_wconf 87' lang='lat' dir='ltr'><strong>alia</strong></span> <span class='ocrx_word' id='word_1_326' title='bbox 2693 1814 2913 1866; x_wconf 83' lang='lat' dir='ltr'><strong>occulta</strong></span> <span class='ocrx_word' id='word_1_327' title='bbox 2954 1815 3190 1879; x_wconf 86' lang='lat' dir='ltr'><strong>ratione,</strong></span> <span class='ocrx_word' id='word_1_328' title='bbox 3238 1815 3355 1884; x_wconf 90' lang='lat' dir='ltr'><strong>ipse</strong></span> <span class='ocrx_word' id='word_1_329' title='bbox 3393 1819 3488 1886; x_wconf 89' lang='lat' dir='ltr'><strong>qui</strong></span> <span class='ocrx_word' id='word_1_330' title='bbox 3522 1829 3583 1874; x_wconf 94' lang='lat' dir='ltr'><strong>ut</strong></span> 
     </span>
    </p>
   </div>
   <div class='ocr_carea' id='block_1_47' title="bbox 2005 1893 3581 1977">
    <p class='ocr_par' dir='ltr' id='par_1_47' title="bbox 2005 1893 3581 1977">
     <span class='ocr_line' id='line_1_47' title="bbox 2005 1893 3581 1977; baseline 0.011 -31"><span class='ocrx_word' id='word_1_331' title='bbox 2005 1893 2150 1948; x_wconf 89' lang='lat' dir='ltr'><strong>Deus</strong></span> <span class='ocrx_word' id='word_1_332' title='bbox 2171 1896 2391 1951; x_wconf 89' lang='lat' dir='ltr'><strong>locutus</strong></span> <span class='ocrx_word' id='word_1_333' title='bbox 2412 1907 2498 1952; x_wconf 92' lang='lat' dir='ltr'><strong>est</strong></span> <span class='ocrx_word' id='word_1_334' title='bbox 2518 1899 2763 1966; x_wconf 87' lang='lat' dir='ltr'><strong>sciverit,</strong></span> <span class='ocrx_word' id='word_1_335' title='bbox 2787 1909 2844 1954; x_wconf 89' lang='lat' dir='ltr'><strong>et</strong></span> <span class='ocrx_word' id='word_1_336' title='bbox 2862 1903 2955 1970; x_wconf 88' lang='lat' dir='ltr'><strong>qui</strong></span> <span class='ocrx_word' id='word_1_337' title='bbox 2983 1905 3112 1957; x_wconf 88' lang='lat' dir='ltr'><strong>talia</strong></span> <span class='ocrx_word' id='word_1_338' title='bbox 3138 1906 3207 1959; x_wconf 87' lang='lat' dir='ltr'><strong>ab</strong></span> <span class='ocrx_word' id='word_1_339' title='bbox 3228 1921 3295 1960; x_wconf 90' lang='lat' dir='ltr'><strong>eo</strong></span> <span class='ocrx_word' id='word_1_340' title='bbox 3320 1909 3581 1977; x_wconf 81' lang='lat' dir='ltr'><strong>mysteria</strong></span> 
     </span>
    </p>
   </div>
   <div class='ocr_carea' id='block_1_48' title="bbox 2002 1985 3581 2067">
    <p class='ocr_par' dir='ltr' id='par_1_48' title="bbox 2002 1985 3581 2067">
     <span class='ocr_line' id='line_1_48' title="bbox 2002 1985 3581 2067; baseline 0.009 -30"><span class='ocrx_word' id='word_1_341' title='bbox 2002 1985 2184 2038; x_wconf 88' lang='lat' dir='ltr'><strong>edocti</strong></span> <span class='ocrx_word' id='word_1_342' title='bbox 2218 1997 2362 2040; x_wconf 90' lang='lat' dir='ltr'><strong>sunt.</strong></span> <span class='ocrx_word' id='word_1_343' title='bbox 2399 1987 2576 2057; x_wconf 85' lang='lat' dir='ltr'><strong>Atque</strong></span> <span class='ocrx_word' id='word_1_344' title='bbox 2611 1989 2810 2045; x_wconf 87' lang='lat' dir='ltr'><strong>iterum</strong></span> <span class='ocrx_word' id='word_1_345' title='bbox 2856 1992 3079 2062; x_wconf 78' lang='lat' dir='ltr'><strong>Moysen</strong></span> <span class='ocrx_word' id='word_1_346' title='bbox 3123 1996 3321 2065; x_wconf 85' lang='lat' dir='ltr'><strong>legem,</strong></span> <span class='ocrx_word' id='word_1_347' title='bbox 3356 2007 3412 2052; x_wconf 91' lang='lat' dir='ltr'><strong>et</strong></span> <span class='ocrx_word' id='word_1_348' title='bbox 3447 2015 3581 2067; x_wconf 90' lang='lat' dir='ltr'><strong>pro-</strong></span> 
     </span>
    </p>
   </div>
   <div class='ocr_carea' id='block_1_49' title="bbox 2003 2066 3583 2154">
    <p class='ocr_par' dir='ltr' id='par_1_49' title="bbox 2003 2066 3583 2154">
     <span class='ocr_line' id='line_1_49' title="bbox 2003 2066 3583 2154; baseline 0.011 -30"><span class='ocrx_word' id='word_1_349' title='bbox 2003 2073 2198 2142; x_wconf 75' lang='lat' dir='ltr'><strong>plietas</strong></span> <span class='ocrx_word' id='word_1_350' title='bbox 2251 2066 2424 2131; x_wconf 87' lang='lat' dir='ltr'><strong>libros</strong></span> <span class='ocrx_word' id='word_1_351' title='bbox 2473 2093 2664 2132; x_wconf 89' lang='lat' dir='ltr'><strong>eorum</strong></span> <span class='ocrx_word' id='word_1_352' title='bbox 2719 2083 3070 2152; x_wconf 83' lang='lat' dir='ltr'><strong>propheticus</strong></span> <span class='ocrx_word' id='word_1_353' title='bbox 3129 2066 3583 2154; x_wconf 13' lang='lat' dir='ltr'><strong>appellans,iubi</strong></span> 
     </span>
    </p>
   </div>
   <div class='ocr_carea' id='block_1_50' title="bbox 2001 2165 3584 2248">
    <p class='ocr_par' dir='ltr' id='par_1_50' title="bbox 2001 2165 3584 2248">
     <span class='ocr_line' id='line_1_50' title="bbox 2001 2165 3584 2248; baseline 0.009 -28"><span class='ocrx_word' id='word_1_354' title='bbox 2001 2165 2373 2248; x_wconf 80' lang='lat' dir='ltr'><strong>Abrahamum</strong></span> <span class='ocrx_word' id='word_1_355' title='bbox 2420 2168 2790 2248; x_wconf 83' lang='lat' dir='ltr'><strong>patriarcbam</strong></span> <span class='ocrx_word' id='word_1_356' title='bbox 2837 2172 2904 2226; x_wconf 91' lang='lat' dir='ltr'><strong>ad</strong></span> <span class='ocrx_word' id='word_1_357' title='bbox 2950 2173 3175 2228; x_wconf 91' lang='lat' dir='ltr'><strong>divitem</strong></span> <span class='ocrx_word' id='word_1_358' title='bbox 3232 2177 3287 2229; x_wconf 88' lang='lat' dir='ltr'><strong>in</strong></span> <span class='ocrx_word' id='word_1_359' title='bbox 3333 2172 3584 2248; x_wconf 83' lang='lat' dir='ltr'><strong>gehenna</strong></span> 
     </span>
    </p>
   </div>
   <div class='ocr_carea' id='block_1_51' title="bbox 2003 2245 3582 2324">
    <p class='ocr_par' dir='ltr' id='par_1_51' title="bbox 2003 2245 3582 2324">
     <span class='ocr_line' id='line_1_51' title="bbox 2003 2245 3582 2324; baseline 0.011 -17"><span class='ocrx_word' id='word_1_360' title='bbox 2003 2255 2322 2310; x_wconf 82' lang='lat' dir='ltr'><strong>alllictatum</strong></span> <span class='ocrx_word' id='word_1_361' title='bbox 2349 2247 2404 2311; x_wconf 79' lang='lat' dir='ltr'><strong>et</strong></span> <span class='ocrx_word' id='word_1_362' title='bbox 2426 2245 2682 2313; x_wconf 72' lang='lat' dir='ltr'><strong>vexatum</strong></span> <span class='ocrx_word' id='word_1_363' title='bbox 2714 2261 3016 2317; x_wconf 90' lang='lat' dir='ltr'><strong>introducit</strong></span> <span class='ocrx_word' id='word_1_364' title='bbox 3040 2265 3314 2321; x_wconf 88' lang='lat' dir='ltr'><strong>dicentem</strong></span> <span class='ocrx_word' id='word_1_365' title='bbox 3339 2245 3582 2324; x_wconf 56' lang='lat' dir='ltr'><strong>illabent</strong></span> 
     </span>
    </p>
   </div>
   <div class='ocr_carea' id='block_1_52' title="bbox 2000 2345 3581 2423">
    <p class='ocr_par' dir='ltr' id='par_1_52' title="bbox 2000 2345 3581 2423">
     <span class='ocr_line' id='line_1_52' title="bbox 2000 2345 3581 2423; baseline 0.009 -25"><span class='ocrx_word' id='word_1_366' title='bbox 2000 2345 2212 2415; x_wconf 76' lang='lat' dir='ltr'><strong>Moysen</strong></span> <span class='ocrx_word' id='word_1_367' title='bbox 2233 2355 2282 2399; x_wconf 85' lang='lat' dir='ltr'><strong>et</strong></span> <span class='ocrx_word' id='word_1_368' title='bbox 2313 2350 2617 2423; x_wconf 75' lang='lat' dir='ltr'><strong>prophetas,</strong></span> <span class='ocrx_word' id='word_1_369' title='bbox 2650 2353 2873 2406; x_wconf 80' lang='lat' dir='ltr'><strong>audiant</strong></span> <span class='ocrx_word' id='word_1_370' title='bbox 2897 2370 2983 2406; x_wconf 74' lang='lat' dir='ltr'><strong>eos</strong></span> <span class='ocrx_word' id='word_1_371' title='bbox 3007 2363 3054 2418; x_wconf 76' lang='grc' dir='ltr'><strong>ι’,</strong></span> <span class='ocrx_word' id='word_1_372' title='bbox 3088 2371 3190 2423; x_wconf 89' lang='lat' dir='ltr'><strong>pro</strong></span> <span class='ocrx_word' id='word_1_373' title='bbox 3218 2358 3377 2412; x_wconf 82' lang='lat' dir='ltr'><strong>libris</strong></span> <span class='ocrx_word' id='word_1_374' title='bbox 3403 2360 3472 2413; x_wconf 86' lang='lat' dir='ltr'><strong>ab</strong></span> <span class='ocrx_word' id='word_1_375' title='bbox 3495 2361 3581 2414; x_wconf 88' lang='lat' dir='ltr'><strong>eis</strong></span> 
     </span>
    </p>
   </div>
   <div class='ocr_carea' id='block_1_53' title="bbox 2003 2422 3582 2515">
    <p class='ocr_par' dir='ltr' id='par_1_53' title="bbox 2003 2422 3582 2515">
     <span class='ocr_line' id='line_1_53' title="bbox 2003 2422 3582 2515; baseline 0.009 -27"><span class='ocrx_word' id='word_1_376' title='bbox 2003 2436 2331 2504; x_wconf 88' lang='lat' dir='ltr'><strong>conscriptis</strong></span> <span class='ocrx_word' id='word_1_377' title='bbox 2359 2422 2521 2505; x_wconf 86' lang='lat' dir='ltr'><strong>ipsos</strong></span> <span class='ocrx_word' id='word_1_378' title='bbox 2547 2439 2670 2493; x_wconf 90' lang='lat' dir='ltr'><strong>illos</strong></span> <span class='ocrx_word' id='word_1_379' title='bbox 2702 2455 2938 2509; x_wconf 90' lang='lat' dir='ltr'><strong>ponens,</strong></span> <span class='ocrx_word' id='word_1_380' title='bbox 2975 2422 3216 2512; x_wconf 77' lang='lat' dir='ltr'><strong>Moysen,</strong></span> <span class='ocrx_word' id='word_1_381' title='bbox 3248 2446 3494 2515; x_wconf 86' lang='lat' dir='ltr'><strong>inquam,</strong></span> <span class='ocrx_word' id='word_1_382' title='bbox 3523 2459 3582 2502; x_wconf 89' lang='lat' dir='ltr'><strong>et</strong></span> 
     </span>
    </p>
   </div>
   <div class='ocr_carea' id='block_1_54' title="bbox 2002 2523 3582 2608">
    <p class='ocr_par' dir='ltr' id='par_1_54' title="bbox 2002 2523 3582 2608">
     <span class='ocr_line' id='line_1_54' title="bbox 2002 2523 3582 2608; baseline 0.012 -33"><span class='ocrx_word' id='word_1_383' title='bbox 2002 2526 2317 2594; x_wconf 85' lang='lat' dir='ltr'><strong>prophetas.</strong></span> <span class='ocrx_word' id='word_1_384' title='bbox 2345 2527 2534 2596; x_wconf 90' lang='lat' dir='ltr'><strong>Neque</strong></span> <span class='ocrx_word' id='word_1_385' title='bbox 2557 2531 2764 2608; x_wconf 75' lang='lat' dir='ltr'><strong>mirum</strong></span> <span class='ocrx_word' id='word_1_386' title='bbox 2799 2523 2933 2586; x_wconf 48' lang='lat' dir='ltr'><strong>&#39;lioc.</strong></span> <span class='ocrx_word' id='word_1_387' title='bbox 2965 2534 3103 2588; x_wconf 82' lang='lat' dir='ltr'><strong>Nam</strong></span> <span class='ocrx_word' id='word_1_388' title='bbox 3137 2537 3182 2589; x_wconf 91' lang='lat' dir='ltr'><strong>si</strong></span> <span class='ocrx_word' id='word_1_389' title='bbox 3209 2551 3352 2591; x_wconf 92' lang='lat' dir='ltr'><strong>unus</strong></span> <span class='ocrx_word' id='word_1_390' title='bbox 3371 2549 3455 2592; x_wconf 90' lang='lat' dir='ltr'><strong>est</strong></span> <span class='ocrx_word' id='word_1_391' title='bbox 3481 2555 3582 2608; x_wconf 90' lang='lat' dir='ltr'><strong>per</strong></span> 
     </span>
    </p>
   </div>
   <div class='ocr_carea' id='block_1_55' title="bbox 2002 2607 3578 2699">
    <p class='ocr_par' dir='ltr' id='par_1_55' title="bbox 2002 2607 3578 2699">
     <span class='ocr_line' id='line_1_55' title="bbox 2002 2607 3578 2699; baseline 0.01 -31"><span class='ocrx_word' id='word_1_392' title='bbox 2002 2631 2100 2669; x_wconf 89' lang='lat' dir='ltr'><strong>eos</strong></span> <span class='ocrx_word' id='word_1_393' title='bbox 2128 2617 2479 2684; x_wconf 65' lang='lat' dir='ltr'><strong>praedicatus,</strong></span> <span class='ocrx_word' id='word_1_394' title='bbox 2511 2607 2754 2696; x_wconf 64' lang='lat' dir='ltr'><strong>universi</strong></span> <span class='ocrx_word' id='word_1_395' title='bbox 2787 2633 3042 2693; x_wconf 85' lang='lat' dir='ltr'><strong>tanquam</strong></span> <span class='ocrx_word' id='word_1_396' title='bbox 3072 2642 3217 2681; x_wconf 89' lang='lat' dir='ltr'><strong>unus</strong></span> <span class='ocrx_word' id='word_1_397' title='bbox 3245 2644 3408 2697; x_wconf 91' lang='lat' dir='ltr'><strong>quem</strong></span> <span class='ocrx_word' id='word_1_398' title='bbox 3436 2607 3578 2699; x_wconf 72' lang='lat' dir='ltr'><strong>pra:-</strong></span> 
     </span>
    </p>
   </div>
   <div class='ocr_carea' id='block_1_56' title="bbox 2004 2710 3577 2792">
    <p class='ocr_par' dir='ltr' id='par_1_56' title="bbox 2004 2710 3577 2792">
     <span class='ocr_line' id='line_1_56' title="bbox 2004 2710 3577 2792; baseline 0.01 -31"><span class='ocrx_word' id='word_1_399' title='bbox 2004 2710 2191 2762; x_wconf 87' lang='lat' dir='ltr'><strong>dicant</strong></span> <span class='ocrx_word' id='word_1_400' title='bbox 2228 2711 2555 2781; x_wconf 81' lang='lat' dir='ltr'><strong>intelligere,</strong></span> <span class='ocrx_word' id='word_1_401' title='bbox 2579 2723 2645 2786; x_wconf 57' lang='lat' dir='ltr'><strong>&quot;et</strong></span> <span class='ocrx_word' id='word_1_402' title='bbox 2674 2729 2775 2783; x_wconf 87' lang='lat' dir='ltr'><strong>pro</strong></span> <span class='ocrx_word' id='word_1_403' title='bbox 2811 2717 3081 2772; x_wconf 85' lang='lat' dir='ltr'><strong>universis</strong></span> <span class='ocrx_word' id='word_1_404' title='bbox 3122 2720 3324 2790; x_wconf 80' lang='lat' dir='ltr'><strong>singuli</strong></span> <span class='ocrx_word' id='word_1_405' title='bbox 3350 2723 3577 2792; x_wconf 84' lang='lat' dir='ltr'><strong>quique,</strong></span> 
     </span>
    </p>
   </div>
   <div class='ocr_carea' id='block_1_57' title="bbox 2002 2805 3580 2880">
    <p class='ocr_par' dir='ltr' id='par_1_57' title="bbox 2002 2805 3580 2880">
     <span class='ocr_line' id='line_1_57' title="bbox 2002 2805 3580 2880; baseline 0.01 -28"><span class='ocrx_word' id='word_1_406' title='bbox 2002 2809 2060 2870; x_wconf 84' lang='lat' dir='ltr'><strong>et</strong></span> <span class='ocrx_word' id='word_1_407' title='bbox 2092 2815 2283 2855; x_wconf 89' lang='lat' dir='ltr'><strong>omnes</strong></span> <span class='ocrx_word' id='word_1_408' title='bbox 2317 2817 2414 2870; x_wconf 93' lang='lat' dir='ltr'><strong>pro</strong></span> <span class='ocrx_word' id='word_1_409' title='bbox 2446 2805 2724 2876; x_wconf 65' lang='lat' dir='ltr'><strong>omnibus,</strong></span> <span class='ocrx_word' id='word_1_410' title='bbox 2750 2806 2838 2874; x_wconf 86' lang='lat' dir='ltr'><strong>pie</strong></span> <span class='ocrx_word' id='word_1_411' title='bbox 2871 2809 3042 2878; x_wconf 84' lang='lat' dir='ltr'><strong>accipi</strong></span> <span class='ocrx_word' id='word_1_412' title='bbox 3072 2822 3323 2878; x_wconf 87' lang='lat' dir='ltr'><strong>possunt,</strong></span> <span class='ocrx_word' id='word_1_413' title='bbox 3349 2814 3439 2880; x_wconf 87' lang='lat' dir='ltr'><strong>qui</strong></span> <span class='ocrx_word' id='word_1_414' title='bbox 3472 2815 3580 2870; x_wconf 85' lang='lat' dir='ltr'><strong>Ve-</strong></span> 
     </span>
    </p>
   </div>
   <div class='ocr_carea' id='block_1_58' title="bbox 2005 2887 3643 2967">
    <p class='ocr_par' dir='ltr' id='par_1_58' title="bbox 2005 2887 3643 2967">
     <span class='ocr_line' id='line_1_58' title="bbox 2005 2887 3643 2967; baseline 0.008 -26"><span class='ocrx_word' id='word_1_415' title='bbox 2005 2887 2140 2942; x_wconf 82' lang='lat' dir='ltr'><strong>teris</strong></span> <span class='ocrx_word' id='word_1_416' title='bbox 2184 2888 2520 2943; x_wconf 85' lang='lat' dir='ltr'><strong>Testamenti</strong></span> <span class='ocrx_word' id='word_1_417' title='bbox 2562 2893 2822 2960; x_wconf 77' lang='lat' dir='ltr'><strong>mysterio</strong></span> <span class='ocrx_word' id='word_1_418' title='bbox 2874 2895 3248 2951; x_wconf 88' lang='lat' dir='ltr'><strong>inservierunt</strong></span> <span class='ocrx_word' id='word_1_419' title='bbox 3279 2908 3335 2950; x_wconf 87' lang='lat' dir='ltr'><strong>et</strong></span> <span class='ocrx_word' id='word_1_420' title='bbox 3377 2901 3581 2966; x_wconf 78' lang='lat' dir='ltr'><strong>quibus</strong></span> <span class='ocrx_word' id='word_1_421' title='bbox 3641 2965 3643 2967; x_wconf 96' lang='lat'><em>_</em></span> 
     </span>
    </p>
   </div>
   <div class='ocr_carea' id='block_1_59' title="bbox 2001 2977 3674 3062">
    <p class='ocr_par' dir='ltr' id='par_1_59' title="bbox 2001 2977 3674 3062">
     <span class='ocr_line' id='line_1_59' title="bbox 2001 2977 3674 3062; baseline 0.009 -32"><span class='ocrx_word' id='word_1_422' title='bbox 2001 2977 2281 3047; x_wconf 84' lang='lat' dir='ltr'><strong>Evangelii</strong></span> <span class='ocrx_word' id='word_1_423' title='bbox 2313 2980 2500 3046; x_wconf 72' lang='lat' dir='ltr'><strong>gratia:</strong></span> <span class='ocrx_word' id='word_1_424' title='bbox 2543 2982 2858 3048; x_wconf 65' lang='lat' dir='ltr'><strong>praedicatio</strong></span> <span class='ocrx_word' id='word_1_425' title='bbox 2891 2986 3100 3038; x_wconf 86' lang='lat' dir='ltr'><strong>credita</strong></span> <span class='ocrx_word' id='word_1_426' title='bbox 3139 2996 3276 3039; x_wconf 88' lang='lat' dir='ltr'><strong>erat.</strong></span> <span class='ocrx_word' id='word_1_427' title='bbox 3309 2987 3489 3056; x_wconf 82' lang='lat' dir='ltr'><strong>Itaque</strong></span> <span class='ocrx_word' id='word_1_428' title='bbox 3518 3001 3579 3045; x_wconf 92' lang='lat' dir='ltr'><strong>ut</strong></span> <span class='ocrx_word' id='word_1_429' title='bbox 3671 3057 3674 3062; x_wconf 28' lang='grc' dir='ltr'>ι</span> 
     </span>
    </p>
   </div>
   <div class='ocr_carea' id='block_1_60' title="bbox 2002 3067 3576 3152">
    <p class='ocr_par' dir='ltr' id='par_1_60' title="bbox 2002 3067 3576 3152">
     <span class='ocr_line' id='line_1_60' title="bbox 2002 3067 3576 3152; baseline 0.01 -35"><span class='ocrx_word' id='word_1_430' title='bbox 2002 3081 2233 3135; x_wconf 88' lang='lat' dir='ltr'><strong>magnus</strong></span> <span class='ocrx_word' id='word_1_431' title='bbox 2267 3067 2504 3121; x_wconf 87' lang='lat' dir='ltr'><strong>Joannes</strong></span> <span class='ocrx_word' id='word_1_432' title='bbox 2532 3068 2772 3137; x_wconf 86' lang='lat' dir='ltr'><strong>Baptista</strong></span> <span class='ocrx_word' id='word_1_433' title='bbox 2800 3072 2855 3124; x_wconf 91' lang='lat' dir='ltr'><strong>in</strong></span> <span class='ocrx_word' id='word_1_434' title='bbox 2888 3075 3214 3152; x_wconf 38' lang='lat' dir='ltr'><strong>totam.Novi</strong></span> <span class='ocrx_word' id='word_1_435' title='bbox 3241 3077 3576 3134; x_wconf 87' lang='lat' dir='ltr'><strong>Testamenti</strong></span> 
     </span>
    </p>
   </div>
   <div class='ocr_carea' id='block_1_61' title="bbox 2000 3156 3578 3240">
    <p class='ocr_par' dir='ltr' id='par_1_61' title="bbox 2000 3156 3578 3240">
     <span class='ocr_line' id='line_1_61' title="bbox 2000 3156 3578 3240; baseline 0.011 -32"><span class='ocrx_word' id='word_1_436' title='bbox 2000 3156 2228 3224; x_wconf 82' lang='lat' dir='ltr'><strong>ejusque</strong></span> <span class='ocrx_word' id='word_1_437' title='bbox 2257 3159 2441 3212; x_wconf 88' lang='lat' dir='ltr'><strong>cultus</strong></span> <span class='ocrx_word' id='word_1_438' title='bbox 2468 3159 2700 3228; x_wconf 78' lang='lat' dir='ltr'><strong>gratiam</strong></span> <span class='ocrx_word' id='word_1_439' title='bbox 2734 3161 2821 3230; x_wconf 91' lang='lat' dir='ltr'><strong>pie</strong></span> <span class='ocrx_word' id='word_1_440' title='bbox 2857 3161 3090 3235; x_wconf 83' lang='lat' dir='ltr'><strong>intelligi</strong></span> <span class='ocrx_word' id='word_1_441' title='bbox 3119 3177 3318 3234; x_wconf 84' lang='lat' dir='ltr'><strong>potest,</strong></span> <span class='ocrx_word' id='word_1_442' title='bbox 3359 3170 3430 3224; x_wconf 89' lang='lat' dir='ltr'><strong>ita</strong></span> <span class='ocrx_word' id='word_1_443' title='bbox 3453 3173 3578 3240; x_wconf 86' lang='lat' dir='ltr'><strong>jure</strong></span> 
     </span>
    </p>
   </div>
   <div class='ocr_carea' id='block_1_62' title="bbox 322 3243 1900 3331">
    <p class='ocr_par' dir='ltr' id='par_1_62' title="bbox 322 3258 1900 3331">
     <span class='ocr_line' id='line_1_62' title="bbox 322 3258 1900 3331; baseline 0.002 -21"><span class='ocrx_word' id='word_1_444' title='bbox 322 3258 593 3327; x_wconf 79' lang='grc' dir='ltr'><strong>κήρυγμα</strong></span> <span class='ocrx_word' id='word_1_445' title='bbox 621 3259 722 3327; x_wconf 81' lang='grc' dir='ltr'><strong>τῆς</strong></span> <span class='ocrx_word' id='word_1_446' title='bbox 765 3263 906 3312; x_wconf 84' lang='grc' dir='ltr'><strong>κατά</strong></span> <span class='ocrx_word' id='word_1_447' title='bbox 937 3261 997 3312; x_wconf 80' lang='grc' dir='ltr'><strong>τὸ</strong></span> <span class='ocrx_word' id='word_1_448' title='bbox 1035 3259 1366 3328; x_wconf 80' lang='grc' dir='ltr'><strong>Εὖαγγέλιον</strong></span> <span class='ocrx_word' id='word_1_449' title='bbox 1400 3260 1641 3331; x_wconf 82' lang='grc' dir='ltr'><strong>χάριτος.</strong></span> <span class='ocrx_word' id='word_1_450' title='bbox 1691 3260 1900 3314; x_wconf 76' lang='grc' dir='ltr'><strong>Οὐκοῦν</strong></span> 
     </span>
    </p>
   </div>
   <div class='ocr_carea' id='block_1_63' title="bbox 1999 3243 3573 3331">
    <p class='ocr_par' dir='ltr' id='par_1_63' title="bbox 2005 3243 3573 3324">
     <span class='ocr_line' id='line_1_63' title="bbox 2005 3243 3573 3324; baseline 0.01 -28"><span class='ocrx_word' id='word_1_451' title='bbox 2005 3243 2062 3297; x_wconf 90' lang='lat' dir='ltr'><strong>in</strong></span> <span class='ocrx_word' id='word_1_452' title='bbox 2111 3253 2284 3298; x_wconf 91' lang='lat' dir='ltr'><strong>totum</strong></span> <span class='ocrx_word' id='word_1_453' title='bbox 2337 3247 2551 3300; x_wconf 87' lang='lat' dir='ltr'><strong>Novum</strong></span> <span class='ocrx_word' id='word_1_454' title='bbox 2598 3249 3007 3312; x_wconf 78' lang='lat' dir='ltr'><strong>Testamentum</strong></span> <span class='ocrx_word' id='word_1_455' title='bbox 3065 3255 3293 3323; x_wconf 88' lang='lat' dir='ltr'><strong>ejusque</strong></span> <span class='ocrx_word' id='word_1_456' title='bbox 3343 3260 3573 3324; x_wconf 91' lang='lat' dir='ltr'><strong>cultum,</strong></span> 
     </span>
    </p>
   </div>
   <div class='ocr_carea' id='block_1_64' title="bbox 320 3345 1906 3422">
    <p class='ocr_par' dir='ltr' id='par_1_64' title="bbox 320 3345 1906 3422">
     <span class='ocr_line' id='line_1_64' title="bbox 320 3345 1906 3422; baseline 0.002 -23"><span class='ocrx_word' id='word_1_457' title='bbox 320 3345 519 3416; x_wconf 78' lang='grc' dir='ltr'><strong>ὥσπερ</strong></span> <span class='ocrx_word' id='word_1_458' title='bbox 547 3350 624 3408; x_wconf 89' lang='grc' dir='ltr'><strong>είς</strong></span> <span class='ocrx_word' id='word_1_459' title='bbox 645 3347 773 3412; x_wconf 81' lang='grc' dir='ltr'><strong>ὃλην</strong></span> <span class='ocrx_word' id='word_1_460' title='bbox 793 3345 958 3400; x_wconf 75' lang='grc' dir='ltr'><strong>οὖσαν</strong></span> <span class='ocrx_word' id='word_1_461' title='bbox 981 3350 1080 3418; x_wconf 85' lang='grc' dir='ltr'><strong>τῆς</strong></span> <span class='ocrx_word' id='word_1_462' title='bbox 1111 3350 1320 3418; x_wconf 78' lang='grc' dir='ltr'><strong>Καινῆς</strong></span> <span class='ocrx_word' id='word_1_463' title='bbox 1378 3351 1649 3420; x_wconf 78' lang='grc' dir='ltr'><strong>Διαθήκης</strong></span> <span class='ocrx_word' id='word_1_464' title='bbox 1678 3352 1770 3404; x_wconf 75' lang='grc' dir='ltr'><strong>καὶ</strong></span> <span class='ocrx_word' id='word_1_465' title='bbox 1807 3351 1906 3422; x_wconf 81' lang='grc' dir='ltr'><strong>τῆς</strong></span> 
     </span>
    </p>
   </div>
   <div class='ocr_carea' id='block_1_65' title="bbox 321 3434 1906 3507">
    <p class='ocr_par' dir='ltr' id='par_1_65' title="bbox 321 3434 1906 3507">
     <span class='ocr_line' id='line_1_65' title="bbox 321 3434 1906 3507; baseline 0.003 -20"><span class='ocrx_word' id='word_1_466' title='bbox 321 3435 452 3488; x_wconf 79' lang='grc' dir='ltr'><strong>κατ’</strong></span> <span class='ocrx_word' id='word_1_467' title='bbox 489 3435 657 3504; x_wconf 73' lang='grc' dir='ltr'><strong>αὐτὴν</strong></span> <span class='ocrx_word' id='word_1_468' title='bbox 700 3434 955 3505; x_wconf 84' lang='grc' dir='ltr'><strong>λατρείας</strong></span> <span class='ocrx_word' id='word_1_469' title='bbox 993 3439 1022 3488; x_wconf 93' lang='lat'><strong>6</strong></span> <span class='ocrx_word' id='word_1_470' title='bbox 1061 3437 1232 3506; x_wconf 83' lang='grc' dir='ltr'><strong>μέγας</strong></span> <span class='ocrx_word' id='word_1_471' title='bbox 1280 3436 1591 3506; x_wconf 83' lang='grc' dir='ltr'><strong>Βατιτιστὴς</strong></span> <span class='ocrx_word' id='word_1_472' title='bbox 1654 3441 1906 3507; x_wconf 79' lang='grc' dir='ltr'><strong>Ἰωάννης</strong></span> 
     </span>
    </p>
   </div>
   <div class='ocr_carea' id='block_1_66' title="bbox 323 3521 1905 3594">
    <p class='ocr_par' dir='ltr' id='par_1_66' title="bbox 323 3521 1905 3594">
     <span class='ocr_line' id='line_1_66' title="bbox 323 3521 1905 3594; baseline 0.003 -18"><span class='ocrx_word' id='word_1_473' title='bbox 323 3523 570 3586; x_wconf 73' lang='grc' dir='ltr'><strong>εὐσεϐῶς</strong></span> <span class='ocrx_word' id='word_1_474' title='bbox 622 3524 1148 3594; x_wconf 82' lang='grc' dir='ltr'><strong>παραλαμϐάνεσθαι</strong></span> <span class='ocrx_word' id='word_1_475' title='bbox 1202 3527 1442 3592; x_wconf 85' lang='grc' dir='ltr'><strong>δύναται,</strong></span> <span class='ocrx_word' id='word_1_476' title='bbox 1496 3528 1639 3581; x_wconf 82' lang='grc' dir='ltr'><strong>οὕτω</strong></span> <span class='ocrx_word' id='word_1_477' title='bbox 1684 3521 1905 3590; x_wconf 79' lang='grc' dir='ltr'><strong>δικαίως</strong></span> 
     </span>
    </p>
   </div>
   <div class='ocr_carea' id='block_1_67' title="bbox 320 3613 1903 3684">
    <p class='ocr_par' dir='ltr' id='par_1_67' title="bbox 320 3613 1903 3684">
     <span class='ocr_line' id='line_1_67' title="bbox 320 3613 1903 3684; baseline 0 -18"><span class='ocrx_word' id='word_1_478' title='bbox 320 3613 411 3681; x_wconf 77' lang='grc' dir='ltr'><strong>είς</strong></span> <span class='ocrx_word' id='word_1_479' title='bbox 437 3613 563 3683; x_wconf 85' lang='grc' dir='ltr'><strong>ὃλην</strong></span> <span class='ocrx_word' id='word_1_480' title='bbox 593 3613 690 3683; x_wconf 86' lang='grc' dir='ltr'><strong>τὴν</strong></span> <span class='ocrx_word' id='word_1_481' title='bbox 719 3615 928 3684; x_wconf 79' lang='grc' dir='ltr'><strong>Καινὴν</strong></span> <span class='ocrx_word' id='word_1_482' title='bbox 951 3613 1225 3682; x_wconf 85' lang='grc' dir='ltr'><strong>Διαθήκην</strong></span> <span class='ocrx_word' id='word_1_483' title='bbox 1285 3615 1380 3666; x_wconf 58' lang='grc' dir='ltr'><strong>καὶ⁵</strong></span> <span class='ocrx_word' id='word_1_484' title='bbox 1420 3614 1518 3684; x_wconf 77' lang='grc' dir='ltr'><strong>τὴν</strong></span> <span class='ocrx_word' id='word_1_485' title='bbox 1565 3615 1684 3668; x_wconf 74' lang='grc' dir='ltr'><strong>κατ’</strong></span> <span class='ocrx_word' id='word_1_486' title='bbox 1735 3615 1903 3684; x_wconf 78' lang='grc' dir='ltr'><strong>αὐτὴν</strong></span> 
     </span>
    </p>
   </div>
   <div class='ocr_carea' id='block_1_68' title="bbox 320 3697 1900 3773">
    <p class='ocr_par' dir='ltr' id='par_1_68' title="bbox 320 3697 1900 3773">
     <span class='ocr_line' id='line_1_68' title="bbox 320 3697 1900 3773; baseline 0 -20"><span class='ocrx_word' id='word_1_487' title='bbox 320 3701 606 3770; x_wconf 80' lang='grc' dir='ltr'><strong>λατρείαν,</strong></span> <span class='ocrx_word' id='word_1_488' title='bbox 664 3701 967 3771; x_wconf 82' lang='grc' dir='ltr'><strong>πρόδρομον</strong></span> <span class='ocrx_word' id='word_1_489' title='bbox 1023 3697 1187 3773; x_wconf 80' lang='grc' dir='ltr'><strong>οὖσαν</strong></span> <span class='ocrx_word' id='word_1_490' title='bbox 1248 3701 1346 3769; x_wconf 83' lang='grc' dir='ltr'><strong>τῆς</strong></span> <span class='ocrx_word' id='word_1_491' title='bbox 1404 3701 1462 3751; x_wconf 84' lang='grc' dir='ltr'><strong>ὲν</strong></span> <span class='ocrx_word' id='word_1_492' title='bbox 1520 3699 1599 3771; x_wconf 80' lang='grc' dir='ltr'><strong>τῷ</strong></span> <span class='ocrx_word' id='word_1_493' title='bbox 1651 3699 1900 3771; x_wconf 79' lang='grc' dir='ltr'><strong>μέλλοντι</strong></span> 
     </span>
    </p>
   </div>
   <div class='ocr_carea' id='block_1_69' title="bbox 320 3788 1899 3862">
    <p class='ocr_par' dir='ltr' id='par_1_69' title="bbox 320 3788 1899 3862">
     <span class='ocr_line' id='line_1_69' title="bbox 320 3788 1899 3862; baseline 0.001 -19"><span class='ocrx_word' id='word_1_494' title='bbox 320 3789 487 3843; x_wconf 74' lang='grc' dir='ltr'><strong>αἰῶνι</strong></span> <span class='ocrx_word' id='word_1_495' title='bbox 517 3790 780 3860; x_wconf 81' lang='grc' dir='ltr'><strong>μυστικῆς</strong></span> <span class='ocrx_word' id='word_1_496' title='bbox 809 3790 916 3843; x_wconf 91' lang='grc' dir='ltr'><strong>τῶν</strong></span> <span class='ocrx_word' id='word_1_497' title='bbox 947 3791 1202 3861; x_wconf 69' lang='grc' dir='ltr'><strong>ἀρρήτων</strong></span> <span class='ocrx_word' id='word_1_498' title='bbox 1247 3788 1468 3857; x_wconf 79' lang='grc' dir='ltr'><strong>ἀγαθῶν</strong></span> <span class='ocrx_word' id='word_1_499' title='bbox 1519 3789 1899 3862; x_wconf 80' lang='grc' dir='ltr'><strong>κρυφιότητος.</strong></span> 
     </span>
    </p>
   </div>
   <div class='ocr_carea' id='block_1_70' title="bbox 321 3869 1899 3950">
    <p class='ocr_par' dir='ltr' id='par_1_70' title="bbox 321 3869 1899 3950">
     <span class='ocr_line' id='line_1_70' title="bbox 321 3869 1899 3950; baseline 0.003 -22"><span class='ocrx_word' id='word_1_500' title='bbox 321 3877 426 3931; x_wconf 74' lang='grc' dir='ltr'><strong>καὶ</strong></span> <span class='ocrx_word' id='word_1_501' title='bbox 464 3877 714 3947; x_wconf 83' lang='grc' dir='ltr'><strong>Ἰωάννης</strong></span> <span class='ocrx_word' id='word_1_502' title='bbox 753 3882 783 3932; x_wconf 91' lang='grc' dir='ltr'><strong>ό</strong></span> <span class='ocrx_word' id='word_1_503' title='bbox 813 3880 984 3948; x_wconf 81' lang='grc' dir='ltr'><strong>μέγας</strong></span> <span class='ocrx_word' id='word_1_504' title='bbox 1031 3869 1664 3950; x_wconf 77' lang='grc' dir='ltr'><strong>ἀληθῶςεύαγγελιστὴς</strong></span> <span class='ocrx_word' id='word_1_505' title='bbox 1690 3877 1899 3950; x_wconf 79' lang='grc' dir='ltr'><strong>ληφθῆ-</strong></span> 
     </span>
    </p>
   </div>
   <div class='ocr_carea' id='block_1_71' title="bbox 270 3967 1898 4040">
    <p class='ocr_par' dir='ltr' id='par_1_71' title="bbox 270 3967 1898 4040">
     <span class='ocr_line' id='line_1_71' title="bbox 270 3967 1898 4040; baseline -0.001 -18"><span class='ocrx_word' id='word_1_506' title='bbox 270 3983 272 3985; x_wconf 84' lang='grc'><strong>·</strong></span> <span class='ocrx_word' id='word_1_507' title='bbox 318 3986 417 4022; x_wconf 83' lang='grc' dir='ltr'><strong>ναι</strong></span> <span class='ocrx_word' id='word_1_508' title='bbox 466 3969 710 4030; x_wconf 80' lang='grc' dir='ltr'><strong>δύναται,</strong></span> <span class='ocrx_word' id='word_1_509' title='bbox 746 3970 834 4032; x_wconf 58' lang='grc' dir='ltr'><strong>«ὡς</strong></span> <span class='ocrx_word' id='word_1_510' title='bbox 888 3970 1196 4040; x_wconf 85' lang='grc' dir='ltr'><strong>πρόδρομος</strong></span> <span class='ocrx_word' id='word_1_511' title='bbox 1259 3969 1410 4038; x_wconf 82' lang='grc' dir='ltr'><strong>φωνὴ</strong></span> <span class='ocrx_word' id='word_1_512' title='bbox 1463 3967 1555 4020; x_wconf 83' lang='grc' dir='ltr'><strong>τοῦ</strong></span> <span class='ocrx_word' id='word_1_513' title='bbox 1616 3968 1898 4036; x_wconf 78' lang='grc' dir='ltr'><strong>μέλλοντος</strong></span> 
     </span>
    </p>
   </div>
   <div class='ocr_carea' id='block_1_72' title="bbox 318 4057 1898 4128">
    <p class='ocr_par' dir='ltr' id='par_1_72' title="bbox 318 4057 1898 4128">
     <span class='ocr_line' id='line_1_72' title="bbox 318 4057 1898 4128; baseline -0.001 -17"><span class='ocrx_word' id='word_1_514' title='bbox 318 4059 541 4128; x_wconf 68' lang='grc' dir='ltr'><strong>τρανῶς</strong></span> <span class='ocrx_word' id='word_1_515' title='bbox 581 4059 858 4112; x_wconf 81' lang='grc' dir='ltr'><strong>λαλεῖσθαι</strong></span> <span class='ocrx_word' id='word_1_516' title='bbox 911 4059 1183 4127; x_wconf 82' lang='grc' dir='ltr'><strong>θειοτέρου</strong></span> <span class='ocrx_word' id='word_1_517' title='bbox 1234 4057 1415 4124; x_wconf 83' lang='grc' dir='ltr'><strong>λόγου,</strong></span> <span class='ocrx_word' id='word_1_518' title='bbox 1467 4059 1559 4127; x_wconf 67' lang='grc' dir='ltr'><strong>καὶ</strong></span> <span class='ocrx_word' id='word_1_519' title='bbox 1586 4057 1749 4110; x_wconf 74' lang='grc' dir='ltr'><strong>εἰκὼν</strong></span> <span class='ocrx_word' id='word_1_520' title='bbox 1784 4059 1898 4128; x_wconf 78' lang='grc' dir='ltr'><strong>τῆς</strong></span> 
     </span>
    </p>
   </div>
   <div class='ocr_carea' id='block_1_73' title="bbox 316 4147 1897 4218">
    <p class='ocr_par' dir='ltr' id='par_1_73' title="bbox 316 4147 1897 4218">
     <span class='ocr_line' id='line_1_73' title="bbox 316 4147 1897 4218; baseline 0.002 -18"><span class='ocrx_word' id='word_1_521' title='bbox 316 4147 753 4218; x_wconf 81' lang='grc' dir='ltr'><strong>δειχθησομένης</strong></span> <span class='ocrx_word' id='word_1_522' title='bbox 803 4147 1078 4218; x_wconf 86' lang='grc' dir='ltr'><strong>ἀληθείας.</strong></span> <span class='ocrx_word' id='word_1_523' title='bbox 1126 4148 1260 4216; x_wconf 79' lang='grc' dir='ltr'><strong>Σκιᾷ</strong></span> <span class='ocrx_word' id='word_1_524' title='bbox 1298 4147 1407 4218; x_wconf 86' lang='grc' dir='ltr'><strong>γὰρ</strong></span> <span class='ocrx_word' id='word_1_525' title='bbox 1451 4149 1546 4200; x_wconf 74' lang='grc' dir='ltr'><strong>καὶ</strong></span> <span class='ocrx_word' id='word_1_526' title='bbox 1585 4149 1750 4201; x_wconf 87' lang='grc' dir='ltr'><strong>είκόνι</strong></span> <span class='ocrx_word' id='word_1_527' title='bbox 1802 4151 1897 4203; x_wconf 66' lang='grc' dir='ltr'><strong>καὶ</strong></span> 
     </span>
    </p>
   </div>
   <div class='ocr_carea' id='block_1_74' title="bbox 317 4219 1896 4318">
    <p class='ocr_par' dir='ltr' id='par_1_74' title="bbox 317 4219 1896 4318">
     <span class='ocr_line' id='line_1_74' title="bbox 317 4219 1896 4318; baseline 0.002 -30"><span class='ocrx_word' id='word_1_528' title='bbox 317 4219 580 4307; x_wconf 36' lang='grc' dir='ltr'><strong>ἀληθείᾳ.</strong></span> <span class='ocrx_word' id='word_1_529' title='bbox 609 4239 671 4289; x_wconf 86' lang='grc' dir='ltr'><strong>τὸ</strong></span> <span class='ocrx_word' id='word_1_530' title='bbox 716 4236 838 4290; x_wconf 80' lang='grc' dir='ltr'><strong>καθ’</strong></span> <span class='ocrx_word' id='word_1_531' title='bbox 894 4239 1041 4306; x_wconf 79' lang='grc' dir='ltr'><strong>ἡμᾶς</strong></span> <span class='ocrx_word' id='word_1_532' title='bbox 1078 4228 1206 4289; x_wconf 63' lang='grc' dir='ltr'><strong>’ὅλον</strong></span> <span class='ocrx_word' id='word_1_533' title='bbox 1253 4236 1355 4305; x_wconf 82' lang='grc' dir='ltr'><strong>τῆς</strong></span> <span class='ocrx_word' id='word_1_534' title='bbox 1398 4238 1670 4306; x_wconf 85' lang='grc' dir='ltr'><strong>σωτηρίας</strong></span> <span class='ocrx_word' id='word_1_535' title='bbox 1715 4238 1896 4318; x_wconf 67' lang='grc' dir='ltr'><strong>σοφῶς</strong></span> 
     </span>
    </p>
   </div>
   <div class='ocr_carea' id='block_1_75' title="bbox 319 4322 1892 4396">
    <p class='ocr_par' dir='ltr' id='par_1_75' title="bbox 319 4322 1892 4396">
     <span class='ocr_line' id='line_1_75' title="bbox 319 4322 1892 4396; baseline 0.003 -21"><span class='ocrx_word' id='word_1_536' title='bbox 319 4324 649 4396; x_wconf 75' lang='grc' dir='ltr'><strong>ᾠκονομήθη</strong></span> <span class='ocrx_word' id='word_1_537' title='bbox 686 4327 1004 4395; x_wconf 80' lang='grc' dir='ltr'><strong>μυστήριον.</strong></span> <span class='ocrx_word' id='word_1_538' title='bbox 1042 4326 1226 4378; x_wconf 77' lang='grc' dir='ltr'><strong>Σκιὰν</strong></span> <span class='ocrx_word' id='word_1_539' title='bbox 1253 4325 1363 4394; x_wconf 67' lang='grc' dir='ltr'><strong>γὰρ</strong></span> <span class='ocrx_word' id='word_1_540' title='bbox 1410 4322 1576 4393; x_wconf 75' lang='grc' dir='ltr'><strong>εἶχεν</strong></span> <span class='ocrx_word' id='word_1_541' title='bbox 1606 4329 1640 4380; x_wconf 84' lang='grc' dir='ltr'><em>ὀ</em></span> <span class='ocrx_word' id='word_1_542' title='bbox 1685 4327 1892 4396; x_wconf 82' lang='grc' dir='ltr'><strong>νόμος,</strong></span> 
     </span>
    </p>
   </div>
   <div class='ocr_carea' id='block_1_76' title="bbox 299 4413 1893 4491">
    <p class='ocr_par' dir='ltr' id='par_1_76' title="bbox 299 4413 1893 4491">
     <span class='ocr_line' id='line_1_76' title="bbox 299 4413 1893 4491; baseline 0.001 -23"><span class='ocrx_word' id='word_1_543' title='bbox 299 4413 400 4476; x_wconf 71' lang='grc' dir='ltr'><strong>’ὣς</strong></span> <span class='ocrx_word' id='word_1_544' title='bbox 424 4432 588 4484; x_wconf 85' lang='grc' dir='ltr'><strong>φησιν</strong></span> <span class='ocrx_word' id='word_1_545' title='bbox 617 4419 645 4469; x_wconf 89' lang='grc' dir='ltr'>ὁ</span> <span class='ocrx_word' id='word_1_546' title='bbox 673 4417 815 4477; x_wconf 82' lang='grc' dir='ltr'><strong>θεῖος</strong></span> <span class='ocrx_word' id='word_1_547' title='bbox 852 4415 1197 4491; x_wconf 74' lang='grc' dir='ltr'><strong>’Δπόστολος,</strong></span> <span class='ocrx_word' id='word_1_548' title='bbox 1241 4415 1360 4468; x_wconf 84' lang='grc' dir='ltr'><strong>τῶν</strong></span> <span class='ocrx_word' id='word_1_549' title='bbox 1378 4417 1726 4484; x_wconf 77' lang='grc' dir='ltr'><strong>μελλόντων</strong></span> <span class='ocrx_word' id='word_1_550' title='bbox 1752 4421 1893 4486; x_wconf 65' lang='grc' dir='ltr'><strong>ἀγα.</strong></span> 
     </span>
    </p>
   </div>
   <div class='ocr_carea' id='block_1_77' title="bbox 319 4495 1892 4579">
    <p class='ocr_par' dir='ltr' id='par_1_77' title="bbox 319 4495 1892 4579">
     <span class='ocr_line' id='line_1_77' title="bbox 319 4495 1892 4579; baseline -0.001 -19"><span class='ocrx_word' id='word_1_551' title='bbox 319 4504 484 4566; x_wconf 79' lang='grc' dir='ltr'><strong>θῶν,</strong></span> <span class='ocrx_word' id='word_1_552' title='bbox 545 4508 656 4559; x_wconf 78' lang='grc' dir='ltr'><strong>οὐκ</strong></span> <span class='ocrx_word' id='word_1_553' title='bbox 714 4495 909 4572; x_wconf 77' lang='grc' dir='ltr'><strong>αὐτὴν</strong></span> <span class='ocrx_word' id='word_1_554' title='bbox 964 4505 1161 4573; x_wconf 76' lang='grc'><strong>(201</strong></span> <span class='ocrx_word' id='word_1_555' title='bbox 1221 4505 1291 4572; x_wconf 79' lang='lat'><em>6)</em></span> <span class='ocrx_word' id='word_1_556' title='bbox 1346 4504 1460 4572; x_wconf 80' lang='grc' dir='ltr'><strong>τὴν</strong></span> <span class='ocrx_word' id='word_1_557' title='bbox 1515 4508 1719 4558; x_wconf 79' lang='grc' dir='ltr'><strong>εἰκόνα</strong></span> <span class='ocrx_word' id='word_1_558' title='bbox 1757 4504 1892 4579; x_wconf 76' lang='grc' dir='ltr'><strong>τῶν</strong></span> 
     </span>
    </p>
   </div>
   <div class='ocr_carea' id='block_1_78' title="bbox 285 4582 1966 4682">
    <p class='ocr_par' dir='ltr' id='par_1_78' title="bbox 285 4582 1966 4682">
     <span class='ocr_line' id='line_1_78' title="bbox 285 4582 1966 4682; baseline -0.001 -31"><span class='ocrx_word' id='word_1_559' title='bbox 285 4666 290 4670; x_wconf 27' lang='grc'><strong>,</strong></span> <span class='ocrx_word' id='word_1_560' title='bbox 318 4598 699 4682; x_wconf 71' lang='grc' dir='ltr'><strong>πραγμάτων,</strong></span> <span class='ocrx_word' id='word_1_561' title='bbox 731 4598 800 4651; x_wconf 79' lang='grc' dir='ltr'><strong>δι’</strong></span> <span class='ocrx_word' id='word_1_562' title='bbox 824 4595 893 4669; x_wconf 79' lang='grc' dir='ltr'><strong>ἧς</strong></span> <span class='ocrx_word' id='word_1_563' title='bbox 918 4600 1042 4661; x_wconf 67' lang='grc' dir='ltr'><strong>τοῦς</strong></span> <span class='ocrx_word' id='word_1_564' title='bbox 1071 4599 1212 4652; x_wconf 85' lang='grc' dir='ltr'><strong>κατά</strong></span> <span class='ocrx_word' id='word_1_565' title='bbox 1235 4599 1398 4668; x_wconf 65' lang='grc' dir='ltr'><strong>νόμοχ</strong></span> <span class='ocrx_word' id='word_1_566' title='bbox 1433 4597 1646 4659; x_wconf 88' lang='grc' dir='ltr'><strong>οίκείως</strong></span> <span class='ocrx_word' id='word_1_567' title='bbox 1679 4600 1890 4661; x_wconf 80' lang='grc' dir='ltr'><strong>ἑαυτοῖς</strong></span> <span class='ocrx_word' id='word_1_568' title='bbox 1925 4582 1966 4633; x_wconf 77' lang='grc' dir='ltr'><strong>Ῐ)</strong></span> 
     </span>
    </p>
   </div>
   <div class='ocr_carea' id='block_1_79' title="bbox 319 4687 1889 4757">
    <p class='ocr_par' dir='ltr' id='par_1_79' title="bbox 319 4687 1889 4757">
     <span class='ocr_line' id='line_1_79' title="bbox 319 4687 1889 4757; baseline -0.001 -17"><span class='ocrx_word' id='word_1_569' title='bbox 319 4687 446 4740; x_wconf 82' lang='grc' dir='ltr'><strong>κατ’</strong></span> <span class='ocrx_word' id='word_1_570' title='bbox 500 4687 744 4757; x_wconf 84' lang='grc' dir='ltr'><strong>ἀμυδράν</strong></span> <span class='ocrx_word' id='word_1_571' title='bbox 793 4704 912 4740; x_wconf 88' lang='grc' dir='ltr'><strong>τινα</strong></span> <span class='ocrx_word' id='word_1_572' title='bbox 953 4688 1061 4739; x_wconf 88' lang='grc' dir='ltr'><strong>τῶν</strong></span> <span class='ocrx_word' id='word_1_573' title='bbox 1099 4687 1313 4757; x_wconf 77' lang='grc' dir='ltr'><strong>ἀληθῶν</strong></span> <span class='ocrx_word' id='word_1_574' title='bbox 1347 4688 1586 4755; x_wconf 74' lang='grc' dir='ltr'><strong>ἔμφασιν</strong></span> <span class='ocrx_word' id='word_1_575' title='bbox 1635 4687 1770 4754; x_wconf 75' lang='grc' dir='ltr'><strong>πρὸς</strong></span> <span class='ocrx_word' id='word_1_576' title='bbox 1791 4687 1889 4756; x_wconf 78' lang='grc' dir='ltr'><strong>τὴν</strong></span> 
     </span>
    </p>
   </div>
   <div class='ocr_carea' id='block_1_80' title="bbox 317 4775 1891 4846">
    <p class='ocr_par' dir='ltr' id='par_1_80' title="bbox 317 4775 1891 4846">
     <span class='ocr_line' id='line_1_80' title="bbox 317 4775 1891 4846; baseline 0.003 -18"><span class='ocrx_word' id='word_1_577' title='bbox 317 4776 418 4828; x_wconf 80' lang='grc' dir='ltr'><strong>τοῦ</strong></span> <span class='ocrx_word' id='word_1_578' title='bbox 450 4775 776 4845; x_wconf 78' lang='grc' dir='ltr'><strong>Εὐαγγελίου</strong></span> <span class='ocrx_word' id='word_1_579' title='bbox 805 4776 1116 4846; x_wconf 81' lang='grc' dir='ltr'><strong>παραδοχὴν</strong></span> <span class='ocrx_word' id='word_1_580' title='bbox 1158 4779 1188 4829; x_wconf 88' lang='lat'><strong>6</strong></span> <span class='ocrx_word' id='word_1_581' title='bbox 1220 4776 1376 4843; x_wconf 89' lang='grc' dir='ltr'><strong>λόγος</strong></span> <span class='ocrx_word' id='word_1_582' title='bbox 1404 4775 1790 4844; x_wconf 72' lang='grc' dir='ltr'><strong>ἐπαιδαγώγει.</strong></span> <span class='ocrx_word' id='word_1_583' title='bbox 1819 4777 1891 4832; x_wconf 82' lang='grc' dir='ltr'><strong>Τὸ</strong></span> 
     </span>
    </p>
   </div>
   <div class='ocr_carea' id='block_1_81' title="bbox 317 4867 1891 4939">
    <p class='ocr_par' dir='ltr' id='par_1_81' title="bbox 317 4867 1891 4939">
     <span class='ocr_line' id='line_1_81' title="bbox 317 4867 1891 4939; baseline 0.001 -19"><span class='ocrx_word' id='word_1_584' title='bbox 317 4868 382 4920; x_wconf 82' lang='grc' dir='ltr'><strong>δὲ</strong></span> <span class='ocrx_word' id='word_1_585' title='bbox 443 4867 768 4936; x_wconf 77' lang='grc' dir='ltr'><strong>Εὖαγγέλιον</strong></span> <span class='ocrx_word' id='word_1_586' title='bbox 798 4871 979 4920; x_wconf 77' lang='grc' dir='ltr'><strong>εἰκόνα</strong></span> <span class='ocrx_word' id='word_1_587' title='bbox 1020 4869 1280 4938; x_wconf 80' lang='grc' dir='ltr'><strong>κέκτηται</strong></span> <span class='ocrx_word' id='word_1_588' title='bbox 1323 4868 1432 4919; x_wconf 87' lang='grc' dir='ltr'><strong>τῶν</strong></span> <span class='ocrx_word' id='word_1_589' title='bbox 1466 4868 1700 4939; x_wconf 80' lang='grc' dir='ltr'><strong>ἀληθῶν,</strong></span> <span class='ocrx_word' id='word_1_590' title='bbox 1738 4869 1891 4932; x_wconf 82' lang='grc' dir='ltr'><strong>ὅλους</strong></span> 
     </span>
    </p>
   </div>
   <div class='ocr_carea' id='block_1_82' title="bbox 320 4957 1891 5029">
    <p class='ocr_par' dir='ltr' id='par_1_82' title="bbox 320 4957 1891 5029">
     <span class='ocr_line' id='line_1_82' title="bbox 320 4957 1891 5029; baseline 0.001 -17"><span class='ocrx_word' id='word_1_591' title='bbox 320 4960 449 5028; x_wconf 69' lang='grc' dir='ltr'><strong>ἔχον</strong></span> <span class='ocrx_word' id='word_1_592' title='bbox 497 4959 706 5028; x_wconf 84' lang='grc' dir='ltr'><strong>τρανῶς</strong></span> <span class='ocrx_word' id='word_1_593' title='bbox 756 4957 1083 5013; x_wconf 84' lang='grc' dir='ltr'><strong>ἁπεντεῦθεν</strong></span> <span class='ocrx_word' id='word_1_594' title='bbox 1134 4958 1237 5028; x_wconf 75' lang='grc' dir='ltr'><strong>ἠδη</strong></span> <span class='ocrx_word' id='word_1_595' title='bbox 1275 4959 1402 5020; x_wconf 79' lang='grc' dir='ltr'><strong>τοὺς</strong></span> <span class='ocrx_word' id='word_1_596' title='bbox 1434 4959 1541 5012; x_wconf 88' lang='grc' dir='ltr'><strong>τῶν</strong></span> <span class='ocrx_word' id='word_1_597' title='bbox 1591 4959 1891 5029; x_wconf 86' lang='grc' dir='ltr'><strong>μελλόντων</strong></span> 
     </span>
    </p>
   </div>
   <div class='ocr_carea' id='block_1_83' title="bbox 320 5049 1893 5120">
    <p class='ocr_par' dir='ltr' id='par_1_83' title="bbox 320 5049 1893 5120">
     <span class='ocr_line' id='line_1_83' title="bbox 320 5049 1893 5120; baseline 0 -17"><span class='ocrx_word' id='word_1_598' title='bbox 320 5049 548 5116; x_wconf 83' lang='grc' dir='ltr'><strong>ἀγαθῶν</strong></span> <span class='ocrx_word' id='word_1_599' title='bbox 585 5053 876 5120; x_wconf 86' lang='grc' dir='ltr'><strong>ὁμοιότητα</strong></span> <span class='ocrx_word' id='word_1_600' title='bbox 919 5051 1314 5119; x_wconf 86' lang='grc' dir='ltr'><strong>κτησαμένους.</strong></span> <span class='ocrx_word' id='word_1_601' title='bbox 1348 5050 1627 5120; x_wconf 79' lang='grc' dir='ltr'><strong>Ἐτοίμους</strong></span> <span class='ocrx_word' id='word_1_602' title='bbox 1667 5052 1695 5103; x_wconf 89' lang='grc' dir='ltr'>ὁ</span> <span class='ocrx_word' id='word_1_603' title='bbox 1737 5053 1893 5118; x_wconf 80' lang='grc' dir='ltr'><strong>λόγος</strong></span> 
     </span>
    </p>
   </div>
   <div class='ocr_carea' id='block_1_84' title="bbox 319 5139 1894 5212">
    <p class='ocr_par' dir='ltr' id='par_1_84' title="bbox 319 5139 1894 5212">
     <span class='ocr_line' id='line_1_84' title="bbox 319 5139 1894 5212; baseline 0.003 -21"><span class='ocrx_word' id='word_1_604' title='bbox 319 5139 392 5191; x_wconf 80' lang='grc' dir='ltr'><strong>δι’</strong></span> <span class='ocrx_word' id='word_1_605' title='bbox 424 5139 634 5201; x_wconf 83' lang='grc' dir='ltr'><strong>ἐλπίδος</strong></span> <span class='ocrx_word' id='word_1_606' title='bbox 663 5139 952 5201; x_wconf 85' lang='grc' dir='ltr'><strong>καθίστησι</strong></span> <span class='ocrx_word' id='word_1_607' title='bbox 990 5143 1056 5209; x_wconf 81' lang='grc' dir='ltr'><strong>τῇ</strong></span> <span class='ocrx_word' id='word_1_608' title='bbox 1087 5142 1364 5212; x_wconf 81' lang='grc' dir='ltr'><strong>παραδοχῇ</strong></span> <span class='ocrx_word' id='word_1_609' title='bbox 1398 5142 1497 5210; x_wconf 82' lang='grc' dir='ltr'><strong>τῆς</strong></span> <span class='ocrx_word' id='word_1_610' title='bbox 1524 5141 1632 5193; x_wconf 89' lang='grc' dir='ltr'><strong>τῶν</strong></span> <span class='ocrx_word' id='word_1_611' title='bbox 1679 5143 1894 5212; x_wconf 85' lang='grc' dir='ltr'><strong>ἀληθῶν</strong></span> 
     </span>
    </p>
   </div>
   <div class='ocr_carea' id='block_1_85' title="bbox 321 5227 1895 5298">
    <p class='ocr_par' dir='ltr' id='par_1_85' title="bbox 321 5227 1895 5298">
     <span class='ocr_line' id='line_1_85' title="bbox 321 5227 1895 5298; baseline 0.004 -20"><span class='ocrx_word' id='word_1_612' title='bbox 321 5227 656 5298; x_wconf 78' lang='grc' dir='ltr'><strong>ἀρχετυπίας</strong></span> <span class='ocrx_word' id='word_1_613' title='bbox 699 5227 1013 5298; x_wconf 74' lang='grc' dir='ltr'><strong>ψνχωθῆναι</strong></span> <span class='ocrx_word' id='word_1_614' title='bbox 1046 5229 1138 5280; x_wconf 76' lang='grc' dir='ltr'><strong>καὶ</strong></span> <span class='ocrx_word' id='word_1_615' title='bbox 1178 5229 1428 5295; x_wconf 81' lang='grc' dir='ltr'><strong>γενέσθαι</strong></span> <span class='ocrx_word' id='word_1_616' title='bbox 1478 5229 1655 5292; x_wconf 82' lang='grc' dir='ltr'><strong>ζώσας</strong></span> <span class='ocrx_word' id='word_1_617' title='bbox 1681 5232 1895 5291; x_wconf 84' lang='grc' dir='ltr'><strong>εἰκόνας</strong></span> 
     </span>
    </p>
   </div>
   <div class='ocr_carea' id='block_1_86' title="bbox 321 5316 1893 5391">
    <p class='ocr_par' dir='ltr' id='par_1_86' title="bbox 321 5316 1893 5391">
     <span class='ocr_line' id='line_1_86' title="bbox 321 5316 1893 5391; baseline 0.001 -17"><span class='ocrx_word' id='word_1_618' title='bbox 321 5317 584 5389; x_wconf 78' lang='grc' dir='ltr'><strong>Χριστοῦ,</strong></span> <span class='ocrx_word' id='word_1_619' title='bbox 629 5321 722 5372; x_wconf 78' lang='grc' dir='ltr'><strong>καὶ</strong></span> <span class='ocrx_word' id='word_1_620' title='bbox 755 5318 950 5370; x_wconf 68' lang='grc' dir='ltr'><strong>ταυτὸν</strong></span> <span class='ocrx_word' id='word_1_621' title='bbox 986 5316 1135 5386; x_wconf 81' lang='grc' dir='ltr'><strong>αὐτῷ</strong></span> <span class='ocrx_word' id='word_1_622' title='bbox 1172 5319 1371 5386; x_wconf 75' lang='grc' dir='ltr'><strong>μᾶλλον</strong></span> <span class='ocrx_word' id='word_1_623' title='bbox 1421 5317 1562 5370; x_wconf 85' lang='grc' dir='ltr'><strong>κατά</strong></span> <span class='ocrx_word' id='word_1_624' title='bbox 1600 5319 1697 5389; x_wconf 75' lang='grc' dir='ltr'><strong>τὴν</strong></span> <span class='ocrx_word' id='word_1_625' title='bbox 1735 5323 1893 5391; x_wconf 81' lang='grc' dir='ltr'><strong>χάριν</strong></span> 
     </span>
    </p>
   </div>
   <div class='ocr_carea' id='block_1_87' title="bbox 323 5406 1887 5479">
    <p class='ocr_par' dir='ltr' id='par_1_87' title="bbox 323 5406 1887 5479">
     <span class='ocr_line' id='line_1_87' title="bbox 323 5406 1887 5479; baseline 0.001 -20"><span class='ocrx_word' id='word_1_626' title='bbox 323 5408 362 5479; x_wconf 82' lang='grc' dir='ltr'>ἥ</span> <span class='ocrx_word' id='word_1_627' title='bbox 394 5408 742 5479; x_wconf 70' lang='grc' dir='ltr'><strong>ἀφομοίωμα,</strong></span> <span class='ocrx_word' id='word_1_628' title='bbox 767 5407 927 5477; x_wconf 82' lang='grc' dir='ltr'><strong>τυχὸν</strong></span> <span class='ocrx_word' id='word_1_629' title='bbox 970 5406 1025 5458; x_wconf 82' lang='grc' dir='ltr'><strong>δὲ</strong></span> <span class='ocrx_word' id='word_1_630' title='bbox 1051 5407 1145 5458; x_wconf 70' lang='grc' dir='ltr'><strong>καὶ</strong></span> <span class='ocrx_word' id='word_1_631' title='bbox 1189 5408 1348 5467; x_wconf 84' lang='grc' dir='ltr'><strong>αὐτὸς</strong></span> <span class='ocrx_word' id='word_1_632' title='bbox 1383 5409 1410 5459; x_wconf 90' lang='grc' dir='ltr'><strong>ό</strong></span> <span class='ocrx_word' id='word_1_633' title='bbox 1459 5407 1681 5477; x_wconf 82' lang='grc' dir='ltr'><strong>Κύριος,</strong></span> <span class='ocrx_word' id='word_1_634' title='bbox 1729 5413 1776 5461; x_wconf 84' lang='grc' dir='ltr'><strong>εί</strong></span> <span class='ocrx_word' id='word_1_635' title='bbox 1812 5410 1887 5478; x_wconf 78' lang='grc' dir='ltr'><strong>μὴ</strong></span> 
     </span>
    </p>
   </div>
   <div class='ocr_carea' id='block_1_88' title="bbox 265 5465 1890 5574">
    <p class='ocr_par' dir='ltr' id='par_1_88' title="bbox 265 5465 1890 5574">
     <span class='ocr_line' id='line_1_88' title="bbox 265 5465 1890 5574; baseline 0.004 -28"><span class='ocrx_word' id='word_1_636' title='bbox 265 5538 286 5546; x_wconf 84' lang='grc'><strong>..</strong></span> <span class='ocrx_word' id='word_1_637' title='bbox 324 5465 584 5574; x_wconf 33' lang='lat' dir='ltr'><strong>(pexo-c6;</strong></span> <span class='ocrx_word' id='word_1_638' title='bbox 619 5465 656 5549; x_wconf 43' lang='lat'><em>6‘</em></span> <span class='ocrx_word' id='word_1_639' title='bbox 689 5465 1018 5565; x_wconf 42' lang='grc' dir='ltr'><strong>λόγοςῆτισὶν</strong></span> <span class='ocrx_word' id='word_1_640' title='bbox 1060 5494 1196 5549; x_wconf 83' lang='grc' dir='ltr'><strong>εἶναι</strong></span> <span class='ocrx_word' id='word_1_641' title='bbox 1238 5465 1401 5550; x_wconf 79' lang='grc' dir='ltr'><strong>δοκεῖ.</strong></span> <span class='ocrx_word' id='word_1_642' title='bbox 1451 5465 1562 5558; x_wconf 76' lang='grc' dir='ltr'><strong>Ὠς⁸</strong></span> <span class='ocrx_word' id='word_1_643' title='bbox 1587 5465 1890 5570; x_wconf 58' lang='grc' dir='ltr'><strong>πρόδρομος</strong></span> 
     </span>
    </p>
   </div>
   <div class='ocr_carea' id='block_1_89' title="bbox 321 5577 1890 5661">
    <p class='ocr_par' dir='ltr' id='par_1_89' title="bbox 321 5577 1890 5661">
     <span class='ocr_line' id='line_1_89' title="bbox 321 5577 1890 5661; baseline 0.001 -18"><span class='ocrx_word' id='word_1_644' title='bbox 321 5577 523 5643; x_wconf 71' lang='grc' dir='ltr'><strong>ἑαυτὸῦ</strong></span> <span class='ocrx_word' id='word_1_645' title='bbox 553 5590 684 5660; x_wconf 75' lang='grc' dir='ltr'><strong>πρὸς</strong></span> <span class='ocrx_word' id='word_1_646' title='bbox 701 5589 795 5642; x_wconf 77' lang='grc' dir='ltr'><strong>τοῦ</strong></span> <span class='ocrx_word' id='word_1_647' title='bbox 826 5589 1080 5658; x_wconf 79' lang='grc' dir='ltr'><strong>Θεοφόρου</strong></span> <span class='ocrx_word' id='word_1_648' title='bbox 1110 5588 1426 5642; x_wconf 84' lang='grc' dir='ltr'><strong>διδασκάλου</strong></span> <span class='ocrx_word' id='word_1_649' title='bbox 1452 5592 1890 5661; x_wconf 84' lang='grc' dir='ltr'><strong>προσηγόρευται</strong></span> 
     </span>
    </p>
   </div>
   <div class='ocr_carea' id='block_1_90' title="bbox 312 5681 1895 5751">
    <p class='ocr_par' dir='ltr' id='par_1_90' title="bbox 312 5681 1895 5751">
     <span class='ocr_line' id='line_1_90' title="bbox 312 5681 1895 5751; baseline 0.004 -19"><span class='ocrx_word' id='word_1_650' title='bbox 312 5681 445 5744; x_wconf 86' lang='grc' dir='ltr'><strong>νῦν,</strong></span> <span class='ocrx_word' id='word_1_651' title='bbox 474 5681 546 5743; x_wconf 83' lang='grc' dir='ltr'><strong>ὡς</strong></span> <span class='ocrx_word' id='word_1_652' title='bbox 579 5682 767 5734; x_wconf 80' lang='grc' dir='ltr'><strong>ἑαυτὸν</strong></span> <span class='ocrx_word' id='word_1_653' title='bbox 817 5682 1089 5748; x_wconf 80' lang='grc' dir='ltr'><strong>ἀναλόγως</strong></span> <span class='ocrx_word' id='word_1_654' title='bbox 1136 5684 1249 5743; x_wconf 79' lang='grc' dir='ltr'><strong>τοῖς</strong></span> <span class='ocrx_word' id='word_1_655' title='bbox 1289 5681 1702 5751; x_wconf 80' lang='grc' dir='ltr'><strong>ὑποδεχομένοις</strong></span> <span class='ocrx_word' id='word_1_656' title='bbox 1751 5686 1895 5739; x_wconf 83' lang='grc' dir='ltr'><strong>κατά</strong></span> 
     </span>
    </p>
   </div>
   <div class='ocr_carea' id='block_1_91' title="bbox 393 5817 1846 5928">
    <p class='ocr_par' dir='ltr' id='par_1_91' title="bbox 393 5817 1846 5928">
     <span class='ocr_line' id='line_1_91' title="bbox 393 5817 1846 5928; baseline 0.005 -18"><span class='ocrx_word' id='word_1_657' title='bbox 393 5865 436 5896; x_wconf 73' lang='grc'><strong>1³³</strong></span> <span class='ocrx_word' id='word_1_658' title='bbox 463 5853 653 5910; x_wconf 71' lang='lat' dir='ltr'><strong>Matth.</strong></span> <span class='ocrx_word' id='word_1_659' title='bbox 682 5872 750 5919; x_wconf 73' lang='lat' dir='ltr'><strong>xl,</strong></span> <span class='ocrx_word' id='word_1_660' title='bbox 781 5857 864 5911; x_wconf 68' lang='grc' dir='ltr'><strong>ιι.</strong></span> <span class='ocrx_word' id='word_1_661' title='bbox 942 5866 968 5891; x_wconf 74' lang='grc' dir='ltr'><strong>η</strong></span> <span class='ocrx_word' id='word_1_662' title='bbox 999 5856 1130 5910; x_wconf 87' lang='lat' dir='ltr'><strong>Luc.</strong></span> <span class='ocrx_word' id='word_1_663' title='bbox 1159 5873 1264 5922; x_wconf 83' lang='lat' dir='ltr'><strong>va,</strong></span> <span class='ocrx_word' id='word_1_664' title='bbox 1296 5817 1382 5913; x_wconf 56' lang='grc' dir='ltr'><strong>ἓθί</strong></span> <span class='ocrx_word' id='word_1_665' title='bbox 1458 5869 1478 5889; x_wconf 89' lang='lat'><strong><em>°</em></strong></span> <span class='ocrx_word' id='word_1_666' title='bbox 1513 5859 1676 5914; x_wconf 83' lang='lat' dir='ltr'><strong>Hebr.</strong></span> <span class='ocrx_word' id='word_1_667' title='bbox 1716 5878 1766 5928; x_wconf 73' lang='grc' dir='ltr'><strong>κ,</strong></span> <span class='ocrx_word' id='word_1_668' title='bbox 1797 5864 1846 5918; x_wconf 89' lang='lat' dir='ltr'><strong>l.</strong></span> 
     </span>
    </p>
   </div>
   <div class='ocr_carea' id='block_1_92' title="bbox 1970 3336 3576 3410">
    <p class='ocr_par' dir='ltr' id='par_1_92' title="bbox 1970 3336 3576 3410">
     <span class='ocr_line' id='line_1_92' title="bbox 1970 3336 3576 3410; baseline 0.013 -23"><span class='ocrx_word' id='word_1_669' title='bbox 1970 3351 1972 3354; x_wconf 93' lang='grc'>·</span> <span class='ocrx_word' id='word_1_670' title='bbox 2007 3338 2102 3404; x_wconf 88' lang='lat' dir='ltr'><strong>qui</strong></span> <span class='ocrx_word' id='word_1_671' title='bbox 2131 3336 2306 3390; x_wconf 84' lang='lat' dir='ltr'><strong>futuri</strong></span> <span class='ocrx_word' id='word_1_672' title='bbox 2343 3339 2444 3392; x_wconf 69' lang='lat' dir='ltr'><strong>aevi</strong></span> <span class='ocrx_word' id='word_1_673' title='bbox 2488 3341 2731 3410; x_wconf 68' lang='lat' dir='ltr'><strong>mysticae</strong></span> <span class='ocrx_word' id='word_1_674' title='bbox 2779 3343 3138 3398; x_wconf 83' lang='lat' dir='ltr'><strong>ineﬂabilium</strong></span> <span class='ocrx_word' id='word_1_675' title='bbox 3182 3346 3450 3403; x_wconf 82' lang='lat' dir='ltr'><strong>bonorum</strong></span> <span class='ocrx_word' id='word_1_676' title='bbox 3481 3367 3576 3407; x_wconf 54' lang='lat' dir='ltr'><strong>occ</strong></span> 
     </span>
    </p>
   </div>
   <div class='ocr_carea' id='block_1_93' title="bbox 2006 3427 3578 3512">
    <p class='ocr_par' dir='ltr' id='par_1_93' title="bbox 2006 3427 3578 3512">
     <span class='ocr_line' id='line_1_93' title="bbox 2006 3427 3578 3512; baseline 0.013 -34"><span class='ocrx_word' id='word_1_677' title='bbox 2006 3427 2321 3482; x_wconf 86' lang='lat' dir='ltr'><strong>cultationis</strong></span> <span class='ocrx_word' id='word_1_678' title='bbox 2363 3445 2674 3497; x_wconf 66' lang='lat' dir='ltr'><strong>praecursor</strong></span> <span class='ocrx_word' id='word_1_679' title='bbox 2702 3436 3025 3508; x_wconf 37' lang='lat' dir='ltr'><strong>est,.etiam</strong></span> <span class='ocrx_word' id='word_1_680' title='bbox 3070 3437 3308 3494; x_wconf 85' lang='lat' dir='ltr'><strong>Joannes</strong></span> <span class='ocrx_word' id='word_1_681' title='bbox 3349 3457 3578 3512; x_wconf 82' lang='lat' dir='ltr'><strong>magnus</strong></span> 
     </span>
    </p>
   </div>
   <div class='ocr_carea' id='block_1_94' title="bbox 2005 3517 3577 3596">
    <p class='ocr_par' dir='ltr' id='par_1_94' title="bbox 2005 3517 3577 3596">
     <span class='ocr_line' id='line_1_94' title="bbox 2005 3517 3577 3596; baseline 0.013 -31"><span class='ocrx_word' id='word_1_682' title='bbox 2005 3529 2197 3569; x_wconf 88' lang='lat' dir='ltr'><strong>revera</strong></span> <span class='ocrx_word' id='word_1_683' title='bbox 2229 3517 2562 3586; x_wconf 84' lang='lat' dir='ltr'><strong>evangelista</strong></span> <span class='ocrx_word' id='word_1_684' title='bbox 2591 3528 2772 3589; x_wconf 85' lang='lat' dir='ltr'><strong>potest</strong></span> <span class='ocrx_word' id='word_1_685' title='bbox 2811 3523 3009 3591; x_wconf 88' lang='lat' dir='ltr'><strong>accipi,</strong></span> <span class='ocrx_word' id='word_1_686' title='bbox 3045 3535 3107 3578; x_wconf 92' lang='lat' dir='ltr'><strong>ut</strong></span> <span class='ocrx_word' id='word_1_687' title='bbox 3137 3542 3237 3580; x_wconf 81' lang='lat' dir='ltr'><strong>vox</strong></span> <span class='ocrx_word' id='word_1_688' title='bbox 3272 3544 3577 3596; x_wconf 75' lang='lat' dir='ltr'><strong>pnecursor</strong></span> 
     </span>
    </p>
   </div>
   <div class='ocr_carea' id='block_1_95' title="bbox 1991 3603 3579 3683">
    <p class='ocr_par' dir='ltr' id='par_1_95' title="bbox 1991 3603 3579 3683">
     <span class='ocr_line' id='line_1_95' title="bbox 1991 3603 3579 3683; baseline 0.011 -26"><span class='ocrx_word' id='word_1_689' title='bbox 1991 3603 2294 3659; x_wconf 85' lang='lat' dir='ltr'><strong>.divinioris</strong></span> <span class='ocrx_word' id='word_1_690' title='bbox 2341 3607 2620 3663; x_wconf 83' lang='lat' dir='ltr'><strong>Sermonis</strong></span> <span class='ocrx_word' id='word_1_691' title='bbox 2663 3621 2854 3679; x_wconf 87' lang='lat' dir='ltr'><strong>aperte</strong></span> <span class='ocrx_word' id='word_1_692' title='bbox 2897 3614 3030 3666; x_wconf 90' lang='lat' dir='ltr'><strong>olim</strong></span> <span class='ocrx_word' id='word_1_693' title='bbox 3074 3620 3486 3683; x_wconf 84' lang='lat' dir='ltr'><strong>pronuntiandi,</strong></span> <span class='ocrx_word' id='word_1_694' title='bbox 3519 3632 3579 3676; x_wconf 88' lang='lat' dir='ltr'><strong>et</strong></span> 
     </span>
    </p>
   </div>
   <div class='ocr_carea' id='block_1_96' title="bbox 2001 3693 3574 3763">
    <p class='ocr_par' dir='ltr' id='par_1_96' title="bbox 2001 3693 3574 3763">
     <span class='ocr_line' id='line_1_96' title="bbox 2001 3693 3574 3763; baseline 0.011 -17"><span class='ocrx_word' id='word_1_695' title='bbox 2001 3693 2356 3747; x_wconf 87' lang='lat' dir='ltr'><strong>simulacrum</strong></span> <span class='ocrx_word' id='word_1_696' title='bbox 2401 3698 2651 3751; x_wconf 84' lang='lat' dir='ltr'><strong>veritatis</strong></span> <span class='ocrx_word' id='word_1_697' title='bbox 2681 3701 3144 3757; x_wconf 58' lang='lat' dir='ltr'><strong>demonstranda.</strong></span> <span class='ocrx_word' id='word_1_698' title='bbox 3185 3705 3386 3761; x_wconf 78' lang='lat' dir='ltr'><strong>Umbra</strong></span> <span class='ocrx_word' id='word_1_699' title='bbox 3426 3712 3574 3763; x_wconf 89' lang='lat' dir='ltr'><strong>enim</strong></span> 
     </span>
    </p>
   </div>
   <div class='ocr_carea' id='block_1_97' title="bbox 1999 3783 3575 3862">
    <p class='ocr_par' dir='ltr' id='par_1_97' title="bbox 1999 3783 3575 3862">
     <span class='ocr_line' id='line_1_97' title="bbox 1999 3783 3575 3862; baseline 0.011 -27"><span class='ocrx_word' id='word_1_700' title='bbox 1999 3793 2057 3836; x_wconf 89' lang='lat' dir='ltr'><strong>et</strong></span> <span class='ocrx_word' id='word_1_701' title='bbox 2106 3783 2402 3837; x_wconf 89' lang='lat' dir='ltr'><strong>simulacro</strong></span> <span class='ocrx_word' id='word_1_702' title='bbox 2451 3795 2506 3837; x_wconf 89' lang='lat' dir='ltr'><strong>et</strong></span> <span class='ocrx_word' id='word_1_703' title='bbox 2550 3787 2782 3840; x_wconf 82' lang='lat' dir='ltr'><strong>veritate</strong></span> <span class='ocrx_word' id='word_1_704' title='bbox 2831 3798 3004 3842; x_wconf 88' lang='lat' dir='ltr'><strong>totum</strong></span> <span class='ocrx_word' id='word_1_705' title='bbox 3053 3793 3248 3847; x_wconf 84' lang='lat' dir='ltr'><strong>salutis</strong></span> <span class='ocrx_word' id='word_1_706' title='bbox 3280 3797 3422 3862; x_wconf 85' lang='lat' dir='ltr'><strong>apud</strong></span> <span class='ocrx_word' id='word_1_707' title='bbox 3473 3814 3575 3854; x_wconf 89' lang='lat' dir='ltr'><strong>nos</strong></span> 
     </span>
    </p>
   </div>
   <div class='ocr_carea' id='block_1_98' title="bbox 2001 3875 3572 3945">
    <p class='ocr_par' dir='ltr' id='par_1_98' title="bbox 2001 3875 3572 3945">
     <span class='ocr_line' id='line_1_98' title="bbox 2001 3875 3572 3945; baseline 0.01 -19"><span class='ocrx_word' id='word_1_708' title='bbox 2001 3875 2323 3943; x_wconf 79' lang='lat' dir='ltr'><strong>mysterium</strong></span> <span class='ocrx_word' id='word_1_709' title='bbox 2379 3875 2655 3944; x_wconf 86' lang='lat' dir='ltr'><strong>sapienter</strong></span> <span class='ocrx_word' id='word_1_710' title='bbox 2711 3877 3089 3945; x_wconf 89' lang='lat' dir='ltr'><strong>dispensatum</strong></span> <span class='ocrx_word' id='word_1_711' title='bbox 3145 3893 3248 3936; x_wconf 90' lang='lat' dir='ltr'><strong>est.</strong></span> <span class='ocrx_word' id='word_1_712' title='bbox 3322 3886 3572 3942; x_wconf 73' lang='lat' dir='ltr'><strong>Umbrum</strong></span> 
     </span>
    </p>
   </div>
   <div class='ocr_carea' id='block_1_99' title="bbox 2002 3967 3576 4047">
    <p class='ocr_par' dir='ltr' id='par_1_99' title="bbox 2002 3967 3576 4047">
     <span class='ocr_line' id='line_1_99' title="bbox 2002 3967 3576 4047; baseline 0.009 -29"><span class='ocrx_word' id='word_1_713' title='bbox 2002 3967 2137 4018; x_wconf 81' lang='lat' dir='ltr'><strong>enim</strong></span> <span class='ocrx_word' id='word_1_714' title='bbox 2171 3967 2392 4019; x_wconf 82' lang='lat' dir='ltr'><strong>habebat</strong></span> <span class='ocrx_word' id='word_1_715' title='bbox 2425 3971 2527 4033; x_wconf 72' lang='lat' dir='ltr'><strong>(ex,</strong></span> <span class='ocrx_word' id='word_1_716' title='bbox 2574 3977 2634 4021; x_wconf 88' lang='lat' dir='ltr'><strong>ut</strong></span> <span class='ocrx_word' id='word_1_717' title='bbox 2675 3969 2808 4022; x_wconf 83' lang='lat' dir='ltr'><strong>dicit</strong></span> <span class='ocrx_word' id='word_1_718' title='bbox 2836 3970 3052 4025; x_wconf 84' lang='lat' dir='ltr'><strong>divinus</strong></span> <span class='ocrx_word' id='word_1_719' title='bbox 3075 3973 3388 4041; x_wconf 86' lang='lat' dir='ltr'><strong>Apostolus,</strong></span> <span class='ocrx_word' id='word_1_720' title='bbox 3434 3980 3576 4047; x_wconf 76' lang='lat' dir='ltr'><strong>fulu-</strong></span> 
     </span>
    </p>
   </div>
   <div class='ocr_carea' id='block_1_100' title="bbox 2000 4059 3580 4137">
    <p class='ocr_par' dir='ltr' id='par_1_100' title="bbox 2000 4059 3580 4137">
     <span class='ocr_line' id='line_1_100' title="bbox 2000 4059 3580 4137; baseline 0.01 -29"><span class='ocrx_word' id='word_1_721' title='bbox 2000 4073 2179 4110; x_wconf 87' lang='lat' dir='ltr'><strong>rorum</strong></span> <span class='ocrx_word' id='word_1_722' title='bbox 2209 4059 2485 4124; x_wconf 85' lang='lat' dir='ltr'><strong>bonorum,</strong></span> <span class='ocrx_word' id='word_1_723' title='bbox 2517 4076 2622 4112; x_wconf 81' lang='lat' dir='ltr'><strong>non</strong></span> <span class='ocrx_word' id='word_1_724' title='bbox 2651 4061 2823 4129; x_wconf 80' lang='lat' dir='ltr'><strong>ipsum</strong></span> <span class='ocrx_word' id='word_1_725' title='bbox 2855 4078 3032 4119; x_wconf 85' lang='lat' dir='ltr'><strong>rerum</strong></span> <span class='ocrx_word' id='word_1_726' title='bbox 3071 4065 3580 4137; x_wconf 38' lang='lat' dir='ltr'><strong>simulacrumqqua-</strong></span> 
     </span>
    </p>
   </div>
   <div class='ocr_carea' id='block_1_101' title="bbox 1999 4148 3570 4224">
    <p class='ocr_par' dir='ltr' id='par_1_101' title="bbox 1999 4148 3570 4224">
     <span class='ocr_line' id='line_1_101' title="bbox 1999 4148 3570 4224; baseline 0.008 -24"><span class='ocrx_word' id='word_1_727' title='bbox 1999 4162 2100 4200; x_wconf 88' lang='lat' dir='ltr'><strong>suo</strong></span> <span class='ocrx_word' id='word_1_728' title='bbox 2123 4148 2228 4202; x_wconf 90' lang='lat' dir='ltr'><strong>sibi</strong></span> <span class='ocrx_word' id='word_1_729' title='bbox 2253 4164 2434 4203; x_wconf 90' lang='lat' dir='ltr'><strong>sermo</strong></span> <span class='ocrx_word' id='word_1_730' title='bbox 2460 4150 2620 4204; x_wconf 89' lang='lat' dir='ltr'><strong>modo</strong></span> <span class='ocrx_word' id='word_1_731' title='bbox 2661 4167 2763 4219; x_wconf 89' lang='lat' dir='ltr'><strong>per</strong></span> <span class='ocrx_word' id='word_1_732' title='bbox 2794 4152 3082 4206; x_wconf 76' lang='lat' dir='ltr'><strong>obscuram</strong></span> <span class='ocrx_word' id='word_1_733' title='bbox 3109 4159 3400 4224; x_wconf 85' lang='lat' dir='ltr'><strong>quamdam</strong></span> <span class='ocrx_word' id='word_1_734' title='bbox 3426 4162 3570 4214; x_wconf 79' lang='lat' dir='ltr'><strong>veri-</strong></span> 
     </span>
    </p>
   </div>
   <div class='ocr_carea' id='block_1_102' title="bbox 1999 4240 3569 4317">
    <p class='ocr_par' dir='ltr' id='par_1_102' title="bbox 1999 4240 3569 4317">
     <span class='ocr_line' id='line_1_102' title="bbox 1999 4240 3569 4317; baseline 0.009 -28"><span class='ocrx_word' id='word_1_735' title='bbox 1999 4245 2169 4292; x_wconf 86' lang='lat' dir='ltr'><strong>tatum</strong></span> <span class='ocrx_word' id='word_1_736' title='bbox 2207 4240 2661 4309; x_wconf 76' lang='lat' dir='ltr'><strong>signiﬁcationem</strong></span> <span class='ocrx_word' id='word_1_737' title='bbox 2703 4244 2768 4296; x_wconf 89' lang='lat' dir='ltr'><strong>ad</strong></span> <span class='ocrx_word' id='word_1_738' title='bbox 2793 4244 3148 4314; x_wconf 83' lang='lat' dir='ltr'><strong>Evangelium</strong></span> <span class='ocrx_word' id='word_1_739' title='bbox 3189 4251 3569 4317; x_wconf 73' lang='lat' dir='ltr'><strong>accipiendum</strong></span> 
     </span>
    </p>
   </div>
   <div class='ocr_carea' id='block_1_103' title="bbox 1956 4329 3569 4406">
    <p class='ocr_par' dir='ltr' id='par_1_103' title="bbox 1956 4329 3569 4406">
     <span class='ocr_line' id='line_1_103' title="bbox 1956 4329 3569 4406; baseline 0.006 -24"><span class='ocrx_word' id='word_1_740' title='bbox 1956 4393 1961 4406; x_wconf 40' lang='grc' dir='ltr'><strong>Ι</strong></span> <span class='ocrx_word' id='word_1_741' title='bbox 1994 4329 2134 4396; x_wconf 85' lang='lat' dir='ltr'><strong>legis</strong></span> <span class='ocrx_word' id='word_1_742' title='bbox 2153 4331 2396 4384; x_wconf 88' lang='lat' dir='ltr'><strong>cultores</strong></span> <span class='ocrx_word' id='word_1_743' title='bbox 2417 4332 2747 4388; x_wconf 88' lang='lat' dir='ltr'><strong>instrueret.</strong></span> <span class='ocrx_word' id='word_1_744' title='bbox 2816 4335 3170 4402; x_wconf 80' lang='lat' dir='ltr'><strong>Evangelium</strong></span> <span class='ocrx_word' id='word_1_745' title='bbox 3193 4350 3374 4390; x_wconf 86' lang='lat' dir='ltr'><strong>autem</strong></span> <span class='ocrx_word' id='word_1_746' title='bbox 3401 4342 3569 4392; x_wconf 81' lang='lat' dir='ltr'><strong>simu-</strong></span> 
     </span>
    </p>
   </div>
   <div class='ocr_carea' id='block_1_104' title="bbox 1994 4420 3569 4493">
    <p class='ocr_par' dir='ltr' id='par_1_104' title="bbox 1994 4420 3569 4493">
     <span class='ocr_line' id='line_1_104' title="bbox 1994 4420 3569 4493; baseline 0.008 -22"><span class='ocrx_word' id='word_1_747' title='bbox 1994 4420 2200 4472; x_wconf 89' lang='lat' dir='ltr'><strong>lacrum</strong></span> <span class='ocrx_word' id='word_1_748' title='bbox 2245 4421 2491 4487; x_wconf 88' lang='lat' dir='ltr'><strong>possidet</strong></span> <span class='ocrx_word' id='word_1_749' title='bbox 2525 4422 2856 4483; x_wconf 89' lang='lat' dir='ltr'><strong>veritatum,</strong></span> <span class='ocrx_word' id='word_1_750' title='bbox 2901 4432 2957 4474; x_wconf 88' lang='lat' dir='ltr'><strong>et</strong></span> <span class='ocrx_word' id='word_1_751' title='bbox 3004 4433 3145 4476; x_wconf 79' lang='lat' dir='ltr'><strong>totus</strong></span> <span class='ocrx_word' id='word_1_752' title='bbox 3188 4437 3375 4493; x_wconf 82' lang='lat' dir='ltr'><strong>aperte</strong></span> <span class='ocrx_word' id='word_1_753' title='bbox 3420 4438 3569 4484; x_wconf 85' lang='lat' dir='ltr'><strong>tenet</strong></span> 
     </span>
    </p>
   </div>
   <div class='ocr_carea' id='block_1_105' title="bbox 1993 4495 3566 4584">
    <p class='ocr_par' dir='ltr' id='par_1_105' title="bbox 1993 4495 3566 4584">
     <span class='ocr_line' id='line_1_105' title="bbox 1993 4495 3566 4584; baseline 0.008 -22"><span class='ocrx_word' id='word_1_754' title='bbox 1993 4510 2124 4562; x_wconf 83' lang='lat' dir='ltr'><strong>hinc</strong></span> <span class='ocrx_word' id='word_1_755' title='bbox 2158 4511 2270 4584; x_wconf 83' lang='lat' dir='ltr'><strong>jam</strong></span> <span class='ocrx_word' id='word_1_756' title='bbox 2315 4509 2408 4575; x_wconf 90' lang='lat' dir='ltr'><strong>qui</strong></span> <span class='ocrx_word' id='word_1_757' title='bbox 2454 4505 2559 4561; x_wconf 87' lang='lat' dir='ltr'><strong>sibi</strong></span> <span class='ocrx_word' id='word_1_758' title='bbox 2606 4495 2913 4562; x_wconf 74' lang='lat' dir='ltr'><strong>futurorum</strong></span> <span class='ocrx_word' id='word_1_759' title='bbox 2949 4512 3216 4565; x_wconf 84' lang='lat' dir='ltr'><strong>bonorum</strong></span> <span class='ocrx_word' id='word_1_760' title='bbox 3252 4517 3566 4574; x_wconf 83' lang='lat' dir='ltr'><strong>similitudi-</strong></span> 
     </span>
    </p>
   </div>
   <div class='ocr_carea' id='block_1_106' title="bbox 1994 4589 3680 4674">
    <p class='ocr_par' dir='ltr' id='par_1_106' title="bbox 1994 4589 3680 4674">
     <span class='ocr_line' id='line_1_106' title="bbox 1994 4589 3680 4674; baseline 0.008 -25"><span class='ocrx_word' id='word_1_761' title='bbox 1994 4613 2118 4651; x_wconf 88' lang='lat' dir='ltr'><strong>nem</strong></span> <span class='ocrx_word' id='word_1_762' title='bbox 2149 4589 2544 4665; x_wconf 63' lang='lat' dir='ltr'><strong>quaasiverunt.</strong></span> <span class='ocrx_word' id='word_1_763' title='bbox 2587 4599 2863 4667; x_wconf 72' lang='lat' dir='ltr'><strong>Przepa&#39;rat</strong></span> <span class='ocrx_word' id='word_1_764' title='bbox 2906 4616 3085 4654; x_wconf 85' lang='lat' dir='ltr'><strong>sermo</strong></span> <span class='ocrx_word' id='word_1_765' title='bbox 3123 4619 3220 4670; x_wconf 81' lang='lat' dir='ltr'><strong>per</strong></span> <span class='ocrx_word' id='word_1_766' title='bbox 3246 4621 3393 4674; x_wconf 76' lang='lat' dir='ltr'><strong>spem</strong></span> <span class='ocrx_word' id='word_1_767' title='bbox 3423 4612 3560 4662; x_wconf 65' lang='grc' dir='ltr'><strong>τρι-ξς</strong></span> <span class='ocrx_word' id='word_1_768' title='bbox 3669 4622 3680 4625; x_wconf 84' lang='grc'><em>’</em></span> 
     </span>
    </p>
   </div>
   <div class='ocr_carea' id='block_1_107' title="bbox 1995 4679 3567 4759">
    <p class='ocr_par' dir='ltr' id='par_1_107' title="bbox 1995 4679 3567 4759">
     <span class='ocr_line' id='line_1_107' title="bbox 1995 4679 3567 4759; baseline 0.01 -20"><span class='ocrx_word' id='word_1_769' title='bbox 1995 4695 2166 4740; x_wconf 90' lang='lat' dir='ltr'><strong>tatum</strong></span> <span class='ocrx_word' id='word_1_770' title='bbox 2197 4687 2370 4742; x_wconf 80' lang='lat' dir='ltr'><strong>forma</strong></span> <span class='ocrx_word' id='word_1_771' title='bbox 2397 4679 2720 4758; x_wconf 77' lang='lat' dir='ltr'><strong>primigenia</strong></span> <span class='ocrx_word' id='word_1_772' title='bbox 2753 4701 2968 4759; x_wconf 81' lang='lat' dir='ltr'><strong>recepta</strong></span> <span class='ocrx_word' id='word_1_773' title='bbox 3008 4695 3305 4749; x_wconf 74' lang='lat' dir='ltr'><strong>aninmtum</strong></span> <span class='ocrx_word' id='word_1_774' title='bbox 3353 4698 3420 4751; x_wconf 90' lang='lat' dir='ltr'><strong>iri</strong></span> <span class='ocrx_word' id='word_1_775' title='bbox 3467 4716 3567 4755; x_wconf 88' lang='lat' dir='ltr'><strong>nos</strong></span> 
     </span>
    </p>
   </div>
   <div class='ocr_carea' id='block_1_108' title="bbox 1992 4777 3566 4857">
    <p class='ocr_par' dir='ltr' id='par_1_108' title="bbox 1992 4777 3566 4857">
     <span class='ocr_line' id='line_1_108' title="bbox 1992 4777 3566 4857; baseline 0.01 -27"><span class='ocrx_word' id='word_1_776' title='bbox 1992 4785 2050 4830; x_wconf 89' lang='lat' dir='ltr'><strong>et</strong></span> <span class='ocrx_word' id='word_1_777' title='bbox 2083 4777 2233 4832; x_wconf 86' lang='lat' dir='ltr'><strong>vivas</strong></span> <span class='ocrx_word' id='word_1_778' title='bbox 2264 4777 2470 4833; x_wconf 86' lang='lat' dir='ltr'><strong>Christi</strong></span> <span class='ocrx_word' id='word_1_779' title='bbox 2500 4780 2931 4850; x_wconf 81' lang='lat' dir='ltr'><strong>forc\imagines,</strong></span> <span class='ocrx_word' id='word_1_780' title='bbox 2965 4781 3074 4838; x_wconf 90' lang='lat' dir='ltr'><strong>imo</strong></span> <span class='ocrx_word' id='word_1_781' title='bbox 3107 4786 3250 4839; x_wconf 87' lang='lat' dir='ltr'><strong>idem</strong></span> <span class='ocrx_word' id='word_1_782' title='bbox 3282 4790 3428 4857; x_wconf 90' lang='lat' dir='ltr'><strong>quod</strong></span> <span class='ocrx_word' id='word_1_783' title='bbox 3473 4793 3566 4846; x_wconf 85' lang='lat' dir='ltr'><strong>ille</strong></span> 
     </span>
    </p>
   </div>
   <div class='ocr_carea' id='block_1_109' title="bbox 1994 4869 3565 4948">
    <p class='ocr_par' dir='ltr' id='par_1_109' title="bbox 1994 4869 3565 4948">
     <span class='ocr_line' id='line_1_109' title="bbox 1994 4869 3565 4948; baseline 0.009 -28"><span class='ocrx_word' id='word_1_784' title='bbox 1994 4869 2180 4937; x_wconf 89' lang='lat' dir='ltr'><strong>potius</strong></span> <span class='ocrx_word' id='word_1_785' title='bbox 2226 4885 2324 4938; x_wconf 84' lang='lat' dir='ltr'><strong>per</strong></span> <span class='ocrx_word' id='word_1_786' title='bbox 2367 4870 2595 4938; x_wconf 83' lang='lat' dir='ltr'><strong>gratiam</strong></span> <span class='ocrx_word' id='word_1_787' title='bbox 2644 4872 2759 4925; x_wconf 83' lang='lat' dir='ltr'><strong>fore</strong></span> <span class='ocrx_word' id='word_1_788' title='bbox 2804 4889 2964 4941; x_wconf 88' lang='lat' dir='ltr'><strong>quam</strong></span> <span class='ocrx_word' id='word_1_789' title='bbox 3009 4876 3388 4942; x_wconf 80' lang='lat' dir='ltr'><strong>simulacrum,</strong></span> <span class='ocrx_word' id='word_1_790' title='bbox 3433 4883 3565 4948; x_wconf 85' lang='lat' dir='ltr'><strong>quin</strong></span> 
     </span>
    </p>
   </div>
   <div class='ocr_carea' id='block_1_110' title="bbox 1995 4959 3566 5028">
    <p class='ocr_par' dir='ltr' id='par_1_110' title="bbox 1995 4959 3566 5028">
     <span class='ocr_line' id='line_1_110' title="bbox 1995 4959 3566 5028; baseline 0.006 -17"><span class='ocrx_word' id='word_1_791' title='bbox 1995 4959 2228 5013; x_wconf 81' lang='lat' dir='ltr'><strong>fortasse</strong></span> <span class='ocrx_word' id='word_1_792' title='bbox 2251 4959 2335 5013; x_wconf 87' lang='lat' dir='ltr'><strong>vel</strong></span> <span class='ocrx_word' id='word_1_793' title='bbox 2367 4960 2542 5028; x_wconf 88' lang='lat' dir='ltr'><strong>ipsum</strong></span> <span class='ocrx_word' id='word_1_794' title='bbox 2571 4962 2859 5015; x_wconf 87' lang='lat' dir='ltr'><strong>Dominum</strong></span> <span class='ocrx_word' id='word_1_795' title='bbox 2903 4965 3018 5018; x_wconf 80' lang='lat' dir='ltr'><strong>fore</strong></span> <span class='ocrx_word' id='word_1_796' title='bbox 3039 5006 3053 5028; x_wconf 92' lang='lat'><strong>,</strong></span> <span class='ocrx_word' id='word_1_797' title='bbox 3084 4967 3186 5019; x_wconf 88' lang='lat' dir='ltr'><strong>nisi</strong></span> <span class='ocrx_word' id='word_1_798' title='bbox 3231 4968 3424 5021; x_wconf 89' lang='lat' dir='ltr'><strong>durius</strong></span> <span class='ocrx_word' id='word_1_799' title='bbox 3461 4970 3566 5022; x_wconf 84' lang='lat' dir='ltr'><strong>hoc</strong></span> 
     </span>
    </p>
   </div>
   <div class='ocr_carea' id='block_1_111' title="bbox 1993 5050 3564 5120">
    <p class='ocr_par' dir='ltr' id='par_1_111' title="bbox 1993 5050 3564 5120">
     <span class='ocr_line' id='line_1_111' title="bbox 1993 5050 3564 5120; baseline 0.005 -16"><span class='ocrx_word' id='word_1_800' title='bbox 1993 5050 2202 5104; x_wconf 80' lang='lat' dir='ltr'><strong>dictum</strong></span> <span class='ocrx_word' id='word_1_801' title='bbox 2247 5051 2521 5120; x_wconf 87' lang='lat' dir='ltr'><strong>aliquibus</strong></span> <span class='ocrx_word' id='word_1_802' title='bbox 2578 5052 2850 5107; x_wconf 86' lang='lat' dir='ltr'><strong>videatur.</strong></span> <span class='ocrx_word' id='word_1_803' title='bbox 2904 5056 3370 5119; x_wconf 76' lang='lat' dir='ltr'><strong>Quemadmodum</strong></span> <span class='ocrx_word' id='word_1_804' title='bbox 3417 5075 3564 5112; x_wconf 77' lang='lat' dir='ltr'><strong>nunc</strong></span> 
     </span>
    </p>
   </div>
   <div class='ocr_carea' id='block_1_112' title="bbox 1993 5141 3563 5214">
    <p class='ocr_par' dir='ltr' id='par_1_112' title="bbox 1993 5141 3563 5214">
     <span class='ocr_line' id='line_1_112' title="bbox 1993 5141 3563 5214; baseline 0.004 -20"><span class='ocrx_word' id='word_1_805' title='bbox 1993 5156 2298 5209; x_wconf 65' lang='lat' dir='ltr'><strong>praecursor</strong></span> <span class='ocrx_word' id='word_1_806' title='bbox 2331 5141 2416 5214; x_wconf 76' lang='lat' dir='ltr'><strong>sui</strong></span> <span class='ocrx_word' id='word_1_807' title='bbox 2459 5141 2631 5208; x_wconf 89' lang='lat' dir='ltr'><strong>ipsius</strong></span> <span class='ocrx_word' id='word_1_808' title='bbox 2671 5157 2702 5195; x_wconf 89' lang='lat' dir='ltr'><strong>a</strong></span> <span class='ocrx_word' id='word_1_809' title='bbox 2753 5143 2942 5196; x_wconf 87' lang='lat' dir='ltr'><strong>divino</strong></span> <span class='ocrx_word' id='word_1_810' title='bbox 2984 5146 3210 5197; x_wconf 89' lang='lat' dir='ltr'><strong>doctore</strong></span> <span class='ocrx_word' id='word_1_811' title='bbox 3259 5148 3563 5214; x_wconf 85' lang='lat' dir='ltr'><strong>appellatus</strong></span> 
     </span>
    </p>
   </div>
   <div class='ocr_carea' id='block_1_113' title="bbox 1993 5210 3565 5300">
    <p class='ocr_par' dir='ltr' id='par_1_113' title="bbox 1993 5210 3565 5300">
     <span class='ocr_line' id='line_1_113' title="bbox 1993 5210 3565 5300; baseline 0.004 -15"><span class='ocrx_word' id='word_1_812' title='bbox 1993 5240 2077 5285; x_wconf 92' lang='lat' dir='ltr'><strong>est</strong></span> <span class='ocrx_word' id='word_1_813' title='bbox 2103 5231 2199 5300; x_wconf 88' lang='lat' dir='ltr'><strong>qui</strong></span> <span class='ocrx_word' id='word_1_814' title='bbox 2235 5245 2354 5284; x_wconf 85' lang='lat' dir='ltr'><strong>sese</strong></span> <span class='ocrx_word' id='word_1_815' title='bbox 2388 5210 2469 5283; x_wconf 76' lang='lat' dir='ltr'><strong>eis</strong></span> <span class='ocrx_word' id='word_1_816' title='bbox 2497 5245 2618 5298; x_wconf 67' lang='lat' dir='ltr'><strong>quae</strong></span> <span class='ocrx_word' id='word_1_817' title='bbox 2643 5239 2700 5284; x_wconf 90' lang='lat' dir='ltr'><strong>et</strong></span> <span class='ocrx_word' id='word_1_818' title='bbox 2722 5232 2788 5284; x_wconf 88' lang='lat' dir='ltr'><strong>dc</strong></span> <span class='ocrx_word' id='word_1_819' title='bbox 2813 5234 3009 5286; x_wconf 81' lang='lat' dir='ltr'><strong>Vetere</strong></span> <span class='ocrx_word' id='word_1_820' title='bbox 3029 5242 3084 5285; x_wconf 90' lang='lat' dir='ltr'><strong>et</strong></span> <span class='ocrx_word' id='word_1_821' title='bbox 3110 5234 3176 5286; x_wconf 89' lang='lat' dir='ltr'><strong>de</strong></span> <span class='ocrx_word' id='word_1_822' title='bbox 3200 5210 3350 5289; x_wconf 81' lang='lat' dir='ltr'><strong>Novo</strong></span> <span class='ocrx_word' id='word_1_823' title='bbox 3377 5237 3565 5291; x_wconf 81' lang='lat' dir='ltr'><strong>Testa-</strong></span> 
     </span>
    </p>
   </div>
   <div class='ocr_carea' id='block_1_114' title="bbox 1995 5314 3564 5394">
    <p class='ocr_par' dir='ltr' id='par_1_114' title="bbox 1995 5314 3564 5394">
     <span class='ocr_line' id='line_1_114' title="bbox 1995 5314 3564 5394; baseline 0.004 -19"><span class='ocrx_word' id='word_1_824' title='bbox 1995 5331 2178 5375; x_wconf 90' lang='lat' dir='ltr'><strong>mento</strong></span> <span class='ocrx_word' id='word_1_825' title='bbox 2205 5331 2490 5390; x_wconf 83' lang='lat' dir='ltr'><strong>acceperat</strong></span> <span class='ocrx_word' id='word_1_826' title='bbox 2514 5314 2907 5375; x_wconf 78' lang='lat' dir='ltr'><strong>convenienter</strong></span> <span class='ocrx_word' id='word_1_827' title='bbox 2930 5323 3282 5387; x_wconf 85' lang='lat' dir='ltr'><strong>ostendisset,</strong></span> <span class='ocrx_word' id='word_1_828' title='bbox 3313 5341 3408 5394; x_wconf 88' lang='lat' dir='ltr'><strong>per</strong></span> <span class='ocrx_word' id='word_1_829' title='bbox 3433 5328 3564 5381; x_wconf 62' lang='lat' dir='ltr'><strong>aani-</strong></span> 
     </span>
    </p>
   </div>
   <div class='ocr_carea' id='block_1_115' title="bbox 1992 5412 3560 5485">
    <p class='ocr_par' dir='ltr' id='par_1_115' title="bbox 1992 5412 3560 5485">
     <span class='ocr_line' id='line_1_115' title="bbox 1992 5412 3560 5485; baseline 0.003 -18"><span class='ocrx_word' id='word_1_830' title='bbox 1992 5421 2171 5484; x_wconf 86' lang='lat' dir='ltr'><strong>gmata</strong></span> <span class='ocrx_word' id='word_1_831' title='bbox 2203 5421 2259 5468; x_wconf 90' lang='lat' dir='ltr'><strong>et</strong></span> <span class='ocrx_word' id='word_1_832' title='bbox 2300 5428 2465 5466; x_wconf 90' lang='lat' dir='ltr'><strong>voces</strong></span> <span class='ocrx_word' id='word_1_833' title='bbox 2506 5423 2562 5467; x_wconf 92' lang='lat' dir='ltr'><strong>et</strong></span> <span class='ocrx_word' id='word_1_834' title='bbox 2597 5412 2860 5483; x_wconf 81' lang='lat' dir='ltr'><strong>imagines</strong></span> <span class='ocrx_word' id='word_1_835' title='bbox 2889 5414 2973 5467; x_wconf 87' lang='lat' dir='ltr'><strong>sui</strong></span> <span class='ocrx_word' id='word_1_836' title='bbox 3020 5415 3192 5483; x_wconf 88' lang='lat' dir='ltr'><strong>ipsius</strong></span> <span class='ocrx_word' id='word_1_837' title='bbox 3235 5432 3560 5485; x_wconf 71' lang='lat' dir='ltr'><strong>praecursor,</strong></span> 
     </span>
    </p>
   </div>
   <div class='ocr_carea' id='block_1_116' title="bbox 1993 5503 3562 5573">
    <p class='ocr_par' dir='ltr' id='par_1_116' title="bbox 1993 5503 3562 5573">
     <span class='ocr_line' id='line_1_116' title="bbox 1993 5503 3562 5573; baseline 0.003 -16"><span class='ocrx_word' id='word_1_838' title='bbox 1993 5519 2197 5572; x_wconf 90' lang='lat' dir='ltr'><strong>perque</strong></span> <span class='ocrx_word' id='word_1_839' title='bbox 2242 5503 2359 5558; x_wconf 66' lang='lat' dir='ltr'><strong>haec</strong></span> <span class='ocrx_word' id='word_1_840' title='bbox 2401 5504 2470 5558; x_wconf 91' lang='lat' dir='ltr'><strong>ad</strong></span> <span class='ocrx_word' id='word_1_841' title='bbox 2512 5505 2800 5560; x_wconf 87' lang='lat' dir='ltr'><strong>veritatem</strong></span> <span class='ocrx_word' id='word_1_842' title='bbox 2835 5505 2921 5559; x_wconf 87' lang='lat' dir='ltr'><strong>his</strong></span> <span class='ocrx_word' id='word_1_843' title='bbox 2959 5508 3218 5561; x_wconf 84' lang='lat' dir='ltr'><strong>nudatam</strong></span> <span class='ocrx_word' id='word_1_844' title='bbox 3249 5507 3562 5573; x_wconf 84' lang='lat' dir='ltr'><strong>deducens;</strong></span> 
     </span>
    </p>
   </div>
   <div class='ocr_carea' id='block_1_117' title="bbox 1993 5594 3637 5665">
    <p class='ocr_par' dir='ltr' id='par_1_117' title="bbox 1993 5594 3637 5665">
     <span class='ocr_line' id='line_1_117' title="bbox 1993 5594 3637 5665; baseline 0.003 -17"><span class='ocrx_word' id='word_1_845' title='bbox 1993 5595 2047 5648; x_wconf 88' lang='lat' dir='ltr'><strong>id</strong></span> <span class='ocrx_word' id='word_1_846' title='bbox 2076 5594 2223 5664; x_wconf 93' lang='lat' dir='ltr'><strong>quod</strong></span> <span class='ocrx_word' id='word_1_847' title='bbox 2245 5595 2418 5665; x_wconf 90' lang='lat' dir='ltr'><strong>ipsius</strong></span> <span class='ocrx_word' id='word_1_848' title='bbox 2434 5596 2654 5651; x_wconf 88' lang='lat' dir='ltr'><strong>Domini</strong></span> <span class='ocrx_word' id='word_1_849' title='bbox 2677 5597 2863 5652; x_wconf 86' lang='lat' dir='ltr'><strong>verbis</strong></span> <span class='ocrx_word' id='word_1_850' title='bbox 2890 5606 3139 5660; x_wconf 88' lang='lat' dir='ltr'><strong>testatur,</strong></span> <span class='ocrx_word' id='word_1_851' title='bbox 3165 5597 3367 5665; x_wconf 87' lang='lat' dir='ltr'><strong>quibus</strong></span> <span class='ocrx_word' id='word_1_852' title='bbox 3387 5597 3559 5653; x_wconf 81' lang='lat' dir='ltr'><strong>dixit:</strong></span> <span class='ocrx_word' id='word_1_853' title='bbox 3593 5655 3599 5662; x_wconf 90' lang='lat'><em>_</em></span> <span class='ocrx_word' id='word_1_854' title='bbox 3634 5629 3637 5631; x_wconf 90' lang='lat'><strong><em>-</em></strong></span> 
     </span>
    </p>
   </div>
   <div class='ocr_carea' id='block_1_118' title="bbox 1995 5687 3564 5756">
    <p class='ocr_par' dir='ltr' id='par_1_118' title="bbox 1995 5687 3564 5756">
     <span class='ocr_line' id='line_1_118' title="bbox 1995 5687 3564 5756; baseline 0.003 -16"><span class='ocrx_word' id='word_1_855' title='bbox 1995 5687 2173 5741; x_wconf 81' lang='lat' dir='ltr'><strong>Adlmc</strong></span> <span class='ocrx_word' id='word_1_856' title='bbox 2199 5687 2366 5742; x_wconf 80' lang='lat' dir='ltr'><strong>multa</strong></span> <span class='ocrx_word' id='word_1_857' title='bbox 2395 5690 2534 5744; x_wconf 76' lang='lat' dir='ltr'><strong>vobis</strong></span> <span class='ocrx_word' id='word_1_858' title='bbox 2553 5690 2723 5743; x_wconf 82' lang='lat' dir='ltr'><strong>dicere</strong></span> <span class='ocrx_word' id='word_1_859' title='bbox 2745 5690 2926 5754; x_wconf 81' lang='lat' dir='ltr'><strong>habeo,</strong></span> <span class='ocrx_word' id='word_1_860' title='bbox 2949 5688 3038 5742; x_wconf 78' lang='lat' dir='ltr'><strong>sed</strong></span> <span class='ocrx_word' id='word_1_861' title='bbox 3061 5705 3165 5742; x_wconf 81' lang='lat' dir='ltr'><strong>non</strong></span> <span class='ocrx_word' id='word_1_862' title='bbox 3189 5689 3397 5756; x_wconf 72' lang='lat' dir='ltr'><strong>potestis</strong></span> <span class='ocrx_word' id='word_1_863' title='bbox 3425 5705 3564 5744; x_wconf 75' lang='lat' dir='ltr'><strong>nunc</strong></span> 
     </span>
    </p>
   </div>
  </div>
