3986 6346
642 499 790 563 1263

1802 498 1864 559 S.
1898 497 2187 583 MAXIMI
2224 496 2733 558 CONFESSORIS

3750 495 3864 557 1264

653 613 705 667 id
726 620 811 666 cst
842 611 1177 665 voluntatem
1213 610 1722 681 etgenerationem,
1752 627 1811 667 se
1840 613 2076 668 invicem
2111 628 2207 668 co-

2318 614 2455 683 φημὶ
2504 613 2689 681 δὲτὴν
2734 612 2956 681 θέλησιν
2985 612 3080 665 καὶ
3139 612 3237 682 τὴν
3294 613 3568 682 γέννησιν,
3630 609 3863 681 ἀλλήλοις

653 704 935 757 mitautur.
966 693 1438 767 Quemadmodum
1474 704 1623 757 enim
1658 714 1813 758 extra
1850 703 2129 759 videntem
2152 712 2209 757 et

652 794 830 847 visum
862 807 970 846 non
1012 801 1097 846 est
1155 792 1328 857 visus,
1360 809 1543 863 neque
1574 794 1838 863 cogitatio
1880 803 2035 853 extra
2057 794 2208 864 cogi-

651 893 857 939 tantem
893 894 951 954 et
978 884 1300 954 cogitatum,
1324 884 1399 937 ita
1449 898 1553 939 nec
1585 893 1737 938 extra
1767 891 2117 954 generantcm
2156 891 2212 936 et

651 952 970 1119 geneym
999 952 1306 1043 generatio,
1339 988 1442 1027 nec
1464 982 1621 1027 extra
1668 952 1944 1027 volentem
1972 982 2029 1028 et
2072 974 2211 1027 voli-

652 1072 766 1116 tum
856 1064 1059 1119 luntas.
1080 1060 1230 1119 auia.
1264 1069 1326 1114 ut
1369 1059 1807 1115 demonstratum
1832 1068 1934 1119 est.
1977 1076 2081 1115 nec
2111 1075 2210 1114 vo-

652 1059 1059 1123 tutuytiluntas,
1080 1060 1230 1129 quia,
1264 1069 1326 1114 ut
1369 1059 1807 1115 demonstratum
1832 1068 1934 1125 est,
1977 1076 2081 1115 nec
2111 1075 2210 1114 vo-

649 1153 809 1207 litum
844 1152 1097 1220 sequitur
1149 1151 1488 1203 voluntatem
1520 1150 1640 1204 sine
1673 1152 1793 1221 ejus
1820 1150 1914 1219 qui
1946 1151 2064 1205 vult
2100 1150 2212 1204 eol-

646 1244 879 1299 latione.
914 1238 1070 1305 Quod
1100 1238 1146 1292 si
1179 1239 1345 1293 simul
1391 1246 1521 1292 sunt
1578 1240 1693 1293 hare
1737 1239 2043 1294 secundum
2076 1238 2213 1292 οσο-

647 1343 822 1397 ctum,
848 1331 1146 1387 immobilis
1170 1330 1317 1385 enim
1368 1332 1660 1389 amborum
1700 1332 1952 1396 allectus,
1978 1360 2048 1370 —
2077 1344 2211 1383 con-

650 1423 993 1494 temporabat
1025 1436 1156 1492 ergo
1176 1423 1464 1492 generanti
1494 1422 1666 1486 Patri,
1698 1422 1848 1476 Patri
1868 1421 1963 1490 qui
1995 1435 2212 1489 semper

647 1523 786 1580 erat,
824 1530 923 1585 per
946 1513 1355 1584 generationem
1383 1513 1547 1567 etiam
1571 1513 1872 1567 secundum
1917 1526 2012 1567 vos
2045 1520 2212 1580 gene-

650 1615 803 1661 ratus
874 1605 1066 1666 Filius,
1123 1619 1248 1657 cum
1300 1604 1445 1657 inter
1498 1604 1851 1673 semetipsum
1898 1611 1955 1657 et
1996 1602 2211 1656 Patrem

646 1688 994 1760 generantetn
1067 1688 1220 1742 nullo
1284 1688 1448 1743 modo
1533 1688 1788 1742 admittat
1865 1689 2212 1743 intervallum

634 1778 1458 1850 ‘t6mporis,nequeestamplius
1502 1778 1799 1831 voluntatis
1827 1778 1994 1832 Filius
2017 1777 2208 1839 Filius,

630 1867 744 1923 sed
777 1866 954 1921 Patris
1003 1865 1341 1935 generantis.
1378 1864 1558 1934 Atque
1598 1865 1735 1928 haec,
1771 1866 1970 1935 inquit,
2002 1880 2069 1920 ex
2110 1865 2213 1918 hu-

2312 704 2559 759 συνόνυα.
2630 705 2717 767 Ὠς
2763 705 2871 774 γὰρ
2899 703 2995 757 τοῦ
3024 703 3259 775 ὁρῶντος
3309 705 3403 756 καὶ
3450 701 3547 755 τοῦ
3602 702 3868 771 ὁρωμένου

2311 796 2479 867 χωρὶς
2503 796 2605 848 οὐκ
2632 794 2780 847 ἐστιν
2828 796 3039 860 ὅρασις,
3071 794 3195 850 οὔτε
3235 793 3329 846 τοῦ
3365 792 3615 855 νοοῦντος
3654 792 3748 845 καὶ
3787 791 3863 844 τοῦ

2312 884 2600 954 νοουμένου
2630 884 2833 955 νόησις,
2864 884 3036 946 οὕτως
3063 885 3185 937 οὐδὲ
3211 883 3306 937 τοῦ
3337 883 3633 951 γεννῶντος
3662 882 3757 937 καὶ
3786 881 3865 938 τοῦ

2311 974 2648 1044 γεννωμένου
2693 973 2964 1044 γέννησις,
3019 974 3141 1026 οὐδὲ
3195 972 3291 1025 τοῦ
3346 972 3591 1038 θέλοντος
3636 973 3734 1027 καὶ
3789 972 3864 1025 τοῦ

2313 1064 2609 1133 θελομένου
2644 1064 2881 1135 θέλησις,
2912 1065 2994 1118 ὅτι
3030 1065 3163 1134 μηδὲ
3191 1064 3383 1116 ἕπεται
3412 1063 3629 1133 θελήσει
3649 1065 3710 1116 τὸ
3737 1064 3867 1134 θελη-

2312 1153 2403 1206 θὲν
2427 1192 2442 1215 ,
2483 1152 2560 1215 ὡς
2586 1152 2819 1223 ἐδείχθη,
2849 1154 3018 1223 χωρὶς
3051 1154 3150 1223 τῆς
3192 1153 3288 1206 τοῦ
3325 1153 3568 1216 θέλοντος
3600 1170 3867 1221 ,συνεισφο-

2315 1243 2434 1311 ρᾶς.
2468 1244 2529 1295 Εἰ
2567 1243 2624 1295 δὲ
2664 1242 2774 1295 τῶν
2806 1243 2921 1313 ἅμα
2947 1242 3122 1295 ταῦτά
3165 1244 3285 1294 ἐστι
3338 1243 3479 1297 κατὰ
3521 1242 3623 1310 τὴν
3676 1244 3865 1312 σχέσιν,

2312 1332 2566 1402 ἀκίνητος
2588 1332 2695 1402 γὰρ
2721 1334 2754 1402 ἡ
2791 1331 2876 1385 ἐπ’
2904 1333 3108 1402 ἀμφοῖν
3156 1333 3359 1402 σχέσις,
3408 1333 3523 1404 ἅμα
3561 1329 3631 1404 ἦν
3663 1334 3771 1403 ἄρα
3806 1332 3868 1401 τῷ

2313 1420 2574 1487 γεννῶντι
2607 1420 2800 1490 Πατρὶ,
2830 1421 2917 1473 ἀεὶ
2940 1419 3052 1473 ὄντι
3086 1421 3281 1489 Πατρὶ,
3310 1420 3399 1474 διὰ
3430 1423 3763 1489 γεννήσεως,
3791 1421 3865 1473 καί

2314 1511 2438 1562 καθ’
2481 1511 2625 1579 ὑμᾶς
2677 1512 2705 1563 6
2743 1508 3082 1578 γεννώμενος
3112 1507 3256 1569 Υίὸς.
3318 1506 3392 1577 μὴ
3442 1507 3869 1577 παραδεχόμενος

2313 1597 2435 1651 καθ’
2472 1598 2781 1667 οἱονδήποτε
2811 1596 3011 1666 τρόπον
3061 1595 3265 1666 μεταξὺ
3298 1594 3463 1649 αὑτοῦ
3504 1595 3599 1648 καὶ
3628 1594 3726 1648 τοῦ
3761 1611 3868 1663 γεν-

2315 1691 2513 1752 νῶντος
2558 1689 2774 1758 Πατρὸς
2832 1688 3187 1760 παρενθήκην
3235 1687 3449 1757 χρόνου,
3497 1686 3592 1739 καὶ
3654 1688 3756 1739 οὐκ
3804 1686 3870 1739 ἔτι

2316 1778 2585 1847 θελήσεώς
2632 1781 2778 1831 ἐστιν
2812 1779 2940 1840 Tib;
2986 1779 3014 1830 6
3052 1778 3199 1841 Υίὸς,
3255 1776 3391 1830 ἀλλὰ
3429 1776 3525 1828 τοῦ
3589 1776 3872 1843 γεννῶντος

2316 1868 2551 1936 Πατρός.
2580 1867 2692 1919 Καὶ
2720 1867 2916 1931 ταῦτα,
2948 1868 3134 1936 φησὶν,
3155 1869 3219 1919 ὲκ
3243 1866 3353 1919 τῶν
3380 1866 3501 1919 καθ’
3534 1868 3681 1936 ἡμᾶς
3720 1883 3873 1936 παρα-

635 1956 821 2028 ,ῐιιοιιίε
862 1932 1067 2009 nostris
1093 1955 1241 2024 dicta
1271 1954 1383 2009 sint
1429 1932 1736 2037 enemplis;
1768 1966 1825 2011 at
1848 1932 1985 2026 quae
2022 1958 2077 2011 in
2103 1958 2215 2012 Deo

2319 1932 2629 2027 δειγμάτων
2663 1956 2920 2027 εἰρήσθω,
3040 1956 3097 2008 δὲ
3128 1956 3223 2008 τοῦ
3251 1954 3384 2008 Θεοῦ
3415 1956 3505 2008 καὶ
3536 1932 3678 2025 ῦπὲρ
3712 1932 3872 2009 πάντα
3932 1994 3935 1995 ν

632 2046 1092 2107 considerantur,
1133 2060 1301 2113 supra
1324 2044 1441 2100 haec
1467 2062 1686 2115 quoque
1731 2047 1914 2100 omnia
1942 2056 2091 2108 sunt,
2122 2048 2211 2100 cui

649 2134 930 2205 generatio
955 2134 1189 2187 fortasse
1223 2144 1309 2188 est
1324 2134 1582 2204 gignendi
1604 2136 1879 2191 voluntas.
1912 2137 2212 2191 lnduhium

647 2240 781 2279 vero
828 2224 879 2277 id
912 2224 1140 2279 adduxit
1174 2239 1270 2293 per
1301 2243 1320 2275 ι
1362 2224 1595 2280 fortasse
1629 2247 1647 2277 ›
1698 2218 2041 2289 adverbium,
2090 2244 2217 2299 pro-

648 2321 838 2383 pterea
857 2313 1006 2383 quod
1035 2312 1159 2367 Filii
1189 2327 1258 2366 ex
1296 2313 1459 2368 Patre
1505 2317 1790 2384 generatio
1819 2317 1990 2371 etiam
2022 2317 2217 2371 volun-

650 2413 817 2458 tatem
852 2411 1094 2472 supcrat.
1126 2402 1315 2472 Neque
1342 2404 1492 2457 enim
1539 2413 1828 2474 separatur
1876 2408 2158 2461 voluntate
2184 2423 2216 2461 a

648 2497 811 2552 Patre
863 2495 1053 2559 Filius,
1113 2509 1293 2562 neque
1346 2494 1459 2549 ullo
1507 2496 1671 2551 modo
1729 2497 1909 2552 Patris
1959 2498 2217 2553 voluntas

649 2584 1021 2656 cogitantibus
1044 2582 1206 2637 nobis
1249 2584 1511 2654 anticipat
1536 2584 1765 2649 Filium,
1802 2585 1932 2654 quia
1987 2602 2089 2640 nec
2116 2587 2215 2640 Pa-

650 2683 738 2729 ter
770 2670 1366 2733 antecedebatFilium,
1391 2687 1502 2725 non
1526 2672 1875 2741 magisquam
1907 2673 2217 2728 intellectus

651 2770 779 2818 ante
810 2776 1118 2817 sermonem
1154 2776 1222 2814 ex
1254 2761 1397 2830 ipso,
1417 2770 1515 2815 aut
1561 2762 1655 2815 lux
1676 2773 1803 2816 ante
1847 2762 2213 2831 splendorem.

650 2856 786 2911 Nam
809 2846 969 2908 simul
1003 2852 1271 2907 habentes
1314 2852 1692 2906 exsistentiam
1747 2868 1913 2907 unam
1961 2854 2123 2920 Pater
2162 2861 2218 2907 et

651 2946 747 3016 qui
769 2962 835 3000 ex
862 2959 930 2999 eo
957 2944 1076 2999 sine
1104 2942 1263 2998 initio
1290 2950 1583 3013 generatus
1604 2950 1688 2997 est
1716 2942 1907 3008 Filius,
1938 2952 1995 2997 et
2025 2943 2217 2997 volun-

654 3043 822 3089 tatem
880 3034 1086 3089 habent
1131 3032 1437 3101 simplicem
1496 3039 1661 3101 atque
1721 3032 2094 3102 individuam,
2154 3041 2215 3088 ut

653 3124 821 3179 etiam
845 3124 1140 3179 essentiam
1167 3137 1331 3177 unam
1362 3131 1419 3176 et
1452 3130 1726 3179 naturam.

2318 2048 2513 2114 ταῦτα,
2547 2042 2592 2115 ᾧ
2619 2047 2872 2118 γέννησις
2906 2048 3034 2109 ἴσως
3068 2047 3217 2100 ἐστὶν
3245 2047 3278 2116 ἠ
3308 2046 3402 2099 τοῦ
3426 2048 3621 2117 γεννᾷν
3648 2047 3869 2117 θέλησις.

2306 2143 2638 2213 ν’Δμφέόαλε
2684 2143 2741 2196 δὲ
2773 2142 2932 2196 τοῦτο
2975 2142 3062 2195 διὰ
3088 2140 3182 2194 τοῦ
3217 2160 3236 2193 ι
3267 2142 3428 2203 Ἴσως
3450 2159 3469 2192 ι
3510 2142 3873 2213 ὲπιῤῥήματος

2314 2232 2402 2285 διὰ
2458 2231 2520 2284 τὸ
2570 2231 2666 2285 καὶ
2709 2229 2851 2298 ὑπὲρ
2883 2227 3102 2297 θέλησιν
3130 2223 3402 2297 εἶναιτὴν
3443 2226 3509 2278 ἐκ
3553 2226 3647 2279 τοῦ
3676 2226 3871 2295 Πατρός

2316 2318 2409 2372 τοῦ
2447 2316 2575 2371 Υίοῦ
2629 2318 2903 2388 γέννησιν.
2955 2314 3031 2370 Οὐ
3066 2316 3174 2387 γὰρ
3229 2313 3519 2386 μεσάζεται
3566 2314 3780 2385 θελήσει
3820 2315 3872 2365 ἐκ

2315 2409 2407 2462 τοῦ
2440 2408 2623 2479 (205
2648 2408 2701 2477 ὁ)
2730 2408 2943 2476 Πατρὸς
2982 2408 3012 2459 6
3034 2406 3188 2470 Υἱὸς,
3213 2405 3335 2459 οὐδὲ
3365 2407 3770 2475 προεπινοεῖται
3790 2403 3869 2456 τοῦ

2318 2493 2448 2547 Υίοῦ
2490 2492 2611 2547 καθ’
2654 2491 2835 2545 ὁτιοῦν
2868 2493 2903 2561 ἡ
2938 2491 3039 2557 ξτοῦ
3072 2492 3285 2562 Πατρὸς
3327 2492 3565 2562 θέλησις,
3625 2493 3710 2546 ὅτι
3754 2492 3870 2562 μηδὲ

2319 2583 2569 2654 προῦπῆν
2602 2586 2631 2636 6
2657 2582 2846 2652 Πατὴρ
2874 2582 2968 2635 τοῦ
2995 2581 3148 2645 Υίοῦ,
3190 2582 3379 2652 ὥσπερ
3423 2583 3544 2637 οὐδὲ
3575 2582 3703 2648 νοῦς
3728 2584 3870 2650 λόγου

2316 2674 2411 2727 τοῦ
2441 2674 2501 2737 ἐξ
2530 2670 2719 2737 αὑτοῦ,
2756 2672 2880 2727 οὔτε
2922 2673 3040 2742 φῶς
3088 2672 3184 2726 τοῦ
3234 2675 3689 2744 ἀπαυγάσματος.
3738 2675 3871 2743 ’Δμα

2318 2762 2426 2831 γὰρ
2462 2762 2524 2815 τὸ
2554 2756 2694 2815 εῖναι
2727 2760 2939 2832 έχοντες
2966 2761 3061 2815 καὶ
3089 2760 3308 2832 θέλησιν
3350 2762 3489 2835 μίαν,
3518 2762 3737 2832 ἔχουσιν
3769 2764 3795 2815 ὅ
3821 2778 3869 2813 τε

2319 2854 2507 2926 Πατὴρ
2556 2853 2648 2908 καὶ
2695 2855 2725 2907 6
2776 2852 2838 2917 ἐξ
2892 2851 3057 2906 αὑτοῦ
3099 2852 3353 2925 ἀνάρχως
3397 2854 3682 2925 γεννηθεὶς
3742 2854 3869 2914 Υίδς.

2316 2945 2498 3014 ἁπλῇν
2524 2961 2582 2997 τε
2622 2943 2717 2997 καὶ
2736 2942 3057 3014 ἀδιαίρετον,
3081 2943 3273 3014 ὥσπερ
3300 2938 3394 2997 οὖν
3422 2944 3517 2998 καὶ
3540 2944 3731 2997 οὐσίαν
3760 2943 3871 3014 μίαν

2319 3035 2414 3087 καὶ⁹
2451 3034 2632 3103 φύσιν.

642 3302 739 3369 r511:
773 3300 949 3355 eodem
974 3316 1233 3364 sermone,
1264 3302 1318 3354 in
1352 3300 1526 3355 illud:
1571 3322 1588 3352 ι
1617 3303 1828 3373 Alioqui
1859 3306 1985 3374 quid
2017 3308 2212 3374 'prohi-

2327 3304 2423 3357 Ἐκ
2467 3299 2573 3354 τοῦ
2616 3297 2804 3352 αὑτοῦ
2836 3297 3047 3365 λόγου,
3095 3297 3184 3362 εις
3214 3297 3301 3351 τόο
3342 3313 3362 3348 ι
3393 3295 3555 3350 Ἐπεί
3584 3296 3642 3349 τί
3669 3296 3872 3351 κωλύει

723 3394 806 3446 bet
828 3393 1103 3462 quominus
1130 3393 1239 3460 ipse
1266 3408 1468 3461 quoque
1498 3393 1669 3447 allata
1693 3396 1790 3448 hac
1820 3397 2172 3465 propositione
2197 3415 2213 3451 :

725 3480 887 3534 Pater
914 3481 1305 3552 maior-natura
1333 3486 1429 3542 est,
1446 3497 1508 3532 ac
1521 3480 1705 3557 deinde
1727 3494 1997 3551 assumpta
2022 3484 2214 3550 altera,

729 3570 937 3624 Natura
968 3579 1145 3623 autem
1180 3586 1285 3622 non
1313 3572 1523 3625 omnino
1554 3575 1745 3643 major,
1798 3591 1891 3627 nec
1935 3575 2115 3642 Pater,
2142 3578 2214 3631 ita

731 3671 991 3733 postremo
1039 3660 1348 3715 concludam
1380 3662 1599 3733 :Majus
1648 3668 1811 3734 igitur
1856 3670 2067 3721 omnino
2112 3685 2215 3721 non

728 3756 924 3823 majus,
966 3752 1066 3816 vel,
1100 3752 1261 3805 Pater
1285 3755 1495 3807 oinnino
1527 3772 1629 3809 non
1649 3756 1812 3810 Pater
1830 3759 1855 3810 ?
1876 3778 1893 3808 ι

726 3861 863 3917 Cum
894 3862 960 3915 de
1015 3876 1176 3916 causa
1208 3862 1468 3932 majorem
1508 3864 1645 3919 Filio
1690 3866 1930 3930 Patrem,
1977 3867 2107 3934 quia
2150 3882 2216 3921 ex

657 3956 821 4012 Patre
846 3953 917 4006 sit
951 3951 1139 4016 Filius,
1162 3962 1353 4008 at‘non
1378 3969 1444 4008 ex
1475 3955 1615 4010 Filio
1647 3956 1811 4009 Pater
1833 3956 2079 4019 exsistat,
2122 3956 2218 4011 do-

2387 3390 2537 3460 κάμὲ
2581 3389 2811 3455 ταύτην
2856 3388 3151 3454 πρότασιν
3194 3386 3605 3454 ποιησάμενον
3631 3386 3749 3455 τὴν
3774 3387 3871 3446 ὅτι,

2397 3483 2460 3534 '0
2492 3479 2694 3546 Πατὴρ
2734 3475 2947 3545 μείζων
2984 3475 3061 3545 τῇ
3109 3475 3313 3544 φύσει,
3366 3475 3570 3530 ἔπειτα
3612 3479 3873 3544 apoculo-

2387 3573 2567 3626 δόντα
2598 3568 2686 3632 τὸ,
2731 3570 2917 3621 Φύσει
2964 3566 3035 3620 δὲ
3083 3568 3155 3621 οὐ
3207 3566 3443 3632 πάντως
3475 3566 3702 3636 μεῖζον,
3747 3566 3876 3621 οὐδὲ

2386 3663 2608 3730 Πατὴρ,
2668 3657 3054 3727 συναγαγεῖν,
3116 3658 3189 3711 Τὸ
3240 3657 3446 3726 μεῖζον
3510 3661 3584 3712 οὐ
3650 3649 3878 3722 πάντως

2387 3750 2600 3819 μεῖζον,
2627 3748 2689 3815 ἢ,
2729 3748 2792 3799 '0
2810 3747 3010 3815 Πατὴρ
3035 3748 3107 3801 οὑ
3131 3748 3367 3812 πάντως
3386 3746 3615 3813 Πατήρς
3644 3766 3661 3798 ι

2400 3860 2728 3931 Ἐπειδήπερ
2768 3858 2987 3928 μείζονα
3033 3858 3110 3927 τῷ
3141 3859 3297 3929 αίτίῳ
3339 3859 3435 3912 τοῦ
3480 3858 3612 3913 Υίοῦ
3642 3860 3741 3913 τὸν
3773 3862 3875 3914 Πα-

2318 3952 2451 4023 τέρα
2481 3948 2660 4019 σοφῶς
2677 3947 2709 4003 6
2736 3948 3076 4012 διδάσκαλος,
3091 3948 3167 4010 ὡς
3192 3949 3257 4001 ὲκ
3279 3946 3373 4001 τοῦ
3394 3949 3604 4019 Πατρὸς
3618 3950 3774 4012 ὄντος
3795 3949 3875 4002 τοῦ

662 4052 783 4099 ctor
816 4040 1092 4113 sapienter
1148 4042 1423 4107 deﬁniret.
1486 4044 1673 4098 Ariani
1720 4044 1869 4113 quod
1918 4044 1986 4099 de
2024 4053 2216 4099 natura

2320 4040 2473 4105 Υίοῦ,
2508 4039 2623 4094 ἀλλ’
2652 4038 2753 4092 οὐκ
2785 4039 2849 4090 ἐκ
2872 4036 2968 4090 τοῦ
2998 4036 3132 4090 Υίοῦ
3155 4036 3248 4090 τοῦ
3289 4037 3497 4108 Πατρδς
3530 4038 3874 4110 ὑπάρχοντος,

659 4149 823 4190 causa
849 4134 919 4187 sit
950 4132 1325 4201 propositione
1369 4140 1650 4201 assumpta
1689 4134 1740 4186 ei
1786 4134 2019 4203 maligne
2072 4134 2216 4203 quod

2319 4132 2622 4203 διωρίζετο,
2670 4129 3069 4199 προσλαϐόντες
3096 4130 3147 4184 οἱ
3198 4130 3464 4201 Ἀρειανοὶ
3503 4130 3605 4200 τὴν
3632 4134 3696 4183 τδ
3722 4130 3876 4183 αἴτιον

663 4225 731 4278 de
787 4232 981 4275 natura
1017 4224 1192 4291 majus
1223 4222 1296 4277 sit
1351 4223 1712 4290 collegerunt.
1749 4223 1927 4294 Atque
1982 4225 2216 4294 primum

2324 4223 2485 4293 φύσει
2517 4223 2783 4293 πρότασιν
2814 4220 3047 4289 συνῆγον
3086 4219 3237 4290 αὐτῷ
3269 4220 3591 4291 κακούργως
3636 4222 3699 4273 τὸ
3730 4221 3875 4287 φύσει

664 4322 888 4367 strenue
920 4309 1066 4380 quod
1095 4310 1185 4364 isti
1209 4312 1422 4380 privata
1447 4311 1864 4367 ratiocinatione
1885 4314 2216 4382 collegerunt

2324 4311 2527 4381 μεῖζον.
2567 4309 2794 4381 Πρῶτον
2829 4309 2927 4377 μὲν
2956 4309 3236 4362 ἐπιλὺεται
3268 4309 3531 4377 γενναίως
3549 4309 3614 4362 τὸ
3654 4310 3877 4380 παραλε-

666 4400 829 4455 diluit
858 4399 1081 4454 dicens:
1122 4399 1324 4454 (Haud
1376 4401 1491 4454 scio
1524 4416 1581 4455 sc
1635 4401 1855 4470 ipsosne
1909 4400 2095 4471 potius
2153 4415 2216 4452 an

2321 4401 2657 4470 λογισμένως
2686 4401 2778 4452 ὑπ’
2831 4398 3007 4452 αὐτῶν
3056 4398 3317 4468 συναχθὲν
3345 4397 3533 4450 εἰπών·
3583 4401 3738 4453 «Οὐκ
3774 4395 3877 4453 οἶδα

661 4508 758 4548 eos
788 4493 855 4546 ad
888 4484 1027 4561 quos
1047 4491 1292 4561 dirigunt
1315 4505 1626 4545 sermonem
1652 4492 1897 4561 captiosa
1922 4492 2029 4544 hac
2056 4506 2221 4559 argu-

664 4581 1003 4635 meutatione
1032 4578 1484 4633 circumveniant.
1513 4597 1530 4627 ι
1556 4578 1743 4646 Neque
1786 4578 1933 4631 enim
1961 4576 2222 4645 simplici-

664 4679 751 4723 ter
778 4681 1118 4736 quzeeunquc
1151 4665 1220 4719 de
1248 4665 1433 4733 aliquo
1494 4653 1972 4739 dicuntanﬂm
2003 4666 2070 4720 de
2121 4666 2226 4720 isto

665 4759 921 4813 dicentur
942 4755 1090 4823 quod
1132 4755 1236 4823 ipsi
1266 4754 1550 4824 subjacet;
1580 4755 1678 4809 sed
1710 4763 1859 4824 patet
1908 4756 1975 4810 de
2008 4772 2138 4826 quo,
2171 4767 2228 4812 et

666 4861 915 4917 qua-nam
943 4845 1217 4899 dicantur.
1270 4843 1539 4898 Nimirum
1578 4860 1920 4914 quaecunque
1965 4844 2033 4898 de
2062 4858 2227 4901 causa

667 4934 925 5007 tanquam
953 4951 1140 4999 causa,
1172 4934 1369 5003 inquit,
1423 4935 1700 4998 dicuntur,
1723 4950 1787 4989 ea
1831 4936 1994 4990 etiam
2049 4936 2117 4999 de
2161 4950 2229 4988 eo

668 5027 814 5097 quod
844 5025 911 5079 de
943 5033 1137 5077 natura
1168 5034 1250 5079 est
1282 5024 1555 5080 dicentur.
1591 5026 1779 5094 Neque
1808 5025 1957 5078 enim
1998 5025 2227 5079 rationis

2324 4492 2550 4561 πότερον
2582 4489 2813 4552 ἑαυτοὺς
2839 4485 3313 4558 παραλογίζονται,
3356 4486 3389 4555 ἢ
3419 4489 3546 4550 τοὺς
3580 4490 3719 4560 πρὸς
3746 4490 3877 4550 οὓςό
3916 4548 3919 4555 _

2324 4580 2498 4646 λόγος.
2528 4598 2545 4628 ι
2604 4580 2679 4632 Οὐ
2719 4578 2827 4646 γὰρ
2876 4574 3063 4636 ἁπλῶς
3110 4575 3233 4634 ὅσα,
3265 4575 3406 4629 κατά
3455 4594 3604 4641 τινος
3653 4579 3877 4646 λέγεται,

2332 4667 2504 4722 ταῦτα
2542 4668 2636 4719 καὶ
2671 4663 2811 4717 κατὰ
2839 4662 2932 4716 τοῦ
2964 4662 3328 4732 ἀποκειμένου
3351 4664 3527 4735 τούτῳ
3553 4665 3846 4736 ῥηθήσεται
3865 4680 3876 4691 ·

2331 4756 2467 4813 ἀλλὰ
2490 4754 2649 4825 δῆἷον
2674 4753 2815 4807 κατὰ
2841 4753 2985 4815 τίνος
3015 4752 3109 4805 καὶ
3146 4752 3268 4807 τξνα
3298 4755 3442 4808 τοῦτ’
3479 4753 3649 4808 εστίν.
3686 4755 3760 4806 οὐ
3785 4752 3879 4820 τὰς

2331 4852 2429 4903 ὅσα
2456 4847 2596 4901 κατὰ
2628 4845 2722 4898 τοῦ
2751 4844 2926 4897 αἰτίου
2954 4843 3029 4907 ὡς
3064 4845 3262 4914 αἰτίου,
3286 4846 3441 4917 φησὶ,
3461 4831 3706 4914 λέγεται,
3726 4843 3878 4896 ταῦτα

2329 4940 2426 4992 καὶ
2466 4928 2610 4991 κατὰ
2634 4934 2727 4988 τοῦ
2762 4934 2920 5002 φύσει
2958 4934 3274 5006 ῥηθήσεται.
3314 4938 3430 4991 Οὐκ
3449 4937 3567 4989 ἐστι
3602 4937 3713 5006 γὰρ
3737 4936 3878 5004 λόγου
3910 4992 3913 4995 ,

2331 5031 2398 5083 τὰ
2435 5029 2577 5082 κατᾶ
2620 5042 2764 5087 τινος
2811 5026 2947 5096 φέρε
3004 5029 3176 5082 εἰπεῖν
3209 5030 3373 5098 σοφοῦ
3422 5028 3454 5097 ἢ
3512 5025 3777 5097 βασιλέως
3818 5028 3880 5087 ὡς

669 5125 752 5172 est
788 5131 853 5170 ea
893 5130 1014 5184 quae
1040 5117 1379 5195 utexemplo
1408 5116 1516 5170 hoc
1546 5124 1689 5180 utar,
1742 5116 1811 5170 de
1846 5116 2095 5184 sapiente
2132 5104 2214 5167 ve

2335 5116 2499 5186 σοφοῦ
2535 5117 2569 5186 ἢ
2596 5115 2673 5177 ὡς
2703 5114 2964 5185 βασιλέως
2989 5116 3259 5187 λεγόμενα
3285 5116 3545 5184 καὶκατὰ
3569 5115 3667 5170 τοῦ
3687 5117 3883 5195 ὑποκει-

674 5224 799 5275 rcge
828 5214 888 5259 ut
918 5194 1161 5274 sapiente
1194 5206 1281 5259 vel
1316 5214 1376 5259 ut
1405 5222 1529 5277 rege
1553 5207 1816 5261 dicuntur
1863 5206 2027 5260 etiam
2072 5204 2139 5259 de
2169 5220 2216 5259 et

2334 5206 2498 5276 μένου
2528 5204 2739 5265 τούτοις
2762 5203 3011 5274 ῥηθῆναι,
3032 5205 3109 5269 ὡς
3135 5206 3455 5278 ἀνθρώπων,
3481 5204 3577 5259 καὶ
3610 5194 3914 5282 συμπίραῖ

672 5297 822 5366 quod
845 5297 929 5351 his
950 5298 1193 5369 subjaect
1220 5298 1425 5362 dicere,
1453 5307 1515 5352 ut
1566 5298 1902 5363 hominibus,
1944 5307 2001 5353 et
2039 5306 2216 5368 praetel

2332 5296 2630 5367 λαμϐάνειν
2662 5293 2917 5363 ἀθέσμως
2944 5288 3022 5366 τῷ
3048 5298 3147 5365 τῆς
3174 5296 3362 5358 οὐσίας
3407 5295 3521 5366 ὅρῳ
3546 5296 3658 5349 τῶν
3681 5296 3882 5347 ὑποκει-

677 5390 853 5460 legetn
900 5390 1150 5442 essentia:
1198 5387 1521 5443 deﬁnitione
1568 5404 1761 5443 eorum
1796 5403 1917 5457 qua:
1952 5388 2208 5457 suhjaeen

2338 5388 2515 5457 μένων
2555 5385 2626 5437 τὰ
2658 5383 2801 5438 κατὰ
2824 5385 2925 5454 τῆς
2964 5387 3156 5453 σοφίας
3183 5386 3260 5449 ὡς
3290 5385 3505 5453 σοφίας,
3535 5386 3635 5439 καὶ
3662 5384 3735 5439 τὰ
3761 5384 3882 5455 κατᾷ

679 5492 787 5532 una
809 5475 1271 5544 cmnprchcndere
1306 5491 1427 5543 quae
1450 5476 1517 5530 de
1552 5476 1821 5547 sapientia
1853 5486 1914 5530 ut
1942 5475 2233 5545 sapientia,

2340 5474 2439 5541 τῆς
2474 5473 2749 5542 βασιλείας
2771 5473 2846 5536 ὡς
2865 5474 3142 5542 βασιλείας
3161 5474 3447 5543 λεγόμενα,
3495 5476 3566 5545 τὰ
3588 5474 3756 5545 μηδὲν
3773 5470 3883 5524 καθ-

680 5584 908 5638 qumque
956 5566 1023 5621 de
1089 5579 1257 5635 regno
1308 5574 1367 5618 ut
1402 5581 1571 5635 regno
1608 5567 1888 5631 dicuntur,
1917 5566 1971 5619 id
2004 5572 2089 5618 est
2116 5579 2216 5632 qua

2340 5564 2464 5616 ὁλου
2493 5564 2570 5632 τῷ
2610 5562 2763 5647 ⁴λόγῳ
2794 5563 2893 5631 τῆς
2925 5564 3112 5626 οὐσίας
3143 5563 3332 5634 (πω
3356 5565 3426 5633 α)
3451 5562 3884 5619 ἐπικοινωνοῦντα

681 5658 819 5714 nihil
846 5657 1069 5712 omnino
1105 5655 1514 5711 communicant
1538 5672 1661 5710 cum
1708 5658 1920 5712 ratione
1958 5647 2213 5709 essentne

2342 5652 2415 5714 ὼς
2445 5651 2773 5716 συστατικὰς
2804 5651 3067 5722 διαφορὰς
3105 5654 3271 5722 αὐτῆς
3303 5654 3399 5707 καὶ
3441 5650 3885 5727 συμπληρωτικὰ

755 5787 1041 5859 (Eiidem
1074 5789 1200 5846 ibid.
1232 5802 1352 5857 cap.
1381 5786 1468 5851 l5,
1500 5804 1553 5858 p.
1590 5790 1713 5857 534,
1746 5798 1880 5844 tom.
1914 5787 1934 5841 l
1962 5784 2101 5855 Opp.
2126 5785 2258 5839 edit.
2294 5784 2498 5841 Bened.
