3986 6346
1509 308 1608 328 κατι-..ι
1625 307 1638 328 2'

167 421 310 489 1265
1388 423 1729 485 AMBIGUO

1834 427 1902 486 ΓΜ
1940 426 2184 486 LIBER.
3247 424 3382 490 1266

162 530 266 586 τοῦ
297 533 416 584 κατ’
441 529 610 601 αὐτὴν
642 531 768 602 ὅρου
800 530 1250 602 παραλαμϐάνειν
1304 528 1534 584 Ἐπειτα
1561 530 1729 601 σοφώ-

1834 541 1892 585 ut
1929 530 2264 586 diderentias
2311 531 2482 599 ipsam
2525 533 2921 589 constituentes
2967 541 3021 588 et
3047 537 3385 605 complentes

163 638 326 692 τερον
365 621 676 692 συμπλέξας
730 621 911 686 αὐτοῖς
949 625 1013 675 ἐκ
1061 623 1158 692 τῆς
1209 621 1389 675 αὐτῶν
1415 622 1726 690 προτάσεως

1834 623 1948 692 ejus
1971 620 2345 676 deﬁnitionem
2373 621 2682 677 admittere.
2719 624 2925 678 Deinde
2965 626 3269 694 sapientius
3288 629 3386 682 ad-

167 704 529 782 συλλογισμὸν
577 711 894 782 περιτρέπει
951 711 1148 773 αὐτοὺς
1177 710 1404 772 ἑαυτοῖς.
1465 710 1620 778 Ἔχει
1671 710 1728 762 δὲ

1834 710 2017 778 iuncto
2048 710 2130 764 eis
2157 725 2223 763 ex
2253 709 2626 778 propositione
2652 711 2896 780 ipsorum
2920 713 3233 784 syllogismo
3285 730 3385 770 suo

163 800 382 865 οὕτως·
450 801 600 854 Ἐπεὶ
643 801 698 854 τί
749 800 949 854 κωλύει
1010 801 1153 870 κάμέ
1209 800 1412 868 ταύτην
1466 800 1730 869 πρότασιν

163 893 534 963 ποιησάμενον
569 891 669 963 τὴν
717 892 820 957 ὅτι,
867 891 927 943 '0
967 890 1157 959 Πατὴρ
1203 888 1405 958 μείζων
1441 893 1506 958 τῇ
1545 889 1724 956 φύσει,

161 983 362 1037 ἔπειτα
390 983 763 1054 προσλαϐόντα
792 982 874 1046 τὸ,
909 979 1074 1032 hicat
1105 980 1162 1032 δέ
1190 981 1253 1032 οὐ
1297 980 1516 1040 πάντως
1548 975 1732 1048 μεῖζον

159 1075 286 1129 οὐδὲ
336 1075 542 1146 Πατὴρ,
601 1073 849 1127 ἐντεῦθεν
905 1074 1250 1140 συναγαγεῖν,
1303 1073 1376 1124 Τὸ
1434 1071 1616 1140 μεῖζον
1670 1070 1728 1121 οὗ

161 1166 386 1226 παντως
434 1163 638 1233 μεῖξον.
687 1163 745 1231 ἢ.
812 1162 871 1215 '0
923 1162 1116 1232 Πατὴρ
1143 1163 1206 1214 οὐ
1243 1163 1460 1224 πάντως
1517 1163 1728 1232 “ante;

162 1254 312 1324 Πρὸς
343 1252 399 1305 δέ
426 1252 487 1303 τὸ
516 1251 850 1322 σαφέστερον
883 1248 1016 1322 ἡμῖν
1059 1249 1311 1318 γενέσθαι
1347 1250 1442 1301 καὶ
1477 1265 1730 1300 συνεκτι-

161 1341 405 1409 κώτερον
451 1332 865 1410 διαγρῖάψωμεν,
917 1341 965 1393 εί
996 1340 1163 1405 δοκεῖ,
1207 1340 1447 1410 σχήματι
1478 1338 1538 1390 τὸ
1577 1337 1729 1406 λεγό-

164 1447 354 1500 μενον,
383 1433 452 1485 ἐκ,
475 1430 575 1501 μὲν
600 1431 699 1501 τῆς
729 1432 838 1486 τῶν
863 1431 1117 1485 ἐναντίων
1144 1430 1540 1500 ἐπιχειρήσεως
1565 1429 1730 1498 ἀρχό-

165 1538 343 1591 μενοι,
369 1521 448 1586 είς
470 1521 525 1574 δέ
555 1521 655 1592 τὴν
683 1519 778 1574 τοῦ
805 1521 1017 1592 Πατρδς
1040 1519 1445 1582 καταπαύοντες
1477 1518 1730 1572 διδασκα-

161 1613 305 1669 λίαν.

232 1702 505 1772 Πρότασις
568 1703 885 1776 ’Δρειανῶν,
941 1704 1110 1775 ἤγουν
1177 1701 1548 1772 Εὐνομιανῶν·
1625 1720 1643 1752 ι
1669 1702 1731 1754 Εἰ

161 1793 323 1862 φύσει
356 1795 526 1859 αίτιος
554 1796 583 1848 6
616 1795 803 1866 Πατὴρ
835 1794 930 1846 τοῦ
958 1793 1112 1856 Υίοῦ,
1147 1793 1346 1862 μείζων
1387 1794 1444 1845 δὲ
1482 1796 1512 1846 6
1545 1792 1732 1861 Πατὴρ

159 1883 254 1936 τοῦ
292 1881 448 1948 Υἱοῦ,
480 1885 680 1954 μείζων
701 1884 806 1952 ἄρα
839 1886 904 1953 τῇ
929 1883 1088 1951 φύσει
1125 1885 1153 1934 6
1181 1884 1371 1954 Πατὴρ
1398 1882 1492 1939 τοῦ
1525 1882 1676 1936 Υίοῦ.
1706 1901 1726 1934 ι

171 1972 450 2036 Ἐπίλυσις
491 1974 587 2026 τοῦ
640 1974 798 2039 ἁγίου
835 1973 1045 2040 Πατρὸς
1085 1971 1241 2040 ἡμῶν
1305 1968 1609 2039 Γρηγορίου
1644 1967 1733 2020 διὰ

158 2064 257 2129 τῆς
282 2065 364 2122 είς
391 2063 592 2113 ἄτοπον
620 2062 922 2130 ἀπαγωγῆς
962 2058 1386 2128 περιτρέποντος
1416 2059 1541 2119 τοὺς
1575 2053 1732 2109 ἐναν-

142 2147 332 2210 -τίους·
359 2166 376 2199 ι
397 2148 638 2216 Είφύσει
659 2148 862 2218 μείζων
887 2147 1011 2201 καθ’
1029 2149 1172 2215 ὑμᾶς
1193 2149 1222 2199 6
1245 2147 1434 2215 Πατὴρ
1460 2146 1555 2199 τοῦ
1579 2146 1728 2208 Υίοῦ,

159 2235 221 2286 τὺ
248 2234 307 2287 δὲ
348 2237 507 2304 φύσει
539 2237 600 2290 οὒ
641 2237 856 2298 πάντως
895 2235 1156 2306 μείζωνῆ
1193 2234 1405 2304 Πατὴρ,
1459 2234 1522 2286 τὸ
1548 2236 1732 2302 μεῖζον

161 2323 268 2393 ἄρα
284 2312 350 2376 οὗ
368 2324 583 2387 πάντως
616 2323 822 2393 μεῖζον,
851 2323 885 2391 ἢ
904 2325 932 2376 6
955 2321 1142 2391 Πατὴρ
1161 2321 1221 2373 οὐ
1244 2321 1458 2382 πάντως
1476 2319 1682 2389 Πατήρ.
1707 2337 1725 2371 ι

229 2499 391 2554 οὕτω
419 2501 839 2571 περιτρέπονται
867 2500 979 2562 τοῖς
1022 2499 1243 2560 οἰκείοις
1283 2495 1587 2557 ἐαλωκότες
1621 2509 1716 2563 μη·

159 2591 477 2660 κινήμασιν
527 2593 576 2644 οί
631 2592 730 2660 τὴν
776 2589 1038 2659 ἀλήθειαν
1088 2589 1532 2656 άπαναινόμενοι,
1586 2585 1734 2640 κενοὶ

163 2683 338 2746 κενῶς
367 2683 470 2752 τῆς
506 2683 789 2745 εὐσεϐείας
831 2664 1263 2750 ἐκτιναχθέντες.
1311 2680 1438 2732 Ἐπὶ
1471 2679 1580 2748 γὰρ
1626 2679 1732 2731 τῶν

160 2771 423 2826 τοιούτων
465 2771 638 2839 λόγων
666 2770 733 2823 τὰ
775 2769 1221 2838 συμπεράσματα
1264 2767 1370 2819 τῶν
1415 2765 1732 2837 προτάσεὼν

161 2864 267 2916 εἰσι
297 2861 616 2926 συστατικὰ,
633 2861 742 2913 τῶν
763 2860 820 2913 δὲ
842 2858 1330 2927 συμπερασμάτων
1356 2859 1410 2908 αἱ
1441 2856 1731 2926 προτάσεις

120 2937 122 2939 ’
162 2949 498 3021 ὑπάρχουσιν
535 2948 830 3020 όριστικαὶ,
874 2945 956 3008 οἷς
985 2946 1470 3016 περιπεπτώκασιν
1505 2945 1569 2998 ἐκ
1600 2943 1728 2996 πολ·-

161 3040 257 3109 λῆς
291 3039 535 3109 ἀμαθίας
567 3039 616 3091 οί
638 3039 860 3100 ἑαυτοὺς
888 3037 1126 3106 οἰόμενοι
1160 3034 1378 3103 σοφούς.

1831 803 2075 870 ipsorum
2133 817 2229 858 eos
2276 803 2456 872 gladio
2487 804 2720 874 jugulat.
2753 804 2884 869 Qua:
2931 805 3002 859 ita
3031 821 3090 861 se
3143 807 3385 862 habent:

1838 893 2088 961 «Alioqui
2116 892 2247 961 quid
2275 894 2532 962 prohibet
2568 894 2860 963 quominus
2904 895 3018 963 ipse
3046 910 3265 963 quoque
3311 897 3390 949 alo

1831 981 1937 1034 lata
1969 981 2072 1035 hac
2102 982 2476 1050 propositione
2504 1000 2515 1034 :
2549 983 2710 1038 Pater
2752 984 2925 1053 major
2957 992 3152 1037 natura
3180 993 3284 1049 est,
3325 999 3390 1039 ac

1832 1069 2028 1124 deinde
2062 1079 2338 1139 assumpta
2359 1071 2550 1134 altera,
2585 1071 2788 1127 Natura
2813 1081 2996 1126 autem
3028 1074 3251 1127 omnino
3279 1089 3388 1128 non

1833 1155 2024 1223 major,
2053 1170 2154 1209 nec
2171 1155 2363 1222 Pater;
2392 1157 2465 1209 ita
2499 1167 2775 1226 postremo
2827 1160 3186 1214 concludam:
3222 1162 3394 1231 Maius

1808 1243 2002 1319 :igitur
2034 1245 2260 1299 omnino
2281 1261 2388 1300 non
2417 1248 2611 1318 majus,
2639 1249 2744 1312 vel,
2795 1249 2955 1303 Pater
3004 1252 3231 1305 omnino
3280 1267 3390 1306 non

1832 1330 2013 1384 Pater.
2039 1351 2058 1383 ι
2099 1333 2302 1388 Verum
2323 1349 2432 1404 quo
2455 1337 2630 1406 magis
2654 1337 2813 1391 nobis
2847 1337 2940 1391 ﬁat
2957 1340 3307 1406 perspicuum
3335 1351 3391 1394 et

1831 1433 2292 1486 consummatum,
2323 1439 2440 1494 age,
2471 1426 2527 1479 in
2560 1425 2870 1493 formulam,
2917 1428 2962 1481 si
3023 1427 3220 1496 placet,
3248 1429 3393 1483 redi-

1831 1527 2024 1582 gamus
2050 1513 2196 1582 quod
2254 1513 2477 1580 dicitur,
2519 1516 2589 1570 ab
2614 1517 3054 1572 adversariorum
3104 1519 3390 1574 conamine

1833 1601 2177 1670 incipientes,
2207 1612 2264 1658 et
2289 1604 2344 1658 in
2372 1603 2549 1659 Patris
2582 1589 2908 1661 doctrinam.
2932 1607 3271 1662 desinentes.

1899 1691 2208 1761 Propositio
2235 1694 2583 1761 Arianorum,
2602 1695 2718 1750 sive
2741 1696 3239 1752 Eunomianorum:
3275 1683 3295 1748 ι
3327 1697 3384 1753 Si

1833 1781 1994 1835 Pater
2042 1790 2237 1834 natura
2273 1781 2396 1835 Filii
2448 1792 2737 1848 causaest,
2773 1794 2828 1838 et
2860 1786 3034 1854 major
3061 1787 3222 1840 Pater
3254 1787 3394 1840 Filio

1834 1881 1937 1934 est,
1971 1871 2220 1940 sequitur
2249 1881 2308 1925 ut
2334 1872 2497 1926 Pater
2525 1882 2723 1926 natura
2740 1873 2880 1927 Filio
2914 1875 3089 1942 major
3111 1876 3203 1928 sit.
3233 1897 3251 1926 ι
3290 1875 3392 1931 So-

1837 1957 1974 2009 lutio
2007 1955 2179 2010 sancti
2205 1957 2377 2010 nostri
2431 1959 2607 2025 patris
2651 1959 2900 2031 Gregorii
2952 1964 3020 2018 ad
3063 1961 3392 2019 absurdum

1832 2044 2159 2100 deducentis
2187 2058 2244 2101 et
2267 2045 2606 2102 confutantis
2629 2050 2974 2103 adversarios
3001 2055 3074 2102 Ita
3106 2067 3120 2101 :
3160 2068 3176 2099 ι
3208 2055 3266 2103 SI
3297 2065 3392 2101 na-

1833 2142 1953 2189 tura
1984 2136 2286 2190 secundum
2322 2152 2417 2191 vos
2445 2136 2608 2191 Pater
2661 2138 2833 2207 major
2862 2146 2946 2192 est
2972 2138 3129 2204 Filio,
3171 2138 3225 2192 id
3258 2151 3390 2191 vero

1831 2226 1977 2293 quod
2001 2235 2195 2280 natura
2221 2235 2307 2279 est
2365 2242 2712 2296 nequaquam
2749 2230 2927 2298 majus
2959 2237 3042 2283 est
3071 2229 3254 2292 Patre,
3304 2243 3394 2282 se-

1831 2314 2022 2382 quitur
2051 2325 2110 2367 ut
2137 2316 2316 2383 majus
2346 2317 2573 2370 omnino
2601 2332 2711 2370 non
2751 2318 2822 2372 sit
2853 2317 3047 2386 majus,
3082 2327 3178 2371 aut
3203 2325 3265 2370 ut
3292 2318 3393 2370 Pa;

1821 2413 1915 2471 ,tcr
1941 2405 2167 2459 omnino
2197 2418 2304 2457 non
2353 2405 2515 2458 Pater
2537 2405 2628 2458 sit.
2669 2425 2687 2456 ι

1901 2493 1978 2548 Ita
2008 2491 2360 2548 confutantur
2405 2492 2519 2547 suis
2564 2492 2806 2561 ipsorum
2846 2493 3092 2548 artiﬁciis
3119 2495 3264 2563 capti
3298 2511 3391 2547 vc-

1833 2586 2014 2639 ritatis
2040 2589 2410 2654 renegatores,
2458 2593 2513 2638 et
2556 2585 2706 2638 leves
2747 2585 2948 2661 pietate
2992 2585 3188 2639 leviter
3224 2601 3391 2640 excu-

1833 2676 2064 2730 tiuntur.
2095 2676 2172 2729 De
2201 2673 2404 2729 talibus
2446 2676 2594 2729 enim
2642 2675 2806 2730 dictis
2851 2676 3233 2730 conclusiones
3261 2691 3395 2730 con-

1832 2767 2066 2820 stituunt
2103 2765 2526 2834 propositiones,
2579 2766 2963 2819 conclusiones
3021 2771 3203 2819 autem
3256 2766 3394 2820 dcti-

1830 2855 1990 2908 niunt
2013 2855 2435 2923 propositiones,
2454 2855 2655 2923 quibus
2683 2870 2742 2909 se
2767 2855 3062 2909 induerunt
3077 2870 3178 2923 pro
3202 2871 3392 2926 magna

1831 2957 1927 2995 sua
1958 2940 2264 3010 ignorantia
2299 2941 2376 2994 illi
2405 2941 2498 3009 qui
2530 2940 2636 3009 sibi
2673 2941 2950 3009 sapientes
2978 2941 3109 3009 ipsis
3137 2940 3394 2995 videntur

1832 3045 1969 3084 esse.

170 3270 190 3302 ι
227 3254 427 3306 Ἔστω
477 3254 546 3307 δὲ
570 3256 669 3309 καί
701 3257 1018 3327 ἐνεργείας,
1056 3264 1109 3314 ει
1158 3261 1339 3326 δοκεῖ,
1373 3258 1514 3315 οὐδὲ
1543 3259 1729 3325 οὕτως

1843 3278 1860 3310 ι
1897 3257 1974 3314 Sit
2009 3259 2167 3311 etiam
2195 3257 2434 3321 actionis,
2469 3257 2514 3310 si
2540 3257 2617 3309 ita
2660 3256 2884 3319 videtur,
2935 3270 3026 3308 nec
3057 3256 3131 3307 sic
3184 3253 3394 3322 quidem

231 3340 391 3410 futé'c
414 3343 711 3411 αἱρήσετε.
763 3349 915 3402 Αὐτὸ
958 3349 1027 3402 δὲ
1078 3350 1253 3404 τοῦτο
1276 3351 1625 3418 sn.me
1653 3350 1730 3403 ἂν

229 3433 326 3496 ειη
355 3431 424 3484 τὸ
470 3435 814 3501 όμρούσιον,
847 3439 898 3490 εί
928 3439 1027 3490 καί
1063 3437 1282 3500 ἄτοπος
1301 3437 1502 3501 ww
1547 3438 1586 3504 ἠ
1620 3437 1729 3503 τῆς

231 3521 366 3588 περὶ
383 3521 557 3575 τοῦτο
577 3523 877 3594 ἐνεργείας
900 3527 1208 3593 ὑπόληψις
1248 3526 1381 3594 (ll).
1420 3543 1439 3577 ι

245 3711 548 3781 Ἐπειδὴ-οἱ
569 3711 667 3782 τὴν
695 3711 944 3782 γλῶσσαν
971 3713 1102 3766 ὡσεὶ
1131 3712 1291 3783 ξυρὸν
1313 3713 1452 3766 κατὰ
1472 3712 1569 3782 τῆς
1598 3712 1729 3782 ὀλη-

151 3799 311 3866 ⁴δείας
347 3802 695 3880 ἡκονημένην
730 3802 942 3875 ἔχοντες
975 3803 1161 3872 ἔλεγον
1194 3803 1358 3872 δῆθεν
1392 3802 1724 3871 ἐρωτῶντες·

174 3888 234 3944 '0
255 3891 449 3960 Πατὴρ
463 3893 650 3956 οὐσίας
671 3894 838 3960 ἐστὶν,
864 3895 898 3964 ἢ
933 3894 1214 3965 ἐνεργείας
1239 3894 1409 3962 δνομα
1431 3894 1617 3962 (206
1640 3895 1690 3956 ὗ)
1712 3908 1728 3956 i

139 3981 341 4027 'tv'u'et
365 3982 486 4044 ’μὶν
521 3984 763 4046 ετπωμεν
789 3985 976 4040 οὐσίας
1012 3975 1184 4046 δνομα
1220 3975 1361 4031 εἶναι
1409 3980 1489 4042 τὸ,
1519 3971 1728 4048 Πατὴρ.

166 4063 414 4119 ἐντεῦθεν
443 4065 786 4133 συναγάγωσι
822 4066 881 4118 τὸ
905 4067 1241 4136 ἐτεροούσιον
1281 4063 1420 4119 εῖναι
1449 4067 1528 4136 τῷ
1557 4069 1730 4134 Ila-rp!

164 4153 253 4205 τὸν
282 4154 430 4218 Υἰὸν,
461 4153 536 4215 ὡς
559 4153 660 4223 τῆς
686 4154 857 4223 αὐτῆς
884 4154 1074 4216 οὐσίας
1107 4153 1200 4206 δύο
1231 4154 1306 4224 μὴ
1339 4155 1729 4222 ἐπιδεχομένης

167 4246 260 4297 καὶ
315 4245 548 4315 διάφορα
597 4244 802 4315 κυρίως
844 4245 1082 4312 ὀνόματα
1140 4245 1228 4314 (εί
1279 4245 1386 4314 γὰρ
1429 4245 1491 4296 τὸ
1541 4245 1729 4314 Πατὴρ

165 4335 354 4398 οὐσίας
404 4335 553 4389 ἐστὶν
589 4335 780 4405 ὄνομα,
828 4336 930 4388 οὐκ
959 4335 1026 4388 ἄν
1061 4351 1193 4388 ποτε
1233 4337 1332 4405 τῆς
1358 4335 1527 4404 αὐτῆς
1559 4334 1729 4404 ὄνομα

167 4425 249 4492 εἴη
279 4425 343 4476 τὸ
377 4425 506 4490 Υἱός
529 4425 570 4493 )·
628 4427 678 4477 εί
714 4426 771 4478 δέ
809 4426 1106 4495 ἐνεργείας,
1161 4426 1348 4495 σαφῶς
1379 4425 1474 4479 τοῦ
1518 4426 1728 4496 Πατρδς

169 4513 377 4583 ποίημα
409 4513 501 4565 τὸν
538 4515 662 4568 Υίὸν
701 4517 1098 4585 ὁμολογοῦντας
1144 4519 1412 4583 δείξωσιν,
1457 4518 1532 4582 ὡς
1579 4519 1730 4588 ἐνέρ-

166 4619 340 4673 γημα,
381 4603 519 4671 μετὰ
540 4605 601 4656 τὸ
631 4606 730 4673 τὴν
761 4609 1101 4675 κυριολεξίαν
1139 4609 1494 4674 ἀντιθετικῶς
1531 4610 1732 4675 διεξελ-

169 4694 278 4746 θεῖν
327 4694 530 4756 εὐθέως
590 4696 726 4763 πρὸς
753 4697 952 4759 αὐτοὺς
979 4700 1072 4753 τὸν
1110 4701 1427 4755 διδάσκαλον
1472 4701 1730 4772 εἰρηκότα

151 4782 290 4836 ιοῦτε
324 4784 511 4844 οὐσίας
536 4778 673 4836 εἶναι
707 4785 768 4838 τὸ
799 4786 994 4853 πατὴρ
1021 4789 1214 4858 ὄνομα,
1263 4791 1388 4844 οὔτε
1426 4781 1729 4861 ἐνεργείας,

1905 3363 2053 3400 σακε(
2074 3363 2121 3398 ιη
2165 3345 2474 3422 οὺιίηεδίιίε.
2523 3343 2720 3398 Eodem
2765 3344 2904 3397 enim
2966 3343 3117 3396 modo
3169 3343 3394 3396 dicemus

1903 3438 1997 3489 hoc
2028 3434 2199 3504 ipsum
2215 3436 2378 3503 egisse
2416 3433 2632 3487 Patrem
2655 3473 2670 3496 ,
2707 3443 2764 3487 ut
2806 3430 3264 3486 consubstantialis
3296 3433 3397 3501 ipsi

1903 3522 2064 3576 Filius
2095 3531 2246 3585 esset;
2295 3523 2390 3574 etsi
2445 3521 2682 3590 alioquin
2728 3521 3048 3574 absurditate
3076 3537 3180 3573 non
3239 3529 3384 3574 caret

1903 3612 2200 3684 Itujusmodi
2245 3611 2463 3664 actionis
2489 3611 2729 3679 opinio.)

1903 3723 2008 3789 Qui
2037 3697 2278 3790 linguam
2304 3725 2563 3787 tanquam
2598 3721 2920 3772 novaculam
2960 3727 3156 3772 contra
3192 3720 3398 3773 verita-

1836 3826 1944 3870 tem
1995 3819 2212 3866 acutam
2257 3808 2462 3863 habent
2517 3823 2644 3862 cum
2685 3808 2955 3872 dicerent,
2993 3808 3399 3879 interrogantes

1835 3904 2098 3954 nimirum
2123 3917 2136 3950 :
2162 3900 2322 3952 Pater
2340 3894 2664 3947 essentiam
2679 3903 2786 3957 est,
2806 3910 2876 3945 an
2902 3896 3139 3947 actionis
3155 3909 3356 3947 nomen
3373 3895 3398 3944 ’ἒ

1834 3994 1915 4048 ut,
1967 3985 2014 4038 si
2073 3980 2335 4038 essentia:
2386 3981 2610 4050 quidem
2673 3995 2874 4035 nomen
2940 3996 3064 4036 esse
3120 4001 3138 4033 ι
3173 3982 3335 4037 Pater
3370 4002 3390 4033 ι

1835 4074 2206 4149 statuerimus,
2270 4071 2396 4126 inde
2475 4071 2667 4126 alienae
2740 4085 2771 4123 a
2834 4071 3000 4179 Patre
3079 4073 3399 4126 substantiae

1838 4165 2032 4218 Filium
2102 4179 2226 4217 esse
2318 4163 2602 4232 colligant,
2662 4161 2842 4231 quod'
2883 4161 3077 4216 eadem
3142 4168 3399 4217 substan.

1836 4253 1909 4306 tia
1945 4252 2056 4305 duo
2092 4261 2148 4305 et
2209 4240 2428 4305 diversa
2478 4252 2700 4320 proprie
2758 4251 2906 4305 haud
2952 4252 3133 4318 capiat
3175 4253 3399 4305 nomina

1835 4339 1982 4408 (nam
2007 4338 2053 4392 si
2082 4339 2243 4392 Pater
2262 4339 2515 4392 essentia
2532 4346 2616 4391 est
2643 4351 2866 4402 nomen,
2885 4351 3232 4406 nequaquam
3254 4338 3400 4406 ejus-

1834 4428 1959 4482 dem
1991 4428 2064 4482 sit
2097 4447 2116 4478 ι
2156 4429 2355 4482 Filius,
2382 4443 2582 4482 nomen
2629 4427 2670 4496 ),
2712 4427 2797 4482 sin
2831 4426 3088 4489 actionis,
3126 4436 3189 4480 ut
3248 4427 3396 4482 clare

1835 4524 1997 4586 atque
2027 4525 2212 4586 aperte
2251 4519 2448 4572 Filiqu
2505 4517 2686 4572 Patris
2722 4517 3101 4572 conditionem
3152 4525 3397 4571 statuere

1833 4620 1955 4670 nos,
2002 4606 2154 4660 velut
2205 4607 2422 4662 actione
2446 4606 2765 4671 conﬂatum,
2794 4605 3085 4661 ostendere
3132 4606 3392 4671 habeant,

1834 4707 2120 4766 postquam
2151 4696 2219 4750 de
2249 4698 2492 4766 propriis
2534 4697 2852 4751 nominibus
2872 4704 3063 4750 contra
3101 4695 3399 4765 disputavit

1832 4789 2090 4858 magister
2143 4789 2438 4857 statimque
2501 4789 2640 4843 dixit
2683 4805 2864 4859 neque
2911 4786 3161 4843 essentia:
3222 4787 3401 4841 Patris

169 4869 302 4922 ἀλλὰ
341 4870 599 4938 σχέσεως,
645 4872 858 4924 καὶτοῦ
893 4873 1010 4935 πῶς
1060 4873 1172 4943 ἔχει
1222 4879 1359 4947 πρὸς
1401 4878 1494 4931 τὸν
1537 4879 1664 4931 Υίὺν
1699 4881 1728 4931 6

1834 4891 2032 4930 nomen
2090 4891 2246 4938 esse,
2292 4891 2472 4944 neque
2522 4877 2773 4945 actionis,
2831 4877 2926 4932 sed
2983 4875 3282 4936 relationis,
3341 4864 3426 4945 et;

170 4957 373 5028 Πατὴρ,
403 4959 435 5028 ἢ
465 4959 496 5011 6
519 4959 643 5022 Υἱὸς
673 4950 808 5031 πρὸς
835 4963 924 5014 τὸν
971 4964 1208 5033 Πατέρα,
1244 4969 1725 5038 συμπεριφορικῶς

1834 4960 2100 5032 quomodo
2157 4964 2227 5017 ad
2262 4964 2459 5017 Filium
2511 4981 2568 5018 se
2605 4965 2784 5029 Pater,
2867 4957 2980 5019 autx
3005 4963 3172 5018 Filius
3197 4963 3262 5014 ad
3299 4964 3423 5014 [la-5

170 5047 433 5117 ἐνήγαγεν
474 5049 664 5102 εἰπών’
728 5070 746 5103 ι
779 5053 957 5104 Ἔστω
1005 5056 1098 5106 καὶ
1148 5058 1450 5126 ἐνεργείας,
1495 5062 1543 5112 εί
1573 5060 1729 5113 τοῦτο

1836 5062 1974 5108 trem
2011 5067 2067 5106 se
2092 5053 2314 5117 habeat,
2355 5054 2585 5106 comiter
2610 5054 2774 5108 infert
2801 5055 2994 5117 dicens
3023 5070 3036 5104 :
3073 5071 3091 5101 ι
3117 5051 3198 5105 Sit
3227 5050 3420 5122 etiam:

170 5137 328 5201 δοκεῖ,
357 5158 376 5190 ι
412 5142 506 5194 καὶ
548 5142 820 5212 ἐπιφέρει·
873 5161 893 5195 t
925 5145 1064 5196 Δὺτδ
1111 5146 1168 5198 δὲ
1208 5147 1368 5202 τοῦτο
1407 5151 1729 5220 ἐνηργηκὼς

1834 5145 2086 5217 actionis,
2118 5143 2166 5196 si
2190 5143 2263 5196 ita
2293 5144 2531 5208 videtur,
2559 5154 2612 5197 et
2639 5145 2809 5210 addit,
2844 5143 3077 5197 «Eodem
3104 5141 3251 5195 enim
3275 5156 3388 5192 mo-

175 5229 236 5280 ἂν
283 5234 368 5299 εἰη
420 5232 481 5283 τὸ
517 5235 821 5302 ὀμοούσιον.
855 5253 872 5285 ι
927 5234 1048 5298 Πῶς
1083 5232 1179 5289 οὖν
1217 5239 1429 5308 ἐνεργεῖ
1455 5241 1514 5293 τὸ
1538 5242 1729 5310 όμοού-

1834 5238 1902 5291 do
1923 5237 2168 5290 dicemus
2192 5236 2488 5305 hocipsum
2511 5237 2684 5305 egisse
2709 5238 2921 5290 Patrem
2949 5240 3009 5286 ut
3037 5233 3396 5286 consubstan-

176 5335 310 5384 rtov;
345 5318 577 5389 ζητήσαι
615 5340 696 5386 τις
741 5324 808 5376 ἂν
844 5324 1004 5392 τυχὸν
1033 5325 1142 5377 τῶν
1184 5328 1324 5392 ἄγαν
1368 5330 1728 5395 ἐξεταστικῶν

1836 5327 1982 5380 tialis
2017 5324 2120 5397 ipsi
2148 5325 2318 5379 Filius
2340 5333 2506 5379 esset.
2556 5344 2573 5374 ι
2619 5323 2905 5389 Quomodo
2957 5322 3144 5390 igitur,
3184 5330 3393 5386 quaeret

176 5411 264 5462 καὶ
313 5411 478 5481 μηδὲν
517 5413 625 5466 τῶν
673 5416 1059 5485 συμφερόντων
1101 5417 1317 5484 ἀγνοεῖν
1361 5423 1723 5490 ἀνεχομένων.

1834 5418 2065 5472 fortasse
2101 5417 2302 5484 aliquis
2342 5417 2618 5469 curiosior
2662 5423 2717 5467 et
2768 5413 2905 5467 nihil
2944 5410 3088 5479 quod
3156 5409 3288 5460 utile
3322 5409 3396 5462 sit

175 5496 339 5550 Τοῦτο
383 5498 440 5551 δὲ
489 5501 630 5553 κατὰ
658 5501 860 5554 τοιόνδε
905 5502 1105 5572 τρόπον
1141 5503 1586 5575 όμαλισθήσεται.
1623 5509 1724 5561 Δύο

1834 5509 2083 5577 ignorare
2111 5506 2411 5569 mstinens,
2435 5505 2712 5574 quomodo
2735 5504 2842 5572 agit
2869 5510 2927 5553 ut
2955 5497 3398 5552 consubstantia-

177 5588 395 5642 καθόλου
443 5589 540 5652 τὰς
589 5591 864 5661 ἐνεργείας
914 5590 1052 5647 εἷναί
1116 5611 1278 5661 φασιν
1317 5597 1376 5647 ὲν
1423 5601 1535 5660 τοῖς
1581 5599 1720 5663 οὖσι,

1834 5599 1896 5651 lis
1931 5596 2100 5650 Filius
2140 5597 2207 5649 sit
2235 5594 2258 5646 ‘?
2286 5595 2440 5659 Quod
2489 5594 2593 5648 hoc
2623 5594 2734 5647 fere
2792 5590 2952 5644 modo
2992 5586 3390 5653 cxplanabitur.

241 5723 347 5796 (ll)
377 5725 518 5782 Idem
550 5730 670 5783 ibid.
699 5747 815 5800 cap.
863 5731 943 5796 l6,
978 5747 1029 5800 [ν.
1065 5729 1184 5794 555,
1228 5738 1353 5783 tum.
1388 5731 1423 5783 l.
1454 5731 1589 5803 Opp.
1631 5733 1716 5790 ed.
1755 5733 1953 5787 Bcncd.
2033 5718 2037 5723 ’
