  <div class='ocr_page' id='page_1' title='image "/cluster/home/n/w/nwhite01/storage/ocr_20150623/91/pst.000005712977/676.png"; bbox 0 0 3986 6346; ppageno 0'>
   <div class='ocr_carea' id='block_1_1' title="bbox 164 478 291 543">
    <p class='ocr_par' dir='ltr' id='par_1_1' title="bbox 164 478 291 543">
     <span class='ocr_line' id='line_1_1' title="bbox 164 478 291 543; baseline -0.008 -2"><span class='ocrx_word' id='word_1_1' title='bbox 164 478 291 543; x_wconf 69' lang='grc'><strong>2281</strong></span> 
     </span>
    </p>
   </div>
   <div class='ocr_carea' id='block_1_2' title="bbox 1373 468 2171 532">
    <p class='ocr_par' dir='ltr' id='par_1_2' title="bbox 1373 468 2171 532">
     <span class='ocr_line' id='line_1_2' title="bbox 1373 468 2171 532; baseline -0.003 -1"><span class='ocrx_word' id='word_1_2' title='bbox 1373 468 1885 532; x_wconf 75' lang='lat' dir='ltr'><strong>AMBIGUORUM</strong></span> <span class='ocrx_word' id='word_1_3' title='bbox 1921 468 2171 531; x_wconf 82' lang='lat' dir='ltr'><strong>LIBER.</strong></span> 
     </span>
    </p>
   </div>
   <div class='ocr_carea' id='block_1_3' title="bbox 3226 450 3359 529">
    <p class='ocr_par' dir='ltr' id='par_1_3' title="bbox 3226 450 3359 529">
     <span class='ocr_line' id='line_1_3' title="bbox 3226 450 3359 529; baseline 0 0"><span class='ocrx_word' id='word_1_4' title='bbox 3226 450 3359 529; x_wconf 61' lang='lat' dir='ltr'><strong>tae-&#39;2</strong></span> 
     </span>
    </p>
   </div>
   <div class='ocr_carea' id='block_1_4' title="bbox 3258 510 3361 533">
    <p class='ocr_par' dir='ltr' id='par_1_4' title="bbox 3258 510 3361 533">
     <span class='ocr_line' id='line_1_4' title="bbox 3258 510 3361 533; baseline 0.01 -1"><span class='ocrx_word' id='word_1_5' title='bbox 3258 510 3361 533; x_wconf 48' lang='grc' dir='ltr'><strong>ἁμὶ-ι</strong></span> 
     </span>
    </p>
   </div>
   <div class='ocr_carea' id='block_1_5' title="bbox 154 558 1700 653">
    <p class='ocr_par' dir='ltr' id='par_1_5' title="bbox 154 558 1700 653">
     <span class='ocr_line' id='line_1_5' title="bbox 154 558 1700 653; baseline -0.005 -17"><span class='ocrx_word' id='word_1_6' title='bbox 154 588 223 653; x_wconf 80' lang='grc' dir='ltr'>τῇ</span> <span class='ocrx_word' id='word_1_7' title='bbox 260 581 380 635; x_wconf 80' lang='grc' dir='ltr'>κατ’</span> <span class='ocrx_word' id='word_1_8' title='bbox 407 578 602 650; x_wconf 76' lang='grc' dir='ltr'>ἀρετὴν</span> <span class='ocrx_word' id='word_1_9' title='bbox 632 578 889 648; x_wconf 74' lang='grc' dir='ltr'>ἑγγύτητι</span> <span class='ocrx_word' id='word_1_10' title='bbox 933 577 1032 650; x_wconf 74' lang='grc' dir='ltr'><strong>τὴν</strong></span> <span class='ocrx_word' id='word_1_11' title='bbox 1077 558 1386 653; x_wconf 71' lang='grc' dir='ltr'>πρέπουσαν</span> <span class='ocrx_word' id='word_1_12' title='bbox 1428 575 1577 644; x_wconf 83' lang='grc' dir='ltr'>αὐτῷ</span> <span class='ocrx_word' id='word_1_13' title='bbox 1619 576 1700 628; x_wconf 86' lang='grc' dir='ltr'><strong>θέ-</strong></span> 
     </span>
    </p>
   </div>
   <div class='ocr_carea' id='block_1_6' title="bbox 1802 558 3439 653">
    <p class='ocr_par' dir='ltr' id='par_1_6' title="bbox 1804 574 3439 645">
     <span class='ocr_line' id='line_1_6' title="bbox 1804 574 3439 645; baseline -0.002 -16"><span class='ocrx_word' id='word_1_14' title='bbox 1804 576 2058 645; x_wconf 90' lang='lat' dir='ltr'><strong>quodque</strong></span> <span class='ocrx_word' id='word_1_15' title='bbox 2099 576 2403 634; x_wconf 79' lang='lat' dir='ltr'><strong>membrum</strong></span> <span class='ocrx_word' id='word_1_16' title='bbox 2436 590 2535 642; x_wconf 77' lang='lat' dir='ltr'><strong>pro</strong></span> <span class='ocrx_word' id='word_1_17' title='bbox 2567 574 2785 629; x_wconf 75' lang='lat' dir='ltr'><strong>virtutis</strong></span> <span class='ocrx_word' id='word_1_18' title='bbox 2818 589 2927 626; x_wconf 75' lang='lat' dir='ltr'><strong>sure</strong></span> <span class='ocrx_word' id='word_1_19' title='bbox 2956 574 3359 643; x_wconf 58' lang='lat' dir='ltr'><strong>propinquitas».</strong></span> <span class='ocrx_word' id='word_1_20' title='bbox 3436 624 3439 625; x_wconf 30' lang='grc' dir='ltr'><strong>ν</strong></span> 
     </span>
    </p>
   </div>
   <div class='ocr_carea' id='block_1_7' title="bbox 156 665 1701 739">
    <p class='ocr_par' dir='ltr' id='par_1_7' title="bbox 156 665 1701 739">
     <span class='ocr_line' id='line_1_7' title="bbox 156 665 1701 739; baseline -0.006 -14"><span class='ocrx_word' id='word_1_21' title='bbox 156 690 243 725; x_wconf 87' lang='grc' dir='ltr'><strong>σιν</strong></span> <span class='ocrx_word' id='word_1_22' title='bbox 280 672 366 724; x_wconf 72' lang='grc' dir='ltr'>διὰ</span> <span class='ocrx_word' id='word_1_23' title='bbox 389 671 485 739; x_wconf 83' lang='grc' dir='ltr'>τῆς</span> <span class='ocrx_word' id='word_1_24' title='bbox 530 667 940 738; x_wconf 86' lang='grc' dir='ltr'>ἀρχιτεκτονίας</span> <span class='ocrx_word' id='word_1_25' title='bbox 980 665 1072 719; x_wconf 83' lang='grc' dir='ltr'>τοῦ</span> <span class='ocrx_word' id='word_1_26' title='bbox 1128 665 1433 734; x_wconf 83' lang='grc' dir='ltr'>πνεύματος</span> <span class='ocrx_word' id='word_1_27' title='bbox 1471 668 1701 733; x_wconf 74' lang='grc' dir='ltr'>ἐναρμο-</span> 
     </span>
    </p>
   </div>
   <div class='ocr_carea' id='block_1_8' title="bbox 153 752 1705 827">
    <p class='ocr_par' dir='ltr' id='par_1_8' title="bbox 153 752 1705 827">
     <span class='ocr_line' id='line_1_8' title="bbox 153 752 1705 827; baseline -0.005 -15"><span class='ocrx_word' id='word_1_28' title='bbox 153 761 280 821; x_wconf 87' lang='grc' dir='ltr'>νίως</span> <span class='ocrx_word' id='word_1_29' title='bbox 309 757 674 827; x_wconf 78' lang='grc' dir='ltr'>λαμϐάνοντος</span> <span class='ocrx_word' id='word_1_30' title='bbox 707 756 799 807; x_wconf 69' lang='grc' dir='ltr'>καὶ</span> <span class='ocrx_word' id='word_1_31' title='bbox 830 752 1268 824; x_wconf 81' lang='grc' dir='ltr'><strong>συμπληροῦντος</strong></span> <span class='ocrx_word' id='word_1_32' title='bbox 1303 752 1396 806; x_wconf 80' lang='grc' dir='ltr'>τοῦ</span> <span class='ocrx_word' id='word_1_33' title='bbox 1427 753 1495 805; x_wconf 86' lang='grc' dir='ltr'><strong>τά</strong></span> <span class='ocrx_word' id='word_1_34' title='bbox 1526 754 1705 805; x_wconf 86' lang='grc' dir='ltr'>πάντα</span> 
     </span>
    </p>
   </div>
   <div class='ocr_carea' id='block_1_9' title="bbox 118 839 1705 914">
    <p class='ocr_par' dir='ltr' id='par_1_9' title="bbox 118 839 1705 914">
     <span class='ocr_line' id='line_1_9' title="bbox 118 839 1705 914; baseline -0.006 -13"><span class='ocrx_word' id='word_1_35' title='bbox 118 848 123 853; x_wconf 33' lang='grc' dir='ltr'><strong>δ</strong></span> <span class='ocrx_word' id='word_1_36' title='bbox 153 850 210 900; x_wconf 80' lang='grc' dir='ltr'>ἐν</span> <span class='ocrx_word' id='word_1_37' title='bbox 243 850 372 900; x_wconf 76' lang='grc' dir='ltr'>πᾶσι</span> <span class='ocrx_word' id='word_1_38' title='bbox 406 844 773 914; x_wconf 75' lang='grc' dir='ltr'><strong>πληρουμένου</strong></span> <span class='ocrx_word' id='word_1_39' title='bbox 796 843 853 895; x_wconf 75' lang='grc' dir='ltr'>τὸ</span> <span class='ocrx_word' id='word_1_40' title='bbox 881 843 1036 910; x_wconf 86' lang='grc' dir='ltr'>σῶμα</span> <span class='ocrx_word' id='word_1_41' title='bbox 1058 842 1118 898; x_wconf 68' lang='grc' dir='ltr'>τὸ</span> <span class='ocrx_word' id='word_1_42' title='bbox 1148 842 1323 895; x_wconf 75' lang='grc' dir='ltr'>πάντα</span> <span class='ocrx_word' id='word_1_43' title='bbox 1349 839 1586 909; x_wconf 78' lang='grc' dir='ltr'>πληροῦν</span> <span class='ocrx_word' id='word_1_44' title='bbox 1612 841 1705 893; x_wconf 78' lang='grc' dir='ltr'>καὶ</span> 
     </span>
    </p>
   </div>
   <div class='ocr_carea' id='block_1_10' title="bbox 149 930 1705 1003">
    <p class='ocr_par' dir='ltr' id='par_1_10' title="bbox 149 930 1705 1003">
     <span class='ocr_line' id='line_1_10' title="bbox 149 930 1705 1003; baseline -0.003 -16"><span class='ocrx_word' id='word_1_45' title='bbox 149 936 216 988; x_wconf 86' lang='grc' dir='ltr'>ὲκ</span> <span class='ocrx_word' id='word_1_46' title='bbox 246 936 461 989; x_wconf 86' lang='grc' dir='ltr'>πάντων</span> <span class='ocrx_word' id='word_1_47' title='bbox 489 932 880 1003; x_wconf 84' lang='grc' dir='ltr'>πληρούμενον.</span> <span class='ocrx_word' id='word_1_48' title='bbox 907 931 1031 985; x_wconf 67' lang='lat' dir='ltr'><strong>Ehe</strong></span> <span class='ocrx_word' id='word_1_49' title='bbox 1053 930 1168 995; x_wconf 79' lang='grc' dir='ltr'>οὖν,</span> <span class='ocrx_word' id='word_1_50' title='bbox 1192 932 1266 993; x_wconf 85' lang='grc' dir='ltr'><strong>ῶς</strong></span> <span class='ocrx_word' id='word_1_51' title='bbox 1297 930 1533 1000; x_wconf 75' lang='grc' dir='ltr'>εἴρηται,</span> <span class='ocrx_word' id='word_1_52' title='bbox 1565 932 1705 984; x_wconf 74' lang='grc' dir='ltr'>κατὰ</span> 
     </span>
    </p>
   </div>
   <div class='ocr_carea' id='block_1_11' title="bbox 145 1019 1705 1094">
    <p class='ocr_par' dir='ltr' id='par_1_11' title="bbox 145 1019 1705 1094">
     <span class='ocr_line' id='line_1_11' title="bbox 145 1019 1705 1094; baseline -0.002 -18"><span class='ocrx_word' id='word_1_53' title='bbox 145 1024 248 1094; x_wconf 78' lang='grc' dir='ltr'>τὴν</span> <span class='ocrx_word' id='word_1_54' title='bbox 292 1023 660 1092; x_wconf 75' lang='grc' dir='ltr'>πνευματικὴν</span> <span class='ocrx_word' id='word_1_55' title='bbox 719 1021 1071 1089; x_wconf 86' lang='grc' dir='ltr'>ἀναγέννησιν</span> <span class='ocrx_word' id='word_1_56' title='bbox 1130 1020 1238 1073; x_wconf 88' lang='grc' dir='ltr'><strong>τῶν</strong></span> <span class='ocrx_word' id='word_1_57' title='bbox 1290 1019 1430 1072; x_wconf 84' lang='grc' dir='ltr'>κατὰ</span> <span class='ocrx_word' id='word_1_58' title='bbox 1473 1021 1705 1089; x_wconf 70' lang='grc' dir='ltr'>Χριστὸν</span> 
     </span>
    </p>
   </div>
   <div class='ocr_carea' id='block_1_12' title="bbox 146 1110 1705 1183">
    <p class='ocr_par' dir='ltr' id='par_1_12' title="bbox 146 1110 1705 1183">
     <span class='ocr_line' id='line_1_12' title="bbox 146 1110 1705 1183; baseline -0.003 -17"><span class='ocrx_word' id='word_1_59' title='bbox 146 1115 520 1183; x_wconf 82' lang='grc' dir='ltr'>γεννωμένων,</span> <span class='ocrx_word' id='word_1_60' title='bbox 560 1112 669 1164; x_wconf 76' lang='grc' dir='ltr'>εἴτε</span> <span class='ocrx_word' id='word_1_61' title='bbox 705 1113 845 1164; x_wconf 84' lang='grc' dir='ltr'>κατὰ</span> <span class='ocrx_word' id='word_1_62' title='bbox 873 1110 969 1181; x_wconf 83' lang='grc' dir='ltr'>τὴν</span> <span class='ocrx_word' id='word_1_63' title='bbox 999 1112 1054 1163; x_wconf 78' lang='grc' dir='ltr'>ἐν</span> <span class='ocrx_word' id='word_1_64' title='bbox 1081 1110 1298 1181; x_wconf 83' lang='grc' dir='ltr'>Χριστῷ</span> <span class='ocrx_word' id='word_1_65' title='bbox 1325 1112 1416 1162; x_wconf 75' lang='grc' dir='ltr'><strong>καὶ</strong></span> <span class='ocrx_word' id='word_1_66' title='bbox 1452 1111 1538 1163; x_wconf 81' lang='grc' dir='ltr'>διὰ</span> <span class='ocrx_word' id='word_1_67' title='bbox 1570 1112 1705 1178; x_wconf 83' lang='grc' dir='ltr'>Χρι-</span> 
     </span>
    </p>
   </div>
   <div class='ocr_carea' id='block_1_13' title="bbox 122 1200 1705 1272">
    <p class='ocr_par' dir='ltr' id='par_1_13' title="bbox 122 1200 1705 1272">
     <span class='ocr_line' id='line_1_13' title="bbox 122 1200 1705 1272; baseline -0.004 -14"><span class='ocrx_word' id='word_1_68' title='bbox 122 1205 277 1258; x_wconf 76' lang='grc' dir='ltr'><strong>-στοῦ</strong></span> <span class='ocrx_word' id='word_1_69' title='bbox 302 1202 671 1272; x_wconf 81' lang='grc' dir='ltr'><strong>γεγενημένην</strong></span> <span class='ocrx_word' id='word_1_70' title='bbox 695 1200 802 1254; x_wconf 84' lang='grc' dir='ltr'><strong>τῶν</strong></span> <span class='ocrx_word' id='word_1_71' title='bbox 831 1203 943 1264; x_wconf 78' lang='grc' dir='ltr'>τοῖς</span> <span class='ocrx_word' id='word_1_72' title='bbox 989 1202 1233 1270; x_wconf 82' lang='grc' dir='ltr'>οὐρανοῖς</span> <span class='ocrx_word' id='word_1_73' title='bbox 1268 1200 1540 1270; x_wconf 84' lang='grc' dir='ltr'>μυστικῶν</span> <span class='ocrx_word' id='word_1_74' title='bbox 1584 1201 1705 1269; x_wconf 83' lang='grc' dir='ltr'>ἀρι-</span> 
     </span>
    </p>
   </div>
   <div class='ocr_carea' id='block_1_14' title="bbox 148 1290 1706 1364">
    <p class='ocr_par' dir='ltr' id='par_1_14' title="bbox 148 1290 1706 1364">
     <span class='ocr_line' id='line_1_14' title="bbox 148 1290 1706 1364; baseline -0.004 -16"><span class='ocrx_word' id='word_1_75' title='bbox 148 1296 303 1364; x_wconf 81' lang='grc' dir='ltr'>θμῶν</span> <span class='ocrx_word' id='word_1_76' title='bbox 334 1293 733 1362; x_wconf 84' lang='grc' dir='ltr'><strong>ἀναπλήρωσιν,</strong></span> <span class='ocrx_word' id='word_1_77' title='bbox 769 1291 867 1359; x_wconf 79' lang='grc' dir='ltr'>τῆς</span> <span class='ocrx_word' id='word_1_78' title='bbox 902 1308 959 1343; x_wconf 91' lang='grc' dir='ltr'><strong>τε</strong></span> <span class='ocrx_word' id='word_1_79' title='bbox 998 1290 1144 1354; x_wconf 81' lang='grc' dir='ltr'><strong>θείας</strong></span> <span class='ocrx_word' id='word_1_80' title='bbox 1178 1290 1318 1360; x_wconf 80' lang='grc' dir='ltr'>φημὶ</span> <span class='ocrx_word' id='word_1_81' title='bbox 1341 1291 1449 1343; x_wconf 88' lang='grc' dir='ltr'><strong>τῶν</strong></span> <span class='ocrx_word' id='word_1_82' title='bbox 1476 1290 1706 1358; x_wconf 84' lang='grc' dir='ltr'>λογικῶν</span> 
     </span>
    </p>
   </div>
   <div class='ocr_carea' id='block_1_15' title="bbox 150 1380 1710 1452">
    <p class='ocr_par' dir='ltr' id='par_1_15' title="bbox 150 1380 1710 1452">
     <span class='ocr_line' id='line_1_15' title="bbox 150 1380 1710 1452; baseline -0.002 -17"><span class='ocrx_word' id='word_1_83' title='bbox 150 1384 440 1452; x_wconf 73' lang='grc' dir='ltr'>προϐάτων</span> <span class='ocrx_word' id='word_1_84' title='bbox 494 1380 863 1447; x_wconf 75' lang='grc' dir='ltr'><strong>ἑκατοντάδας,</strong></span> <span class='ocrx_word' id='word_1_85' title='bbox 914 1381 1007 1434; x_wconf 79' lang='grc' dir='ltr'>καὶ</span> <span class='ocrx_word' id='word_1_86' title='bbox 1054 1381 1153 1449; x_wconf 79' lang='grc' dir='ltr'>τῆς</span> <span class='ocrx_word' id='word_1_87' title='bbox 1191 1381 1300 1432; x_wconf 88' lang='grc' dir='ltr'><strong>τῶν</strong></span> <span class='ocrx_word' id='word_1_88' title='bbox 1339 1381 1539 1449; x_wconf 87' lang='grc' dir='ltr'>νοερῶν</span> <span class='ocrx_word' id='word_1_89' title='bbox 1579 1382 1710 1448; x_wconf 85' lang='grc' dir='ltr'>δρα-</span> 
     </span>
    </p>
   </div>
   <div class='ocr_carea' id='block_1_16' title="bbox 110 1466 1704 1541">
    <p class='ocr_par' dir='ltr' id='par_1_16' title="bbox 110 1466 1704 1541">
     <span class='ocr_line' id='line_1_16' title="bbox 110 1466 1704 1541; baseline -0.003 -19"><span class='ocrx_word' id='word_1_90' title='bbox 110 1523 117 1529; x_wconf 80' lang='grc'><strong>,</strong></span> <span class='ocrx_word' id='word_1_91' title='bbox 154 1470 306 1541; x_wconf 80' lang='grc' dir='ltr'><strong>χμῶν</strong></span> <span class='ocrx_word' id='word_1_92' title='bbox 347 1469 612 1539; x_wconf 79' lang='grc' dir='ltr'>μυστικῆς</span> <span class='ocrx_word' id='word_1_93' title='bbox 645 1467 885 1530; x_wconf 85' lang='grc' dir='ltr'>δεκάδος,</span> <span class='ocrx_word' id='word_1_94' title='bbox 934 1467 1026 1519; x_wconf 73' lang='grc' dir='ltr'><strong>καὶ</strong></span> <span class='ocrx_word' id='word_1_95' title='bbox 1056 1467 1154 1536; x_wconf 81' lang='grc' dir='ltr'>τῆς</span> <span class='ocrx_word' id='word_1_96' title='bbox 1176 1466 1285 1518; x_wconf 84' lang='grc' dir='ltr'><strong>τῶν</strong></span> <span class='ocrx_word' id='word_1_97' title='bbox 1332 1466 1462 1518; x_wconf 82' lang='grc' dir='ltr'>υίῶν</span> <span class='ocrx_word' id='word_1_98' title='bbox 1517 1467 1704 1534; x_wconf 80' lang='grc' dir='ltr'>τιμίας</span> 
     </span>
    </p>
   </div>
   <div class='ocr_carea' id='block_1_17' title="bbox 144 1553 1703 1623">
    <p class='ocr_par' dir='ltr' id='par_1_17' title="bbox 144 1553 1703 1623">
     <span class='ocr_line' id='line_1_17' title="bbox 144 1553 1703 1623; baseline -0.004 -12"><span class='ocrx_word' id='word_1_99' title='bbox 144 1558 355 1620; x_wconf 75' lang='grc' dir='ltr'>δυάδος,</span> <span class='ocrx_word' id='word_1_100' title='bbox 388 1557 495 1609; x_wconf 80' lang='grc' dir='ltr'>είτε</span> <span class='ocrx_word' id='word_1_101' title='bbox 526 1556 663 1608; x_wconf 85' lang='grc' dir='ltr'>κατὰ</span> <span class='ocrx_word' id='word_1_102' title='bbox 689 1555 789 1623; x_wconf 78' lang='grc' dir='ltr'>τὴν</span> <span class='ocrx_word' id='word_1_103' title='bbox 826 1554 933 1607; x_wconf 87' lang='grc' dir='ltr'><strong>τῶν</strong></span> <span class='ocrx_word' id='word_1_104' title='bbox 962 1554 1138 1622; x_wconf 86' lang='grc' dir='ltr'>μελῶν</span> <span class='ocrx_word' id='word_1_105' title='bbox 1168 1553 1259 1607; x_wconf 80' lang='grc' dir='ltr'>τοῦ</span> <span class='ocrx_word' id='word_1_106' title='bbox 1288 1553 1534 1623; x_wconf 85' lang='grc' dir='ltr'>σώματος</span> <span class='ocrx_word' id='word_1_107' title='bbox 1568 1553 1703 1623; x_wconf 85' lang='grc' dir='ltr'>πρὸς</span> 
     </span>
    </p>
   </div>
   <div class='ocr_carea' id='block_1_18' title="bbox 144 1642 1704 1715">
    <p class='ocr_par' dir='ltr' id='par_1_18' title="bbox 144 1642 1704 1715">
     <span class='ocr_line' id='line_1_18' title="bbox 144 1642 1704 1715; baseline -0.003 -17"><span class='ocrx_word' id='word_1_108' title='bbox 144 1646 243 1715; x_wconf 81' lang='grc' dir='ltr'><strong>τὴν</strong></span> <span class='ocrx_word' id='word_1_109' title='bbox 274 1647 480 1698; x_wconf 78' lang='grc' dir='ltr'>οἰκείαν</span> <span class='ocrx_word' id='word_1_110' title='bbox 505 1644 740 1713; x_wconf 82' lang='grc' dir='ltr'>κεφαλὴν</span> <span class='ocrx_word' id='word_1_111' title='bbox 772 1644 863 1696; x_wconf 73' lang='grc' dir='ltr'><strong>καὶ</strong></span> <span class='ocrx_word' id='word_1_112' title='bbox 895 1643 1028 1711; x_wconf 85' lang='grc' dir='ltr'>πρὸς</span> <span class='ocrx_word' id='word_1_113' title='bbox 1053 1642 1150 1712; x_wconf 82' lang='grc' dir='ltr'><strong>τὴν</strong></span> <span class='ocrx_word' id='word_1_114' title='bbox 1182 1642 1315 1695; x_wconf 78' lang='grc' dir='ltr'>ίδίαν</span> <span class='ocrx_word' id='word_1_115' title='bbox 1336 1642 1585 1712; x_wconf 80' lang='grc' dir='ltr'>ἀπαρχὴν</span> <span class='ocrx_word' id='word_1_116' title='bbox 1610 1642 1704 1694; x_wconf 80' lang='grc' dir='ltr'>τοῦ</span> 
     </span>
    </p>
   </div>
   <div class='ocr_carea' id='block_1_19' title="bbox 145 1732 1703 1805">
    <p class='ocr_par' dir='ltr' id='par_1_19' title="bbox 145 1732 1703 1805">
     <span class='ocr_line' id='line_1_19' title="bbox 145 1732 1703 1805; baseline -0.003 -17"><span class='ocrx_word' id='word_1_117' title='bbox 145 1736 464 1805; x_wconf 71' lang='grc' dir='ltr'>φυράματος</span> <span class='ocrx_word' id='word_1_118' title='bbox 493 1733 924 1800; x_wconf 73' lang='grc' dir='ltr'>ἐπισυναγωγὴν,</span> <span class='ocrx_word' id='word_1_119' title='bbox 961 1735 989 1784; x_wconf 92' lang='lat'><strong>6</strong></span> <span class='ocrx_word' id='word_1_120' title='bbox 1020 1733 1132 1786; x_wconf 82' lang='grc' dir='ltr'><strong>ἄνω</strong></span> <span class='ocrx_word' id='word_1_121' title='bbox 1178 1733 1378 1802; x_wconf 80' lang='grc' dir='ltr'>κόσμος</span> <span class='ocrx_word' id='word_1_122' title='bbox 1416 1732 1703 1802; x_wconf 77' lang='grc' dir='ltr'>πληρωθή-</span> 
     </span>
    </p>
   </div>
   <div class='ocr_carea' id='block_1_20' title="bbox 146 1820 1700 1890">
    <p class='ocr_par' dir='ltr' id='par_1_20' title="bbox 146 1820 1700 1890">
     <span class='ocr_line' id='line_1_20' title="bbox 146 1820 1700 1890; baseline -0.002 -15"><span class='ocrx_word' id='word_1_123' title='bbox 146 1840 296 1875; x_wconf 84' lang='grc' dir='ltr'>σεται</span> <span class='ocrx_word' id='word_1_124' title='bbox 342 1822 558 1884; x_wconf 82' lang='grc' dir='ltr'>πάντως</span> <span class='ocrx_word' id='word_1_125' title='bbox 600 1822 742 1873; x_wconf 87' lang='grc' dir='ltr'><strong>κατά</strong></span> <span class='ocrx_word' id='word_1_126' title='bbox 776 1822 867 1872; x_wconf 73' lang='grc' dir='ltr'><strong>τὸν</strong></span> <span class='ocrx_word' id='word_1_127' title='bbox 896 1820 1230 1882; x_wconf 84' lang='grc' dir='ltr'>διδάσκαλον,</span> <span class='ocrx_word' id='word_1_128' title='bbox 1260 1820 1571 1890; x_wconf 77' lang='grc' dir='ltr'>πληρωθεὶς</span> <span class='ocrx_word' id='word_1_129' title='bbox 1603 1821 1700 1889; x_wconf 84' lang='grc' dir='ltr'><strong>μὲν</strong></span> 
     </span>
    </p>
   </div>
   <div class='ocr_carea' id='block_1_21' title="bbox 1806 663 3351 731">
    <p class='ocr_par' dir='ltr' id='par_1_21' title="bbox 1806 663 3351 731">
     <span class='ocr_line' id='line_1_21' title="bbox 1806 663 3351 731; baseline -0.001 -15"><span class='ocrx_word' id='word_1_130' title='bbox 1806 664 2221 717; x_wconf 89' lang='lat' dir='ltr'><strong>convenientem</strong></span> <span class='ocrx_word' id='word_1_131' title='bbox 2274 663 2377 716; x_wconf 88' lang='lat' dir='ltr'><strong>sibi</strong></span> <span class='ocrx_word' id='word_1_132' title='bbox 2414 663 2593 715; x_wconf 88' lang='lat' dir='ltr'><strong>locum</strong></span> <span class='ocrx_word' id='word_1_133' title='bbox 2644 678 2740 730; x_wconf 90' lang='lat' dir='ltr'><strong>per</strong></span> <span class='ocrx_word' id='word_1_134' title='bbox 2772 663 2999 731; x_wconf 79' lang='lat' dir='ltr'><strong>spiritus</strong></span> <span class='ocrx_word' id='word_1_135' title='bbox 3029 664 3351 717; x_wconf 81' lang='lat' dir='ltr'><strong>architecto-</strong></span> 
     </span>
    </p>
   </div>
   <div class='ocr_carea' id='block_1_22' title="bbox 1804 751 3361 827">
    <p class='ocr_par' dir='ltr' id='par_1_22' title="bbox 1804 751 3361 827">
     <span class='ocr_line' id='line_1_22' title="bbox 1804 751 3361 827; baseline -0.001 -22"><span class='ocrx_word' id='word_1_136' title='bbox 1804 753 1951 806; x_wconf 89' lang='lat' dir='ltr'><strong>niam</strong></span> <span class='ocrx_word' id='word_1_137' title='bbox 1997 760 2366 827; x_wconf 83' lang='lat' dir='ltr'><strong>congruenter</strong></span> <span class='ocrx_word' id='word_1_138' title='bbox 2425 751 2696 813; x_wconf 86' lang='lat' dir='ltr'><strong>obtineat,</strong></span> <span class='ocrx_word' id='word_1_139' title='bbox 2749 760 2914 818; x_wconf 87' lang='lat' dir='ltr'><strong>atque</strong></span> <span class='ocrx_word' id='word_1_140' title='bbox 2963 752 3082 819; x_wconf 85' lang='lat' dir='ltr'><strong>ejus</strong></span> <span class='ocrx_word' id='word_1_141' title='bbox 3135 754 3225 820; x_wconf 89' lang='lat' dir='ltr'><strong>qui</strong></span> <span class='ocrx_word' id='word_1_142' title='bbox 3264 769 3361 821; x_wconf 83' lang='lat' dir='ltr'><strong>per</strong></span> 
     </span>
    </p>
   </div>
   <div class='ocr_carea' id='block_1_23' title="bbox 1807 841 3358 908">
    <p class='ocr_par' dir='ltr' id='par_1_23' title="bbox 1807 841 3358 908">
     <span class='ocr_line' id='line_1_23' title="bbox 1807 841 3358 908; baseline -0.001 -14"><span class='ocrx_word' id='word_1_143' title='bbox 1807 843 2061 896; x_wconf 86' lang='lat' dir='ltr'><strong>universa</strong></span> <span class='ocrx_word' id='word_1_144' title='bbox 2097 842 2152 894; x_wconf 91' lang='lat' dir='ltr'><strong>in</strong></span> <span class='ocrx_word' id='word_1_145' title='bbox 2198 842 2471 896; x_wconf 82' lang='lat' dir='ltr'><strong>universis</strong></span> <span class='ocrx_word' id='word_1_146' title='bbox 2519 841 2821 908; x_wconf 76' lang='lat' dir='ltr'><strong>completus</strong></span> <span class='ocrx_word' id='word_1_147' title='bbox 2851 850 2906 893; x_wconf 91' lang='lat' dir='ltr'><strong>et</strong></span> <span class='ocrx_word' id='word_1_148' title='bbox 2952 852 3358 894; x_wconf 71' lang='lat' dir='ltr'><strong>consummatus</strong></span> 
     </span>
    </p>
   </div>
   <div class='ocr_carea' id='block_1_24' title="bbox 1803 930 3363 999">
    <p class='ocr_par' dir='ltr' id='par_1_24' title="bbox 1803 930 3363 999">
     <span class='ocr_line' id='line_1_24' title="bbox 1803 930 3363 999; baseline -0.002 -15"><span class='ocrx_word' id='word_1_149' title='bbox 1803 940 1889 984; x_wconf 90' lang='lat' dir='ltr'><strong>est</strong></span> <span class='ocrx_word' id='word_1_150' title='bbox 1930 947 2149 999; x_wconf 91' lang='lat' dir='ltr'><strong>corpus,</strong></span> <span class='ocrx_word' id='word_1_151' title='bbox 2197 931 2343 998; x_wconf 91' lang='lat' dir='ltr'><strong>quod</strong></span> <span class='ocrx_word' id='word_1_152' title='bbox 2390 931 2645 982; x_wconf 86' lang='lat' dir='ltr'><strong>universa</strong></span> <span class='ocrx_word' id='word_1_153' title='bbox 2683 930 2865 996; x_wconf 70' lang='lat' dir='ltr'><strong>explet</strong></span> <span class='ocrx_word' id='word_1_154' title='bbox 2908 937 2963 981; x_wconf 91' lang='lat' dir='ltr'><strong>et</strong></span> <span class='ocrx_word' id='word_1_155' title='bbox 2996 945 3060 981; x_wconf 75' lang='lat' dir='ltr'><strong>ex</strong></span> <span class='ocrx_word' id='word_1_156' title='bbox 3090 930 3363 982; x_wconf 71' lang='lat' dir='ltr'><strong>universis</strong></span> 
     </span>
    </p>
   </div>
   <div class='ocr_carea' id='block_1_25' title="bbox 1804 1016 3363 1087">
    <p class='ocr_par' dir='ltr' id='par_1_25' title="bbox 1804 1016 3363 1087">
     <span class='ocr_line' id='line_1_25' title="bbox 1804 1016 3363 1087; baseline 0 -16"><span class='ocrx_word' id='word_1_157' title='bbox 1804 1019 2054 1087; x_wconf 82' lang='lat' dir='ltr'><strong>expletur</strong></span> <span class='ocrx_word' id='word_1_158' title='bbox 2080 1020 2369 1086; x_wconf 84' lang='lat' dir='ltr'><strong>compleat.</strong></span> <span class='ocrx_word' id='word_1_159' title='bbox 2415 1019 2600 1085; x_wconf 85' lang='lat' dir='ltr'><strong>itaque</strong></span> <span class='ocrx_word' id='word_1_160' title='bbox 2629 1018 2764 1074; x_wconf 78' lang='lat' dir='ltr'><strong>sive.</strong></span> <span class='ocrx_word' id='word_1_161' title='bbox 2813 1026 2872 1068; x_wconf 91' lang='lat' dir='ltr'><strong>ut</strong></span> <span class='ocrx_word' id='word_1_162' title='bbox 2908 1016 3112 1069; x_wconf 81' lang='lat' dir='ltr'><strong>dictum</strong></span> <span class='ocrx_word' id='word_1_163' title='bbox 3144 1028 3247 1080; x_wconf 87' lang='lat' dir='ltr'><strong>est,</strong></span> <span class='ocrx_word' id='word_1_164' title='bbox 3276 1034 3363 1071; x_wconf 88' lang='lat' dir='ltr'><strong>sc-</strong></span> 
     </span>
    </p>
   </div>
   <div class='ocr_carea' id='block_1_26' title="bbox 1805 1104 3364 1176">
    <p class='ocr_par' dir='ltr' id='par_1_26' title="bbox 1805 1104 3364 1176">
     <span class='ocr_line' id='line_1_26' title="bbox 1805 1104 3364 1176; baseline 0 -16"><span class='ocrx_word' id='word_1_165' title='bbox 1805 1108 2047 1161; x_wconf 90' lang='lat' dir='ltr'><strong>cundum</strong></span> <span class='ocrx_word' id='word_1_166' title='bbox 2081 1108 2421 1176; x_wconf 86' lang='lat' dir='ltr'><strong>spiritualem</strong></span> <span class='ocrx_word' id='word_1_167' title='bbox 2460 1122 2653 1159; x_wconf 85' lang='lat' dir='ltr'><strong>eorum</strong></span> <span class='ocrx_word' id='word_1_168' title='bbox 2680 1106 2773 1173; x_wconf 87' lang='lat' dir='ltr'><strong>qui</strong></span> <span class='ocrx_word' id='word_1_169' title='bbox 2816 1121 2913 1173; x_wconf 70' lang='lat' dir='ltr'><strong>per</strong></span> <span class='ocrx_word' id='word_1_170' title='bbox 2955 1104 3231 1159; x_wconf 76' lang='lat' dir='ltr'><strong>Christum</strong></span> <span class='ocrx_word' id='word_1_171' title='bbox 3267 1122 3364 1175; x_wconf 78' lang='lat' dir='ltr'><strong>ge—</strong></span> 
     </span>
    </p>
   </div>
   <div class='ocr_carea' id='block_1_27' title="bbox 1805 1195 3364 1266">
    <p class='ocr_par' dir='ltr' id='par_1_27' title="bbox 1805 1195 3364 1266">
     <span class='ocr_line' id='line_1_27' title="bbox 1805 1195 3364 1266; baseline 0.001 -17"><span class='ocrx_word' id='word_1_172' title='bbox 1805 1206 2067 1251; x_wconf 89' lang='lat' dir='ltr'><strong>nerantur</strong></span> <span class='ocrx_word' id='word_1_173' title='bbox 2091 1198 2581 1266; x_wconf 72' lang='lat' dir='ltr'><strong>regenerationem,</strong></span> <span class='ocrx_word' id='word_1_174' title='bbox 2607 1196 2721 1249; x_wconf 86' lang='lat' dir='ltr'><strong>sive</strong></span> <span class='ocrx_word' id='word_1_175' title='bbox 2752 1195 3051 1248; x_wconf 87' lang='lat' dir='ltr'><strong>secundum</strong></span> <span class='ocrx_word' id='word_1_176' title='bbox 3083 1198 3364 1266; x_wconf 76' lang='lat' dir='ltr'><strong>mysticam</strong></span> 
     </span>
    </p>
   </div>
   <div class='ocr_carea' id='block_1_28' title="bbox 1806 1284 3364 1354">
    <p class='ocr_par' dir='ltr' id='par_1_28' title="bbox 1806 1284 3364 1354">
     <span class='ocr_line' id='line_1_28' title="bbox 1806 1284 3364 1354; baseline -0.001 -16"><span class='ocrx_word' id='word_1_177' title='bbox 1806 1300 1927 1352; x_wconf 77' lang='lat' dir='ltr'><strong>quae</strong></span> <span class='ocrx_word' id='word_1_178' title='bbox 1966 1285 2021 1338; x_wconf 90' lang='lat' dir='ltr'><strong>in</strong></span> <span class='ocrx_word' id='word_1_179' title='bbox 2064 1285 2287 1341; x_wconf 83' lang='lat' dir='ltr'><strong>Christo</strong></span> <span class='ocrx_word' id='word_1_180' title='bbox 2325 1295 2520 1354; x_wconf 75' lang='lat' dir='ltr'><strong>etper</strong></span> <span class='ocrx_word' id='word_1_181' title='bbox 2541 1284 2821 1338; x_wconf 86' lang='lat' dir='ltr'><strong>Christum</strong></span> <span class='ocrx_word' id='word_1_182' title='bbox 2855 1284 2994 1338; x_wconf 80' lang='lat' dir='ltr'><strong>facta</strong></span> <span class='ocrx_word' id='word_1_183' title='bbox 3023 1294 3107 1336; x_wconf 90' lang='lat' dir='ltr'><strong>est</strong></span> <span class='ocrx_word' id='word_1_184' title='bbox 3145 1286 3197 1337; x_wconf 92' lang='lat' dir='ltr'><strong>in</strong></span> <span class='ocrx_word' id='word_1_185' title='bbox 3227 1286 3364 1339; x_wconf 66' lang='lat' dir='ltr'><strong>caelo</strong></span> 
     </span>
    </p>
   </div>
   <div class='ocr_carea' id='block_1_29' title="bbox 1805 1374 3363 1442">
    <p class='ocr_par' dir='ltr' id='par_1_29' title="bbox 1805 1374 3363 1442">
     <span class='ocr_line' id='line_1_29' title="bbox 1805 1374 3363 1442; baseline -0.001 -15"><span class='ocrx_word' id='word_1_186' title='bbox 1805 1389 2161 1429; x_wconf 88' lang='lat' dir='ltr'><strong>numerorum</strong></span> <span class='ocrx_word' id='word_1_187' title='bbox 2194 1376 2579 1442; x_wconf 89' lang='lat' dir='ltr'><strong>repletionem,</strong></span> <span class='ocrx_word' id='word_1_188' title='bbox 2612 1374 2663 1426; x_wconf 88' lang='lat' dir='ltr'><strong>id</strong></span> <span class='ocrx_word' id='word_1_189' title='bbox 2693 1382 2776 1427; x_wconf 88' lang='lat' dir='ltr'><strong>est</strong></span> <span class='ocrx_word' id='word_1_190' title='bbox 2811 1374 2979 1426; x_wconf 84' lang='lat' dir='ltr'><strong>divini</strong></span> <span class='ocrx_word' id='word_1_191' title='bbox 3017 1374 3363 1426; x_wconf 89' lang='lat' dir='ltr'><strong>rationalium</strong></span> 
     </span>
    </p>
   </div>
   <div class='ocr_carea' id='block_1_30' title="bbox 1804 1462 3363 1529">
    <p class='ocr_par' dir='ltr' id='par_1_30' title="bbox 1804 1462 3363 1529">
     <span class='ocr_line' id='line_1_30' title="bbox 1804 1462 3363 1529; baseline -0.001 -14"><span class='ocrx_word' id='word_1_192' title='bbox 1804 1463 1992 1515; x_wconf 84' lang='lat' dir='ltr'><strong>ovium</strong></span> <span class='ocrx_word' id='word_1_193' title='bbox 2020 1463 2346 1524; x_wconf 78' lang='lat' dir='ltr'><strong>centuriam,</strong></span> <span class='ocrx_word' id='word_1_194' title='bbox 2382 1471 2438 1515; x_wconf 88' lang='lat' dir='ltr'><strong>et</strong></span> <span class='ocrx_word' id='word_1_195' title='bbox 2477 1462 2933 1529; x_wconf 29' lang='lat' dir='ltr'><strong>inte‘llectualium</strong></span> <span class='ocrx_word' id='word_1_196' title='bbox 2976 1462 3363 1517; x_wconf 81' lang='lat' dir='ltr'><strong>drachmarum</strong></span> 
     </span>
    </p>
   </div>
   <div class='ocr_carea' id='block_1_31' title="bbox 1803 1549 3362 1621">
    <p class='ocr_par' dir='ltr' id='par_1_31' title="bbox 1803 1549 3362 1621">
     <span class='ocr_line' id='line_1_31' title="bbox 1803 1549 3362 1621; baseline -0.002 -17"><span class='ocrx_word' id='word_1_197' title='bbox 1803 1553 2047 1621; x_wconf 74' lang='lat' dir='ltr'><strong>mysticae</strong></span> <span class='ocrx_word' id='word_1_198' title='bbox 2089 1550 2333 1611; x_wconf 90' lang='lat' dir='ltr'><strong>deeadis,</strong></span> <span class='ocrx_word' id='word_1_199' title='bbox 2393 1559 2451 1603; x_wconf 89' lang='lat' dir='ltr'><strong>ct</strong></span> <span class='ocrx_word' id='word_1_200' title='bbox 2485 1549 2721 1603; x_wconf 80' lang='lat' dir='ltr'><strong>filiorum</strong></span> <span class='ocrx_word' id='word_1_201' title='bbox 2780 1550 3097 1604; x_wconf 67' lang='lat' dir='ltr'><strong>honorifica:</strong></span> <span class='ocrx_word' id='word_1_202' title='bbox 3152 1550 3362 1619; x_wconf 80' lang='lat' dir='ltr'><strong>dyadis,</strong></span> 
     </span>
    </p>
   </div>
   <div class='ocr_carea' id='block_1_32' title="bbox 1804 1638 3365 1707">
    <p class='ocr_par' dir='ltr' id='par_1_32' title="bbox 1804 1638 3365 1707">
     <span class='ocr_line' id='line_1_32' title="bbox 1804 1638 3365 1707; baseline -0.002 -13"><span class='ocrx_word' id='word_1_203' title='bbox 1804 1642 1917 1694; x_wconf 87' lang='lat' dir='ltr'><strong>sive</strong></span> <span class='ocrx_word' id='word_1_204' title='bbox 1943 1641 2243 1694; x_wconf 88' lang='lat' dir='ltr'><strong>secundum</strong></span> <span class='ocrx_word' id='word_1_205' title='bbox 2279 1639 2653 1691; x_wconf 77' lang='lat' dir='ltr'><strong>membrorum</strong></span> <span class='ocrx_word' id='word_1_206' title='bbox 2688 1638 2935 1707; x_wconf 90' lang='lat' dir='ltr'><strong>corporis</strong></span> <span class='ocrx_word' id='word_1_207' title='bbox 2978 1639 3043 1692; x_wconf 88' lang='lat' dir='ltr'><strong>ad</strong></span> <span class='ocrx_word' id='word_1_208' title='bbox 3083 1639 3365 1707; x_wconf 90' lang='lat' dir='ltr'><strong>proprium</strong></span> 
     </span>
    </p>
   </div>
   <div class='ocr_carea' id='block_1_33' title="bbox 1806 1728 3368 1797">
    <p class='ocr_par' dir='ltr' id='par_1_33' title="bbox 1806 1728 3368 1797">
     <span class='ocr_line' id='line_1_33' title="bbox 1806 1728 3368 1797; baseline 0 -16"><span class='ocrx_word' id='word_1_209' title='bbox 1806 1737 1971 1797; x_wconf 87' lang='lat' dir='ltr'><strong>caput</strong></span> <span class='ocrx_word' id='word_1_210' title='bbox 2016 1742 2073 1781; x_wconf 89' lang='lat' dir='ltr'><strong>et</strong></span> <span class='ocrx_word' id='word_1_211' title='bbox 2126 1729 2191 1781; x_wconf 88' lang='lat' dir='ltr'><strong>ad</strong></span> <span class='ocrx_word' id='word_1_212' title='bbox 2234 1730 2509 1797; x_wconf 84' lang='lat' dir='ltr'><strong>propriam</strong></span> <span class='ocrx_word' id='word_1_213' title='bbox 2561 1728 2951 1781; x_wconf 86' lang='lat' dir='ltr'><strong>delibationem</strong></span> <span class='ocrx_word' id='word_1_214' title='bbox 2998 1744 3186 1782; x_wconf 68' lang='lat' dir='ltr'><strong>massae</strong></span> <span class='ocrx_word' id='word_1_215' title='bbox 3238 1744 3368 1782; x_wconf 52' lang='lat' dir='ltr'><strong>conc</strong></span> 
     </span>
    </p>
   </div>
   <div class='ocr_carea' id='block_1_34' title="bbox 1807 1817 3363 1887">
    <p class='ocr_par' dir='ltr' id='par_1_34' title="bbox 1807 1817 3363 1887">
     <span class='ocr_line' id='line_1_34' title="bbox 1807 1817 3363 1887; baseline -0.001 -17"><span class='ocrx_word' id='word_1_216' title='bbox 1807 1819 2200 1887; x_wconf 76' lang='lat' dir='ltr'><strong>gregationem,</strong></span> <span class='ocrx_word' id='word_1_217' title='bbox 2248 1818 2499 1885; x_wconf 86' lang='lat' dir='ltr'><strong>superior</strong></span> <span class='ocrx_word' id='word_1_218' title='bbox 2537 1817 2774 1870; x_wconf 89' lang='lat' dir='ltr'><strong>mundus</strong></span> <span class='ocrx_word' id='word_1_219' title='bbox 2803 1817 3169 1885; x_wconf 87' lang='lat' dir='ltr'><strong>complebitur</strong></span> <span class='ocrx_word' id='word_1_220' title='bbox 3200 1818 3363 1886; x_wconf 83' lang='lat' dir='ltr'><strong>plane</strong></span> 
     </span>
    </p>
   </div>
   <div class='ocr_carea' id='block_1_35' title="bbox 142 1898 1700 1982">
    <p class='ocr_par' dir='ltr' id='par_1_35' title="bbox 142 1910 1700 1982">
     <span class='ocr_line' id='line_1_35' title="bbox 142 1910 1700 1982; baseline -0.002 -18"><span class='ocrx_word' id='word_1_221' title='bbox 142 1913 240 1982; x_wconf 68' lang='grc' dir='ltr'>ἢδη</span> <span class='ocrx_word' id='word_1_222' title='bbox 271 1915 330 1964; x_wconf 80' lang='grc' dir='ltr'>ὲν</span> <span class='ocrx_word' id='word_1_223' title='bbox 371 1912 608 1982; x_wconf 81' lang='grc' dir='ltr'>Χριστῷ,</span> <span class='ocrx_word' id='word_1_224' title='bbox 654 1910 1144 1982; x_wconf 82' lang='grc' dir='ltr'>πληρωθησόμενος</span> <span class='ocrx_word' id='word_1_225' title='bbox 1188 1910 1245 1964; x_wconf 87' lang='grc' dir='ltr'>δὲ</span> <span class='ocrx_word' id='word_1_226' title='bbox 1291 1913 1350 1963; x_wconf 84' lang='grc' dir='ltr'>ὲν</span> <span class='ocrx_word' id='word_1_227' title='bbox 1398 1914 1510 1972; x_wconf 79' lang='grc' dir='ltr'>τοῖς</span> <span class='ocrx_word' id='word_1_228' title='bbox 1562 1910 1700 1962; x_wconf 83' lang='grc' dir='ltr'><strong>κατά</strong></span> 
     </span>
    </p>
   </div>
   <div class='ocr_carea' id='block_1_36' title="bbox 1802 1898 3363 1982">
    <p class='ocr_par' dir='ltr' id='par_1_36' title="bbox 1807 1907 3363 1976">
     <span class='ocr_line' id='line_1_36' title="bbox 1807 1907 3363 1976; baseline 0 -17"><span class='ocrx_word' id='word_1_229' title='bbox 1807 1907 2110 1960; x_wconf 87' lang='lat' dir='ltr'><strong>secundum</strong></span> <span class='ocrx_word' id='word_1_230' title='bbox 2150 1907 2494 1975; x_wconf 81' lang='lat' dir='ltr'><strong>magistrum,</strong></span> <span class='ocrx_word' id='word_1_231' title='bbox 2549 1907 2855 1975; x_wconf 84' lang='lat' dir='ltr'><strong>completus</strong></span> <span class='ocrx_word' id='word_1_232' title='bbox 2890 1909 3001 1976; x_wconf 88' lang='lat' dir='ltr'><strong>jam</strong></span> <span class='ocrx_word' id='word_1_233' title='bbox 3050 1908 3271 1975; x_wconf 88' lang='lat' dir='ltr'><strong>quidem</strong></span> <span class='ocrx_word' id='word_1_234' title='bbox 3307 1911 3363 1959; x_wconf 87' lang='lat' dir='ltr'><strong>in</strong></span> 
     </span>
    </p>
   </div>
   <div class='ocr_carea' id='block_1_37' title="bbox 142 1998 1701 2072">
    <p class='ocr_par' dir='ltr' id='par_1_37' title="bbox 142 1998 1701 2072">
     <span class='ocr_line' id='line_1_37' title="bbox 142 1998 1701 2072; baseline -0.002 -18"><span class='ocrx_word' id='word_1_235' title='bbox 142 2002 376 2072; x_wconf 70' lang='grc' dir='ltr'>Χριστὸν</span> <span class='ocrx_word' id='word_1_236' title='bbox 400 1998 554 2064; x_wconf 80' lang='grc' dir='ltr'>αὖθις</span> <span class='ocrx_word' id='word_1_237' title='bbox 581 2000 805 2071; x_wconf 80' lang='grc' dir='ltr'>ὕστερον</span> <span class='ocrx_word' id='word_1_238' title='bbox 827 2040 843 2063; x_wconf 95' lang='grc'><strong>,</strong></span> <span class='ocrx_word' id='word_1_239' title='bbox 880 2000 1040 2069; x_wconf 75' lang='grc' dir='ltr'>ἡνίκα</span> <span class='ocrx_word' id='word_1_240' title='bbox 1076 2000 1341 2069; x_wconf 79' lang='grc' dir='ltr'>σύμφυτοι</span> <span class='ocrx_word' id='word_1_241' title='bbox 1384 2002 1701 2069; x_wconf 81' lang='grc' dir='ltr'>γενήσονται</span> 
     </span>
    </p>
   </div>
   <div class='ocr_carea' id='block_1_38' title="bbox 143 2086 1697 2161">
    <p class='ocr_par' dir='ltr' id='par_1_38' title="bbox 143 2086 1697 2161">
     <span class='ocr_line' id='line_1_38' title="bbox 143 2086 1697 2161; baseline -0.004 -18"><span class='ocrx_word' id='word_1_242' title='bbox 143 2092 233 2143; x_wconf 73' lang='grc' dir='ltr'>καὶ</span> <span class='ocrx_word' id='word_1_243' title='bbox 264 2091 364 2159; x_wconf 74' lang='grc' dir='ltr'>τῆς</span> <span class='ocrx_word' id='word_1_244' title='bbox 398 2088 745 2149; x_wconf 82' lang='grc' dir='ltr'>ἀναστάσεως</span> <span class='ocrx_word' id='word_1_245' title='bbox 789 2087 955 2161; x_wconf 63' lang='grc' dir='ltr'>αυτοῦ</span> <span class='ocrx_word' id='word_1_246' title='bbox 1002 2088 1048 2119; x_wconf 82' lang='grc'><strong>⁸⁸</strong></span> <span class='ocrx_word' id='word_1_247' title='bbox 1096 2087 1212 2154; x_wconf 74' lang='grc' dir='ltr'>οῑγσ</span> <span class='ocrx_word' id='word_1_248' title='bbox 1259 2087 1336 2156; x_wconf 83' lang='grc' dir='ltr'>τῷ</span> <span class='ocrx_word' id='word_1_249' title='bbox 1392 2086 1697 2157; x_wconf 83' lang='grc' dir='ltr'>ὁμοιώματι</span> 
     </span>
    </p>
   </div>
   <div class='ocr_carea' id='block_1_39' title="bbox 142 2173 1701 2257">
    <p class='ocr_par' dir='ltr' id='par_1_39' title="bbox 142 2173 1701 2257">
     <span class='ocr_line' id='line_1_39' title="bbox 142 2173 1701 2257; baseline -0.001 -28"><span class='ocrx_word' id='word_1_250' title='bbox 142 2178 234 2229; x_wconf 81' lang='grc' dir='ltr'>τοῦ</span> <span class='ocrx_word' id='word_1_251' title='bbox 269 2178 498 2230; x_wconf 76' lang='grc' dir='ltr'>θανάτου</span> <span class='ocrx_word' id='word_1_252' title='bbox 535 2177 697 2229; x_wconf 81' lang='grc' dir='ltr'>αὐτοῦ</span> <span class='ocrx_word' id='word_1_253' title='bbox 732 2175 819 2229; x_wconf 83' lang='grc' dir='ltr'>διὰ</span> <span class='ocrx_word' id='word_1_254' title='bbox 845 2175 955 2228; x_wconf 86' lang='grc' dir='ltr'><strong>τῶν</strong></span> <span class='ocrx_word' id='word_1_255' title='bbox 997 2173 1177 2228; x_wconf 80' lang='grc' dir='ltr'>αὐτῶν</span> <span class='ocrx_word' id='word_1_256' title='bbox 1219 2174 1556 2246; x_wconf 74' lang='grc' dir='ltr'>παθημάτων</span> <span class='ocrx_word' id='word_1_257' title='bbox 1578 2173 1701 2257; x_wconf 38' lang='grc' dir='ltr'>’ήδη</span> 
     </span>
    </p>
   </div>
   <div class='ocr_carea' id='block_1_40' title="bbox 144 2268 1411 2334">
    <p class='ocr_par' dir='ltr' id='par_1_40' title="bbox 144 2268 1411 2334">
     <span class='ocr_line' id='line_1_40' title="bbox 144 2268 1411 2334; baseline 0 -17"><span class='ocrx_word' id='word_1_258' title='bbox 144 2268 444 2334; x_wconf 80' lang='grc' dir='ltr'>γεγονότες.</span> <span class='ocrx_word' id='word_1_259' title='bbox 1405 2284 1411 2291; x_wconf 61' lang='grc' dir='ltr'>δ</span> 
     </span>
    </p>
   </div>
   <div class='ocr_carea' id='block_1_41' title="bbox 152 2496 1702 2596">
    <p class='ocr_par' dir='ltr' id='par_1_41' title="bbox 152 2496 1702 2596">
     <span class='ocr_line' id='line_1_41' title="bbox 152 2496 1702 2596; baseline 0 -16"><span class='ocrx_word' id='word_1_260' title='bbox 152 2529 256 2580; x_wconf 72' lang='grc' dir='ltr'>Ἐκ</span> <span class='ocrx_word' id='word_1_261' title='bbox 282 2528 391 2581; x_wconf 86' lang='grc' dir='ltr'>τοῦ</span> <span class='ocrx_word' id='word_1_262' title='bbox 422 2527 606 2582; x_wconf 82' lang='grc' dir='ltr'>αὐτοῦ</span> <span class='ocrx_word' id='word_1_263' title='bbox 628 2529 831 2595; x_wconf 73' lang='grc' dir='ltr'>λόγου,</span> <span class='ocrx_word' id='word_1_264' title='bbox 855 2530 936 2593; x_wconf 80' lang='grc' dir='ltr'>εις</span> <span class='ocrx_word' id='word_1_265' title='bbox 972 2527 1040 2583; x_wconf 82' lang='grc' dir='ltr'>τό</span> <span class='ocrx_word' id='word_1_266' title='bbox 1059 2524 1113 2579; x_wconf 33' lang='grc' dir='ltr'><strong>’λι</strong></span> <span class='ocrx_word' id='word_1_267' title='bbox 1148 2496 1391 2581; x_wconf 68' lang='grc' dir='ltr'>Παιδίον·</span> <span class='ocrx_word' id='word_1_268' title='bbox 1413 2527 1702 2596; x_wconf 75' lang='grc' dir='ltr'><strong>ἐγεννήθη</strong></span> 
     </span>
    </p>
   </div>
   <div class='ocr_carea' id='block_1_42' title="bbox 208 2608 1702 2687">
    <p class='ocr_par' dir='ltr' id='par_1_42' title="bbox 208 2608 1702 2687">
     <span class='ocr_line' id='line_1_42' title="bbox 208 2608 1702 2687; baseline 0.001 -18"><span class='ocrx_word' id='word_1_269' title='bbox 208 2617 358 2683; x_wconf 76' lang='grc' dir='ltr'><strong>ἡμῖν</strong></span> <span class='ocrx_word' id='word_1_270' title='bbox 390 2618 515 2684; x_wconf 82' lang='grc' dir='ltr'><strong>Υίὸς</strong></span> <span class='ocrx_word' id='word_1_271' title='bbox 556 2617 654 2671; x_wconf 78' lang='grc' dir='ltr'>καὶ</span> <span class='ocrx_word' id='word_1_272' title='bbox 705 2608 881 2683; x_wconf 64' lang='grc' dir='ltr'>ἐδόθη</span> <span class='ocrx_word' id='word_1_273' title='bbox 922 2617 1083 2687; x_wconf 74' lang='grc' dir='ltr'>ἡμῖν,</span> <span class='ocrx_word' id='word_1_274' title='bbox 1119 2614 1194 2674; x_wconf 81' lang='grc' dir='ltr'>οὗ</span> <span class='ocrx_word' id='word_1_275' title='bbox 1242 2616 1396 2686; x_wconf 78' lang='grc' dir='ltr'>ἀρχὴ</span> <span class='ocrx_word' id='word_1_276' title='bbox 1443 2618 1541 2669; x_wconf 79' lang='grc' dir='ltr'><strong>ἐπὶ</strong></span> <span class='ocrx_word' id='word_1_277' title='bbox 1594 2618 1702 2671; x_wconf 83' lang='grc' dir='ltr'>τοῦ</span> 
     </span>
    </p>
   </div>
   <div class='ocr_carea' id='block_1_43' title="bbox 211 2704 1696 2775">
    <p class='ocr_par' dir='ltr' id='par_1_43' title="bbox 211 2704 1696 2775">
     <span class='ocr_line' id='line_1_43' title="bbox 211 2704 1696 2775; baseline -0.001 -17"><span class='ocrx_word' id='word_1_278' title='bbox 211 2707 372 2775; x_wconf 79' lang='grc' dir='ltr'>ὤμου</span> <span class='ocrx_word' id='word_1_279' title='bbox 393 2706 577 2760; x_wconf 84' lang='grc' dir='ltr'>αὑτοῦ</span> <span class='ocrx_word' id='word_1_280' title='bbox 602 2722 616 2736; x_wconf 87' lang='grc'><strong>·</strong></span> <span class='ocrx_word' id='word_1_281' title='bbox 632 2704 713 2769; x_wconf 83' lang='grc' dir='ltr'>τῷ</span> <span class='ocrx_word' id='word_1_282' title='bbox 725 2706 833 2774; x_wconf 80' lang='grc' dir='ltr'>γὰρ</span> <span class='ocrx_word' id='word_1_283' title='bbox 846 2705 1082 2774; x_wconf 79' lang='grc' dir='ltr'>σταυρῷ</span> <span class='ocrx_word' id='word_1_284' title='bbox 1095 2708 1514 2773; x_wconf 77' lang='grc' dir='ltr'>συνεπαίρεται</span> <span class='ocrx_word' id='word_1_285' title='bbox 1532 2707 1661 2775; x_wconf 74' lang='grc'><strong>(20).</strong></span> <span class='ocrx_word' id='word_1_286' title='bbox 1677 2726 1696 2757; x_wconf 83' lang='grc'><strong><em>›</em></strong></span> 
     </span>
    </p>
   </div>
   <div class='ocr_carea' id='block_1_44' title="bbox 214 2792 1699 2887">
    <p class='ocr_par' dir='ltr' id='par_1_44' title="bbox 214 2792 1699 2887">
     <span class='ocr_line' id='line_1_44' title="bbox 214 2792 1699 2887; baseline 0 -18"><span class='ocrx_word' id='word_1_287' title='bbox 214 2815 374 2877; x_wconf 86' lang='grc' dir='ltr'>Ὅλος</span> <span class='ocrx_word' id='word_1_288' title='bbox 414 2815 500 2868; x_wconf 77' lang='grc' dir='ltr'>διὰ</span> <span class='ocrx_word' id='word_1_289' title='bbox 530 2814 621 2867; x_wconf 82' lang='grc' dir='ltr'>τοῦ</span> <span class='ocrx_word' id='word_1_290' title='bbox 653 2815 814 2883; x_wconf 88' lang='grc' dir='ltr'>λόγου</span> <span class='ocrx_word' id='word_1_291' title='bbox 839 2817 917 2884; x_wconf 82' lang='grc' dir='ltr'>τῷ</span> <span class='ocrx_word' id='word_1_292' title='bbox 947 2792 1145 2885; x_wconf 77' lang='grc' dir='ltr'>πρῶτῳ</span> <span class='ocrx_word' id='word_1_293' title='bbox 1164 2817 1307 2886; x_wconf 83' lang='grc' dir='ltr'>λόγῳ</span> <span class='ocrx_word' id='word_1_294' title='bbox 1335 2818 1699 2887; x_wconf 81' lang='grc' dir='ltr'>προσθέμενος</span> 
     </span>
    </p>
   </div>
   <div class='ocr_carea' id='block_1_45' title="bbox 145 2904 1698 2974">
    <p class='ocr_par' dir='ltr' id='par_1_45' title="bbox 145 2904 1698 2974">
     <span class='ocr_line' id='line_1_45' title="bbox 145 2904 1698 2974; baseline -0.001 -17"><span class='ocrx_word' id='word_1_295' title='bbox 145 2908 282 2959; x_wconf 74' lang='grc' dir='ltr'>κατὲι</span> <span class='ocrx_word' id='word_1_296' title='bbox 309 2905 464 2970; x_wconf 80' lang='grc' dir='ltr'>λόγον</span> <span class='ocrx_word' id='word_1_297' title='bbox 511 2904 602 2957; x_wconf 80' lang='grc' dir='ltr'><strong>τὸν</strong></span> <span class='ocrx_word' id='word_1_298' title='bbox 641 2908 767 2974; x_wconf 76' lang='grc' dir='ltr'>περὶ</span> <span class='ocrx_word' id='word_1_299' title='bbox 808 2908 902 2957; x_wconf 78' lang='grc' dir='ltr'>τοῦ</span> <span class='ocrx_word' id='word_1_300' title='bbox 955 2904 1127 2971; x_wconf 78' lang='grc' dir='ltr'>Λόγου</span> <span class='ocrx_word' id='word_1_301' title='bbox 1189 2904 1342 2970; x_wconf 82' lang='grc' dir='ltr'>λόγον</span> <span class='ocrx_word' id='word_1_302' title='bbox 1398 2904 1456 2956; x_wconf 82' lang='grc' dir='ltr'>ὃν</span> <span class='ocrx_word' id='word_1_303' title='bbox 1524 2906 1698 2973; x_wconf 85' lang='grc' dir='ltr'>μέγας</span> 
     </span>
    </p>
   </div>
   <div class='ocr_carea' id='block_1_46' title="bbox 146 2993 1698 3065">
    <p class='ocr_par' dir='ltr' id='par_1_46' title="bbox 146 2993 1698 3065">
     <span class='ocr_line' id='line_1_46' title="bbox 146 2993 1698 3065; baseline -0.001 -18"><span class='ocrx_word' id='word_1_304' title='bbox 146 2997 429 3065; x_wconf 80' lang='grc' dir='ltr'>προφήτης</span> <span class='ocrx_word' id='word_1_305' title='bbox 474 2994 701 3058; x_wconf 73' lang='grc' dir='ltr'>Ἡσαΐας</span> <span class='ocrx_word' id='word_1_306' title='bbox 731 2997 960 3047; x_wconf 79' lang='grc' dir='ltr'>ποιεῖται</span> <span class='ocrx_word' id='word_1_307' title='bbox 1011 2995 1135 3062; x_wconf 76' lang='grc' dir='ltr'>περὶ</span> <span class='ocrx_word' id='word_1_308' title='bbox 1182 2993 1273 3046; x_wconf 76' lang='grc' dir='ltr'>τοῦ</span> <span class='ocrx_word' id='word_1_309' title='bbox 1328 2994 1698 3063; x_wconf 85' lang='grc' dir='ltr'>σαρκωθέντος</span> 
     </span>
    </p>
   </div>
   <div class='ocr_carea' id='block_1_47' title="bbox 1807 1993 3365 2064">
    <p class='ocr_par' dir='ltr' id='par_1_47' title="bbox 1807 1993 3365 2064">
     <span class='ocr_line' id='line_1_47' title="bbox 1807 1993 3365 2064; baseline 0 -16"><span class='ocrx_word' id='word_1_310' title='bbox 1807 1993 2046 2057; x_wconf 85' lang='lat' dir='ltr'><strong>Christo,</strong></span> <span class='ocrx_word' id='word_1_311' title='bbox 2098 1996 2454 2064; x_wconf 87' lang='lat' dir='ltr'><strong>complendus</strong></span> <span class='ocrx_word' id='word_1_312' title='bbox 2504 2010 2635 2049; x_wconf 89' lang='lat' dir='ltr'><strong>vero</strong></span> <span class='ocrx_word' id='word_1_313' title='bbox 2690 2012 2885 2049; x_wconf 89' lang='lat' dir='ltr'><strong>rursus</strong></span> <span class='ocrx_word' id='word_1_314' title='bbox 2931 2008 3119 2064; x_wconf 88' lang='lat' dir='ltr'><strong>postea</strong></span> <span class='ocrx_word' id='word_1_315' title='bbox 3172 1997 3227 2050; x_wconf 90' lang='lat' dir='ltr'><strong>in</strong></span> <span class='ocrx_word' id='word_1_316' title='bbox 3284 1999 3365 2049; x_wconf 76' lang='lat' dir='ltr'><strong>eis</strong></span> 
     </span>
    </p>
   </div>
   <div class='ocr_carea' id='block_1_48' title="bbox 1798 2083 3363 2152">
    <p class='ocr_par' dir='ltr' id='par_1_48' title="bbox 1798 2083 3363 2152">
     <span class='ocr_line' id='line_1_48' title="bbox 1798 2083 3363 2152; baseline 0.004 -17"><span class='ocrx_word' id='word_1_317' title='bbox 1798 2083 1894 2152; x_wconf 85' lang='lat' dir='ltr'><strong>qui</strong></span> <span class='ocrx_word' id='word_1_318' title='bbox 1940 2084 2247 2138; x_wconf 83' lang='lat' dir='ltr'><strong>secundum</strong></span> <span class='ocrx_word' id='word_1_319' title='bbox 2290 2084 2574 2138; x_wconf 88' lang='lat' dir='ltr'><strong>Christum</strong></span> <span class='ocrx_word' id='word_1_320' title='bbox 2607 2092 2754 2145; x_wconf 89' lang='lat' dir='ltr'><strong>sunt,</strong></span> <span class='ocrx_word' id='word_1_321' title='bbox 2791 2085 2880 2137; x_wconf 91' lang='lat' dir='ltr'><strong>ubi</strong></span> <span class='ocrx_word' id='word_1_322' title='bbox 2908 2087 3215 2140; x_wconf 84' lang='lat' dir='ltr'><strong>coalescent</strong></span> <span class='ocrx_word' id='word_1_323' title='bbox 3238 2102 3363 2141; x_wconf 86' lang='lat' dir='ltr'><strong>eum</strong></span> 
     </span>
    </p>
   </div>
   <div class='ocr_carea' id='block_1_49' title="bbox 1798 2174 3365 2245">
    <p class='ocr_par' dir='ltr' id='par_1_49' title="bbox 1798 2174 3365 2245">
     <span class='ocr_line' id='line_1_49' title="bbox 1798 2174 3365 2245; baseline 0.001 -17"><span class='ocrx_word' id='word_1_324' title='bbox 1798 2187 1866 2228; x_wconf 89' lang='lat' dir='ltr'><strong>eo</strong></span> <span class='ocrx_word' id='word_1_325' title='bbox 1892 2181 1968 2237; x_wconf 84' lang='lat' dir='ltr'><strong>et,</strong></span> <span class='ocrx_word' id='word_1_326' title='bbox 2005 2174 2100 2242; x_wconf 88' lang='lat' dir='ltr'><strong>qui</strong></span> <span class='ocrx_word' id='word_1_327' title='bbox 2152 2176 2353 2230; x_wconf 87' lang='lat' dir='ltr'><strong>mortis</strong></span> <span class='ocrx_word' id='word_1_328' title='bbox 2402 2176 2523 2245; x_wconf 88' lang='lat' dir='ltr'><strong>ejus</strong></span> <span class='ocrx_word' id='word_1_329' title='bbox 2579 2175 2943 2229; x_wconf 81' lang='lat' dir='ltr'><strong>similitudine</strong></span> <span class='ocrx_word' id='word_1_330' title='bbox 2979 2176 3198 2230; x_wconf 90' lang='lat' dir='ltr'><strong>easdem</strong></span> <span class='ocrx_word' id='word_1_331' title='bbox 3242 2193 3365 2244; x_wconf 82' lang='lat' dir='ltr'><strong>pas-</strong></span> 
     </span>
    </p>
   </div>
   <div class='ocr_carea' id='block_1_50' title="bbox 1799 2248 3366 2334">
    <p class='ocr_par' dir='ltr' id='par_1_50' title="bbox 1799 2248 3366 2334">
     <span class='ocr_line' id='line_1_50' title="bbox 1799 2248 3366 2334; baseline 0.001 -17"><span class='ocrx_word' id='word_1_332' title='bbox 1799 2264 1983 2318; x_wconf 88' lang='lat' dir='ltr'><strong>siones</strong></span> <span class='ocrx_word' id='word_1_333' title='bbox 2001 2265 2115 2334; x_wconf 88' lang='lat' dir='ltr'><strong>jam</strong></span> <span class='ocrx_word' id='word_1_334' title='bbox 2153 2271 2282 2318; x_wconf 86' lang='lat' dir='ltr'><strong>sunt</strong></span> <span class='ocrx_word' id='word_1_335' title='bbox 2309 2248 2542 2334; x_wconf 77' lang='lat' dir='ltr'><strong>experti,</strong></span> <span class='ocrx_word' id='word_1_336' title='bbox 2577 2265 2745 2317; x_wconf 84' lang='lat' dir='ltr'><strong>etiam</strong></span> <span class='ocrx_word' id='word_1_337' title='bbox 2802 2265 3219 2319; x_wconf 89' lang='lat' dir='ltr'><strong>resurrectionis</strong></span> <span class='ocrx_word' id='word_1_338' title='bbox 3248 2266 3366 2333; x_wconf 84' lang='lat' dir='ltr'><strong>ejus</strong></span> 
     </span>
    </p>
   </div>
   <div class='ocr_carea' id='block_1_51' title="bbox 1801 2351 2299 2423">
    <p class='ocr_par' dir='ltr' id='par_1_51' title="bbox 1801 2351 2299 2423">
     <span class='ocr_line' id='line_1_51' title="bbox 1801 2351 2299 2423; baseline 0 -18"><span class='ocrx_word' id='word_1_339' title='bbox 1801 2351 1935 2406; x_wconf 83' lang='lat' dir='ltr'><strong>ﬁent</strong></span> <span class='ocrx_word' id='word_1_340' title='bbox 1986 2352 2299 2423; x_wconf 88' lang='lat' dir='ltr'><strong>participes.</strong></span> 
     </span>
    </p>
   </div>
   <div class='ocr_carea' id='block_1_52' title="bbox 1810 2527 3354 2596">
    <p class='ocr_par' dir='ltr' id='par_1_52' title="bbox 1810 2527 3354 2596">
     <span class='ocr_line' id='line_1_52' title="bbox 1810 2527 3354 2596; baseline -0.003 -12"><span class='ocrx_word' id='word_1_341' title='bbox 1810 2532 1891 2585; x_wconf 72' lang='lat' dir='ltr'><strong>Ea:</strong></span> <span class='ocrx_word' id='word_1_342' title='bbox 1929 2531 2105 2583; x_wconf 81' lang='lat' dir='ltr'><strong>eodem</strong></span> <span class='ocrx_word' id='word_1_343' title='bbox 2125 2530 2378 2596; x_wconf 72' lang='lat' dir='ltr'><strong>sermone,</strong></span> <span class='ocrx_word' id='word_1_344' title='bbox 2408 2530 2461 2580; x_wconf 82' lang='lat' dir='ltr'><strong>in</strong></span> <span class='ocrx_word' id='word_1_345' title='bbox 2486 2528 2619 2580; x_wconf 79' lang='lat' dir='ltr'><strong>illud</strong></span> <span class='ocrx_word' id='word_1_346' title='bbox 2646 2546 2663 2582; x_wconf 91' lang='lat'><em>:</em></span> <span class='ocrx_word' id='word_1_347' title='bbox 2707 2548 2724 2577; x_wconf 74' lang='grc' dir='ltr'><strong>ι</strong></span> <span class='ocrx_word' id='word_1_348' title='bbox 2756 2527 2893 2581; x_wconf 76' lang='lat' dir='ltr'><strong>Puer</strong></span> <span class='ocrx_word' id='word_1_349' title='bbox 2916 2529 3056 2581; x_wconf 68' lang='lat' dir='ltr'><strong>nobis</strong></span> <span class='ocrx_word' id='word_1_350' title='bbox 3083 2537 3235 2582; x_wconf 76' lang='lat' dir='ltr'><strong>natus</strong></span> <span class='ocrx_word' id='word_1_351' title='bbox 3260 2541 3354 2592; x_wconf 60' lang='lat' dir='ltr'><strong>est,</strong></span> 
     </span>
    </p>
   </div>
   <div class='ocr_carea' id='block_1_53' title="bbox 1875 2604 3366 2688">
    <p class='ocr_par' dir='ltr' id='par_1_53' title="bbox 1875 2604 3366 2688">
     <span class='ocr_line' id='line_1_53' title="bbox 1875 2604 3366 2688; baseline -0.004 -14"><span class='ocrx_word' id='word_1_352' title='bbox 1875 2631 1922 2675; x_wconf 81' lang='lat' dir='ltr'><strong>ct</strong></span> <span class='ocrx_word' id='word_1_353' title='bbox 1951 2620 2093 2688; x_wconf 72' lang='lat' dir='ltr'><strong>ﬁlius</strong></span> <span class='ocrx_word' id='word_1_354' title='bbox 2129 2604 2283 2672; x_wconf 76' lang='lat' dir='ltr'><strong>datus</strong></span> <span class='ocrx_word' id='word_1_355' title='bbox 2321 2614 2395 2677; x_wconf 56' lang='lat' dir='ltr'><strong>etsi</strong></span> <span class='ocrx_word' id='word_1_356' title='bbox 2440 2620 2605 2680; x_wconf 83' lang='lat' dir='ltr'><strong>nobis,</strong></span> <span class='ocrx_word' id='word_1_357' title='bbox 2652 2620 2802 2688; x_wconf 74' lang='lat' dir='ltr'><strong>cujus</strong></span> <span class='ocrx_word' id='word_1_358' title='bbox 2842 2609 3161 2687; x_wconf 77' lang='lat' dir='ltr'><strong>principatus</strong></span> <span class='ocrx_word' id='word_1_359' title='bbox 3208 2635 3366 2687; x_wconf 61' lang='lat' dir='ltr'><strong>super</strong></span> 
     </span>
    </p>
   </div>
   <div class='ocr_carea' id='block_1_54' title="bbox 1875 2703 3234 2877">
    <p class='ocr_par' dir='ltr' id='par_1_54' title="bbox 1875 2703 3234 2877">
     <span class='ocr_line' id='line_1_54' title="bbox 1875 2703 3234 2877; baseline -0.003 -116"><span class='ocrx_word' id='word_1_360' title='bbox 1875 2711 2149 2762; x_wconf 74' lang='lat' dir='ltr'><strong>humerum</strong></span> <span class='ocrx_word' id='word_1_361' title='bbox 2186 2710 2330 2778; x_wconf 77' lang='lat' dir='ltr'><strong>ejus;</strong></span> <span class='ocrx_word' id='word_1_362' title='bbox 2361 2703 2490 2877; x_wconf 39' lang='grc' dir='ltr'>ἔπι</span> <span class='ocrx_word' id='word_1_363' title='bbox 2532 2724 2683 2759; x_wconf 76' lang='lat' dir='ltr'><strong>cruce</strong></span> <span class='ocrx_word' id='word_1_364' title='bbox 2729 2710 2864 2758; x_wconf 80' lang='lat' dir='ltr'><strong>enim</strong></span> <span class='ocrx_word' id='word_1_365' title='bbox 2897 2707 3183 2759; x_wconf 69' lang='lat' dir='ltr'><strong>extollitur.</strong></span> <span class='ocrx_word' id='word_1_366' title='bbox 3217 2727 3234 2757; x_wconf 74' lang='grc' dir='ltr'><strong>ι</strong></span> 
     </span>
     <span class='ocr_line' id='line_1_55' title="bbox 1875 2818 3234 2877; baseline -0.001 -5"><span class='ocrx_word' id='word_1_367' title='bbox 1875 2820 2040 2873; x_wconf 86' lang='lat' dir='ltr'><strong>Plane</strong></span> <span class='ocrx_word' id='word_1_368' title='bbox 2069 2836 2169 2877; x_wconf 82' lang='lat' dir='ltr'><strong>per</strong></span> <span class='ocrx_word' id='word_1_369' title='bbox 2208 2836 2354 2874; x_wconf 89' lang='lat' dir='ltr'><strong>scrm</strong></span> <span class='ocrx_word' id='word_1_370' title='bbox 2435 2836 2518 2873; x_wconf 86' lang='lat' dir='ltr'><strong>em</strong></span> <span class='ocrx_word' id='word_1_371' title='bbox 2546 2821 2834 2871; x_wconf 74' lang='lat' dir='ltr'><strong>sententia:</strong></span> <span class='ocrx_word' id='word_1_372' title='bbox 2856 2818 3023 2877; x_wconf 76' lang='lat' dir='ltr'><strong>priori</strong></span> <span class='ocrx_word' id='word_1_373' title='bbox 3063 2819 3234 2877; x_wconf 71' lang='lat' dir='ltr'><strong>adEun;</strong></span> 
     </span>
    </p>
   </div>
   <div class='ocr_carea' id='block_1_55' title="bbox 1874 2818 3365 2889">
    <p class='ocr_par' dir='ltr' id='par_1_55' title="bbox 1874 2818 3365 2889">
     <span class='ocr_line' id='line_1_56' title="bbox 1874 2818 3365 2889; baseline 0.001 -17"><span class='ocrx_word' id='word_1_374' title='bbox 1874 2820 2040 2873; x_wconf 86' lang='lat' dir='ltr'><strong>Plane</strong></span> <span class='ocrx_word' id='word_1_375' title='bbox 2069 2836 2169 2889; x_wconf 90' lang='lat' dir='ltr'><strong>per</strong></span> <span class='ocrx_word' id='word_1_376' title='bbox 2208 2818 2518 2877; x_wconf 66' lang='lat' dir='ltr'><strong>sermonem</strong></span> <span class='ocrx_word' id='word_1_377' title='bbox 2546 2821 2834 2871; x_wconf 70' lang='lat' dir='ltr'><strong>sententia:</strong></span> <span class='ocrx_word' id='word_1_378' title='bbox 2856 2818 3023 2886; x_wconf 78' lang='lat' dir='ltr'><strong>priori</strong></span> <span class='ocrx_word' id='word_1_379' title='bbox 3063 2819 3365 2889; x_wconf 71' lang='lat' dir='ltr'><strong>adjungcns</strong></span> 
     </span>
    </p>
   </div>
   <div class='ocr_carea' id='block_1_56' title="bbox 1804 2908 3362 2978">
    <p class='ocr_par' dir='ltr' id='par_1_56' title="bbox 1804 2908 3362 2978">
     <span class='ocr_line' id='line_1_57' title="bbox 1804 2908 3362 2978; baseline 0.001 -17"><span class='ocrx_word' id='word_1_380' title='bbox 1804 2908 2103 2965; x_wconf 85' lang='lat' dir='ltr'><strong>secundum</strong></span> <span class='ocrx_word' id='word_1_381' title='bbox 2140 2909 2394 2961; x_wconf 83' lang='lat' dir='ltr'><strong>ordinem</strong></span> <span class='ocrx_word' id='word_1_382' title='bbox 2424 2908 2553 2977; x_wconf 80' lang='lat' dir='ltr'><strong>illud</strong></span> <span class='ocrx_word' id='word_1_383' title='bbox 2584 2908 2651 2959; x_wconf 91' lang='lat' dir='ltr'><strong>dc</strong></span> <span class='ocrx_word' id='word_1_384' title='bbox 2689 2908 2951 2961; x_wconf 80' lang='lat' dir='ltr'><strong>Sermone</strong></span> <span class='ocrx_word' id='word_1_385' title='bbox 2980 2910 3183 2963; x_wconf 75' lang='lat' dir='ltr'><strong>dictum</strong></span> <span class='ocrx_word' id='word_1_386' title='bbox 3217 2910 3362 2978; x_wconf 81' lang='lat' dir='ltr'><strong>quod</strong></span> 
     </span>
    </p>
   </div>
   <div class='ocr_carea' id='block_1_57' title="bbox 1804 2997 3366 3070">
    <p class='ocr_par' dir='ltr' id='par_1_57' title="bbox 1804 2997 3366 3070">
     <span class='ocr_line' id='line_1_58' title="bbox 1804 2997 3366 3070; baseline 0.001 -21"><span class='ocrx_word' id='word_1_387' title='bbox 1804 3012 2036 3066; x_wconf 80' lang='lat' dir='ltr'><strong>magnus</strong></span> <span class='ocrx_word' id='word_1_388' title='bbox 2093 2999 2364 3067; x_wconf 90' lang='lat' dir='ltr'><strong>propheta</strong></span> <span class='ocrx_word' id='word_1_389' title='bbox 2426 2999 2592 3051; x_wconf 73' lang='lat' dir='ltr'><strong>Isaias</strong></span> <span class='ocrx_word' id='word_1_390' title='bbox 2641 2998 2707 3050; x_wconf 88' lang='lat' dir='ltr'><strong>de</strong></span> <span class='ocrx_word' id='word_1_391' title='bbox 2777 2997 3044 3054; x_wconf 77' lang='lat' dir='ltr'><strong>Sermone</strong></span> <span class='ocrx_word' id='word_1_392' title='bbox 3098 3002 3189 3070; x_wconf 84' lang='lat' dir='ltr'><strong>qui</strong></span> <span class='ocrx_word' id='word_1_393' title='bbox 3239 3018 3366 3055; x_wconf 82' lang='lat' dir='ltr'><strong>eam</strong></span> 
     </span>
    </p>
   </div>
   <div class='ocr_carea' id='block_1_58' title="bbox 145 3079 1700 3161">
    <p class='ocr_par' dir='ltr' id='par_1_58' title="bbox 145 3079 1696 3155">
     <span class='ocr_line' id='line_1_59' title="bbox 145 3079 1696 3155; baseline 0.002 -19"><span class='ocrx_word' id='word_1_394' title='bbox 145 3085 339 3151; x_wconf 82' lang='grc' dir='ltr'>Λόγου,</span> <span class='ocrx_word' id='word_1_395' title='bbox 377 3084 651 3154; x_wconf 80' lang='grc' dir='ltr'>μυστικῶς</span> <span class='ocrx_word' id='word_1_396' title='bbox 687 3084 885 3155; x_wconf 82' lang='grc' dir='ltr'>φήσας,</span> <span class='ocrx_word' id='word_1_397' title='bbox 914 3079 997 3138; x_wconf 82' lang='grc' dir='ltr'><strong>Οὗ</strong></span> <span class='ocrx_word' id='word_1_398' title='bbox 1048 3085 1086 3151; x_wconf 73' lang='grc' dir='ltr'>ἠ</span> <span class='ocrx_word' id='word_1_399' title='bbox 1139 3084 1183 3116; x_wconf 80' lang='grc'><strong>³³</strong></span> <span class='ocrx_word' id='word_1_400' title='bbox 1233 3084 1389 3153; x_wconf 78' lang='grc' dir='ltr'>ἀρχὴ</span> <span class='ocrx_word' id='word_1_401' title='bbox 1439 3085 1536 3138; x_wconf 75' lang='grc' dir='ltr'><strong>ἐπὶ</strong></span> <span class='ocrx_word' id='word_1_402' title='bbox 1590 3084 1696 3139; x_wconf 83' lang='grc' dir='ltr'>τοῦ</span> 
     </span>
    </p>
   </div>
   <div class='ocr_carea' id='block_1_59' title="bbox 1802 3079 3367 3161">
    <p class='ocr_par' dir='ltr' id='par_1_59' title="bbox 1802 3082 3367 3161">
     <span class='ocr_line' id='line_1_60' title="bbox 1802 3082 3367 3161; baseline 0.003 -20"><span class='ocrx_word' id='word_1_403' title='bbox 1802 3087 1976 3142; x_wconf 74' lang='lat' dir='ltr'><strong>factus</strong></span> <span class='ocrx_word' id='word_1_404' title='bbox 2010 3097 2095 3141; x_wconf 89' lang='lat' dir='ltr'><strong>est</strong></span> <span class='ocrx_word' id='word_1_405' title='bbox 2142 3088 2372 3157; x_wconf 79' lang='lat' dir='ltr'><strong>profert,</strong></span> <span class='ocrx_word' id='word_1_406' title='bbox 2407 3082 2634 3158; x_wconf 72' lang='lat' dir='ltr'><strong>mystice</strong></span> <span class='ocrx_word' id='word_1_407' title='bbox 2680 3089 2918 3143; x_wconf 79' lang='lat' dir='ltr'><strong>dicens:</strong></span> <span class='ocrx_word' id='word_1_408' title='bbox 2967 3091 3130 3160; x_wconf 65' lang='lat' dir='ltr'><strong>Cujus</strong></span> <span class='ocrx_word' id='word_1_409' title='bbox 3170 3096 3367 3161; x_wconf 74' lang='lat' dir='ltr'><strong>primi-</strong></span> 
     </span>
    </p>
   </div>
   <div class='ocr_carea' id='block_1_60' title="bbox 142 3172 1696 3244">
    <p class='ocr_par' dir='ltr' id='par_1_60' title="bbox 142 3172 1696 3244">
     <span class='ocr_line' id='line_1_61' title="bbox 142 3172 1696 3244; baseline 0.001 -19"><span class='ocrx_word' id='word_1_410' title='bbox 142 3173 301 3241; x_wconf 83' lang='grc' dir='ltr'>ὢμου</span> <span class='ocrx_word' id='word_1_411' title='bbox 339 3174 546 3238; x_wconf 81' lang='grc' dir='ltr'>αὐτοῦ,</span> <span class='ocrx_word' id='word_1_412' title='bbox 584 3173 941 3239; x_wconf 84' lang='grc' dir='ltr'>συνοπτικῶς,</span> <span class='ocrx_word' id='word_1_413' title='bbox 978 3172 1047 3237; x_wconf 74' lang='grc' dir='ltr'>ὡς</span> <span class='ocrx_word' id='word_1_414' title='bbox 1090 3172 1208 3238; x_wconf 77' lang='grc' dir='ltr'>ἔθος</span> <span class='ocrx_word' id='word_1_415' title='bbox 1239 3174 1384 3244; x_wconf 81' lang='grc' dir='ltr'>αὐτῷ</span> <span class='ocrx_word' id='word_1_416' title='bbox 1408 3176 1546 3237; x_wconf 81' lang='grc' dir='ltr'>ἐστι,</span> <span class='ocrx_word' id='word_1_417' title='bbox 1577 3175 1696 3227; x_wconf 89' lang='grc' dir='ltr'>τίνα</span> 
     </span>
    </p>
   </div>
   <div class='ocr_carea' id='block_1_61' title="bbox 144 3264 1695 3341">
    <p class='ocr_par' dir='ltr' id='par_1_61' title="bbox 144 3264 1695 3341">
     <span class='ocr_line' id='line_1_62' title="bbox 144 3264 1695 3341; baseline 0.002 -26"><span class='ocrx_word' id='word_1_418' title='bbox 144 3266 238 3331; x_wconf 75' lang='grc' dir='ltr'><strong>τὴν</strong></span> <span class='ocrx_word' id='word_1_419' title='bbox 270 3266 443 3333; x_wconf 79' lang='grc' dir='ltr'>ἀρχὴν</span> <span class='ocrx_word' id='word_1_420' title='bbox 468 3264 668 3335; x_wconf 84' lang='grc' dir='ltr'>ταύτην</span> <span class='ocrx_word' id='word_1_421' title='bbox 715 3265 825 3331; x_wconf 73' lang='grc' dir='ltr'>δεῖν</span> <span class='ocrx_word' id='word_1_422' title='bbox 886 3264 1087 3318; x_wconf 80' lang='grc' dir='ltr'>οἴεσθαι</span> <span class='ocrx_word' id='word_1_423' title='bbox 1137 3265 1290 3341; x_wconf 64' lang='grc' dir='ltr'>ρέμες</span> <span class='ocrx_word' id='word_1_424' title='bbox 1342 3264 1695 3336; x_wconf 88' lang='grc' dir='ltr'>διετράνωσεν</span> 
     </span>
    </p>
   </div>
   <div class='ocr_carea' id='block_1_62' title="bbox 147 3334 1696 3424">
    <p class='ocr_par' dir='ltr' id='par_1_62' title="bbox 147 3334 1696 3424">
     <span class='ocr_line' id='line_1_63' title="bbox 147 3334 1696 3424; baseline -0.003 -14"><span class='ocrx_word' id='word_1_425' title='bbox 147 3352 325 3421; x_wconf 76' lang='grc'><strong>(212</strong></span> <span class='ocrx_word' id='word_1_426' title='bbox 376 3353 427 3422; x_wconf 75' lang='grc' dir='ltr'><strong>ὁ)</strong></span> <span class='ocrx_word' id='word_1_427' title='bbox 483 3356 511 3406; x_wconf 97' lang='lat'><strong>6</strong></span> <span class='ocrx_word' id='word_1_428' title='bbox 557 3354 728 3423; x_wconf 79' lang='grc' dir='ltr'>μέγας</span> <span class='ocrx_word' id='word_1_429' title='bbox 779 3349 933 3417; x_wconf 72' lang='grc' dir='ltr'>οὗτος</span> <span class='ocrx_word' id='word_1_430' title='bbox 964 3334 1297 3417; x_wconf 67' lang='grc' dir='ltr'>διδάσκαλος,</span> <span class='ocrx_word' id='word_1_431' title='bbox 1325 3334 1512 3407; x_wconf 80' lang='grc' dir='ltr'>εἰπών·</span> <span class='ocrx_word' id='word_1_432' title='bbox 1552 3374 1570 3404; x_wconf 79' lang='grc' dir='ltr'><strong>ι</strong></span> <span class='ocrx_word' id='word_1_433' title='bbox 1606 3355 1696 3424; x_wconf 82' lang='grc' dir='ltr'><strong>Τῷ</strong></span> 
     </span>
    </p>
   </div>
   <div class='ocr_carea' id='block_1_63' title="bbox 144 3444 1697 3515">
    <p class='ocr_par' dir='ltr' id='par_1_63' title="bbox 144 3444 1697 3515">
     <span class='ocr_line' id='line_1_64' title="bbox 144 3444 1697 3515; baseline 0.002 -20"><span class='ocrx_word' id='word_1_434' title='bbox 144 3444 249 3512; x_wconf 76' lang='grc' dir='ltr'><strong>γὰρ</strong></span> <span class='ocrx_word' id='word_1_435' title='bbox 284 3444 506 3514; x_wconf 82' lang='grc' dir='ltr'>σταυρῷ</span> <span class='ocrx_word' id='word_1_436' title='bbox 537 3444 941 3515; x_wconf 85' lang='grc' dir='ltr'>συνεπαίρεται.</span> <span class='ocrx_word' id='word_1_437' title='bbox 978 3463 996 3495; x_wconf 73' lang='grc' dir='ltr'><strong>ι</strong></span> <span class='ocrx_word' id='word_1_438' title='bbox 1039 3445 1176 3497; x_wconf 85' lang='grc' dir='ltr'>Ἀλλ’</span> <span class='ocrx_word' id='word_1_439' title='bbox 1218 3446 1404 3513; x_wconf 75' lang='grc' dir='ltr'>ἐπειδὴ</span> <span class='ocrx_word' id='word_1_440' title='bbox 1441 3446 1638 3507; x_wconf 82' lang='grc' dir='ltr'>πολλὰς</span> <span class='ocrx_word' id='word_1_441' title='bbox 1668 3448 1697 3498; x_wconf 90' lang='lat'><strong>6</strong></span> 
     </span>
    </p>
   </div>
   <div class='ocr_carea' id='block_1_64' title="bbox 147 3533 1694 3604">
    <p class='ocr_par' dir='ltr' id='par_1_64' title="bbox 147 3533 1694 3604">
     <span class='ocr_line' id='line_1_65' title="bbox 147 3533 1694 3604; baseline -0.001 -18"><span class='ocrx_word' id='word_1_442' title='bbox 147 3535 377 3604; x_wconf 79' lang='grc' dir='ltr'>σταυρὸς</span> <span class='ocrx_word' id='word_1_443' title='bbox 428 3537 543 3596; x_wconf 84' lang='grc' dir='ltr'>ταῖς</span> <span class='ocrx_word' id='word_1_444' title='bbox 590 3535 719 3604; x_wconf 80' lang='grc' dir='ltr'>περὶ</span> <span class='ocrx_word' id='word_1_445' title='bbox 755 3534 916 3588; x_wconf 79' lang='grc' dir='ltr'>αὑτὸν</span> <span class='ocrx_word' id='word_1_446' title='bbox 943 3533 1205 3596; x_wconf 76' lang='grc' dir='ltr'>ἐπινοίαις</span> <span class='ocrx_word' id='word_1_447' title='bbox 1226 3533 1529 3602; x_wconf 73' lang='grc' dir='ltr'>ἐπιδέχεται</span> <span class='ocrx_word' id='word_1_448' title='bbox 1559 3535 1694 3585; x_wconf 84' lang='grc' dir='ltr'>θεω-</span> 
     </span>
    </p>
   </div>
   <div class='ocr_carea' id='block_1_65' title="bbox 148 3621 1697 3692">
    <p class='ocr_par' dir='ltr' id='par_1_65' title="bbox 148 3621 1697 3692">
     <span class='ocr_line' id='line_1_66' title="bbox 148 3621 1697 3692; baseline -0.012 -2"><span class='ocrx_word' id='word_1_449' title='bbox 148 3624 286 3692; x_wconf 75' lang='grc' dir='ltr'>ρίας,</span> <span class='ocrx_word' id='word_1_450' title='bbox 334 3624 482 3688; x_wconf 78' lang='grc' dir='ltr'>ἄξιόν</span> <span class='ocrx_word' id='word_1_451' title='bbox 526 3626 641 3676; x_wconf 79' lang='grc' dir='ltr'>ἐστι</span> <span class='ocrx_word' id='word_1_452' title='bbox 688 3624 917 3692; x_wconf 79' lang='grc' dir='ltr'>ζητῆσαι</span> <span class='ocrx_word' id='word_1_453' title='bbox 958 3622 1099 3674; x_wconf 88' lang='grc' dir='ltr'><strong>κατά</strong></span> <span class='ocrx_word' id='word_1_454' title='bbox 1134 3621 1293 3674; x_wconf 89' lang='grc' dir='ltr'>ποίαν</span> <span class='ocrx_word' id='word_1_455' title='bbox 1329 3623 1568 3674; x_wconf 72' lang='grc' dir='ltr'>ἐπίνοιαν</span> <span class='ocrx_word' id='word_1_456' title='bbox 1605 3622 1697 3673; x_wconf 62' lang='grc' dir='ltr'><strong>τὴν</strong></span> 
     </span>
    </p>
   </div>
   <div class='ocr_carea' id='block_1_66' title="bbox 148 3698 1693 3781">
    <p class='ocr_par' dir='ltr' id='par_1_66' title="bbox 148 3698 1693 3781">
     <span class='ocr_line' id='line_1_67' title="bbox 148 3698 1693 3781; baseline 0.001 -19"><span class='ocrx_word' id='word_1_457' title='bbox 148 3713 378 3781; x_wconf 77' lang='grc' dir='ltr'>σταυρὸν</span> <span class='ocrx_word' id='word_1_458' title='bbox 419 3712 511 3763; x_wconf 73' lang='grc' dir='ltr'><strong>ἐπὶ</strong></span> <span class='ocrx_word' id='word_1_459' title='bbox 540 3709 632 3764; x_wconf 74' lang='grc' dir='ltr'>τοῦ</span> <span class='ocrx_word' id='word_1_460' title='bbox 664 3712 929 3781; x_wconf 85' lang='grc' dir='ltr'>παρόντος</span> <span class='ocrx_word' id='word_1_461' title='bbox 956 3710 1126 3780; x_wconf 83' lang='grc' dir='ltr'>ἀρχὴν</span> <span class='ocrx_word' id='word_1_462' title='bbox 1152 3712 1191 3762; x_wconf 79' lang='grc' dir='ltr'><strong>’ὁ</strong></span> <span class='ocrx_word' id='word_1_463' title='bbox 1213 3698 1528 3771; x_wconf 83' lang='grc' dir='ltr'>διδάσκαλος</span> <span class='ocrx_word' id='word_1_464' title='bbox 1554 3704 1693 3763; x_wconf 82' lang='grc' dir='ltr'>εἷπε.</span> 
     </span>
    </p>
   </div>
   <div class='ocr_carea' id='block_1_67' title="bbox 146 3797 1695 3871">
    <p class='ocr_par' dir='ltr' id='par_1_67' title="bbox 146 3797 1695 3871">
     <span class='ocr_line' id='line_1_68' title="bbox 146 3797 1695 3871; baseline -0.001 -21"><span class='ocrx_word' id='word_1_465' title='bbox 146 3798 437 3869; x_wconf 79' lang='grc' dir='ltr'>Θεωρεῖται</span> <span class='ocrx_word' id='word_1_466' title='bbox 478 3801 586 3871; x_wconf 76' lang='grc' dir='ltr'>γὰρ</span> <span class='ocrx_word' id='word_1_467' title='bbox 621 3803 650 3853; x_wconf 92' lang='lat'><strong>6</strong></span> <span class='ocrx_word' id='word_1_468' title='bbox 682 3800 912 3870; x_wconf 85' lang='grc' dir='ltr'>σταυρὸς</span> <span class='ocrx_word' id='word_1_469' title='bbox 929 3799 1071 3853; x_wconf 83' lang='grc' dir='ltr'><strong>κατά</strong></span> <span class='ocrx_word' id='word_1_470' title='bbox 1102 3798 1311 3868; x_wconf 80' lang='grc' dir='ltr'>σχῆμα,</span> <span class='ocrx_word' id='word_1_471' title='bbox 1330 3798 1482 3852; x_wconf 67' lang='grc' dir='ltr'>’κατά</span> <span class='ocrx_word' id='word_1_472' title='bbox 1509 3797 1695 3849; x_wconf 72' lang='grc' dir='ltr'>σύνθε-</span> 
     </span>
    </p>
   </div>
   <div class='ocr_carea' id='block_1_68' title="bbox 148 3886 1697 3964">
    <p class='ocr_par' dir='ltr' id='par_1_68' title="bbox 148 3886 1697 3964">
     <span class='ocr_line' id='line_1_69' title="bbox 148 3886 1697 3964; baseline -0.001 -22"><span class='ocrx_word' id='word_1_473' title='bbox 148 3905 250 3953; x_wconf 88' lang='grc' dir='ltr'>σιν,</span> <span class='ocrx_word' id='word_1_474' title='bbox 290 3890 428 3941; x_wconf 79' lang='grc' dir='ltr'><strong>κατά</strong></span> <span class='ocrx_word' id='word_1_475' title='bbox 454 3891 555 3960; x_wconf 74' lang='grc' dir='ltr'><strong>τὴν</strong></span> <span class='ocrx_word' id='word_1_476' title='bbox 598 3890 707 3943; x_wconf 90' lang='grc' dir='ltr'><strong>τῶν</strong></span> <span class='ocrx_word' id='word_1_477' title='bbox 744 3900 923 3961; x_wconf 81' lang='grc' dir='ltr'>μερῶν</span> <span class='ocrx_word' id='word_1_478' title='bbox 968 3889 1223 3958; x_wconf 76' lang='grc' dir='ltr'>ἰδιότητα,</span> <span class='ocrx_word' id='word_1_479' title='bbox 1263 3888 1356 3941; x_wconf 77' lang='grc' dir='ltr'>καὶ</span> <span class='ocrx_word' id='word_1_480' title='bbox 1394 3886 1514 3964; x_wconf 48' lang='grc' dir='ltr'>κατέ</span> <span class='ocrx_word' id='word_1_481' title='bbox 1543 3886 1697 3959; x_wconf 76' lang='grc' dir='ltr'>ἐνέρ-</span> 
     </span>
    </p>
   </div>
   <div class='ocr_carea' id='block_1_69' title="bbox 118 3970 1698 4052">
    <p class='ocr_par' dir='ltr' id='par_1_69' title="bbox 118 3970 1698 4052">
     <span class='ocr_line' id='line_1_70' title="bbox 118 3970 1698 4052; baseline 0.001 -22"><span class='ocrx_word' id='word_1_482' title='bbox 118 3995 295 4052; x_wconf 31' lang='grc' dir='ltr'>,γειαν</span> <span class='ocrx_word' id='word_1_483' title='bbox 328 3979 423 4031; x_wconf 79' lang='grc' dir='ltr'>καὶ</span> <span class='ocrx_word' id='word_1_484' title='bbox 454 3970 572 4032; x_wconf 85' lang='grc' dir='ltr'>κατ’</span> <span class='ocrx_word' id='word_1_485' title='bbox 609 3981 771 4043; x_wconf 77' lang='grc' dir='ltr'>ἄλλας</span> <span class='ocrx_word' id='word_1_486' title='bbox 808 3979 1007 4042; x_wconf 77' lang='grc' dir='ltr'>πολλὰς</span> <span class='ocrx_word' id='word_1_487' title='bbox 1038 3978 1297 4042; x_wconf 76' lang='grc' dir='ltr'>ἐπινοίας,</span> <span class='ocrx_word' id='word_1_488' title='bbox 1340 3979 1397 4031; x_wconf 76' lang='grc' dir='ltr'>αἶ</span> <span class='ocrx_word' id='word_1_489' title='bbox 1441 3979 1552 4040; x_wconf 84' lang='grc' dir='ltr'>τοῖς</span> <span class='ocrx_word' id='word_1_490' title='bbox 1589 3977 1698 4032; x_wconf 88' lang='grc' dir='ltr'><strong>τῶν</strong></span> 
     </span>
    </p>
   </div>
   <div class='ocr_carea' id='block_1_70' title="bbox 149 4065 1697 4137">
    <p class='ocr_par' dir='ltr' id='par_1_70' title="bbox 149 4065 1697 4137">
     <span class='ocr_line' id='line_1_71' title="bbox 149 4065 1697 4137; baseline 0.001 -19"><span class='ocrx_word' id='word_1_491' title='bbox 149 4068 301 4120; x_wconf 77' lang='grc' dir='ltr'>θείων</span> <span class='ocrx_word' id='word_1_492' title='bbox 328 4066 706 4137; x_wconf 80' lang='grc' dir='ltr'>φιλοθεάμοσίν</span> <span class='ocrx_word' id='word_1_493' title='bbox 734 4070 870 4121; x_wconf 76' lang='grc' dir='ltr'>εἰσιν</span> <span class='ocrx_word' id='word_1_494' title='bbox 914 4067 1125 4137; x_wconf 83' lang='grc' dir='ltr'>ὁραταί.</span> <span class='ocrx_word' id='word_1_495' title='bbox 1173 4065 1325 4118; x_wconf 84' lang='grc' dir='ltr'>Κατά</span> <span class='ocrx_word' id='word_1_496' title='bbox 1355 4066 1535 4135; x_wconf 86' lang='grc' dir='ltr'>σχῆμα</span> <span class='ocrx_word' id='word_1_497' title='bbox 1576 4067 1697 4136; x_wconf 81' lang='grc' dir='ltr'>μὲν,</span> 
     </span>
    </p>
   </div>
   <div class='ocr_carea' id='block_1_71' title="bbox 148 4152 1700 4223">
    <p class='ocr_par' dir='ltr' id='par_1_71' title="bbox 148 4152 1700 4223">
     <span class='ocr_line' id='line_1_72' title="bbox 148 4152 1700 4223; baseline 0 -17"><span class='ocrx_word' id='word_1_498' title='bbox 148 4155 219 4218; x_wconf 82' lang='grc' dir='ltr'>ὡς</span> <span class='ocrx_word' id='word_1_499' title='bbox 238 4156 363 4209; x_wconf 65' lang='grc' dir='ltr'>ὃταν</span> <span class='ocrx_word' id='word_1_500' title='bbox 388 4154 487 4223; x_wconf 80' lang='grc' dir='ltr'>τὴν</span> <span class='ocrx_word' id='word_1_501' title='bbox 505 4152 571 4206; x_wconf 67' lang='grc' dir='ltr'>τὰ</span> <span class='ocrx_word' id='word_1_502' title='bbox 595 4152 711 4216; x_wconf 82' lang='grc' dir='ltr'>ὅλα,</span> <span class='ocrx_word' id='word_1_503' title='bbox 747 4154 816 4204; x_wconf 79' lang='grc' dir='ltr'><strong>τά</strong></span> <span class='ocrx_word' id='word_1_504' title='bbox 843 4171 901 4206; x_wconf 90' lang='grc' dir='ltr'><strong>τε</strong></span> <span class='ocrx_word' id='word_1_505' title='bbox 931 4156 1041 4209; x_wconf 82' lang='grc' dir='ltr'><strong>ἀνω</strong></span> <span class='ocrx_word' id='word_1_506' title='bbox 1069 4155 1162 4207; x_wconf 78' lang='grc' dir='ltr'><strong>καὶ</strong></span> <span class='ocrx_word' id='word_1_507' title='bbox 1185 4153 1253 4205; x_wconf 80' lang='grc' dir='ltr'><strong>τά</strong></span> <span class='ocrx_word' id='word_1_508' title='bbox 1281 4152 1431 4205; x_wconf 84' lang='grc' dir='ltr'>κάτω</span> <span class='ocrx_word' id='word_1_509' title='bbox 1460 4154 1545 4220; x_wconf 82' lang='grc' dir='ltr'><strong>ἐφ’</strong></span> <span class='ocrx_word' id='word_1_510' title='bbox 1570 4155 1700 4206; x_wconf 80' lang='grc' dir='ltr'>ἑκά-</span> 
     </span>
    </p>
   </div>
   <div class='ocr_carea' id='block_1_72' title="bbox 148 4244 1699 4317">
    <p class='ocr_par' dir='ltr' id='par_1_72' title="bbox 148 4244 1699 4317">
     <span class='ocr_line' id='line_1_73' title="bbox 148 4244 1699 4317; baseline -0.002 -17"><span class='ocrx_word' id='word_1_511' title='bbox 148 4264 295 4317; x_wconf 85' lang='grc' dir='ltr'>τερα,</span> <span class='ocrx_word' id='word_1_512' title='bbox 320 4250 434 4311; x_wconf 77' lang='grc' dir='ltr'>τοῖς</span> <span class='ocrx_word' id='word_1_513' title='bbox 460 4246 580 4299; x_wconf 77' lang='grc' dir='ltr'>καθ’</span> <span class='ocrx_word' id='word_1_514' title='bbox 608 4244 747 4299; x_wconf 84' lang='grc' dir='ltr'><strong>αὑτά</strong></span> <span class='ocrx_word' id='word_1_515' title='bbox 776 4245 970 4314; x_wconf 84' lang='grc' dir='ltr'>πέρασι</span> <span class='ocrx_word' id='word_1_516' title='bbox 1000 4246 1464 4316; x_wconf 74' lang='grc' dir='ltr'>διαλαμϐάνουσαν</span> <span class='ocrx_word' id='word_1_517' title='bbox 1484 4248 1511 4297; x_wconf 92' lang='lat'><strong>6</strong></span> <span class='ocrx_word' id='word_1_518' title='bbox 1539 4262 1699 4298; x_wconf 78' lang='grc' dir='ltr'>σταυ-</span> 
     </span>
    </p>
   </div>
   <div class='ocr_carea' id='block_1_73' title="bbox 154 4334 1700 4409">
    <p class='ocr_par' dir='ltr' id='par_1_73' title="bbox 154 4334 1700 4409">
     <span class='ocr_line' id='line_1_74' title="bbox 154 4334 1700 4409; baseline -0.003 -17"><span class='ocrx_word' id='word_1_519' title='bbox 154 4338 238 4407; x_wconf 80' lang='grc' dir='ltr'><strong>ρὸς</strong></span> <span class='ocrx_word' id='word_1_520' title='bbox 268 4337 663 4409; x_wconf 86' lang='grc' dir='ltr'>θεωρούμενος,</span> <span class='ocrx_word' id='word_1_521' title='bbox 690 4334 1038 4403; x_wconf 78' lang='grc' dir='ltr'>ὑποσημαίνῃ</span> <span class='ocrx_word' id='word_1_522' title='bbox 1083 4335 1309 4404; x_wconf 83' lang='grc' dir='ltr'>δύναμιν</span> <span class='ocrx_word' id='word_1_523' title='bbox 1344 4350 1359 4365; x_wconf 78' lang='grc' dir='ltr'><strong>ο</strong></span> <span class='ocrx_word' id='word_1_524' title='bbox 1404 4334 1545 4389; x_wconf 76' lang='grc' dir='ltr'>κατὰ</span> <span class='ocrx_word' id='word_1_525' title='bbox 1577 4334 1700 4387; x_wconf 79' lang='grc' dir='ltr'>σύν-</span> 
     </span>
    </p>
   </div>
   <div class='ocr_carea' id='block_1_74' title="bbox 152 4423 1695 4501">
    <p class='ocr_par' dir='ltr' id='par_1_74' title="bbox 152 4423 1695 4501">
     <span class='ocr_line' id='line_1_75' title="bbox 152 4423 1695 4501; baseline -0.002 -22"><span class='ocrx_word' id='word_1_526' title='bbox 152 4427 293 4481; x_wconf 79' lang='grc' dir='ltr'>θεσιν</span> <span class='ocrx_word' id='word_1_527' title='bbox 312 4430 391 4493; x_wconf 76' lang='grc' dir='ltr'>δὲ,</span> <span class='ocrx_word' id='word_1_528' title='bbox 424 4428 499 4491; x_wconf 84' lang='grc' dir='ltr'>ὡς</span> <span class='ocrx_word' id='word_1_529' title='bbox 528 4428 656 4480; x_wconf 82' lang='grc' dir='ltr'>ὃταν</span> <span class='ocrx_word' id='word_1_530' title='bbox 697 4423 885 4480; x_wconf 74' lang='grc' dir='ltr'>οὐσίαν</span> <span class='ocrx_word' id='word_1_531' title='bbox 923 4424 1017 4476; x_wconf 73' lang='grc' dir='ltr'><strong>καὶ</strong></span> <span class='ocrx_word' id='word_1_532' title='bbox 1063 4424 1470 4501; x_wconf 42' lang='grc' dir='ltr'><strong>’τιτρόνοιανπκαξιΔ</strong></span> <span class='ocrx_word' id='word_1_533' title='bbox 1494 4425 1695 4494; x_wconf 88' lang='grc' dir='ltr'>κρίσιν,</span> 
     </span>
    </p>
   </div>
   <div class='ocr_carea' id='block_1_75' title="bbox 153 4498 1695 4583">
    <p class='ocr_par' dir='ltr' id='par_1_75' title="bbox 153 4498 1695 4583">
     <span class='ocr_line' id='line_1_76' title="bbox 153 4498 1695 4583; baseline -0.003 -14"><span class='ocrx_word' id='word_1_534' title='bbox 153 4515 314 4583; x_wconf 69' lang='grc' dir='ltr'>ἤγουν</span> <span class='ocrx_word' id='word_1_535' title='bbox 333 4516 432 4579; x_wconf 81' lang='grc' dir='ltr'>τὰς</span> <span class='ocrx_word' id='word_1_536' title='bbox 452 4515 653 4569; x_wconf 73' lang='grc' dir='ltr'>τούτων</span> <span class='ocrx_word' id='word_1_537' title='bbox 679 4515 989 4583; x_wconf 77' lang='grc' dir='ltr'>ὲκφάνσεις.</span> <span class='ocrx_word' id='word_1_538' title='bbox 1027 4511 1217 4583; x_wconf 70' lang='grc' dir='ltr'>σοφίαν</span> <span class='ocrx_word' id='word_1_539' title='bbox 1250 4513 1391 4581; x_wconf 78' lang='grc' dir='ltr'>φημὶ</span> <span class='ocrx_word' id='word_1_540' title='bbox 1424 4498 1518 4567; x_wconf 73' lang='grc' dir='ltr'>καὶ</span> <span class='ocrx_word' id='word_1_541' title='bbox 1553 4513 1695 4580; x_wconf 79' lang='grc' dir='ltr'>γνῶο</span> 
     </span>
    </p>
   </div>
   <div class='ocr_carea' id='block_1_76' title="bbox 155 4600 1701 4676">
    <p class='ocr_par' dir='ltr' id='par_1_76' title="bbox 155 4600 1701 4676">
     <span class='ocr_line' id='line_1_77' title="bbox 155 4600 1701 4676; baseline 0 -21"><span class='ocrx_word' id='word_1_542' title='bbox 155 4619 234 4655; x_wconf 89' lang='grc' dir='ltr'><strong>σιν</strong></span> <span class='ocrx_word' id='word_1_543' title='bbox 262 4607 356 4658; x_wconf 84' lang='grc' dir='ltr'><strong>καί</strong></span> <span class='ocrx_word' id='word_1_544' title='bbox 375 4606 573 4676; x_wconf 81' lang='grc' dir='ltr'>ἀρετὴν</span> <span class='ocrx_word' id='word_1_545' title='bbox 600 4603 699 4672; x_wconf 81' lang='grc' dir='ltr'>τῆς</span> <span class='ocrx_word' id='word_1_546' title='bbox 734 4604 794 4656; x_wconf 84' lang='grc' dir='ltr'><strong>τὸ</strong></span> <span class='ocrx_word' id='word_1_547' title='bbox 842 4604 949 4655; x_wconf 77' lang='grc' dir='ltr'>πᾶν</span> <span class='ocrx_word' id='word_1_548' title='bbox 994 4600 1282 4669; x_wconf 78' lang='grc' dir='ltr'>ὃιεπούσης</span> <span class='ocrx_word' id='word_1_549' title='bbox 1334 4603 1571 4673; x_wconf 79' lang='grc' dir='ltr'>ὲμφαίνῃ</span> <span class='ocrx_word' id='word_1_550' title='bbox 1609 4604 1701 4655; x_wconf 84' lang='grc' dir='ltr'>δυ-</span> 
     </span>
    </p>
   </div>
   <div class='ocr_carea' id='block_1_77' title="bbox 154 4688 1701 4764">
    <p class='ocr_par' dir='ltr' id='par_1_77' title="bbox 154 4688 1701 4764">
     <span class='ocr_line' id='line_1_78' title="bbox 154 4688 1701 4764; baseline 0.001 -21"><span class='ocrx_word' id='word_1_551' title='bbox 154 4692 389 4760; x_wconf 83' lang='grc' dir='ltr'>νάμεως,</span> <span class='ocrx_word' id='word_1_552' title='bbox 417 4694 515 4764; x_wconf 77' lang='grc' dir='ltr'>τὴν</span> <span class='ocrx_word' id='word_1_553' title='bbox 536 4693 634 4764; x_wconf 80' lang='grc' dir='ltr'><strong>μὲν</strong></span> <span class='ocrx_word' id='word_1_554' title='bbox 655 4692 839 4745; x_wconf 82' lang='grc' dir='ltr'>οὐσίαν</span> <span class='ocrx_word' id='word_1_555' title='bbox 866 4691 959 4745; x_wconf 76' lang='grc' dir='ltr'>καὶ</span> <span class='ocrx_word' id='word_1_556' title='bbox 980 4689 1073 4760; x_wconf 74' lang='grc' dir='ltr'>τὴν</span> <span class='ocrx_word' id='word_1_557' title='bbox 1104 4688 1295 4757; x_wconf 63' lang='grc' dir='ltr'>σοςςίαν</span> <span class='ocrx_word' id='word_1_558' title='bbox 1317 4689 1391 4751; x_wconf 86' lang='grc' dir='ltr'>ὼς</span> <span class='ocrx_word' id='word_1_559' title='bbox 1414 4693 1701 4762; x_wconf 74' lang='grc' dir='ltr'>ποιητικὴν</span> 
     </span>
    </p>
   </div>
   <div class='ocr_carea' id='block_1_78' title="bbox 154 4776 1701 4851">
    <p class='ocr_par' dir='ltr' id='par_1_78' title="bbox 154 4776 1701 4851">
     <span class='ocr_line' id='line_1_79' title="bbox 154 4776 1701 4851; baseline 0 -18"><span class='ocrx_word' id='word_1_560' title='bbox 154 4780 238 4833; x_wconf 79' lang='grc' dir='ltr'>διὰ</span> <span class='ocrx_word' id='word_1_561' title='bbox 256 4782 355 4850; x_wconf 80' lang='grc' dir='ltr'>τῆς</span> <span class='ocrx_word' id='word_1_562' title='bbox 380 4782 658 4851; x_wconf 78' lang='grc' dir='ltr'>ὑψιτσνοῢς</span> <span class='ocrx_word' id='word_1_563' title='bbox 680 4781 961 4851; x_wconf 79' lang='grc' dir='ltr'>γραμμῆς,</span> <span class='ocrx_word' id='word_1_564' title='bbox 994 4779 1099 4848; x_wconf 78' lang='grc' dir='ltr'>,τὴν</span> <span class='ocrx_word' id='word_1_565' title='bbox 1123 4778 1178 4831; x_wconf 75' lang='grc' dir='ltr'>δὲ</span> <span class='ocrx_word' id='word_1_566' title='bbox 1208 4776 1459 4846; x_wconf 77' lang='grc' dir='ltr'>πρόνοιαν</span> <span class='ocrx_word' id='word_1_567' title='bbox 1485 4779 1577 4830; x_wconf 76' lang='grc' dir='ltr'>καὶ</span> <span class='ocrx_word' id='word_1_568' title='bbox 1602 4780 1701 4848; x_wconf 79' lang='grc' dir='ltr'>τὴν</span> 
     </span>
    </p>
   </div>
   <div class='ocr_carea' id='block_1_79' title="bbox 158 4866 1697 4941">
    <p class='ocr_par' dir='ltr' id='par_1_79' title="bbox 158 4866 1697 4941">
     <span class='ocr_line' id='line_1_80' title="bbox 158 4866 1697 4941; baseline -0.001 -20"><span class='ocrx_word' id='word_1_569' title='bbox 158 4869 349 4937; x_wconf 86' lang='grc' dir='ltr'>γνῶσιν</span> <span class='ocrx_word' id='word_1_570' title='bbox 384 4868 460 4933; x_wconf 86' lang='grc' dir='ltr'><strong>ῶς</strong></span> <span class='ocrx_word' id='word_1_571' title='bbox 486 4869 901 4941; x_wconf 74' lang='grc' dir='ltr'>περιποιητικὴν</span> <span class='ocrx_word' id='word_1_572' title='bbox 926 4869 1017 4931; x_wconf 75' lang='grc' dir='ltr'>διὰ</span> <span class='ocrx_word' id='word_1_573' title='bbox 1048 4869 1143 4937; x_wconf 81' lang='grc' dir='ltr'>τῆς</span> <span class='ocrx_word' id='word_1_574' title='bbox 1172 4866 1487 4935; x_wconf 70' lang='grc' dir='ltr'>ἐγκαρσίας,</span> <span class='ocrx_word' id='word_1_575' title='bbox 1519 4867 1697 4936; x_wconf 82' lang='grc' dir='ltr'>τὴνδὲ</span> 
     </span>
    </p>
   </div>
   <div class='ocr_carea' id='block_1_80' title="bbox 160 4956 1702 5032">
    <p class='ocr_par' dir='ltr' id='par_1_80' title="bbox 160 4956 1702 5032">
     <span class='ocr_line' id='line_1_81' title="bbox 160 4956 1702 5032; baseline -0.002 -19"><span class='ocrx_word' id='word_1_576' title='bbox 160 4960 331 5029; x_wconf 84' lang='grc' dir='ltr'>κρίσιν</span> <span class='ocrx_word' id='word_1_577' title='bbox 364 4959 461 5012; x_wconf 77' lang='grc' dir='ltr'>καὶ</span> <span class='ocrx_word' id='word_1_578' title='bbox 504 4960 597 5032; x_wconf 75' lang='grc' dir='ltr'>τὴν</span> <span class='ocrx_word' id='word_1_579' title='bbox 630 4960 828 5032; x_wconf 79' lang='grc' dir='ltr'>ἀρετὴν</span> <span class='ocrx_word' id='word_1_580' title='bbox 877 4959 952 5021; x_wconf 83' lang='grc' dir='ltr'>ὡς</span> <span class='ocrx_word' id='word_1_581' title='bbox 984 4958 1181 5021; x_wconf 85' lang='grc' dir='ltr'>κακίας</span> <span class='ocrx_word' id='word_1_582' title='bbox 1210 4956 1576 5026; x_wconf 81' lang='grc' dir='ltr'>ἀναιρετικὴν,</span> <span class='ocrx_word' id='word_1_583' title='bbox 1608 4959 1702 5010; x_wconf 76' lang='grc' dir='ltr'>καὶ</span> 
     </span>
    </p>
   </div>
   <div class='ocr_carea' id='block_1_81' title="bbox 160 5046 1702 5120">
    <p class='ocr_par' dir='ltr' id='par_1_81' title="bbox 160 5046 1702 5120">
     <span class='ocr_line' id='line_1_82' title="bbox 160 5046 1702 5120; baseline -0.003 -18"><span class='ocrx_word' id='word_1_584' title='bbox 160 5049 255 5118; x_wconf 82' lang='grc' dir='ltr'>τῆς</span> <span class='ocrx_word' id='word_1_585' title='bbox 284 5049 394 5102; x_wconf 89' lang='grc' dir='ltr'><strong>τῶν</strong></span> <span class='ocrx_word' id='word_1_586' title='bbox 442 5051 820 5120; x_wconf 69' lang='grc' dir='ltr'>πεποιημένων</span> <span class='ocrx_word' id='word_1_587' title='bbox 867 5049 961 5101; x_wconf 77' lang='grc' dir='ltr'>καὶ</span> <span class='ocrx_word' id='word_1_588' title='bbox 1016 5046 1527 5117; x_wconf 79' lang='grc' dir='ltr'>περιπεποιημένων</span> <span class='ocrx_word' id='word_1_589' title='bbox 1565 5048 1702 5110; x_wconf 70' lang='grc' dir='ltr'>πρὸς</span> 
     </span>
    </p>
   </div>
   <div class='ocr_carea' id='block_1_82' title="bbox 162 5135 1698 5209">
    <p class='ocr_par' dir='ltr' id='par_1_82' title="bbox 162 5135 1698 5209">
     <span class='ocr_line' id='line_1_83' title="bbox 162 5135 1698 5209; baseline -0.002 -19"><span class='ocrx_word' id='word_1_590' title='bbox 162 5137 255 5206; x_wconf 74' lang='grc' dir='ltr'><strong>τὴν</strong></span> <span class='ocrx_word' id='word_1_591' title='bbox 288 5139 422 5193; x_wconf 80' lang='grc' dir='ltr'>ίδίαν</span> <span class='ocrx_word' id='word_1_592' title='bbox 451 5138 623 5209; x_wconf 78' lang='grc' dir='ltr'>ἀρχὴν</span> <span class='ocrx_word' id='word_1_593' title='bbox 654 5140 743 5193; x_wconf 75' lang='grc' dir='ltr'>καὶ</span> <span class='ocrx_word' id='word_1_594' title='bbox 776 5138 953 5193; x_wconf 78' lang='grc' dir='ltr'>αἰτίαν</span> <span class='ocrx_word' id='word_1_595' title='bbox 974 5136 1286 5208; x_wconf 78' lang='grc' dir='ltr'>συνδετικὴν</span> <span class='ocrx_word' id='word_1_596' title='bbox 1314 5137 1403 5189; x_wconf 81' lang='grc' dir='ltr'>διὰ</span> <span class='ocrx_word' id='word_1_597' title='bbox 1431 5135 1524 5187; x_wconf 83' lang='grc' dir='ltr'>τοῦ</span> <span class='ocrx_word' id='word_1_598' title='bbox 1542 5135 1698 5188; x_wconf 67' lang='grc' dir='ltr'>δλου·</span> 
     </span>
    </p>
   </div>
   <div class='ocr_carea' id='block_1_83' title="bbox 166 5224 1703 5300">
    <p class='ocr_par' dir='ltr' id='par_1_83' title="bbox 166 5224 1703 5300">
     <span class='ocr_line' id='line_1_84' title="bbox 166 5224 1703 5300; baseline -0.001 -23"><span class='ocrx_word' id='word_1_599' title='bbox 166 5228 298 5281; x_wconf 80' lang='grc' dir='ltr'><strong>κατά</strong></span> <span class='ocrx_word' id='word_1_600' title='bbox 320 5229 377 5282; x_wconf 69' lang='grc' dir='ltr'>δὲ</span> <span class='ocrx_word' id='word_1_601' title='bbox 401 5228 499 5298; x_wconf 77' lang='grc' dir='ltr'>τὴν</span> <span class='ocrx_word' id='word_1_602' title='bbox 526 5228 634 5280; x_wconf 87' lang='grc' dir='ltr'><strong>τῶν</strong></span> <span class='ocrx_word' id='word_1_603' title='bbox 668 5229 847 5300; x_wconf 85' lang='grc' dir='ltr'>μερῶν</span> <span class='ocrx_word' id='word_1_604' title='bbox 884 5227 1138 5297; x_wconf 74' lang='grc' dir='ltr'>ἰδιότητα,</span> <span class='ocrx_word' id='word_1_605' title='bbox 1176 5228 1305 5280; x_wconf 77' lang='grc' dir='ltr'>ὅταν</span> <span class='ocrx_word' id='word_1_606' title='bbox 1338 5226 1425 5280; x_wconf 82' lang='grc' dir='ltr'>διὰ</span> <span class='ocrx_word' id='word_1_607' title='bbox 1469 5224 1567 5295; x_wconf 75' lang='grc' dir='ltr'>μὲν</span> <span class='ocrx_word' id='word_1_608' title='bbox 1604 5224 1703 5293; x_wconf 77' lang='grc' dir='ltr'>τῆς</span> 
     </span>
    </p>
   </div>
   <div class='ocr_carea' id='block_1_84' title="bbox 243 5359 552 5425">
    <p class='ocr_par' dir='ltr' id='par_1_84' title="bbox 243 5359 552 5425">
     <span class='ocr_line' id='line_1_85' title="bbox 243 5359 552 5425; baseline -0.01 -8"><span class='ocrx_word' id='word_1_609' title='bbox 243 5360 385 5417; x_wconf 62' lang='lat' dir='ltr'><strong>Ilua.</strong></span> <span class='ocrx_word' id='word_1_610' title='bbox 416 5359 552 5425; x_wconf 80' lang='lat' dir='ltr'><strong>rx,6</strong></span> 
     </span>
    </p>
   </div>
   <div class='ocr_carea' id='block_1_85' title="bbox 176 5608 334 5665">
    <p class='ocr_par' dir='ltr' id='par_1_85' title="bbox 176 5608 334 5665">
     <span class='ocr_line' id='line_1_86' title="bbox 176 5608 334 5665; baseline -0.019 0"><span class='ocrx_word' id='word_1_611' title='bbox 176 5608 334 5665; x_wconf 77' lang='lat' dir='ltr'><strong>curis.</strong></span> 
     </span>
    </p>
   </div>
   <div class='ocr_carea' id='block_1_86' title="bbox 1800 3181 3356 3249">
    <p class='ocr_par' dir='ltr' id='par_1_86' title="bbox 1800 3181 3356 3249">
     <span class='ocr_line' id='line_1_87' title="bbox 1800 3181 3356 3249; baseline 0.006 -19"><span class='ocrx_word' id='word_1_612' title='bbox 1800 3187 1951 3248; x_wconf 76' lang='lat' dir='ltr'><strong>palus</strong></span> <span class='ocrx_word' id='word_1_613' title='bbox 1988 3195 2146 3248; x_wconf 79' lang='lat' dir='ltr'><strong>super</strong></span> <span class='ocrx_word' id='word_1_614' title='bbox 2188 3181 2461 3232; x_wconf 77' lang='lat' dir='ltr'><strong>humerum</strong></span> <span class='ocrx_word' id='word_1_615' title='bbox 2502 3181 2613 3249; x_wconf 77' lang='lat' dir='ltr'><strong>ejus</strong></span> <span class='ocrx_word' id='word_1_616' title='bbox 2655 3193 2702 3243; x_wconf 75' lang='grc' dir='ltr'><strong>ι,</strong></span> <span class='ocrx_word' id='word_1_617' title='bbox 2747 3182 3059 3249; x_wconf 84' lang='lat' dir='ltr'><strong>perspicue,</strong></span> <span class='ocrx_word' id='word_1_618' title='bbox 3105 3192 3165 3235; x_wconf 90' lang='lat' dir='ltr'><strong>ut</strong></span> <span class='ocrx_word' id='word_1_619' title='bbox 3205 3184 3356 3239; x_wconf 85' lang='lat' dir='ltr'><strong>solet.</strong></span> 
     </span>
    </p>
   </div>
   <div class='ocr_carea' id='block_1_87' title="bbox 1798 3268 3358 3338">
    <p class='ocr_par' dir='ltr' id='par_1_87' title="bbox 1798 3268 3358 3338">
     <span class='ocr_line' id='line_1_88' title="bbox 1798 3268 3358 3338; baseline 0.003 -18"><span class='ocrx_word' id='word_1_620' title='bbox 1798 3268 1890 3321; x_wconf 87' lang='lat' dir='ltr'><strong>hic</strong></span> <span class='ocrx_word' id='word_1_621' title='bbox 1924 3283 2153 3338; x_wconf 75' lang='lat' dir='ltr'><strong>magnus</strong></span> <span class='ocrx_word' id='word_1_622' title='bbox 2192 3268 2472 3337; x_wconf 82' lang='lat' dir='ltr'><strong>magister,</strong></span> <span class='ocrx_word' id='word_1_623' title='bbox 2520 3268 2741 3335; x_wconf 88' lang='lat' dir='ltr'><strong>quinam</strong></span> <span class='ocrx_word' id='word_1_624' title='bbox 2772 3269 3116 3337; x_wconf 83' lang='lat' dir='ltr'><strong>principatus</strong></span> <span class='ocrx_word' id='word_1_625' title='bbox 3151 3270 3358 3323; x_wconf 81' lang='lat' dir='ltr'><strong>intelli-</strong></span> 
     </span>
    </p>
   </div>
   <div class='ocr_carea' id='block_1_88' title="bbox 1798 3358 3364 3428">
    <p class='ocr_par' dir='ltr' id='par_1_88' title="bbox 1798 3358 3364 3428">
     <span class='ocr_line' id='line_1_89' title="bbox 1798 3358 3364 3428; baseline -0.002 -17"><span class='ocrx_word' id='word_1_626' title='bbox 1798 3359 2009 3428; x_wconf 79' lang='lat' dir='ltr'><strong>gendus</strong></span> <span class='ocrx_word' id='word_1_627' title='bbox 2028 3368 2174 3413; x_wconf 87' lang='lat' dir='ltr'><strong>esset</strong></span> <span class='ocrx_word' id='word_1_628' title='bbox 2201 3358 2487 3427; x_wconf 79' lang='lat' dir='ltr'><strong>explicuit,</strong></span> <span class='ocrx_word' id='word_1_629' title='bbox 2521 3358 2713 3412; x_wconf 82' lang='lat' dir='ltr'><strong>dicens</strong></span> <span class='ocrx_word' id='word_1_630' title='bbox 2747 3376 2759 3411; x_wconf 92' lang='lat'><strong>:</strong></span> <span class='ocrx_word' id='word_1_631' title='bbox 2805 3378 2821 3409; x_wconf 75' lang='grc' dir='ltr'><strong>ι</strong></span> <span class='ocrx_word' id='word_1_632' title='bbox 2861 3358 2998 3413; x_wconf 80' lang='lat' dir='ltr'><strong>Cum</strong></span> <span class='ocrx_word' id='word_1_633' title='bbox 3029 3376 3192 3413; x_wconf 77' lang='lat' dir='ltr'><strong>crure</strong></span> <span class='ocrx_word' id='word_1_634' title='bbox 3218 3363 3364 3415; x_wconf 75' lang='lat' dir='ltr'><strong>enim</strong></span> 
     </span>
    </p>
   </div>
   <div class='ocr_carea' id='block_1_89' title="bbox 1796 3448 3367 3519">
    <p class='ocr_par' dir='ltr' id='par_1_89' title="bbox 1796 3448 3367 3519">
     <span class='ocr_line' id='line_1_90' title="bbox 1796 3448 3367 3519; baseline 0.001 -19"><span class='ocrx_word' id='word_1_635' title='bbox 1796 3448 2097 3501; x_wconf 82' lang='lat' dir='ltr'><strong>extollitur.</strong></span> <span class='ocrx_word' id='word_1_636' title='bbox 2133 3448 2239 3502; x_wconf 88' lang='lat' dir='ltr'><strong>Sed</strong></span> <span class='ocrx_word' id='word_1_637' title='bbox 2263 3464 2386 3502; x_wconf 91' lang='lat' dir='ltr'><strong>cum</strong></span> <span class='ocrx_word' id='word_1_638' title='bbox 2410 3448 2613 3502; x_wconf 87' lang='lat' dir='ltr'><strong>multas</strong></span> <span class='ocrx_word' id='word_1_639' title='bbox 2636 3465 2770 3502; x_wconf 81' lang='lat' dir='ltr'><strong>crux</strong></span> <span class='ocrx_word' id='word_1_640' title='bbox 2809 3449 2968 3504; x_wconf 89' lang='lat' dir='ltr'><strong>nobis</strong></span> <span class='ocrx_word' id='word_1_641' title='bbox 2996 3451 3367 3519; x_wconf 79' lang='lat' dir='ltr'><strong>cogitantibus</strong></span> 
     </span>
    </p>
   </div>
   <div class='ocr_carea' id='block_1_90' title="bbox 1798 3535 3364 3608">
    <p class='ocr_par' dir='ltr' id='par_1_90' title="bbox 1798 3535 3364 3608">
     <span class='ocr_line' id='line_1_91' title="bbox 1798 3535 3364 3608; baseline 0.004 -23"><span class='ocrx_word' id='word_1_642' title='bbox 1798 3535 2294 3602; x_wconf 88' lang='lat' dir='ltr'><strong>contemplationes</strong></span> <span class='ocrx_word' id='word_1_643' title='bbox 2322 3536 2595 3597; x_wconf 88' lang='lat' dir='ltr'><strong>admittat,</strong></span> <span class='ocrx_word' id='word_1_644' title='bbox 2635 3536 2862 3605; x_wconf 75' lang='lat' dir='ltr'><strong>dignum</strong></span> <span class='ocrx_word' id='word_1_645' title='bbox 2900 3554 3080 3606; x_wconf 72' lang='lat' dir='ltr'><strong>operm</strong></span> <span class='ocrx_word' id='word_1_646' title='bbox 3130 3539 3364 3608; x_wconf 85' lang='lat' dir='ltr'><strong>pretium</strong></span> 
     </span>
    </p>
   </div>
   <div class='ocr_carea' id='block_1_91' title="bbox 1798 3622 3367 3696">
    <p class='ocr_par' dir='ltr' id='par_1_91' title="bbox 1798 3622 3367 3696">
     <span class='ocr_line' id='line_1_92' title="bbox 1798 3622 3367 3696; baseline 0.006 -22"><span class='ocrx_word' id='word_1_647' title='bbox 1798 3622 1905 3674; x_wconf 88' lang='lat' dir='ltr'><strong>erit</strong></span> <span class='ocrx_word' id='word_1_648' title='bbox 1944 3638 2194 3690; x_wconf 59' lang='lat' dir='ltr'><strong>quasrere</strong></span> <span class='ocrx_word' id='word_1_649' title='bbox 2243 3638 2350 3690; x_wconf 90' lang='lat' dir='ltr'><strong>qua</strong></span> <span class='ocrx_word' id='word_1_650' title='bbox 2404 3624 2806 3691; x_wconf 80' lang='lat' dir='ltr'><strong>signiﬁcatione</strong></span> <span class='ocrx_word' id='word_1_651' title='bbox 2848 3628 3108 3693; x_wconf 80' lang='lat' dir='ltr'><strong>magister</strong></span> <span class='ocrx_word' id='word_1_652' title='bbox 3142 3628 3193 3680; x_wconf 92' lang='lat' dir='ltr'><strong>in</strong></span> <span class='ocrx_word' id='word_1_653' title='bbox 3230 3645 3367 3696; x_wconf 71' lang='lat' dir='ltr'><strong>prm-</strong></span> 
     </span>
    </p>
   </div>
   <div class='ocr_carea' id='block_1_92' title="bbox 1800 3710 3367 3783">
    <p class='ocr_par' dir='ltr' id='par_1_92' title="bbox 1800 3710 3367 3783">
     <span class='ocr_line' id='line_1_93' title="bbox 1800 3710 3367 3783; baseline 0.004 -20"><span class='ocrx_word' id='word_1_654' title='bbox 1800 3710 1943 3763; x_wconf 86' lang='lat' dir='ltr'><strong>senti</strong></span> <span class='ocrx_word' id='word_1_655' title='bbox 1982 3724 2201 3763; x_wconf 91' lang='lat' dir='ltr'><strong>erucem</strong></span> <span class='ocrx_word' id='word_1_656' title='bbox 2245 3710 2616 3779; x_wconf 84' lang='lat' dir='ltr'><strong>principatum</strong></span> <span class='ocrx_word' id='word_1_657' title='bbox 2662 3711 2882 3765; x_wconf 76' lang='lat' dir='ltr'><strong>dixerit.</strong></span> <span class='ocrx_word' id='word_1_658' title='bbox 2918 3712 3367 3783; x_wconf 89' lang='lat' dir='ltr'><strong>Contemplamur</strong></span> 
     </span>
    </p>
   </div>
   <div class='ocr_carea' id='block_1_93' title="bbox 1799 3798 3367 3877">
    <p class='ocr_par' dir='ltr' id='par_1_93' title="bbox 1799 3798 3367 3877">
     <span class='ocr_line' id='line_1_94' title="bbox 1799 3798 3367 3877; baseline 0.004 -26"><span class='ocrx_word' id='word_1_659' title='bbox 1799 3799 1947 3852; x_wconf 89' lang='lat' dir='ltr'><strong>enim</strong></span> <span class='ocrx_word' id='word_1_660' title='bbox 1998 3815 2218 3853; x_wconf 90' lang='lat' dir='ltr'><strong>crucem</strong></span> <span class='ocrx_word' id='word_1_661' title='bbox 2240 3799 2545 3869; x_wconf 83' lang='lat' dir='ltr'><strong>secundum</strong></span> <span class='ocrx_word' id='word_1_662' title='bbox 2591 3798 2849 3865; x_wconf 80' lang='lat' dir='ltr'><strong>formam,</strong></span> <span class='ocrx_word' id='word_1_663' title='bbox 2879 3803 3182 3855; x_wconf 87' lang='lat' dir='ltr'><strong>secundum</strong></span> <span class='ocrx_word' id='word_1_664' title='bbox 3218 3818 3367 3877; x_wconf 86' lang='lat' dir='ltr'><strong>eom-</strong></span> 
     </span>
    </p>
   </div>
   <div class='ocr_carea' id='block_1_94' title="bbox 1801 3890 3363 3959">
    <p class='ocr_par' dir='ltr' id='par_1_94' title="bbox 1801 3890 3363 3959">
     <span class='ocr_line' id='line_1_95' title="bbox 1801 3890 3363 3959; baseline 0.002 -16"><span class='ocrx_word' id='word_1_665' title='bbox 1801 3890 2154 3959; x_wconf 89' lang='lat' dir='ltr'><strong>positionem,</strong></span> <span class='ocrx_word' id='word_1_666' title='bbox 2194 3890 2498 3944; x_wconf 89' lang='lat' dir='ltr'><strong>secundum</strong></span> <span class='ocrx_word' id='word_1_667' title='bbox 2548 3890 2784 3958; x_wconf 86' lang='lat' dir='ltr'><strong>partium</strong></span> <span class='ocrx_word' id='word_1_668' title='bbox 2832 3891 3242 3959; x_wconf 85' lang='lat' dir='ltr'><strong>proprietatem,</strong></span> <span class='ocrx_word' id='word_1_669' title='bbox 3274 3908 3363 3946; x_wconf 83' lang='lat' dir='ltr'><strong>sc-</strong></span> 
     </span>
    </p>
   </div>
   <div class='ocr_carea' id='block_1_95' title="bbox 1800 3980 3365 4052">
    <p class='ocr_par' dir='ltr' id='par_1_95' title="bbox 1800 3980 3365 4052">
     <span class='ocr_line' id='line_1_96' title="bbox 1800 3980 3365 4052; baseline 0.002 -18"><span class='ocrx_word' id='word_1_670' title='bbox 1800 3980 2039 4034; x_wconf 90' lang='lat' dir='ltr'><strong>cundum</strong></span> <span class='ocrx_word' id='word_1_671' title='bbox 2072 3980 2366 4043; x_wconf 87' lang='lat' dir='ltr'><strong>actionem,</strong></span> <span class='ocrx_word' id='word_1_672' title='bbox 2418 3980 2717 4034; x_wconf 89' lang='lat' dir='ltr'><strong>secundum</strong></span> <span class='ocrx_word' id='word_1_673' title='bbox 2764 3980 2899 4033; x_wconf 90' lang='lat' dir='ltr'><strong>alias</strong></span> <span class='ocrx_word' id='word_1_674' title='bbox 2941 3982 3138 4036; x_wconf 88' lang='lat' dir='ltr'><strong>multas</strong></span> <span class='ocrx_word' id='word_1_675' title='bbox 3162 3984 3365 4052; x_wconf 83' lang='lat' dir='ltr'><strong>cogita-</strong></span> 
     </span>
    </p>
   </div>
   <div class='ocr_carea' id='block_1_96' title="bbox 1802 4070 3362 4141">
    <p class='ocr_par' dir='ltr' id='par_1_96' title="bbox 1802 4070 3362 4141">
     <span class='ocr_line' id='line_1_97' title="bbox 1802 4070 3362 4141; baseline 0.004 -20"><span class='ocrx_word' id='word_1_676' title='bbox 1802 4070 2016 4122; x_wconf 90' lang='lat' dir='ltr'><strong>tionum</strong></span> <span class='ocrx_word' id='word_1_677' title='bbox 2066 4071 2330 4133; x_wconf 89' lang='lat' dir='ltr'><strong>rationes,</strong></span> <span class='ocrx_word' id='word_1_678' title='bbox 2384 4086 2520 4139; x_wconf 87' lang='lat' dir='ltr'><strong>quas</strong></span> <span class='ocrx_word' id='word_1_679' title='bbox 2561 4070 2678 4139; x_wconf 66' lang='lat' dir='ltr'><strong>qui,</strong></span> <span class='ocrx_word' id='word_1_680' title='bbox 2709 4085 2798 4123; x_wconf 89' lang='lat' dir='ltr'><strong>rcs</strong></span> <span class='ocrx_word' id='word_1_681' title='bbox 2846 4070 3061 4126; x_wconf 87' lang='lat' dir='ltr'><strong>divinas</strong></span> <span class='ocrx_word' id='word_1_682' title='bbox 3115 4084 3362 4141; x_wconf 86' lang='lat' dir='ltr'><strong>spectare</strong></span> 
     </span>
    </p>
   </div>
   <div class='ocr_carea' id='block_1_97' title="bbox 1800 4159 3363 4229">
    <p class='ocr_par' dir='ltr' id='par_1_97' title="bbox 1800 4159 3363 4229">
     <span class='ocr_line' id='line_1_98' title="bbox 1800 4159 3363 4229; baseline 0.003 -18"><span class='ocrx_word' id='word_1_683' title='bbox 1800 4166 1985 4211; x_wconf 90' lang='lat' dir='ltr'><strong>amant</strong></span> <span class='ocrx_word' id='word_1_684' title='bbox 2038 4159 2323 4227; x_wconf 88' lang='lat' dir='ltr'><strong>percipere</strong></span> <span class='ocrx_word' id='word_1_685' title='bbox 2362 4168 2615 4229; x_wconf 90' lang='lat' dir='ltr'><strong>possunt.</strong></span> <span class='ocrx_word' id='word_1_686' title='bbox 2654 4159 2832 4228; x_wconf 87' lang='lat' dir='ltr'><strong>Atque</strong></span> <span class='ocrx_word' id='word_1_687' title='bbox 2870 4162 3108 4228; x_wconf 87' lang='lat' dir='ltr'><strong>primum</strong></span> <span class='ocrx_word' id='word_1_688' title='bbox 3143 4162 3363 4229; x_wconf 89' lang='lat' dir='ltr'><strong>quidem</strong></span> 
     </span>
    </p>
   </div>
   <div class='ocr_carea' id='block_1_98' title="bbox 1801 4244 3363 4320">
    <p class='ocr_par' dir='ltr' id='par_1_98' title="bbox 1801 4244 3363 4320">
     <span class='ocr_line' id='line_1_99' title="bbox 1801 4244 3363 4320; baseline 0.004 -19"><span class='ocrx_word' id='word_1_689' title='bbox 1801 4247 2103 4301; x_wconf 85' lang='lat' dir='ltr'><strong>secundum</strong></span> <span class='ocrx_word' id='word_1_690' title='bbox 2153 4248 2404 4312; x_wconf 81' lang='lat' dir='ltr'><strong>formam,</strong></span> <span class='ocrx_word' id='word_1_691' title='bbox 2446 4248 2531 4303; x_wconf 74' lang='lat' dir='ltr'><strong>vel</strong></span> <span class='ocrx_word' id='word_1_692' title='bbox 2585 4260 2644 4304; x_wconf 91' lang='lat' dir='ltr'><strong>ut</strong></span> <span class='ocrx_word' id='word_1_693' title='bbox 2686 4263 2809 4303; x_wconf 91' lang='lat' dir='ltr'><strong>cum</strong></span> <span class='ocrx_word' id='word_1_694' title='bbox 2857 4266 2993 4304; x_wconf 75' lang='lat' dir='ltr'><strong>crux</strong></span> <span class='ocrx_word' id='word_1_695' title='bbox 3036 4244 3363 4320; x_wconf 86' lang='lat' dir='ltr'><strong>potestatem</strong></span> 
     </span>
    </p>
   </div>
   <div class='ocr_carea' id='block_1_99' title="bbox 1801 4336 3365 4409">
    <p class='ocr_par' dir='ltr' id='par_1_99' title="bbox 1801 4336 3365 4409">
     <span class='ocr_line' id='line_1_100' title="bbox 1801 4336 3365 4409; baseline 0.006 -22"><span class='ocrx_word' id='word_1_696' title='bbox 1801 4350 1924 4405; x_wconf 76' lang='lat' dir='ltr'><strong>qua:</strong></span> <span class='ocrx_word' id='word_1_697' title='bbox 1970 4336 2247 4398; x_wconf 88' lang='lat' dir='ltr'><strong>universa,</strong></span> <span class='ocrx_word' id='word_1_698' title='bbox 2294 4345 2400 4389; x_wconf 90' lang='lat' dir='ltr'><strong>tam</strong></span> <span class='ocrx_word' id='word_1_699' title='bbox 2442 4354 2563 4405; x_wconf 66' lang='lat' dir='ltr'><strong>quae</strong></span> <span class='ocrx_word' id='word_1_700' title='bbox 2594 4354 2756 4407; x_wconf 84' lang='lat' dir='ltr'><strong>supra</strong></span> <span class='ocrx_word' id='word_1_701' title='bbox 2783 4355 2945 4409; x_wconf 91' lang='lat' dir='ltr'><strong>quam</strong></span> <span class='ocrx_word' id='word_1_702' title='bbox 2976 4356 3097 4407; x_wconf 72' lang='lat' dir='ltr'><strong>qua:</strong></span> <span class='ocrx_word' id='word_1_703' title='bbox 3131 4342 3268 4395; x_wconf 81' lang='lat' dir='ltr'><strong>infra</strong></span> <span class='ocrx_word' id='word_1_704' title='bbox 3309 4353 3365 4396; x_wconf 86' lang='lat' dir='ltr'><strong>et</strong></span> 
     </span>
    </p>
   </div>
   <div class='ocr_carea' id='block_1_100' title="bbox 1802 4424 3365 4498">
    <p class='ocr_par' dir='ltr' id='par_1_100' title="bbox 1802 4424 3365 4498">
     <span class='ocr_line' id='line_1_101' title="bbox 1802 4424 3365 4498; baseline 0.004 -20"><span class='ocrx_word' id='word_1_705' title='bbox 1802 4440 1923 4493; x_wconf 67' lang='lat' dir='ltr'><strong>qua:</strong></span> <span class='ocrx_word' id='word_1_706' title='bbox 1938 4424 2005 4478; x_wconf 88' lang='lat' dir='ltr'><strong>ad</strong></span> <span class='ocrx_word' id='word_1_707' title='bbox 2025 4434 2254 4493; x_wconf 89' lang='lat' dir='ltr'><strong>utraque</strong></span> <span class='ocrx_word' id='word_1_708' title='bbox 2271 4428 2443 4479; x_wconf 89' lang='lat' dir='ltr'><strong>latera</strong></span> <span class='ocrx_word' id='word_1_709' title='bbox 2460 4427 2573 4480; x_wconf 87' lang='lat' dir='ltr'><strong>suis</strong></span> <span class='ocrx_word' id='word_1_710' title='bbox 2594 4442 2823 4497; x_wconf 63' lang='lat' dir='ltr'><strong>quaeque</strong></span> <span class='ocrx_word' id='word_1_711' title='bbox 2845 4430 3094 4483; x_wconf 88' lang='lat' dir='ltr'><strong>terminis</strong></span> <span class='ocrx_word' id='word_1_712' title='bbox 3118 4446 3365 4498; x_wconf 90' lang='lat' dir='ltr'><strong>compre-</strong></span> 
     </span>
    </p>
   </div>
   <div class='ocr_carea' id='block_1_101' title="bbox 1801 4512 3358 4585">
    <p class='ocr_par' dir='ltr' id='par_1_101' title="bbox 1801 4512 3358 4585">
     <span class='ocr_line' id='line_1_102' title="bbox 1801 4512 3358 4585; baseline 0.003 -18"><span class='ocrx_word' id='word_1_713' title='bbox 1801 4512 1997 4569; x_wconf 83' lang='lat' dir='ltr'><strong>hendit</strong></span> <span class='ocrx_word' id='word_1_714' title='bbox 2038 4514 2345 4584; x_wconf 80' lang='lat' dir='ltr'><strong>signiﬁcat;</strong></span> <span class='ocrx_word' id='word_1_715' title='bbox 2396 4515 2695 4569; x_wconf 89' lang='lat' dir='ltr'><strong>secundum</strong></span> <span class='ocrx_word' id='word_1_716' title='bbox 2727 4517 3178 4585; x_wconf 85' lang='lat' dir='ltr'><strong>compositionem</strong></span> <span class='ocrx_word' id='word_1_717' title='bbox 3207 4534 3358 4580; x_wconf 85' lang='lat' dir='ltr'><strong>vero,</strong></span> 
     </span>
    </p>
   </div>
   <div class='ocr_carea' id='block_1_102' title="bbox 1802 4600 3357 4676">
    <p class='ocr_par' dir='ltr' id='par_1_102' title="bbox 1802 4600 3357 4676">
     <span class='ocr_line' id='line_1_103' title="bbox 1802 4600 3357 4676; baseline 0.003 -19"><span class='ocrx_word' id='word_1_718' title='bbox 1802 4604 1953 4657; x_wconf 86' lang='lat' dir='ltr'><strong>velut</strong></span> <span class='ocrx_word' id='word_1_719' title='bbox 1993 4619 2117 4658; x_wconf 91' lang='lat' dir='ltr'><strong>cum</strong></span> <span class='ocrx_word' id='word_1_720' title='bbox 2150 4600 2445 4659; x_wconf 82' lang='lat' dir='ltr'><strong>essentiam</strong></span> <span class='ocrx_word' id='word_1_721' title='bbox 2480 4613 2536 4658; x_wconf 86' lang='lat' dir='ltr'><strong>et</strong></span> <span class='ocrx_word' id='word_1_722' title='bbox 2565 4607 2963 4674; x_wconf 87' lang='lat' dir='ltr'><strong>providentiam</strong></span> <span class='ocrx_word' id='word_1_723' title='bbox 2991 4616 3045 4660; x_wconf 91' lang='lat' dir='ltr'><strong>et</strong></span> <span class='ocrx_word' id='word_1_724' title='bbox 3067 4607 3357 4676; x_wconf 83' lang='lat' dir='ltr'><strong>judicium,</strong></span> 
     </span>
    </p>
   </div>
   <div class='ocr_carea' id='block_1_103' title="bbox 1803 4696 3355 4766">
    <p class='ocr_par' dir='ltr' id='par_1_103' title="bbox 1803 4696 3355 4766">
     <span class='ocr_line' id='line_1_104' title="bbox 1803 4696 3355 4766; baseline -0.001 -16"><span class='ocrx_word' id='word_1_725' title='bbox 1803 4696 1858 4750; x_wconf 88' lang='lat' dir='ltr'><strong>id</strong></span> <span class='ocrx_word' id='word_1_726' title='bbox 1889 4705 1972 4751; x_wconf 91' lang='lat' dir='ltr'><strong>est</strong></span> <span class='ocrx_word' id='word_1_727' title='bbox 2002 4696 2471 4750; x_wconf 80' lang='lat' dir='ltr'><strong>manifestationes</strong></span> <span class='ocrx_word' id='word_1_728' title='bbox 2501 4708 2711 4759; x_wconf 84' lang='lat' dir='ltr'><strong>earum,</strong></span> <span class='ocrx_word' id='word_1_729' title='bbox 2739 4697 3085 4766; x_wconf 81' lang='lat' dir='ltr'><strong>sapientiam,</strong></span> <span class='ocrx_word' id='word_1_730' title='bbox 3114 4698 3355 4765; x_wconf 87' lang='lat' dir='ltr'><strong>inquam,</strong></span> 
     </span>
    </p>
   </div>
   <div class='ocr_carea' id='block_1_104' title="bbox 1802 4776 3359 4855">
    <p class='ocr_par' dir='ltr' id='par_1_104' title="bbox 1802 4776 3359 4855">
     <span class='ocr_line' id='line_1_105' title="bbox 1802 4776 3359 4855; baseline -0.002 -16"><span class='ocrx_word' id='word_1_731' title='bbox 1802 4776 2241 4855; x_wconf 75' lang='lat' dir='ltr'><strong>etcdgnitionem</strong></span> <span class='ocrx_word' id='word_1_732' title='bbox 2276 4792 2332 4838; x_wconf 90' lang='lat' dir='ltr'><strong>et</strong></span> <span class='ocrx_word' id='word_1_733' title='bbox 2363 4784 2618 4838; x_wconf 87' lang='lat' dir='ltr'><strong>virtutem</strong></span> <span class='ocrx_word' id='word_1_734' title='bbox 2641 4787 2925 4853; x_wconf 87' lang='lat' dir='ltr'><strong>potestatis</strong></span> <span class='ocrx_word' id='word_1_735' title='bbox 2948 4786 3359 4840; x_wconf 85' lang='lat' dir='ltr'><strong>universitatem</strong></span> 
     </span>
    </p>
   </div>
   <div class='ocr_carea' id='block_1_105' title="bbox 1803 4874 3360 4944">
    <p class='ocr_par' dir='ltr' id='par_1_105' title="bbox 1803 4874 3360 4944">
     <span class='ocr_line' id='line_1_106' title="bbox 1803 4874 3360 4944; baseline 0 -17"><span class='ocrx_word' id='word_1_736' title='bbox 1803 4875 2137 4928; x_wconf 87' lang='lat' dir='ltr'><strong>moderantis</strong></span> <span class='ocrx_word' id='word_1_737' title='bbox 2178 4874 2425 4936; x_wconf 88' lang='lat' dir='ltr'><strong>denotat,</strong></span> <span class='ocrx_word' id='word_1_738' title='bbox 2468 4875 2759 4927; x_wconf 87' lang='lat' dir='ltr'><strong>essentiam</strong></span> <span class='ocrx_word' id='word_1_739' title='bbox 2810 4876 3029 4943; x_wconf 90' lang='lat' dir='ltr'><strong>quidem</strong></span> <span class='ocrx_word' id='word_1_740' title='bbox 3061 4884 3115 4928; x_wconf 88' lang='lat' dir='ltr'><strong>et</strong></span> <span class='ocrx_word' id='word_1_741' title='bbox 3143 4876 3360 4944; x_wconf 83' lang='lat' dir='ltr'><strong>sapien-</strong></span> 
     </span>
    </p>
   </div>
   <div class='ocr_carea' id='block_1_106' title="bbox 1805 4960 3361 5033">
    <p class='ocr_par' dir='ltr' id='par_1_106' title="bbox 1805 4960 3361 5033">
     <span class='ocr_line' id='line_1_107' title="bbox 1805 4960 3361 5033; baseline 0.001 -20"><span class='ocrx_word' id='word_1_742' title='bbox 1805 4962 1934 5015; x_wconf 89' lang='lat' dir='ltr'><strong>tiam</strong></span> <span class='ocrx_word' id='word_1_743' title='bbox 1962 4970 2023 5033; x_wconf 85' lang='lat' dir='ltr'><strong>ut</strong></span> <span class='ocrx_word' id='word_1_744' title='bbox 2042 4960 2318 5014; x_wconf 80' lang='lat' dir='ltr'><strong>faetrieem</strong></span> <span class='ocrx_word' id='word_1_745' title='bbox 2340 4974 2439 5027; x_wconf 88' lang='lat' dir='ltr'><strong>per</strong></span> <span class='ocrx_word' id='word_1_746' title='bbox 2458 4969 2699 5012; x_wconf 87' lang='lat' dir='ltr'><strong>erectam</strong></span> <span class='ocrx_word' id='word_1_747' title='bbox 2718 4960 2940 5025; x_wconf 87' lang='lat' dir='ltr'><strong>lineam,</strong></span> <span class='ocrx_word' id='word_1_748' title='bbox 2963 4962 3361 5033; x_wconf 72' lang='lat' dir='ltr'><strong>providentiam</strong></span> 
     </span>
    </p>
   </div>
   <div class='ocr_carea' id='block_1_107' title="bbox 1801 5028 3361 5117">
    <p class='ocr_par' dir='ltr' id='par_1_107' title="bbox 1801 5028 3361 5117">
     <span class='ocr_line' id='line_1_108' title="bbox 1801 5028 3361 5117; baseline 0.001 -16"><span class='ocrx_word' id='word_1_749' title='bbox 1801 5055 1857 5101; x_wconf 93' lang='lat' dir='ltr'><strong>et</strong></span> <span class='ocrx_word' id='word_1_750' title='bbox 1876 5028 2243 5117; x_wconf 78' lang='lat' dir='ltr'><strong>cognitionem</strong></span> <span class='ocrx_word' id='word_1_751' title='bbox 2270 5054 2331 5099; x_wconf 89' lang='lat' dir='ltr'><strong>ut</strong></span> <span class='ocrx_word' id='word_1_752' title='bbox 2355 5046 2812 5099; x_wconf 88' lang='lat' dir='ltr'><strong>conservatricem</strong></span> <span class='ocrx_word' id='word_1_753' title='bbox 2840 5062 2936 5113; x_wconf 92' lang='lat' dir='ltr'><strong>per</strong></span> <span class='ocrx_word' id='word_1_754' title='bbox 2958 5028 3361 5115; x_wconf 74' lang='lat' dir='ltr'><strong>obliquitatem,</strong></span> 
     </span>
    </p>
   </div>
   <div class='ocr_carea' id='block_1_108' title="bbox 1796 5134 3360 5205">
    <p class='ocr_par' dir='ltr' id='par_1_108' title="bbox 1796 5134 3360 5205">
     <span class='ocr_line' id='line_1_109' title="bbox 1796 5134 3360 5205; baseline 0.001 -17"><span class='ocrx_word' id='word_1_755' title='bbox 1796 5136 2068 5204; x_wconf 89' lang='lat' dir='ltr'><strong>judicium</strong></span> <span class='ocrx_word' id='word_1_756' title='bbox 2116 5135 2352 5205; x_wconf 89' lang='lat' dir='ltr'><strong>denique</strong></span> <span class='ocrx_word' id='word_1_757' title='bbox 2397 5144 2454 5188; x_wconf 89' lang='lat' dir='ltr'><strong>et</strong></span> <span class='ocrx_word' id='word_1_758' title='bbox 2479 5134 2736 5187; x_wconf 84' lang='lat' dir='ltr'><strong>virtutem</strong></span> <span class='ocrx_word' id='word_1_759' title='bbox 2770 5144 2829 5187; x_wconf 91' lang='lat' dir='ltr'><strong>ut</strong></span> <span class='ocrx_word' id='word_1_760' title='bbox 2860 5135 3144 5202; x_wconf 88' lang='lat' dir='ltr'><strong>pravitatis</strong></span> <span class='ocrx_word' id='word_1_761' title='bbox 3172 5145 3227 5188; x_wconf 91' lang='lat' dir='ltr'><strong>et</strong></span> <span class='ocrx_word' id='word_1_762' title='bbox 3261 5154 3360 5190; x_wconf 89' lang='lat' dir='ltr'><strong>ne-</strong></span> 
     </span>
    </p>
   </div>
   <div class='ocr_carea' id='block_1_109' title="bbox 1802 5222 3359 5297">
    <p class='ocr_par' dir='ltr' id='par_1_109' title="bbox 1802 5222 3359 5297">
     <span class='ocr_line' id='line_1_110' title="bbox 1802 5222 3359 5297; baseline 0.001 -20"><span class='ocrx_word' id='word_1_763' title='bbox 1802 5225 1990 5293; x_wconf 68' lang='lat' dir='ltr'><strong>quitiae</strong></span> <span class='ocrx_word' id='word_1_764' title='bbox 2030 5226 2498 5297; x_wconf 76' lang='lat' dir='ltr'><strong>expugnatriccm,</strong></span> <span class='ocrx_word' id='word_1_765' title='bbox 2542 5239 2661 5293; x_wconf 68' lang='lat' dir='ltr'><strong>qua:</strong></span> <span class='ocrx_word' id='word_1_766' title='bbox 2690 5239 2753 5277; x_wconf 90' lang='lat' dir='ltr'><strong>ea</strong></span> <span class='ocrx_word' id='word_1_767' title='bbox 2809 5239 2929 5292; x_wconf 75' lang='lat' dir='ltr'><strong>qua:</strong></span> <span class='ocrx_word' id='word_1_768' title='bbox 2975 5222 3113 5276; x_wconf 82' lang='lat' dir='ltr'><strong>facta</strong></span> <span class='ocrx_word' id='word_1_769' title='bbox 3137 5232 3194 5276; x_wconf 92' lang='lat' dir='ltr'><strong>et</strong></span> <span class='ocrx_word' id='word_1_770' title='bbox 3223 5240 3359 5279; x_wconf 82' lang='lat' dir='ltr'><strong>eon-</strong></span> 
     </span>
    </p>
   </div>
   <div class='ocr_carea' id='block_1_110' title="bbox 1117 5419 2067 5519">
    <p class='ocr_par' dir='ltr' id='par_1_110' title="bbox 1117 5419 2067 5519">
     <span class='ocr_line' id='line_1_111' title="bbox 1117 5419 2067 5519; baseline -0.003 -15"><span class='ocrx_word' id='word_1_771' title='bbox 1117 5517 1120 5519; x_wconf 0' lang='lat' dir='ltr'><strong>e</strong></span> <span class='ocrx_word' id='word_1_772' title='bbox 1398 5446 1627 5503; x_wconf 64' lang='lat' dir='ltr'><strong>vanus</strong></span> <span class='ocrx_word' id='word_1_773' title='bbox 1667 5419 2067 5501; x_wconf 64' lang='lat' dir='ltr'><strong>moriones.</strong></span> 
     </span>
    </p>
   </div>
   <div class='ocr_carea' id='block_1_111' title="bbox 244 5534 2075 5605">
    <p class='ocr_par' dir='ltr' id='par_1_111' title="bbox 244 5534 2075 5605">
     <span class='ocr_line' id='line_1_112' title="bbox 244 5534 2075 5605; baseline -0.003 -9"><span class='ocrx_word' id='word_1_774' title='bbox 244 5538 289 5572; x_wconf 82' lang='grc'><strong>⁸⁸</strong></span> <span class='ocrx_word' id='word_1_775' title='bbox 312 5540 374 5596; x_wconf 88' lang='lat' dir='ltr'><strong>Si</strong></span> <span class='ocrx_word' id='word_1_776' title='bbox 405 5541 613 5599; x_wconf 69' lang='lat' dir='ltr'><strong>schedzc</strong></span> <span class='ocrx_word' id='word_1_777' title='bbox 641 5554 751 5593; x_wconf 87' lang='lat' dir='ltr'><strong>non</strong></span> <span class='ocrx_word' id='word_1_778' title='bbox 780 5537 1133 5604; x_wconf 75' lang='lat' dir='ltr'><strong>fallunt,cod-.</strong></span> <span class='ocrx_word' id='word_1_779' title='bbox 1174 5534 1313 5591; x_wconf 87' lang='lat' dir='ltr'><strong>Gud.</strong></span> <span class='ocrx_word' id='word_1_780' title='bbox 1357 5537 1523 5591; x_wconf 86' lang='lat' dir='ltr'><strong>habet</strong></span> <span class='ocrx_word' id='word_1_781' title='bbox 1553 5536 1730 5591; x_wconf 81' lang='grc' dir='ltr'>αὐτῶν</span> <span class='ocrx_word' id='word_1_782' title='bbox 1758 5550 1857 5605; x_wconf 92' lang='lat' dir='ltr'><strong>pro</strong></span> <span class='ocrx_word' id='word_1_783' title='bbox 1891 5536 2075 5590; x_wconf 84' lang='grc' dir='ltr'>αὐτοῦ.</span> 
     </span>
    </p>
   </div>
   <div class='ocr_carea' id='block_1_112' title="bbox 2182 5530 3422 5595">
    <p class='ocr_par' dir='ltr' id='par_1_112' title="bbox 2182 5530 3422 5595">
     <span class='ocr_line' id='line_1_113' title="bbox 2182 5530 3422 5595; baseline -0.007 1"><span class='ocrx_word' id='word_1_784' title='bbox 2182 5540 2227 5572; x_wconf 78' lang='grc'><strong>³⁸</strong></span> <span class='ocrx_word' id='word_1_785' title='bbox 2260 5540 2538 5595; x_wconf 76' lang='lat' dir='ltr'><strong>Articulus</strong></span> <span class='ocrx_word' id='word_1_786' title='bbox 2584 5536 2814 5592; x_wconf 81' lang='lat' dir='ltr'><strong>debetur</strong></span> <span class='ocrx_word' id='word_1_787' title='bbox 2864 5532 3117 5588; x_wconf 86' lang='lat' dir='ltr'><strong>secundis</strong></span> <span class='ocrx_word' id='word_1_788' title='bbox 3146 5530 3363 5588; x_wconf 75' lang='lat' dir='ltr'><strong>librarii</strong></span> <span class='ocrx_word' id='word_1_789' title='bbox 3414 5568 3422 5576; x_wconf 88' lang='lat'><strong><em>-</em></strong></span> 
     </span>
    </p>
   </div>
   <div class='ocr_carea' id='block_1_113' title="bbox 240 5689 1886 5791">
    <p class='ocr_par' dir='ltr' id='par_1_113' title="bbox 240 5689 1886 5791">
     <span class='ocr_line' id='line_1_114' title="bbox 240 5689 1886 5791; baseline -0.002 -18"><span class='ocrx_word' id='word_1_790' title='bbox 240 5720 345 5791; x_wconf 62' lang='lat' dir='ltr'><strong>ao)</strong></span> <span class='ocrx_word' id='word_1_791' title='bbox 372 5722 518 5777; x_wconf 81' lang='lat' dir='ltr'><strong>Idem</strong></span> <span class='ocrx_word' id='word_1_792' title='bbox 542 5722 665 5777; x_wconf 80' lang='lat' dir='ltr'><strong>ibid.</strong></span> <span class='ocrx_word' id='word_1_793' title='bbox 702 5734 821 5787; x_wconf 78' lang='lat' dir='ltr'><strong>cap.</strong></span> <span class='ocrx_word' id='word_1_794' title='bbox 861 5718 1153 5786; x_wconf 47' lang='lat'><strong>241.66%,</strong></span> <span class='ocrx_word' id='word_1_795' title='bbox 1186 5726 1316 5780; x_wconf 74' lang='lat' dir='ltr'><strong>tom.</strong></span> <span class='ocrx_word' id='word_1_796' title='bbox 1348 5689 1528 5784; x_wconf 67' lang='grc' dir='ltr'>ιορρ.</span> <span class='ocrx_word' id='word_1_797' title='bbox 1558 5717 1647 5772; x_wconf 88' lang='lat' dir='ltr'><strong>ed.</strong></span> <span class='ocrx_word' id='word_1_798' title='bbox 1680 5715 1886 5773; x_wconf 87' lang='lat' dir='ltr'><strong>Bened.</strong></span> 
     </span>
    </p>
   </div>
  </div>
