3986 6346
629 433 631 436 ⁴
674 433 807 500 13ίί

1823 445 1882 505 S.
1925 447 2208 508 ΜΑΧΙΜΙ
2243 449 2748 511 .CONFESSORIS

3749 453 3876 518 1313

671 539 742 596 ad
779 540 863 594 sui
910 540 1081 596 instar
1118 542 1186 596 ab
1230 543 1379 596 omni
1425 555 1579 622 parte
1622 545 1881 616 ﬁguratos
1924 553 2234 622 salvamque

2339 570 2458 616 πος,
2492 554 2810 623 ἀνθρώπους
2859 554 3016 621 μόνον
3046 554 3250 624 κυρίως
3278 573 3335 608 τε
3372 555 3464 609 καὶ
3492 557 3711 627 ἀληθῶς
3750 559 3876 610 ἀπο-

669 631 790 700 ejus
827 645 891 683 ae
933 642 1158 698 prorsus
1202 633 1469 688 sinceram
1521 633 1810 704 imaginem
1839 639 2108 705 ferentes,
2143 642 2232 695 cui

669 720 986 773 nullatenus
1009 721 1116 775 ulla
1143 722 1399 778 interitus
1423 732 1552 778 nota
1579 725 1846 788 adltteret.
1871 744 2106 799 eumque
2136 747 2234 785 no-

670 809 756 863 bis
780 819 1113 880 propterque
1142 829 1243 867 nos
1266 830 1483 870 omnem
1506 817 1875 873 conditionem
1903 837 2004 888 per
2027 823 2232 878 medias

669 909 856 970 partes
899 911 959 955 ut
1005 904 1351 973 propriarum
1397 907 1635 976 partium
1681 913 2056 974 extremitates
2088 930 2234 968 com-

670 995 865 1063 plexus
909 997 1118 1050 circum
1147 1012 1268 1052 sese
1313 999 1765 1056 indissolubiliter
1807 1005 1951 1059 inter
1989 1023 2048 1062 se
2079 1007 2234 1061 inne-

647 1084 827 1138 'ctens
860 1085 1172 1153 paradisum
1193 1095 1248 1142 et
1280 1088 1466 1144 orbem
1494 1100 1782 1158 terrarum,
1813 1097 2010 1158 coelum
2043 1115 2106 1153 ac
2131 1109 2239 1154 ter-

673 1190 810 1236 ram,
835 1176 1117 1231 sensibilia
1143 1185 1198 1232 et
1220 1178 1605 1250 intelligibilia,
1631 1191 1691 1236 ut
1715 1198 1912 1253 corpus
1932 1196 1989 1240 et
2013 1203 2235 1243 sensum

672 1272 730 1318 et
757 1266 996 1320 animam
1043 1277 1099 1321 et
1147 1278 1387 1325 mentem
1416 1287 1526 1326 non
1577 1272 1738 1327 aliter
1789 1291 1950 1342 quam
1994 1293 2096 1332 nos
2133 1279 2235 1348 ipsi

669 1351 900 1418 habens,
949 1355 1152 1424 quibus
1198 1366 1259 1412 ut
1298 1360 1549 1428 partibus
1593 1366 1968 1419 extremitates
2012 1367 2236 1436 singulis

670 1444 978 1514 quibusque
1005 1461 1133 1502 suas
1174 1452 1504 1519 generaliter
1534 1462 1792 1522 cognatas
1820 1458 2235 1516 accommodans

671 1532 835 1586 modo
876 1550 1042 1604 supra
1088 1536 1326 1592 indicato
1361 1549 1554 1595 cuneta
1603 1543 1717 1597 Deo
1746 1551 2134 1604 convenienter
2178 1551 2235 1606 in

671 1615 1027 1691 semetipsum
1063 1627 1364 1698 recollegit,
1389 1653 1393 1658 -
1417 1646 1580 1686 unam
1629 1647 1749 1689 esse
1796 1652 2012 1692 omnem
2047 1649 2234 1695 osten-

670 1711 808 1766 dens
834 1715 1228 1780 conditionem,
1252 1721 1709 1788 quemadmodum
1736 1727 1901 1780 alium
1933 1729 2232 1798 hominem,

670 1807 908 1876 partium
940 1810 1275 1880 singularum
1312 1825 1502 1870 mutuo
1535 1819 1676 1871 inter
1707 1834 1766 1875 se
1797 1835 1940 1875 nexu
1982 1839 2236 1878 consum-

671 1905 893 1962 matam,
929 1914 994 1954 ae
1032 1901 1398 1959 subsistentia:
1431 1906 1742 1977 integritate
1790 1920 1952 1980 atque
1995 1915 2234 1982 plenitu-
2267 1888 2307 1942 Β

672 1986 800 2041 dine
832 1988 884 2041 in
911 2002 969 2045 se
1000 1991 1170 2060 ipsam
1201 2003 1515 2063 vergentem
1556 2008 1718 2068 atque
1747 2001 2118 2070 inclinantem,
2150 2021 2238 2060 se-

673 2074 913 2129 cundum
944 2093 1106 2132 unam
1143 2088 1306 2149 atque
1352 2083 1651 2152 simplicem
1687 2098 1852 2157 atque
1899 2092 2236 2149 indeﬁnitam

672 2174 728 2220 et
778 2165 1182 2225 indifferentem
1233 2171 1300 2225 de
1355 2176 1808 2233 non-exsistentia
1859 2182 2237 2250 productionis

673 2259 1076 2332 cogitationem,
1109 2277 1215 2331 qua
1246 2279 1408 2318 unam
1440 2257 1796 2339 eamdemque
1838 2281 2016 2342 potest
2059 2279 2237 2333 omnis

673 2347 916 2402 conditio
976 2352 1220 2421 recipere
1279 2356 1540 2413 rationem
1611 2360 1769 2429 plane
1828 2363 2232 2434 indistinctam,

672 2437 819 2507 quod
852 2458 869 2489 ι
893 2440 1012 2495 Non
1034 2441 1202 2497 fuisse
1234 2463 1252 2495 ›
1287 2447 1442 2514 prius
1470 2464 1632 2517 quam
1666 2470 1684 2502 ι
1715 2452 1846 2508 Esse
1879 2456 2164 2522 rhabens.

743 2529 952 2584 Revera
981 2534 1186 2588 etenim
1230 2536 1334 2591 sibi
1375 2538 1609 2594 invicem
1643 2543 1942 2599 secundum
1973 2547 2237 2618 quidquid

671 2618 916 2681 omnino,
948 2620 1114 2672 etiam
1146 2622 1193 2675 si
1235 2638 1344 2677 non
1377 2625 1601 2693 ubique,
1629 2630 1946 2686 eoineidunt
1977 2649 2236 2702 quacun-

673 2718 779 2770 que
807 2713 928 2771 post
950 2706 1120 2760 Deum
1159 2719 1286 2764 sunt
1307 2712 1764 2784 exsistentiasque
1794 2733 1922 2773 suas
1953 2735 2052 2789 per
2077 2737 2239 2790 gene—

672 2793 940 2846 rationem
975 2811 1007 2848 a
1035 2795 1146 2850 Deo
1187 2797 1410 2860 habent,
1442 2815 1566 2854 eum
1603 2819 1788 2859 rerum
1821 2823 1943 2877 quae
1968 2811 2238 2866 exsistunt

670 2883 820 2937 nulla
851 2885 1095 2950 omnino,
1125 2901 1193 2941 ne
1225 2888 1292 2943 iis
1319 2891 1540 2960 quidem
1583 2897 1826 2965 exceptis
1855 2914 1974 2967 quae
2014 2903 2233 2970 plurimi

632 2989 639 2996 ·
668 2974 998 3029 :estimandte
1026 2986 1173 3041 sunt,
1225 2994 1453 3049 qumque
1487 2995 1771 3052 superant,
1805 3001 1834 3039 a
1879 2993 2118 3058 generali
2166 2993 2233 3048 ad

669 3075 940 3118 summum
968 3067 1195 3134 gradum
1225 3071 1318 3138 qui
1361 3071 1551 3126 habitu
1587 3087 1740 3142 caret
1784 3080 2048 3136 relatione
2075 3092 2234 3136 natu-

2331 643 2510 706 δείξας
2550 644 2618 707 ⁵¹,
2654 645 2774 696 κατ’
2803 644 2967 718 αὐτὸν
3005 644 3076 696 δι’
3110 643 3232 698 ὅλου
3282 645 3756 716 μεμορφωμένους
3796 651 3882 700 καὶ
3916 708 3923 716 _

2332 732 2478 784 σώαν
2515 732 2677 785 αὐτοῦ
2723 734 2814 794 καὶ
2852 733 3130 795 παντελῶς
3173 733 3460 804 ἀκίϐδηλον
3497 737 3597 804 τήν
3632 736 3814 807 (224
3834 739 3883 800 α)

2331 823 2516 874 εἰκόνα
2544 822 2826 891 φέροντας,
2866 819 2934 894 ἧς
2968 823 3089 876 κατ’
3127 823 3318 876 οὐδένα
3351 825 3552 892 τρόπον
3585 827 3743 876 οὐδὲν
3786 827 3886 877 τῶν

2332 917 2536 985 ιρΟορΞίς
2579 918 2970 986 γνωρισμάτων
2997 917 3253 978 ἅπτεται,
3283 917 3379 968 καὶ
3411 916 3507 968 σὺν
3536 917 3669 984 ἡμῖν
3698 918 3790 968 καὶ
3825 917 3887 970 δι’

2332 1010 2478 1078 ἡμεῖς
2513 1007 2610 1077 τὴν
2644 1010 2862 1064 ἃπασαν
2889 1009 3063 1061 κτίσιν
3103 1008 3190 1060 διά
3220 1007 3328 1059 τῶν
3357 1008 3538 1076 μέσων
3586 1007 3662 1067 ὡς
3709 1008 3886 1076 μερῶν

2335 1100 2479 1151 ἰδίων
2527 1099 2596 1150 τὰ
2639 1100 2782 1168 ἄκρα
2821 1098 3128 1169 περιλαϐὼν
3161 1099 3254 1150 καὶ
3296 1098 3423 1168 περὶ
3459 1097 3653 1150 ἑαυτὸν
3685 1096 3886 1158 aldtus;

2331 1189 2579 1258 ἀλλήλοις
2607 1189 2928 1257 διασφίγξας
2958 1190 3283 1260 παράδεισον
3311 1191 3402 1242 καὶ
3426 1189 3772 1258 οἰκουμένην,
3801 1188 3886 1239 οὖν

2335 1282 2496 1350 ρανὺν
2535 1281 2630 1332 καὶ
2675 1281 2802 1348 γῆν,
2849 1280 3080 1351 αἰσῦητὰ
3130 1281 3224 1333 καὶ
3264 1279 3451 1348 νοητὰ.
3504 1279 3580 1340 ὡς
3612 1278 3773 1346 σῶμα
3801 1281 3889 1329 καὶ

2322 1370 2592 1439 αἴσθησιν
2617 1371 2711 1424 καὶ
2734 1371 2911 1442 ψυχὴν
2947 1372 3066 1423 καθ’
3091 1373 3238 1440 ἡμᾶς
3266 1372 3403 1439 ἔχων
3425 1370 3522 1421 καὶ
3547 1368 3693 1450 νοῦν,
3713 1364 3794 1430 οἷς
3819 1369 3888 1430 ὡς

2339 1462 2528 1530 μέρεσι
2573 1461 2694 1514 καθ’
2722 1460 3059 1514 ἕκαστον-τὸ
3108 1461 3323 1528 ἑκάστῳ
3362 1458 3594 1512 καθόλου
3637 1459 3886 1524 συγγενὲς

2334 1551 2758 1620 οἰκειωσάμενος
2787 1551 2954 1622 ἄκρον
2995 1549 3137 1603 κατὰ
3169 1547 3263 1601 τὸν
3301 1548 3745 1618 προαποδοοὲντα
3773 1547 3886 1613 τρό-

2334 1657 2435 1694 πον
2465 1640 2784 1710 θεοπρεπῶς
2816 1641 2882 1693 τὰ
2929 1641 3102 1694 πάντα
3143 1641 3226 1699 εἰς
3269 1638 3462 1691 ἑαυτὸν
3489 1636 3885 1704 ἀνεκεφαλαιὼ-

2335 1747 2486 1795 σατο,
2525 1732 2656 1800 μίαν
2695 1732 3042 1801 ὑπάρχουσαν
3081 1731 3182 1800 τὴν
3233 1730 3448 1783 ἃπασαν
3475 1726 3653 1780 κτίσιν
3695 1727 3883 1790 δείξας,

2338 1822 2586 1888 καθάπερ
2635 1820 2916 1890 ἄνθρωπον
2971 1820 3150 1881 ἄλλον,
3203 1822 3270 1888 τῇ
3315 1817 3425 1871 τῶν
3458 1819 3642 1888 μερῶν
3694 1816 3883 1883 ἑαυτῆς

2337 1910 2472 1978 πρὸς
2499 1907 2705 1975 ἄλληλα
2731 1907 2932 1976 συνόδῳ
2953 1906 3455 1976 ,συμπληρουμένην
3486 1907 3581 1958 καὶ
3609 1905 3745 1974 πρὸς
3773 1906 3885 1956 ὲαυ-

2337 2001 2432 2070 τὴν
2466 1998 2724 2063 νεύουσαν
2774 2001 2841 2068 τῇ
2891 1997 3101 2068 ὁλότητι
3150 1996 3253 2064 τῆς
3289 1996 3596 2066 ὑπάρξεως,
3627 1995 3770 2046 κατὰ
3799 1993 3884 2062 τὴν

2341 2091 2470 2160 μίαν
2507 2089 2602 2144 καὶ
2631 2088 2810 2158 ἁπλῆν
2834 2090 2927 2141 καὶ
2957 2087 3422 2154 ἀπροσδιόριστον,
3450 2085 3554 2153 τῆς
3596 2087 3661 2135 ἐκ
3687 2083 3781 2136 τοῦ
3803 2085 3882 2151 μὴ

2335 2182 2485 2244 ὄντος
2541 2180 2879 2250 παραγωγῆς
2927 2180 3020 2234 καί
3052 2178 3341 2248 ἀδιάφορον
3392 2177 3625 2239 ἔννοιαν,
3677 2175 3799 2227 καθ’
3825 2175 3882 2244 ἦν

2336 2274 2431 2328 ἕνα
2459 2273 2555 2326 καὶ
2574 2256 2858 2325 τὸνάὐτδν
2886 2253 3032 2325 πᾶσα
3081 2273 3114 2342 ἡ
3155 2271 3330 2333 κτίσις
3357 2267 3713 2340 ἐπιδέξασθαι
3741 2267 3884 2320 δύνα-

2335 2381 2425 2418 ται
2455 2364 2613 2432 λόγον
2654 2362 2932 2424 παντελῶς
2975 2363 3302 2431 ἀδιάκριτον,
3349 2359 3414 2412 τὸ
3444 2377 3468 2410 ι
3503 2359 3621 2422 Οὐκ
3647 2353 3719 2427 ἦν
3750 2376 3770 2408 ι
3801 2355 3879 2409 τοῦ

2342 2475 2360 2506 ι
2395 2452 2532 2508 εἶναι
2576 2473 2594 2505 ι
2635 2453 3004 2524 πρεσὸύτερον
3047 2452 3263 2520 ἔχουσα.
3538 2465 3540 2467 ’

2406 2546 2593 2598 Πάντα
2611 2544 2718 2613 γὰρ
2748 2545 2890 2596 κατὰ
2916 2543 3007 2594 τὸν
3028 2541 3202 2610 ἀληθῆ
3231 2541 3386 2607 λόγον
3416 2539 3667 2608 ἀλλήλοις
3696 2555 3875 2608 συνεμ-

2336 2635 2527 2688 πίπτει
2581 2633 2704 2686 καθ’
2736 2631 2914 2685 ὁτιοῦν
2950 2631 3185 2695 πάντως,
3226 2633 3274 2685 εἰ
3317 2632 3412 2684 καὶ
3445 2630 3522 2698 μὴ
3574 2631 3752 2700 πάντη
3774 2672 3788 2694 ,
3818 2627 3874 2681 τὰ

2339 2724 2477 2792 μετὰ
2505 2723 2634 2776 Θεὸν
2663 2722 2792 2776 ὅντα
2815 2721 2907 2775 καὶ
2942 2723 3006 2774 ὲκ
3047 2721 3182 2774 Θεοῦ
3231 2721 3292 2774 τὸ
3333 2717 3472 2773 εἶναι
3518 2720 3608 2774 διὰ
3631 2721 3874 2787 γενέσεως

2336 2813 2544 2882 ἔχοντα,
2577 2813 2801 2883 μηδενὸς
2830 2810 3057 2865 καθόλου
3091 2811 3198 2865 τῶν
3226 2812 3416 2875 όντων,
3456 2811 3591 2881 μηδὲ
3621 2809 3732 2862 τῶν
3757 2810 3876 2874 ἄγαν

2335 2905 2528 2973 τιμίων
2583 2904 2676 2957 καὶ
2708 2955 2712 2970 ς
2743 2903 3196 2973 ὑπερϐεϐηκότων
3254 2903 3354 2972 τῆς
3425 2901 3563 2971 πρὸς
3626 2903 3689 2952 τὸ
3754 2899 3875 2964 ἄγαν

2334 2996 2560 3063 ἄσχετον
2588 2996 2810 3062 γενικῆς
2847 2994 3102 3063 σχέσεως,
3127 2993 3440 3044 παντάπασι
3474 2988 3716 3058 φυσικῶς
3756 2987 3873 3039 ἁπο-

2331 3082 2642 3149 λελυμένου,
2681 3084 2817 3152 μήτε
2849 3081 2956 3152 μὴν
2983 3080 3078 3133 τοῦ
3111 3082 3168 3132 ὲν
3208 3078 3509 3143 τοῖςιοῦσιν
3575 3075 3874 3145 ἀτιμοτάτου

668 3153 858 3208 raliter
897 3154 1072 3210 libera
1105 3157 1204 3219 sit,
1251 3174 1352 3213 nec
1389 3175 1570 3216 rerum
1609 3166 1796 3234 utique
1843 3171 2226 3228 exsistentium

2332 3175 2427 3242 τῆς
2459 3172 2594 3242 πρὸς
2621 3173 2687 3225 τὰ
2717 3172 3054 3239 ἀτιμιὼτατα
3082 3169 3224 3222 κατὰ
3258 3169 3418 3236 φύσιν
3451 3167 3669 3236 γενικῆς
3699 3182 3875 3218 nunc.

667 3259 738 3299 ne
764 3244 1025 3299 vilissima
1049 3247 1268 3315 quidem
1302 3249 1372 3302 ab
1398 3251 1635 3318 generali
1670 3262 1727 3306 et
1762 3265 1972 3312 naturae
1997 3276 2229 3317 consen-

2332 3262 2436 3323 λῶς
2503 3263 3012 3330 ἁπολιμπανομένου
3066 3260 3158 3312 καὶ
3224 3258 3578 3328 ἀμοιροῦντος
3635 3258 3873 3327 σχέσεως.

669 3341 823 3386 tanea
855 3333 920 3388 ad
964 3348 1028 3406 ea
1054 3350 1175 3403 quae
1216 3337 1477 3393 vilissima
1503 3348 1632 3394 sunt
1667 3343 1932 3398 relatione
1963 3347 2228 3415 destitua-

666 3431 759 3477 tur
782 3426 1006 3478 omnino
1032 3435 1126 3479 aut
1155 3441 1352 3496 expers
1382 3431 1492 3484 tiat.
1521 3430 1886 3504 théunque.
1912 3439 2060 3493 enim
2101 3457 2229 3509 pro-

666 3514 804 3584 priis
837 3515 1189 3582 peculiariter
1221 3528 1347 3572 sunt
1388 3521 1797 3580 discriminibus
1847 3527 1991 3585 inter
2039 3547 2097 3587 se
2144 3534 2229 3587 di-

667 3607 886 3670 stincta,
915 3623 978 3662 ea
1009 3611 1353 3677 generalibus
1394 3625 1558 3684 atque
1593 3620 1976 3676 communibus
2007 3639 2231 3694 genera-

664 3699 794 3753 liter
833 3701 1210 3759 identitatibus
1240 3716 1370 3762 sunt
1417 3709 1590 3774 unita,
1639 3710 1818 3780 adque
1867 3715 2134 3770 unitatem
2176 3726 2230 3770 et

666 3797 914 3845 mutuam
951 3793 1096 3848 inter
1139 3806 1313 3851 semet
1355 3798 1695 3855 identitatem
1730 3805 1968 3872 generali
1998 3808 2229 3875 quadam

665 3881 875 3934 ratione
905 3892 1112 3939 natura:
1152 3889 1591 3956 compelluntur;
1628 3893 1706 3945 sic
1738 3908 1935 3961 genera
1966 3897 2230 3952 essentia-

665 3968 792 4023 liter
820 3971 925 4024 sibi
955 3973 1189 4030 invicem
1217 3980 1370 4032 unita
1412 3981 1677 4034 unitatem
1706 3982 1911 4038 habent
1948 3992 2002 4038 et
2031 3985 2229 4038 identi-

669 4066 832 4113 tatem
881 4073 936 4114 et
981 4063 1441 4119 individuitatem.
1487 4067 1637 4121 Nihil
1683 4070 1830 4121 enim
1879 4084 2069 4124 eorum
2112 4088 2232 4140 qua:

669 4150 995 4205 unimrsalia
1029 4164 1156 4207 sunt
1198 4163 1254 4208 et
1288 4156 1808 4224 eompreliendentia
1855 4169 1912 4214 et
1958 4166 2230 4238 generalia

667 4242 780 4294 nilo
823 4242 982 4294 simul
1015 4257 1138 4296 cum
1169 4244 1248 4298 eis
1281 4247 1443 4300 modo
1478 4247 1811 4304 discernitur
1834 4267 1956 4321 quae,
1984 4259 2229 4323 particu-

669 4331 804 4385 laria
838 4341 965 4386 sunt
1002 4342 1058 4388 et
1092 4337 1484 4405 comprehensa
1529 4349 1584 4394 et
1612 4343 1889 4410 specialia.
1925 4346 2044 4400 Non
2082 4350 2228 4404 enim

666 4426 898 4493 amplius
923 4427 974 4480 id
1001 4436 1177 4496 potest
1210 4431 1462 4498 generale
1493 4447 1612 4486 esse
1641 4435 1784 4502 quod
1814 4451 1878 4490 ea
1906 4454 2026 4506 qua:
2050 4455 2229 4495 secer—

2333 3353 2515 3405 Πάντα
2559 3350 2680 3420 γὰρ
2719 3352 2787 3402 τὰ
2821 3352 2937 3412 ταῖς
2972 3350 3195 3410 οἰκείαις
3243 3348 3386 3410 ἰδίως
3423 3348 3702 3416 διαφοραῖς
3736 3346 3875 3410 ἀλλή-

2332 3442 2436 3494 λων
2468 3443 2900 3511 διακεκριμμένα
2941 3443 3058 3503 ταῖς
3091 3439 3317 3492 καθόλου
3363 3438 3461 3490 καὶ
3497 3439 3697 3498 κοιναῖς
3741 3452 3875 3501 γενι-

2332 3533 2442 3595 κῶς
2474 3523 2794 3599 ταύέότησιν
2823 3534 3078 3601 ἧνωνται,
3113 3529 3206 3582 καὶ
3239 3529 3374 3598 πρὸς
3397 3529 3455 3580 τὸ
3491 3527 3547 3578 ἓν
3574 3526 3667 3578 καὶ
3695 3523 3873 3577 ταύτὸν

2331 3625 2580 3692 ἀλλήλοις
2619 3623 2821 3691 γενικῷ
2874 3638 2980 3672 τινι
3032 3619 3176 3688 λόγῳ
3234 3616 3452 3683 φύσεως
3506 3614 3869 3712 συνωροῦνται,

2329 3706 2440 3764 οἷον
2464 3713 2533 3762 τὰ
2558 3713 2652 3778 μὲν
2675 3711 2805 3776 γένη
2838 3712 2978 3760 κατὰ
3009 3707 3107 3772 τὴν
3144 3704 3325 3757 οὐσίαν
3355 3703 3601 3770 ἀλλήλοις
3621 3701 3871 3771 ἑνούμενα

2329 3800 2388 3852 τδ
2420 3797 2602 3868 (224
2629 3800 2679 3858 bl
2711 3799 2768 3849 ἓν
2806 3795 2917 3863 ἔχει
2953 3795 3042 3848 καὶ
3069 3794 3262 3877 ταύτὸν
3292 3793 3384 3844 καὶ
3416 3792 3734 3862 ἀδιαίρετον,
3768 3792 3863 3843 οὐ·

2329 3890 2418 3940 δὲν
2451 3891 2558 3955 γὰρ
2590 3887 2697 3938 τῶν
2722 3885 2947 3939 καθόλου
2998 3886 3089 3936 καὶ
3128 3882 3494 3953 περιεχόντων
3535 3883 3628 3936 καὶ
3656 3881 3868 3948 γενικῶν

2331 3979 2441 4038 τοῖς
2479 3975 2570 4027 ἐπὶ
2597 3975 2793 4044 μέρους
2829 3973 2921 4026 καὶ
2964 3974 3370 4043 περιεχομένοις
3401 3974 3493 4026 καὶ
3528 3973 3708 4033 ἰδικοίς
3750 3987 3864 4021 παν·

2330 4063 2494 4126 τελῶς
2537 4063 2942 4133 συνδιαιρεῖται.
2975 4064 3048 4114 Οὐ
3079 4062 3185 4130 γὰρ
3216 4061 3294 4115 ἔτι
3321 4063 3535 4129 γενικὺν
3563 4058 3698 4112 εἶναι
3724 4058 3861 4110 δύνα-

2329 4173 2416 4208 ται
2460 4154 2522 4209 τὸ
2577 4155 2650 4224 μὴ
2694 4141 2925 4222 συνάγον
2967 4154 3036 4206 τὰ
3085 4153 3384 4224 διῃρημένα
3429 4151 3693 4220 φυσικῶς,
3743 4147 3860 4206 ἀλλᾶ

2332 4243 2804 4313 συνδιαιρούμενον
2855 4244 3054 4308 αὐτοῖς,
3095 4241 3313 4309 καὶτῆς
3341 4242 3548 4303 οἰκείας
3594 4237 3864 4308 μοναδικῆς

2329 4336 2579 4403 ὲνότήτος
2633 4335 3001 4403 ἐξιστάμενον.
3045 4333 3160 4386 Πᾶν
3211 4332 3320 4401 γὰρ
3364 4329 3583 4398 γενικὴν
3622 4327 3755 4382 κατὰ
3784 4325 3861 4378 τὸν

2329 4428 2524 4479 οἰκεῖον
2559 4424 2716 4490 λόγον
2767 4425 2886 4476 ὅλον
2936 4423 3076 4483 ὅλοις
3113 4419 3431 4488 ἀδιαιρέτως
3466 4421 3580 4480 τοῖς
3625 4418 3713 4489 ὑπξ
3748 4416 3860 4470 αὐτὸ

667 4527 871 4571 nuntur
905 4521 1228 4574 naturaliter
1271 4538 1462 4591 cogere
1511 4523 1765 4594 nequeat,
1811 4529 1907 4582 sed
1950 4547 2055 4584 una
2101 4548 2223 4588 eum

2332 4514 2524 4575 ἑνικῶς
2569 4514 2893 4580 ἐνυπάρχει,
2928 4512 3023 4563 καὶ
3062 4510 3122 4562 τὸ
3148 4511 3192 4541 ⁵¹
3231 4509 3350 4561 καθ’
3377 4508 3606 4561 ἕκαστον
3645 4508 3756 4560 δλον
3785 4510 3861 4559 ἑν·-

665 4603 798 4676 ipsis
829 4611 1155 4673 Sceernitur,
1179 4620 1230 4663 et
1275 4612 1340 4665 de
1381 4615 1752 4682 singularitate
1785 4634 1881 4674 sua
1921 4631 1976 4675 et
2017 4624 2224 4679 unitate

667 4700 912 4754 decedat.
945 4699 1116 4753 Omne
1151 4701 1295 4754 enim
1341 4705 1590 4772 generale
1623 4709 1924 4762 secundum
1958 4727 2109 4764 suam
2140 4729 2224 4766 ra-

669 4793 870 4840 tionem
920 4796 1091 4842 totum
1144 4791 1548 4847 indivisibiliter
1578 4795 1630 4848 in
1662 4798 1788 4850 totis
1831 4800 1931 4853 sibi
1965 4802 2064 4869 ipsi
2095 4803 2224 4856 sub-

663 4877 820 4946 jectis
864 4879 1209 4949 singulariter
1244 4884 1406 4946 inest,
1457 4895 1508 4939 et
1558 4888 1704 4952 quod
1753 4890 1980 4957 singulis
2010 4893 2227 4959 privum

671 4975 754 5022 est
781 4960 952 5049 letum
983 4981 1254 5038 spectatur
1282 4979 1630 5043 generaliter.
1661 4980 1882 5049 Species
1927 4991 2107 5036 autem
2145 5001 2228 5039 sc-

667 5043 903 5112 cundiim
936 5077 1106 5130 genus
1137 5068 1343 5131 pariter
1387 5066 1709 5122 differentia:
1741 5072 2006 5126 varietate
2036 5074 2225 5129 solutae
2256 5066 2261 5071 ’

669 5155 911 5200 mutuam
949 5149 1172 5216 capiunt
1219 5152 1580 5207 identitatem.
1633 5157 1917 5211 individua
1964 5176 2093 5214 vero
2141 5177 2225 5215 se-

667 5236 906 5291 cundum
935 5239 1170 5306 Speciem
1205 5249 1447 5294 mutuam
1481 5259 1663 5297 secum
1700 5248 1833 5315 ipsis
1863 5252 2231 5319 congregatio-

670 5343 790 5381 nem
822 5327 1089 5396 capientia
1122 5346 1285 5383 unum
1321 5332 1571 5402 idemque
1604 5351 1725 5388 cum
1771 5337 1899 5404 ipsis
1937 5340 2079 5394 inter
2111 5355 2228 5397 sese
2279 5391 2281 5395 .

671 5415 872 5488 ubique
896 5426 1168 5484 constant,
1205 5430 1409 5476 naturae
1437 5427 1825 5481 communitate
1869 5431 2223 5486 immutabii‘i‘--

2332 4606 2616 4674 θεωρεῖται
2650 4601 2902 4664 γενικῶς.
2933 4600 3012 4652 Τὰ
3033 4599 3087 4651 δὲ
3118 4600 3229 4669 εἴδη
3260 4601 3400 4653 κατὰ
3430 4600 3491 4653 τὸ
3525 4599 3671 4666 γένος
3694 4596 3862 4648 ὡσαύ-

2329 4711 2434 4755 τως
2461 4693 2561 4760 τῆς
2601 4693 2659 4742 ὲν
2703 4695 2767 4760 τῇ
2813 4691 3046 4760 διαφορᾷ
3096 4691 3369 4753 ποικιλίας
3407 4691 3725 4744 άπολυθὲντα
3769 4685 3863 4751 τὴν

2331 4783 2464 4853 πρὸς
2495 4781 2699 4852 ἄλληλα
2727 4782 3029 4850 ταύτότητα
3058 4783 3295 4852 δέχεται.
3324 4782 3406 4834 Τὰ
3444 4782 3615 4850 ἄτομα
3638 4778 3687 4828 δὲ
3723 4776 3861 4827 κατᾶ

2331 4873 2394 4926 τὸ
2433 4870 2568 4934 εἶδος
2599 4874 2696 4942 τὴν
2726 4873 2859 4944 πρὸς
2892 4873 3091 4944 ἄλληλα
3124 4875 3384 4943 δεχόμενα
3409 4872 3669 4940 σύμϐασιν
3693 4866 3748 4919 ἓν
3775 4867 3856 4918 καὶ

2331 4964 2523 5016 ταύτὸν
2565 4963 2811 5032 ἀλλήλοις
2861 4957 3036 5033 πάντη
3081 4964 3404 5031 καθέστηκε,
3435 4964 3498 5029 τῇ
3540 4961 3760 5029 epos-st;
3801 4955 3851 5007 τὸ

2333 5054 2754 5122 ἀπαράλλακτον
2808 5055 2999 5123 ἔχοντα
3033 5055 3125 5107 καὶ
3166 5052 3422 5120 διαφορᾶς
3460 5051 3632 5118 πάσης
3659 5046 3850 5101 ἐλεύθε-

2332 5161 2442 5214 ρον.
2467 5146 2546 5199 Τὰ
2571 5145 2627 5197 δὲ
2663 5145 3045 5216 συμϐεϐηκότα
3087 5142 3223 5195 κατὰ
3246 5142 3303 5194 τὸ
3327 5139 3674 5208 ὑποκείμενον
3703 5137 3849 5203 ἀλλή-

2327 5235 2436 5298 λοις
2479 5223 2841 5304 συγκριθέντα
2881 5236 2942 5288 τὸ
2984 5236 3178 5287 ὲνιαῖον
3229 5231 3339 5301 ἔχει
3364 5268 3380 5292 ,
3421 5229 3498 5298 τῷ
3539 5227 3848 5295 ὑποκειμένῳ

2327 5326 2601 5388 παντελῶς
2641 5325 2718 5394 μὴ
2763 5322 3208 5391 σκεδαννύμενον.
3255 5320 3364 5372 Καὶ
3421 5320 3618 5388 μάρτυς
3663 5315 3902 5369 τούτωνμ-

2322 5417 2554 5486 ἁψευδὴς
2581 5419 2608 5468 ὁ
2627 5415 2832 5486 ἀληθὴς
2871 5413 3156 5483 θεηγόρος,
3183 5414 3211 5464 ὁ
3258 5411 3427 5480 μέγας
3457 5412 3546 5463 καὶ
3573 5409 3712 5474 ᾰγιπ
3743 5409 3845 5455 .m-

1920 5588 2150 5644 ΥΑΙΚΙᾹΣ
2195 5592 2594 5648 LECTIONES.

746 5683 785 5765 ’ξ’
817 5685 947 5763 Cod.
975 5686 1113 5742 Gud.
1146 5705 1174 5743 a
1198 5706 1272 5746 ιη.
1308 5691 1557 5765 pr.l_nabet
1587 5698 1846 5765 ἀπέδειξε,

1943 5702 1988 5732 ⁸³
2023 5703 2079 5754 in
2112 5705 2230 5757 eod.
2273 5705 2413 5759 Gud.
2455 5714 2630 5761 exstat
2675 5703 2962 5776 ἐνυπάρχει
2995 5699 3472 5772 πρ-αγματειειιδῶςι
3513 5697 3598 5751 καὶ
3625 5694 3695 5755 τξί
3722 5695 3841 5743 ceu"

673 5748 866 5818 [εει-γι,
887 5772 1002 5830 γορ.
1047 5748 1522 5833 πραγμαῖέιωδῶς,
1556 5768 1696 5836 quod
1731 5748 1994 5840 gl‘ussema
2026 5774 2238 5828 videtur
2263 5792 2400 5830 esse.
