3986 6346
177 509 305 578 1317

1382 476 1897 565 AMBIGUQRUM
1934 490 2182 551 LIBER.
2237 506 2243 513 ε
2330 474 2331 477 ‘

3220 492 3376 569 ’1318

173 624 381 685 τελείως
404 620 521 684 νέος
544 617 749 687 ν’Δδέιμ,
781 614 870 670 τὸν
904 611 1116 683 πρῶτον
1139 611 1249 672 τοῖς
1282 605 1401 661 κατ’
1424 608 1591 688 ἄμφω
1623 606 1719 676 μέ-

1822 611 2013 671 estque
2038 599 2279 671 perfecte
2308 598 2485 661 factus
2504 616 2679 657 novus
2713 603 2906 668 Adam,
2947 605 3183 673 primum
3234 606 3377 661 Ada-

178 724 318 788 ρεσιν
356 711 526 781 ’Λδάμ
575 710 633 762 ἐν
687 704 868 775 ἑαυτῷ
897 702 1096 773 ,φέρων
1126 698 1417 788 ἀμείωτον.
1459 696 1572 766 Τῆς
1608 697 1718 788 γὰρ

1819 705 1964 744 mum
2000 690 2121 743 istis
2141 688 2445 765 secundum
2474 696 2771 759 utrumque
2798 692 3049 760 partibus
3093 695 3149 747 in
3177 705 3347 750 semet

172 786 272 873 πρὸ
320 800 421 870 τῆς
473 796 841 870 παραϐάσεως
890 790 983 846 τοῦ
1018 790 1189 861 ’Δδάμ
1242 786 1508 856 γενέσεως
1566 786 1719 873 νόμω

174 870 628 958 συγκατασάσεως
671 882 1035 953 ἀνασχόμενος
1084 877 1226 931 κατά
1266 876 1366 946 τήν
1412 874 1608 938 πλάσιν
1657 870 1753 923 τὸν

172 978 548 1047 ἀναμάρτητον
590 972 836 1041 φυσικῶς
865 968 1047 1025 λαϐὼν
1092 966 1178 1019 διὰ
1219 966 1317 1034 τῆς
1349 960 1715 1034 έμπνεὺσεως,

171 1066 229 1119 τὸ
255 1063 526 1135 ἄφθαρτον
553 1063 614 1115 οὐ
651 1057 971 1132 προσέλαϐε.
1013 1050 1211 1127 (228
1243 1053 1308 1123 ὁ)
1338 1052 1450 1121 Τῆς
1494 1051 1551 1104 δὲ
1583 1049 1722 1119 μετά

171 1155 263 1225 τήν
307 1151 619 1222 παράϐασιν
658 1151 723 1203 ἑκ
777 1147 1074 1216 καταδίκης
1104 1144 1411 1214 γεννήσεως
1453 1139 1593 1194 κατὰ
1623 1139 1723 1204 τὴν

173 1244 409 1296 ἑκούσιον
456 1241 689 1294 κένωσιν
733 1241 797 1293 τὸ
842 1238 1081 1308 παθητὸν
1117 1233 1365 1304 φυσικῶς
1395 1231 1631 1301 εἰληφὼς
1662 1230 1724 1282 τὸ

174 1335 541 1405 ἁμαρτητικὸν
569 1334 630 1386 οὗ
664 1332 1015 1402 προσείληφε,
1032 1328 1124 1382 καὶ
1151 1328 1357 1395 γίνεται
1387 1324 1504 1401 νέος
1531 1321 1722 1391 Ἀδάμ,
1762 1346 1769 1352 ·

168 1425 375 1491 γένεσιν
404 1422 697 1492 λαμϐάνων
729 1422 828 1491 τήν
874 1420 1043 1493 αὐτὴν
1075 1416 1458 1485 ἀναμάρτητον
1480 1412 1575 1466 καὶ
1602 1426 1725 1478 γεν-

165 1516 370 1585 νήσεως
400 1516 499 1584 τῆς
526 1513 697 1583 αὐτῆς
725 1510 975 1581 παθητῆς
1010 1509 1353 1579 ἀνεχόμενος.
1390 1506 1591 1573 ’Ἄμφω
1617 1501 1725 1572 γὰρ

177 1604 432 1674 ἀλλήλαις
474 1603 694 1666 τελείως
736 1602 864 1671 περὶ
924 1600 1117 1653 ἑαυτὸν
1164 1597 1390 1661 ἐναλλάξ
1436 1596 1549 1657 τοῖς
1599 1592 1722 1645 κατ’

174 1692 333 1763 ἄμφω
385 1695 606 1765 μέρεσιν
656 1689 967 1761 συμπλέξας
1020 1688 1189 1758 ἄμφω
1234 1686 1305 1739 δι’
1359 1685 1602 1754 ἀλλήλων
1653 1684 1721 1751 τῇ

174 1784 401 1852 ἐλλείψει
432 1784 526 1837 τοῦ
556 1784 685 1853 περὶ
705 1781 973 1849 ἑκατέραν
993 1779 1164 1848 ἄκρου
1185 1776 1422 1838 δυνατῶς
1450 1772 1722 1838 ὲξιάσατο,

171 1875 265 1943 τῆς
294 1875 392 1945 μὲν
425 1874 645 1944 πρώτης
672 1873 766 1926 καὶ
790 1871 974 1940 τιμίας
998 1868 1096 1939 τήν
1124 1867 1385 1936 δευτέραν
1412 1867 1505 1918 καὶ
1531 1863 1724 1932 ἄτιμον

172 1965 483 2035 ποιούμενος
531 1963 803 2031 σωστικήν
855 1976 914 2014 τε
966 1962 1059 2013 καὶ
1107 1956 1494 2025 άνανεωτικὴν,
1541 1956 1640 2024 τῆς
1666 1951 1722 2004 δὲ

171 2054 421 2125 δευτέρας
456 2053 554 2122 τὴν
583 2050 808 2122 πρώτην
845 2048 1175 2125 συστατικήν
1203 2063 1261 2099 τε
1290 2047 1385 2099 καὶ
1429 2059 1721 2116 περιποιη-

170 2144 319 2212 τικὴν
340 2143 709 2210 καταστήσας.
742 2138 919 2208 Ἀκρα
942 2136 999 2189 δέ
1024 2151 1168 2204 φημι
1195 2134 1295 2201 τῆς
1335 2132 1431 2202 μὲν
1457 2131 1718 2198 γενέσεως

174 2231 384 2302 πρώτης
432 2230 528 2283 καὶ
574 2228 761 2298 τιμίας
810 2225 1161 2295 ὑπαρχούσης
1202 2223 1263 2276 τὸ
1301 2221 1594 2291 ἄφθαρτον,
1645 2220 1722 2281 ὡς

177 2320 582 2392 ἁναμαρτησίας
612 2317 777 2388 ἀρχὴ,
799 2317 900 2385 τῆς
932 2315 989 2368 δὲ
1024 2316 1323 2384 γεννήσεως
1355 2313 1430 2373 ὡς
1461 2311 1721 2383 δευτέρας

174 2408 329 2479 οὔσης
358 2410 454 2462 καὶ
478 2409 673 2477 ἀτίμου
697 2407 758 2460 τὸ
779 2407 1171 2477 ἁμαρτητικὸν,
1199 2402 1489 2480 ὼςΙπαντδς
1517 2402 1723 2464 πάθους

170 2498 334 2559 αἴτιον
363 2498 462 2552 καὶ
506 2498 732 2568 φθορᾶς.
767 2497 944 2567 "Amp
972 2498 1051 2559 είς
1074 2495 1263 2549 ἑαυτὸν
1299 2492 1440 2548 κατά
1466 2492 1565 2563 τὴν
1597 2490 1717 2559 σάρ-

168 2602 329 2639 κωσιν
357 2585 621 2655 μηδαμῶς
650 2583 887 2654 εἰληφὼς
909 2586 937 2637 ὁ
953 2584 1140 2654 Σωτὴρ
1167 2583 1259 2636 καὶ
1286 2581 1352 2635 τά
1373 2580 1439 2634 δι’
1461 2580 1599 2632 αὐτὰ
1618 2571 1721 2633 καθ

166 2675 523 2745 ταδεξάμενος
551 2674 649 2744 τῆς
684 2675 785 2744 μὲν
813 2674 1078 2742 γενέσεως
1106 2675 1206 2743 τὴν
1231 2673 1484 2743 γέννησιν
1530 2688 1722 2724 σωστι-

141 2756 265 2835 ’κὴν
293 2764 609 2833 ἐποιήσατο,
634 2763 710 2830 τῇ)
734 2764 855 2816 κατ’
884 2762 1050 2834 αὐτὴν
1078 2762 1240 2816 πάθει
1279 2761 1599 2832 παραδόξως
1624 2759 1721 2829 τὴν

170 2856 266 2924 τῆς
312 2848 579 2922 γενέσεως
630 2853 937 2922 ἀφθαρσίαν
970 2852 1385 2921 ἀνανεούμενος,
1440 2853 1539 2922 τῆς
1584 2852 1627 2903 δ’
1650 2850 1721 2905 αὖ

172 2949 333 3009 πάλιν
382 2946 684 3016 γεννήσεως
739 2947 836 3015 τὴν
884 2940 1093 3014 γένεσιν
1134 2944 1549 3014 περιποιητικήν
1589 2961 1721 2997 κατ-

174 3041 458 3110 εστήσατο,
489 3038 553 3106 τῇ
587 3036 707 3089 κατ’
734 3033 909 3113 αὐτήν
944 3034 1325 3105 ἀναμαρτησίᾳ
1357 3034 1455 3113 τήν
1480 3035 1577 3103 τῆς
1603 3050 1724 3101 γεν-

154 3133 372 3201 Δνήσεως
412 3124 760 3194 καθσῖιιάζων
800 3125 1120 3194 ὲμπάθειαν,
1150 3124 1236 3176 ἵνα
1258 3124 1356 3193 τὴν
1387 3125 1484 3193 μὲν
1510 3124 1722 3192 γένεσιν

1818 777 1937 848 ipso
1966 762 2362 832 circumferens
2392 779 2764 834 imminutum.
2810 781 3191 840 Factitationis
3222 789 3360 841 enin

1817 884 1939 938 qua:
1969 854 2097 941 ante
2135 867 2330 925 Adami
2380 869 2591 938 lapsum
2618 870 2847 940 contigit
2873 872 2990 943 lege
3032 874 3376 945 ﬁgurationis

1795 959 2100 1014 sustinens
2126 958 2653 1017 condescensionem
2710 960 2763 1014 id
2788 962 3013 1029 quidem
3048 967 3380 1023 naturaliter

1793 1038 1919 1117 per
1975 1049 2403 1105 insuﬂlationem
2431 1051 2643 1121 recepit
2678 1060 2739 1105 ut
2768 1052 2893 1119 sine
2936 1065 3161 1123 peccato
3184 1046 3375 1124 ‘esset,

1818 1138 1917 1192 sed
1953 1138 2536 1208 incorruptibilitatem
2566 1138 2716 1199 haud
2744 1142 2971 1211 pariter.
2998 1144 3379 1204 Generationis

1821 1237 2003 1284 autem
2015 1236 2137 1298 post
2171 1214 2385 1300 lapsum
2409 1231 2476 1285 de
2501 1232 2851 1288 damnatione
2889 1235 3154 1292 instituta:
3180 1239 3377 1294 volun—

1822 1317 1960 1372 taria
1985 1333 2083 1373 sua
2106 1319 2483 1375 exinanitione
2530 1322 2761 1377 aﬂ‘ectus
2792 1326 3118 1381 naturaliter
3142 1343 3266 1383 cum
3293 1346 3373 1385 re-

1821 1409 2079 1477 cepisset,
2119 1411 2384 1478 peccandi
2413 1411 2727 1467 facultatem
2767 1429 2875 1468 non
2932 1415 3095 1471 simul
3151 1420 3377 1489 recepit,

1821 1505 1878 1555 et
1900 1496 1961 1552 fit
1990 1514 2167 1558 novus
2199 1498 2460 1567 Adamus,
2494 1503 2743 1558 eamdem
2788 1505 3048 1561 videlicet
3085 1507 3380 1563 factitatio-

1820 1604 1947 1643 nem
1975 1591 2203 1648 sortitus
2248 1603 2474 1661 peccato
2514 1593 2781 1667 liberam,
2840 1596 3115 1667 simulque
3149 1615 3381 1670 genera-

1822 1679 2029 1734 tionem
2053 1681 2304 1738 eamdem
2328 1698 2454 1738 cum
2487 1684 2584 1739 illo
2612 1700 2808 1754 passus
2827 1672 3046 1742 effectui
3065 1689 3377 1746 obnoxiam.

1823 1762 2123 1839 Utramque
2156 1772 2363 1827 etenim
2381 1774 2529 1827 circa
2551 1783 2724 1829 semet
2765 1785 2929 1845 atque
2953 1778 3194 1833 vicissim
3218 1781 3381 1848 parti-

1825 1860 1927 1914 bus
1948 1861 2233 1931 utriusque
2252 1863 2494 1932 perfecte
2521 1876 2856 1920 connectcns
2884 1868 3152 1923 ambabus
3174 1886 3274 1938 per
3292 1884 3380 1926 se-

1824 1950 1973 2020 ipsas
2007 1952 2293 2023 utriusque
2353 1955 2719 2009 extremitatis
2766 1957 2982 2012 defectu
3029 1969 3277 2014 mutuam
3324 1968 3381 2015 et

1819 2040 2173 2096 fortissimam
2195 2044 2379 2098 attulit
2406 2044 2700 2111 medelam,
2738 2049 2909 2104 unius
2947 2058 3003 2104 et
3042 2050 3384 2107 honorabilis

1821 2131 2051 2185 alteram
2087 2140 2143 2187 et
2166 2134 2547 2189 inhonoratam
2592 2135 2800 2193 faciens
2836 2141 3295 2198 conservatricem
3325 2150 3382 2197 et

1821 2223 2250 2288 renovatricem,
2279 2225 2651 2283 alteriusvero
2670 2229 2912 2297 priorem
2946 2231 3381 2303 constitutriCcm

1819 2319 1877 2364 et
1922 2311 2196 2366 vindicem
2246 2314 2541 2370 eollocans.
2588 2316 2975 2373 Extremitates
3018 2331 3200 2375 autem
3242 2337 3383 2376 voco

1821 2400 2011 2469 prima:
2043 2403 2376 2459 conditionis
2403 2414 2460 2457 et
2484 2406 2824 2461 honorabilis
2886 2408 3382 2479 incorruptibilita-

1811 2500 1954 2556 ‘tem,
1984 2500 2045 2546 ut
2070 2508 2192 2563 quae
2235 2493 2611 2563 impeccantia;
2642 2497 2973 2568 principium
3010 2510 3115 2564 est,
3148 2517 3380 2571 genera—

1822 2584 1988 2638 tionis
2009 2600 2162 2649 vero,
2212 2572 2276 2640 ut
2305 2586 2561 2640 secundae
2586 2596 2643 2641 et
2679 2587 3100 2657 inhonorabilis,
3140 2592 3381 2648 indolem

1821 2675 2107 2745 peccandi,
2135 2677 2339 2747 quippe
2360 2659 2481 2753 qua:
2516 2658 2695 2734 omnis
2724 2681 2998 2748 passionis
3042 2692 3205 2753 atque
3237 2685 3380 2739 inte-

1822 2764 1963 2819 ritus
1990 2781 2154 2820 causa
2184 2746 2289 2822 εει.
2314 2746 2524 2832 Quibus
2552 2785 2581 2823 a
2617 2746 2898 2827 Salvatore
2924 2788 3047 2827 cum
3081 2746 3209 2828 caro
3229 2775 3384 2831 ﬁeret

1820 2871 2165 2924 nequaquam
2224 2830 2484 3013 recept'ﬁ.
2520 2866 2579 2913 et
2622 2861 2703 2915 eis
2746 2877 2867 2930 quae
2892 2878 2991 2931 per
3022 2878 3084 2917 ea
3126 2875 3254 2918 sunt
3278 2865 3379 2919 ad-

1821 2944 2024 3009 missis,
2049 2944 2386 2999 conditionis
2484 2946 2626 3000 idem
2651 2950 3059 3013 generationem
3087 2948 3218 3003 fecit
3251 2965 3379 3005 con-

1821 2944 2024 3009 missis,
2049 2944 2386 2999 conditionis
2405 2944 2626 3013 quidem
2651 2950 3059 3017 generationem
3087 2948 3218 3003 fecit
3251 2965 3384 3005 con-

1822 3031 2199 3095 servatricem,
2242 3032 2453 3086 affectu
2497 3036 2616 3113 ejus
2667 3036 2929 3090 nimirum
2960 3037 3271 3105 quemdam
3324 3040 3383 3093 in
3467 3046 3474 3053 '

1821 3124 2044 3178 modum
2067 3124 2427 3179 factitationis
2452 3140 2723 3179 renovans
2763 3126 3335 3196 incorruptibilitatcm
3363 3146 3396 3196 ;~

170 3219 449 3280 ’παντελῶς
478 3219 845 3289 ἁνασὼσηται,
874 3217 951 3287 τῷ
981 3215 1098 3269 κατ’
1124 3214 1292 3283 αὐτὴν
1316 3214 1553 3266 θεοτελεῖ
1583 3214 1722 3284 λόγῳ

1825 3212 1954 3268 item
2003 3214 2375 3284 generationis
2436 3229 2630 3269 rursus
2683 3215 3051 3269 conditionem
3099 3218 3384 3271 constituit

169 3308 264 3378 τήν
296 3292 467 3376 φύσῖν
486 3308 897 3377 διακρατοῦσαν,
928 3308 1029 3377 τῆς
1056 3308 1113 3361 δὲ
1142 3296 1449 3375 γεννήσεως
1477 3305 1573 3378 τὴν
1604 3309 1722 3361 ὑπο-

1826 3305 2119 3368 vindieem,
2175 3305 2537 3374 impeccantia
2588 3308 2707 3376 ejus
2758 3314 2958 3359 statum
3001 3308 3384 3376 generationis

174 3401 446 3451 πεσοῦσαν
492 3398 629 3469 αὐτῇ
674 3399 834 3467 φύσιν
872 3398 960 3450 διὰ
1001 3397 1099 3467 τὴν
1135 3397 1406 3467 ἁμαρτίαν
1446 3396 1725 3460 παντελῶς

167 3486 533 3559 ἓλευῧερὼσῃ,
590 3488 666 3558 τῷ
704 3489 824 3541 κατ’
867 3489 1033 3558 αὐτὴν
1069 3489 1199 3549 ἴσως
1226 3474 1353 3550 τοίςί
1369 3488 1576 3550 λοιποῖς
1606 3546 1609 3547 ν
1634 3490 1725 3541 ἐπὶ

169 3577 273 3646 γῆς
306 3577 466 3640 ζώοις
498 3577 777 3647 ἑπιρῤύτῳ
802 3578 903 3646 τῆς
935 3579 1142 3645 σπορᾶς
1164 3575 1348 3652 τρόπῳ
1383 3575 1457 3644 μὴ
1490 3592 1723 3645 κρατου-

166 3667 353 3736 μένην.
388 3667 637 3733 Συνάψας
665 3666 756 3718 οὖν
785 3665 997 3731 γένεσιν
1039 3665 1132 3717 καὶ
1159 3665 1353 3717 πλάσιν
1378 3666 1468 3716 καὶ
1492 3665 1725 3733 ἔμπνευ-

169 3769 257 3807 σιν,
293 3753 546 3822 φυσικῶς
590 3756 656 3822 τῇ
690 3752 884 3822 (227
914 3751 985 3821 a)
1014 3752 1286 3819 σαρκῶσει
1310 3751 1406 3804 καὶ
1432 3753 1497 3821 τῇ
1532 3752 1721 3822 γεννή-

167 3858 270 3907 σει,
308 3842 455 3895 κατὰ
493 3843 661 3913 μόνην
676 3842 929 3909 ,ἐπίνοιαν
973 3841 1217 3910 ἀλλήλων
1244 3841 1406 3906 δίελε,
1434 3842 1528 3896 καὶ
1556 3842 1722 3913 εὑρή-

167 3928 276 3995 σεις
305 3933 452 3985 κατά
492 3933 595 3985 τὸν
636 3934 810 4001 μέγαν
836 3931 1151 3986 διδάσκαλον
1177 3931 1274 4001 τὴν
1299 3933 1563 4002 τετάρτην
1595 3933 1721 4000 γέν-

165 4022 813 4099 νησιντσυμπληροῦσαν
862 4011 961 4090 τὴν
1007 4021 1071 4073 ἑκ
1119 4022 1405 4089 σωμάτων,
1446 4022 1549 4104 καὶ.
1586 4023 1722 4094 μόνῃ

164 4111 374 4182 ἐπινοίᾳ
406 4113 501 4180 τήν
530 4104 623 4163 ἀπ’
654 4109 831 4183 αὐτῇς
854 4110 1147 4181 δεχομένην
1173 4110 1439 4179 διάκρισιν
1468 4111 1608 4163 κατά
1630 4111 1721 4164 τὸν

165 4201 500 4254 ἀποδοθέντα
525 4199 743 4267 τρόπον.
779 4198 936 4267 Λέγω
968 4199 1027 4259 δὲ
1060 4199 1253 4251 ταύτὸν
1277 4194 1415 4252 εἶναι
1445 4201 1543 4269 τήν
1569 4202 1719 4268 γένε-

166 4305 249 4340 σιν
295 4287 799 4360 προεπινοουμένην
841 4288 1086 4357 φυσικῶς
1116 4287 1215 4356 τῆς
1243 4288 1566 4341 ἐπεισάκτου
1596 4307 1722 4357 γενι-

164 4380 395 4448 νήσεως,
425 4375 491 4450 ἧς
526 4379 654 4432 ἴδιόν
685 4380 801 4430 ἐστι
838 4378 899 4431 τὺ
945 4377 1248 4449 ἐμφύσημα
1294 4380 1356 4433 τὸ
1384 4380 1600 4447 πρῶτον
1626 4381 1720 4433 καὶ

164 4468 415 4534 ζωτικὸν.
1244 4488 1245 4491 ‘

1824 3395 2044 3449 affectui
2108 3394 2407 3449 obnoxium
2448 3386 2831 3461 isanctificans,
2891 3405 2950 3451 ut
3008 3397 3383 3450 conditionem

1823 3486 1984 3553 plene
2028 3485 2231 3538 salvam
2278 3484 2503 3549 faceret,
2529 3486 2728 3540 divina.-
2752 3500 2851 3541 sua
2898 3485 3252 3555 perfectionis
3293 3500 3382 3539 ra-

1824 3573 1972 3625 tione
2003 3581 2420 3625 conservantem
2469 3582 2746 3649 naturam,
2784 3591 2815 3629 a
2858 3575 3211 3646 generatione
3250 3589 3381 3631 vero

1822 3670 2074 3714 naturam
2107 3660 2236 3713 huic
2286 3669 2513 3729 propter
2564 3664 2827 3731 delictum
2877 3666 3174 3734 subjectam
3218 3666 3382 3734 plane

1821 3750 2104 3815 liberaret,
2129 3749 2360 3803 sationis
2386 3750 2569 3815 modo,
2613 3752 2741 3806 inde
2787 3753 3019 3807 fortasse
3061 3754 3291 3824 reliquis
3322 3757 3379 3810 in

1823 3845 1966 3893 terra
1993 3839 2320 3892 animalibus
2348 3838 2668 3904 adventitio,
2691 3856 2800 3894 non
2826 3843 3112 3897 domitam.
3147 3843 3303 3909 Quod
3331 3843 3380 3898 si

1822 3929 2197 4002 conditionem
2229 3939 2297 4009 et.
2325 3930 2703 3999 ﬁgurationem
2732 3940 2788 3984 et
2824 3931 3245 3987 insumationem
3278 3948 3379 3987 na-

1823 4022 2075 4083 turaliter
2107 4035 2235 4075 cum
2294 4021 2672 4075 incarnatione
2731 4029 2786 4074 et
2839 4036 2965 4075 cum
3024 4024 3379 4092 generatione

1820 4112 2191 4182 eonjunxeris,
2218 4110 2492 4182 distingue
2516 4111 2615 4165 has
2633 4111 2774 4164 inter
2794 4127 2853 4166 se
2882 4112 2997 4167 sola
3025 4114 3374 4183 cogitatione,
3421 4138 3424 4141 π

1821 4212 1878 4259 et
1906 4205 2176 4266 invenies,
2206 4202 2509 4257 secundum
2531 4217 2783 4275 magnum
2815 4204 3159 4273 magistrum,
3210 4219 3376 4273 quar-

1820 4302 1928 4347 tam
1960 4292 2390 4362 generationem,
2425 4293 2700 4360 complere
2725 4306 2844 4346 eam
2887 4307 3008 4361 quae
3027 4308 3093 4345 ex
3134 4291 3382 4358 corpori-

1820 4382 1925 4435 bus
1946 4381 2024 4443 fit,
2060 4382 2284 4449 solaque
2310 4380 2641 4450 cogitatione
2675 4381 2978 4449 capientem
3026 4378 3183 4431 istam
3220 4378 3288 4429 ab
3310 4390 3377 4429 se

1821 4474 1938 4540 ipsa
1974 4462 2382 4523 distinctionem
2404 4465 2471 4523 eo
2504 4484 2666 4538 quem
2696 4468 2945 4522 enarravi
2977 4467 3158 4520 modo.
3192 4465 3375 4520 Status

164 4570 345 4613 autem
396 4561 534 4614 nihil
564 4559 787 4615 diti‘erre
855 4556 1225 4615 conditionem
1295 4574 1417 4629 qua:
1457 4562 1786 4616 naturaliter
1820 4570 1945 4615 ante
2011 4557 2485 4627 superaddititiam
2542 4558 2691 4611 illam
2734 4556 3163 4627 generationem,
3217 4554 3375 4625 cujus

163 4648 443 4715 peculiare
470 4657 555 4702 est
587 4648 880 4703 insuﬂlatio
908 4649 1079 4718 prima
1115 4656 1278 4719 atque
1310 4643 1513 4715 vitalis,
1543 4649 1725 4705 animo
1764 4649 2089 4718 concipitur.
2539 4641 2543 4643 “

163 4831 386 4899 Θεωρία
412 4833 496 4895 εις
529 4831 615 4899 τὸ,
654 4849 674 4882 ι
715 4828 983 4899 Τρισσὴν
1010 4833 1294 4901 γέννησιν
1318 4834 1459 4903 ἡμῖν
1499 4830 1663 4889 οἶδεν
1690 4838 1722 4887 ὁ

1827 4832 2210 4904 Contemplatio
2254 4835 2312 4886 in
2356 4830 2532 4885 illud:
2574 4847 2593 4880 ι
2620 4828 2831 4898 Triplex
2886 4831 3177 4883 nativitatis
3210 4843 3374 4894 genus

445 4974 453 4980 _
808 4923 1018 4987 Λόγος.
1065 4940 1085 4971 ι

227 5012 342 5065 Καὶ
372 5011 668 5083 συλλήϐδην
713 5011 906 5072 εἰπεῖν,
941 5012 989 5062 εί
1019 5010 1224 5079 βούλοιο
1252 5010 1454 5083 γνῶναι
1482 5014 1588 5066 τῶν
1622 5013 1714 5065 τοῦ

166 5098 484 5154 διδασὶῐᾶλου
544 5102 717 5167 λόγων
767 5100 867 5170 τὴν
919 5100 1224 5169 ἀκρίϐειαν,
1251 5102 1404 5170 ζήτει
1430 5104 1512 5162 τίς
1539 5104 1565 5152 ὁ
1593 5104 1717 5154 κατ’

162 5189 340 5243 αἰτίαν
372 5191 776 5259 προηγούμενος
803 5191 901 5259 τῆς
943 5188 1228 5259 ἀνθρώπου
1257 5189 1518 5257 γενέσεως
1561 5188 1715 5258 λόγος

163 5279 330 5341 ἐστὶν,
384 5282 414 5332 ὁ
469 5283 565 5349 τῆς
618 5282 754 5343 ἰδίας
796 5282 943 5344 ἐντὸς
997 5283 1170 5350 μένων
1232 5283 1317 5333 ἀεὶ
1364 5283 1718 5353 μονιμότητος

162 5366 588 5435 ἁνικφοιτήτως,
625 5369 717 5421 καὶ
748 5369 830 5431 τίς
858 5371 885 5419 ὁ
912 5368 1048 5421 κατά
1073 5369 1170 5435 τὴν
1199 5368 1541 5438 παιδευτικὴν
1571 5373 1717 5423 οἰκο-

165 5455 358 5522 νομίαν
389 5456 484 5519 τῆς
508 5459 811 5525 γεννήσεως
857 5450 1020 5511 αὐτοῦ
1044 5458 1130 5511 διὰ
1162 5457 1258 5527 τὴν
1295 5458 1571 5526 ἁμαρτίαν
1593 5459 1718 5523 τρόο

166 5560 284 5607 πος,
320 5547 350 5595 ὁ
381 5546 529 5606 τέλος
562 5546 699 5614 ἔχων
737 5548 833 5615 τὴν
884 5548 976 5599 τοῦ
1022 5546 1537 5617 παιδαγωγουμένου
1572 5549 1719 5618 διόρ-

168 5632 331 5688 ῧωσιν
364 5637 457 5687 καὶ
487 5636 622 5703 πρὸς
651 5637 739 5689 τὸν
789 5637 945 5703 λόγον
981 5638 1077 5706 τῆς
1118 5638 1281 5690 αὑτοῦ
1314 5636 1576 5703 γενέσεως
1620 5640 1719 5707 τὴν

165 5725 378 5777 τελείαν
421 5726 694 5786 ἐπάνοδον,
743 5727 838 5778 καὶ
895 5726 1113 5795 μαθήσῃ
1162 5727 1351 5794 σαφῶς
1385 5728 1500 5789 πῶς
1530 5729 1559 5778 ὁ
1592 5727 1722 5789 Θεὸς

167 5815 456 5884 γενόμενος
512 5815 794 5886 ἄνθρωπος
848 5818 968 5869 κατ’
1022 5816 1186 5885 ay.th
1234 5816 1451 5879 τελείως
1516 5814 1719 5882 γέγονε.

2203 4925 2348 4977 nobis
2379 4919 2613 4990 agnoscit
2658 4918 2986 4988 Scriptura.»

1889 5018 2065 5085 thue
2094 5014 2282 5083 paucis
2308 5013 2605 5073 absolvam,
2636 5010 2683 5063 si
2724 5011 2970 5078 magistri
2992 5018 3293 5064 accuratam
3319 5008 3373 5059 in

1821 5105 2151 5174 disputando
2182 5102 2516 5171 diligentiam
2543 5114 2876 5169 cognoscere
2907 5100 3011 5161 vis,
3028 5114 3206 5167 qumre
3230 5112 3374 5164 qua:-

1822 5212 1945 5250 nam
1971 5198 2040 5250 sit
2069 5197 2156 5249 illa
2183 5192 2424 5247 hominis
2447 5191 2854 5262 generationem
2905 5191 3193 5243 causaliter
3240 5206 3379 5257 prae-

1823 5287 2022 5343 cedens
2042 5286 2199 5348 ratio,
2233 5300 2352 5353 qua:
2377 5285 2432 5338 in
2456 5300 2553 5339 sua
2575 5282 2869 5338 stabilitate
2890 5291 3205 5347 perseverat
3235 5296 3378 5331 nun-

1822 5388 1983 5443 quam
2017 5388 2319 5441 cgressura,
2359 5382 2417 5427 et
2471 5374 2595 5442 quis
2630 5373 2700 5426 sit
2730 5368 3097 5439 generationis
3144 5368 3263 5437 ejus
3308 5383 3377 5422 ex

1823 5462 2028 5515 delicto
2064 5460 2370 5513 secundum
2404 5459 2798 5513 institutorium
2825 5455 2912 5509 vel
2962 5454 3375 5522 castigatorium

1825 5552 1918 5604 Dei
1947 5550 2238 5604 consilium
2263 5550 2479 5611 modus,
2510 5550 2665 5618 cujus
2708 5546 2833 5601 ﬁnis
2886 5554 2970 5599 est
3015 5545 3132 5614 ejus
3162 5545 3251 5611 qui
3286 5544 3374 5599 in-

1817 5619 2063 5695 stituitur
2111 5639 2420 5692 emendatio
2478 5638 2659 5706 adque
2716 5636 2983 5690 rationem
3041 5632 3369 5688 conditionis

1819 5745 1931 5782 suae
1971 5729 2244 5796 perfectus
2287 5729 2517 5791 reditus,
2550 5725 2607 5781 et
2654 5727 2962 5781 luculenter
3005 5724 3183 5778 disces
3237 5720 3399 5790 quo-'
3454 5731 3458 5735 ‘

1820 5813 1979 5872 modo
2004 5820 2146 5873 Deus
2184 5834 2306 5872 cum
2325 5816 2488 5873 homo
2525 5813 2679 5875 fieret
2718 5836 2782 5872 ex
2835 5827 3067 5884 utroque
3101 5814 3373 5885 perfectus
