3986 6346
634 441 765 508 1321

1758 436 1820 495 S.
1858 435 2141 495 ΜΑΧΙΜῙ
2177 434 2679 500 CONFESSORIS

3707 429 3848 497 1323

627 563 712 608 tes
765 560 937 615 metu,
985 563 1095 618 quo
1145 547 1280 601 nihil
1329 545 1499 615 magis
1553 544 1909 599 metuendum
1957 554 2062 607 est,
2108 560 2179 597 ne

2289 537 2341 597 οῦ
2369 546 2529 599 πλέον
2552 544 2835 614 φοϐεῖσθαι
2863 545 3014 599 οὐδέν
3058 545 3173 598 ἐστι
3216 542 3616 614 φοϐεριὲιτερον,
3652 542 3847 611 μήπως

626 639 789 705 forte,
834 640 880 693 si
912 636 1292 706 prmexsistere
1316 634 1563 687 dicamus
1594 633 1921 702 corporibus
1952 634 2179 696 animas,

628 748 693 786 ac
731 728 986 799 supplicii
1028 743 1194 781 causa
1245 714 1551 780 animarum
1595 723 1765 778 fuisse
1808 723 2031 778 inventa
2064 716 2185 777 cor-

420 863 423 867 .
519 887 525 893 '
632 833 788 888 pora,
840 823 1064 885 propter
1109 812 1307 883 ﬂagitia
1360 827 1481 881 qua:
1524 811 1594 865 ab
1643 811 1712 866 iis
1766 818 1895 866 ante
1953 825 2181 880 corpora

628 907 919 963 commissa
947 905 1173 968 fuerint,
1204 903 1643 973 praestantissimi
1670 902 1868 955 horum
1899 918 2020 973 quae
2055 916 2186 956 ocu-

629 998 699 1052 lis
738 996 981 1066 subjecta
1031 1002 1159 1048 sunt
1198 1002 1254 1046 et
1287 992 1614 1047 nobilissimi
1655 990 1884 1060 opiﬁcii,
1912 1007 2010 1060 per
2039 993 2193 1061 quod.

630 1086 949 1157 agnoscitur
974 1086 1123 1139 Deus
1147 1084 1313 1138 tacito
1340 1087 1617 1153 praeconio
1644 1083 2043 1148 manifestatus,
2069 1083 2187 1136 sola

544 1230 547 1237 ,
630 1176 833 1246 ﬂagitia
870 1189 1092 1229 causam
1143 1173 1313 1227 fuisse
1359 1173 1483 1241 jure
1531 1172 1899 1242 suspicemur,
1942 1173 2186 1227 necessi‘

630 1273 799 1320 tatem
817 1264 930 1318 Deo
950 1263 1271 1317 inducentia
1288 1272 1488 1331 praeter
1514 1262 1815 1316 voluntatis
1843 1263 2186 1332 propositum

632 1363 695 1410 ut
740 1354 1097 1410 substantiam
1145 1352 1433 1417 conderet,
1459 1355 1619 1414 cuius
1653 1352 1887 1419 fortasse
1928 1354 1998 1408 ab
2027 1355 2189 1409 initio

631 1458 699 1497 ne
745 1442 1008 1496 rationem
1050 1439 1273 1509 quidem
1331 1440 1590 1493 habuerit
1624 1426 1769 1494 ante
1809 1442 2009 1495 saecula
2057 1457 2185 1497 cum

631 1534 857 1603 reliquis
892 1535 1187 1587 occultam.
1230 1530 1433 1584 Eorum
1472 1531 1619 1585 enim
1649 1546 1773 1600 quae
1820 1540 2014 1586 contra
2057 1547 2188 1602 pro-

628 1626 871 1694 positum
915 1624 1053 1676 ﬁunt
1096 1622 1267 1675 Deum
1309 1620 1493 1675 dicere
1527 1622 1787 1676 essentia:
1812 1623 2018 1678 habere
2057 1639 2188 1692 pro-

630 1713 893 1768 ducenda:
949 1712 1212 1776 rationes,
1254 1726 1365 1765 non
1428 1710 1563 1764 mihi
1616 1711 1840 1765 videtur
1902 1712 2191 1779 prudentis

630 1820 750 1859 esse
785 1804 984 1874 judicii
1025 1810 1123 1857 aut
1169 1802 1467 1871 opinionis,
1518 1811 1574 1856 et
1610 1810 1891 1871 utcunque
1930 1810 2077 1856 recte
2120 1802 2187 1856 de

631 1894 728 1949 Dei
774 1895 1052 1965 majestate
1084 1892 1397 1958 sentientis,
1431 1893 1525 1960 qui
1555 1892 1704 1947 solus
1738 1894 1855 1947 sine
1890 1890 2190 1946 aﬂeetioni-

631 1986 737 2040 bus
789 1993 875 2039 est
919 1993 976 2038 et
1018 1998 1201 2045 verax,
1258 1996 1362 2036 nec
1411 1982 1713 2050 quidquam
1763 1982 1818 2035 in
1871 1983 2189 2037 universum

635 2075 801 2130 habet
825 2076 979 2145 juxta
1002 2071 1440 2142 praeexsistemes
1468 2073 1523 2126 in
1549 2074 1669 2140 ipso
1703 2088 1885 2127 rerum
1912 2089 2033 2141 qua:
2063 2080 2190 2127 sunt

637 2166 876 2221 rationes
910 2161 1057 2233 quod
1095 2176 1289 2215 recens
1316 2160 1409 2225 sit,
1450 2176 1523 2214 ac
1538 2163 1846 2229 praesertim
1874 2170 2066 2223 contra
2094 2178 2190 2217 vo-

635 2256 861 2311 luntatis
912 2252 1272 2324 propositum.
1308 2251 1543 2311 Cuncta
1585 2251 1731 2305 enim
1798 2253 1850 2306 ei
1910 2262 2188 2322 utcunque

634 2346 954 2399 exsistentia
989 2351 1085 2405 aut
1116 2342 1382 2397 exstitura
1423 2341 1724 2396 secundum
1755 2344 2047 2398 essentiam
2076 2345 2188 2414 jam

634 2445 792 2490 antea
836 2435 1024 2500 volita,
1085 2432 1387 2497 intellecta,
1440 2440 1643 2487 statuta
1693 2432 1948 2499 fuerunt;
1988 2432 2187 2503 cuique

634 2541 766 2581 vero
806 2540 1002 2580 eorum
1038 2540 1158 2594 qua?
1193 2532 1321 2579 sunt
1367 2524 1518 2597 juxta
1572 2522 1832 2578 idoneum
1874 2530 1931 2576 et
1984 2537 2189 2591 oppor-

636 2626 827 2686 tunum
878 2624 1094 2685 tempus
1137 2617 1429 2671 essentiam
1468 2615 1665 2674 tribuit
1715 2624 1773 2669 et
1805 2614 2186 2668 substantiam.

632 2707 819 2775 Neque
866 2706 1011 2762 enim
1054 2707 1273 2777 quando
1323 2693 1646 2762 efﬁcientem
1689 2706 1974 2778 quidpiam
2014 2704 2187 2760 Deum

632 2796 900 2861 videmus,
946 2805 1077 2851 tunc
1125 2788 1346 2866 queque
1397 2797 1696 2852 voluntatis
1735 2798 1881 2852 circa
1917 2811 2037 2854 eam
2071 2810 2184 2852 rem

632 2886 850 2941 initium
917 2886 1116 2942 fecisse
1172 2896 1268 2941 aut
1302 2880 1644 2941 'intellectus
1696 2896 1790 2942 aut
1855 2888 2187 2959 cognitionis

634 2978 814 3046 ipsum
867 2977 1224 3031 arbitremur.
1265 2976 1455 3032 Absit!
1504 2975 1620 3033 Hoc
1663 2979 1809 3033 enim
1852 2982 2022 3035 multa
2048 2996 2187 3050 Apro-

632 3067 776 3120 fecto
809 3066 1147 3123 absurditate
1186 3074 1445 3137 scateret,
1465 3068 1525 3121 .si
1556 3069 1701 3137 quod
1755 3070 1899 3124 Deus
1924 3071 1993 3125 ab
2021 3068 2182 3126 initio

632 3164 762 3211 ante
786 3156 983 3209 saecula
1021 3171 1198 3225 neque
1248 3158 1524 3225 cogitavit,
1560 3166 1655 3212 aut
1697 3161 1890 3217 statuit
1926 3170 1987 3214 ut
2018 3168 2183 3245 esset,
2212 3193 2254 3250 c

633 3254 729 3301 aut
769 3246 959 3311 voluit,
1006 3262 1156 3302 nunc
1201 3249 1447 3318 cogitans
1472 3258 1528 3303 et
1575 3260 1823 3305 statuens
1866 3260 1925 3305 et
1965 3252 2179 3315 volens,

634 3338 722 3393 vel
774 3339 1123 3408 resipiscens,
1173 3349 1234 3393 ut
1284 3341 1457 3409 magis
1494 3341 1713 3408 proprie
1742 3342 1958 3410 loquar,
1990 3338 2054 3393 ’ut
2087 3340 2184 3393 bo-

633 3443 766 3482 num
807 3429 1094 3497 perficeret
1126 3447 1138 3481 :
1168 3445 1238 3483 ne
1267 3430 1444 3484 dicam
1472 3433 1616 3500 quod
1646 3448 1714 3487 ne
1764 3434 1934 3503 ipsam
1962 3433 2185 3502 quidem

633 3532 827 3572 eorum
865 3518 1260 3572 factitationem
1309 3536 1543 3589 quorum
1591 3524 1830 3577 rationes
1860 3524 2185 3578 anteceden-

637 3611 723 3662 ter
752 3623 861 3661 non
905 3607 1124 3672 habeat,
1168 3611 1342 3664 novit.
1394 3612 1509 3666 lmo
1543 3623 1739 3668 cuncta
1774 3616 1869 3668 Dei
1904 3616 2184 3669 voluntate

634 3712 732 3766 per
776 3698 1176 3765 prmscientiam
1220 3702 1521 3755 secundum
1562 3703 1826 3757 infinitam
1864 3706 1983 3773 ejus
2016 3706 2185 3759 virtu-

634 3794 743 3841 tem
777 3802 992 3856 semper
1040 3789 1311 3842 contineri
1370 3792 1673 3856 credimus,
1721 3793 1869 3845 nulla
1904 3808 1963 3846 re
2010 3795 2078 3846 ab
2116 3809 2183 3846 eo

634 3891 854 3947 quoquo
876 3876 928 3929 id
951 3876 1111 3929 modo
1140 3877 1296 3932 fieret
1314 3895 1507 3933 recens
1527 3882 1828 3951 excogitata
1851 3891 1907 3936 et
1920 3882 2183 3937 exsisten-

639 3969 764 4022 tiam
800 3967 1146 4021 essentialem
1175 3969 1498 4038 accipiente.
1526 3972 1711 4041 Neque
1741 3973 1886 4026 enim
1932 3976 2183 4028 existimo

635 4072 729 4111 eos
756 4057 849 4126 qui
882 4057 967 4125 pie
996 4073 1060 4110 ac
1091 4059 1338 4128 religiose
1378 4062 1623 4115 sentiunt
1655 4060 1855 4116 debere
1883 4064 2055 4117 Deum
2083 4079 2185 4131 pu-

636 4156 749 4201 tare
797 4163 918 4216 qua:
954 4163 1052 4216 per
1094 4152 1570 4220 praecognitionem
1632 4146 2090 4206 inﬁnita'virtute
2128 4152 2184 4203 in

635 4238 815 4305 seipso
852 4239 1151 4291 secundum
1194 4256 1384 4294 eorum
1420 4242 1662 4294 rationes
1696 4243 2180 4309 prmeontinentur,

637 4341 701 4381 ea
748 4326 957 4395 singula
1004 4341 1336 4395 cognoscere
1372 4344 1477 4397 per
1506 4330 1921 4399 productionem
1950 4332 2011 4386 in
2038 4333 2182 4386 exsi-

638 4416 909 4469 stentiam.
952 4420 1019 4468 At
1070 4417 1229 4471 nobis
1261 4418 1457 4471 saecula
1495 4426 1551 4471 et
1593 4426 1839 4487 tempora
1882 4421 2185 4475 secundum

2290 637 2659 706 προϋπάρχειν
2684 637 2933 704 λέγοντες
2955 636 3062 689 τῶν
3086 635 3353 704 σωμάτων
3386 636 3484 696 τὰς
3517 632 3723 702 ψυχὰς,
3753 638 3847 685 καὶ

2287 728 2553 796 τιμωρίας
2595 728 2779 781 ἕνεκεν
2824 727 2932 781 τῶν
2958 726 3144 796 ψυχῶν
3174 725 3502 797 ὲφειυρέσθαι
3517 726 3565 757 ⁷⁷
3622 724 3692 777 τά
3739 724 3848 775 atii-

2292 835 2459 887 ματα,
2514 818 2603 871 διὰ
2674 819 2773 887 τὴν
2826 816 3307 889 προγεγενημένην
3367 814 3478 867 τῶν
3539 814 3848 882 ἀσωμάτων

2288 912 2503 975 κακίαν,
2567 912 2665 979 τῆς
2711 912 2818 964 τῶν
2872 912 3163 982 ὁρωμένων
3191 906 3499 977 ἐκπρεποῦς
3541 908 3845 977 μεγαλουρ-

2287 1001 2431 1068 γίας,
2479 1001 2547 1053 δι’
2587 996 2653 1071 ἧς
2696 1004 2725 1054 ὁ
2752 1001 2882 1063 Θεὸς
2913 998 3240 1067 γινώσκεται
3272 999 3446 1066 σιωπῇ
3504 995 3845 1065 κηρυττόμε-

2287 1108 2396 1153 νος.
2424 1091 2602 1143 αἰτίαν
2632 1089 2853 1150 εἰκότως
2875 1088 2944 1119 ⁷⁷⁴
2979 1084 3119 1141 εἶναι
3143 1086 3310 1156 μόνην
3340 1081 3708 1163 ὑποτιθέμεθα
3747 1083 3848 1149 τὴν

2290 1181 2511 1245 κακίαν,
2544 1180 2789 1249 ἀνάγκην
2819 1178 3130 1250 ἐπάγουσαν
3151 1174 3229 1244 τῷ
3262 1173 3381 1243 Θεῷ
3400 1172 3556 1242 παρὰ
3586 1169 3846 1240 πρόθεσιν

2291 1273 2358 1342 ἦν
2390 1274 2490 1324 οὐκ
2528 1265 2821 1339 εὐδόκησεν
2841 1268 2887 1300 ⁷⁸
2920 1269 3109 1320 οὐσίαν
3139 1263 3561 1335 δημιουργῆσαι,
3590 1256 3658 1331 ἧς
3686 1259 3850 1326 τυχὸν
3918 1257 3925 1263 ’

2290 1362 2384 1414 ἀπ’
2412 1361 2587 1428 ἀρχῆς
2614 1358 2736 1411 οὐδὲ
2765 1358 2855 1409 τὸν
2883 1357 3039 1423 λόγον
3066 1354 3181 1424 ἔχει
3208 1353 3328 1424 πρὸ-
3344 1352 3452 1404 τῶν
3472 1350 3686 1404 αἰώνων
3709 1345 3846 1417 μετ1

2289 1449 2395 1503 τῶν
2425 1449 2598 1503 ἄλλων
2626 1448 2964 1517 ἀπόκρυφον.
2992 1446 3113 1498 Τῶν
3145 1444 3255 1516 γὰρ
3296 1442 3445 1513 παρὰ
3476 1440 3737 1510 πρόθεσιν
3768 1454 3849 1504 γιο

2290 1543 2533 1612 νομένων
2556 1540 2854 1612 λέγειν-ἰὸν
2880 1539 3010 1591 Θεὸν
3048 1537 3191 1607 ἔχειν
3234 1536 3360 1596 τοὺς
3394 1533 3498 1601 τῆς
3540 1528 3848 1589 οὐσιώσεως

2289 1631 2500 1698 λόγους,
2529 1628 2589 1683 οῦ
2616 1615 2717 1700 ’μοι
2771 1628 2919 1681 δοκεῖ
2972 1625 3200 1693 συνετῆς
3246 1623 3490 1682 διανοίας
3532 1615 3698 1680 εἶναι,
3757 1616 3845 1668 καί

2289 1718 2534 1774 ὁπωσοῦν
2562 1716 2619 1773 εὖ
2652 1717 3065 1789 συνῃσθημένης
3096 1714 3232 1768 Θεοῦ
3279 1711 3723 1782 μεγαλειότητος,
3755 1707 3847 1759 τοῦ

2290 1810 2532 1874 ἀπαθοῦς
2570 1810 2665 1863 καὶ
2711 1809 2872 1879 μόνου
2916 1806 3171 1877 ἀληθοῦς,
3231 1806 3324 1857 καὶ
3394 1802 3565 1872 μηδὲν
3629 1801 3844 1869 ἔχοντος

2291 1903 2514 1957 καθόλου
2549 1900 2689 1954 κατὰ
2733 1900 2860 1961 τοὺς
2900 1889 2970 1952 ’ὲν
3023 1896 3173 1966 αὐτῷ
3230 1895 3493 1964 προόντας
3540 1892 3648 1943 τῶν
3674 1891 3839 1941 δντωι

2288 1994 2476 2062 λόγους
2521 1972 2854 2061 πρόσφατον,
2903 1990 2997 2040 καὶ
3059 1987 3293 2056 μάλιστα
3360 1983 3511 2050 παρὰ
3568 1980 3842 2048 πρόθεσιν.

2288 2080 2471 2133 Πάντα
2500 2079 2607 2148 γὰρ
2638 2076 2787 2146 αὺτῷ
2814 2076 2883 2129 τὰ
2916 2072 3166 2126 ὁπωσοῦν
3192 2072 3319 2124 δντα
3344 2072 3388 2103 τ’
3432 2070 3464 2138 ἥ
3504 2070 3841 2135 γενησόμενα

2289 2170 2427 2225 κατὰ
2452 2170 2551 2240 τὴν
2576 2167 2760 2221 οὐσίαν
2776 2162 3164 2233 προτεθέληταί
3194 2179 3255 2215 τε
3280 2162 3373 2214 καὶ
3406 2158 3843 2229 προεννενόηται,

2288 2262 2382 2314 καὶ
2410 2260 2784 2330 προέγνωσται
2806 2273 2819 2286 ·
2861 2255 3088 2308 ἕκαστον
3135 2253 3193 2306 δὲ
3235 2251 3345 2304 τῶν
3376 2250 3548 2302 ὄντων
3589 2246 3736 2301 κατὰ
3761 2247 3869 2297 τὸνι

2288 2348 2506 2402 εὔθετον
2518 2344 2563 2378 ⁸⁸
2588 2346 2684 2399 καὶ
2717 2344 3018 2413 ἐπιτήδειον
3042 2352 3233 2412 καιρόν
3255 2340 3429 2393 οὒσιοί
3460 2339 3554 2390 καὶ
3570 2337 3841 2407 ὑφίστησι.

2288 2438 2440 2508 Μηδὲ
2476 2438 2582 2508 γὰρ
2605 2438 2695 2489 ὅτε
2712 2452 2772 2487 -τι
2795 2431 3278 2497 κατασκευάζοντα
3309 2426 3401 2481 τὸν
3449 2428 3585 2481 Θεὸν
3610 2426 3840 2496 ὁρῶμεν,

2288 2531 2409 2583 τότε
2432 2530 2644 2598 καὶτῆς
2668 2529 2798 2599 περί⁵
2832 2527 2964 2581 αὐτὸ
2996 2527 3267 2596 θελήσεως
3315 2520 3518 2592 ἦρχθαι
3554 2519 3767 2580 ἑννοίας
3789 2534 3842 2570 τε

2292 2621 2665 2690 καιγνὼσεως
2708 2619 2869 2673 αὑτὸν
2899 2618 3211 2688 νομίσωμεν
3229 2617 3298 2667 ⁸³.
3346 2615 3584 2678 Ἀπαγε.
3642 2608 3840 2676 Πολλῆς

2290 2710 2396 2781 γὰρ
2429 2710 2596 2772 ὅντως
2636 2709 2755 2762 ἐστὶ
2801 2707 2958 2761 τοῦτο
3023 2705 3218 2777 μεστὸν
3269 2701 3519 2763 ἀτοπίας,
3558 2700 3608 2751 εἰ
3656 2700 3838 2767 ὃπερό

2287 2799 2416 2862 Θεὸς
2441 2799 2709 2868 (231a)
2741 2798 2800 2862 ἐξ
2831 2796 3003 2867 ἀρχῆς
3035 2796 3138 2865 πρὸ
3170 2794 3280 2846 τῶν
3304 2792 3517 2845 αἰώνων
3562 2792 3707 2858 μήτε
3762 2789 3841 2837 ὲν-

2286 2887 2561 2957 ενόησενῆ
2590 2887 2729 2955 ἔγνω
2759 2887 2792 2956 ἢ
2822 2886 3075 2955 ὲθέλησεν
3109 2879 3267 2947 εἶναι,
3301 2882 3397 2935 νῦν
3440 2882 3638 2948 νοήσας
3673 2896 3733 2930 τε
3758 2880 3844 2930 καί

2287 2979 2517 3048 θελήσας
2542 2979 2637 3031 καὶ
2657 2978 2838 3044 γνοὺς,
2869 2977 2902 3044 ἢ
2944 2976 3242 3044 μεταγνοὺς
3263 2977 3435 3026 εἰπεῖν
3485 2971 3835 3041 οἰκειότερον,

2285 3071 2361 3135 ὡς
2390 3068 2551 3124 καλὸν
2584 3066 2920 3133 ἐξετέλεσενο
2948 3066 3034 3119 ἵνα
3092 3066 3168 3136 μὴ
3209 3066 3353 3133 λέγω
3399 3064 3481 3117 ὅτι
3520 3064 3644 3116 οὐδὲ
3677 3063 3842 3127 αὐτὴν

2287 3156 2520 3223 ὦν-τοὺς
2561 3158 2753 3226 λόγους
2800 3157 3232 3226 προηγουμένως
3289 3156 3387 3208 οὐκ
3423 3155 3555 3224 ἔχει,
3589 3153 3843 3220 γινώσκει

2288 3249 2386 3318 τὴν
2415 3230 2652 3314 ποίησιν.
2727 3244 2888 3295 Ἀλλὰ
2933 3244 3111 3297 πάντα
3154 3246 3220 3313 τῇ
3258 3243 3509 3313 βουλήσει
3559 3241 3653 3294 τοῦ
3709 3241 3841 3292 Θεοῦ

2294 3337 2713 3407 προγνωστικῶς
2733 3333 2876 3387 κατὰ
2915 3332 3012 3403 τὴν
3043 3332 3271 3402 ἄπειρον
3305 3332 3472 3385 αὐτοῦ
3505 3332 3740 3412 δύναμιν
3762 3330 3842 3382 ἀεὶ
3890 3352 3895 3357 ι

2300 3426 2647 3496 περιέχεσθαι
2677 3423 3025 3493 πιστεύομεν,
3081 3422 3303 3492 μηδενὸς
3346 3421 3488 3489 αὐτῷ
3530 3420 3655 3473 καθ’
3708 3422 3842 3471 οἱον-

2289 3517 2484 3585 δήποτε
2531 3515 2728 3586 τρόπον
2793 3513 3122 3584 προσφάτως
3168 3510 3582 3580 ἑπινοονμένου,
3642 3512 3738 3564 καὶ
3783 3510 3841 3565 τὸ

2289 3600 2427 3655 εἶναι
2466 3603 2605 3654 κατὰ
2625 3602 2724 3669 τὴν
2766 3601 2951 3655 οὐσίαν
2984 3599 3377 3670 λαμϐάνοντος.
3413 3599 3563 3665 Μηδὲ
3594 3598 3705 3667 γὰρ
3736 3599 3839 3651 ofs-

2292 3694 2413 3745 σθαι
2456 3693 2563 3744 δεῖν
2580 3692 2625 3724 ⁸¹
2673 3692 2909 3756 εὐσεϐῶς
2961 3691 3291 3762 φρονοῦντας
3339 3673 3707 3759 ὑπολαμϐάνω
3754 3690 3839 3741 τὸν

2288 3783 2417 3834 Θεὸν
2449 3782 2518 3832 τὰ
2550 3780 2691 3832 κατὰ
2742 3782 3047 3850 πρόγνωσιν
3082 3782 3532 3851 ἀπειροδυνάμως
3565 3782 3622 3831 ἐν
3666 3779 3841 3850 ἑαυτῷ

2288 3871 2428 3923 κατὰ
2454 3870 2581 3930 τοὺς
2612 3869 2817 3921 ἑαυτῶν
2850 3870 3037 3938 λόγους
3070 3871 3549 3942 προπεριεχὸμενα
3570 3871 3617 3901 ³³
3640 3870 3838 3942 ἕκαστα

2292 3958 2582 4029 μανθάνειν
2628 3960 2713 4012 διὰ
2742 3961 2839 4028 τῆς
2892 3963 2975 4023 εἰς
3005 3962 3066 4013 τὸ
3092 3959 3231 4016 εῖναι
3291 3963 3648 4032 παραγωγῆς.
3697 3960 3836 4012 Ἀλλ’

2290 4052 2421 4118 ήμῖν
2449 4050 2496 4100 οἰ
2543 4050 2736 4113 αἰῶνές
2776 4068 2835 4103 τε
2876 4053 2971 4106 καὶ
2998 4053 3049 4105 οἱ
3096 4054 3273 4124 χρόνοι
3311 4056 3449 4107 κατά
3482 4055 3572 4106 τὸν
3608 4060 3841 4122 amp;

2292 4139 2486 4207 σμένον
2508 4140 2554 4171 ⁸⁸
2585 4140 2680 4192 καὶ
2709 4142 2800 4194 τὸν
2833 4141 3049 4197 εὔθετον
3087 4146 3318 4198 ἑκάστου
3358 4146 3548 4215 καιρὸν
3595 4144 3770 4211 σοφῶς
3789 4142 3831 4171 ⁸⁸

2290 4230 2495 4282 ἕκαστα
2544 4232 3022 4301 δημιουργούμενα
3077 4234 3469 4297 δεικνύουσιιδ,
3506 4235 3602 4286 καὶ
3652 4235 3734 4293 εἰς
3780 4232 3837 4283 τὸ

2288 4317 2424 4373 εἶναι
2444 4322 2835 4390 προϐάλλονται
2855 4323 2899 4353 ⁸⁷
2924 4340 2937 4353 ·
2971 4326 3111 4375 καθὰ
3133 4327 3226 4375 καὶ
3251 4324 3491 4395 περὶτοῦ
3521 4324 3649 4377 Acut
3678 4339 3837 4391 φησιν

2288 4413 2316 4463 ό
2341 4411 2480 4472 θεῖος
2519 4411 2837 4474 Ἀπόστολος
2875 4414 3071 4465 οὑτωσὶ
3102 4413 3332 4476 διεξιὼν,
3365 4416 3494 4466 Ἔτι
3526 4408 3643 4483 γὰρ’
3669 4413 3740 4464 ἐν·
3766 4410 3835 4479 τῇ

637 4501 963 4570 praefinitum
1012 4512 1490 4573 opportunumque
1522 4507 1788 4585 cujusque
1847 4507 1927 4561 rei
1972 4516 2187 4577 tempus

2291 4506 2478 4572 ὀσφύϊ
2498 4504 2602 4569 τοῦ
2624 4506 2845 4572 ,πατρὸς
2865 4502 2961 4574 ἦν,
2994 4509 3120 4577 πρὶν
3152 4509 3232 4569 εἰς
3258 4509 3317 4560 τὸ
3348 4504 3490 4579 εἶναι
3525 4505 3828 4578 παρελθεῖν.

639 4592 912 4659 sapienter
945 4593 1203 4660 quaelibet
1238 4594 1357 4647 fieri
1386 4594 1704 4657 ostendunt,
1740 4608 1794 4649 et
1820 4596 1884 4649 ad
1919 4599 2189 4653 exsisten-

644 4681 769 4733 tiam
817 4683 1044 4750 provehi
1082 4699 1095 4733 :
1132 4682 1275 4735 sicut
1324 4684 1487 4736 etiam
1525 4683 1595 4738 de
1629 4685 1757 4739 Levi
1806 4686 1941 4739 dicit
1973 4688 2193 4744 divinus

642 4757 953 4838 Apostolus,
976 4770 1080 4824 hoc
1107 4771 1268 4823 modo
1289 4770 1547 4838 loquens:
1582 4773 1760 4825 Adhuc
1784 4777 1919 4826 enim
1938 4777 1991 4827 in
2026 4775 2194 4830 lumbo

639 4862 801 4927 patris
816 4869 933 4913 erat
968 4862 980 4900 ί
1010 4869 1299 4930 antequam
1323 4861 1632 4915 ‘exsisteret.
1662 4862 1762 4927 Qui
1795 4865 2037 4931 potentia
2064 4867 2189 4933 qui-

639 4950 851 5023 dcm‘in
879 4950 1185 5017 patriarcha
1208 4951 1520 5004 Abrahamo
1557 4953 1846 5013 easisteus,
1884 4953 2034 5027 juxta
2062 4970 2190 5022 prae-

642 5037 852 5090 finitum
887 5052 1016 5091 vero
1060 5047 1276 5105 tempus
1315 5052 1413 5106 per
1451 5039 1862 5108 conceptionem
1900 5040 1965 5091 de
1992 5042 2189 5097 effectu

641 5132 834 5180 nactus
869 5124 1276 5195 generationem
1316 5125 1371 5179 in
1414 5126 1813 5192 exsistentiam,
1850 5129 1993 5182 serie
2018 5138 2073 5182 et
2111 5145 2193 5183 or«

2292 4596 2478 4655 ’Ὀστις
2522 4595 2756 4663 ’δυνάμει
2791 4596 2887 4664 μὲν
2913 4595 2958 4626 ⁸⁸
2990 4597 3046 4647 ὲν
3077 4594 3156 4663 τῷ
3216 4596 3526 4667 πατριάρχῃ
3590 4596 3832 4666 Ἀϐραὰμ

2295 4684 2579 4753 ὑπάρχων,
2624 4685 2764 4735 κατὰ
2815 4686 2871 4736 δὲ
2909 4685 2997 4737 τὸν
3042 4686 3427 4757 τετελεσμένον
3487 4688 3675 4757 καιρὸν
3734 4689 3832 4755 τὴν

2295 4776 2430 4843 πρὸς
2478 4774 2537 4825 τὸ
2583 4769 2719 4826 εἶναι
2752 4774 2840 4825 διὰ
2881 4776 3127 4844 κυήσεως
3160 4775 3279 4849 κατ’
3310 4773 3593 4843 ἐνέργειαν
3622 4775 3831 4841 γένεσιν

2294 4864 2492 4926 λαϐὼν,
2526 4865 2700 4935 εἰρμῷ
2727 4868 2819 4917 καὶ
2846 4866 2995 4927 τάξει
3022 4867 3161 4919 κατὰ
3177 4867 3285 4935 ’τὴν
3317 4866 3624 4935 ἀπόρρητον
3646 4867 3831 4932 σοφίαν

2292 4954 2384 5005 τοῦ
2421 4953 2552 5005 Θεοῦ
2593 4955 2658 5006 τὰ
2698 4954 2869 5007 πάντα
2897 4955 2993 5023 τὴν
3039 4956 3172 5024 πρὸς
3213 4954 3275 5005 τὸ
3323 4938 3462 5006 εἶναι
3514 4956 3721 5018 γένεσιν
3753 4954 3829 5004 δέ-

2297 5042 2481 5110 χεσθαι
2520 5045 2656 5093 νοεῖν
2693 5044 2835 5111 ἡμᾶς
2869 5044 2961 5094 καὶ
2996 5044 3269 5095 πιστεύειν
3313 5045 3453 5096 κατὰ
3483 5044 3568 5095 ⁴ιὸν
3598 5060 3829 5111 προγνω·

2299 5132 2491 5185 σθέντα
2520 5132 2707 5199 καιρὸν
2742 5133 3073 5201 ὑπηγάγετο.

640 5217 767 5270 dine
793 5215 997 5277 omnia,
1036 5215 1422 5283 prmintcllecto
1474 5224 1637 5285 atque
1689 5219 2021 5288 praecognito
2060 5228 2327 5289 tempore,
2373 5220 2672 5276 secundum
2713 5221 3040 5276 ineffabilem
3104 5225 3198 5277 Del
3238 5224 3556 5292 sapientiam
3592 5223 3828 5292 accipere
3894 5250 3901 5259 -

642 5308 970 5362 cxsistcntia:
1005 5308 1368 5368 conditionem
1432 5316 1491 5362 ut
1538 5326 1636 5363 nos
1700 5310 2127 5378 intelligeremus
2186 5320 2241 5365 et
2274 5313 2626 5367 crederemus
2667 5315 2955 5382 persuasit.

722 5427 735 5464 ἱ
770 5423 933 5477 Ilebr.
965 5440 1057 5484 vn,
1095 5422 1183 5474 10.‘

1889 5511 2118 5565 V'AltUE
2162 5512 2561 5567 LECTIONES.

712 5636 754 5667 ⁷³
789 5634 1116 5702 ὲφευρῆσθαι
1156 5635 1243 5687 ed.
1293 5632 1461 5703 Galla
1502 5632 1566 5664 ’⁷⁷⁸
1594 5630 1689 5703 δῖοί
1722 5633 1840 5703 cod.
1879 5631 2111 5703 Gudact
2142 5630 2228 5687 ed.
2260 5633 2397 5687 Call.
2472 5633 2517 5665 "
2550 5634 2844 5703 ηὐδόκησεν
2900 5635 2991 5692 ed.
3044 5591 3186 5691 .Gall.
3262 5635 3359 5703 ⁷’ἢ
3400 5637 3525 5690 ὄντα
3572 5637 3650 5691 ed.
3693 5637 3831 5692 Gal].

643 5701 1208 5784 ποΙένθετρνοίξιϐειΙι.-
1259 5702 1885 5784 θινομπίζομενὲιξηϐση.
1960 5701 2350 5784 δί’-δεξοεῂϐιιῌ,
2426 5701 3476 5784 3"r:PPﬁ€ptox.6:1E‘Jgapggr.£0d.attd.

644 5770 733 5830 ed.
761 5771 899 5829 Call.

987 5739 1182 5757 μνη...
1329 5739 1375 5752 ,ν
1429 5739 1440 5751 .
1479 5739 1504 5753 .,
1552 5739 1714 5755 οη...
1749 5739 1885 5756 να...
2022 5739 2350 5755 --......,.....
2498 5739 2529 5754 ..
2568 5739 2663 5753 ν...
2710 5739 2754 5753 .-
2795 5739 3085 5758 πείσω
3699 5739 3728 5755 υ
3782 5739 3824 5756 ι.

987 5774 1031 5804 ει
1064 5772 1247 5840 σαφῶς
1276 5771 1361 5823 cd.
1383 5739 1565 5823 ἒὲιιῗ.
1599 5772 1644 5801 οι
1674 5771 1906 5823 δείκνυσι
1946 5772 2033 5825 ed.
2068 5772 2203 5823 Call.
2279 5773 2320 5803 ιτ
2352 5739 2707 5847 πρρσάἵλετσῖἱ
2738 5739 2983 5827 e'dfGaiL
3018 5739 3118 5807 ἐξ
3138 5761 3369 5848 υ.ῂίῑῖιῇ
3402 5739 3824 5832 habet—23%;”.
