3986 6346
207 470 337 537 1330

1409 470 1919 534 AMBIGUORUM
1957 470 2205 547 Lmen,

3261 465 3395 531 1330

265 582 485 636 Πάντων
511 574 602 634 οὖν
633 580 738 635 τῶν
769 582 884 633 κατ’
907 578 1090 634 οὐσίαν
1121 580 1470 650 ὑπαρκτικῶς
1498 581 1666 633 όντων
1687 598 1745 633 τε

1914 579 2366 651 Omnium'igitur
2405 571 2587 632 rerum
2621 573 2921 648 semiudum
2945 578 3237 633 essentiam
3269 581 3397 633 sub-

199 674 287 726 καὶ
306 672 595 740 ἐσομένων,
621 671 654 739 ἢ
670 670 972 738 γενομένων
988 671 1054 734 ⁸³,
1081 671 1113 740 ἤ
1136 670 1516 740 γενησομένων
1551 672 1584 741 ἦ
1613 689 1741 739 φαι-

200 760 452 830 νομένων,
483 759 516 827 ﬁ
546 761 952 831 φανησομένων,
983 762 1040 811 ἐν
1067 759 1145 826 τῷ
1171 758 1290 827 Θεῷ
1330 760 1742 830 προϋπάρχουσι

202 851 405 916 παγίως
434 849 586 909 ὄντες
628 851 676 900 ot
721 849 890 916 λόγοι,
921 848 1042 900 καθ’
1073 849 1166 910 οὓς
1197 849 1291 902 καὶ
1321 849 1430 901 εἰσὶ
1458 850 1526 902 τά
1572 850 1745 903 πάντα

201 943 290 992 καὶ
314 941 566 1007 γεγόνασι
595 940 686 992 καὶ
706 939 1044 1008 διαμένουσιν
1061 940 1106 970 ’⁸
1133 941 1220 993 ἀεὶ
1241 942 1352 1002 τοῖς
1376 940 1585 993 ἑαυτῶν
1607 940 1746 993 κατὰ

203 1029 454 1097 πρόθεσιν
499 1029 698 1096 λόγοις,
740 1029 825 1080 διὰ
864 1031 1134 1096 κινήσεως
1185 1029 1420 1098 φυσικῆς
1462 1027 1746 1097 ἐγγίζοντα

202 1119 378 1198 ’(231
405 1122 457 1181 b)
486 1122 580 1172 καὶ
632 1119 768 1189 πρὸς
833 1119 895 1171 τὸ
938 1115 1075 1172 εἶναι
1134 1119 1333 1188 μᾶλλον
1391 1120 1742 1189 συνεχόμενα,

206 1211 337 1263 κατὰ
364 1210 461 1279 τὴν
495 1210 663 1264 ποιάν
684 1225 742 1262 τε
784 1211 874 1263 καὶ
926 1210 1094 1279 ποσὴν
1120 1210 1221 1278 τῆς
1258 1210 1632 1280 προαιρέσεως
1664 1209 1749 1261 κί-

205 1299 354 1370 νησίν
381 1317 440 1354 τε
464 1301 558 1354 καὶ
595 1300 788 1369 ῥοπὴν,
822 1301 882 1352 τὸ
908 1300 968 1353 εὖ
993 1302 1060 1353 δι’
1091 1301 1292 1370 ἀρετὴν
1323 1302 1420 1353 xci.
1470 1301 1571 1370 τὴν
1612 1299 1748 1370 πρὸς

207 1390 290 1442 τὸν
325 1390 480 1456 λόγον
508 1389 628 1443 καθ’
653 1391 711 1443 ὃν
733 1393 879 1443 ἐστιν
929 1391 1279 1459 εὐθυπορίαν,
1310 1390 1344 1460 ἢ
1393 1390 1450 1442 τὸ
1475 1389 1575 1458 φεῦ
1611 1384 1748 1441 εἶναι

208 1479 290 1531 διὰ
317 1480 513 1533 κακίαν
555 1481 647 1532 καὶ
692 1482 789 1547 τὴν
838 1481 988 1550 παρὰ
1034 1482 1137 1533 τὸν
1175 1482 1331 1549 λόγον
1378 1480 1499 1533 καθ’
1525 1481 1583 1533 ὃν
1633 1483 1748 1532 ὲιστι

209 1573 414 1636 κίνησιν
439 1560 803 1638 λαμϐάνοντα,
836 1573 928 1624 καὶ
972 1573 1249 1640 συντόμως
1279 1573 1451 1624 εἰπεῖν
1483 1570 1622 1624 κατὰ
1651 1571 1749 1641 τὴν

208 1654 310 1717 ἕξιν
333 1654 366 1718 ἢ
382 1655 480 1724 τὴν
498 1656 747 1725 στέρησιν
762 1659 861 1725 τῆς
877 1658 1053 1712 αὐτῶν
1081 1658 1221 1730 κατὰ
1239 1659 1401 1726 φύσιν
1426 1657 1749 1728 μεθεκτικῆς

208 1744 479 1812 δυνάμεως
497 1745 590 1796 τοῦ
607 1746 880 1810 παντελῶς
907 1748 1208 1817 ἁμεθέκτου
1222 1751 1360 1804 κατὰ
1382 1749 1541 1818 φύσιν
1567 1749 1745 1820 ὑπάρ-

209 1849 408 1900 χοντος,
436 1833 531 1886 καὶ
567 1835 731 1889 πᾶσιν
761 1836 946 1900 ἁπλῶς
984 1839 1173 1892 ἑαυτὸν
1203 1841 1375 1905 ἀξίοις
1411 1858 1470 1892 τε
1504 1842 1596 1894 καὶ
1619 1843 1751 1904 ἀνα-

1845 671 2174 724 stantialiter
2199 669 2583 723 exsistentium
2609 676 2662 722 ct
2699 665 3115 735 exstiturarum,
3157 669 3271 724 sive
3298 684 3410 724 nti--

1846 768 2022 814 tarum
2073 760 2190 813 sive
2228 759 2654 822 nasciturarum,
2691 759 2807 811 sive
2859 740 3239 826 apparentium
3282 760 3399 814 sive

1845 849 2301 917 appariturarum,
2336 847 2391 900 in
2437 849 2548 900 Deo
2580 846 2962 915 prmexsistunt
2999 847 3272 901 stabiliter
3311 863 3397 902 ra~
3467 873 3478 883 -

1847 939 2041 1003 tiones,
2085 937 2412 993 secundum,
2441 953 2579 1006 quas
2622 946 2678 993 et
2711 947 2853 991 sunt
2869 939 3052 992 omnia
3084 946 3139 993 et
3175 938 3399 993 fuerunt

1845 1036 1899 1081 et
1940 1011 2161 1081 manent
2191 1041 2409 1095 semper
2455 1025 2569 1079 suis
2603 1025 2904 1078 secundum
2931 1025 3228 1080 voluntatis
3263 1040 3397 1094 pro-

1846 1117 2083 1185 positum
2111 1115 2438 1180 rationibus,
2472 1129 2570 1183 per
2593 1112 2894 1166 naturalem
2936 1123 3145 1168 motum
3198 1129 3398 1184 appro-

1846 1206 2166 1282 pinquantia
2209 1214 2266 1260 et
2324 1205 2392 1259 ad
2449 1205 2824 1259 exsistentiam
2880 1205 3054 1274 magis
3103 1212 3399 1270 coarctatae,

1846 1296 2146 1350 secundum
2201 1297 2636 1365 qualemcunque
2684 1302 2739 1349 et
2782 1305 3255 1364 quantumcunque
3299 1309 3402 1348 vo-

1846 1386 2072 1440 luntatis
2131 1395 2340 1440 motum
2422 1393 2589 1454 atque
2647 1395 3017 1447 momentum,
3081 1380 3400 1454 accipientia

1847 1475 1987 1530 bene
2033 1492 2157 1530 esse
2205 1491 2305 1546 per
2341 1477 2602 1530 virtutem
2652 1483 2973 1544 rectumque
3019 1475 3084 1529 ad
3137 1475 3403 1530 rationem

1847 1582 1953 1636 qua
2003 1574 2233 1620 utuntur
2289 1567 2416 1631 iter,
2467 1566 2554 1621 vel
2608 1566 2907 1621 male'esse
2954 1574 3177 1634 propter
3208 1566 3399 1644 vitium

1847 1666 1903 1709 et
1939 1666 2144 1710 motum
2187 1656 2240 1710 ei
2272 1671 2380 1725 qua
2415 1663 2648 1710 utuntur
2699 1653 3295 1725 ratione-contrarium,
3323 1649 3399 1714 et,

1849 1757 1910 1802 ut
1943 1747 2130 1818 paucis
2177 1747 2375 1810 dicam,
2428 1743 2731 1800 secundum
2789 1741 3035 1796 habitum
3081 1741 3166 1795 vel
3217 1740 3398 1809 priva-

1849 1840 2053 1894 tionem
2098 1854 2210 1893 suaz
2256 1839 2408 1908 juxta
2460 1843 2710 1890 naturam
2749 1832 3142 1902 participativa:
3178 1829 3400 1883 virtutis

211 1921 338 1984 ξίοις
365 1922 483 1975 ὅλον
529 1925 671 1977 κατὰ
702 1926 861 1995 χάριν
906 1927 974 1979 δι’
1012 1927 1239 1997 ἄπειρον
1271 1929 1582 1997 άγαθότητα
1613 1947 1750 1999 παρ-

1850 1931 1970 2000 ejus
2000 1930 2096 1999 qui
2144 1907 2304 1999 plane
2336 1925 2808 1996 imparticipabilis
2837 1930 2921 1978 est
2962 1921 3262 1982 secundum
3301 1935 3400 1973 na-

213 2011 504 2082 έχοντοςυ,
541 2015 632 2066 καὶ
663 2015 759 2083 τὴν
786 2009 881 2067 τοῦ
911 2016 996 2067 ἀεὶ
1023 2013 1156 2069 εῖναι
1199 2017 1380 2080 καθὼς
1409 2019 1636 2080 ἕκαστος
1661 2019 1750 2086 ὑφ’

213 2103 398 2156 ἑαυτοῦ
435 2104 818 2157 διατέθειταί”
842 2123 899 2158 τε
932 2107 1024 2158 καὶ
1058 2106 1174 2158 ἐστι
1219 2107 1479 2178 διαμονὴν
1517 2111 1750 2180 ἐμποιή-

215 2208 408 2254 σοντος.
440 2188 534 2254 οἷς
558 2195 590 2262 ἠ
627 2194 722 2245 τοῦ
757 2185 958 2264 κυρίως
984 2191 1134 2260 ὄντος
1158 2199 1251 2250 καὶ
1275 2198 1338 2252 εὖ
1370 2199 1520 2262 ὄντος
1545 2201 1639 2253 καλ⁸
1664 2201 1750 2252 ἀεὶ

215 2278 352 2336 ὕντος
383 2279 639 2347 ἀνάλογος
668 2279 882 2347 μέθεξις
911 2282 943 2352 ἢ
981 2283 1262 2352 άμεθεξία,
1320 2285 1589 2355 τιμωρίας
1638 2287 1747 2339 τῶν

219 2370 492 2436 μετασχεῖν
506 2369 580 2439 μὴ
593 2369 922 2440 δυναμένων,
943 2371 1036 2426 καὶ
1047 2373 1395 2438 ἀπολαύσεως
1407 2377 1517 2430 τῶν
1529 2377 1575 2408 ³⁸
1591 2394 1754 2446 μεταο

209 2458 351 2524 σχεῖν
371 2459 695 2530 δυναμένων,
718 2462 968 2526 ἐπίτασις
986 2467 1101 2517 ἐστι
1127 2466 1223 2519 καὶ
1248 2467 1560 2537 ὲπαύξησις.
1589 2469 1754 2522 Οὐδὲν

211 2546 312 2617 γάρ
334 2547 398 2628 τὸ
429 2549 686 2618 παράπαν
711 2551 825 2604 ἐστι
860 2553 966 2604 τῶν
989 2554 1157 2608 όντων
1184 2550 1242 2610 οὗ
1269 2555 1343 2626 μὴ
1367 2559 1513 2626 παρὰ
1539 2558 1616 2627 τῷ
1638 2559 1754 2628 Θεῷ

211 2638 422 2698 πάντως
450 2639 477 2689 ό
505 2639 658 2706 λόγος
681 2641 1008 2709 προένεστιν.
1029 2637 1129 2695 Ὧν
1160 2645 1216 2696 δὲ
1234 2662 1306 2697 πα
1316 2645 1381 2713 ρὰ
1399 2647 1474 2714 τῷ
1493 2646 1609 2715 Θεῷ
1622 2665 1753 2718 προ-

206 2728 538 2800 υπάρχίιυσιν
571 2729 721 2790 θντες
749 2731 847 2799 τῆς
871 2732 1056 2795 οὐσίας
1084 2735 1132 2786 ot
1153 2734 1318 2802 λόγοι,
1342 2735 1541 2789 τούτων
1556 2737 1752 2808 δηλαδὴ

206 2821 344 2873 κατὰ
374 2819 630 2889 πρόθεσιν
649 2816 797 2871 θείαν
825 2819 1039 2882 πάντως
1069 2823 1214 2875 ἐστὶν
1242 2825 1276 2892 ἡ
1307 2820 1538 2890 γένεσις.
1574 2819 1673 2878 Ὧν
1697 2827 1756 2880 δὲ

207 2909 346 2964 κατὰ
374 2908 632 2980 πρόθεσιν
663 2905 984 2963 θείανοὲστὶν
1013 2912 1047 2981 ὴ
1072 2911 1304 2978 γένεσις,
1347 2915 1548 2966 τούτων
1575 2918 1608 2985 ἡ
1634 2917 1752 2968 κατ’

211 3000 400 3078 οὐσίαν,
426 2998 655 3068 ὓπαρξις
679 2998 829 3068 μένει
865 2997 1001 3070 πρὸς
1025 3000 1085 3052 τὸ
1116 3000 1190 3069 μὴ
1211 3001 1279 3054 ὃν·
1309 3003 1416 3054 ἀπὸ
1463 2997 1559 3056 τόὖ
1601 3003 1753 3066 όντος

206 3090 645 3160 ἀμεταχώρητος.
674 3084 772 3142 Ὧν
809 3089 864 3143 δὲ
904 3090 1039 3161 πρὸς
1066 3091 1128 3143 τὸ
1150 3092 1227 3162 μὴ
1249 3091 1306 3145 ὃν
1333 3093 1754 3164 άμεταχώρητος

210 3180 343 3246 μετὰ
372 3180 473 3249 τὴν
494 3181 705 3256 γένεσιν
750 3180 858 3233 ἀπὸ
887 3182 979 3234 τοῦ
1020 3181 1171 3244 ὄντος
1196 3185 1229 3252 ἡ
1275 3185 1393 3237 κατ’
1427 3185 1614 3239 οὐσίαν
1643 3186 1742 3254 ὑφ-

208 3269 435 3338 έστηκεν
457 3267 924 3336 ὓπαρξις,τούτων
947 3272 995 3323 οἱ
1013 3271 1157 3339 λόγοι
1181 3274 1504 3342 τυγχάνουσι
1532 3274 1748 3344 μόνιμοι

207 3376 264 3411 τε
294 3363 387 3413 καὶ
423 3359 666 3429 βάσιμοι,
705 3361 876 3430 μόνην
901 3361 1117 3430 ἔχοντες
1146 3362 1317 3431 ἀρχὴν
1349 3363 1442 3414 τοῦ
1479 3360 1618 3416 εῖναι
1661 3365 1758 3434 τὴν

209 3446 422 3512 σοφίαν,
452 3443 600 3517 ἑξῆς
626 3447 720 3498 καὶ
749 3447 815 3498 δι’
846 3447 913 3516 ἦν
957 3447 1281 3516 ὑπάρχουσι,
1326 3448 1421 3499 καὶ
1438 3448 1540 3514 ,ὑφ’
1568 3443 1636 3519 ἧς
1660 3450 1760 3518 τὴν

210 3537 343 3604 πρὸς
371 3535 434 3589 τδ
460 3531 599 3589 εἶναι
621 3535 878 3589 δύνασθαι
909 3536 1119 3602 παγίως
1138 3535 1365 3606 δύναμιν
1395 3537 1630 3606 ἔχουσιν.
1654 3530 1758 3593 Ὧν

151 3687 156 3693 η
209 3626 263 3679 δὲ
296 3629 344 3680 oi
373 3626 524 3693 λόγοι
583 3625 822 3694 μονίμως
872 3625 1176 3696 ὑπάρχουσι
1229 3625 1382 3695 παρὰ
1416 3627 1495 3696 τῷ
1524 3627 1661 3699 Θεῷ,
1686 3659 1758 3670 —

209 3715 298 3767 καὶ
341 3717 374 3782 ἡ
417 3715 546 3782 περὶ
576 3714 772 3776 αὐτοὺς
823 3712 919 3767 τοῦ
975 3714 1331 3783 πεποιηκότος
1383 3715 1562 3786 (232
1599 3718 1652 3786 a)
1690 3718 1760 3771 τά

213 3803 390 3855 πάντα
427 3805 582 3855 Θεοῦ·
608 3805 859 3874 πρόθεσίς
895 3807 1040 3858 ἐστιν
1066 3806 1399 3869 ἀδιάπτωτος
1433 3824 1447 3838 ·
1493 3811 1759 3878 χρονικοῖς

209 3897 315 3965 γάρ
342 3897 376 3964 ἠ
410 3893 504 3944 τοῦ
529 3894 662 3945 Θεοῦ
687 3895 941 3965 πρόθεσις
986 3898 1335 3950 παντάπασιν
1384 3899 1444 3950 οὐ
1481 3901 1756 3971 περιείλη-

211 4003 338 4037 πται
367 3984 620 4052 πέρασιν,
652 3981 774 4035 οὗτε
801 3984 901 4052 μὴν
923 3986 1018 4054 τὴν
1041 3988 1104 4038 ἐκ
1138 3988 1438 4057 μεταϐολῆς
1477 3990 1760 4045 ἀλλοίωσιν

191 4075 513 4144 ,ἐπιδέχεται
593 4075 703 4135 τοῖς
764 4073 1141 4142 ὑποκειμένοις
1211 4081 1756 4147 συμμεταπίπτουσα,

209 4167 410 4218 τούτων
451 4163 930 4234 άναμφηρίστως⁹¹⁵
968 4166 1024 4216 αἱ
1057 4165 1316 4235 ὑπάρξεις
1356 4169 1539 4235 σαφῶς
1557 4171 1601 4201 ’⁵
1625 4173 1761 4224 εἰσιν

210 4256 606 4326 άδιάςρθοροι⁸⁶.
635 4257 704 4308 Ἢ
725 4255 833 4326 γὰρ
868 4249 960 4308 οὖν
989 4255 1128 4308 κατὰ
1161 4257 1419 4325 πρόθεσιν
1463 4258 1632 4312 θέλων
1662 4279 1759 4314 πε-

176 4383 179 4392 .
211 4347 438 4414 ποίηκεν
464 4348 492 4398 ὁ
519 4347 648 4409 Θεὸς
672 4347 738 4400 τά
762 4346 1071 4415 ἀνθρώπινα
1111 4347 1355 4416 σώματα,
1386 4350 1480 4401 καὶ
1516 4350 1664 4420 μένει
1693 4352 1778 4404 δι’-

211 4427 372 4487 αὑτὸν
431 4434 666 4515 πρδςὶτδ
711 4436 786 4504 μὴ
826 4434 887 4487 ὃν
932 4435 1296 4505 άμετάπτωτα
1325 4438 1626 4501 παντελῶς,
1671 4441 1760 4493 ἀεὶ

1852 2030 2053 2089 turam,
2084 2028 2140 2074 et
2181 2017 2537 2073 nihilominus
2577 2015 2788 2070 cunctis
2835 2030 2902 2068 ex
2953 2028 3109 2082 aequo
3161 2013 3398 2080 seipsum

1853 2119 1961 2165 tam
2019 2111 2198 2180 dignis
2252 2124 2414 2178 quam
2481 2106 2721 2176 indignis
2777 2106 3046 2174 integrum
3100 2102 3401 2157 secundum

1853 2201 2077 2270 gratiam
2125 2215 2192 2253 ex
2243 2199 2452 2252 inﬁnita
2494 2197 2739 2251 bOnitate
2791 2195 3032 2256 exhibet,
3067 2194 3403 2262 pcrpetuita-
3457 2249 3459 2251 ,

1851 2298 2069 2358 temque
2098 2288 2426 2343 exsistentiaa
2449 2287 2788 2355 inoperatur,
2806 2293 2970 2354 prout
3004 2284 3235 2356 quisque
3265 2299 3293 2335 a
3317 2297 3405 2336 se-

1851 2380 1970 2449 ipso
1996 2378 2228 2432 afﬁcitur
2259 2386 2315 2431 et
2362 2385 2464 2431 est.
2495 2375 2707 2441 Quibus
2727 2376 2868 2428 'sane
2900 2390 3029 2428 vere
3060 2372 3401 2436 exsistentis,

1851 2481 1907 2526 et
1951 2473 2089 2526 bene
2139 2469 2475 2532 exsistentis,
2534 2476 2591 2522 et
2645 2482 2862 2535 semper
2915 2464 3228 2519 exsistentis
3267 2479 3404 2517 con—

1834 2572 2109 2618 'sentanea
2159 2559 2508 2630 participatio
2545 2559 2630 2612 vel
2681 2553 3181 2636 non—participatio,
3215 2569 3402 2607 eorum

1853 2654 1946 2724 qui
1982 2651 2307 2722 participare
2337 2639 2467 2724 _n-on_
2487 2657 2734 2718 possunt,
2765 2659 2850 2701 est
2890 2662 3083 2716 ptenaa,
3126 2653 3181 2700 et
3213 2660 3410 2705 eorum
3472 2696 3475 2699 .

1853 2720 1947 2811 qui
1977 2720 2228 2809 possunt,
2250 2720 2526 2791 fruitionis
2552 2737 2789 2790 intensio
2805 2744 2890 2789 est
2919 2735 3403 2788 etincrementum.

1852 2829 2088 2884 Omnino
2121 2828 2270 2882 enim
2299 2843 2491 2881 eorum
2523 2842 2643 2895 quae
2671 2825 2942 2879 exsistunt
2983 2823 3192 2876 nullum
3231 2830 3408 2876 exstat

1854 2921 2015 2990 cujus
2059 2918 2205 2988 apud
2254 2918 2428 2971 Deum
2471 2929 2700 2984 prorsus
2743 2913 2880 2968 ratio
2911 2927 3020 2966 non
3048 2909 3405 2981 praeexsistat.

1851 3010 2096 3077 Quorum
2138 3023 2270 3063 vero
2312 3006 2456 3076 apud
2498 3006 2670 3060 Deum
2708 3004 3094 3073 prmexsistunt
3151 3003 3406 3057 essentia:

1799 3146 1806 3153 .
1853 3107 2128 3156 exstantes
2155 3097 2418 3161 rationes,
2446 3095 2643 3151 horum
2666 3093 2910 3163 profecto
2934 3091 3233 3147 secundum
3265 3091 3406 3144 divi-

1779 3214 1823 3272 ρ
1853 3205 1980 3246 nam
2000 3190 2335 3243 voluntatem
2365 3185 2426 3239 ﬁt
2448 3184 2672 3240 creatio.
2695 3181 2936 3249 Quorum
2953 3197 3084 3236 vero
3106 3180 3405 3235 secundum

1857 3282 2096 3336 divinam
2130 3279 2470 3344 voluntatem
2501 3275 2562 3328 ﬁt
2609 3274 2834 3338 crcatio,
2857 3272 3050 3326 horum
3100 3269 3405 3324 essentialis

1857 3370 2174 3426 exsistentia
2195 3377 2405 3432 manet,
2439 3375 2494 3422 et
2528 3366 2595 3421 ad
2626 3362 3136 3421 non-exsistentiam
3172 3361 3240 3415 ab
3264 3360 3407 3416 exsi-

1857 3459 2054 3515 stcntia
2079 3473 2188 3511 non
2213 3456 2428 3511 transit.
2463 3455 2705 3520 Quorum
2733 3468 2864 3507 vero
2906 3452 2972 3506 ad
3005 3451 3410 3505 non-exsisten-

1858 3549 1987 3604 tiam
2010 3553 2133 3620 pest
2180 3547 2514 3601 creationem
2560 3545 2628 3597 ab
2673 3543 2988 3597 exsistcntia
3056 3557 3165 3595 non
3216 3542 3409 3595 transit

1856 3639 2160 3694 essentialis
2186 3635 2476 3699 exstantia,
2511 3649 2703 3688 eorum
2737 3633 2981 3686 rationes
3028 3631 3250 3685 stabiles
3276 3639 3405 3685 sunt

1857 3739 2018 3800 atque
2069 3728 2254 3790 ﬁrmae,
2285 3724 2820 3817 upicumvhahentes
2869 3720 3202 3785 exsistentim
3251 3720 3407 3788 prin-

1858 3821 2061 3891 cipium
2102 3811 2449 3887 sapientiam,
2489 3831 2556 3870 ex
2579 3829 2686 3883 qua
2715 3824 2770 3868 et
2795 3827 2892 3882 per
2919 3826 3082 3881 quam
3112 3811 3405 3882 exsistunt,

1858 3918 1913 3966 et
1944 3925 1975 3963 a
2001 3923 2108 3977 qua
2145 3907 2402 3960 virtutem
2436 3903 2644 3957 habent
2665 3905 2980 3955 constanter
3031 3905 3092 3951 ut
3131 3912 3250 3950 esse
3276 3911 3407 3965 pos-

1860 3998 1988 4055 sint.
2035 3999 2276 4064 Quorum
2336 4012 2466 4051 vero
2524 3995 2762 4048 rationes
2818 3987 3039 4045 stabiles
3083 3997 3209 4042 sunt
3263 3986 3406 4055 apud

1858 4091 2213 4152 Deum,—et
2251 4087 2347 4141 Dei
2393 4101 2576 4140 rerum
2619 4091 2942 4138 cunctarum
2981 4079 3278 4135 conditoris
3309 4095 3407 4131 till--

1855 4175 2142 4234 mutabilis
2180 4186 2266 4231 est
2311 4191 2376 4230 ac
2429 4172 2584 4228 ﬁrma
2632 4174 2775 4226 circa
2821 4187 2914 4225 eas
2964 4171 3235 4234 voluntas,
3284 4184 3406 4243 cum

1859 4265 2227 4334 temporaneis
2270 4264 2368 4318 Dei
2412 4263 2664 4316 voluntas
2705 4259 3121 4326 haudquaquam
3160 4262 3408 4323 comprei-

1858 4356 2026 4410 hensa
2076 4361 2162 4408 est
2213 4353 2505 4412 limitibus,
2549 4364 2725 4418 neque
2756 4347 3112 4400 mutationem
3153 4360 3219 4398 ex
3252 4344 3411 4398 vicis-

1859 4444 2099 4499 situdine
2143 4441 2402 4506 admittit,
2448 4455 2554 4494 una
2598 4454 2720 4492 cum
2777 4435 3037 4506 subjectis
3082 4435 3310 4498 variata,
3341 4461 3410 4472 --—

213 4523 436 4593 θέλοντα
461 4517 675 4598 εἶναιτὸ
705 4523 801 4574 σὺν
828 4525 970 4594 λόγῳ
994 4527 1088 4578 καί⁵
1131 4526 1290 4598 σοφίᾳ
1321 4526 1462 4578 κατὰ
1499 4527 1753 4594 πρόθεσιν

1864 4538 2061 4593 horum
2110 4534 2396 4589 manifesti:
2442 4542 2500 4588 et
2547 4533 2665 4588 sine
2711 4514 3083 4587 controversia
3128 4524 3410 4581 exstantia:

214 4591 458 4684 θεληθὲν,
490 4611 582 4664 καὶ
610 4591 708 4662 οὐκ
733 4611 883 4665 ἔσται
912 4591 1034 4690 κάτ’
1055 4591 1250 4680 absab;
1267 4591 1326 4687 ’ἡ
1361 4591 1627 4687 παντελὴς
1651 4619 1757 4672 τῶν

215 4704 483 4772 σωμάτων
510 4700 644 4770 πρὸς
663 4699 708 4730 ’⁷
730 4699 791 4750 τὸ
817 4700 892 4770 μὴ
923 4701 981 4753 ὃν
1017 4704 1357 4772 ἁπογένεσις,
1395 4705 1427 4776 ἧ
1462 4707 1600 4758 κατὰ
1627 4707 1760 4777 πρό-

194 4792 360 4864 θεσιν
415 4791 480 4845 οὺ
527 4789 865 4859 πεποίηκε⁹⁹,
909 4794 1002 4843 καὶ
1038 4796 1113 4864 μὴ
1171 4796 1339 4848 θέλων
1386 4797 1750 4869 ὲτυραννήθη,

185 4885 353 4936 ’κατὰ
389 4884 511 4952 βίαν
561 4883 827 4952 ἀγόμενος
877 4882 1008 4952 πρὸς
1037 4885 1267 4950 γένεσιν,
1305 4880 1382 4940 ὧν
1414 4889 1539 4951 τοὺς
1567 4889 1760 4956 λόγους

215 4973 348 5039 ἔχων
395 4973 458 5023 οὐ
495 4972 777 5038 πέφανται.
831 4973 936 5023 Καὶ
983 4971 1030 5022 εἰ
1069 4973 1165 5039 μὲν
1210 4976 1561 5046 τυραννηθεὶς
1609 4978 1760 5048 παρὰ

217 5060 475 5127 πρόθεσιν
498 5056 690 5130 ἤλθεθ’
729 5061 948 5130 ποιῆσαι
986 5061 1060 5130 μὴ
1089 5060 1257 5116 θέλων
1288 5065 1352 5116 τὰ
1395 5065 1640 5135 σώματα,
1673 5068 1760 5120 λό-

217 5169 308 5220 γος
336 5150 579 5220 δηλονότι
606 5156 701 5206 καὶ
727 5154 885 5223 σοφία
919 5154 1014 5223 τῆς
1055 5153 1260 5206 τούτων
1290 5158 1555 5222 γενέσεως
1595 5160 1761 5212 ὀὐδα-

223 5241 333 5309 μῶς
393 5240 760 5311 καθηγήσατο.
815 5245 888 5299 Τὸ
933 5245 1042 5312 ’γὰρ
1098 5245 1248 5313 παρὰ
1296 5247 1562 5314 πρόθεσιν
1613 5250 1760 5304 θείαν

221 5331 516 5398 γινόμενον,
544 5331 702 5399 λόγου
726 5337 821 5388 καὶ
863 5334 1051 5401 σοφίας
1081 5334 1357 5396 παντελῶς
1385 5337 1672 5407 ὲστέρηταί
1702 5359 1761 5393 τε

1860 4625 2086 4681 interitu
2125 4633 2334 4679 carent.
2387 4623 2482 4678 Vel
2528 4623 2695 4692 igitur
2739 4619 3040 4676 secundum
3071 4615 3408 4687 propositum

1860 4717 2048 4772 volens
2077 4714 2266 4770 eﬂecit
2315 4713 2460 4767 Deus
2513 4712 2750 4766 humana
2790 4723 3041 4778 corpora,
3096 4718 3152 4762 et
3191 4714 3411 4760 manent

1858 4819 1958 4874 per
2005 4820 2132 4858 eum
2179 4803 2246 4857 ad
2295 4802 2810 4857 non-exsistentiam
2839 4813 3064 4869 prorsus
3105 4811 3214 4850 non
3245 4794 3413 4848 decli-
3498 4841 3502 4845 .

1858 4894 2069 4957 nantia,
2105 4909 2229 4946 cum
2277 4908 2494 4961 semper
2527 4892 2660 4948 velit
2702 4906 2824 4948 esse
2869 4888 3015 4960 quod
3049 4901 3172 4941 cum
3203 4885 3410 4938 ratione

1859 4995 1916 5038 et
1967 4976 2232 5053 sapientia
2285 4984 2516 5037 volitum
2565 4994 2649 5038 est
2695 4980 2996 5036 secundum
3050 4974 3406 5046 propositum,

1856 5079 1914 5126 et
1946 5070 2019 5124 ita
2065 5084 2174 5124 non
2221 5070 2498 5137 continget
2546 5068 2844 5123 secundum
2891 5080 2986 5119 eos
3031 5063 3187 5132 plena
3217 5075 3413 5129 corpo-

1859 5177 1981 5216 rum
2008 5160 2074 5214 ad
2100 5160 2618 5215 non-exsistentiam
2665 5156 3019 5229 degeneratio
3053 5172 3064 5206 :
3093 5153 3176 5206 vel
3216 5165 3412 5206 secun-

1862 5253 1988 5306 dum
2029 5252 2366 5321 propositum
2397 5267 2506 5305 non
2533 5251 2735 5316 eﬂ‘ecit,
2780 5256 2836 5303 et
2863 5262 2972 5300 non
3009 5245 3200 5298 volens
3231 5241 3408 5296 domi-

1864 5341 2138 5397 nationem
2160 5357 2352 5412 passus
2379 5351 2483 5406 est,
2515 5343 2714 5411 quippe
2739 5340 2789 5392 vi
2822 5345 3041 5393 coactus
3071 5334 3138 5388 ad
3162 5331 3408 5388 facienda

1495 5469 1725 5529 VABIE
1755 5477 2042 5533 LECTION
2051 5477 2152 5531 ES.
2218 5507 2222 5512 ε

288 5574 334 5606 ⁸⁸
352 5572 396 5657 ,ἢ
428 5573 729 5657 γενομένων
762 5592 869 5657 non
882 5580 1059 5657 habet
1081 5581 1170 5657 _e_d.
1200 5576 1348 5657 Gall._
1422 5581 1473 5657 1°
1495 5587 1600 5657 καὶ
1627 5585 1753 5657 όμιαμ

1853 5607 1970 5643 υσιν
1991 5607 2100 5645 non
2134 5587 2298 5642 habet
2329 5586 2415 5640 ed.
2446 5586 2585 5641 Gall.
2641 5589 2702 5657 ,οι
2735 5559 3054 5657 παρέξοντος
3084 5587 3248 5640 habet
3275 5603 3410 5657 apo-

222 5641 838 5736 ¥13?'!E"L°°9:-§“da
870 5651 926 5736 Γ
952 5648 1255 5736 “ut???”
1284 5647 1571 5736 educit";
1624 5641 1753 5736 ’³,Ῡε

1850 5675 1881 5736 ιε.
1898 5641 2389 5736 Sumpsi)va
2409 5657 2502 5736 καὶ
2534 5641 3011 5736 ἀπολαόσεὼςῖτῶν
3037 5641 3154 5736 non
3188 5641 3376 5736 compa

227 5707 545 5796 ieln'tninned.
579 5708 717 5796 galli.
790 5714 838 5796 τι
863 5707 1432 5796 ιῐιναριςριριῥῆ-ςξτιοςρςξζ
1452 5717 1592 5796 pall.
1629 5789 1642 5796 _
1669 5707 1753 5774 "Vc

1850 5707 2333 5790 ofﬁce—{55567;
2351 5707 2486 5781 Call.
2540 5707 2897 5796 δίάόιάφορᾶι
2920 5724 3008 5778 ed.
3043 5707 3177 5780 Gali.
3198 5707 3295 5755 "5’
3314 5707 3407 5788 rsi;

172 5833 184 5840 ,
226 5780 311 5834 ed.
345 5777 483 5863 Call.
579 5778 622 5808 ”
649 5782 938 5850 πεποίηκεν
964 5777 1228 5842 ὁᾶ.’(ἶο’11.
1297 5777 1346 5818 δ’
1380 5782 1538 5854 ἦλθεν
1576 5789 1664 5842 ed.
1697 5777 1834 5846 Gali:
