3986 6346
668 392 800 460 1331

1806 401 1865 459 S.
1908 402 2007 459 MA
2020 354 2091 458 X‘l
2110 403 2192 459 .‘ll
2235 402 2375 460 CON
2391 398 2744 466 l-‘ESSOIUS

3721 401 3833 465 1332

664 522 730 564 ea
762 518 996 573 quorum
1048 505 1288 577 rationes
1332 504 1536 561 habere
1573 522 1682 561 non
1711 507 1863 562 visus
1903 508 2007 563 est.
2059 512 2138 563 Ac
2176 513 2222 563 si

2326 512 2417 562 καὶ
2448 510 2822 579 ἠλλοτρίωται.
2851 509 2925 561 Τὸ
2950 508 3006 561 δὲ
3053 510 3213 577 λόγου
3249 510 3341 563 καὶ
3381 502 3574 578 cepta;
3603 512 3843 577 παντελῶς

663 598 890 670 quidem
953 588 1382 654 dominationem
1435 614 1629 670 passus
1675 609 1865 665 contra
1921 601 2222 671 voluntatis

660 690 1005 760 propositum
1030 697 1086 743 et
1116 689 1323 744 invitus
1343 689 1570 745 devenit
1597 690 1665 746 ad
1695 690 1943 745 facienda
1970 706 2220 760 corpora,

658 781 771 850 jam
820 781 959 836 ratio
1004 788 1063 835 et
1112 780 1381 850 sapientia
1435 782 1786 850 productioni
1830 782 1992 851 plane
2028 796 2221 836 eorum

660 854 835 925 fa‘chn
872 887 983 926 non
1025 872 1282 942 praetulit.
1307 871 1465 938 Quod
1494 872 1639 927 enim
1676 872 1735 926 fit
1760 881 1951 927 contra
1973 872 2222 925 divinum

661 961 1040 1031 propositum,
1086 963 1301 1016 ratione
1354 970 1412 1018 et
1455 962 1721 1032 sapientia
1767 961 1991 1017 omnino
2048 970 2219 1025 caret,

661 1047 736 1105 ab
787 1036 965 1119 iisque
1010 1050 1251 1105 alienum
1295 1061 1428 1107 est:
1480 1059 1537 1106 at
1587 1050 1733 1120 quod
1789 1058 1941 1105 caret
1993 1065 2222 1119 prorsus

662 1138 876 1193 ratione
923 1146 981 1193 et
1024 1140 1294 1210 sapientia
1321 1139 1431 1193 hoc
1454 1140 1632 1192 solum
1679 1146 1765 1192 est
1801 1138 2024 1201 malum,
2068 1138 2223 1208 cujus

662 1229 1036 1284 exsistcntiam
1079 1229 1309 1283 denotat
1345 1228 1696 1294 inexstantia,
1741 1228 1898 1298 cujus
1937 1235 2221 1283 auctorem

661 1314 837 1370 Deum
858 1331 928 1369 ne
950 1302 1193 1385 cogitare
1212 1316 1435 1386 quidem
1458 1316 1621 1371 nobis
1639 1330 1879 1386 unquam
1906 1317 1961 1371 in
1981 1324 2220 1371 mentem

662 1400 869 1468 veniat,
910 1404 1113 1458 nedum
1137 1404 1550 1474 palam‘diccrc,
1580 1413 1637 1459 et
1674 1406 1979 1475 perniciose
2007 1406 2217 1460 audere

662 1492 915 1548 credere.
956 1495 1027 1547 At
1065 1493 1193 1563 quis
1226 1504 1443 1561 contra,
1465 1495 1634 1549 Deum
1670 1496 2012 1567 tyrannidem
2057 1512 2220 1550 usur-

660 1583 893 1653 paverit,
914 1582 1186 1652 siquidem
1206 1596 1399 1651 passus
1431 1592 1515 1638 est
1536 1598 1680 1649 eam,
1708 1594 1764 1639 et
1786 1584 1866 1639 fas
1890 1594 1973 1639 est
1997 1586 2222 1639 omnino

663 1682 721 1725 ut
751 1687 876 1726 cum
918 1681 1110 1727 contra
1135 1673 1481 1742 propositum
1520 1674 1665 1743 quod
1700 1674 1881 1728 noluit
1912 1674 2105 1730 fecisse
2139 1674 2222 1727 di-

660 1762 892 1816 camus?
937 1762 1009 1817 Et
1053 1762 1330 1832 quomodo
1363 1764 1457 1830 qui
1503 1765 1844 1835 tyrannidem
1893 1780 2089 1835 passus
2137 1772 2221 1819 est

661 1850 811 1906 Deus
857 1852 986 1916 erit,
1032 1865 1100 1905 ex
1158 1852 1487 1906 necessitate
1536 1863 1593 1907 et
1636 1863 1829 1909 contra
1877 1846 2217 1923 propositum

664 1940 1012 1994 constituens
1048 1939 1103 1992 in
1137 1939 1423 1996 interitum
1458 1956 1641 1995 rerum
1668 1940 2039 1997 conditionem
2060 1942 2085 1994 ?
2114 1941 2219 2007 Qui

661 2028 980 2098 huiusmodi
1007 2028 1325 2098 opinion'em
1344 2038 1592 2096 tuentur,
1614 2032 1802 2087 dicere
1822 2031 2082 2086 audente.
2113 2033 2222 2086 Aut

663 2118 810 2172 enim
845 2118 1016 2172 Deum
1064 2108 1181 2172 haec
1209 2118 1406 2175 fecisse
1438 2120 1705 2187 dicerent,
1748 2130 1804 2177 et
1846 2122 2217 2193 gravissimam

660 2209 1054 2280 blasphemiam
1085 2209 1462 2278 admitterent,
1498 2215 1878 2269 necessitatem
1903 2214 2015 2267 Deo
2053 2213 2217 2267 indu-

661 2282 854 2355 centes
899 2309 1154 2371 tanquam
1183 2301 1393 2372 aliquid
1440 2303 1661 2359 fecisset
1703 2313 1897 2359 contra
1922 2303 2221 2357 voluntatis

656 2388 998 2456 propositum
1022 2406 1035 2440 :
1059 2398 1154 2443 aut
1173 2402 1286 2443 non
1312 2387 1509 2443 fecisse
1532 2390 1797 2453 dicerent,
1831 2397 1887 2443 et
1913 2389 2223 2444 necessario

2324 601 2689 671 ἐστερημένον
2735 601 2894 670 μόνον
2918 600 3035 653 ἐστὶ
3076 602 3137 653 τὸ
3166 603 3354 665 κακὸν,
3402 598 3465 655 οὗ
3498 602 3561 654 τὸ
3602 599 3734 655 εἶναι
3759 621 3840 673 χα-

2326 691 2644 761 ρακτηρίζει
2665 693 2697 759 ἡ
2734 690 3064 760 ἁνυπαρξία,
3091 686 3298 753 οὗτινος
3334 692 3567 761 ποιητὴν
3611 692 3700 745 τὸν
3734 693 3842 746 Θεδν

2325 780 2459 848 μήτε
2486 780 2683 831 ἐννοεῖν
2710 778 2841 848 ἡμῖν
2862 778 3070 846 γένοιτο
3092 777 3330 841 πώποτε.
3362 782 3559 851 μήτιγε
3578 780 3643 849 δὴ
3664 780 3843 847 ’λέγειν

2320 870 2643 939 ἀναφανδὸν,
2672 869 2769 922 καὶ
2790 867 3067 922 πιστεύειν
3085 864 3359 939 ὀλεθρίως
3379 858 3605 938 τολμᾷν.
3639 868 3729 946 Τίς
3752 869 3843 933 8ὶὸ

2321 958 2658 1029 τυραννήσας
2707 948 2799 1011 τὸν
2845 958 3002 1022 Θεδν,
3059 959 3219 1029 εἴπερ
3271 959 3688 1029 τετυράννηται,
3733 960 3843 1011 παν

2321 1047 2477 1117 θέμις
2527 1049 2664 1112 ὅλως
2717 1049 2893 1101 εἰπεῖν
2941 1050 3164 1119 ποιῆσαι
3221 1049 3375 1119 παρὰ
3421 1048 3678 1116 πρόθεσιν
3710 1046 3737 1099 ὃ
3782 1047 3842 1117 μὴ

2322 1137 2643 1208 βεϐούληται
2664 1158 2680 1203 ;
2707 1140 2820 1191 Καὶ
2843 1138 2958 1201 πῶς
2986 1141 3016 1192 ὁ
3040 1128 3392 1209 τυραννηθείς
3418 1139 3535 1190 ἐστι
3550 1137 3699 1199 Θεὸς,
3732 1137 3845 1205 πρδς

2320 1226 2565 1295 ἀνάγκης
2584 1214 3011 1297 ὑφιστῶνιπαρά
3059 1225 3318 1295 πρόθεσιν
3339 1225 3469 1277 ἔπη
3497 1223 3736 1293 ἀπωλείᾳ
3769 1224 3845 1291 γί-

2319 1331 2468 1387 νεσιν
2488 1314 2862 1384 πραγμάτων;
2885 1316 2946 1367 οι
2974 1314 3176 1384 ταύτην
3210 1314 3569 1382 περιέποντες
3592 1314 3688 1385 τὴν
3709 1313 3844 1379 δόξαν

2319 1403 2497 1471 λέγειν
2527 1405 2904 1475 τολμάτωσαν,
2937 1406 3008 1458 Ἦ
3037 1400 3148 1475 γὰρ
3172 1404 3240 1457 ἄν
3276 1404 3369 1456 τδν
3401 1402 3537 1456 Θεδν
3562 1404 3726 1456 ταῦτα
3752 1419 3837 1455 πι-

2321 1494 2608 1563 ποιηκέναι
2642 1495 2820 1562 φαῖεν,
2870 1494 2967 1545 καὶ
3014 1493 3084 1545 τὰ
3119 1492 3353 1562 μέγιστα
3402 1493 3840 1563 βλασφημήσαιεν,

2320 1581 2599 1650 ἀνάγκην*
2639 1584 2932 1650 ἐπάγοντες
2986 1580 3068 1649 τῷ
3263 1579 3286 1611 ⁸
3333 1579 3557 1647 ποιῆσαί
3622 1596 3671 1631 τι
3714 1579 3839 1645 παρὰ

2322 1672 2578 1743 πρόθεσιν
2599 1687 2613 1700 ·
2645 1669 2678 1739 ἦ
2712 1671 2786 1741 μὴ
2827 1670 3009 1739 (232
3037 1672 3088 1738 b)
3118 1668 3489 1736 πεποιηκέναι,
3514 1666 3609 1722 καὶ
3628 1668 3682 1734 ἐξ
3709 1668 3843 1735 ἀνάγ·

2322 1776 2427 1829 κης
2453 1758 2619 1828 ἄλλην
2638 1759 2812 1829 ἀρχὴν
2841 1755 3231 1827 Μανιχαῖκῶς⁶
3260 1756 3362 1825 τὴν
3402 1755 3580 1809 ταῦτα
3612 1754 3842 1808 ποιοῦσαν

2320 1848 2628 1919 εἰσάγοντες
2663 1847 3095 1915 φωραθήσονται.
3136 1844 3401 1907 Πάντωςτ
3440 1844 3552 1914 γὰρ
3600 1844 3723 1897 ίόιότ
3745 1845 3841 1896 ἐστι

2319 1938 2427 1992 τῶν
2448 1937 2543 1991 δύο
2591 1938 2765 2009 ἀρχάς
2796 1936 3053 2008 ἀλλήλαις
3108 1934 3649 2006 ἀντιπαρεξαγόντων
3673 1936 3731 1988 τδ
3761 1936 3841 2004 τῆς

2320 2029 2713 2099 προὺπάρξεως
2749 2027 2949 2095 δόγμα.
2982 2025 3090 2088 Οὓς
3140 2025 3323 2095 χάριτι
3370 2022 3508 2077 Θεοῦ
3560 2022 3653 2076 τοῦ
3696 2040 3840 2076 παντ-

2319 2117 2612 2187 ελεήμονος
2660 2118 2690 2168 ὁ
2719 2115 2888 2185 βαθὺς
2922 2115 3023 2184 τῆς
3056 2114 3320 2183 ἀφανείας
3356 2112 3521 2181 ζόφος
3572 2110 3841 2182 περιλαων

2319 2209 2400 2269 είς
2429 2205 2645 2289 τελείαν
2682 2203 2931 2272 ἀπήλασε
2958 2202 3152 2271 λήθην,
3178 2201 3243 2254 τὸ
3271 2200 3474 2270 φέγγος
3514 2201 3621 2271 τῆς
3664 2215 3841 2271 κηρυτ-

2323 2296 2556 2366 τομένης
2587 2294 2692 2347 ὑπὸ
2739 2294 2850 2345 τῶν
2878 2291 3048 2359 άγίων
3086 2291 3345 2362 Πατέρων
3387 2290 3594 2361 ἠμῶν⁸
3622 2291 3841 2358 ἀληθείας

2326 2387 2387 2439 οὑ
2404 2384 2481 2453 ’φέ
2490 2392 2701 2465 ρονταςέ

638 2475 810 2533 .aliud
848 2478 1185 2546 principium
1219 2478 1277 2531 in
1320 2478 1544 2531 modum
1592 2478 2034 2540 Manichaeorum,
2099 2478 2245 2546 quod
2281 2476 2474 2531 fecerit
2509 2476 2636 2539 hoc,
2688 2474 3039 2529 introducere
3068 2472 3575 2543 deprchendemur.
3614 2474 3739 2530 Nam
3764 2488 3838 2542 pe-

662 2568 891 2622 culiaris
914 2577 1000 2622 est
1026 2569 1252 2622 omnino
1289 2583 1483 2624 eorum
1512 2570 1610 2639 qui
1667 2569 1779 2624 duo
1839 2569 2112 2624 contraria
2146 2569 2417 2638 principia
2461 2567 2604 2633 inter
2672 2581 2732 2620 se
2774 2566 3130 2620 committunt
3172 2563 3624 2633 praexsistentite
3667 2563 3834 2633 opinio.

666 2656 819 2724 Quos
880 2657 979 2713 Dei
1016 2661 1191 2729 gratia
1230 2650 1730 2748 miseriqordissimi
1787 2661 2059 2732 profunda
2121 2658 2432 2719 exterminii
2490 2657 2664 2727 caligo
2706 2657 2948 2711 obruens
2992 2658 3047 2710 in
3110 2656 3327 2725 plenam
3382 2655 3714 2710 oblivionem
3764 2655 3834 2707 de.

664 2748 848 2813 trusit,
871 2764 993 2803 cum
1010 2748 1356 2819 splendorem
1375 2749 1681 2820 praedicata:
1699 2768 1728 2805 a
1748 2752 1997 2822 patribus
2012 2752 2216 2807 nostris
2250 2748 2499 2805 veritatis
2548 2748 2693 2802 ferre
2736 2761 2846 2800 non
2899 2755 3141 2816 possent.

686 2846 689 2853 ‘
739 2838 907 2892 Miror
940 2848 1122 2895 autem
1166 2840 1443 2909 quomodo
1489 2842 1632 2905 illos,
1669 2849 1733 2896 ut
1763 2852 1959 2898 castera
2009 2842 2216 2898 interea
2271 2888 2279 2893 .

664 2930 915 2983 omittam
960 2929 1131 2984 multa
1180 2946 1304 2999 qua:
1349 2930 1458 2986 dici
1513 2943 1758 3001 possent,
1799 2948 1868 2988 ne
1915 2934 2215 2988 orationem

2388 2836 2660 2908 Θαυμάξω
2676 2839 2734 2891 δὲ
2759 2837 2877 2900 πῶς
2907 2838 3124 2903 αὐτοὺς,
3144 2836 3231 2890 ἶνα
3253 2836 3578 2908 παραλείψω
3599 2836 3620 2868 ⁸
3644 2834 3733 2887 νῦν
3761 2835 3841 2887 ὅσα

2325 2930 2552 2999 ῥηθῆναι
2578 2926 2799 2980 δυνατόν
2819 2928 2955 2988 ἐστι,
2973 2926 3061 2979 διὰ
3086 2919 3185 2994 τὴν
3208 2926 3555 2995 συμμετρίαν
3576 2921 3667 2974 τοὺ
3688 2922 3840 2987 λόγου.

666 3032 843 3071 meam
872 3016 1082 3096 diutius
1106 3019 1450 3087 protraham,
1476 3036 1671 3099 verunt,
1692 3021 1894 3076 Cliristi
1920 3021 2016 3076 Dei
2046 3023 2217 3076 nostri

2322 3019 2382 3071 τὸ
2417 3019 2556 3071 κατὰ
2586 3015 2818 3086 Χριστὸν
2845 3015 2937 3068 τὸν
2966 3014 3215 3084 ἀληθινὸν
3244 3014 3378 3067 Θεὸν
3407 3012 3571 3081 ἡμῶν
3592 3014 3637 3044 ¹⁹

663 3104 985 3175 mysterium
1033 3113 1297 3174 provocet
1340 3105 1409 3159 ad
1448 3106 1828 3160 excutiendam
1875 3116 2123 3175 prompte
2154 3123 2221 3160 ex

2326 3125 2475 3176 ριον.η
2505 3107 2568 3159 οὑ
2597 3107 2834 3158 δυσωπεῖ
2874 3104 3077 3173 ταύτην
3110 3102 3407 3174 προθύμως
3431 3103 3640 3155 ἐαυτῶν
3661 3102 3842 3155 ἐκτινά-

664 3194 851 3249 animo
882 3209 985 3248 svo
1009 3193 1321 3262 hujusmodi
1352 3194 1699 3247 sententiam.
1725 3193 1784 3248 Si
1807 3196 2051 3253 omnium
2072 3183 2219 3250 enim

666 3285 1052 3353 mysteriorum
1070 3284 1382 3338 divinorum
1402 3282 1938 3353 mysteriosissimum
1955 3293 2040 3340 est
2063 3284 2223 3340 Chri-

664 3372 760 3437 sti,
781 3372 925 3442 quod
952 3374 1141 3442 tuique
1157 3375 1305 3429 omni
1332 3373 1628 3428 secundum
1647 3388 1860 3429 omnem
1882 3375 2218 3431 intellectum

664 3463 753 3517 vel
776 3464 1057 3518 exslstenti
1085 3465 1167 3519 vel
1190 3466 1472 3521 exstituraa
1506 3465 1828 3535 perfectioni
1880 3468 2083 3524 limites
2116 3468 2219 3521 im-

664 3553 840 3622 ponit,
865 3553 1122 3624 quodque
1163 3556 1408 3610 omnium
1456 3555 1687 3609 limitum
1722 3573 1786 3611 ae
1831 3556 2019 3611 finium
2062 3572 2219 3625 repa-

667 3644 792 3713 gula
835 3644 1267 3714 supergreditur,
1309 3645 1415 3699 hoc
1451 3656 1579 3700 vero
1617 3646 1939 3716 mysterium
1977 3662 2102 3701 eum
2135 3646 2220 3699 in—

668 3741 894 3787 carnato
941 3748 1006 3786 ac
1037 3733 1278 3802 perfecte
1310 3734 1530 3803 homine
1568 3734 1665 3788 Dei
1714 3735 1895 3789 Verbo
1926 3745 1983 3790 ct
2020 3751 2141 3790 esse
2167 3745 2223 3791 et

666 3823 928 3885 exsistere
951 3838 1152 3892 corpus
1182 3823 1342 3877 docet
1364 3822 1432 3877 de
1452 3833 1636 3875 nostra
1671 3838 1835 3877 carne
1873 3823 2221 3893 desumptum

668 3920 834 3979 atque
877 3912 1038 3965 nobis
1089 3912 1469 3975 coessentiale,
1522 3910 1737 3963 unitum
1771 3911 1884 3979 ipsi
1924 3914 2223 3968 secundum

670 4000 1053 4061 substantiam,
1080 3988 1204 4053 cum
1231 4014 1342 4067 quo
1374 4008 1429 4053 et
1451 4010 1763 4069 assumptus
1786 4008 1868 4055 cst
1902 4001 1956 4054 in
1986 4003 2154 4057 cmlos
2176 4002 2190 4053 i
2207 4045 2222 4069 ,

672 4105 829 4158 supra
865 4105 1067 4141 omnem
1093 4089 1447 4159 principatum
1486 4099 1535 4142 et
1565 4098 1870 4159 potestatem
1904 4102 1951 4146 ct
1984 4096 2224 4149 virtutem

672 4192 960 4246 nomenque
987 4176 1330 4246 quodcunque
1368 4180 1691 4243 nominatur,
1734 4196 1837 4232 non
1864 4180 2015 4235 modo
2040 4181 2095 4234 in
2132 4184 2225 4235 hoc

669 4266 880 4331 arcula,
911 4268 1000 4320 sed
1022 4269 1254 4321 etiamin
1277 4268 1453 4338 futuro
1480 4267 1529 4335 ι,
1561 4278 1724 4339 atque
1757 4286 1882 4325 cum
1914 4272 2023 4326 Deo
2060 4282 2224 4341 atque

2324 3196 2513 3261 ξασθαι
2528 3194 2629 3268 μὴν
2650 3194 2830 3259 δόξαν.
2858 3195 2920 3248 Εί
2943 3193 3054 3265 γὰρ
3076 3191 3296 3247 πάντων
3333 3194 3454 3247 -τῶν
3479 3194 3637 3247 θείων
3671 3210 3839 3264 μυστηο

2323 3287 2453 3360 ρίων
2508 3279 3039 3356 μυστηριωδὲστερον
3083 3284 3145 3339 τὸ
3188 3283 3331 3355 κατᾲ
3370 3284 3607 3353 Χριστὸν
3644 3285 3843 3353 ὑπάρχει

2323 3380 2641 3450 μυστήριον,
2686 3377 2781 3430 καὶ
2821 3375 3001 3445 πάσης
3028 3375 3128 3445 τῆς
3170 3374 3312 3429 κατὰ
3344 3377 3524 3428 πᾶσαν
3554 3376 3764 3429 κίννοισν
3797 3375 3843 3424 ιν

2321 3471 2486 3523 πᾶσιν
2512 3468 2545 3539 ἢ
2567 3467 2733 3537 οὔσης
2756 3468 2788 3537 ἢ
2811 3466 3187 3536 γενησομένης
3216 3464 3558 3535 τελειότητος
3586 3462 3841 3535 ὀριστικδν,

2322 3561 2415 3612 καὶ
2448 3559 2645 3621 παντὸς
2676 3558 2801 3628 ὅρου
2834 3558 2929 3609 καὶ
2976 3556 3213 3624 πέρατος
3242 3556 3496 3625 ὑπεράνω
3548 3555 3840 3621 καθέστηκε,

2322 3648 2479 3701 τοῦτο
2509 3648 2564 3699 δὲ
2597 3646 2658 3699 τὸ
2683 3647 2979 3714 μυστήριον
3010 3645 3150 3713 μετὰ
3184 3644 3277 3696 τοῦ
3312 3646 3354 3676 ¹¹
3387 3644 3752 3714 σαρκωθέντος
3773 3640 3843 3691 καὶ

2322 3736 2542 3797 τελείως
2576 3734 3099 3803 ἐνανθρωπήσαντος
3143 3720 3277 3785 θεοῦ
3326 3735 3496 3798 Λόγου
3532 3728 3668 3785 εἷναί
3696 3748 3745 3783 τε
3771 3729 3844 3781 καὶ

2289 3829 2293 3835 '
2324 3823 2593 3892 ὑπάρχειν
2620 3822 2861 3873 διδάσκει
2893 3820 2954 3873 τὺ
2985 3820 3228 3890 σῶματδ
3269 3820 3328 3883 ἐξ
3355 3823 3510 3890 ἡμῶν
3538 3820 3732 3891 ληφθὲν
3770 3820 3842 3870 καὶ

2322 3914 2454 3981 ἡμῖν
2483 3911 2805 3979 όμοούσιον,
2860 3909 3137 3979 ἡνωμένον
3187 3909 3338 3979 αύτῷ
3384 3910 3507 3963 καθ’
3557 3911 3839 3963 ὑπόστασιν.

2325 4002 2443 4072 μεθ’
2458 3996 2525 4065 οὗ
2557 4002 2649 4054 καὶ
2669 4000 2938 4071 ἀνελήφθη
2969 4001 3047 4063 είς
3067 4001 3350 4070 οὐρανοὺς,
3378 4001 3655 4079 ὐίτεράνω
3676 3986 3836 4059 πάσης

2323 4089 2517 4159 ἀρχῆς
2535 4090 2630 4142 καὶ
2647 4089 2931 4155 ἐξουσίας
2960 4092 3056 4143 και
3080 4089 3386 4159 δυνάμεως
3411 4092 3506 4143 καί
3535 4090 3836 4155 κυριότηῖῦς

2324 4183 2419 4234 καὶ
2473 4180 2693 4243 παντὸς
2723 4181 3015 4249 ὀνόματος
3059 4178 3509 4248 ὀνομαζομένου,
3566 4183 3640 4231 οὐ
3686 4176 3840 4243 μόγίη·
3916 4172 3919 4175 λ

2324 4273 2393 4326 ἐν
2424 4272 2503 4339 τῷ
2534 4272 2698 4327 αἰῶνι
2730 4273 2948 4335 τούτῳ,
3000 4271 3160 4337 ἀλλὰ
3212 4268 3308 4321 καί
3340 4269 3409 4319 ἐν
3442 4257 3554 4331 τῷ
3570 4266 3839 4335 ιιέ.ιιοντι.

670 4358 833 4413 Patre
854 4374 999 4413 nunc
1031 4368 1087 4413 et
1112 4376 1209 4428 per
1232 4361 1578 4415 interminata
1601 4362 1799 4416 smcula
1828 4362 2001 4426 sedet,
2033 4379 2223 4419 omnes

2325 4364 2417 4417 καὶ
2443 4362 2520 4433 τῷ
2537 4362 2653 4432 Θεῷ
2684 4362 2779 4414 καὶ
2802 4360 2974 4428 Πατρὶ
2996 4358 3092 4411 νῦν
3133 4374 3190 4408 τε
3229 4357 3325 4408 καὶ
3349 4357 3428 4417 εἰς
3454 4355 3582 4427 rei»;
3622 4353 3839 4423 ἀπείρους

674 4458 1041 4519 transgressus
1075 4450 1243 4503 ccelos
1269 4459 1326 4503 et
1366 4454 1618 4519 superior
1654 4453 1909 4507 omnibus
1938 4453 2133 4515 factus,
2168 4468 2224 4509 ct

672 4554 865 4592 rursus
885 4540 1108 4601 'veniet,
1141 4548 1201 4592 ut
1231 4539 1491 4595 reformet
1519 4552 1681 4611 atque
1714 4543 1983 4597 instauret
2008 4542 2225 4598 univcr-

672 4644 811 4689 sum,
856 4636 1179 4697 nostrasque
1221 4631 1428 4684 animas
1451 4632 1625 4684 salvas
1658 4632 1851 4685 reddat
1885 4643 1942 4686 et
1972 4648 2222 4702 corpora,

676 4718 819 4791 sicut
860 4719 1206 4773 credidimus
1228 4729 1283 4772 ct
1319 4720 1592 4775 credimus
1642 4706 1963 4791 semperque
2014 4724 2223 4778 utinam

673 4800 900 4871 credere
946 4824 1380 4879 perseveremus,
1402 4841 1472 4851 —
1494 4810 1618 4880 quis
1645 4818 1754 4877 tam
1787 4800 1870 4866 est
1900 4815 2223 4868 temerarius

671 4904 834 4965 atque
865 4898 1065 4962 audax,
1120 4899 1405 4969 solumque
1446 4884 1757 4975 petulanter
1798 4901 2059 4958 adversus
2091 4920 2222 4958 con-

673 4989 860 5057 spicua
892 4998 947 5043 et
988 4992 1277 5046 manifesta
1306 4992 1553 5063 litigandi
1580 4989 1803 5061 gnarus,
1838 5004 1897 5049 ut
1922 4996 2007 5049 vel
2033 4995 2226 5049 leviter
2270 5041 2279 5055 ,

672 5079 875 5147 cogitet
890 5094 1119 5147 corpora
1150 5080 1217 5134 ad
1241 5082 1754 5136 non-exsistentiam
1784 5098 2023 5153 unquam
2053 5092 2231 5135 trans-

675 5167 838 5233 itura,
882 5171 1034 5238 juxta
1077 5171 1379 5239 profectum
1426 5173 1482 5226 in
1522 5172 1573 5226 id
1608 5174 1753 5242 quod
1807 5174 2228 5242 perfectumcsr

751 5304 769 5355 ἱ
808 5307 967 5360 Marc.
1011 5324 1115 5370 va,
1160 5308 1243 5361 l9.
1321 5303 1575 5378 llEphesi.
1609 5326 1644 5373 ι,
1686 5310 1774 5362 2f.

2325 4454 2522 4511 αἰῶνας
2571 4447 2980 4517 συγκαθέζεται,
3036 4444 3240 4505 πάντας
3268 4442 3594 4513 διεληλυθὼς
3628 4444 3740 4503 τοὺς
3771 4441 3839 4491 οὔ·

2328 4544 2540 4615 ρανοὺς,
2598 4540 2693 4593 καὶ
2738 4536 2989 4606 ὑπεράνω
3017 4536 3233 4587 πάντων
3260 4536 3564 4604 γενόμενος,
3596 4534 3685 4585 καὶ
3711 4529 3840 4582 πάλιν

2324 4633 2602 4685 ἐλεύσεται
2625 4629 2715 4680 ἐπὶ
2740 4623 3084 4695 μεταποιήσει
3106 4641 3163 4676 τε
3188 4624 3230 4657 ¹¹
3265 4626 3358 4677 καὶ
3405 4619 3839 4693 μεταστοιχειώςει

2325 4724 2418 4776 τοῦ
2437 4721 2635 4818 παντὸς
2658 4717 2752 4770 καὶ
2781 4699 3024 4787 σωτηρία
3046 4715 3153 4767 τῶν
3183 4716 3464 4801 ἡμετέρων
3490 4714 3675 4781 ψυχῶν
3771 4708 3841 4757 καὶ

2328 4798 2627 4882 σωμάτων,”
2664 4806 2843 4869 καθὼς
2872 4798 3272 4879 ἐπιστεύσαμεν
3307 4823 3369 4859 τε
3411 4806 3503 4858 καὶ
3549 4801 3837 4866 πιστεύομεν

2324 4902 2416 4955 καὶ
2443 4902 2520 4961 είς
2540 4886 2625 4950 del.
2654 4895 2989 4960 πιστεύοντες
3025 4883 3389 4965 ὄιαιιένοιμεν,
3416 4892 3597 4963 (233
3620 4892 3671 4958 α)
3699 4917 3757 4926 -
3778 4885 3837 4941 τίς

2325 4990 2557 5051 οὖτως¹³
2599 4988 2866 5058 τολμηρός
2911 4989 3024 5040 ἐστι
3060 4989 3153 5040 καὶ
3206 4986 3439 5055 αὐθάδης
3462 5025 3477 5046 ,
3527 4986 3618 5034 καὶ
3648 4982 3767 5049 πρὸς
3785 4977 3836 5027 τά

2326 5082 2463 5159 δῆλά
2490 5097 2549 5133 τε
2587 5080 2680 5132 καὶ
2718 5080 2967 5148 προφανῆ
2996 5077 3260 5148 μάχεσθαι
3292 5076 3451 5143 μόνον
3496 5073 3647 5132 εἰδὼς
3671 5073 3711 5102 ⁸⁸

2329 5158 2525 5232 πετῶς,
2560 5168 2699 5221 ὥστε
2741 5169 2841 5221 κᾶν
2882 5168 3048 5238 ψιλῶς
3082 5165 3450 5236 ἐνθυμηθῆναι
3501 5163 3719 5233 πάροδτιν
3760 5158 3835 5221 τῖζν

1932 5410 2158 5464 νΑιιιΑῑ
2195 5408 2593 5463 LECTIONES.

756 5522 869 5577 ίδεῖ
891 5524 977 5578 ed.
1001 5520 1158 5585 Call}.
1192 5527 1305 5580 seu].
1338 5527 1607 5579 emendat.
1642 5528 1693 5579 in
1730 5535 1913 5579 annot.
1992 5527 2011 5554 ’
2040 5519 2201 5577 el‘cd.
2232 5523 2368 5577 Gall.
2446 5524 2463 5552 '
2491 5524 2547 5575 ἐν
2577 5523 2664 5577 ed.
2693 5524 2828 5578 Gall.
2901 5524 2921 5553 ⁸
2946 5522 3198 5587 ἀνάγκειν
3234 5516 3322 5571 ed.
3352 5514 3490 5587 Gall.
3582 5518 3603 5549 ⁵
3627 5511 3835 5587 τρνξθιξίν

673 5587 960 5664 εςΙ-ςνῦειιιλ
1001 5595 1039 5664 _'
1069 5579 1408 5664 Μανιχαῐκῆς
1437 5596 1524 5649 ed.
1562 5596 1699 5649 Gali.
1772 5597 1791 5625 ⁷
1824 5596 2036 5664 πάντων
2067 5593 2154 5664 ed.
2190 5592 2324 5646 Gall.
2402 5592 2424 5664 ξ
2460 5593 2611 5664 ὑμῶν
2652 5595 2737 5664 ed.
2783 5593 2918 5664 Call.
2948 5592 3018 5664 d’
3046 5579 3570 5664 έπάνταβαραλείψω
3599 5585 3664 5641 ed
3717 5579 3826 5657 alii}

645 5662 651 5667 '
680 5660 726 5692 ⁸³
755 5658 907 5729 ἡμῶν
929 5662 1054 5714 Θεὸν
1082 5662 1168 5715 ed.
1197 5658 1333 5717 G'all.
1366 5658 1377 5664 ’
1412 5666 1451 5695 ¹¹
1491 5664 1581 5715 τοῦ
1616 5680 1723 5718 om.
1752 5664 1837 5717 ed.
1870 5663 2005 5718 Gall.

689 5728 847 5801 μόνον
875 5730 1025 5792 είδὼς
1049 5731 1137 5783 ed.
1168 5731 1283 5786 Gall
2106 5775 2119 5779 -
2178 5761 2207 5767 ~

2082 5663 2122 5691 ¹¹
2164 5680 2216 5713 τε
2267 5678 2373 5716 non
2405 5652 2568 5717 habet
2604 5662 2691 5717 ed.
2731 5662 2868 5717 Call.
2945 5660 2987 5691 ”
3013 5656 3152 5711 οὓτω
3194 5655 3281 5710 ed.
3314 5652 3450 5708 Gali.
3506 5652 3568 5688 V“
3589 5652 3835 5725 προπετῶς
