3986 6346
158 464 298 533 1337

1378 472 1878 532 AMBIGUORUM
1916 476 2162 536 LIBER.

3209 481 3340 547 i333

151 577 295 646 λαὸἡ
344 576 590 646 σώματος
637 577 799 646 φύσιν
848 578 1060 647 ἔχοντος
1090 579 1582 649 ἁναπεμπὰζουσαν
1615 580 1708 632 καὶ⁴

1815 591 2002 634 natura
2029 558 2314 650 praeditum
2351 591 2433 637 est
2465 585 2790 639 resarciente
2815 593 2870 638 et
2892 585 3088 640 virtute
3117 589 3345 654 quadam

151 669 390 738 δύναμιν
419 670 516 737 τῆς
553 670 758 733 οἰκείας
807 671 971 734 ἕξεως
1022 671 1352 741 συστατικήν
1396 689 1455 723 τε
1489 673 1582 724 καὶ
1610 675 1705 725 ὲπ-

150 759 547 827 ανακλητικὴν,
594 758 688 811 τοῦ
735 761 792 812 δὲ
844 760 1036 830 νεκροῦ
1079 759 1237 813 τοῦτο
1270 762 1531 831 μηδαμῶς
1559 764 1706 830 ἐνερ-

150 846 406 914 γοῦντος,
447 847 591 913 ἅπαξ
618 851 1016 918 νενεκρωμένου
1047 851 1140 902 καὶ
1171 850 1704 918 παντελῶςζωτικῆς

151 939 527 1006 ἐστερημένου
562 938 859 1007 δυνάμεως,
894 940 985 991 καὶ
1017 939 1104 991 διὰ
1146 938 1304 994 τοῦτο
1352 941 1704 1009 ἀνενεργήτου

149 1028 534 1094 τυγχάνοντος.
574 1028 695 1089 Πῶς
741 1029 797 1080 δὲ
843 1018 940 1080 καῖ
972 1030 1226 1098 στήσεται
1275 1030 1336 1081 τὺ
1370 1030 1526 1096 φύσει
1574 1045 1703 1080 σκε-

152 1118 355 1196 δαστρν
395 1134 454 1168 τε
502 1119 595 1168 καὶ
635 1118 963 1180 εὐδιάλυτον,
1014 1118 1098 1186 μὴ’
1124 1120 1284 1170 οἱονεὶ
1306 1117 1552 1187 θεμελίου
1584 1117 1708 1186 τρό-

153 1225 264 1257 πον
311 1209 430 1258 κατ’
477 1207 718 1260 ἐπίνοιαν
763 1209 1230 1277 προῦποκειμένης
1273 1209 1416 1270 τινδς
1471 1208 1708 1276 ζωτικῆς

154 1297 461 1364 δυνάμεως,
514 1298 638 1363 περὶ
683 1297 878 1365 ἑαυτὴν
928 1297 1168 1364 φυσικῶς
1213 1297 1602 1366 συγκρινούσης
1646 1314 1705 1346 τε

156 1387 252 1437 καὶ
285 1386 710 1454 διασφιγγούσης
744 1386 805 1438 τὸ
846 1386 1301 1455 σκεδαννύμενον,
1334 1390 1391 1439 ev
1486 1387 1545 1439 τὸ
1571 1379 1707 1437 εἶναί

155 1489 214 1524 τε
241 1475 342 1524 καὶ
372 1473 748 1526 εἰδοποιείσθαι
793 1473 943 1541 παρὰ
971 1473 1068 1538 τῆς
1112 1473 1181 1523 τὰ
1204 1473 1298 1526 ὅλα
1321 1473 1498 1539 σοφῶς
1530 1487 1705 1538 τεχνι-

153 1561 421 1631 τευούσης
471 1562 744 1630 δυνάμεως
776 1563 939 1630 ,ἔχειν
985 1562 1206 1632 ἐλαχενς
1262 1565 1352 1616 Ἐν
1486 1562 1593 1630 γὰρ
1642 1559 1707 1614 ἂν

158 1653 449 1722 πράγματι
493 1653 629 1720 μετὰ
673 1654 732 1704 τὸ
757 1653 1009 1722 τεχθῆναι
1039 1654 1316 1722 περίεστιν
1344 1652 1554 1720 ἀληθῶς
1580 1651 1639 1703 τὸ
1661 1650 1706 1681 ³³

157 1735 300 1794 εἶναι
329 1741 408 1809 τῷ
438 1741 642 1811 σώματι
663 1783 677 1804 ,
723 1744 781 1792 ὲν
819 1743 1010 1811 ἐκείνῳ
1034 1743 1247 1805 πάντως
1277 1742 1497 1803 δικαίως
1523 1741 1588 1794 ἂν
1624 1741 1709 1792 λέ-

157 1846 309 1896 γοιτο
342 1831 486 1899 ἔχειν
527 1834 619 1884 καὶ
671 1832 769 1902 τὴν
803 1831 972 1900 ἀρχὴν
1016 1831 1116 1898 τῆς
1158 1831 1459 1900 ὑπάρξεως.
1491 1823 1707 1892 (ti/cavo;

1812 670 2057 724 habitum
2084 674 2359 740 proprium
2384 675 2759 743 compingendi
2785 676 3198 745 revocandique,
3224 694 3345 731 cum

1812 772 2087 814 mortuum
2114 773 2310 818 "contra
2345 755 2540 833 corpus
2565 764 2618 816 id
2646 765 2793 816 nullo
2832 766 2992 819 modo
3021 765 3232 828 eﬂiciat,
3260 783 3342 820 se-

1812 847 1916 900 mel
1949 849 2350 914 mortiﬁcatum,
2385 852 2636 918 vitalique
2667 859 2930 918 potestate
2973 867 3194 919 prorsus
3249 853 3345 905 de-

1811 936 2084 1001 stitutum,
2118 947 2172 991 et
2196 938 2670 991 idcircoincﬂicax.
2707 939 2985 1002 Quomodo
3005 955 3133 993 vero
3152 949 3207 993 et
3239 952 3348 994 sta-

1812 1023 1894 1077 bit
1912 1026 2056 1093 quod
2091 1037 2279 1101 natura
2314 1028 2634 1096 dissipatum
2665 1037 2748 1080 est
2767 1038 2927 1096 atque
2957 1028 3105 1082 nullo
3129 1029 3348 1096 negotio

1813 1114 2147 1180 dissolvitur,
2199 1133 2321 1170 cum
2372 1126 2626 1186 tanquam
2662 1118 2997 1171 fundamenti
3028 1118 3082 1171 in
3127 1118 3346 1172 modum

1813 1204 2136 1270 cogitatione
2183 1207 2329 1258 nulla
2367 1215 2492 1258 ante
2533 1208 2773 1276 subjecta
2815 1208 2884 1260 sit
2914 1207 3082 1261 virtus
3111 1207 3346 1266 viviﬁca.

1811 1309 1928 1360 qua:
1979 1296 2121 1347 circa
2174 1310 2292 1348 sese
2319 1297 2660 1358 naturaliter
2707 1305 3044 1363 coagmentet
3087 1296 3343 1367 diﬂ'usum

1813 1391 1974 1451 atque
1999 1372 2350 1453 constringat,
2384 1386 2562 1453 inqua
2590 1396 2644 1438 et
2670 1385 2982 1438 exsistentia
3017 1393 3072 1437 et
3095 1386 3345 1438 formatio

1812 1472 1880 1524 ab
1914 1488 1976 1526 ea
2005 1474 2206 1527 virtute
2236 1483 2458 1542 quaest
2497 1476 2750 1528 universa
2789 1475 3060 1542 sapienter
3086 1463 3345 1527 fabricata

1809 1563 1987 1618 inesse
2039 1567 2242 1620 sortita:
2268 1566 2432 1620 sunt?
2468 1567 2524 1619 In
2557 1580 2883 1633 quacunque
2906 1564 3155 1618 enim‘re
3196 1573 3345 1632 post-

1811 1667 1973 1721 quam
2029 1652 2164 1708 l‘acta
2210 1662 2294 1707 est
2324 1654 2600 1722 generatio
2629 1667 2754 1706 vere
2786 1663 3054 1719 superstes
3086 1660 3167 1703 est
3200 1650 3344 1703 exsi-

1813 1741 2008 1794 stentia
2059 1741 2297 1808 corpori,
2355 1741 2410 1795 in
2457 1758 2521 1795 ea
2571 1750 2716 1794 recte
2762 1741 2982 1809 omnino
3021 1739 3343 1806 principium

1812 1846 2026 1899 quoque
2055 1832 2379 1906 cxsistentire
2403 1831 2824 1884 inessedicatur.
2850 1828 2979 1879 Nam
3011 1842 3038 1878 a
3061 1842 3167 1894 quo
3193 1841 3347 1892 sepa-

159 1917 269 1986 γὰρ
300 1896 668 1987 ’τῷ-χωρισμῷ
695 1896 999 1970 διαλύεσθαι
1038 1896 1247 1984 πέφυκε
1275 1896 1345 1970 -τὸ
1375 1918 1550 1988 σῶμα,
1589 1919 1707 1972 τούο

1815 1896 1986 1973 ratuin
2020 1902 2218 1987 cor-pus
2242 1920 2574 1980 dissolvitur,
2605 1919 2783 1986 hujus,
2811 1915 2888 1968 uti
2923 1921 3174 1982 apparet,
3219 1929 3342 1966 cum

158 2019 254 2058 του
312 2006 512 2076 δηλαδὴ
539 2009 603 2076 τῇ
651 2006 880 2077 ὑπάρξει
917 2011 1054 2060 κατὰ
1100 2007 1196 2077 τὴν
1223 2009 1442 2077 ⁸γένεσιν
1475 2008 1707 2077 εὐλόγως

165 2097 231 2151 ἃν
262 2097 478 2159 πάντως
501 2097 594 2148 καὶ
634 2098 1055 2164 συνυφέστηκεν.

144 2177 162 2187 ’
235 2188 298 2240 El
339 2186 398 2239 δὲ
431 2185 638 2248 τούτοις
680 2185 1165 2254 στενοχωρούμενοι
1196 2188 1314 2249 τοῖς
1351 2181 1708 2254 λογισμοῖς,ὦ

169 2272 327 2341 οὗτοι,
366 2277 500 2345 φατὲ
536 2275 608 2346 μὴ
654 2276 846 2344 νεκρὸν
895 2271 1032 2326 εἶναι
1090 2277 1398 2328 παντάπασι
1439 2275 1502 2326 τὸ
1547 2293 1709 2328 κατα-

151 2365 489 2450 βαλλόμενον
518 2365 596 2426 εἰς
613 2362 878 2433 πρόφασιν
899 2363 996 2431 τῆς
1017 2361 1358 2432 ἀνθρωπίνης
1380 2363 1707 2423 συστάσεως,

165 2455 401 2523 ζωτικῆς
448 2453 504 2506 δέ
551 2471 694 2514 τινος
734 2452 838 2505 κᾶν
888 2451 1067 2513 ποσῶς
1122 2453 1368 2520 μετέχειν
1411 2452 1706 2526 δυνάμεως,

164 2543 240 2612 ὡς
270 2544 455 2612 ψυχὴν
489 2543 610 2611 ἕχον
647 2541 884 2609 δηλονότι
925 2542 1024 2607 τῆς
1057 2540 1308 2608 τοιαύτης
1338 2539 1712 2607 μεθέξειδυνά-

167 2651 312 2704 μεως
347 2634 531 2702 (χωρὶς
561 2633 666 2701 γὰρ
700 2630 871 2700 ψυχῆς
903 2627 1038 2691 εἶδος
1068 2629 1211 2698 ζωῆς
1238 2630 1336 2683 οὐκ
1375 2629 1445 2704 γᾶν
1485 2628 1568 2698 εἴη
1597 2627 1710 2680 πώ-

165 2703 294 2778 ποτε
327 2721 580 2785 καθάπαξ
623 2725 682 2772 ὲν
731 2723 842 2782 τοῖς
887 2720 990 2770 ὑπὸ
1020 2717 1179 2786 φύσιν
1215 2703 1566 2784 ἀναγομένοις
1619 2718 1713 2769 xal.

163 2815 263 2882 τῆς
320 2813 567 2882 οὐρανίου
634 2811 789 2879 δῆλον
842 2801 1152 2876 ἁεικίνήτου
1197 2810 1498 2877 περιφορᾶς
1566 2808 1713 2868 ἐντὸς

165 2901 589 2970 διειλημμένοις,
620 2901 706 2952 ἀεὶ
738 2899 795 2951 δὲ
822 2897 966 2967 ζωῆς
992 2893 1129 2958 εἶδος
1153 2895 1279 2948 ἄνευ
1308 2896 1482 2963 ψυχῆς
1513 2896 1573 2946 τὸ
1609 2913 1713 2946 πα-

170 2994 349 3061 ρᾶπαν
366 2991 464 3044 οὐκ
491 2990 604 3041 Eon
623 2988 762 3041 κατὰ
787 2989 886 3056 τὴν
911 2986 1130 3055 λογικὴν
1149 2984 1510 3053 ἀκολουθίαν),
1541 2979 1649 3036 οἷον
1667 2983 1712 3035 δ’

95 3111 102 3116 -
171 3083 234 3135 ἂν
264 3078 578 3147 ὑποτίθησθε
603 3077 743 3146 ζωῆς
794 3071 930 3138 είδος
966 3075 1028 3128 τὸ
1056 3073 1518 3143 κατασαλλὸμενον
1570 3073 1712 3142 ἔχειν
1753 3118 1759 3125 .

1805 2010 2118 2064 exsistentia
2159 2011 2213 2062 in
2251 2010 2595 2079 generatione
2621 2008 2782 2062 etiam
2824 2004 3157 2058 coexstitisse
3187 2004 3344 2071 plane

1805 2111 1889 2153 est
1925 2107 2368 2153 consentaneum.
2465 2151 2468 2154 .
2502 2142 2524 2145 -ν

1875 2187 1930 2241 Si
1977 2199 2156 2242 autem
2185 2231 2198 2252 ,
2252 2206 2285 2243 o
2335 2191 2444 2251 isti,
2477 2190 2562 2242 his
2613 2186 3161 2258 argumentationibus
3193 2178 3381 2237 eoar-'

1806 2278 1933 2329 ctati
1982 2280 2126 2345 quod
2174 2280 2408 2332 hominis
2460 2279 2773 2346 procreandi
2824 2275 2992 2345 gratia
3052 2273 3350 2326 seminatur

1821 2374 2090 2419 mortuum
2142 2383 2260 2422 esse
2301 2369 2505 2436 negatis
2533 2407 2547 2430 ,
2601 2367 2813 2418 vitalem
2879 2363 2960 2415 vel
3003 2363 3344 2430 quantulam~

1808 2473 2020 2524 cunque
2082 2457 2331 2510 virtutem
2392 2457 2716 2524 participare
2776 2453 3138 2513 aﬂirmantes,
3201 2453 3342 2520 quod

1809 2548 2039 2599 animam
2075 2548 2328 2600 videlicet
2373 2548 2532 2616 hujus
2593 2544 2809 2597 virtutis
2841 2544 3214 2595 communione
3253 2543 3348 2594 ha-

1811 2637 1933 2690 beat
1990 2637 2136 2707 (sine
2196 2639 2374 2691 anima
2412 2635 2734 2691 enim'nulla
2785 2635 2947 2687 semel
2987 2634 3110 2686 vita:
3138 2633 3347 2701 species
3419 2662 3422 2665 -

1811 2735 1917 2778 tam
1973 2727 2026 2778 in
2094 2728 2174 2780 eis
2238 2742 2472 2795 unquam
2532 2741 2650 2794 qum
2706 2725 2760 2776 in
2828 2732 3073 2776 naturam
3143 2724 3348 2790 prolata

1809 2831 1966 2884 quam
1993 2831 2112 2882 qua:
2139 2817 2192 2867 in
2242 2816 2372 2868 orbe
2399 2815 2519 2867 caeli
2551 2828 2763 2880 semper
2801 2811 2999 2862 mobile
3030 2811 3174 2861 intus
3197 2821 3348 2862 com-

1810 2904 2074 2971 prehensa
2120 2913 2264 2966 sunt,
2312 2903 2638 2970 reperiatur,
2694 2915 2756 2953 ac
2811 2914 3022 2967 semper
3056 2899 3179 2952 vitm
3225 2914 3354 2966 spe-

1810 2993 1919 3046 cies
1948 2993 2246 3046 secundum
2278 2991 2504 3046 rationis
2531 2988 2970 3060 consequentiam
2998 2996 3346 3058 exstatpror-

1810 3097 1901 3136 sus
1936 3083 2080 3135 nulla
2133 3082 2236 3136 nisi
2286 3097 2407 3136 cmn
2460 3081 2695 3152 anima),
2740 3082 3195 3154 qualemcunque
3227 3079 3351 3130 vitae

169 3169 310 3221 κατὰ
369 3169 467 3236 τὴν
528 3164 804 3234 σύλληψιν,
850 3163 1025 3233 ψυχῆς
1067 3179 1212 3224 τινος
1258 3162 1414 3231 μόνον
1473 3161 1710 3233 ίδιότη-τα

1815 3173 2047 3243 speciem
2097 3175 2400 3244 supponitis
2443 3174 2620 3227 inesse
2665 3169 3112 3238 inconcep‘tionis
3159 3182 3350 3235 propa-

171 3259 486 3326 ὲνεφήνατε,
529 3253 849 3322 συστατικὴν
900 3251 996 3320 μὲν
1020 3253 1116 3321 τῆς
1167 3255 1222 3304 ἐν
1266 3245 1407 3326 ᾔπέρ
1433 3255 1577 3306 ἔστιν
1632 3253 1715 3306 οὑ-

173 3348 292 3409 σίας
348 3343 702 3414 ὰφοριστικὴν
737 3342 793 3395 δὲ
846 3342 954 3393 τῶν
1001 3342 1078 3414 μὴ
1122 3345 1376 3396 τοιούτων
1432 3345 1712 3413 διαφοράν.

173 3435 235 3489 Et
262 3433 320 3488 δὲ
538 3432 590 3501 a)
620 3430 712 3485 καὶ
738 3429 911 3500 ψυχῆν
936 3431 1075 3498 ἔχειν
1094 3431 1154 3483 τὸ
1176 3431 1408 3501 ἑμὸρυον
1437 3430 1554 3498 βίας
1583 3431 1716 3498 πρὸς

172 3525 230 3577 τδ
251 3527 369 3578 δέον
399 3525 504 3575 ὑπὸ
536 3523 635 3588 τῆς
665 3521 919 3587 ἀληθείας
939 3519 1234 3586 ὠθούμενοι
1261 3519 1463 3584 λέγετε,
1489 3518 1608 3569 τίνα
1657 3533 1716 3568 τε

173 3617 264 3668 καὶ
294 3615 484 3667 ὁποίαν
519 3612 741 3677 ταύτην,
774 3611 866 3661 καὶ
896 3609 1010 3670 πῶς
1038 3608 1416 3681 θεωρουμένην
1438 3609 1470 3679 ἢ
1496 3609 1716 3676 λεγομέ-

173 3703 458 3771 νην,,ὑμᾶς
487 3701 664 3767 λέγειν
690 3699 847 3750 ἐστὶν
865 3697 1152 3750 ἀκόλουθόν
1181 3713 1239 3748 τε
1269 3697 1364 3774 καὶ
1394 3697 1714 3766 πρόσφορονς

175 3793 284 3845 Καὶ
316 3794 367 3844 εί
410 3793 508 3858 μὲν
547 3790 714 3858 μόνην
750 3789 850 3857 τὴν
887 3788 1183 3856 θρεπτικὴν
1219 3805 1279 3839 τε
1314 3789 1404 3838 καὶ
1426 3785 1718 3857 αὐξητικὴν

176 3882 314 3951 ἔχειν
351 3881 482 3932 αὐτὸ
499 3877 906 3960 διαςεϐαιοῦσθε
948 3877 1143 3947 ψυχὴν,
1175 3877 1343 3944 φυτοῦ
1377 3895 1513 3940 τινος
1536 3878 1718 3948 δῆλον..

174 3979 254 4024 ὔτι
311 3971 405 4023 καὶ
447 3971 544 4020 οὐκ
591 3967 877 4035 ἀνθρώπου
913 3966 992 4035 τῷ
1037 3967 1177 4036 λόγῳ
1225 3967 1395 4036 τούτῳ
1421 3968 1539 4020 καθ’
1576 3969 1719 4037 ὑμᾶς

174 4065 233 4116 τὸ
265 4065 600 4134 τρεφόμενον
632 4063 725 4115 καὶ
753 4061 1044 4129 αὐξόμενον
1073 4061 1225 4114 ἔσται
1257 4061 1432 4130 σῶμα.
1465 4062 1575 4114 Καὶ
1603 4060 1719 4123 πῶς

175 4154 262 4206 τοῦ
287 4153 455 4222 φυτοῦ
482 4153 660 4220 πατὴρ
682 4153 710 4203 ὁ
732 4150 1014 4219 ἄνθρωπος
1037 4149 1185 4202 ἔσται
1216 4152 1440 4203 συνιδεῖν
1468 4138 1715 4220 οὐκὲχω,

180 4245 343 4298 πολλὰ
387 4241 623 4304 σκοπῶν,
653 4239 712 4304 ἐξ
735 4237 1023 4310 ἀνθρώπου
1050 4239 1326 4301 παντελῶς
1346 4242 1404 4291 τδ
1427 4240 1563 4314 εἶναι
1579 4240 1719 4292 κατά

180 4338 333 4403 φύσιν
368 4337 466 4389 οὑκ
495 4335 724 4402 ἔχοντος.
761 4331 821 4383 El
852 4330 908 4382 δὲ
947 4329 1044 4398 τὴν
1077 4327 1396 4399 αἰσθητικὴν
1434 4332 1600 4400 μόνην
1641 4331 1718 4399 τῷ

180 4428 402 4497 ἐμϐρύῳ
431 4423 759 4495 προσ-νέμετε
788 4421 985 4490 ψυχὴν,
1014 4420 1182 4471 ἵππου
1209 4420 1425 4481 πάντως
1466 4421 1500 4489 ἢ
1533 4421 1650 4488 βοὸς
1682 4422 1714 4490 ἢ

1815 3267 1970 3336 gine,
2025 3267 2214 3318 anima:
2245 3266 2472 3333 alicujus
2504 3265 2678 3318 solum
2713 3261 3094 3330 proprietatem
3141 3255 3365 3324 signiﬁ—'

1817 3360 1996 3418 castis,
2025 3373 2129 3425 qua
2154 3357 2372 3425 quidem
2394 3356 2538 3408 eain
2561 3370 2665 3422 qua
2692 3353 2828 3413 inest
2854 3349 3082 3404 essentia
3108 3355 3345 3401 struatur

1815 3457 1870 3498 et
1908 3439 2095 3498 eorum
2123 3459 2242 3512 quae
2292 3462 2398 3497 non
2423 3443 2688 3512 ejusmodi
2740 3450 2865 3494 sunt
2894 3439 3192 3493 dill’ercntia
3219 3436 3349 3489 deﬁ—

1816 3535 2013 3586 niatur.
2037 3535 2152 3586 Jam
2179 3549 2306 3586 vero
2325 3534 2487 3586 etiam
2517 3534 2561 3584 si
2581 3531 2838 3599 embryon
2868 3529 3042 3582 anima
3071 3527 3351 3597 pnnditum

1814 3637 1931 3676 esse
1962 3638 1990 3675 a
2024 3623 2246 3675 veritate
2269 3621 2439 3674 coacti
2472 3623 2614 3688 (nam
2644 3619 2843 3672 acriter
2871 3634 2965 3670 vos
3003 3632 3194 3685 urgere
3216 3630 3354 3684 opus

1814 3711 1916 3782 est)
1943 3712 2199 3773 statuitis,
2239 3726 2343 3777 qua
2371 3719 2425 3762 et
2457 3709 2599 3776 quali
2627 3708 2746 3767 ista,
2775 3714 2829 3759 et
2863 3706 3130 3773 quomodo
3167 3706 3350 3757 obser-

1816 3811 1934 3856 vata
1961 3810 2054 3854 aut
2083 3794 2344 3869 appellata
2375 3797 2756 3851 convenienter
2800 3795 3042 3860 sequitur
3071 3801 3128 3844 ut
3154 3793 3348 3846 docea-

1817 3894 1905 3946 tis.
1958 3891 2132 3959 Atque
2188 3889 2253 3953 si_
2285 3879 2450 3940 solam
2501 3885 2628 3938 illud
2684 3883 2958 3936 nutriendi
3011 3890 3066 3934 et
3120 3882 3347 3948 augendi

1817 3982 2048 4035 animam
2079 3978 2278 4031 habere
2300 3975 2596 4036 ailirmatis,
2616 3974 2807 4042 plantae
2832 3972 3060 4039 alicujus
3086 3971 3344 4038 profecto.

1817 4087 1923 4125 non
1983 4068 2236 4128 hominis.
2289 4067 2390 4120 hac
2436 4066 2644 4118 ratione
2690 4062 2985 4117 secundum
3028 4076 3123 4113 vos
3152 4075 3348 4128 corpus

1819 4161 1952 4214 illud
1990 4159 2132 4227 quod
2165 4157 2404 4210 nutritur
2451 4165 2506 4209 et
2552 4163 2780 4223 augetur
2813 4154 2934 4206 erit.
2970 4153 3036 4205 Et
3083 4152 3350 4227 quomodo

1818 4225 2193 4319 plantae—pater
2217 4247 2378 4300 homo
2407 4246 2477 4298 sit
2506 4246 2830 4312 intelligere,
2856 4257 3074 4311 quoquo
3100 4225 3353 4295 conside;

1819 4339 2026 4393 ratione
2053 4345 2255 4400 vertor,
2278 4335 2527 4403 equidem
2545 4350 2652 4387 non
2677 4334 2870 4393 habeo,
2896 4347 3019 4385 cum
3045 4332 3111 4384 de
3135 4331 3352 4384 homine

1817 4420 1974 4496 plane
2001 4425 2370 4478 exsistentiam
2409 4423 2705 4476 secundum
2727 4428 2974 4474 naturam
3005 4435 3111 4470 nun
3137 4420 3350 4472 habeat.

180 4514 365 4588 ἑτέρου
402 4517 543 4578 τινὸς
578 4515 684 4567 τῶν
723 4513 990 4582 χερσαίων
1018 4510 1329 4580 ἢὲναερὲων
1361 4509 1513 4570 ζώων
1541 4512 1712 4581 ψυχὴν

1820 4517 1876 4572 Si
1927 4525 2111 4570 contra
2153 4514 2451 4568 sensualem
2481 4513 2648 4564 solam
2685 4511 2736 4562 in
2765 4509 2986 4585 embryo
3028 4508 3202 4560 inesse
3235 4510 3352 4560 ani-

180 4603 312 4671 εχων
355 4603 694 4670 δειχθήσεται
739 4601 880 4654 κατὰ
929 4601 1025 4670 τὴν
1072 4597 1325 4666 σύλληψιν
1361 4598 1423 4647 τὸ
1464 4599 1719 4668 ἔμϐρυον,

182 4689 272 4740 καὶ
326 4691 506 4756 πατὴρ
548 4689 646 4740 οὐκ
687 4687 837 4739 ἔσται
881 4690 1019 4740 κατὰ
1065 4687 1225 4755 φύσιν
1271 4684 1554 4755 ἀνθρώπου
1597 4687 1720 4739 καθ’

183 4778 318 4846 ὑμᾶς
347 4779 378 4828 ὁ
406 4779 706 4845 ἄνθρωπος,
742 4779 882 4829 κατὰ
908 4778 1005 4847 τὴν
1038 4777 1258 4852 πρώτην
1284 4777 1722 4828 σύστασιν·”ὰλ>.ὰ

185 4867 345 4931 φυτοῦ
379 4885 543 4929 τινος,
583 4867 761 4928 καθὼς
789 4867 946 4934 ἔφην,
979 4868 1013 4938 ἦ
1054 4868 1190 4930 ζὼου
1213 4868 1321 4920 τῶν
1353 4869 1442 4919 ἐπὶ
1487 4867 1609 4935 γῆς.
1645 4862 1719 4921 Ob

184 4953 235 5004 τί
262 4955 456 5020 γένοιτ’
486 4953 550 5005 ἃν
579 4954 918 5023 ἀτοπώτερον
947 4956 980 5024 ῆ
1029 4956 1550 5025 φρενοϐλαδέστερον
1575 4973 1589 5020 ;
1641 4956 1714 5006 Τὸ

189 5042 288 5111 γὰρ
319 5044 393 5113 μὴ
431 5043 790 5111 συνυπάρχειν
831 5043 1259 5098 διαϐεϐαιοῦσθαι
1297 5049 1363 5116 τῇ
1403 5045 1587 5115 πρώτη
1627 5061 1715 5095 συ-

191 5134 371 5185 στάσει
390 5133 496 5185 τῶν
523 5134 688 5184 ὅντων
723 5133 864 5183 κατὰ
892 5131 989 5201 τὴν
1011 5137 1238 5188 ἑκάστου
1271 5139 1501 5207 φυσικὴν
1533 5137 1718 5202 διαφο-

195 5219 286 5287 ρὰν
320 5221 739 5291 ἀπαραλείπτως
768 5221 891 5281 τοὺς
919 5222 1150 5283 οἰκείους
1178 5227 1274 5294 τῆς
1296 5225 1576 5295 ὑπάρξεως
1603 5226 1717 5293 ὀρι-

195 5309 374 5374 σμοὺς,
410 5311 764 5380 φύρεινέστὶν
804 5311 880 5369 εἰς
912 5309 1112 5378 ἄλληλα
1141 5312 1208 5364 τὰ
1246 5315 1440 5378 πάντα,
1486 5315 1577 5367 καὶ
1619 5330 1722 5382 μη·

194 5391 273 5445 δέν
300 5395 438 5452 εἶναι
469 5401 667 5471 κὺρίως
697 5401 801 5452 τῶν
827 5398 993 5450 ὄντων
1019 5400 1153 5467 ὅπερ
1175 5404 1288 5454 ἔστί
1310 5422 1368 5456 τε
1394 5406 1486 5458 καὶ
1507 5406 1720 5473 λέγεται

193 5481 624 5557 διισχυρίζεσθαι.
667 5493 774 5543 Καὶ
811 5479 870 5541 ’τὸ
906 5487 970 5556 δὴ
1007 5489 1188 5555 μεῖζον
1239 5493 1426 5555 κακὸν,
1471 5495 1722 5564 διαϐολὴν

1817 4618 1956 4656 mam
1985 4600 2323 4662 asseveratis,
2354 4599 2479 4667 equi
2514 4599 2670 4666 plane
2702 4597 2786 4651 vel
2823 4596 2976 4652 bovis
3003 4596 3094 4647 'vel
3125 4595 3348 4648 alterius

1816 4693 2043 4761 alicujus
2072 4690 2384 4744 animalium
2412 4688 2747 4741 terrestrium
2786 4696 2877 4740 aut
2906 4683 3204 4738 volatilium
3231 4683 3349 4736 ani-

1816 4797 1958 4835 mam
1994 4781 2194 4834 habere
2221 4780 2481 4848 cmbryon
2507 4778 2572 4831 de
2596 4778 2946 4845 conceptione
2977 4773 3347 4827 manifestabi-

1818 4881 1926 4938 tur,
1962 4889 2024 4927 ac
2049 4872 2345 4926 secundum
2381 4880 2623 4924 naturam
2655 4869 2888 4922 hominis
2931 4883 3028 4935 per
3062 4881 3158 4920 vos
3191 4865 3352 4918 homo

1825 4944 1978 5026 pater
2024 4977 2128 5014 non
2186 4961 2327 5024 erit,
2387 4960 2438 5012 in
2496 4960 2663 5027 prima
2709 4955 3200 5025 coagmentatione,
3257 4953 3352 5006 sed

1823 5051 2018 5115 planta:
2063 5051 2290 5118 alicujus
2311 5092 2325 5108 .
2379 5049 2456 5100 uti
2488 5047 2752 5108 dicebam,
2785 5045 2867 5098 vel
2910 5042 3216 5096 animalium
3249 5050 3355 5094 ter-

1824 5139 2075 5191 restrimn
2101 5128 2345 5208 alicujus.
2378 5139 2445 5191 Et
2476 5136 2603 5205 quid
2647 5137 2747 5188 hoc
2783 5143 2922 5187 esset
2948 5132 3232 5185 absurdius
3262 5138 3354 5183 aut

1823 5228 2128 5279 amentius?
2157 5228 2274 5280 Non
2299 5227 2443 5280 enim
2486 5225 2810 5279 cocxsistere
2853 5223 3005 5291 plene
3034 5236 3151 5273 cun-
3182 5220 3356 5286 prima

1819 5332 2006 5370 eorum
2036 5333 2156 5384 quae
2194 5327 2320 5370 sunt
2363 5315 2750 5384 compositione
2795 5328 2892 5380 pro
2933 5310 3358 5377 uniuscujusque

1820 5406 2050 5460 naturali
2079 5405 2378 5458 :lid‘erentia
2409 5405 2652 5473 proprios
2673 5399 2950 5470 exstantia:
2983 5398 3114 5450 ﬁnes
3140 5411 3354 5449 asseve-

1822 5508 1959 5556 rare,
1993 5493 2093 5545 hoc
2143 5493 2323 5546 omnia
2374 5494 2513 5548 inter
2561 5508 2617 5547 se
2647 5488 2976 5546 confundere
3022 5493 3136 5546 cst,
3193 5492 3355 5554 atque

1457 5656 1682 5710 VARIA‘Z
1719 5651 2111 5711 LECTIONES.

263 5752 304 5782 ⁸⁸
331 5755 403 5823 τῷ
437 5757 592 5813 habet
623 5762 984 5833 apographum
1013 5759 1129 5814 end.
1163 5758 1410 5814 Gudiani.
1446 5829 1449 5831 _
