3986 6346
168 389 308 492 tati

1383 433 1425 487 Α
1438 433 1894 492 .‘slBIGUOI‘tUM
1933 437 2180 496 LiBER.

3221 444 3360 509 i312

164 540 312 601 τέως
341 540 481 590 κατὰ
504 537 596 592 τὸν
618 537 902 610 πρόχειρον
931 537 1054 605 νοῦν
1081 539 1236 623 τοῦτο
1265 541 1525 612 γέγραφε.
1557 543 1726 611 Προσ-

1826 543 2139 615 s'tgtnncans
2160 537 2208 613 πί,
2240 551 2460 604 interim
2491 551 2546 604 in
2578 551 2724 606 hunc
2753 568 2974 608 sensum
3001 556 3116 609 lucc
3136 554 3366 623 scripse-
3398 589 3406 597 -

165 628 478 691 επιτούτοις
498 628 556 681 δὲ
579 629 732 692 πᾶσι,
763 629 974 682 δέδοικα
1009 619 1100 681 τὸν
1143 629 1380 682 τοιοῦτον
1437 631 1732 700 προσδέξαο

168 717 299 771 σθαι
326 717 507 785 λόγον,
540 719 736 790 μήπως
754 720 788 790 ἡ
818 719 913 772 τοῦ
943 719 1100 786 λόγου
1124 718 1243 772 καθ’
1269 721 1460 790 είρμδν
1495 723 1728 791 προϐαί-

166 824 341 862 νουσα
371 807 522 871 τάξις
558 808 804 880 φοϐερῶν
842 811 1040 880 ποιήσῃ
1077 827 1144 880 με
1183 811 1406 875 δικαίως
1451 811 1728 880 ἐγκλημά-

167 914 281 949 των
311 896 633 958 ὑπεύθυνον,
664 897 802 968 ὅπερ
827 897 902 969 μὴ
930 899 1090 969 θέμις
1116 902 1289 952 εἰπεῖν
1345 901 1470 954 ὅσον
1522 902 1585 954 ἐκ
1630 903 1727 970 τῆς

168 986 498 1050 ἀκολουθίας
522 987 616 1039 τοῦ
643 987 802 1054 λόγου
820 1004 898 1056 με-
913 987 1206 1059 βιαζομένη
1232 989 1324 1042 τὸν
1353 989 1556 1058 Κύριον
1571 990 1729 1058 ἡμῶν

171 1078 268 1130 καὶ
302 1076 445 1138 Θεὸν
458 1075 658 1144 λέγειν,
698 1075 856 1148 εἴπερ
892 1078 1104 1148 ἀληθῶς
1135 1079 1258 1132 καθ’
1294 1081 1439 1149 ἡμᾶς
1475 1079 1726 1146 γενέσθαι

170 1165 514 1236 κατηξίωσεν
556 1165 842 1238 ἄνθρωπος
885 1171 1054 1237 χωρὶς
1084 1169 1378 1239 ἁμαρτίας,
1429 1169 1570 1234 κατα
1626 1171 1727 1237 τὴν

174 1255 440 1326 σύλληψιν
467 1255 670 1326 ἄψυχον
692 1257 786 1309 καὶ
813 1255 975 1311 ἄνουν
1003 1258 1286 1327 ἄνθρωπον
1303 1259 1606 1327 γεγονέναι,
1639 1259 1733 1311 καὶ

171 1346 272 1409 τὰς
294 1347 703 1416 τεσσαράκοντα
735 1345 947 1416 ἡμέρας
983 1345 1158 1411 οὕτως
1195 1347 1395 1418 ἔχοντα
1425 1349 1732 1417 μεμενηκέ-

173 1452 281 1500 ναι,
339 1436 454 1488 τῶν
514 1433 685 1502 ἁγίων
722 1435 980 1504 Πατέρων
1034 1435 1190 1504 ἡμῶν
1242 1436 1341 1489 καὶ
1396 1436 1732 1490 διδασκάλων

174 1525 479 1596 διαρρήδην
509 1522 774 1594 βοώντων,
807 1524 1008 1592 μᾶλλον
1027 1525 1084 1575 δὲ
1111 1525 1209 1594 τῆς
1234 1524 1302 1576 δι’
1326 1526 1503 1579 αὐτῶν
1541 1525 1730 1598 λαλού-

177 1631 278 1684 σης
297 1631 364 1667 τε
409 1614 505 1666 καὶ
540 1612 875 1682 λαλουμένης
918 1608 1195 1681 ἀληθείας,
1241 1598 1358 1684 ἅμα
1400 1617 1470 1685 τῇ
1524 1615 1731 1686 καθόδῳ

174 1703 268 1757 τοῦ
295 1702 437 1755 Θεοῦ
460 1701 633 1769 Λόγου
662 1702 806 1756 κατὰ
831 1702 928 1770 τὴν
957 1702 1215 1774 σύλληψιν
1242 1705 1488 1774 ἁχρόνως
1512 1705 1601 1759 διὰ
1637 1705 1732 1776 μέ.⁹

177 1807 278 1862 σης
305 1791 490 1862 ψυχῆς
516 1790 744 1862 λογικῆς
767 1793 1030 1863 ἐνωθῆναι
1052 1796 1230 1866 ισαρκὶ
1265 1796 1356 1849 τὸν
1391 1785 1592 1867 Κύριον
1634 1797 1732 1848 αύ-

135 1915 146 1921 .
177 1850 272 1935 τὸν
291 1850 555 1936 έαΐόέδν
585 1850 779 1950 λάτὶν,
805 1850 1012 1936 om
1040 1850 1151 1937 διά’
1161 1886 1330 1954 μέσης
1363 1850 1559 1956 σαριὶδς
1597 1884 1731 1953 eos.
1761 1850 1804 1907 Β

177 1985 274 2038 χου
323 1968 556 2039 λογικὴν
608 1969 786 2040 ψυχὴν
837 1971 1228 2041 προσδέξασθαι
1282 1974 1729 2041 προσγινομένην,

80 2103 96 2111 -
181 2066 274 2115 καὶ
292 2062 396 2116 οὐκ
422 2061 632 2133 ἄψυχον
665 2062 821 2132 σῶμα
849 2061 1124 2124 παντελῶς
1161 2060 1194 2127 ἢ
1226 2060 1384 2117 ἄνουν
1425 2059 1610 2132 ψυχὴν.
1641 2061 1733 2114 καὶ

182 2148 369 2220 ἄλογον
397 2153 765 2221 ἀνειληφέναι,
786 2152 921 2205 ἀλλὰ
944 2152 1152 2205 τελείαν
1180 2152 1478 2216 ἁνελλιπῶς
1501 2153 1598 2220 τὴν
1635 2152 1734 2220 φύ-

187 2258 267 2297 σιν
281 2243 378 2314 τὴν
396 2245 464 2296 ἐκ
483 2240 663 2313 ψυχῆς
680 2242 902 2311 λογικῆς
929 2241 1044 2311 ἅμα
1070 2244 1164 2296 καὶ
1199 2244 1447 2313 σώματος
1480 2252 1732 2296 συνιστα-

87 2330 108 2348 "
188 2333 346 2403 μένην
384 2333 564 2404 ἐαυτῷ
593 2333 713 2386 καθ’
752 2331 1048 2389 ὑπόστασιν
1092 2333 1344 2405 ἀρρήτως
1381 2332 1598 2390 ἐνῶσαι.
1642 2332 1734 2386 Διδ

186 2423 414 2485 μάλιστα
474 2423 794 2492 περιέχομαι
838 2420 936 2474 τοῦ
985 2421 1084 2491 τῆς
1133 2420 1513 2492 συνυπάρξεως
1549 2421 1730 2491 λόγου.

179 2515 303 2577 τοὺς
333 2514 422 2584 ἐφ’
449 2499 686 2584 ἑκάτερα
711 2514 777 2567 δι’
804 2513 1046 2576 ἐναντίας
1073 2513 1230 2576 15ντας
1269 2513 1513 2584 ἀλλήλοις
1550 2530 1608 2565 τε
1637 2514 1734 2567 καὶ

177 2597 244 2674 τῇ
261 2605 520 2674 μεσότητι
540 2603 832 2674 ,προσφυῶς
861 2590 1334 2673 ἀποπεμπόμενος,
1355 2604 1512 2658 αὑτὸν
1527 2604 1618 2656 τδν
1637 2604 1734 2674 τῆς

180 2693 392 2761 φύσεως
420 2693 650 2763 ποιητὴν
683 2693 822 2762 έχων
851 2693 930 2762 τῷ
963 2693 1082 2747 καθ’
1115 2694 1305 2746 ἐαυτὸν
1333 2695 1613 2764 μυστηρίῳ
1637 2695 1733 2764 τῆς

178 2785 612 2856 ίνσωματὼσεως
655 2785 752 2838 τοῦ
785 2786 1026 2838 τοιούτου
1073 2786 1231 2854 λόγου
1269 2785 1462 2856 (236
1502 2785 1554 2854 ὁ)
1605 2796 1742 2836 συν-⁸

145 2888 152 2905 "
179 2877 376 2948 ήγορόν
395 2893 455 2929 τε
487 2875 582 2929 καὶ
622 2873 933 2928 διδάσκαλον
971 2875 1422 2945 ἀπαραλόγιττον,
1463 2873 1553 2924 τὸν
1580 2874 1733 2940 γενό-

183 2983 339 3034 μενον
379 2964 596 3036 ἀληθῶς
647 2965 950 3034 ἄνθρωπον,
1006 2965 1100 3018 καὶ
1159 2962 1256 3032 τὴν
1309 2961 1468 3030 φύσιν
1515 2961 1730 3042 τελείῳς

182 3057 409 3127 ἔχουσαν
435 3055 552 3126 ἄμα
578 3053 657 3123 τῷ
687 3048 823 3106 εἶναι
855 3053 996 3108 κατὰ
1029 3053 1127 3123 τὴν
1158 3051 1371 3128 γένεσιν
1407 3051 1730 3120 ὑφίστασθαι

1833 635 1922 688 rit.
1946 637 2024 690 Ad
2051 638 2164 692 haec
2194 641 2322 694 vero
2348 640 2530 694 omnia
2553 643 2715 696 tale'm
2735 643 3019 700 admittere
3051 649 3374 701 sententiam

1829 715 2144 791 reformido,
2180 744 2248 782 ne
2277 744 2384 797 qua
2415 734 2683 787 sermonis
2722 735 2867 788 serie
2901 737 3207 804 procedens
3239 738 3376 792 ordo

1830 811 2228 869 horrendorom
2260 832 2344 871 me
2375 804 2664 881 criminum
2701 823 2826 892 jure
2849 825 3145 878 obnoxium
3190 826 3374 890 faciat,
3418 867 3424 872 -

1829 892 2008 970 quoad
2059 921 2126 959 ex
2177 906 2566 976 disputationis
2624 913 3014 980 consequentia
3063 929 3149 968 me
3193 914 3376 969 dicere

1829 1007 2027 1065 cogens
2068 996 2358 1052 Dominum
2385 1008 2634 1054 nostrum
2686 1002 2965 1066 aeneum,
2993 1003 3137 1072 quod
3170 1005 3377 1059 dixisse

1832 1080 1987 1163 nefas
2022 1093 2127 1149 est,
2165 1087 2434 1163 siquidem
2459 1103 2588 1143 vere
2623 1090 2690 1143 ad
2717 1105 2816 1145 nos
2840 1091 3008 1144 homo
3041 1092 3158 1146 ﬁeri
3187 1094 3378 1163 digna-

1832 1178 1923 1238 tus
1951 1160 2055 1237 est,
2093 1159 2298 1242 peccati
2329 1183 2512 1230 tamen
2541 1193 2753 1247 expers,
2777 1179 2884 1232 hoc
2906 1193 2990 1233 εει
3019 1180 3222 1234 dixisse
3246 1159 3372 1238 eum

1829 1258 1898 1314 de
1923 1263 2278 1330 conceptione
2303 1261 2725 1320 inanimatumct
2744 1275 2926 1320 mente
2945 1283 3054 1320 non
3088 1269 3372 1338 praeditum

1829 1350 2106 1406 hominem
2137 1353 2392 1407 eﬂ'ectum
2440 1353 2628 1419 fuisse,
2660 1363 2720 1408 et
2744 1371 2842 1424 per
2867 1357 3226 1426 quadraginta
3255 1359 3404 1421 dies,

1829 1439 1934 1492 hoc
1965 1448 2107 1494 statu
2155 1456 2552 1511 perseverasse,
2594 1460 2718 1499 cum
2757 1448 2932 1500 sancti
2965 1447 3155 1502 Pa’tres
3205 1451 3372 1504 nostri

1828 1538 1990 1597 atque
2027 1530 2280 1584 doctores
2309 1531 2512 1587 diserte
2556 1535 2917 1612 conclament,
2967 1538 3078 1590 imo
3114 1538 3230 1607 ipsa
3276 1554 3377 1607 per
3463 1536 3468 1540 ’

1826 1629 1925 1668 εοε
1952 1615 2166 1670 Veritas
2199 1618 2428 1672 ailirmct
2449 1627 2505 1673 et
2541 1620 2859 1688 ail‘trmetur,
2897 1624 3058 1678 simul
3099 1641 3225 1694 cum
3274 1627 3372 1682 Dei

1828 1702 1995 1758 Verbi
2044 1721 2146 1773 per
2195 1709 2607 1778 conceptionem
2665 1712 3020 1768 descensione
3085 1717 3269 1770 statim
3317 1726 3375 1773 et

1830 1794 1983 1846 nullo
2026 1802 2269 1863 tempore
2299 1798 2585 1866 interjecto
2612 1815 2710 1868 per
2753 1801 2988 1855 mediam
3016 1805 3252 1858 animam
3285 1821 3376 1869 rae

1833 1880 2086 1936 tionalem
2121 1884 2409 1959 Dominum
2455 1887 2630 1955 ipsum
2665 1900 2720 1942 et
2750 1891 2919 1944 Deum
2960 1891 3201 1946 Verbum
3246 1910 3371 1949 cum

1828 1985 1990 2025 carne
2015 1972 2210 2039 coisse,
2252 1991 2362 2030 non
2390 1991 2522 2030 vero
2561 1993 2657 2046 per
2687 1979 2919 2034 mediam
2950 1997 3169 2038 carnem
3201 1984 3374 2040 inani-

1827 2070 2026 2125 matam
2061 2065 2297 2118 animam
2333 2067 2655 2122 rationalem
2681 2070 3040 2129 accedentem
3077 2076 3370 2144 recepisse,

1826 2159 1886 2204 et
1911 2167 2018 2204 non
2054 2152 2410 2208 inanimatum
2435 2171 2659 2223 prorsus
2689 2173 2890 2228 corpus
2912 2170 3006 2214 aut
3050 2165 3372 2219 mentis-ex-

1829 2249 2037 2310 pertem
2082 2235 2553 2313 irrationaletnque
2607 2247 2842 2302 animam
2887 2250 3175 2320 adoptasse
3203 2292 3220 2316 ,
3271 2253 3368 2308 sed
3446 2317 3452 2322 ,
3489 2245 3498 2253 ”

1829 2330 2121 2399 perfectam
2165 2333 2321 2400 plene
2350 2345 2596 2388 naturam
2624 2351 2692 2390 ex
2719 2339 2896 2393 anima
2925 2340 3176 2395 rationali
3203 2343 3364 2398 simul

1827 2429 1885 2476 et
1909 2437 2137 2491 corpore
2157 2424 2543 2478 consistentem
2557 2425 2774 2482 sibimet
2795 2431 3097 2485 secundum
3121 2425 3376 2487 substan-é

1829 2510 1959 2564 tiam
1993 2509 2256 2565 ineﬂ'ahili
2285 2512 2520 2580 quodam
2578 2514 2740 2568 modo
2785 2516 3139 2572 coadunasse.
3175 2518 3374 2592 Quatm

1829 2600 2018 2655 obrem
2050 2602 2280 2656 maxime
2307 2603 2586 2672 amplexor
2615 2605 3012 2660 cocxsistentize
3036 2608 3371 2677 opinionem,

1829 2699 2161 2760 ceterasque
2197 2691 2253 2744 in
2286 2699 2571 2762 utramque
2611 2702 2818 2761 partem
2855 2695 3226 2764 divergentes,
3252 2715 3372 2766 quae
3477 2751 3482 2756 .

1831 2790 1940 2836 tam
1976 2784 2082 2837 sibi
2123 2783 2353 2837 invicem
2383 2799 2544 2853 quam
2585 2784 2765 2838 medio
2794 2785 3064 2838 contraria
3107 2794 3266 2845 sunt.
3305 2795 3367 2838 ut

1828 2879 2250 2926 consentaneum
2283 2879 2386 2937 est,
2421 2875 2614 2927 missas
2651 2873 2819 2935 facio,
2851 2884 2906 2928 et
2945 2874 3121 2943 ipsum
3163 2884 3372 2930 natura:

1826 2958 2182 3014 Conditorem
2237 2969 2342 3013 suo’
2391 2960 2539 3029 quod
2580 2961 2693 3015 sibi
2756 2961 2918 3016 habet
2980 2963 3372 3018 incarnationis

1827 3049 2086 3120 mysterio
2108 3056 2395 3118 patronum
2424 3051 2587 3120 hujus
2619 3052 2892 3130 opinionis
2912 3064 3072 3123 atque
3094 3055 3372 3130 doctorem

180 3147 244 3198 δι’
297 3145 492 3200 ἑαυτοῦ
516 3137 523 3142 ’
547 3143 998 3215 βεϐαιωσάμενον.
1049 3142 1143 3195 καὶ⁸
1191 3141 1730 3212 μόνηνριαινοτομή-

1832 3132 2173 3196 iniallibilem
2217 3141 2414 3206 habeo,
2447 3142 2541 3210 qui
2571 3128 2695 3197 vere
2721 3151 2804 3198 est
2829 3144 2991 3198 homo
3020 3128 3222 3209 factus,
3245 3145 3373 3212 qui-

185 3253 348 3290 σαντα
395 3236 494 3306 τὴν
532 3233 878 3302 καινοτομίαν
933 3235 1032 3304 τῆς
1077 3233 1308 3302 φύσεως,
1348 3230 1488 3299 λέγω
1535 3231 1598 3300 δὴ
1631 3231 1728 3301 τὴν

180 3324 266 3378 διὰ
316 3326 527 3395 σπορᾶς
568 3321 824 3401 σύλληψιν
860 3323 962 3401 καὶ.
983 3321 1080 3391 τὴν
1109 3321 1195 3374 διὰ
1225 3321 1429 3390 φθορᾶς
1457 3320 1727 3388 γέννησιν,

182 3412 357 3484 ἇσπερ
395 3417 429 3485 ή
465 3410 624 3483 φύσις
675 3413 812 3484 μετὰ
861 3411 960 3481 τὴν
1007 3410 1313 3482 παράϐασιν
1365 3409 1726 3474 ἐπεσπάσατο,

182 3503 278 3572 τῆς
303 3504 459 3567 θείας
485 3503 833 3557 ἀποπεσοῦσα
852 3504 946 3556 καὶ
967 3503 1340 3570 πνευματικῆς
1391 3503 1470 3562 είς
1526 3499 1726 3568 πλῆθος

183 3586 481 3657 αὐξήσεως,
513 3587 626 3641 ἀλλ’
652 3589 714 3640 οὐ
741 3589 832 3642 τὸν
879 3588 1033 3654 λόγον
1078 3587 1176 3654 τῆς
1230 3586 1442 3655 φύσεως
1495 3585 1613 3639 καθ’
1665 3587 1724 3640 δν

185 3668 296 3728 ἐστι
326 3694 386 3731 τε
420 3679 514 3731 καὶ
551 3678 792 3745 γίνεσθαι
824 3678 1064 3747 πέφυκεν
1097 3677 1212 3745 ἅμα
1238 3677 1316 3748 τῷ
1348 3673 1486 3730 εἷναι
1524 3679 1588 3732 ἐκ
1619 3678 1722 3748 ψυ-

112 3804 116 3807 -
184 3765 280 3834 χῆς
305 3768 529 3838 λογικῆς
553 3767 883 3837 ὑφισταμένη
913 3769 1006 3820 καὶ
1033 3765 1300 3835 σώματος.
1399 3808 1402 3811 .
1535 3835 1538 3838 4
1717 3765 1720 3767 ‘

1828 3247 1934 3305 que
1970 3240 2238 3296 naturam,
2282 3232 2443 3286 simul
2475 3244 2635 3301 atque
2661 3248 2781 3298 esse
2803 3233 3024 3302 incepit.
3069 3234 3371 3288 secundum

1826 3323 2230 3395 generationem
2291 3321 2591 3376 subsistere
2638 3323 2878 3391 perfecte
2929 3323 3219 3376 habentem
3257 3311 3373 3392 per
3411 3375 3414 3379 .

1826 3414 2174 3481 semetipsum
2218 3411 2560 3467 conﬁrmavit
2593 3422 2649 3465 ct
2690 3413 2866 3467 solum
2908 3422 3118 3468 natura:
3144 3414 3370 3468 innova-

1826 3503 2029 3556 tionem
2062 3499 2360 3566 inchoavit,
2388 3500 2797 3571 conceptionem
2833 3518 2930 3573 per
2967 3503 3254 3568 sationem,
3291 3503 3374 3560 in-

1825 3608 1986 3662 quam
2014 3633 2030 3656 ,
2088 3599 2252 3661 atque
2302 3593 2704 3661 generationem
2772 3609 2869 3661 per
2899 3595 3201 3660 interitum,
3237 3610 3378 3670 quas

1828 3693 2022 3738 natura
2061 3690 2184 3753 post
2210 3683 2697 3751 transgressionem
2722 3683 2825 3737 sibi
2856 3689 3222 3748 contrax'erat,
3245 3700 3371 3738 cum

1765 3803 1769 3806 -
1828 3773 1896 3828 de
1927 3772 2112 3826 divino
2141 3769 2475 3838 etspiritnali
2507 3770 2561 3823 in
2598 3769 3002 3824 multitudinem
3029 3771 3372 3824 incremento

183 3853 399 3929 delapsa
430 3835 596 3916 esset,
614 3854 710 3910 sed
772 3835 881 3908 non
916 3863 1123 3909 natura:
1181 3855 1467 3921 rationem,
1495 3835 1791 3916 secundum
1832 3876 1990 3931 quam
2020 3869 2074 3915 et
2110 3869 2195 3915 est
2224 3835 2280 3915 et
2320 3858 2436 3914 ﬁeri
2468 3867 2667 3930 potest,
2707 3859 2866 3914 simul
2896 3875 3019 3915 cum
3053 3861 3370 3916 exsistcntia
3427 3932 3430 3934 γ

181 3960 246 3999 ει
277 3944 530 4000 rationali
558 3944 738 3997 anima
763 3951 927 4012 atque
954 3958 1180 4013 corpore
1213 3943 1566 4014 suscepisset.

184 4122 318 4191 ιιερί
356 4121 464 4177 τοῦ
508 4119 634 4186 πῶς
671 4122 1013 4190 καινοτομία
1051 4123 1269 4190 γίνεται
1310 4123 1429 4177 τῶν
1459 4141 1728 4180 καινοτο-

249 4212 561 4283 μουμένων
620 4211 975 4280 πραγμάτων
1045 4215 1352 4281 μενόντων
1427 4216 1728 4282 ἁτρέπτων

248 4307 398 4378 κατὰ
433 4302 547 4370 τὴν
571 4305 780 4371 φύσιν.

1829 4127 2093 4193 Quomodo
2122 4128 2388 4180 innovatio
2414 4126 2514 4195 ﬁat
2560 4108 2682 4180 dum
2725 4143 2806 4180 res
2843 4129 3152 4184 innatando:
3202 4130 3370 4200 ﬁrm

2190 4229 2383 4292 natura
2407 4234 2468 4271 ac
2497 4217 2703 4271 stabiles
2730 4227 2995 4272 maneant.

223 4417 406 4471 ’Πᾶσα
442 4416 550 4489 γὰρ
597 4414 825 4469 καθόλου
886 4417 1049 4484 φάναι
1091 4418 1405 4487 καινοτομῖα
1460 4420 1584 4490 περὶ
1635 4422 1724 4474 «ab»

1892 4415 2080 4471 Omnis
2106 4416 2326 4479 etenim,
2348 4423 2410 4470 ut
2433 4415 2681 4470 universe
2707 4415 2902 4493 dicant,
2933 4415 3202 4470 innovatio
3225 4418 3368 4474 circa

186 4505 379 4574 τρόπον
410 4505 507 4560 τοῦ
544 4505 1043 4574 καινοτομουμένου
1095 4507 1413 4576 πράγματος
1470 4511 1727 4578 πέφυκεν,

189 4595 296 4647 ἀλλ’
319 4597 385 4650 0'5.
416 4595 543 4664 περὶ
567 4593 656 4647 τὸν
692 4593 845 4660 λόγον
877 4593 976 4663 τῆς
1015 4594 1228 4663 φύσεως
1258 4595 1521 4663 γίνεσθαι,
1544 4597 1730 4668 διόπερ

187 4685 214 4735 ὁ
247 4685 341 4752 μὲν
369 4685 526 4750 λόγος
551 4681 1029 4752 καινοτομούμενος
1059 4684 1270 4754 φθείρει
1303 4684 1398 4754 τὴν
1419 4685 1598 4753 φύσιν,
1631 4688 1730 4744 οὐκ

189 4775 410 4841 ἔχουσαν
430 4774 531 4827 τὸν
568 4757 692 4828 καθ’
728 4774 788 4827 όν
813 4774 928 4826 ἐστι
954 4770 1110 4840 λόγον
1143 4775 1367 4843 ἀρᾳδιού
1377 4792 1592 4845 ργητον,
1622 4781 1649 4831 ό
1673 4778 1728 4830 δὲ

189 4867 380 4932 τρόπος
430 4864 914 4934 καινοτομούμενος
954 4863 1358 4932 φυλαττομένου
1396 4866 1596 4936 δηλαδὴ
1632 4867 1728 4920 τοῦ

191 4954 326 5007 κατὰ
353 4953 515 5023 φύσιν
541 4937 700 5021 λόγου
728 4953 1000 5022 θαύματος
1027 4953 1353 5008 ἐνδείκνυται
1379 4955 1628 5026 δύναμιν,
1654 4957 1730 5022 ὡς

191 5038 285 5108 τὴν
333 5043 497 5110 φύσιν
549 5043 944 5113 ἐνεργουμένην
977 5059 1036 5096 τε
1081 5045 1177 5095 καὶ
1204 5044 1532 5114 ἐνεργοῦσαν
1592 5047 1729 5116 ὑπὲρ

192 5127 278 5180 τὸν
308 5131 506 5201 ἑαυτῆς
537 5133 857 5192 ἀποδεικνὺς
907 5131 1146 5200 δηλονότι
1187 5127 1414 5202 θεσμὸν.
1467 5136 1636 5203 Λόγος
1674 5137 1730 5189 δὲ

197 5216 397 5282 φύσεως
425 5221 770 5302 ἀνθρωπίνης
791 5221 906 5273 ἐστὶ
933 5221 994 5274 τὺ
1019 5222 1197 5292 ψυχὴν
1231 5225 1324 5277 καὶ
1358 5225 1520 5294 σῶμα
1545 5227 1638 5279 καὶ
1667 5229 1730 5280 ὲκ
1749 5277 1778 5292 ,

194 5306 362 5380 ψυχῆς
388 5313 610 5382 λογικῆς
642 5309 782 5366 εἶναι
828 5311 923 5382 τὴν
965 5311 1126 5379 φύσιν
1159 5315 1255 5366 καὶ
1285 5314 1553 5383 σώματος,
1583 5317 1728 5387 ’τρό-

201 5411 292 5461 πος
333 5401 446 5473 δὲή
483 5405 540 5456 ἐν
580 5403 674 5470 si];
705 5405 942 5474 ἐνεργεῖν
989 5402 1081 5454 καὶ
1109 5402 1444 5472 ἐνεργεῖσθαι
1491 5407 1730 5472 φυσικῶς

199 5485 340 5552 τάξις
376 5492 540 5555 ἐστὶν,
588 5493 921 5564 ἀμειϐομένη
961 5509 1022 5545 τε
1061 5493 1317 5558 πολλάκις
1363 5497 1454 5549 καὶ
1488 5497 1728 5550 ἀλλοιου-

205 5579 458 5653 μένημτὴν
487 5582 542 5636 δὲ
569 5583 728 5652 φύσιν
757 5587 920 5654 ἐαυτῇ
942 5583 1214 5646 παντελῶς
1227 5577 1727 5657 ούσυναμείϐουσα,

265 5741 290 5770 ⁸³
307 5735 483 5796 Exod.
519 5753 624 5796 xxI.
663 5737 769 5792 Ἦ.-

1828 4503 2046 4560 modum
2065 4507 2144 4560 rei
2175 4507 2511 4570 innovandze,
2531 4521 2651 4559 non.
2673 4505 2821 4560 circa
2850 4506 3114 4560 rationem
3138 4515 3365 4577 naturae,

1829 4594 2417 4664 iicriicomparata'est,
2469 4593 2597 4663 quia
2647 4593 2786 4648 ratio
2813 4593 3065 4647 innovata
3119 4601 3393 4664 naturam.

1826 4685 1994 4749 ΙωιΙίι,
2024 4699 2145 4754 qua:
2177 4700 2296 4738 eam
2329 4683 2625 4738 secundum
2659 4697 2819 4751 quam
2851 4683 3063 4736 exsistit
3101 4683 3366 4737 rationem

1826 4790 1934 4827 non
1952 4781 2129 4827 teneat
2145 4772 2534 4832 intemeratam,
2555 4770 2748 4823 modus
2762 4785 2888 4824 vero
2906 4770 3266 4832 innovandus,
3287 4771 3361 4824 ita

1826 4854 2082 4919 nimirum
2106 4872 2166 4919 ut
2191 4863 2450 4934 naturalis
2470 4861 2606 4915 ratio
2627 4871 2891 4923 servetur,
2922 4862 3168 4916 miraculi
3185 4869 3370 4914 osten-

1825 4955 1906 5009 dit
1952 4940 2227 5017 virtutem,
2283 4966 2404 5004 cum
2454 4958 2701 5004 naturam
2756 4965 2947 5018 nempe
3000 4957 3055 5003 et
3095 4959 3266 5002 actam
3309 4956 3369 5002 et

1815 5036 2071 5115 agentem
2097 5046 2237 5098 ultra
2258 5057 2408 5097 suam
2453 5041 2623 5110 ipsius
2650 5041 2820 5109 legem
2852 5055 2915 5095 ac
2954 5049 3196 5093 normam
3235 5056 3365 5108 pro-

1827 5141 2058 5188 moveat.
2090 5127 2246 5186 Ratio
2268 5139 2446 5186 autem
2490 5130 2738 5182 humana:
2768 5137 3088 5183 natum‘est
3131 5130 3363 5182 animant

1825 5234 2092 5294 ctcorpus
2113 5234 2169 5280 et
2195 5239 2261 5278 ex
2295 5222 2472 5276 anima
2505 5212 2748 5274 rationali
2775 5229 3084 5288 cteorpore
3111 5227 3362 5274 naturam

1826 5331 1965 5378 esse,
1982 5324 2174 5370 contra
2191 5314 2383 5368 modus
2396 5322 2478 5368 est
2499 5311 2634 5366 ordo
2651 5326 2759 5379 quo
2774 5310 2948 5378 agitur
2968 5308 3284 5362 naturaliter
3307 5319 3361 5365 et

1827 5405 1958 5474 agit,
1977 5405 2068 5473 qui
2097 5418 2465 5473 saepenumero
2484 5401 2714 5456 vertitur
2733 5408 2788 5453 et
2812 5400 3145 5467 immutatur,
3160 5396 3254 5450 sed
3277 5412 3364 5453 nn-

1829 5505 2002 5549 turam
2022 5511 2124 5549 una
2146 5511 2267 5549 cum
2292 5493 2580 5562 semetipso
2603 5491 2822 5546 omnino
2835 5483 2938 5542 non
2956 5495 3143 5539 mutat.
3167 5485 3361 5552 Quem-

1827 5583 2114 5640 admodum
2153 5583 2314 5637 ctiam
2365 5582 2417 5636 in
2457 5591 2774 5649 quacunque
2817 5589 2871 5629 re
2909 5572 3013 5625 alia
3047 5570 3158 5622 ﬁeri
3201 5571 3363 5636 solet.
