4030 6338
700 454 836 521 1843

1834 456 1894 514 S.
1935 404 2213 513 ΜΑΧΙΜΙ
2253 449 2753 521 CONFESSORIS

3764 451 3887 516 13H

698 569 915 637 quando
937 569 1078 620 Deus
1106 567 1246 620 circa
1279 582 1430 619 suam
1442 567 2036 635 aliquid‘conditionem
2066 570 2239 622 voluc-

2350 568 2613 636 Καθάπερ
2664 570 2757 621 καὶ
2813 569 2897 619 ἐπ’
2942 567 3098 619 ἄλλου
3153 563 3347 627 παντὸς
3394 564 3508 634 ἔχει
3542 564 3883 633 πράγματος,

698 660 768 709 rit
797 656 1056 709 innovare
1086 656 1441 716 Providentia:
1467 658 1637 726 gratia
1673 673 1862 711 eorum
1891 659 2092 726 quibus
2115 673 2241 727 pro-

697 744 930 806 videtur,
948 744 1079 797 etad
1097 744 1569 798 demonstrandam
1591 760 1741 797 suam
1760 761 1880 813 qua:
1891 761 1954 798 cu
1964 754 2084 798 ncta
2102 760 2243 798 com-
2268 798 2273 801 ,

696 833 1053 901 prehenditac
1076 833 1607 900 permeatvirtutem.
1631 833 1706 885 lta
1731 832 1973 900 profecto
1985 832 2242 885 virtutem

695 924 957 976 exhibens
988 923 1375 976 miraculorum
1402 922 1702 990 antiquitus
1723 931 1883 990 atque
1908 932 2243 977 ostentorum

698 1012 1106 1081 magniﬁcentiis
1136 1013 1343 1065 ratione
1368 1013 1733 1066 innovationis
1756 1023 1838 1066 est
1859 1027 2007 1077 usus,
2028 1028 2151 1067 cum
2176 1014 2244 1068 ad

696 1100 915 1153 alteram
943 1100 1067 1152 vitze
1096 1101 1330 1167 speciem
1356 1099 1506 1167 juxta
1524 1099 1679 1152 istam
1713 1101 1766 1153 in
1791 1115 1952 1155 carne
1977 1108 2033 1153 et
2054 1103 2245 1156 interi—

699 1174 774 1241 tui
802 1188 1087 1241 obnoxiam
1106 1188 1585 1241 llenoeh‘etEliam
1606 1190 1794 1243 beatos
1824 1191 1967 1244 viros
1990 1191 2246 1245 transfer-

698 1284 780 1328 ret
796 1286 841 1337 ο,
865 1290 973 1328 non
1000 1276 1278 1330 immutata
1302 1292 1489 1330 eorum
1507 1286 1720 1342 natura,
1751 1279 1844 1333 sed
1870 1280 2244 1334 vicissitudine

698 1358 1013 1416 in'stituendi
1042 1364 1159 1431 ejus
1203 1363 1760 1433 mlministrandique;
1793 1382 1915 1420 cum
1946 1384 2139 1436 aquam
2175 1370 2243 1424 ad

696 1450 1120 1517 Buhmergendos
1160 1450 1432 1519 improbos
1466 1454 1520 1505 in
1552 1462 1696 1507 terra
1740 1456 1987 1511 homines
2030 1460 2257 1527 quanti-

699 1547 807 1592 tate
840 1539 1181 1607 multiplicari
1202 1541 1421 1609 juberet
1443 1552 1501 1607 P;
1532 1559 1655 1597 cum
1698 1546 1753 1598 in
1774 1562 1898 1600 area
1927 1549 2089 1602 simul
2119 1566 2243 1604 cum

698 1628 827 1681 feris
852 1630 1157 1697 agrestibus
1181 1632 1414 1699 primum
1440 1633 1675 1687 navitam
1702 1635 1814 1688 Noe
1847 1637 2011 1690 vitam
2049 1639 2244 1708 degere

698 1714 843 1769 haud
867 1716 1172 1770 iut‘estatam
1202 1718 1599 1783 ostenderem;
1622 1736 1744 1774 cum
1776 1723 2045 1777 Abraham
2070 1735 2125 1779 et
2147 1726 2243 1781 Sa-

696 1821 808 1858 ram
862 1822 1084 1875 magnos
1109 1808 1193 1860 sui
1240 1808 1477 1863 cultores
1512 1819 1667 1877 partu
1714 1811 2008 1878 honoraret
2048 1826 2245 1883 prater

695 1902 906 1947 aetatem
932 1910 994 1948 ac
1020 1895 1317 1964 legitimum
1352 1876 1788 1965 prolisivserendai
1815 1876 2107 1957 terminum
2145 1921 2244 1958 na-
2277 1876 2319 1933 Β

695 1987 830 2033 tura:
876 1997 939 2034 ac
995 1991 1269 2050 tempus';
1302 2000 1424 2039 cum
1471 1986 1909 2058 ignem‘desuper
1946 1992 2140 2053 cadere
2190 1992 2244 2046 in

695 2067 974 2123 hominum
1012 2072 1303 2139 impiorum
1354 2075 1784 2131 submersionem
1835 2080 2115 2147 juberet',
2147 2099 2244 2137 ne-

694 2155 964 2226 quaquam
1005 2171 1187 2214 tamen
1216 2176 1328 2228 per
1371 2162 1473 2215 hoc
1519 2163 1866 2220 imminutum
1915 2170 2121 2225 ratione
2148 2188 2244 2227 sua

693 2250 946 2313 naturali,
981 2258 1103 2304 cum
1144 2253 1264 2306 rubi
1320 2253 1498 2322 ignem
1538 2270 1647 2308 non
1677 2266 1924 2312 urentem
1968 2262 2111 2315 servi
2159 2265 2240 2318 sui

691 2330 989 2393 advocandi
1014 2342 1180 2409 gratia
1211 2341 1535 2397 accenderet
1560 2344 1576 2378 '
1604 2360 1766 2407 ;cum
1789 2361 1984 2415 aquam
2016 2349 2245 2422 indigy.

691 2436 784 2495 pto
843 2428 896 2480 in
949 2431 1230 2497 sanguinis
1282 2439 1515 2484 mutaret
1564 2434 1956 2501 qualitatem“,
1994 2447 2243 2492 naturam

690 2528 843 2567 suam
880 2518 1104 2569 omnino
1151 2532 1260 2569 non
1297 2520 1674 2597 abnegantemr,
1716 2525 1915 2592 quippe
1943 2542 2063 2594 qua:
2102 2544 2239 2597 aqua

690 2614 937 2658 maneret
993 2608 1291 2674 secundum
1326 2620 1575 2663 naturam
1628 2616 1878 2680 quamvis
1921 2617 2198 2685 rubefacta
2224 2659 2240 2684 ,

690 2706 923 2761 cumque
948 2704 1139 2748 cetera
1172 2697 1429 2751 miracula
1457 2700 1545 2752 illa
1576 2708 1736 2769 atque
1765 2713 1975 2760 ostenta
2010 2709 2240 2775 perﬁce-

689 2789 795 2847 ret,
822 2790 881 2837 ut
904 2781 1155 2851 ﬁdelibus
1187 2802 1335 2855 spem
1376 2803 1407 2841 e
1444 2789 1843 2846 calamitatibus
1863 2795 2063 2863 quibus
2090 2799 2239 2854 obsi-

689 2864 960 2927 debantur
996 2875 1294 2940 evadendi,
1322 2877 1631 2935 inﬁdelibus
1664 2896 1794 2936 vero
1824 2898 2042 2940 sensum
2076 2888 2239 2942 castiu

690 2960 866 3031 gnatis
888 2961 1103 3018 virtutis
1147 2981 1257 3021 sua:
1303 2968 1588 3036 prazberet,
1633 2971 1697 3024 ad
1729 2972 2119 3030 dissolvendam
2147 2994 2239 3033 eo-

690 3061 813 3099 rum
868 3048 1012 3103 clrea
1062 3052 1231 3106 Deum
1281 3070 1385 3123 qua
1426 3057 1749 3131 tenebantur
1796 3060 2236 3129 indurationem,

690 3152 839 3193 mare
866 3138 1013 3210 virga
1054 3142 1329 3197 dissecans
1350 3154 1512 3212 atque
1541 3160 1693 3213 aqua:
1722 3149 2105 3204 cohaerentiam
2144 3169 2235 3207 se-
2260 3180 2305 3235 ο

690 3242 907 3307 parans,
938 3231 1009 3282 ita
1037 3241 1095 3284 ut
1115 3236 1180 3284 de
1202 3232 1461 3300 peculiari
1488 3248 1584 3285 sua
1617 3243 1806 3288 natura
1835 3237 1976 3290 haud
2005 3238 2232 3308 degene-

660 3344 663 3345 ν
690 3327 1005 3399 τοι-ιιηουηι
1035 3322 1087 3373 ἰη
1119 3326 1515 3389 transgressum
1537 3338 1726 3377 eorum
1752 3327 1844 3395 qui
1874 3323 2095 3398 propter
2117 3331 2237 3385 sese

689 3406 765 3481 ab
789 3406 1022 3461 instante
1050 3409 1204 3462 hoste
1239 3411 1643 3477 premebantur,
1683 3423 1797 3468 tum
1844 3415 1896 3469 in
1929 3421 2230 3487 repressio'-

690 3510 817 3548 nem
857 3512 1044 3550 eormn
1086 3500 1187 3566 qui
1228 3499 1565 3555 nobilitatem
1603 3519 1671 3557 ac
1703 3505 2007 3562 libertatem
2054 3511 2241 3580 impu-v

690 3584 889 3640 denter
919 3589 1403 3657 persequebantur,
1454 3608 1645 3661 aquam
1690 3596 1836 3666 ligno
1870 3599 2081 3654 dulcem
2108 3603 2232 3657 red-

688 3668 842 3735 dens;
873 3686 927 3731 et
956 3694 1146 3746 panem
1176 3681 1325 3733 nullo
1347 3691 1527 3735 aratro
1559 3692 1771 3751 partum
1799 3688 2013 3743 emlitus
2039 3693 2232 3759 pluens

688 3780 889 3818 novum
918 3777 1078 3835 atque
1117 3769 1473 3838 incognitum,
1507 3780 1561 3827 et
1598 3775 1777 3828 avium
1824 3779 2231 3835 multitudinem

640 3872 643 3876 ·
688 3857 1087 3911 csculentarum
1112 3860 1294 3913 subito
1318 3861 1385 3915 de
1418 3863 1555 3917 mari
1574 3864 1861 3929 ebulliens,
1897 3878 2045 3921 extra
2081 3879 2235 3924 natu-

692 3946 857 4019 ralem
898 3946 1233 4015 singulorum
1254 3943 1333 4000 "ex
1356 3964 1412 4001 se
1443 3964 1552 4015 quo
1577 3951 1851 4006 colimrent
1886 3956 2133 4010 ordinem
2168 3975 2232 4014 ac

686 4020 980 4108 sejriem‘in
1023 4038 1274 4091 solatium
1308 4052 1495 4090 eorum
1536 4042 1628 4107 qui
1661 4042 1714 4094 in
1762 4044 1979 4099 deserto
2009 4048 2231 4104 amicta-

690 4120 907 4185 bantur,
940 4140 1091 4191 aqua:
1112 4128 1333 4179 matrem
1352 4143 1538 4181 saxum
1566 4131 1878 4197 ostendens,
1907 4136 1957 4189 in
1980 4137 2233 4195 obfirma-

691 4213 890 4265 tionem
925 4200 1045 4266 ﬁdei
1075 4230 1263 4268 eorum
1284 4218 1374 4285 qui
1412 4218 1464 4271 in
1489 4219 1604 4273 acie
1630 4222 1853 4277 ordines
1880 4226 2225 4296 deserebant,

690 4302 888 4357 ﬂumen
916 4304 1211 4359 retundens
1255 4308 1308 4360 in
1347 4307 1549 4364 siccum
1593 4320 1981 4385 transgressum
2022 4320 2092 4387 pii
2128 4337 2228 4389 po-

692 4390 821 4456 puli,
872 4393 1001 4446 solis
1062 4403 1223 4464 atque
1276 4397 1418 4453 luna;
1464 4415 1683 4475 cursum
1716 4403 1970 4460 inhibens
2001 4408 2227 4467 miriﬁce

2341 657 2503 723 ἡνίκα
2534 658 2772 709 καινίσαι
2808 675 2857 709 τι
2909 657 3033 727 περὶ
3071 655 3167 724 τὴν
3200 654 3392 706 ἑαυτοῦ
3448 655 3629 707 κτίσιν
3680 655 3711 705 6
3762 654 3883 717 Θεὸς

2344 745 2575 815 βουληθῇ
2644 748 2894 816 προνοίας
2929 746 3113 797 ἕνεκεν
3157 743 3265 794 τῶν
3322 744 3762 812 προνοουμένων,
3799 741 3883 795 καὶ

2342 836 2619 897 ἐνδείξεως
2649 839 2747 905 τῆς
2779 836 2872 889 ἐπὶ
2900 836 3079 888 πάντα
3113 824 3319 885 καὶδιά
3352 834 3569 884 πάντων
3596 833 3882 901 διηκούσης

2341 924 2641 991 δυνάμεως.
2674 925 2883 994 Ὠσπερ
2924 923 3111 993 ἀμέλει
3158 920 3597 991 παραδοξοποιῶν
3622 924 3745 984 ταῖς
3774 922 3883 974 ἀνέ-

2343 1014 2508 1069 καθεν
2536 1013 2643 1065 τῶν
2669 1013 2962 1083 θαυμάτων
2991 1030 3048 1064 τε
3093 1014 3187 1065 καὶ
3233 1012 3469 1080 σημείων
3508 1012 3880 1091 μεταλειότησι

2344 1106 2691 1173 καινοτομίας
2717 1106 2858 1174 λόγῳ
2883 1104 3173 1171 πεποίηκε,
3203 1101 3339 1171 πρὸς
3369 1102 3553 1172 ἕτερον
3581 1098 3724 1165 εἶδος
3747 1102 3881 1171 ζωῆς

2344 1194 2495 1263 παρά
2526 1195 2586 1246 τὺ
2611 1197 2667 1255 ὲν
2697 1196 2859 1265 σαρκὶ
2889 1197 2955 1263 τῇ
3003 1193 3106 1245 ὑπὸ
3153 1192 3356 1262 φθοράν
3400 1193 3773 1261 μεταϐιϐάσας
3800 1192 3880 1243 τδν

2350 1279 2522 1348 Ἐνώχ
2540 1297 2601 1331 τε
2626 1280 2837 1332 καὶτὸν
2877 1276 3075 1331 Ἠλίαν
3108 1280 3230 1340 τοὺς
3280 1278 3601 1345 μακαρίους,
3657 1280 3718 1332 ού
3767 1276 3877 1330 κατ’

2341 1369 2621 1421 ἀλλοίωσιν
2651 1369 2881 1435 φύσεως,
2918 1368 3053 1422 ἀλλά
3089 1368 3229 1429 κατὰ
3492 1368 3560 1434 a)
3608 1367 3877 1436 παραλλα-

2343 1459 2445 1526 γὴν
2465 1460 2564 1525 τῆς
2590 1444 2709 1511 κατ’
2731 1458 2896 1526 αὐτὴν
2921 1457 3142 1525 ἀγωγῆς
3166 1458 3260 1508 καὶ
3277 1458 3615 1525 διοικήσεως,
3634 1456 3777 1525 ὕδωρ
3806 1459 3877 1517 ei;

2343 1533 2625 1607 ἓπίκλυσιν
2650 1546 2761 1599 τῶν
2802 1547 2893 1597 ἰπὶ
2940 1545 3044 1614 γῆς
3075 1543 3364 1614 μοχθηρῶν
3404 1544 3711 1613 ἀνθρώπων
3752 1543 3876 1596 καθ-

2346 1635 2506 1689 ιστῶν
2534 1636 2614 1705 τῷ
2664 1634 2813 1705 ποσῷ
2840 1634 3251 1697 πολλαπλάσιον,
3298 1635 3356 1686 ὲν
3393 1636 3458 1704 τῇ
3500 1632 3719 1701 κιϐωτῷ
3748 1632 3875 1700 μετά

2344 1724 2551 1793 θηρίων
2599 1725 2805 1794 ἀγρίων
2852 1724 3164 1792 ἀποφαίνων
3215 1725 3305 1777 τὸν
3357 1723 3571 1793 πρῶτον
3624 1723 3875 1791 πλωτῆρα

2302 1825 2310 1881 ‘_
2344 1810 2699 1862 Νῶενδίαιταν
2733 1811 2876 1878 ἔχειν
2910 1811 3236 1878 άλύμαντον,
3270 1810 3521 1881 Ἁϐραάμ
3553 1810 3648 1862 καὶ
3671 1811 3873 1879 Σάρραν

2343 1900 2468 1961 τοὺς
2495 1900 2762 1967 μεγάλους
2790 1898 2952 1952 αὐτοῦ
2997 1900 3329 1969 θεράποντας
3358 1900 3511 1953 παιδὶ
3553 1898 3728 1966 τιμῶν
3754 1901 3871 1968 παρ’

2343 1986 2556 2055 ἠλικίαν
2612 1988 2706 2041 καὶ
2750 1988 2841 2041 τὸν
2898 1988 3277 2058 νενομισμένον
3349 1988 3484 2056 πρὸς
3545 1988 3871 2040 παιδοποιίαν

2342 2077 2467 2146 ὅρον
2506 2062 2572 2129 ⁸τε
2630 2077 2725 2129 καὶ
2761 2076 2948 2146 χρόνον
2975 2078 3076 2142 τῆς
3107 2074 3340 2145 φύσεως,
3377 2075 3488 2145 πῦρ
3537 2075 3638 2144 τὴν
3679 2077 3767 2147 ἐπὶ
3806 2076 3868 2128 τά

2343 2168 2490 2220 κάτω
2519 2166 2788 2220 ποιεῖσθαι
2820 2167 2989 2238 φοράν
3030 2167 3111 2229 είς
3154 2166 3437 2219 ὲπίκλυσιν
3466 2165 3679 2219 ἀσεϐῶν
3703 2181 3866 2233 παρα-

2344 2246 2644 2325 σκευάζων,
2666 2259 2775 2312 οὐδ’
2802 2258 2939 2321 δλως
2963 2257 3055 2311 τοῦ
3082 2257 3225 2311 κατά
3252 2257 3413 2325 φύσιν
3437 2257 3594 2324 λόγου
3619 2256 3704 2309 διά
3726 2255 3867 2309 τοῦτο

2344 2348 2683 2417 μειούμενον,
2739 2346 2841 2415 τῆς
2871 2347 3033 2416 βάτου
3062 2345 3491 2413 πῦριάκαύστως
3523 2345 3765 2411 ἐξάπτων
3794 2344 3865 2406 είς

2339 2438 2438 2506 τὴν
2470 2419 2564 2490 τοῦ
2597 2437 2923 2507 θεράποντος
2956 2437 3310 2506 πρόσκλησιν,
3342 2434 3482 2506 ὕδωρ
3524 2436 3583 2489 ὲν
3624 2435 3863 2502 Αίγύπτῳ

2340 2527 2478 2596 πρὸς
2508 2526 2739 2596 αἵματος
2774 2525 3124 2596 μεταϐάλλων
3156 2525 3431 2595 ποιότητα,
3461 2524 3561 2593 τὴν
3595 2525 3749 2592 φύσιν
3774 2523 3859 2576 αύο

2339 2616 2433 2669 τοῦ
2475 2617 2754 2678 παντελῶς
2794 2615 2867 2684 μὶ
2930 2614 3254 2686 ὴρνημένον,
3305 2615 3472 2684 ὕδωρ’
3509 2616 3700 2685 μεῖναν
3739 2612 3856 2666 κατά

2339 2706 2502 2779 φύσιν
2552 2708 2653 2760 καὶ
2707 2707 2847 2777 μετά
2884 2705 2983 2775 τὴν
3021 2704 3267 2775 φοίνιξιν,
3328 2704 3421 2757 καὶ
3450 2704 3520 2756 τά
3571 2702 3730 2769 λοιπά
3762 2699 3853 2753 τῶν

2340 2801 2522 2851 ἐκεῖσε
2553 2799 2845 2868 θαυμάτων
2868 2816 2927 2851 τε
2964 2801 3059 2873 καὶ
3086 2795 3633 2869 σημείωνὲπιτελῶν,
3659 2796 3785 2865 πρὸς
3807 2793 3859 2844 τὸ

2336 2887 2516 2942 δοῦναι
2566 2890 2678 2952 τοῖς
2740 2890 2840 2959 μὲν
2891 2892 3102 2953 πιστοῖς
3154 2888 3264 2942 τῶν
3318 2891 3654 2959 κατεχόντων
3694 2885 3860 2939 δεινῶν

2336 2976 2647 3047 ἐλευθερίας
2671 2978 2881 3043 ἑλπίδα,
2908 2982 3022 3042 τοῖς
3058 2979 3306 3039 ἀπίστοις
3328 2978 3385 3031 δὲ
3415 2977 3755 3043 συναίσθησιν
3773 2976 3861 3045 τῆς

2336 3066 2669 3135 κολαζούσης
2738 3068 3038 3137 δυνάμεως.
3092 3069 3228 3137 πρὸς
3277 3069 3536 3122 ἀπόθεσιν
3599 3068 3696 3135 τῆς
3741 3083 3859 3119 κατ-

2336 3156 2773 3225 εχούσηςαύτοὺς
2803 3158 2929 3227 περὶ
2959 3158 3020 3210 τδ
3056 3156 3209 3210 Θεῖον
3250 3157 3577 3227 πωρώσεως,
3611 3158 3858 3211 θάλασσαν

2337 3243 2547 3313 τέμνων
2570 3243 2748 3314 ῥάϐδῳ
2777 3246 2872 3296 καὶ
2908 3246 2968 3297 τὸ
3013 3247 3230 3315 συνεχὲς
3262 3246 3492 3299 διαλύων
3533 3246 3625 3299 τοῦ
3665 3246 3853 3309 ὓδατος,

2337 3332 2433 3400 τῆς
2453 3332 2657 3407 ρίκείας
2691 3334 2764 3403 μὴ
2802 3333 3150 3404 ἐξισταμένου
3178 3333 3416 3402 φύσεως,
3467 3335 3549 3398 είς
3573 3335 3735 3388 δίοδον
3770 3334 3855 3401 μιν

2339 3418 2531 3474 τῶν¹δι’
2564 3423 2727 3475 αὑτὸν
2754 3422 3118 3492 διωκομένων,
3158 3424 3359 3492 ἐποχὴν
3389 3423 3447 3476 δὲ
3485 3423 3594 3476 τῶν
3627 3424 3855 3483 ἀναιτίοις

2336 3510 2639 3563 διωκόντων
2689 3509 2750 3562 τδ
2782 3510 3001 3577 εὐγενὲς
3049 3512 3144 3564 καὶ
3196 3510 3498 3583 ἐλεύθερον,
3555 3510 3695 3580 ὕδωρ
3734 3510 3855 3576 ξύλῳ

2337 3599 2661 3667 γλυκαίνων,
2685 3599 2775 3652 καὶ
2801 3599 2963 3669 ἄρτον
2984 3600 3246 3669 ἀνήροτον
3282 3599 3576 3669 οὐρανόθεν
3598 3599 3703 3652 ὕων
3723 3598 3877 3664 ξένον-

2336 3688 2429 3739 καὶ
2458 3688 2748 3753 ἄγνωστον,
2771 3687 2862 3739 καὶ
2883 3685 3085 3754 πλῆθος
3101 3687 3303 3757 ὀρνέων
3324 3688 3603 3757 ἐδωδίμων
3622 3690 3855 3756 ἐξαίφνης

2335 3777 2431 3841 τῆς
2467 3775 2733 3845 θαλάττης
2764 3775 3065 3845 ὲκϐράζων,
3096 3778 3262 3845 χωρὶς
3306 3778 3408 3846 τῆς
3448 3781 3590 3833 κατά
3630 3781 3773 3847 φύσιν
3800 3778 3854 3841 ἐξ

2336 3863 2574 3934 ἀλλήλων
2620 3865 2889 3934 διαδοχῆς,
2952 3867 3084 3936 πρὸς
3139 3868 3487 3937 παραμυθίαν
3545 3870 3650 3923 τῶν
3697 3872 3747 3921 ἐν
3790 3868 3849 3934 τῇ

2336 3956 2529 4024 ἐρήμῳ
2569 3955 3037 4022 κακοπαθούντων,
3074 3957 3264 4021 ὓδατος
3291 3959 3503 4029 μητέρα
3537 3960 3633 4029 τὴν
3671 3958 3848 4025 πέτραν

2335 4048 2675 4112 ἀπεδεικνὺς,
2730 4050 2810 4111 είς
2882 4048 3170 4118 βεϐαίωσιν
3221 4052 3455 4113 πίστεως
3504 4052 3613 4103 τῶν
3662 4053 3716 4103 ὲν
3754 4049 3845 4107 τοῖς

2334 4138 2508 4205 ἀγῶσι
2555 4138 3066 4209 λειποτακτούντων,
3118 4140 3358 4207 ποταμὸν
3394 4141 3706 4192 ἀνακόπτων
3731 4136 3841 4204 πρὸς
3904 4130 3911 4141 ’

2333 4229 2579 4282 διάϐασιν
2645 4230 2873 4299 ἀϐροχον
2928 4229 3059 4283 λαοῦ
3109 4229 3416 4291 θεοσεϐοῦς,
3469 4229 3622 4296 ἡλίου
3666 4244 3719 4279 τε
3764 4226 3844 4276 καὶ

2336 4320 2558 4390 σελήνης
2610 4320 2804 4390 δρόμον
2852 4319 3064 4389 ἐπέχων
3094 4318 3367 4372 ἀκώλυτον
3405 4318 3731 4387 παραδόξως,
3758 4315 3844 4384 τὴν

2332 4410 2633 4479 ἀεικίνητον
2658 4410 2750 4462 τοῦ
2781 4411 3125 4479 περιέχοντος
3176 4406 3354 4477 (237
3378 4408 3442 4475 α)
3480 4408 3641 4474 φύσιν
3671 4408 3842 4474 στήσας
3868 4470 3879 4480 .

688 4480 834 4533 nullo
858 4481 1137 4548 obstaculo
1164 4485 1502 4553 impeditum,
1536 4499 1591 4543 et
1615 4492 1811 4547 sistens
1831 4496 1952 4549 σοιιί
1983 4506 2231 4555 naturam

2336 4496 2606 4565 ἀκίνητον,
2643 4497 2776 4566 πρὸς
2802 4495 3021 4566 δλεθρον
3048 4493 3274 4556 ἀσεϐοῦς
3308 4494 3622 4559 δυναστείας
3648 4494 3840 4567 ἀμαθῶς

686 4571 899 4651 semper
934 4585 1267 4641 immobilem
1299 4580 1434 4641 adeo
1466 4598 1529 4642 ut
1552 4590 1774 4646 immota
1804 4603 1989 4660 staret,
2017 4598 2073 4652 in
2104 4614 2231 4667 per-

686 4673 881 4727 niciem
920 4675 1098 4742 impia:
1123 4674 1509 4731 dominationis
1533 4717 1548 4742 ,
1596 4679 1706 4733 Deo
1740 4696 1837 4748 per
1875 4683 2231 4752 ignorantiam

685 4762 852 4816 aciem
884 4766 1236 4832 opponentis,
1276 4765 1439 4834 idque
1472 4782 1540 4821 ne
1582 4768 1733 4835 prius
1766 4774 1962 4843 ostenti
1988 4777 2230 4846 omnium

678 4852 854 4929 ioculis
894 4852 1090 4922 objecti
1138 4854 1321 4907 .virtus
1348 4866 1585 4909 cessaret
1612 4872 1773 4926 quam
1813 4861 2053 4929 perfecta
2090 4864 2233 4921 foret

678 4940 882 5006 lclades,
917 4950 1077 5010 atque
1111 4950 1170 4995 ut
1207 4943 1261 4995 in
1295 4950 1576 5011 posterum
1606 4932 1915 5003 obtinerent
1936 4950 2227 5009 hzeredita-

688 5040 789 5083 tem
818 5032 1089 5085 veroeiter
1134 5032 1530 5087 annuntiatam.
1585 5030 1652 5109 Et
1700 5036 1905 5107 reliqua
1957 5051 2227 5112 quotquot

686 5116 825 5174 Deus
860 5131 963 5174 tam
1000 5123 1231 5202 in_terra
1265 5124 1619 5192 possessionis
1652 5142 1811 5195 quam
1836 5126 1901 5183 'in
1925 5134 2135 5188 caeteris
2170 5136 2225 5189 in

684 5223 820 5274 quas
867 5209 1028 5263 Israel
1072 5219 1241 5264 vetus
1278 5211 1347 5264 ob
1394 5222 1611 5281 peccata
1643 5215 1916 5281 veniebat,
1975 5202 2224 5276 etl‘eeisse

686 5306 954 5361 narratur,
983 5300 1123 5352 circa
1152 5301 1373 5353 modum
1404 5290 1641 5366 virtutis,
1689 5304 1783 5357 sed
1825 5321 1931 5359 non
1967 5308 2111 5363 circa
2130 5292 2224 5364 Ira-

685 5386 886 5440 tionem
917 5390 1196 5456 exstantia:
1245 5390 1553 5443 innovando
1594 5402 1841 5448 naturam
1880 5412 2069 5451 eorum
2099 5415 2221 5468 quae

686 5471 1100 5535 innovabantur,
1138 5475 1517 5530 Deuseﬂecit.
1555 5477 1612 5530 ln
1644 5480 1843 5547 quibus
1888 5485 2141 5539 omnibus
2167 5495 2224 5540 et

686 5567 807 5625 post
839 5576 957 5627 qua:
996 5564 1149 5625 illud,
1184 5575 1405 5633 propter
1449 5566 1591 5633 quod
1623 5567 1736 5621 hac
1782 5581 1909 5626 sunt
1953 5574 2135 5627 omnia
2164 5584 2219 5628 et

720 5671 868 5741 ,μιν
904 5672 1114 5741 llegan,
1155 5676 1244 5737 ll;
1274 5674 1406 5728 Gen.
1438 5691 1488 5735 v,
1519 5675 1604 5727 25.

683 5737 821 5794 2L8,
860 5740 870 5772 '
915 5737 1078 5792 Exod.
1116 5758 1187 5803 ιιι,
1228 5744 1280 5795 ‘2.
1360 5756 1379 5780 υ
1422 5744 1584 5796 Exod.
1624 5762 1713 5812 vn,
1766 5752 1842 5801 l7.

749 5816 757 5835 ³
986 5812 987 5817 η

1700 5688 1723 5725 P
1749 5680 1879 5734 Gen.
1918 5702 1965 5741 v.
1997 5684 2212 5752 passim.
2289 5692 2315 5731 τι
2359 5682 2489 5737 Gen.
2530 5700 2616 5747 vn,
2666 5686 2882 5752 passim.

2325 4584 2925 4656 ἀντιπαραταττομένης
2945 4582 3083 4651 Θεῷ,
3119 4585 3210 4636 καὶ
3239 4584 3369 4654 πρὶν
3394 4584 3535 4657 λάϐῃ
3567 4585 3732 4655 πέρας
3755 4582 3841 4635 τῶν

2322 4675 2614 4746 ὁρωμένων
2644 4677 2678 4745 ἡ
2704 4673 2953 4741 δύναμις,
2983 4670 3078 4725 καὶ
3125 4673 3205 4735 είς
3251 4675 3582 4745 κατάσχεσιν
3612 4676 3705 4743 τῆς
3727 4672 3838 4741 πόῤ-

2326 4766 2498 4835 ρωθεν
2544 4763 2789 4831 ἀψευδῶς
2817 4760 3229 4832 ἔπηγγελμὲνης
3257 4763 3636 4835 κληρονομίας.
3669 4762 3765 4816 Καὶ
3785 4762 3837 4812 τά

2323 4834 2484 4909 λοιπά
2510 4857 2609 4907 ὅσα
2651 4853 2715 4921 δὴ
2743 4854 3099 4922 πεποιηκέναι
3129 4834 3373 4923 λέγεται,
3398 4856 3541 4909 κατά
3564 4873 3625 4908 τε
3648 4854 3737 4924 τὴν
3754 4850 3839 4918 γῆν

2318 4946 2425 5015 τῆς
2466 4942 2842 5031 κατασχέσεως
2897 4942 2993 4995 καὶ
3044 4944 3140 5017 τάς
3188 4944 3379 5009 λοιπάς
3431 4946 3512 5008 είς
3570 4945 3695 5002 ὅσας
3730 4938 3835 5010 ἧλοι
3904 4942 3907 4947 ⁷

2326 5036 2717 5120 παρανομήσας
2742 5034 2771 5085 ό
2815 5033 3041 5097 παλαιὸς
3078 5035 3315 5106 Ἰσραὴλ,

3357 5037 3501 5122 περι
3538 5035 3629 5088 τιν
3670 5033 3833 5122 τρόπον

2324 5118 2427 5192 τῆς
2450 5120 2749 5190 ἐνεργείας,
2770 5118 2884 5172 ἀλλ’
2906 5122 2967 5173 ού
2992 5123 3119 5193 περὶ
3149 5123 3238 5175 τὸν
3259 5118 3417 5191 λόγον
3442 5120 3543 5190 τῆς
3565 5120 3833 5192 ὑπάρξεως,

2308 5215 2423 5291 [τὴν
2460 5210 2619 5278 φύσιν
2647 5212 3045 5281 κσινοτομήσας
3082 5212 3191 5264 τῶν
3233 5209 3831 5279 καινοτομηθέντωνβε-

2327 5302 2554 5371 ποίηκεν
2585 5300 2615 5351 ό
2651 5300 2800 5362 Θεός.
2859 5301 2993 5355 Μεθ’
3041 5295 3115 5355 ὧν
3155 5301 3407 5354 ἀπάντων
3440 5299 3534 5349 καὶ
3562 5299 3683 5368 μεθ’
3714 5298 3748 5352 ἀ
3787 5296 3833 5348 τὸ

2324 5393 2392 5446 δι’
2419 5392 2448 5443 δ
2474 5391 2649 5444 πάντα
2686 5393 2782 5444 καὶ
2830 5392 2895 5445 δι’
2942 5387 3003 5446 οῦ
3036 5393 3349 5445 καινότατον
3374 5388 3546 5452 ὅντως
3574 5391 3833 5460 μυστήριον

2326 5485 2423 5551 τῆς
2454 5482 2615 5534 αὑτοῦ
2645 5483 2871 5552 δι’ήμᾶς
2895 5482 3356 5551 ὲνανθρωπήσεως
3387 5479 3696 5543 ἐπιτελέσας
3724 5478 3829 5547 θηρὶ

2326 5572 2415 5623 τὸν
2460 5571 2678 5640 τρόπον,
2740 5574 2852 5626 ἀλλ’
2909 5574 2969 5626 ού
3017 5572 3145 5640 περὶ
3187 5568 3279 5622 τὸν
3332 5567 3510 5637 λόγον.
3558 5570 3652 5640 τὴν
3693 5568 3831 5638 φύσιν

2962 5695 2981 5721 τ
3018 5683 3152 5736 Gen.
3199 5696 3323 5743 xvii,
3376 5682 3454 5734 l7.
3536 5716 3555 5740 ι
3590 5681 3825 5737 (Belum,
