4030 6338
184 466 330 534 1345

1415 457 1927 519 AMDIGUORUM
1967 458 2213 517 LIBER.

3258 452 3418 521 1316·

178 578 611 646 ἐκαινοτόμησε.
652 553 949 644 προσλήψει
995 572 1194 642 σαρκὸς
1236 570 1324 622 διὰ
1359 569 1531 638 μέσης
1571 569 1745 636 ψυχῆς

1853 581 1951 634 per
1977 566 2145 634 quod,
2204 565 2559 619 novissimum
2610 557 2797 618 revera
2846 556 3167 632 mysterium
3194 574 3389 615 01mm.

176 671 411 739 νοερᾶς,
451 669 702 739 agema»;
734 664 955 731 κυηθεὶς
988 662 1114 715 ἄνευ
1144 662 1371 729 σπορᾶς,
1413 658 1505 710 καὶ
1554 658 1748 726 γεννη-

179 758 295 819 θεὶς
332 757 555 825 ἀληθῶς
580 757 706 809 ἄνευ
745 755 948 822 φθορᾶς
990 750 1270 819 ἄνθρωπος
1296 748 1537 809 -τέλειος,
1572 746 1749 814 ψυχὴν

176 848 385 917 νοερὰν
435 848 570 915 μετά
611 844 861 912 σώματος
889 841 948 905 ἐξ
968 840 1137 907 αὐτῆς
1174 834 1587 907 τῆς.ἀφρὰστου
1619 834 1747 885 συλ-

180 936 408 1005 λήψεως
447 936 712 1005 ἐσχηκώς.
1358 1004 1361 1005 ν
1552 927 1557 931 ’

1847 670 1956 722 quo
1988 669 2207 707 carnem
2256 661 2482 722 propter
2523 669 2622 707 nos
2666 654 2944 722 ingressus
2971 660 3074 713 est,
3106 652 3248 704 circa
3274 665 3396 702 mo-

1848 744 1979 797 dum
2030 742 2342 812 pcrliciens,
2405 752 2459 796 at
2502 759 2609 796 non
2640 742 2790 796 circa
2823 742 3111 804 rationem,
3146 748 3393 793 naturam

1849 831 2152 897 innovavit,
2198 848 2359 885 carne
2390 847 2488 899 per
2522 831 2754 884 mediam
2797 831 3030 883 animam
3061 829 3398 883 intellectua-

1841 921 1951 974 lem
1976 930 2270 989 assumpta,
2299 920 2561 975 ineffabili
2592 920 2825 988 quodam
2858 919 3019 971 modo
3040 918 3158 972 sine
3191 918 3398 972 satione
3432 910 3440 917 ’

183 1004 575 1094 conceptus,
622 1034 679 1077 et
730 1030 1021 1093 generatus
1081 1033 1209 1071 vere
1258 1004 1380 1071 sine
1460 1014 1812 1083 corruptione
1877 1012 2043 1065 homo
2103 1011 2411 1079 perfectus,
2464 1012 2700 1065 animam
2780 1011 3201 1065 intellectualem
3272 1024 3395 1065 cum

178 1130 431 1184 corpore
494 1129 563 1167 ex
613 1115 731 1194 ipsa
790 1125 952 1181 quam
1000 1108 1341 1185 interpretari
1387 1122 1497 1160 non
1536 1107 1682 1174 capit
1722 1104 2077 1172 conceptione
2098 1112 2306 1157 nactus.

186 1376 316 1426 Ὀτι
344 1373 520 1429 πᾶσα
539 1377 729 1445 φύσις
760 1376 838 1441 τῷ
864 1378 1059 1442 οἰκείῳ
1089 1376 1249 1445 λόγῳ
1275 1374 1597 1439 διαπαντὸς
1624 1373 1748 1442 ἔχει

406 1474 415 1481 ’
818 1466 894 1519 -τὸ
924 1468 1115 1533 τέλος.

256 1575 423 1627 Πᾶσα
454 1573 584 1643 γάρ,
617 1575 918 1636 καθολικῶς
950 1577 1143 1637 εἰπεῖν,
1174 1575 1352 1642 φύσις.
1384 1577 1543 1643 νοητή
1572 1592 1629 1625 τε
1657 1574 1749 1625 καὶ

185 1664 447 1734 αἰσθητὴ.
473 1666 638 1735 ήγουν
666 1666 812 1734 ἁπλῆ
845 1667 937 1718 καὶ
966 1666 1406 1736 σύνθετοςηκαφ
1435 1666 1745 1734 οίονδήποτε

183 1755 394 1822 τρόπον
423 1757 488 1807 ὲκ
522 1756 716 1823 μέρους
756 1755 852 1825 τὴν
895 1757 1030 1826 πρὸς
1052 1756 1112 1807 τὸ
1142 1752 1282 1806 εἶναι
1328 1755 1427 1820 τῆς
1479 1754 1744 1820 γενέσεως

187 1843 389 1912 ἀρχὴν,
420 1844 671 1897 οὐδέποτε
701 1845 937 1914 δέχεται,
962 1844 1083 1897 οὔτε
1119 1844 1221 1913 μὴν
1258 1842 1317 1905 ἐξ
1342 1843 1597 1910 ἡμισείας
1632 1843 1747 1911 μοί-

1846 1372 1995 1437 Quod
2035 1376 2203 1427 omnis
2242 1383 2435 1428 natura
2476 1374 2693 1449 prapria
2732 1389 2933 1443 semper
2969 1372 3171 1425 ratione
3212 1371 3400 1424 habeat

2530 1464 2710 1531 ﬁnem.

1912 1570 2102 1624 Omnis
2132 1572 2302 1634 enim,
2332 1580 2389 1624 ut
2424 1574 2722 1641 generatim
2755 1574 2967 1641 loquar,
3000 1581 3213 1636 natura,
3242 1573 3403 1626 intel-

1843 1660 2071 1729 ligibilis
2111 1670 2167 1715 et
2212 1661 2518 1724 sensibilis,
2554 1661 2639 1714 vel
2690 1662 2922 1729 simplex
2965 1669 3021 1715 et
3071 1660 3400 1729 composita.

1846 1754 2175 1819 quocunque
2217 1752 2379 1804 modo
2417 1751 2472 1803 id
2510 1759 2617 1812 est,
2644 1766 2709 1803 ex
2750 1759 2903 1818 parte
2942 1766 3220 1819 nunquam
3260 1748 3404 1819 capit

1851 1842 2068 1895 initium
2099 1842 2467 1911 generationis
2499 1841 2553 1894 in
2583 1840 2989 1904 exsistentiam,
3018 1856 3193 1909 neque
3225 1838 3405 1909 profe-

191 1948 291 2003 ρας
342 1932 674 1999 ὑφίστασθαι
721 1933 964 1985 δύναται.
1034 1932 1169 1985 Ἀλλ’
1231 1935 1280 1984 εἰ
1336 1932 1435 2001 μὲν
1492 1930 1745 1991 σύνθετος

1848 1940 1937 1985 cto
1962 1948 2028 1985 ex
2051 1931 2275 1985 dimidia
2302 1942 2454 2000 parte
2484 1932 2787 1985 subsistere
2816 1940 3016 1999 potest.
3046 1930 3151 1985 Sed
3178 1931 3225 1983 si
3254 1948 3404 1984 com-

191 2021 355 2088 φύσις
380 2022 552 2085 ἐστὶν,
585 2021 679 2090 ὅλη
705 2022 886 2075 τελεία
915 2022 1137 2084 τελείοις
1168 2024 1279 2082 τοῖς
1322 2020 1538 2081 οἰκείοις
1588 2019 1746 2089 μέρε-

195 2126 277 2163 σιν
310 2112 528 2180 ἀθρόως
558 2111 965 2178 συνυφίσταται,
1001 2112 1074 2181 μὴ
1097 2111 1291 2182 ἔχουσα
1326 2111 1458 2181 πρὸς
1488 2110 1680 2178 ἑαυτὴν
1710 2109 1743 2178 ἢ

197 2201 334 2269 πρὸς
393 2184 601 2267 ἄλληλα
647 2200 752 2253 τῶν
790 2202 849 2263 ἐξ
885 2196 959 2255 ῶν
1003 2203 1118 2255 ἐστι
1161 2202 1342 2272 μερῶν
1390 2200 1487 2270 τὴν
1534 2199 1746 2252 οἱανοῦν

199 2290 337 2342 κατὰ
366 2291 463 2343 τὸν
479 2290 667 2361 χρόνον
693 2289 990 2344 διάστασιν.
1024 2292 1086 2344 Εἰ
1129 2292 1184 2345 δὲ
1210 2291 1353 2371 ἁπλῆ
1395 2290 1554 2357 φύσις
1578 2291 1743 2352 ἐστὶν,

197 2380 364 2449 ἤγουν
406 2381 603 2451 νοητὴ,
651 2380 911 2455 ὠσαρτως
963 2382 1078 2449 ἅμα
1134 2384 1246 2444 τοῖς
1290 2381 1487 2449 ἑαυτῆς
1535 2381 1751 2451 ἀπαρα-

197 2468 434 2533 λείπτως
470 2472 652 2539 λόγοις
679 2452 856 2525 τὲλὲια
895 2471 1119 2532 τελείοις
1161 2471 1371 2540 ἁθρόως
1425 2471 1750 2540 συνυφίστα-

198 2556 324 2610 σθαι
382 2540 621 2627 πέφυκε,
674 2558 866 2629 χρόνου
903 2557 1045 2618 τινος
1074 2556 1135 2608 τὸ
1163 2557 1378 2608 σύνολον
1423 2556 1592 2626 αὐτὴν
1635 2554 1746 2607 τῶν

195 2644 416 2698 οἰκείων
435 2646 629 2714 λόγων,
658 2646 905 2715 οὐδαμῶς
946 2644 1330 2715 διακρίνοντος.
1385 2644 1521 2698 Οὕτε
1550 2644 1659 2712 γὰρ
1681 2638 1749 2712 ἦν

195 2750 330 2788 ποτε
364 2734 598 2788 καθόλου
637 2753 720 2799 τις
759 2736 918 2802 φύσις
960 2737 1017 2786 ἐν
1067 2736 1178 2795 τοῖς
1209 2733 1379 2797 οὖσιν,
1422 2735 1545 2787 οὔτε
1582 2736 1747 2799 ἔστιν,

195 2824 321 2879 οὔτε
350 2827 507 2881 ἔσται
553 2827 693 2880 κατὰ
736 2827 826 2879 τὸν
862 2825 1058 2895 ἑαυτῆς
1091 2824 1246 2891 λόγον
1276 2825 1591 2894 ὑπάρχουσα
1615 2826 1750 2893 ὅπερ

195 2914 291 2968 νῦν
320 2917 425 2969 οὐκ
456 2915 623 2981 ἐστιν,
652 2915 775 2969 οὔτε
805 2916 908 2986 μὴν
960 2914 1160 2985 (238
1190 2916 1256 2981 a)
1300 2913 1395 2966 νῦν
1453 2916 1598 2966 ἐστιν
1628 2915 1661 2984 ἢ
1693 2916 1751 2976 ἐς

194 3004 427 3075 ὕστερον
467 3006 618 3059 ἔσται
660 3006 794 3073 ὅπερ
825 3007 926 3058 οὐκ
970 3002 1038 3074 ἦν
1087 3004 1365 3075 πρότερον.
1400 2996 1499 3055 Ὧν
1546 3004 1652 3074 γὰρ
1702 3006 1750 3079 oi

197 3094 344 3161 λόγοι
384 3097 533 3165 παρὰ
557 3098 635 3165 τῷ
664 3096 780 3165 Θεῷ
808 3096 922 3165 ἅμα
956 3095 1035 3164 τῷ
1068 3089 1207 3147 εἶναι
1237 3094 1299 3147 τὸ
1338 3093 1541 3145 τέλειον
1571 3093 1747 3163 ἔσχον,

196 3184 402 3238 τούτων
431 3189 465 3256 ή
490 3185 632 3239 κατὰ
654 3186 779 3248 τοὺς
807 3185 1040 3247 οἰκείους
1084 3184 1274 3251 λόγους
1311 3184 1613 3252 παραγωγὴ
1656 3184 1752 3236 καὶ

1844 2018 2020 2086 posita
2048 2026 2132 2073 est
2162 2027 2379 2080 natura,
2411 2026 2517 2071 Iota
2550 2018 2797 2071 subsistit
2820 2018 3060 2089 perfecta
3088 2017 3247 2071 simul
3274 2032 3401 2072 cum

1844 2108 2100 2175 perfectis
2139 2110 2255 2163 SUiS
2294 2109 2465 2176 ipsius
2505 2108 2813 2176 particulis,
2846 2123 2948 2161 nec
2987 2108 3069 2160 sui
3112 2107 3276 2161 habet
3310 2114 3406 2161 aut

1847 2197 2240 2264 particularum
2299 2214 2365 2252 ex
2418 2199 2615 2266 quibus
2658 2205 2884 2252 constat
2936 2198 3080 2252 inter
3130 2214 3187 2252 se
3239 2196 3403 2252 ullam

1802 2308 1805 2311 ν
1846 2288 2143 2341 secundum
2194 2297 2408 2358 tempus
2455 2290 2789 2343 distantiam.
2832 2289 3031 2342 Verum
3086 2289 3129 2343 si
3176 2289 3404 2357 simplex

1847 2387 2039 2429 natura
2076 2387 2180 2451 est,
2210 2379 2323 2431 sive
2366 2378 2744 2447 iutelligibilis,
2776 2377 2890 2448 pari
2932 2379 3093 2433 modo
3135 2396 3238 2433 una
3279 2393 3405 2433 cum

1830 2467 1962 2535 suis
1993 2466 2151 2534 plene
2184 2465 2488 2521 rationibus
2527 2468 2787 2535 perfectis
2825 2469 2939 2537 ipsa
2978 2469 3217 2537 perfecta
3257 2483 3408 2523 sum-

1849 2554 2035 2607 matim
2063 2555 2331 2618 subsistit,
2355 2563 2598 2624 tempore
2622 2572 2848 2625 prorsus
2870 2561 3021 2613 nullo
3050 2577 3079 2613 a
3104 2562 3217 2615 suis
3243 2560 3408 2613 ratio-

1850 2645 2013 2697 nibus
2039 2653 2314 2713 utcunque
2338 2656 2610 2714 separata.
2635 2646 2823 2715 Neque
2849 2648 2994 2700 enim
3020 2659 3139 2703 erat
3168 2666 3404 2720 unquam

1849 2735 2074 2788 omnino
2103 2737 2282 2805 aliqua
2318 2745 2513 2789 natura
2548 2723 2605 2791 in
2635 2738 2715 2792 eis
2746 2752 2866 2805 qua:
2900 2736 3193 2801 exsistunt,
3228 2756 3407 2809 neque

1848 2832 1950 2888 est,
1975 2841 2150 2893 neque
2176 2827 2281 2879 erit
2303 2827 2617 2880 secundum
2634 2842 2784 2880 suam
2811 2827 2983 2895 ipsius
3008 2829 3271 2883 rationem
3299 2831 3405 2885 tale

1849 2913 1980 2981 quid
2004 2922 2238 2968 exstaus
2273 2916 2418 2983 quod
2460 2933 2607 2970 nunc
2647 2932 2755 2969 non
2794 2926 2906 2978 est,
2939 2932 3115 2985 neque
3161 2918 3409 2986 profecto,

1851 3015 1996 3053 nunc
2034 3010 2118 3054 est
2153 3011 2249 3054 aut
2286 3004 2339 3055 in
2384 3002 2567 3057 futuro
2607 3005 2893 3073 erit.quod
2932 3016 3090 3060 antea
3133 3023 3239 3060 non
3282 3007 3401 3061 fuit.

1850 3088 2091 3153 Quorum
2120 3090 2265 3143 cutim
2294 3093 2532 3146 rationes
2556 3095 2697 3161 apud
2727 3094 2896 3149 Deum
2926 3097 3087 3151 simul
3115 3113 3235 3149 cum
3264 3097 3405 3151 exsi-

1850 3181 2048 3235 stentia
2078 3180 2467 3249 perfectionem
2496 3183 2840 3249 habuerunt,
2870 3187 3064 3240 horum
3102 3183 3402 3242 secundum

198 3273 451 3337 οὐσίωσις
481 3274 801 3344 προσθήκης
832 3274 1010 3344 πάσης
1041 3272 1135 3326 καλ⁵
1165 3272 1452 3341 ἐλλείψεως
1497 3274 1593 3341 τῆς
1616 3272 1745 3342 πρὸς

1852 3286 1977 3325 suas
2005 3272 2243 3325 rationes
2266 3272 2554 3340 productio
2585 3284 2745 3343 atque
2771 3277 2821 3329 in
2849 3278 3139 3330 essentiam
3173 3277 3403 3344 prolatio

196 3362 257 3413 τδ
288 3360 433 3419 εἶναι
462 3366 599 3435 ὅπερ
623 3365 752 3418 ὄντα
785 3365 1041 3434 τυγχάνει
1086 3364 1362 3444 παντελῶς
1393 3367 1537 3416 ἐστιν
1567 3364 1751 3416 ἀνεπί-

196 3451 401 3518 δεκτος.
467 3456 605 3509 Ἀλλ’
659 3457 847 3528 ἀρκεῖν
904 3452 1054 3524 οἶμαι
1104 3456 1243 3509 κατὰ
1302 3455 1399 3524 τὴν
1438 3456 1527 3507 τοῦ
1590 3456 1746 3521 λόγου

198 3544 544 3620 παρέκϐασιν
578 3546 671 3598 καὶ
702 3546 835 3615 πρὸς
864 3544 1090 3605 τούτους
1114 3544 1182 3595 τά
1206 3544 1299 3614 νῦν
1327 3544 1579 3613 ρηθέντα,
1611 3545 1744 3611 πρὸς

198 3630 258 3682 τδ
285 3634 360 3702 μὴ
390 3635 800 3705 παρασύρεσθαι
831 3634 1025 3704 ῥᾳδίως
1048 3636 1127 3694 είς
1156 3634 1385 3693 ἀτόπους
1406 3633 1561 3694 δόξας
1596 3633 1745 3699 παρὰ

196 3717 305 3773 τῶν
348 3723 535 3774 πίστιν
573 3725 911 3792 ποιουμένων
951 3724 1048 3792 τὴν
1087 3724 1144 3774 ἐν
1168 3724 1286 3776 ταῖς
1329 3721 1613 3789 κομψείαις
1642 3721 1745 3772 τῶν

128 3866 133 3869 ,
197 3808 370 3879 λόγων
397 3814 650 3881 τεχνικὴν
680 3814 1047 3885 πιθανότητα.Δ

200 4111 296 4164 Διὰ
323 4114 381 4166 τί
404 4113 567 4181 συνῆ
577 4118 655 4195 ψει
676 4091 1075 4183 τῇἰσαριιὼσει
1098 4120 1207 4183 τὴν
1238 4120 1306 4171 ἐκ
1328 4120 1742 4187 ,ϐαπτίσματος

577 4204 865 4273 few-natr-
914 4207 945 4257 ό
982 4204 1363 4273 διδάσκαλος.

218 4382 221 4383 ν
265 4312 409 4380 Πρὸς
435 4312 491 4364 τί
533 4312 589 4365 δὲ
630 4315 839 4384 βλέπων
872 4317 964 4367 καὶ
986 4316 1126 4378 τίνος
1155 4299 1338 4372 ἕνεκεν
1380 4324 1441 4391 τῇ
1477 4320 1745 4391 σαρκώσει

203 4402 403 4470 συνῆψε
468 4404 577 4473 ,τὴν
599 4407 663 4456 ὲκ
693 4406 1057 4475 βαπτίσματος
1094 4409 1343 4477 γέννησιν
1376 4414 1403 4462 ό
1426 4412 1741 4473 διδάσκαλος

1856 3361 2207 3414 additamcnti
2234 3362 2412 3416 omnis
2438 3371 2493 3416 et
2515 3363 2762 3418 defectus
2789 3366 2854 3418 ad
2882 3366 3250 3419 cxsistentiam
3280 3380 3399 3418 eam

1853 3466 2013 3518 quam
2062 3451 2257 3503 sortita
2300 3460 2428 3505 sunt
2469 3462 2715 3521 expertes
2761 3464 2817 3508 et
2862 3470 2970 3508 non
3019 3470 3262 3523 capaces.
3295 3454 3400 3509 Sed

1848 3539 1983 3591 satis
2028 3553 2146 3592 esse
2193 3540 2388 3606 opinor
2431 3556 2551 3609 quae
2600 3557 2746 3595 nunc
2791 3544 3087 3596 secundum
3136 3543 3403 3598 sermonis

1844 3626 2234 3693 digressionem
2283 3628 2445 3679 etiam
2500 3630 2788 3681 adversum
2828 3632 2937 3683 hos
2980 3633 3283 3699 disputavi,
3329 3648 3399 3685 ne

1842 3716 2000 3769 facile
2038 3717 2090 3767 in
2124 3705 2387 3769 absurdas
2420 3716 2704 3784 Opiniones
2739 3719 3192 3773 abstraherentur
3221 3723 3288 3775 ab
3317 3722 3399 3775 eis

1841 3805 1935 3872 qui
1976 3803 2326 3875 artificiosam
2362 3805 2803 3872 probabilitatem
2841 3806 2892 3858 in
2930 3822 3243 3861 sermonum
3281 3810 3395 3864 ele-

1841 3894 2040 3963 gantiis
2066 3910 2164 3962 pro
2196 3893 2298 3947 fide
2326 3895 2528 3947 habent
2553 3903 2718 3963 atque
2750 3897 3152 3950 commendant.

1843 4120 2021 4184 Quare
2059 4121 2303 4189 magister
2339 4136 2454 4173 cum
2489 4120 2851 4172 incarnatione
2885 4120 3210 4188 conjunxerit
3243 4134 3400 4188 gene-

2255 4211 2509 4261 rationem
2535 4225 2626 4277 pcr
2652 4205 2984 4278 baptismum.

1913 4321 2033 4387 Quo
2067 4330 2319 4390 respectu
2355 4332 2410 4375 et
2441 4336 2546 4389 qua
2581 4336 2741 4375 causa
2774 4320 3028 4391 magister
3057 4335 3182 4375 cum
3220 4322 3397 4375 incar-

1846 4414 2065 4466 natione
2106 4413 2449 4480 coujunxerit
2484 4414 2890 4480 generationem
2931 4428 3027 4479 per
3066 4414 3394 4479 baptismum

201 4492 390 4557 (τοῦτο
437 4494 547 4563 γὰρ
585 4496 664 4558 εἰς
698 4498 796 4566 τὴν
834 4498 1075 4562 ἐξέτασιν
1124 4497 1204 4550 ἔτι
1251 4499 1343 4550 τοῦ
1387 4503 1742 4571 προκειμένου

1847 4502 1971 4569 (hoc
1998 4502 2144 4554 enim
2176 4508 2343 4553 restat
2365 4500 2543 4552 adhuc
2566 4500 2916 4566 quaerendum
2948 4500 3001 4551 in
3029 4500 3129 4552 hac
3154 4501 3395 4568 disputa-

198 4579 434 4637 λείπεται
478 4584 684 4653 λόγου),
736 4589 1014 4655 συντόμως
1074 4588 1149 4649 ὡς
1194 4587 1393 4655 ἔμαθον
1449 4580 1560 4662 ἐρῶ
1606 4594 1741 4644 κατὰ

200 4668 443 4741 δύναμιν.
500 4674 667 4725 Φασὶν
708 4677 757 4725 οῑ
810 4677 876 4728 τὰ
917 4677 1032 4729 θεῖα
1068 4676 1339 4746 μυστικῶς
1396 4680 1742 4745 περιέποντες

200 4761 368 4825 λόγια,
396 4763 490 4815 καὶ
523 4764 632 4823 τοῖς
658 4760 1027 4833 ὑψηλοτέροις,
1064 4766 1137 4827 ὼς
1183 4763 1346 4826 εἰκὸς,
1376 4765 1513 4815 αὐτὰ
1543 4766 1743 4833 σεμνύ-

202 4865 376 4914 νοντες
424 4851 760 4922 θεωρήμασι,
808 4854 927 4904 κατ’
974 4855 1154 4906 εἰκόνα
1221 4852 1353 4906 Θεοῦ
1410 4853 1528 4904 κατ’
1574 4855 1744 4922 ἀρχὰς

203 4943 524 5014 γεγενῆσθαι
564 4942 657 4993 τὸν
692 4940 995 5011 ἄνθρωπον,
1030 4945 1124 4995 ἐπὶ
1170 4944 1246 5013 τῷ
1297 4943 1525 5004 πάντως
1555 4958 1747 5013 γεννη-

206 5027 355 5097 θῆναι
378 5034 518 5087 κατὰ
544 5033 859 5103 προαίρεσιν
886 5033 1175 5102 πνεύματι,
1209 5036 1301 5087 καὶ
1338 5033 1659 5103 προσλαϐεῖν
1684 5034 1745 5084 τὸ

207 5119 319 5169 καθ’
340 5122 602 5193 ὁμοὲωσιν
630 5124 716 5177 διὰ
753 5124 851 5190 τῆς
891 5125 1172 5192 τηρήσεως
1200 5126 1293 5194 τῆς
1350 5124 1498 5185 θείας
1528 5123 1744 5191 ἐντολῆς

208 5207 342 5277 αὐτῷ
367 5206 809 5283 προσγενόμενον,
847 5209 980 5283 ἶνα
1002 5215 1030 5265 ὁ
1046 5214 1204 5276 αὐτὸς
1223 5214 1316 5267 ἄνθ
1324 5230 1504 5285 ρωπος
1521 5211 1743 5279 πλάσμα

210 5295 300 5359 μὲν
328 5301 418 5351 τοῦ
444 5302 575 5354 Θεοῦ
602 5304 739 5354 κατὰ
769 5300 948 5369 φύσιν.
980 5300 1105 5363 Υἱὸς
1128 5301 1181 5355 δὲ
1209 5303 1343 5355 Θεοῦ
1377 5302 1471 5355 καὶ
1490 5302 1620 5361 Θεὸς
1657 5300 1745 5353 διὰ

212 5384 511 5457 Πνεύματος
557 5394 694 5446 κατὰ
738 5393 917 5463 χάριν.
952 5393 1024 5445 Οὐ
1052 5394 1159 5463 γὰρ
1200 5393 1267 5466 ἦν
1312 5396 1535 5448 δυνατὸν
1572 5395 1743 5457 ἄλλως

213 5468 330 5523 Υίὸν
345 5478 723 5548 ἀποδειχθῆναι
746 5480 881 5533 Θεοῦ
904 5480 999 5534 καὶ
1020 5480 1151 5533 Θεὸν
1174 5484 1312 5535 κατὰ
1327 5484 1425 5552 τὴν
1448 5486 1511 5537 ἐκ
1527 5485 1743 5553 χάριτος

212 5559 391 5617 θέωσιν
426 5568 519 5621 τὸν
538 5560 827 5640 γενόμενον
850 5572 1151 5640 ἄνθρωπον,
1205 5574 1280 5643 μὴ
1310 5575 1575 5645 πρότερον
1604 5574 1742 5627 κατὰ

215 5656 513 5727 προαίρεσιν
536 5661 862 5730 γεννηθέντα
893 5662 969 5733 τῷ
985 5646 1278 5731 Πνεῦματι,
1297 5666 1383 5719 διὰ
1405 5666 1499 5736 τὴν
1520 5666 1742 5719 ἐνοῦσαν

214 5741 350 5814 αὐτῷ
379 5750 621 5840 φυσικῶς
648 5752 1002 5823 αὐτοκίνητον
1046 5752 1139 5804 καὶ
1172 5752 1468 5809 ἀδέσποτον
1493 5756 1737 5825 δύναμιν.

1845 4590 2045 4659 tione),
2077 4590 2126 4641 id
2161 4589 2403 4642 breviter
2425 4596 2483 4641 ut
2511 4588 2675 4641 didici
2710 4604 2807 4656 pro
2831 4589 3040 4641 viribus
3069 4590 3203 4642 meis
3232 4606 3395 4657 expo-

1844 4697 1987 4735 nam.
2012 4680 2115 4745 Qui
2146 4679 2329 4732 divina
2360 4678 2583 4748 mystice
2612 4685 2846 4730 tractant
2871 4677 3108 4737 oracula.
3138 4692 3200 4729 ac
3229 4677 3397 4729 subli-

1844 4773 2129 4831 mioribus.
2164 4780 2223 4824 ut
2252 4788 2350 4840 par
2379 4779 2485 4834 est,
2516 4770 3067 4838 eontemplationibus
3101 4770 3391 4832 honorant,

1844 4863 2118 4916 hominem
2148 4863 2211 4915 ad
2242 4862 2335 4915 Dei
2362 4862 2649 4931 imaginem
2678 4862 2732 4914 in
2762 4861 3030 4930 principio
3053 4860 3251 4913 factum
3276 4874 3394 4913 esse

1845 4952 2096 5015 tradunt,
2120 4967 2242 5005 cum
2278 4953 2439 5020 plane
2473 4952 2772 5005 secundum
2808 4952 3135 5003 voluntatem
3170 4964 3396 5018 genera-

1842 5049 1931 5095 tus
1969 5051 2111 5094 esset
2152 5042 2356 5108 Spiritu
2378 5081 2390 5103 ,
2422 5050 2478 5093 et
2509 5041 2918 5094 similitudinem
2955 5042 3093 5093 hanc
3123 5038 3393 5105 accepisse

1844 5130 2159 5181 attributam
2211 5138 2437 5197 propter
2483 5141 2757 5187 servatum
2805 5131 2898 5183 Dei
2944 5130 3286 5189 mandatum,
3335 5136 3393 5179 ut

1844 5216 1987 5269 idem
2013 5219 2193 5271 homo
2234 5220 2548 5288 figmentum
2588 5223 2807 5290 quidem
2850 5224 2920 5275 sit
2959 5222 3053 5274 Dei
3094 5219 3390 5295 secundum

1844 5316 2120 5367 naturam.
2170 5310 2263 5362 scd
2318 5304 2488 5365 Filius
2543 5313 2637 5366 Dei
2693 5324 2749 5367 et
2799 5312 2937 5365 Deus
2985 5327 3081 5379 per
3132 5310 3389 5376 Spiritum

1844 5398 2143 5452 secundum
2179 5401 2425 5468 gratiam.
2462 5403 2578 5456 Non
2601 5404 2761 5457 enim
2807 5404 2965 5456 aliter
2998 5401 3089 5455 Dei
3130 5400 3296 5451 Filius
3331 5416 3393 5453 ac

1842 5488 1985 5541 Deus
2030 5491 2329 5545 secundum
2374 5497 2557 5563 gratiae
2599 5498 2997 5551 deificationem
3042 5494 3217 5562 potuit
3254 5493 3394 5545 desi-

1842 5579 1993 5647 gnari
2017 5578 2180 5632 homo
2205 5581 2399 5646 factus,
2422 5586 2526 5639 nisi
2558 5598 2713 5656 antea
2740 5585 3034 5639 secundum
3062 5584 3390 5635 voluntatem

1841 5677 1986 5723 esset
2024 5668 2227 5738 Spiritu
2268 5685 2578 5740 generatus,
2610 5677 2679 5729 ob
2717 5692 2833 5729 eam
2876 5690 3035 5743 quam
3076 5672 3394 5725 naturaliter

1844 5760 1897 5812 in
1933 5774 1989 5813 se
2024 5760 2185 5814 habet
2217 5771 2538 5829 potestatem
2573 5767 2729 5819 liberi
2764 5765 3001 5818 arbitrii.
3036 5764 3181 5816 lianc
3227 5757 3394 5831 igitur
