4030 6338
175 434 298 501 1365

1362 398 1874 508 AMBIGUonUM
1915 427 2164 506 LIBER.

3242 434 3378 500 ιαιο

169 570 216 607 τι
236 554 413 625 μεῖζον
442 556 469 609 6
504 555 683 624 λόγος.
711 557 833 611 ’Ῑῶν
866 556 1018 612 κάτω
1060 559 1156 614 τοῦ
1185 558 1359 627 Λόγου
1397 558 1581 630 μερῶν
1617 574 1712 626 με·

1825 572 1910 611 res
1948 555 2231 611 Sermonis
2262 562 2445 624 partes
2475 549 2827 623 partieipabit
2877 550 3153 621 sapienter
3198 549 3243 606 is
3283 555 3375 622 qui

169 643 544 714 ταλαμόανέτω
588 648 900 717 σωφρόνως,
938 648 967 701 6
998 646 1232 715 λογικῶς
1280 648 1424 701 κατά
1459 649 1556 714 τῆς
1584 647 1716 716 ’ύλης

171 733 462 802 ἱστάμενος,
499 736 592 789 καί
615 738 967 791 παντάπασιν
990 736 1294 808 ἀμόλυντον
1317 737 1459 808 μετά
1488 737 1587 806 τῆς
1612 736 1715 806 ψυ-

175 827 267 895 χῆς
295 826 390 896 τὴν
429 824 607 898 σάρκα
655 827 948 898 διατηρῶν,
978 831 1073 901 καὶ
1121 828 1242 882 ὅλον
1288 828 1716 899 ἀπαραλείπτως

170 917 294 985 αὐτῇ
324 915 413 967 τὸν
446 914 619 981 Λόγον
639 919 760 980 ταῖς
774 918 994 987 ἀρεταῖς
1020 917 1336 987 διαμορφῶν
1363 917 1540 987 σάρκα
1563 916 1718 984 γενό-

173 1024 339 1076 μενον.
369 1008 458 1074 Mn
468 1005 575 1077 ρῶν
596 1007 653 1060 δὲ
686 1008 1051 1080 μεταλήψεται
1079 1010 1107 1061 6
1128 1008 1397 1076 τὺνΛόγον
1430 1008 1716 1077 ἐπικείμε-

169 1116 251 1151 νον
282 1098 419 1168 ἔχων
457 1098 535 1167 τῷ
576 1098 674 1168 τῆς
709 1097 889 1169 ψυχῆς
917 1098 1209 1170 παθητικῷ
1248 1100 1426 1169 μέρει,
1458 1101 1553 1153 καὶ
1586 1116 1720 1151 παν-

166 1188 325 1253 τελῶς
358 1189 638 1257 ἐκτέμνων
666 1190 834 1259 αὐτῆς
860 1190 958 1261 τὴν
983 1190 1254 1261 πρόσυλον
1283 1190 1521 1259 κίνησιν·
1553 1190 1718 1256 γονά-

169 1299 268 1336 των
321 1280 402 1346 δὲ,
440 1284 469 1335 6
530 1281 661 1349 πρὸς
699 1284 829 1344 τοὺς
886 1282 1173 1352 κειμένους
1209 1281 1307 1336 καί⁵
1358 1281 1733 1345 ἀσθενοῦντας

172 1372 345 1445 (246
376 1373 429 1442 a)
461 1377 526 1444 τῇ
567 1374 744 1428 πίστει
778 1376 1079 1445 συμπαθῶς
1113 1375 1255 1428 κατὰ
1301 1356 1565 1445 πρόνοιαν
1601 1375 1721 1426 ὲπι-

171 1462 488 1533 κλινόμενος,
513 1467 607 1518 καὶ
633 1465 732 1535 τὴν
748 1467 884 1536 πρὸς
914 1469 1062 1537 ἡμᾶς
1095 1467 1190 1520 τοῦ
1224 1467 1398 1533 Λόγου
1436 1466 1718 1537 μιμούμε-

171 1572 251 1618 νος
287 1556 713 1624 συγκατάεασιν.
746 1557 984 1628 Κνημῶν
1016 1558 1074 1611 δὲ
1102 1558 1197 1611 καὶ
1227 1543 1404 1610 ποδῶν
1436 1556 1719 1628 μεταλαμ-

171 1647 365 1700 ϐανέτω
411 1649 547 1718 πρὸς
590 1647 821 1713 τούτοις,
867 1651 896 1702 6
946 1649 1040 1702 ἐπὶ
1087 1649 1188 1717 τῆς
1234 1649 1471 1711 πίστεως
1502 1648 1596 1701 καὶ
1623 1647 1721 1716 τῆς

170 1738 357 1808 ἀρετῆς
397 1740 492 1792 καὶ
524 1741 625 1809 τῆς
654 1740 911 1808 γνώσεως
948 1739 1280 1803 ἁσαλεύτους
1314 1740 1452 1809 ἔχων
1481 1741 1581 1809 τῆς
1627 1739 1724 1807 ψυ-

178 1828 267 1897 χῆς
300 1832 397 1891 τὰς
444 1828 629 1898 βάσεις
683 1830 777 1883 καὶ
815 1829 1176 1897 ἀκλονήτους,
1210 1827 1305 1881 καὶ
1338 1828 1478 1880 κατὰ
1521 1826 1722 1879 σκοπὸν

175 1894 299 1988 πρὸς
322 1919 379 1971 τὸ
416 1894 664 1989 βραϐεῖον
692 1919 790 1990 τῆς
816 1919 927 1973 ἄνω
948 1894 1192 1987 κλήσεως
1221 1917 1594 1986 ἐπειγόμενος,
1626 1915 1721 1969 καὶ
1755 1894 1794 1948 Β

156 2007 257 2076 ,τῆς
285 2006 505 2073 ἀγνοίας
550 2006 620 2059 τὰ
670 2006 770 2076 ὅρη
820 2008 918 2059 καὶ
957 2005 1086 2068 τοὺς
1121 2004 1480 2073 βουνοὺςλτῆς
1527 2005 1723 2066 κακίας

172 2093 486 2165 ὐπερπηδῶν
537 2093 676 2163 μετὰ
702 2093 797 2145 τοῦ
826 2094 1001 2160 Λόγου
1048 2091 1525 2160 καὶδιαλλόμενος.
1566 2090 1724 2143 Ἀλλὰ

130 2209 145 2215 -
179 2185 565 2256 τίςδυνήσεται
599 2185 781 2248 πάσας
824 2184 918 2237 τοῦ
972 2184 1227 2254 Σωτῆρος
1272 2182 1429 2254 ήμῶν
1458 2181 1594 2234 Θεοῦ
1625 2180 1724 2244 τὰς

173 2276 234 2329 δι’
265 2278 402 2347 ἡμᾶς
450 2275 695 2338 ἐπινοίας
746 2274 1121 2347 ἐξαριθμῆσαι
1176 2273 1301 2329 καθ’
1354 2277 1420 2337 ἃς
1466 2271 1725 2341 ἐδώδιμον

176 2369 346 2422 ἑαυτὸν
382 2369 479 2422 καὶ
529 2368 875 2439 μεταληπτδν
925 2367 1202 2435 ἀναλόγως
1235 2365 1452 2436 ἑκάστῳ
1496 2364 1727 2434 πεποίη-

170 2478 273 2513 κεν.
313 2461 430 2513 Ἔτι
484 2459 594 2529 γὰρ
625 2461 739 2530 ἔχει
781 2460 918 2531 πρὸς
963 2459 1179 2522 τούτοις
1230 2460 1395 2512 πᾶσιν
1437 2460 1466 2511 6
1520 2457 1727 2527 Κύριος

170 2550 510 2620 βοστρύχους,
532 2546 627 2601 καὶ
674 2552 846 2619 ῥῖνας,
871 2550 965 2603 καὶ
1015 2550 1192 2620 χείλη,
1220 2548 1490 2620 τράχηλόν
1514 2565 1598 2614 τε,
1634 2547 1726 2599 καὶ

167 2637 365 2708 ὤμους,
397 2640 496 2691 καὶ
521 2638 841 2705 δακτύλους,
885 2640 977 2693 καὶ
992 2641 1094 2693 ὅσα
1120 2640 1221 2708 τῆς
1254 2638 1530 2709 ἡμετέρας
1560 2654 1727 2690 κατα-

140 2728 354 2795 σκευῆς
384 2729 471 2780 ἐπ’
501 2728 665 2781 αὑτοῦ
719 2729 938 2797 λέγεται
980 2721 1510 2800 τροπολογικῶς.Ὧν
1555 2742 1725 2798 προσ-

164 2818 306 2887 φυῶς
350 2835 410 2871 τε
451 2820 546 2871 καὶ
587 2819 907 2889 εὐχρήστως
970 2820 1478 2890 μεταλαμϐάνουσιν
1509 2819 1558 2870 οἱ
1590 2817 1727 2886 πρὸς

164 2912 387 2964 ἕκαστον
426 2910 522 2964 καὶ
560 2909 625 2962 δι’
655 2909 885 2963 ἑκάστου
910 2910 1108 2980 μέλους
1141 2910 1537 2980 σημαινόμενον
1566 2924 1727 2962 πνευ-

169 3001 386 3069 ματικὸν
420 2998 880 3071 μεταποιούμενοι
922 3000 1110 3068 λόγον.
1160 2998 1345 3060 Οὕτως
1380 3000 1408 3051 6
1433 2998 1602 3068 ἀμνὸς
1630 2996 1724 3049 τοῦ

168 3090 297 3145 Θεοῦ
332 3091 723 3164 βιόρὼσκεται,
748 3093 887 3147 κατὰ
914 3093 1007 3146 τὸν
1037 3092 1190 3160 ἆγιον
1210 3090 1402 3145 τοῦτον
1427 3088 1523 3142 καὶ
1552 3087 1731 3169 μέγαν,

166 3183 497 3272 διδάσκαλον,
531 3184 626 3263 καὶ
661 3185 743 3246 εἰς
782 3182 946 3253 πέψιν
983 3181 1357 3252 πνευματικὴν
1386 3178 1722 3244 ἀναδίδοται,
1753 3217 1795 3275 C

168 3270 471 3339 μεταποιῶν
504 3255 647 3341 πρδς·
671 3273 863 3325 ἑαυτὸν
885 3272 966 3340 τῷ
996 3274 1269 3341 πνεύματι
1292 3273 1419 3333 τοὺς
1448 3270 1728 3341 μεταλαμ-

1819 647 2165 703 rationaliter
2210 656 2400 703 contra
2434 645 2718 702 materiam
2763 654 2902 706 stat,
2935 652 2991 698 et
3038 639 3375 710 impollutam

1815 739 2040 791 omnino
2080 752 2203 790 cum
2243 737 2420 791 anima
2458 749 2676 790 carnem
2711 740 3022 792 conservat,
3054 737 3109 784 et
3128 737 3300 783 totum
3320 747 3379 782 ac

1817 828 1936 882 sine
1974 826 2190 881 defectu
2224 843 2286 882 ea
2317 827 2659 891 Sermonem,
2684 824 2781 893 qui
2812 838 2940 877 caro
2968 828 3052 875 est
3076 820 3254 874 factus
3272 821 3380 873 vir-

1816 920 2027 974 tutibus
2095 918 2320 990 eﬂiugit.
2362 920 2592 973 Femora
2636 923 2817 970 autem
2881 912 3234 983 participabit
3287 914 3374 979 qui

1813 1011 2164 1079 Sermonem,
2192 1012 2245 1064 in
2272 1011 2517 1081 passibili
2551 1008 2743 1064 animae
2772 1015 2927 1077 parte
2964 1005 3129 1058 habet
3159 1004 3377 1072 imposi-

1815 1094 1954 1167 tum,
1991 1118 2053 1157 ac
2080 1102 2375 1157 motionem
2409 1103 2530 1172 ejus
2556 1102 2608 1155 in
2641 1099 2924 1153 materiam
2960 1111 3185 1166 pronam
3226 1111 3381 1163 pror-

1818 1211 1911 1250 sus
1935 1194 2219 1264 exstirpat;
2250 1210 2427 1264 genua
2463 1202 2676 1257 contra,
2700 1191 2832 1261 quid
2879 1189 2944 1243 ad
2965 1192 3211 1260 jacentes
3240 1198 3294 1241 et
3316 1187 3382 1240 ii-

1818 1287 1886 1340 de
1920 1287 2170 1341 labantes
2200 1286 2633 1341 misericorditer
2662 1286 2729 1338 de
2753 1283 3106 1338 Providentia
3134 1282 3379 1339 int-linat.

1818 1384 1983 1445 atque
2018 1377 2298 1431 Sermonis
2336 1376 2404 1430 ad
2436 1392 2536 1429 nos
2555 1373 3083 1429 condcscensionem
3118 1372 3379 1425 imitatur.

1820 1468 2007 1523 Tibias
2022 1469 2259 1538 denique
2297 1476 2352 1523 et
2380 1469 2548 1537 pedes
2582 1467 2911 1536 participato
2942 1466 3006 1520 ad
3033 1465 3280 1533 haec.qui
3303 1464 3386 1516 iu-

1818 1560 2063 1628 trepidos
2085 1570 2140 1614 et
2165 1561 2523 1614 inconcussas
2550 1558 2604 1611 in
2636 1557 2743 1611 ﬁde
2776 1566 2831 1611 et
2860 1556 3062 1610 virtute
3092 1563 3148 1609 et
3202 1555 3387 1624 cogni-

1820 1655 1966 1723 tione
2011 1656 2181 1710 habet
2213 1656 2408 1711 animae
2452 1670 2694 1725 gressus,
2760 1663 2817 1707 et
2848 1655 2999 1720 juxta
3046 1652 3386 1721 propositum

1819 1754 2147 1812 approperat
2190 1744 2258 1797 ad
2314 1742 2596 1812 premium
2664 1741 2972 1795 vocationis
3034 1741 3087 1793 in
3149 1741 3386 1801 cmlum,

1820 1834 2366 1903 quique'ignorantim
2389 1841 2600 1887 montes
2626 1832 2992 1902 nequitiaeque
3033 1832 3200 1885 colles
3217 1841 3390 1886 trans-

1833 1923 1917 1976 ilit
1944 1938 2068 1976 cum
2097 1923 2332 1977 ratione.
2362 1921 2468 1978 Sed
2510 1921 2636 1991 quis
2667 1922 2851 1975 omnia
2884 1920 3183 1975 Salvatoris
3217 1921 3390 1975 nostri

1823 2014 1918 2069 Dei
1952 2024 2176 2084 propter
2218 2030 2320 2069 nos
2373 2013 2609 2085 cogitata
2657 2029 2984 2068 enumerare
3006 2013 3214 2083 poterit
3268 2013 3391 2082 qui-

1824 2105 1928 2159 bus
1945 2106 2288 2160 esculentum
2314 2122 2431 2161 sese
2462 2113 2627 2175 atque
2658 2104 2954 2160 fruendum
2990 2103 3389 2159 convenienter

1824 2196 2123 2264 unicuique
2147 2196 2442 2249 olfecerit?
2480 2196 2654 2251 Habet
2681 2198 2829 2250 enim
2870 2194 3135 2250 Dominus
3163 2193 3228 2247 ad
3276 2208 3392 2247 om-

1829 2284 1922 2338 nia
1951 2284 2067 2339 hzec
2101 2285 2388 2339 cincinnos
2426 2295 2482 2339 et
2514 2299 2676 2344 nares
2708 2294 2764 2338 et
2792 2284 2964 2349 labra,
2990 2283 3259 2336 cervicem
3283 2280 3389 2334 bu-

1824 2392 2115 2445 merosque
2146 2392 2210 2431 ac
2238 2376 2460 2446 digitos,
2500 2385 2556 2431 et
2590 2390 2935 2448 quaecunque
2966 2381 3168 2428 nostra:
3189 2372 3393 2427 consti-

1829 2468 2057 2521 tutionis
2090 2465 2158 2521 de
2190 2482 2257 2520 eo
2296 2465 2526 2536 ﬁgurate
2554 2465 2841 2535 praedicari
2871 2464 3050 2519 solent
3090 2463 3165 2517 Ea
3196 2478 3393 2517 conve-

1824 2554 2041 2609 nienter
2077 2564 2240 2625 atque
2267 2556 2476 2611 utiliter
2523 2556 2856 2626 participant
2908 2554 3001 2625 qui
3037 2554 3092 2608 in
3123 2566 3396 2623 quamque

1825 2654 1881 2698 et
1914 2661 2013 2714 per
2044 2646 2302 2716 quodque
2353 2645 2663 2700 membrum
2701 2644 3067 2715 signiﬁcatam
3125 2643 3393 2697 rationem

1828 2735 2227 2790 instaurantur.
2261 2736 2340 2790 lta
2367 2737 2553 2805 Agnus
2586 2736 2681 2789 Dei
2723 2734 3065 2797 comedetur,
3092 2733 3394 2787 secundum

1826 2825 1974 2881 hunc
2000 2834 2249 2881 sanctum
2275 2833 2331 2880 et
2356 2841 2615 2895 magnum
2664 2824 2973 2889 doctorem,
3030 2831 3085 2877 et
3113 2824 3167 2876 in
3201 2838 3401 2877 conco-

1827 2916 2065 2989 ctionem
2094 2917 2439 2986 spiritualem
2489 2903 2793 2987 digerclur,
2832 2913 2963 2969 duin
3002 2913 3401 2984 participantes

1825 3019 1884 3059 se
1912 3006 2118 3074 Spiritu
2150 3007 2207 3061 in
2268 3009 2512 3076 seipsum
2575 3010 2827 3063 immutat
2872 3015 3039 3076 atque
3091 3013 3397 3075 regenerat,

1827 3108 2278 3164 unumquemque
2310 3110 2505 3149 eorum
2538 3096 2594 3148 in
2636 3095 2872 3149 membri
2921 3096 2988 3148 ab
3015 3109 3081 3148 eo
3113 3094 3291 3150 vorati
3317 3094 3399 3149 lo-

1837 3199 1961 3238 cum
1986 3199 2087 3255 pro
2111 3185 2415 3256 corporalis
2440 3184 2650 3240 ordinis
2667 3193 2728 3251 et_
2746 3184 3237 3254 coagmentationis
3251 3186 3401 3253 posi—

1838 3272 1988 3328 tione
2004 3276 2293 3331 attrahens
2316 3285 2482 3346 atque
2508 3285 2895 3345 transponens,
2914 3274 2990 3329 ita
3011 3281 3071 3328 ut
3086 3273 3402 3329 humaniter

166 3362 451 3428 ϐάνοντας,
504 3358 736 3417 ’ἑκαστον
776 3364 957 3417 αὐτῶν
1007 3367 1087 3429 εἰς
1137 3366 1229 3418 τὸν
1277 3363 1371 3418 τοῦ
1417 3362 1724 3435 βρωθέντος

1828 3377 1893 3416 ea
1916 3378 2038 3433 qua;
2071 3366 2346 3421 universis
2375 3367 2519 3431 inest
2544 3366 2686 3431 ratio
2712 3365 2768 3421 in
2816 3364 2983 3421 rebus
3022 3365 3260 3421 essentia
3286 3363 3400 3448 ﬁat,

165 3453 252 3503 ὑπ’
277 3452 441 3506 αὑτοῦ
479 3450 862 3520 πνευματικῶς
905 3450 1103 3520 μέλους
1134 3451 1300 3503 τόπον
1336 3449 1477 3501 κατά
1502 3446 1602 3517 τὴν
1630 3445 1722 3498 θέ-

1825 3466 1942 3519 ουσι
1971 3453 2113 3508 ratio
2132 3457 2247 3510 sola
2269 3464 2497 3526 superat
2523 3464 2777 3511 naturam
2804 3456 3047 3525 itemque
3067 3445 3397 3511 sermonem.

167 3562 249 3598 σιν
274 3546 729 3615 τῆςσωματικῆς
764 3544 1041 3614 ἁρμονίας
1079 3533 1289 3610 ὲνᾶγων
1327 3558 1388 3593 τε
1433 3541 1527 3593 καὶ
1559 3536 1997 3611 μετατιθέμενος,
2060 3547 2201 3600 ὥστε
2264 3547 2660 3620 φιλανθρώπως
2721 3548 2813 3600 τὸν
2860 3548 2918 3599 ὲν
2958 3549 3070 3611 τοῖς
3106 3548 3247 3613 ὅλοις
3314 3548 3403 3603 λό-

164 3655 252 3706 γον
282 3640 393 3701 τοῖς
423 3636 756 3708 πράγμασιν.
785 3636 974 3689 οὐσίαν
1003 3634 1248 3704 γίνεσθαι
1275 3631 1369 3687 τὸν
1394 3633 1553 3701 μόνον
1577 3630 1714 3703 ὑπὲρ
1757 3639 1919 3701 φύσιν
1951 3638 2045 3690 καὶ
2072 3638 2249 3708 λόγον.

174 3816 272 3875 Ἕκ
296 3821 404 3875 τοῦ
425 3819 617 3875 αὑτοῦ
637 3821 850 3890 λόγου,
865 3821 951 3885 εἰς
973 3821 1061 3873 τό·
1086 3837 1104 3871 ι
1132 3817 1452 3888 Νεκρώσας
1480 3817 1551 3872 τὰ
1573 3819 1730 3887 μέλη

1830 3819 1916 3873 Ea:
1939 3817 2117 3871 eodem
2136 3832 2396 3881 sermone,
2420 3817 2474 3869 in
2494 3813 2631 3868 illud
2649 3831 2667 3868 .'
2700 3831 2717 3864 ι
2763 3811 3113 3880 Mortiﬁcatus
3170 3812 3402 3871 membra

221 3911 298 3965 τὰ
323 3908 420 3963 ἐπὶ
438 3908 546 3976 τῆς
579 3909 719 3978 γῆς,-
739 3910 837 3964 xui
867 3909 982 3978 τὴν
1010 3909 1198 3976 ζίὂνην
1226 3908 1500 3962 Ἰωάννου
1526 3909 1737 3977 μιμού-

223 4023 428 4073 μενος,
464 4003 572 4057 τοῦ
603 4004 888 4071 ἐρημικοῦ
922 4004 1023 4075 καὶ
1062 3993 1398 4072 προδρόμου
1432 4000 1532 4054 καὶ
1556 4001 1735 4072 μεγά-

226 4099 340 4149 λου
364 4092 477 4162 τῆς
500 4093 782 4159 ἀληθείας
815 4091 1075 4159 κήρυκος
1093 4094 1223 4165 (45).
1257 4112 1276 4144 ι

241 4208 298 4260 '0
334 4208 437 4278 τὴν
472 4205 717 4259 Ἰωάννου
750 4202 929 4273 ζώνην
959 4203 1296 4273 μιμούμενός
1321 4206 1470 4257 ἐστιν
1492 4205 1520 4256 6
1548 4204 1614 4270 τῇ
1636 4199 1730 4253 δυ-
1792 4196 1795 4199 ¹

1902 3902 2023 3980 qua:
2044 3919 2166 3963 sunt
2203 3925 2359 3978 super
2391 3918 2590 3961 terram
2606 3904 2656 3970 ἀ,
2684 3912 2733 3958 et
2753 3902 2981 3958 solitarii
3012 3901 3155 3956 illius
3180 3901 3403 3955 Joannis

1895 4012 1946 4055 et
1989 4002 2330 4072 prwcursoris
2355 4000 2646 4070 magnique
2687 3996 2925 4051 veritatis
2968 3994 3244 4065 prwconis,
3269 4010 3404 4063 pra:-

1898 4094 2208 4147 cinctionem
2240 4094 2478 4147 imitans.
2520 4110 2539 4144 ι
3348 4132 3353 4137 ,
3418 4082 3419 4085 “

1901 4209 2131 4265 Joannis
2162 4224 2356 4262 zonam
2395 4208 2641 4261 imitatur
2668 4206 2764 4276 qui
2799 4204 3035 4259 rationis
3074 4202 3281 4257 virtute
3307 4218 3402 4272 ge-

166 4299 320 4367 νάμει
352 4299 451 4353 τοῦ
473 4297 637 4365 λόγου
669 4296 731 4349 τδ
762 4294 984 4364 γόνιμον
1015 4297 1117 4362 τῆς
1145 4296 1326 4364 ψυχῆς
1352 4295 1441 4348 διὰ
1472 4293 1728 4363 γνώσεως

1831 4298 1999 4354 uitale
2052 4297 2251 4352 anima:
2300 4313 2401 4367 per
2432 4298 2805 4366 cognitionem
2841 4296 3018 4374 active
3049 4297 3400 4365 constringit,

168 4391 486 4458 πρακτικῶς
524 4389 901 4457 ἑπισφίγγων,
959 4387 1053 4439 καὶ
1096 4386 1383 4454 ἀδιάχυτον
1428 4386 1558 4439 αύτδ
1591 4385 1729 4455 πρὸς

1831 4400 1889 4446 et
1928 4388 2278 4444 inconfusum
2304 4396 2499 4442 contra
2528 4388 2817 4442 materiam
2856 4394 3064 4442 servat.
3108 4384 3401 4441 Solitarius

166 4480 256 4547 τὴν
284 4480 421 4549 ὓλην
449 4477 846 4545 διαφυλάττων.
889 4474 1185 4547 Ἐρημικδς
1214 4474 1270 4525 δέ
1290 4476 1438 4527 ἐστιν
1674 4476 1727 4544 b)

1834 4471 2019 4535 autem
2050 4487 2138 4533 est
2176 4477 2269 4546 qui
2302 4490 2500 4545 purum
2529 4474 2819 4529 an'ectibus
2843 4472 3092 4529 habitum
3118 4470 3222 4525 sibi
3255 4487 3402 4541 quae-

166 4571 192 4621 6
214 4540 418 4623 ⁷’παθῶν
456 4540 870 4637 καθαρεύουσαν
900 4540 1155 4639 την-ἕξιν
1198 4540 1729 4637 κτησάμενος-ἆρό-

1837 4569 1984 4624 sivit.
2018 4568 2342 4623 Praecursor
2390 4580 2525 4620 vero
2551 4573 2637 4619 est
2681 4564 2775 4634 qui
2807 4563 3037 4620 sincera:
3066 4540 3402 4632 paenitentia:

165 4662 357 4731 δρομος
396 4660 458 4712 δὲ
488 4660 516 4710 6
549 4659 640 4711 διὰ
672 4659 774 4729 τῆς
801 4659 1032 4729 γνησίας
1067 4657 1357 4729 μετανοίας
1386 4657 1486 4727 τὴν
1529 4659 1730 4710 ἐπακο-

1830 4661 2244 4733 opejustitiam,
2266 4676 2390 4732 quae
2411 4661 2561 4717 illam
2579 4656 2967 4729 subsequitur,
2987 4656 3404 4727 conspicuaquc

167 4751 465 4826 λουθοῦσαν
497 4749 635 4819 αὐτῇ
670 4750 1039 4819 δικαιοσύνην,
1085 4749 1177 4803 καὶ
1215 4737 1307 4800 διᾶ
1339 4748 1439 4817 τῆς
1468 4748 1730 4822 φαινομέ-

1827 4754 2036 4808 virtute
2077 4752 2324 4807 futuram
2369 4753 2439 4808 ad
2487 4767 2653 4823 quam
2704 4751 2776 4806 sit
2823 4764 3147 4805 accessurus
3208 4746 3403 4817 cogni-

166 4859 256 4911 νης
282 4842 491 4913 ἀρετῆς
530 4839 631 4909 τὴν
661 4840 949 4912 ιπιδημείν
978 4840 1156 4893 αὐτῶν
1191 4839 1497 4909 μέλλουσαν
1522 4826 1728 4906 γνῶὰν

1827 4844 2034 4902 tionem
2061 4844 2413 4914 praenuntiat.
2452 4842 2682 4915 Magnus
2699 4843 2940 4910 denique
2962 4839 3207 4893 veritatis
3223 4849 3403 4906 praeco

168 4931 518 5001 προμηνύων.
558 4929 746 4998 Μέγας
784 4930 842 4983 δὲ
871 4931 971 5000 τῆς
1007 4930 1261 5001 ἀληθείας
1297 4928 1487 4997 κῆρύξ·
1510 4929 1659 4982 ἐστιν
1698 4930 1729 4981 ό

1825 4940 1930 5009 θοι.
1962 4933 2057 5001 qui
2094 4933 2359 4989 doctrina:
2401 4947 2718 4989 sermonem
2770 4945 2800 4984 a
2852 4929 3151 4997 semetipso
3202 4922 3401 4994 praedi-

166 5020 240 5090 τῷ
267 5023 459 5091 οἰκείῳ
491 5021 593 5090 βίῳ
626 5021 719 5072 τὸν
758 5019 852 5073 ὑπ’
888 5022 1052 5075 αὐτοῦ
1084 5021 1128 5053 ⁸⁸
1158 5019 1489 5090 λαλούμενον
1519 5020 1616 5089 τῆς
1646 5017 1727 5072 δι-

1834 5030 2017 5078 catum
2054 5039 2151 5077 sua
2199 5024 2425 5095 propria
2463 5024 2576 5079 vita
2616 5020 2924 5077 confirmat.

167 5112 460 5175 δαῖκαλίας
487 5111 647 5178 λόγον
678 5111 1056 5182 πιστούμενος.

236 5296 263 5335 δ
296 5294 514 5351 Coloss.
551 5310 632 5359 iu,
664 5294 718 5348 5.
1978 5356 1982 5361 θ

1416 5372 1652 5462 VARUS
1690 5403 2090 5489 LECTIONES.

235 5518 278 5549 ⁸⁸
307 5517 552 5591 ti_hal;et
580 5520 702 5591 cod.
726 5520 868 5576 Gud.
969 5521 1011 5591 ’ἦ
1041 5520 1116 5591 Ita
1149 5521 1427 5591 rescripsi.
1463 5523 1846 5591 Apographu‘m
1895 5521 2061 5575 habet
2098 5519 2256 5591 λόγος
2296 5519 2406 5591 τῶν
2431 5518 2528 5591 καὶ
2552 5516 2658 5591 τῶν
2684 5515 2791 5591 .τοῦ
2821 5514 3000 5591 λόγου.
3076 5510 3130 5591 ⁸⁸.
3149 5509 3398 5589 A‘pngla:

172 5588 333 5655 Ριιυηι
368 5588 537 5659 habet
577 5590 717 5659 μετά
748 5592 849 5659 τῆς
879 5589 1020 5642 κατὰ
1042 5589 1139 5656 τῆς
1158 5578 1354 5658 ψυχῆξ.
1446 5591 1486 5621 ⁸³
1512 5578 1655 5646 ’(Σὸδ.
1681 5578 1828 5647 'Gud.
1862 5591 2025 5645 habet
2051 5578 2277 5659 quidem
2308 5589 2398 5641 τὸν
2422 5588 2511 5659 ὑπ’
2548 5585 2745 5659 αὐτούς
2765 5583 2860 5640 sed
2883 5578 3072 5659 vocum
3110 5578 3198 5630 ὑπ’
3229 5578 3401 5630 αὑτοῦ

170 5651 289 5723 iars
315 5658 468 5727 prior
495 5651 714 5723 punctis
743 5651 1129 5742 subterpositis
1157 5651 1518 5714 sun't'notata.
1552 5662 1742 5716 Aliena
1780 5675 1973 5715 manus
2026 5651 2233 5728 aliquid
2281 5658 2613 5726 rescriptum
2645 5656 2811 5710 fuisse
2853 5651 3088 5705 videtur.

234 5796 343 5865 (65)
375 5794 523 5849 Idem
551 5794 673 5848 ibid.
703 5813 821 5867 cap.
855 5796 935 5861 18,
978 5814 1030 5866 p.
1077 5797 1199 5861 839,
1240 5806 1371 5853 tom.
1396 5798 1420 5849 1
1444 5796 1579 5867 Opp.
1609 5799 1697 5853 cd.
1740 5798 1937 5861 Βοηοά.
