4030 6338
218 440 352 503 1373

214 638 429 693 ίσταται
464 644 614 715 αὐτῷ
655 647 914 715 πάσχοντι
946 648 1011 701 δι’
1035 651 1307 721 ἁμαρτίας
1343 654 1375 723 ἡ
1417 656 1481 707 ἐκ
1512 659 1768 725 περιστά-

212 745 351 793 σεως
379 732 486 785 τῶν
526 736 702 803 μελῶν
727 737 821 790 τοῦ
855 738 1105 809 σώματος
1146 742 1428 812 νέκρωσις,
1469 747 1536 798 δι’
1563 749 1766 816 εὐγνώ-

210 824 373 889 μονος
428 826 777 897 εὐχαριστίας
823 833 903 893 είς
967 832 1285 902 αὐθαίρετον
1350 837 1549 908 ἀρετὴν
1600 858 1765 908 μετα-

206 912 503 983 πίπτουσα,
527 919 648 970 καθ’
679 920 745 989 ἢν
783 921 897 990 τῶν,
925 922 1047 977 καθ’
1088 925 1360 994 ἁμαρτίαν
1394 929 1604 981 πολλῶν
1630 933 1766 983 ἀπο-

203 1002 460 1073 λυόμενος
533 1009 862 1078 ὀφλημάτων
921 1008 926 1013 ’
940 1013 1077 1081 μετὰ
1144 1014 1239 1067 τοῦ
1318 1016 1477 1084 λόγου
1540 1019 1762 1082 δικαίως

202 1098 426 1150 εἴσεισιν
486 1102 565 1163 είς
606 1102 703 1171 τὴν
741 1104 923 1173 χώραν
955 1107 1053 1176 τῆς
1094 1107 1362 1175 γνώσεως,
1400 1114 1539 1180 φημὶ
1577 1113 1633 1165 δὲ
1670 1114 1760 1165 τὸν

202 1189 565 1257 παράδεισον,’
593 1195 650 1245 ἐν
742 1197 1030 1266 γενόμενος
1057 1201 1323 1266 γνώσεται
1344 1201 1441 1270 τὴν
1466 1202 1644 1254 αἰτίαν
1663 1206 1759 1272 τῆς

199 1284 256 1328 ἐν
368 1282 739 1353 καθείργμεθα
767 1288 861 1340 νῦν
895 1291 1195 1360 καταδίκης
1238 1294 1331 1345 καὶ
1369 1295 1755 1357 κακοπαθείας.

198 1370 414 1437 Λῃστής
461 1372 517 1425 δὲ
567 1374 837 1444 ἀγνώμων
879 1380 1028 1433 ἐστὶν
1066 1384 1094 1433 6
1123 1381 1191 1433 δι’
1223 1384 1494 1452 ἁμαρτίας
1535 1386 1757 1453 πάσχων

196 1461 381 1522 κακῶς
411 1462 485 1524 ὡς
513 1464 829 1531 ὑπεύθυνος,
861 1472 952 1522 καὶ
986 1471 1059 1539 μὴ
1092 1473 1369 1541 γνωρίζων
1392 1473 1477 1526 διὰ
1494 1474 1680 1544 (249
1699 1476 1753 1539 a)

194 1551 640 1623 φιλαπεχθήμονα
665 1561 888 1628 γνώμην
926 1560 1015 1613 τὸν
1044 1562 1346 1625 ἀνευθύνως
1385 1565 1522 1632 ὑπὲρ
1572 1564 1755 1631 φιλαν-

194 1642 441 1710 θρωπίας
472 1647 619 1716 αὐτῷ
653 1650 1042 1720 συμπάσχοντα
1075 1656 1171 1723 τῆς
1210 1654 1553 1722 δικαιοσύνης
1578 1654 1750 1722 λόγον,

1430 456 1940 519 AMBIGUORUM
1981 461 2229 553 manu.

214 550 492 618 βασιλείας
525 554 586 607 τὸ
622 554 733 623 φῶς
769 560 908 628 φανῇ
940 559 1000 610 τὸ
1033 560 1346 630 ἁπρᾶσιτον.
1404 564 1561 618 Οὕτω
1618 585 1776 638 περι-ι
1796 578 1837 629 Α

3287 464 3425 533 1374

1870 582 2145 661 sapienter
2176 597 2429 652 induerat
2462 601 2825 669 providentia,
2860 603 3097 673 demptis
3128 605 3275 673 regni
3308 608 3425 675 ejus

1866 681 1959 735 lux
2008 685 2295 742 inaccessa
2353 691 2687 758 apparuerit.
2752 692 2843 746 Sic
2906 694 3229 749 circumstat
3296 710 3421 748 eum

1864 779 2073 843 peccati
2126 794 2292 835 causa
2338 784 2635 852 patientem
2670 785 2916 854 corporis
2950 789 3325 842 membrorum
3354 787 3424 843 de

1863 866 2272 923 circumstantia
2316 873 2685 937 mortificatio,
2730 890 2849 943 quae,
2887 890 2986 944 per
3039 877 3253 930 ﬁdelem
3296 894 3423 947 gra-

1864 965 2083 1025 tamque
2141 960 2391 1015 benelicii
2444 960 2878 1017 recordationem
2933 966 2989 1019 in
3056 968 3420 1021 voluntariam

1861 1052 2106 1098 mutatur
2144 1048 2422 1111 virtutem,
2475 1067 2596 1119 qua:
2629 1052 2828 1106 debitis
2870 1056 3076 1121 peccati
3122 1055 3308 1107 multis
3334 1069 3423 1108 so—

1859 1131 2005 1184 lutus
2044 1133 2096 1185 in
2144 1135 2421 1203 regionem
2454 1139 2788 1206 cognitionis
2829 1154 2953 1192 cum
3003 1140 3266 1192 Sermone
3295 1140 3420 1208 jure

1859 1219 2044 1282 intrat,
2078 1221 2182 1275 hoc
2209 1233 2294 1276 est
2339 1224 2392 1276 in
2426 1227 2759 1293 paradisum,
2805 1228 2900 1280 ubi
2957 1229 3163 1281 certior
3216 1228 3310 1281 ﬁet
3350 1228 3420 1283 de

1857 1324 2018 1362 causa
2069 1320 2270 1367 nostrae
2303 1313 2671 1368 damnationis
2714 1325 2875 1383 atque
2917 1316 3169 1375 miseriae,
3216 1316 3443 1383 quibus,

1859 1412 2005 1449 nunc
2062 1407 2315 1467 tanquam
2352 1401 2405 1454 in
2450 1418 2668 1457 carcere
2718 1404 3061 1457 cohibemur.
3113 1403 3277 1457 Latro
3312 1404 3416 1456 im-

1854 1487 2061 1553 probus
2134 1499 2322 1545 contra
2380 1501 2463 1565 est
2514 1494 2605 1561 qui
2675 1495 2880 1562 peccati
2938 1510 3099 1547 causa
3151 1494 3418 1565 obnoxius

1855 1578 2085 1645 patitur,
2133 1581 2339 1651 quique
2397 1593 2619 1653 propter
2675 1586 2975 1638 voluntatis
3028 1584 3415 1654 malignitatem

1846 1666 2070 1734 justitiae
2091 1685 2399 1725 sermonem
2417 1688 2524 1729 non
2545 1675 2788 1743 agnoscit
2812 1691 2916 1728 una
2938 1690 3061 1728 cum
3085 1689 3162 1737 se,
3186 1673 3279 1727 sed
3296 1673 3414 1727 sine

128 1805 137 1810 _
191 1731 323 1785 ἀλλὰ
358 1733 695 1806 βλασφήμως
724 1741 1180 1811 ἀποπεμπόμενος
1208 1742 1299 1795 τὸν
1328 1745 1414 1795 ἐπ’
1443 1744 1593 1813 αὐτῷ
1614 1746 1736 1798 κατὲ

1851 1756 2032 1823 culpa,
2050 1760 2344 1826 patientem
2369 1779 2468 1830 pro
2491 1764 2826 1833 benignitate
2854 1780 2972 1827 sua,
2995 1766 3103 1817 imo
3129 1778 3250 1816 cum
3277 1777 3412 1816 con-

192 1824 449 1891 πρόνοιαν
483 1828 708 1893 δικαίως
749 1833 1034 1900 ὁρισθέντα
1064 1835 1163 1902 τῆς
1205 1837 1435 1903 κρίσεως
1476 1836 1655 1903 λόγον,
1692 1836 1736 1898 ὃς

1850 1846 1992 1900 vicio
2020 1849 2271 1917 repudiat
2294 1852 2485 1920 judicii
2514 1869 2818 1907 sermonem
2849 1854 3045 1906 merito
3066 1853 3117 1905 ei
3143 1853 3210 1905 de
3230 1852 3413 1920 provi-

189 1912 373 1982 ἐπειδὴ
407 1916 481 1982 μὴ
522 1917 785 1986 ἐγνώρισε
810 1920 900 1972 τὸν
925 1922 1133 1991 ἀτίμως
1157 1923 1303 1991 αὐτῷ
1330 1926 1466 1981 κατὰ
1496 1925 1736 1993 βούλησιι

1853 1935 2036 1991 dentia
2053 1939 2341 1993 deﬁnitum
2368 1959 2380 1993 :
2408 1942 2500 2010 qui
2525 1959 2647 1996 cum
2673 1943 2990 1997 Sermonem
3018 1942 3409 1997 contumeliose

190 2005 756 2066 συγκαταδικασθέντα
814 2009 971 2077 λόγοι.⁴
1022 2011 1128 2063 καὶ
1164 2014 1402 2081 ᾐτήσατο
1462 2016 1620 2084 χάριν
1669 2010 1743 2069 ὧν

152 2088 629 2162 ,ἐπλημμέλησεν,
681 2099 918 2163 ἀφίεταιι
952 2100 1055 2169 τῆς
1115 2101 1386 2169 βασιλείας
1443 2104 1740 2173 ἀλλότριος,

187 2180 437 2250 οὐδεμίαν
465 2185 557 2237 τοῦ
577 2203 707 2239 ποτε
737 2189 940 2259 ταύτης
966 2192 1246 2255 τεύξεσθαι
1288 2196 1437 2264 παρὰ
1460 2197 1553 2249 τοῦ
1582 2197 1738 2263 λόγου

189 2269 357 2326 λαϐὼν
380 2275 704 2344 ὲπάγγελον.
1527 2297 1534 2304 ’
1621 2278 1626 2285 ’

531 2450 719 2503 ’Λλλο
748 2455 833 2518 είς
858 2452 923 2505 τὸ
944 2454 1088 2507 αὐτὸ
1113 2457 1395 2526 θεώρημα.

246 2557 357 2611 Καὶ
386 2558 547 2611 πάλιν
568 2560 771 2631 λῃστής
807 2565 953 2616 ἐστιν
986 2565 1281 2635 εὐγνώμων
1310 2570 1339 2621 6
1362 2570 1465 2623 κᾶν
1499 2574 1589 2625 ἐπ’
1612 2576 1742 2629 αὐτὸ

174 2641 237 2696 τὸ
256 2645 430 2714 πέρας
457 2647 555 2715 τῆς
589 2650 869 2717 παρούσης
907 2652 1053 2722 αὐτῷ
1080 2655 1366 2723 γενόμενος
1400 2657 1741 2727 ζωῆςὲλθὼν

176 2733 255 2796 είς
306 2736 657 2805 συναίσθησιν
722 2739 832 2802 τῶν
877 2742 1377 2813 πλημμεληθέντων
1424 2749 1592 2818 αὐτῷ,
1638 2754 1738 2804 καὶ

175 2825 457 2893 γνωρίζων
506 2827 644 2894 μετὰ
702 2829 968 2892 συνέσεως
1028 2832 1119 2884 τὸν
1166 2835 1254 2885 ἐπ’
1305 2836 1451 2906 αὐτῷ
1511 2839 1734 2902 δικαίως

173 2915 478 2984 ὡρισμένον
495 2914 728 2969 ἐνταῦθα
757 2918 854 2989 τῆς
875 2918 1027 2982 θείας
1056 2923 1291 2991 κρίσεως
1318 2928 1731 2997 σ.ιντελούμεκιον

171 3003 319 3073 αὐτῷ
350 3004 529 3072 λόγον,
586 3007 681 3059 καὶ
720 3008 887 3061 αίτῶν
937 3011 1265 3081 συγγνώμην
1309 3017 1614 3086 εἰλικρινῶς
1660 3024 1726 3074 ὲκ

173 3090 369 3159 βάθους
417 3094 595 3164 ψυχῆς
624 3090 698 3148 ὧν
742 3097 1008 3168 ἥμαρτεν.
1083 3101 1376 3172 Ἀγνώμων
1426 3108 1482 3158 δὲ
1525 3108 1728 3179 λῃστῆς

171 3178 313 3232 ἐστιν
340 3183 371 3231 6
402 3183 521 3234 κατ*
545 3186 676 3237 αὐτὸ
696 3187 756 3238 τὸ
777 3188 949 3256 πέρας
976 3191 1074 3260 τῆς
1106 3194 1387 3263 παρούσης
1408 3178 1722 3272 αὗτῷνξωῆς

169 3269 455 3338 γενόμενος
514 3273 606 3324 καὶ
643 3275 734 3327 τὸν
784 3278 926 3329 κατὰ
979 3278 1156 3347 ψῆφον
1201 3282 1413 3338 δικαίαν
1450 3288 1542 3340 τοῦ
1585 3269 1720 3343 Θεοῦ

168 3360 392 3412 τεθέντα
449 3362 626 3428 σοφῶς
670 3363 764 3415 τοῦ
811 3368 1075 3435 μερισμοῦ
1134 3371 1231 3438 τῆς
1274 3372 1447 3441 ψυχῆς
1479 3378 1586 3429 ἀπὸ
1631 3381 1724 3432 τοῦ

168 3463 416 3514 σωματος
446 3451 606 3520 νόμον
648 3456 709 3517 τε
740 3456 833 3507 καὶ
876 3458 999 3523 ὅρον
1033 3457 1107 3519 ὡς
1156 3459 1231 3528 μὴ
1278 3463 1457 3525 καλῶς
1501 3466 1722 3520 δοθέντα

165 3536 250 3588 διὰ
281 3540 576 3615 ’.ειλοζωϊαν
608 3544 976 3615 μεμφόμενος.

474 3722 478 3727 “
516 3718 692 3773 Ἄλλο
720 3726 806 3788 εἰς
829 3725 894 3776 τὸ
915 3727 1059 3781 αὐτὸ
1089 3731 1371 3801 θεώρημα.

226 3826 336 3878 Καὶ
382 3824 542 3877 πάλιν
576 3830 871 3903 ἐπειδήπερ
912 3837 1139 3902 ἕκαστος
1170 3844 1322 3911 ήμῶν
1345 3846 1565 3911 διπλοῦς
1610 3853 1731 3905 ἐστι·

162 3917 255 4013 τὴν
278 3917 556 4013 edam-sx
581 3918 759 3988 ψυχῆς
794 3927 887 3977 καὶ
919 3928 1165 3996 σώματος
1205 3938 1490 4001 συνεστὼς,
1522 3941 1722 4013 λῃστής

162 4007 349 4061 ἐστινὸ
371 4008 495 4061 καθ’
524 4010 781 4080 ἑκάτερον
803 4016 910 4067 τῶν
939 4018 997 4083 ἐξ
1026 4014 1101 4071 ὧν
1132 4024 1428 4092 συνέστηκε
1456 4007 1597 4083 κατα
1621 4007 1721 4104 την

162 4092 386 4188 θατέρου
427 4099 587 4167 φύσιν
625 4102 785 4171 νόμον
834 4104 971 4176 ὑπὲρ
1012 4111 1210 4181 ἀρετῆς
1240 4115 1317 4184 τῷ
1341 4115 1494 4187 Λόγῳ
1527 4092 1718 4188 μυστίε

161 4186 267 4281 κῶς
286 4192 780 4262 συσταυρούμενος,
811 4197 902 4248 καὶ
930 4199 1019 4251 τὸν
1047 4202 1145 4271 μὲν
1174 4206 1272 4275 τῆς
1306 4186 1505 4279 σαρκδς
1529 4186 1713 4281 νόμον,

160 4272 342 4369 ὥσπερ
378 4281 669 4351 ἀγνώμονα
706 4284 904 4357 λῃστὴν
945 4287 1024 4356 τῷ
1050 4289 1191 4359 λόγῳ
1218 4272 1318 4364 τῆς
1343 4272 1542 4369 ἀρετῆς
1564 4272 1713 4355 fxim;

160 4366 445 4432 πίπτοντα,
472 4374 560 4425 τὸν
579 4374 635 4426 δὲ
660 4376 751 4428 τού
781 4376 1086 4445 πνεύματος
1113 4381 1272 4448 νόμον
1295 4366 1483 4458 ὥσπερ
1499 4366 1710 4461 ’λῃστὴν
1736 4421 1741 4424 ο

159 4456 290 4525 ἔχων
317 4460 654 4527 εὐγνώμονα,
679 4466 880 4519 καὶτὸν
905 4467 1127 4537 Σωτῆρα
1152 4470 1322 4536 Λόγον
1343 4475 1427 4528 διὰ
1445 4456 1709 4533 τῶν-’κατὰ

157 4544 248 4613 τὴν
275 4549 584 4617 πρακτικὴν
610 4552 846 4620 τρόπων,
888 4554 985 4607 κᾶν
1027 4555 1272 4610 ἐπίπονοι
1314 4553 1468 4625 ὦσιν,
1510 4566 1707 4619 ἀποδε-

1765 2408 1830 2422 —

1858 2044 2063 2093 secum,
2089 2040 2258 2085 etsua
2285 2033 2456 2101 ipsius
2485 2045 2698 2104 sponte,
2730 2030 3147 2089 condemnatum
3182 2047 3293 2086 nou
3318 2046 3411 2087 co-

1847 2127 2066 2186 gnosset
2087 2138 2187 2176 nec
2211 2124 2532 2180 delictorum
2552 2142 2774 2180 suorum
2796 2127 3011 2180 veniam
3038 2124 3356 2194 rogavisset,
3375 2138 3408 2177 e

1846 2223 2014 2277 regno
2049 2212 2287 2279 ejicitur,
2323 2224 2382 2268 ut
2404 2216 2634 2281 alienus,
2659 2216 2863 2269 nullam
2888 2231 3126 2283 unquam
3148 2214 3427 2269 secivita-r

1845 2305 1952 2351 tcm
1968 2302 2084 2369 ejus
2102 2314 2445 2372 recepturum
2462 2322 2582 2359 esse
2600 2307 2779 2359 lzetum
2794 2315 3116 2377 accepturus
3130 2303 3404 2358 nuntium.

2199 2475 2320 2528 Alia
2372 2478 2426 2529 in
2469 2477 2605 2530 idem
2651 2438 3042 2555 contemplatio.

1906 2586 2083 2650 Atque
2127 2584 2325 2637 iterum
2357 2586 2497 2638 latro
2540 2587 2747 2654 probus
2776 2594 2861 2638 est
2894 2585 3011 2654 qui,
3062 2584 3229 2639 etiam
3265 2585 3311 2639 si
3344 2587 3399 2640 in

1837 2674 1956 2741 ipso
1989 2675 2207 2728 demum
2261 2676 2366 2730 line
2406 2678 2691 2745 prtesentis
2734 2677 2876 2739 vitae,
2916 2675 3067 2729 venit
3112 2677 3165 2729 in
3206 2691 3400 2745 pecca-

1835 2771 2017 2815 torum
2042 2781 2268 2818 suorum
2292 2767 2712 2833 reputationcm,
2742 2766 3155 2834 prudenterque
3182 2768 3400 2834 agnovit

1834 2853 2064 2906 verbum
2109 2855 2283 2908 divini
2330 2856 2522 2923 judicii
2572 2857 2625 2907 in
2676 2870 2733 2909 se
2787 2855 2877 2907 hic
2933 2863 3394 2917 consummatum,

1830 2942 1975 3010 quod
2007 2942 2057 2996 ei
2090 2944 2285 2997 merito
2317 2952 2437 2997 erat
2486 2943 2799 3016 deﬁnitum,
2830 2944 3035 3013 quique
3064 2944 3277 3000 sincere
3324 2960 3392 3000 ex

1826 3033 2021 3087 intimo
2064 3035 2233 3088 corde
2266 3051 2459 3090 eorum
2489 3052 2609 3105 quae
2638 3036 2937 3106 deliquerit
2966 3038 3185 3092 veniam
3231 3040 3391 3109 petit.

1822 3123 2106 3191 Improbus
2144 3133 2336 3179 contra
2392 3127 2535 3182 latro
2598 3135 2684 3182 est
2733 3128 2826 3197 qui
2868 3129 2953 3182 vel
2996 3130 3053 3182 in
3104 3129 3223 3198 ipso
3269 3131 3395 3185 vitae

1833 3214 2113 3281 prmsentis
2155 3215 2261 3269 line
2300 3216 2397 3271 Dei
2437 3216 2613 3287 legem
2651 3222 2725 3270 'ac
2777 3217 3151 3273 deﬁnitionem
3197 3220 3415 3274 anime

1833 3320 1863 3357 a
1898 3320 2126 3373 corptre
2182 3307 2518 3374 separandae.
2572 3308 2820 3377 quamvis
2867 3308 3013 3378 justo
3053 3291 3264 3377 judicio
3320 3324 3387 3362 ac

1832 3395 2111 3467 sapienter
2162 3398 2449 3460 sancitum,
2503 3398 2627 3467 vita:
2683 3413 2869 3454 amore
2934 3407 3194 3469 tanquam
3247 3399 3390 3454 male

1830 3482 2132 3538 institutam
2177 3488 2474 3555 vituperat.
3428 3472 3433 3478 Ι

2194 3747 2315 3803 Alia
2361 3752 2416 3802 in
2460 3751 2599 3803 idem
2643 3750 3031 3820 contemplatio.

1878 3856 2069 3927 'Atque
2112 3876 2302 3915 rursus
2340 3877 2463 3914 cum
2507 3872 2754 3917 nostrum
2793 3864 3171 3933 unusquisque
3201 3862 3384 3932 dupli-
3448 3904 3451 3906 .

1823 3964 1940 4003 cem
2011 3951 2212 4003 habeat
2263 3961 2537 4017 naturam,
2595 3969 2661 4007 ex
2706 3954 2883 4006 anima
2939 3964 3101 4022 atque
3155 3952 3384 4021 corpore

1820 4040 2146 4103 consistens,
2170 4041 2309 4094 latro
2329 4042 2522 4111 estqui
2551 4042 2851 4096 secundum
2881 4052 3168 4111 utramque
3191 4029 3381 4094 eorum

1817 4142 1881 4179 ex
1927 4127 2130 4195 quibus
2174 4136 2388 4181 constat
2435 4145 2535 4197 pro
2570 4128 2793 4182 alterius
2823 4138 3017 4181 natura
3061 4129 3237 4196 legem
3281 4141 3383 4195 pro

1815 4215 2022 4268 virtute
2066 4232 2191 4269 cum
2247 4218 2512 4271 Sermone
2565 4219 2792 4286 mystice
2841 4216 2991 4270 cruci
3027 4214 3282 4284 aﬂigitur,
3324 4220 3384 4270 et

1815 4306 1999 4358 carnis
2030 4304 2251 4373 quidem
2298 4308 2468 4375 legem
2520 4308 2688 4360 veluti
2740 4307 3049 4373 improbum
3080 4302 3378 4358 latronem

1813 4394 2032 4447 virtutis
2074 4395 2311 4447 sermoni
2359 4396 2720 4456 obnitentem,
2777 4396 3003 4462 spiritus
3038 4411 3170 4447 vero
3200 4395 3371 4462 legem

1812 4483 1980 4536 veluti
2009 4484 2238 4557 probum
2284 4484 2551 4536 latronem
2579 4484 2767 4546 habet,
2792 4466 2999 4551 quique
3032 4482 3371 4535 Salvatorem

1812 4573 2129 4628 Sermonem
2178 4590 2275 4642 per
2327 4575 2577 4642 practica:
2610 4574 2972 4642 phil050phia:
3020 4572 3233 4633 modos,
3270 4573 3371 4626 etsi

157 4636 399 4705 χόμενον,
474 4631 964 4711 ᾧσυνεισέρχεται
1020 4647 1263 4716 γεγηθὼς
1325 4651 1403 4711 εἷς
1456 4654 1549 4706 τὸν
1602 4658 1736 4725 τῆςη

1837 4679 2005 4733 magno
2029 4679 2153 4717 cum
2184 4664 2373 4717 labore
2403 4663 2513 4717 sint
2538 4662 2838 4733 conjuncti,
2879 4662 3095 4731 recipit,
3132 4675 3370 4729 quocum

155 4726 385 4796 εὖωχίας
424 4728 586 4781 τόπον
619 4729 712 4781 τὸν
745 4732 926 4801 πάσης
961 4738 1259 4807 κατάκορον
1302 4740 1573 4807 γνώσεως,
1609 4747 1702 4797 τοῦ

154 4818 288 4868 κατὰ
355 4816 537 4885 σάρκα
607 4819 947 4888 φρονήματος
1007 4827 1283 4891 παντελῶς
1354 4829 1703 4901 ἀπηλλαγμέ-

153 4919 254 4967 νος.

344 5112 546 5183 (249
560 5118 613 5185 υ)
649 5118 834 5183 τΑλλο
862 5119 944 5180 είς
969 5118 1034 5169 τὸ
1057 5121 1200 5172 αὐτὸ
1222 5124 1505 5193 θεώρημα.

215 5217 321 5268 Καὶ
362 5214 516 5286 αὖθις
562 5226 761 5297 λῃστής
807 5231 952 5281 ἐστιν
1010 5227 1306 5297 εὐγνώμων
1353 5236 1381 5283 ὁ
1429 5234 1699 5297 καταξιω-

142 5303 258 5389 ιθεὶς
293 5318 736 5386 συσταυρωθῆναι
763 5318 979 5387 Χριστῷ
1007 5318 1093 5371 διὰ
1124 5320 1415 5385 παντελοῦς
1448 5326 1540 5376 καὶ
1578 5325 1697 5377 ὁλο-

152 5393 348 5464 κλήρου
386 5400 491 5451 τῶν
529 5406 716 5461 παθῶν
743 5410 1078 5479 νεκρώσεως,
1099 5409 1191 5460 καὶ
1214 5410 1398 5475 δεξιῶς
1432 5416 1581 5485 αὐτῷ
1606 5435 1695 5468 συ-

1810 4755 1974 4807 simul
2044 4755 2353 4824 ingreditur
2405 4754 2562 4808 hctus
2621 4754 2675 4806 in
2735 4754 3117 4807 oblectationis
3165 4752 3371 4814 locum,

1809 4842 1957 4894 omni
2002 4841 2315 4910 cognitione
2352 4840 2633 4905 refertum,
2666 4841 2872 4895 carnali
2912 4857 3075 4895 sensu
3110 4856 3175 4894 ac
3218 4840 3371 4910 cogi-

1805 4932 2017 4985 tatione
2068 4932 2230 5000 plane
2273 4930 2558 4985 liberatus.

2188 5128 2308 5183 Alia
2337 5130 2392 5181 in
2419 5127 2555 5181 idem
2596 5128 2984 5198 contemplatio.
3041 5127 3050 5142 “

1876 5242 2048 5307 Atque
2073 5256 2262 5294 rursus
2290 5241 2432 5294 latro
2452 5240 2658 5309 probus
2687 5248 2771 5295 est
2801 5241 2846 5295 is
2873 5242 2967 5310 qui
2998 5257 3118 5296 cum
3148 5240 3368 5298 Christo

1796 5316 1958 5382 sitﬁnl
1991 5331 2141 5382 cruci
2190 5331 2329 5400 attigi
2361 5331 2561 5384 meruit
2604 5346 2702 5400 per
2745 5333 2958 5401 plenam
2990 5342 3149 5401 atque
3183 5334 3392 5401 perfer

1792 5428 1933 5472 ctam
1965 5420 2277 5487 passionum
2326 5423 2822 5486 mortiﬁcationem,
2868 5425 3069 5493 quique
3118 5425 3186 5477 ad
3229 5425 3363 5479 dex-

152 5487 562 5554 σταυρούμενος.
611 5499 855 5551 τουτέστι
915 5500 1049 5569 μετὰ
1094 5498 1251 5565 λόγου
1303 5505 1394 5554 καὶ
1441 5506 1693 5571 γνώσεως

1837 5526 1928 5563 'am
1958 5512 2077 5579 ejus
2108 5520 2194 5565 cst
2223 5515 2369 5566 cruci
2402 5513 2594 5584 allixus
2624 5525 2683 5579 σι,
2716 5516 2825 5571 hoc
2860 5522 2943 5569 est
2972 5514 3062 5581 qui
3100 5529 3222 5567 cum
3269 5532 3355 5570 ra-

151 5574 324 5626 πᾶσαν
354 5578 561 5642 διεξιὼν
590 5583 809 5656 ἀρετὴν,
853 5590 943 5643 καὶ
980 5589 1325 5659 ἀπρόσκοπον
1380 5596 1543 5647 πᾶσιν
1600 5600 1686 5652 ἁν-

1837 5616 1934 5655 ouc
1966 5609 2020 5654 et
2056 5601 2367 5670 cognitione
2417 5620 2637 5659 omnem
2681 5604 3025 5676 persequitur
3072 5604 3355 5674 virtutem,

211 5736 249 5811 -λ
275 5725 411 5782 ibid.
444 5733 530 5785 se.
