  <div class='ocr_page' id='page_1' title='image "/cluster/home/n/w/nwhite01/storage/ocr_20150623/91/pst.000005712977/730.png"; bbox 0 0 4030 6338; ppageno 0'>
   <div class='ocr_carea' id='block_1_1' title="bbox 202 457 323 524">
    <p class='ocr_par' dir='ltr' id='par_1_1' title="bbox 202 457 323 524">
     <span class='ocr_line' id='line_1_1' title="bbox 202 457 323 524; baseline -0.008 -2"><span class='ocrx_word' id='word_1_1' title='bbox 202 457 323 524; x_wconf 78' lang='grc'><strong>1381</strong></span> 
     </span>
    </p>
   </div>
   <div class='ocr_carea' id='block_1_2' title="bbox 1419 453 2222 540">
    <p class='ocr_par' dir='ltr' id='par_1_2' title="bbox 1419 453 2222 540">
     <span class='ocr_line' id='line_1_2' title="bbox 1419 453 2222 540; baseline 0.004 -30"><span class='ocrx_word' id='word_1_2' title='bbox 1419 453 1657 540; x_wconf 72' lang='grc' dir='ltr'><strong>ᾼΜΒΙῧ</strong></span> <span class='ocrx_word' id='word_1_3' title='bbox 1669 453 1934 513; x_wconf 76' lang='lat' dir='ltr'><strong>UORUM</strong></span> <span class='ocrx_word' id='word_1_4' title='bbox 1975 455 2222 513; x_wconf 81' lang='lat' dir='ltr'><strong>LIBER.</strong></span> 
     </span>
    </p>
   </div>
   <div class='ocr_carea' id='block_1_3' title="bbox 3267 456 3410 528">
    <p class='ocr_par' dir='ltr' id='par_1_3' title="bbox 3267 456 3410 528">
     <span class='ocr_line' id='line_1_3' title="bbox 3267 456 3410 528; baseline 0.063 -9"><span class='ocrx_word' id='word_1_5' title='bbox 3267 456 3410 528; x_wconf 76' lang='grc'><strong>1582</strong></span> 
     </span>
    </p>
   </div>
   <div class='ocr_carea' id='block_1_4' title="bbox 193 561 1756 638">
    <p class='ocr_par' dir='ltr' id='par_1_4' title="bbox 193 561 1743 638">
     <span class='ocr_line' id='line_1_4' title="bbox 193 561 1743 638; baseline -0.01 -15"><span class='ocrx_word' id='word_1_6' title='bbox 193 571 282 623; x_wconf 75' lang='grc' dir='ltr'><strong>καὶ</strong></span> <span class='ocrx_word' id='word_1_7' title='bbox 304 568 401 638; x_wconf 81' lang='grc' dir='ltr'><strong>τὴν</strong></span> <span class='ocrx_word' id='word_1_8' title='bbox 431 568 494 619; x_wconf 74' lang='grc' dir='ltr'><strong>ἐκ</strong></span> <span class='ocrx_word' id='word_1_9' title='bbox 529 564 732 634; x_wconf 81' lang='grc' dir='ltr'><strong>ταύτης</strong></span> <span class='ocrx_word' id='word_1_10' title='bbox 775 561 1051 634; x_wconf 85' lang='grc' dir='ltr'><strong>ἀκραιφνῆ</strong></span> <span class='ocrx_word' id='word_1_11' title='bbox 1083 561 1427 632; x_wconf 76' lang='grc' dir='ltr'><strong>καθαρότητα</strong></span> <span class='ocrx_word' id='word_1_12' title='bbox 1475 561 1572 630; x_wconf 83' lang='grc' dir='ltr'><strong>τῆς</strong></span> <span class='ocrx_word' id='word_1_13' title='bbox 1606 578 1743 630; x_wconf 67' lang='grc' dir='ltr'><strong>καρτ</strong></span> 
     </span>
    </p>
   </div>
   <div class='ocr_carea' id='block_1_5' title="bbox 1859 561 3416 638">
    <p class='ocr_par' dir='ltr' id='par_1_5' title="bbox 1859 562 3416 631">
     <span class='ocr_line' id='line_1_5' title="bbox 1859 562 3416 631; baseline 0.001 -17"><span class='ocrx_word' id='word_1_14' title='bbox 1859 570 2010 630; x_wconf 71' lang='lat' dir='ltr'><strong>atque</strong></span> <span class='ocrx_word' id='word_1_15' title='bbox 2059 577 2250 631; x_wconf 85' lang='lat' dir='ltr'><strong>puram</strong></span> <span class='ocrx_word' id='word_1_16' title='bbox 2298 562 2483 616; x_wconf 85' lang='lat' dir='ltr'><strong>cordis</strong></span> <span class='ocrx_word' id='word_1_17' title='bbox 2526 562 2653 616; x_wconf 87' lang='lat' dir='ltr'><strong>inde</strong></span> <span class='ocrx_word' id='word_1_18' title='bbox 2691 562 3065 616; x_wconf 69' lang='lat' dir='ltr'><strong>sinceritatem</strong></span> <span class='ocrx_word' id='word_1_19' title='bbox 3112 579 3141 618; x_wconf 88' lang='lat' dir='ltr'><strong>a</strong></span> <span class='ocrx_word' id='word_1_20' title='bbox 3185 565 3416 620; x_wconf 88' lang='lat' dir='ltr'><strong>Domino</strong></span> 
     </span>
    </p>
   </div>
   <div class='ocr_carea' id='block_1_6' title="bbox 192 652 1748 726">
    <p class='ocr_par' dir='ltr' id='par_1_6' title="bbox 192 652 1748 726">
     <span class='ocr_line' id='line_1_6' title="bbox 192 652 1748 726; baseline -0.004 -15"><span class='ocrx_word' id='word_1_21' title='bbox 192 659 302 720; x_wconf 74' lang='grc' dir='ltr'><strong>δίας</strong></span> <span class='ocrx_word' id='word_1_22' title='bbox 327 655 690 726; x_wconf 74' lang='grc' dir='ltr'><strong>ἀγαπώμενος</strong></span> <span class='ocrx_word' id='word_1_23' title='bbox 718 653 797 723; x_wconf 81' lang='grc' dir='ltr'><strong>τῷ</strong></span> <span class='ocrx_word' id='word_1_24' title='bbox 827 654 1004 724; x_wconf 88' lang='grc' dir='ltr'><strong>Λόγῳ,</strong></span> <span class='ocrx_word' id='word_1_25' title='bbox 1041 655 1132 706; x_wconf 79' lang='grc' dir='ltr'><strong>καὶ</strong></span> <span class='ocrx_word' id='word_1_26' title='bbox 1190 652 1280 705; x_wconf 81' lang='grc' dir='ltr'><strong>διὰ</strong></span> <span class='ocrx_word' id='word_1_27' title='bbox 1305 652 1463 705; x_wconf 77' lang='grc' dir='ltr'><strong>τοῦτο</strong></span> <span class='ocrx_word' id='word_1_28' title='bbox 1497 653 1621 714; x_wconf 81' lang='grc' dir='ltr'><strong>τοὺς</strong></span> <span class='ocrx_word' id='word_1_29' title='bbox 1648 653 1748 719; x_wconf 77' lang='grc' dir='ltr'><strong>τῆς</strong></span> 
     </span>
    </p>
   </div>
   <div class='ocr_carea' id='block_1_7' title="bbox 192 743 1747 817">
    <p class='ocr_par' dir='ltr' id='par_1_7' title="bbox 192 743 1747 817">
     <span class='ocr_line' id='line_1_7' title="bbox 192 743 1747 817; baseline -0.005 -18"><span class='ocrx_word' id='word_1_30' title='bbox 192 747 377 817; x_wconf 76' lang='grc' dir='ltr'><strong>σοφίας</strong></span> <span class='ocrx_word' id='word_1_31' title='bbox 423 747 518 799; x_wconf 79' lang='grc' dir='ltr'><strong>καὶ</strong></span> <span class='ocrx_word' id='word_1_32' title='bbox 557 746 656 813; x_wconf 83' lang='grc' dir='ltr'><strong>τῆς</strong></span> <span class='ocrx_word' id='word_1_33' title='bbox 700 743 953 812; x_wconf 81' lang='grc' dir='ltr'><strong>γνώσεως</strong></span> <span class='ocrx_word' id='word_1_34' title='bbox 1001 743 1308 810; x_wconf 75' lang='grc' dir='ltr'><strong>θησαυροὺς</strong></span> <span class='ocrx_word' id='word_1_35' title='bbox 1339 743 1747 812; x_wconf 79' lang='grc' dir='ltr'><strong>πιστευόμενος,</strong></span> 
     </span>
    </p>
   </div>
   <div class='ocr_carea' id='block_1_8' title="bbox 191 828 1799 905">
    <p class='ocr_par' dir='ltr' id='par_1_8' title="bbox 191 828 1799 905">
     <span class='ocr_line' id='line_1_8' title="bbox 191 828 1799 905; baseline -0.006 -16"><span class='ocrx_word' id='word_1_36' title='bbox 191 838 280 890; x_wconf 69' lang='grc' dir='ltr'><strong>καὶ</strong></span> <span class='ocrx_word' id='word_1_37' title='bbox 312 837 381 904; x_wconf 77' lang='grc' dir='ltr'><strong>τῇ</strong></span> <span class='ocrx_word' id='word_1_38' title='bbox 399 835 499 888; x_wconf 77' lang='grc' dir='ltr'><strong>’ἐπὶ</strong></span> <span class='ocrx_word' id='word_1_39' title='bbox 529 834 589 886; x_wconf 82' lang='grc' dir='ltr'><strong>τὺ</strong></span> <span class='ocrx_word' id='word_1_40' title='bbox 620 833 816 902; x_wconf 78' lang='grc' dir='ltr'><strong>στῆθος</strong></span> <span class='ocrx_word' id='word_1_41' title='bbox 848 831 1161 885; x_wconf 84' lang='grc' dir='ltr'><strong>ἀναπτώσει</strong></span> <span class='ocrx_word' id='word_1_42' title='bbox 1189 831 1247 896; x_wconf 78' lang='grc' dir='ltr'>ἐξ</span> <span class='ocrx_word' id='word_1_43' title='bbox 1263 831 1432 900; x_wconf 76' lang='grc' dir='ltr'><strong>αὐτῆς</strong></span> <span class='ocrx_word' id='word_1_44' title='bbox 1450 828 1545 882; x_wconf 81' lang='grc' dir='ltr'><strong>τοῦ</strong></span> <span class='ocrx_word' id='word_1_45' title='bbox 1575 829 1748 905; x_wconf 82' lang='grc' dir='ltr'><strong>Λόγου</strong></span> <span class='ocrx_word' id='word_1_46' title='bbox 1777 835 1799 840; x_wconf 78' lang='grc'><em>”</em></span> 
     </span>
    </p>
   </div>
   <div class='ocr_carea' id='block_1_9' title="bbox 189 909 1748 995">
    <p class='ocr_par' dir='ltr' id='par_1_9' title="bbox 189 909 1748 995">
     <span class='ocr_line' id='line_1_9' title="bbox 189 909 1748 995; baseline -0.004 -17"><span class='ocrx_word' id='word_1_47' title='bbox 189 926 282 995; x_wconf 80' lang='grc' dir='ltr'><strong>τῆς</strong></span> <span class='ocrx_word' id='word_1_48' title='bbox 304 925 542 995; x_wconf 80' lang='grc' dir='ltr'><strong>κρυφὶας</strong></span> <span class='ocrx_word' id='word_1_49' title='bbox 576 923 828 994; x_wconf 87' lang='grc' dir='ltr'><strong>θεότητος</strong></span> <span class='ocrx_word' id='word_1_50' title='bbox 859 925 959 992; x_wconf 76' lang='grc' dir='ltr'><strong>τὴν</strong></span> <span class='ocrx_word' id='word_1_51' title='bbox 1003 921 1102 990; x_wconf 87' lang='grc' dir='ltr'><strong>τῆς</strong></span> <span class='ocrx_word' id='word_1_52' title='bbox 1136 909 1409 987; x_wconf 71' lang='grc' dir='ltr'><strong>θεολογίας</strong></span> <span class='ocrx_word' id='word_1_53' title='bbox 1440 922 1748 989; x_wconf 85' lang='grc' dir='ltr'><strong>κομισάμε-</strong></span> 
     </span>
    </p>
   </div>
   <div class='ocr_carea' id='block_1_10' title="bbox 190 1003 1747 1083">
    <p class='ocr_par' dir='ltr' id='par_1_10' title="bbox 190 1003 1747 1083">
     <span class='ocr_line' id='line_1_10' title="bbox 190 1003 1747 1083; baseline -0.006 -16"><span class='ocrx_word' id='word_1_54' title='bbox 190 1032 273 1078; x_wconf 84' lang='grc' dir='ltr'><strong>νος</strong></span> <span class='ocrx_word' id='word_1_55' title='bbox 294 1015 542 1083; x_wconf 85' lang='grc' dir='ltr'><strong>δύναμιν.</strong></span> <span class='ocrx_word' id='word_1_56' title='bbox 591 1011 986 1081; x_wconf 77' lang='grc' dir='ltr'><strong>Ἀντιτρὲχουσι</strong></span> <span class='ocrx_word' id='word_1_57' title='bbox 1012 1011 1070 1063; x_wconf 81' lang='grc' dir='ltr'><strong>δὲ</strong></span> <span class='ocrx_word' id='word_1_58' title='bbox 1111 1009 1362 1078; x_wconf 74' lang='grc' dir='ltr'><strong>ἀλλήλοις</strong></span> <span class='ocrx_word' id='word_1_59' title='bbox 1393 1003 1559 1071; x_wconf 74' lang='grc' dir='ltr'><strong>οὗτοι,</strong></span> <span class='ocrx_word' id='word_1_60' title='bbox 1590 1011 1619 1060; x_wconf 84' lang='grc' dir='ltr'><strong>ὁ</strong></span> <span class='ocrx_word' id='word_1_61' title='bbox 1649 1009 1747 1076; x_wconf 82' lang='grc' dir='ltr'><strong>μὲν</strong></span> 
     </span>
    </p>
   </div>
   <div class='ocr_carea' id='block_1_11' title="bbox 191 1098 1746 1173">
    <p class='ocr_par' dir='ltr' id='par_1_11' title="bbox 191 1098 1746 1173">
     <span class='ocr_line' id='line_1_11' title="bbox 191 1098 1746 1173; baseline -0.006 -15"><span class='ocrx_word' id='word_1_62' title='bbox 191 1102 326 1158; x_wconf 74' lang='grc' dir='ltr'><strong>κατά</strong></span> <span class='ocrx_word' id='word_1_63' title='bbox 353 1104 452 1172; x_wconf 79' lang='grc' dir='ltr'><strong>τὴν</strong></span> <span class='ocrx_word' id='word_1_64' title='bbox 489 1104 743 1173; x_wconf 79' lang='grc' dir='ltr'><strong>ἐνάρετον</strong></span> <span class='ocrx_word' id='word_1_65' title='bbox 787 1101 987 1172; x_wconf 80' lang='grc' dir='ltr'><strong>πρᾶξιν</strong></span> <span class='ocrx_word' id='word_1_66' title='bbox 1024 1102 1123 1170; x_wconf 79' lang='grc' dir='ltr'><strong>τὴν</strong></span> <span class='ocrx_word' id='word_1_67' title='bbox 1152 1100 1243 1153; x_wconf 80' lang='grc' dir='ltr'><strong>τοῦ</strong></span> <span class='ocrx_word' id='word_1_68' title='bbox 1275 1101 1463 1168; x_wconf 79' lang='grc' dir='ltr'><strong>ἑτέρου</strong></span> <span class='ocrx_word' id='word_1_69' title='bbox 1512 1098 1746 1168; x_wconf 76' lang='grc' dir='ltr'><strong>θεωρίαν</strong></span> 
     </span>
    </p>
   </div>
   <div class='ocr_carea' id='block_1_12' title="bbox 121 1187 1748 1262">
    <p class='ocr_par' dir='ltr' id='par_1_12' title="bbox 121 1187 1748 1262">
     <span class='ocr_line' id='line_1_12' title="bbox 121 1187 1748 1262; baseline -0.005 -16"><span class='ocrx_word' id='word_1_70' title='bbox 121 1249 125 1252; x_wconf 64' lang='grc'><strong>,</strong></span> <span class='ocrx_word' id='word_1_71' title='bbox 189 1195 403 1262; x_wconf 69' lang='grc' dir='ltr'><strong>νικῆσαι</strong></span> <span class='ocrx_word' id='word_1_72' title='bbox 441 1190 782 1261; x_wconf 78' lang='grc' dir='ltr'><strong>φιλονεικῶν,</strong></span> <span class='ocrx_word' id='word_1_73' title='bbox 827 1193 855 1242; x_wconf 86' lang='grc' dir='ltr'><strong>ό</strong></span> <span class='ocrx_word' id='word_1_74' title='bbox 893 1191 949 1243; x_wconf 78' lang='grc' dir='ltr'><strong>δὲ</strong></span> <span class='ocrx_word' id='word_1_75' title='bbox 979 1190 1118 1243; x_wconf 73' lang='grc' dir='ltr'><strong>κατὰ</strong></span> <span class='ocrx_word' id='word_1_76' title='bbox 1148 1189 1247 1259; x_wconf 82' lang='grc' dir='ltr'><strong>τὴν</strong></span> <span class='ocrx_word' id='word_1_77' title='bbox 1281 1187 1584 1257; x_wconf 81' lang='grc' dir='ltr'><strong>γνωστικὴν</strong></span> <span class='ocrx_word' id='word_1_78' title='bbox 1615 1187 1748 1239; x_wconf 83' lang='grc' dir='ltr'><strong>θεω-</strong></span> 
     </span>
    </p>
   </div>
   <div class='ocr_carea' id='block_1_13' title="bbox 191 1277 1745 1351">
    <p class='ocr_par' dir='ltr' id='par_1_13' title="bbox 191 1277 1745 1351">
     <span class='ocr_line' id='line_1_13' title="bbox 191 1277 1745 1351; baseline -0.002 -18"><span class='ocrx_word' id='word_1_79' title='bbox 191 1279 434 1351; x_wconf 78' lang='grc' dir='ltr'><strong>ρεαν“τὴν</strong></span> <span class='ocrx_word' id='word_1_80' title='bbox 457 1281 652 1350; x_wconf 77' lang='grc' dir='ltr'><strong>πρᾶξιν</strong></span> <span class='ocrx_word' id='word_1_81' title='bbox 671 1279 764 1333; x_wconf 79' lang='grc' dir='ltr'><strong>τοῦ</strong></span> <span class='ocrx_word' id='word_1_82' title='bbox 783 1280 942 1334; x_wconf 81' lang='grc' dir='ltr'><strong>ἄλλου</strong></span> <span class='ocrx_word' id='word_1_83' title='bbox 967 1280 1344 1348; x_wconf 80' lang='grc' dir='ltr'><strong>παραδραμεῖν</strong></span> <span class='ocrx_word' id='word_1_84' title='bbox 1373 1277 1745 1346; x_wconf 79' lang='grc' dir='ltr'><strong>ἐπειγόμενος.</strong></span> 
     </span>
    </p>
   </div>
   <div class='ocr_carea' id='block_1_14' title="bbox 191 1350 1749 1446">
    <p class='ocr_par' dir='ltr' id='par_1_14' title="bbox 191 1350 1749 1446">
     <span class='ocr_line' id='line_1_14' title="bbox 191 1350 1749 1446; baseline -0.004 -22"><span class='ocrx_word' id='word_1_85' title='bbox 191 1371 624 1446; x_wconf 72' lang='grc' dir='ltr'><strong>Συντρέχουσιδὲ</strong></span> <span class='ocrx_word' id='word_1_86' title='bbox 658 1370 802 1423; x_wconf 77' lang='grc' dir='ltr'><strong>κατὰ</strong></span> <span class='ocrx_word' id='word_1_87' title='bbox 839 1370 937 1438; x_wconf 72' lang='grc' dir='ltr'><strong>τὴν</strong></span> <span class='ocrx_word' id='word_1_88' title='bbox 972 1369 1226 1440; x_wconf 80' lang='grc' dir='ltr'>πρόθεσιν</span> <span class='ocrx_word' id='word_1_89' title='bbox 1263 1350 1532 1437; x_wconf 59' lang='grc' dir='ltr'><strong>ἀλληλοις,</strong></span> <span class='ocrx_word' id='word_1_90' title='bbox 1560 1367 1749 1420; x_wconf 76' lang='grc' dir='ltr'><strong>ἑκάτε-</strong></span> 
     </span>
    </p>
   </div>
   <div class='ocr_carea' id='block_1_15' title="bbox 189 1455 1750 1529">
    <p class='ocr_par' dir='ltr' id='par_1_15' title="bbox 189 1455 1750 1529">
     <span class='ocr_line' id='line_1_15' title="bbox 189 1455 1750 1529; baseline -0.004 -17"><span class='ocrx_word' id='word_1_91' title='bbox 189 1475 277 1529; x_wconf 86' lang='grc' dir='ltr'><strong>ρος</strong></span> <span class='ocrx_word' id='word_1_92' title='bbox 303 1459 444 1512; x_wconf 80' lang='grc' dir='ltr'><strong>κατὰ</strong></span> <span class='ocrx_word' id='word_1_93' title='bbox 465 1459 528 1510; x_wconf 72' lang='grc' dir='ltr'><strong>τὸ</strong></span> <span class='ocrx_word' id='word_1_94' title='bbox 561 1459 675 1511; x_wconf 73' lang='grc' dir='ltr'><strong>ἴσον</strong></span> <span class='ocrx_word' id='word_1_95' title='bbox 719 1459 847 1528; x_wconf 74' lang='grc' dir='ltr'><strong>περὶ</strong></span> <span class='ocrx_word' id='word_1_96' title='bbox 871 1457 930 1511; x_wconf 82' lang='grc' dir='ltr'><strong>τὺ</strong></span> <span class='ocrx_word' id='word_1_97' title='bbox 977 1460 1176 1511; x_wconf 81' lang='grc' dir='ltr'><strong>οἰκεῖον</strong></span> <span class='ocrx_word' id='word_1_98' title='bbox 1218 1455 1420 1525; x_wconf 78' lang='grc' dir='ltr'><strong>ἀγαθὸν</strong></span> <span class='ocrx_word' id='word_1_99' title='bbox 1465 1455 1750 1524; x_wconf 82' lang='grc' dir='ltr'><strong>εύοδούμε-</strong></span> 
     </span>
    </p>
   </div>
   <div class='ocr_carea' id='block_1_16' title="bbox 189 1565 292 1611">
    <p class='ocr_par' dir='ltr' id='par_1_16' title="bbox 189 1565 292 1611">
     <span class='ocr_line' id='line_1_16' title="bbox 189 1565 292 1611; baseline 0 -8"><span class='ocrx_word' id='word_1_100' title='bbox 189 1565 292 1611; x_wconf 81' lang='grc' dir='ltr'><strong>νος.</strong></span> 
     </span>
    </p>
   </div>
   <div class='ocr_carea' id='block_1_17' title="bbox 447 1722 1498 1794">
    <p class='ocr_par' dir='ltr' id='par_1_17' title="bbox 447 1722 1498 1794">
     <span class='ocr_line' id='line_1_17' title="bbox 447 1722 1498 1794; baseline -0.005 -14"><span class='ocrx_word' id='word_1_101' title='bbox 447 1727 638 1780; x_wconf 72' lang='grc' dir='ltr'><strong>Ἀλλο</strong></span> <span class='ocrx_word' id='word_1_102' title='bbox 672 1725 941 1793; x_wconf 79' lang='grc' dir='ltr'><strong>θεώρημα</strong></span> <span class='ocrx_word' id='word_1_103' title='bbox 968 1727 1056 1791; x_wconf 66' lang='grc' dir='ltr'><strong>εἰς</strong></span> <span class='ocrx_word' id='word_1_104' title='bbox 1086 1723 1226 1787; x_wconf 87' lang='grc' dir='ltr'><strong>τοὺς</strong></span> <span class='ocrx_word' id='word_1_105' title='bbox 1254 1722 1498 1794; x_wconf 31' lang='grc' dir='ltr'><strong>αὐτούς..</strong></span> 
     </span>
    </p>
   </div>
   <div class='ocr_carea' id='block_1_18' title="bbox 254 1832 1758 1907">
    <p class='ocr_par' dir='ltr' id='par_1_18' title="bbox 254 1832 1758 1907">
     <span class='ocr_line' id='line_1_18' title="bbox 254 1832 1758 1907; baseline -0.006 -16"><span class='ocrx_word' id='word_1_106' title='bbox 254 1839 458 1907; x_wconf 77' lang='grc' dir='ltr'><strong>Πέτρος</strong></span> <span class='ocrx_word' id='word_1_107' title='bbox 502 1838 560 1890; x_wconf 82' lang='grc' dir='ltr'><strong>δέ</strong></span> <span class='ocrx_word' id='word_1_108' title='bbox 600 1839 714 1890; x_wconf 76' lang='grc' dir='ltr'><strong>ἐστι</strong></span> <span class='ocrx_word' id='word_1_109' title='bbox 765 1836 945 1899; x_wconf 85' lang='grc' dir='ltr'><strong>πάλιν,</strong></span> <span class='ocrx_word' id='word_1_110' title='bbox 983 1835 1385 1903; x_wconf 76' lang='grc' dir='ltr'><strong>καὶ-Ἰωάννης,</strong></span> <span class='ocrx_word' id='word_1_111' title='bbox 1419 1833 1648 1893; x_wconf 75' lang='grc' dir='ltr'><strong>ἕκαστος</strong></span> <span class='ocrx_word' id='word_1_112' title='bbox 1671 1832 1758 1884; x_wconf 83' lang='grc' dir='ltr'><strong>ἄν-</strong></span> 
     </span>
    </p>
   </div>
   <div class='ocr_carea' id='block_1_19' title="bbox 1854 652 3420 723">
    <p class='ocr_par' dir='ltr' id='par_1_19' title="bbox 1854 652 3420 723">
     <span class='ocr_line' id='line_1_19' title="bbox 1854 652 3420 723; baseline 0.001 -18"><span class='ocrx_word' id='word_1_113' title='bbox 1854 652 2128 721; x_wconf 78' lang='lat' dir='ltr'><strong>diligitur,</strong></span> <span class='ocrx_word' id='word_1_114' title='bbox 2179 654 2376 722; x_wconf 89' lang='lat' dir='ltr'><strong>cuique</strong></span> <span class='ocrx_word' id='word_1_115' title='bbox 2425 661 2715 721; x_wconf 81' lang='lat' dir='ltr'><strong>propterea</strong></span> <span class='ocrx_word' id='word_1_116' title='bbox 2761 653 3001 707; x_wconf 90' lang='lat' dir='ltr'><strong>thesauri</strong></span> <span class='ocrx_word' id='word_1_117' title='bbox 3045 655 3322 723; x_wconf 62' lang='lat' dir='ltr'><strong>sapientiae</strong></span> <span class='ocrx_word' id='word_1_118' title='bbox 3362 665 3420 710; x_wconf 92' lang='lat' dir='ltr'><strong>et</strong></span> 
     </span>
    </p>
   </div>
   <div class='ocr_carea' id='block_1_20' title="bbox 1853 740 3420 810">
    <p class='ocr_par' dir='ltr' id='par_1_20' title="bbox 1853 740 3420 810">
     <span class='ocr_line' id='line_1_20' title="bbox 1853 740 3420 810; baseline 0.004 -19"><span class='ocrx_word' id='word_1_119' title='bbox 1853 740 2181 808; x_wconf 74' lang='lat' dir='ltr'><strong>cognitionis</strong></span> <span class='ocrx_word' id='word_1_120' title='bbox 2202 750 2328 793; x_wconf 84' lang='lat' dir='ltr'><strong>sunt</strong></span> <span class='ocrx_word' id='word_1_121' title='bbox 2351 741 2566 805; x_wconf 88' lang='lat' dir='ltr'><strong>crediti,</strong></span> <span class='ocrx_word' id='word_1_122' title='bbox 2589 751 2647 796; x_wconf 88' lang='lat' dir='ltr'><strong>et</strong></span> <span class='ocrx_word' id='word_1_123' title='bbox 2672 741 2766 809; x_wconf 85' lang='lat' dir='ltr'><strong>qui</strong></span> <span class='ocrx_word' id='word_1_124' title='bbox 2791 741 2858 795; x_wconf 88' lang='lat' dir='ltr'><strong>ad</strong></span> <span class='ocrx_word' id='word_1_125' title='bbox 2886 752 3076 810; x_wconf 86' lang='lat' dir='ltr'><strong>peetus</strong></span> <span class='ocrx_word' id='word_1_126' title='bbox 3102 744 3420 797; x_wconf 87' lang='lat' dir='ltr'><strong>reclinando</strong></span> 
     </span>
    </p>
   </div>
   <div class='ocr_carea' id='block_1_21' title="bbox 1834 831 3421 904">
    <p class='ocr_par' dir='ltr' id='par_1_21' title="bbox 1834 831 3421 904">
     <span class='ocr_line' id='line_1_21' title="bbox 1834 831 3421 904; baseline 0.004 -22"><span class='ocrx_word' id='word_1_127' title='bbox 1834 845 1920 888; x_wconf 77' lang='lat' dir='ltr'><strong>ex</strong></span> <span class='ocrx_word' id='word_1_128' title='bbox 1960 831 2074 898; x_wconf 89' lang='lat' dir='ltr'><strong>ipsa</strong></span> <span class='ocrx_word' id='word_1_129' title='bbox 2108 831 2387 886; x_wconf 83' lang='lat' dir='ltr'><strong>Sermonis</strong></span> <span class='ocrx_word' id='word_1_130' title='bbox 2427 833 2638 886; x_wconf 88' lang='lat' dir='ltr'><strong>occulta</strong></span> <span class='ocrx_word' id='word_1_131' title='bbox 2670 832 2954 887; x_wconf 81' lang='lat' dir='ltr'><strong>divinitate</strong></span> <span class='ocrx_word' id='word_1_132' title='bbox 2993 834 3278 904; x_wconf 69' lang='lat' dir='ltr'><strong>theologia:</strong></span> <span class='ocrx_word' id='word_1_133' title='bbox 3308 836 3421 889; x_wconf 86' lang='lat' dir='ltr'><strong>vir-</strong></span> 
     </span>
    </p>
   </div>
   <div class='ocr_carea' id='block_1_22' title="bbox 1857 920 3420 988">
    <p class='ocr_par' dir='ltr' id='par_1_22' title="bbox 1857 920 3420 988">
     <span class='ocr_line' id='line_1_22' title="bbox 1857 920 3420 988; baseline 0.004 -16"><span class='ocrx_word' id='word_1_134' title='bbox 1857 927 2027 974; x_wconf 90' lang='lat' dir='ltr'><strong>tutem</strong></span> <span class='ocrx_word' id='word_1_135' title='bbox 2049 921 2234 975; x_wconf 80' lang='lat' dir='ltr'><strong>refert.</strong></span> <span class='ocrx_word' id='word_1_136' title='bbox 2263 920 2572 976; x_wconf 86' lang='lat' dir='ltr'><strong>Occurrunt</strong></span> <span class='ocrx_word' id='word_1_137' title='bbox 2590 932 2770 976; x_wconf 87' lang='lat' dir='ltr'><strong>autem</strong></span> <span class='ocrx_word' id='word_1_138' title='bbox 2799 923 2852 976; x_wconf 94' lang='lat' dir='ltr'><strong>hi</strong></span> <span class='ocrx_word' id='word_1_139' title='bbox 2881 923 2982 976; x_wconf 84' lang='lat' dir='ltr'><strong>sibi</strong></span> <span class='ocrx_word' id='word_1_140' title='bbox 3011 923 3266 988; x_wconf 88' lang='lat' dir='ltr'><strong>invicem,</strong></span> <span class='ocrx_word' id='word_1_141' title='bbox 3288 927 3420 979; x_wconf 90' lang='lat' dir='ltr'><strong>dum</strong></span> 
     </span>
    </p>
   </div>
   <div class='ocr_carea' id='block_1_23' title="bbox 1853 1009 3499 1085">
    <p class='ocr_par' dir='ltr' id='par_1_23' title="bbox 1853 1009 3499 1085">
     <span class='ocr_line' id='line_1_23' title="bbox 1853 1009 3499 1085; baseline 0.004 -23"><span class='ocrx_word' id='word_1_142' title='bbox 1853 1009 1944 1063; x_wconf 91' lang='lat' dir='ltr'><strong>bie</strong></span> <span class='ocrx_word' id='word_1_143' title='bbox 1977 1011 2274 1065; x_wconf 87' lang='lat' dir='ltr'><strong>secundum</strong></span> <span class='ocrx_word' id='word_1_144' title='bbox 2307 1012 2576 1085; x_wconf 77' lang='lat' dir='ltr'><strong>actionem</strong></span> <span class='ocrx_word' id='word_1_145' title='bbox 2610 1014 2811 1066; x_wconf 89' lang='lat' dir='ltr'><strong>virtute</strong></span> <span class='ocrx_word' id='word_1_146' title='bbox 2859 1014 3158 1067; x_wconf 80' lang='lat' dir='ltr'><strong>institutam</strong></span> <span class='ocrx_word' id='word_1_147' title='bbox 3192 1015 3420 1068; x_wconf 83' lang='lat' dir='ltr'><strong>alterius</strong></span> <span class='ocrx_word' id='word_1_148' title='bbox 3496 1074 3499 1077; x_wconf 96' lang='lat'><em>_</em></span> 
     </span>
    </p>
   </div>
   <div class='ocr_carea' id='block_1_24' title="bbox 1852 1100 3418 1175">
    <p class='ocr_par' dir='ltr' id='par_1_24' title="bbox 1852 1100 3418 1175">
     <span class='ocr_line' id='line_1_24' title="bbox 1852 1100 3418 1175; baseline 0.004 -25"><span class='ocrx_word' id='word_1_149' title='bbox 1852 1100 2365 1167; x_wconf 82' lang='lat' dir='ltr'><strong>contemplationem</strong></span> <span class='ocrx_word' id='word_1_150' title='bbox 2409 1101 2651 1175; x_wconf 70' lang='lat' dir='ltr'><strong>vincere</strong></span> <span class='ocrx_word' id='word_1_151' title='bbox 2691 1100 2926 1165; x_wconf 37' lang='lat' dir='ltr'><strong>studet,“</strong></span> <span class='ocrx_word' id='word_1_152' title='bbox 2973 1103 3063 1155; x_wconf 89' lang='lat' dir='ltr'><strong>ille</strong></span> <span class='ocrx_word' id='word_1_153' title='bbox 3118 1104 3418 1157; x_wconf 90' lang='lat' dir='ltr'><strong>secundum</strong></span> 
     </span>
    </p>
   </div>
   <div class='ocr_carea' id='block_1_25' title="bbox 1852 1189 3420 1258">
    <p class='ocr_par' dir='ltr' id='par_1_25' title="bbox 1852 1189 3420 1258">
     <span class='ocr_line' id='line_1_25' title="bbox 1852 1189 3420 1258; baseline 0.004 -17"><span class='ocrx_word' id='word_1_154' title='bbox 1852 1189 2151 1257; x_wconf 78' lang='lat' dir='ltr'><strong>gnosticam</strong></span> <span class='ocrx_word' id='word_1_155' title='bbox 2183 1191 2697 1258; x_wconf 83' lang='lat' dir='ltr'><strong>contemplationem</strong></span> <span class='ocrx_word' id='word_1_156' title='bbox 2735 1193 2960 1247; x_wconf 85' lang='lat' dir='ltr'><strong>alterius</strong></span> <span class='ocrx_word' id='word_1_157' title='bbox 3003 1195 3272 1248; x_wconf 88' lang='lat' dir='ltr'><strong>actionem</strong></span> <span class='ocrx_word' id='word_1_158' title='bbox 3319 1211 3420 1248; x_wconf 81' lang='lat' dir='ltr'><strong>au—</strong></span> 
     </span>
    </p>
   </div>
   <div class='ocr_carea' id='block_1_26' title="bbox 1854 1279 3417 1348">
    <p class='ocr_par' dir='ltr' id='par_1_26' title="bbox 1854 1279 3417 1348">
     <span class='ocr_line' id='line_1_26' title="bbox 1854 1279 3417 1348; baseline 0.005 -18"><span class='ocrx_word' id='word_1_159' title='bbox 1854 1287 2124 1332; x_wconf 81' lang='lat' dir='ltr'><strong>tevertere</strong></span> <span class='ocrx_word' id='word_1_160' title='bbox 2169 1289 2444 1348; x_wconf 86' lang='lat' dir='ltr'><strong>properat.</strong></span> <span class='ocrx_word' id='word_1_161' title='bbox 2475 1279 2822 1336; x_wconf 84' lang='lat' dir='ltr'><strong>Concurrunt</strong></span> <span class='ocrx_word' id='word_1_162' title='bbox 2864 1298 2996 1336; x_wconf 89' lang='lat' dir='ltr'><strong>vero</strong></span> <span class='ocrx_word' id='word_1_163' title='bbox 3037 1285 3140 1337; x_wconf 85' lang='lat' dir='ltr'><strong>sibi</strong></span> <span class='ocrx_word' id='word_1_164' title='bbox 3186 1285 3417 1338; x_wconf 80' lang='lat' dir='ltr'><strong>invicem</strong></span> 
     </span>
    </p>
   </div>
   <div class='ocr_carea' id='block_1_27' title="bbox 1854 1368 3419 1442">
    <p class='ocr_par' dir='ltr' id='par_1_27' title="bbox 1854 1368 3419 1442">
     <span class='ocr_line' id='line_1_27' title="bbox 1854 1368 3419 1442; baseline 0.004 -21"><span class='ocrx_word' id='word_1_165' title='bbox 1854 1371 2154 1422; x_wconf 87' lang='lat' dir='ltr'><strong>secundum</strong></span> <span class='ocrx_word' id='word_1_166' title='bbox 2205 1368 2656 1442; x_wconf 82' lang='lat' dir='ltr'><strong>propositionem,</strong></span> <span class='ocrx_word' id='word_1_167' title='bbox 2701 1370 2830 1424; x_wconf 88' lang='lat' dir='ltr'><strong>dum</strong></span> <span class='ocrx_word' id='word_1_168' title='bbox 2878 1381 3109 1442; x_wconf 90' lang='lat' dir='ltr'><strong>uterque</strong></span> <span class='ocrx_word' id='word_1_169' title='bbox 3152 1388 3218 1426; x_wconf 79' lang='lat' dir='ltr'><strong>ex</strong></span> <span class='ocrx_word' id='word_1_170' title='bbox 3261 1389 3419 1441; x_wconf 67' lang='lat' dir='ltr'><strong>aequo</strong></span> 
     </span>
    </p>
   </div>
   <div class='ocr_carea' id='block_1_28' title="bbox 1853 1455 3418 1526">
    <p class='ocr_par' dir='ltr' id='par_1_28' title="bbox 1853 1455 3418 1526">
     <span class='ocr_line' id='line_1_28' title="bbox 1853 1455 3418 1526; baseline 0.005 -18"><span class='ocrx_word' id='word_1_171' title='bbox 1853 1455 1999 1510; x_wconf 89' lang='lat' dir='ltr'><strong>circa</strong></span> <span class='ocrx_word' id='word_1_172' title='bbox 2028 1457 2309 1526; x_wconf 88' lang='lat' dir='ltr'><strong>proprium</strong></span> <span class='ocrx_word' id='word_1_173' title='bbox 2347 1457 2552 1511; x_wconf 88' lang='lat' dir='ltr'><strong>bonum</strong></span> <span class='ocrx_word' id='word_1_174' title='bbox 2593 1457 2740 1514; x_wconf 78' lang='lat' dir='ltr'><strong>felici</strong></span> <span class='ocrx_word' id='word_1_175' title='bbox 2788 1474 2970 1515; x_wconf 90' lang='lat' dir='ltr'><strong>rerum</strong></span> <span class='ocrx_word' id='word_1_176' title='bbox 3005 1477 3260 1517; x_wconf 89' lang='lat' dir='ltr'><strong>successu</strong></span> <span class='ocrx_word' id='word_1_177' title='bbox 3308 1463 3418 1516; x_wconf 84' lang='lat' dir='ltr'><strong>uti-</strong></span> 
     </span>
    </p>
   </div>
   <div class='ocr_carea' id='block_1_29' title="bbox 1799 1551 1960 1598">
    <p class='ocr_par' dir='ltr' id='par_1_29' title="bbox 1799 1551 1960 1598">
     <span class='ocr_line' id='line_1_29' title="bbox 1799 1551 1960 1598; baseline 0.012 -2"><span class='ocrx_word' id='word_1_178' title='bbox 1799 1569 1809 1573; x_wconf 53' lang='grc' dir='ltr'><strong><em>ί</em></strong></span> <span class='ocrx_word' id='word_1_179' title='bbox 1854 1551 1960 1598; x_wconf 87' lang='lat' dir='ltr'><strong>tur.</strong></span> 
     </span>
    </p>
   </div>
   <div class='ocr_carea' id='block_1_30' title="bbox 2169 1722 3103 1795">
    <p class='ocr_par' dir='ltr' id='par_1_30' title="bbox 2169 1722 3103 1795">
     <span class='ocr_line' id='line_1_30' title="bbox 2169 1722 3103 1795; baseline 0.003 -19"><span class='ocrx_word' id='word_1_180' title='bbox 2169 1722 2353 1778; x_wconf 79' lang='lat' dir='ltr'><strong>Altera</strong></span> <span class='ocrx_word' id='word_1_181' title='bbox 2387 1726 2444 1777; x_wconf 82' lang='lat' dir='ltr'><strong>in</strong></span> <span class='ocrx_word' id='word_1_182' title='bbox 2483 1724 2685 1777; x_wconf 85' lang='lat' dir='ltr'><strong>eosdem</strong></span> <span class='ocrx_word' id='word_1_183' title='bbox 2718 1725 3103 1795; x_wconf 76' lang='lat' dir='ltr'><strong>contemplatio.</strong></span> 
     </span>
    </p>
   </div>
   <div class='ocr_carea' id='block_1_31' title="bbox 1927 1833 3421 1900">
    <p class='ocr_par' dir='ltr' id='par_1_31' title="bbox 1927 1833 3421 1900">
     <span class='ocr_line' id='line_1_31' title="bbox 1927 1833 3421 1900; baseline 0.005 -13"><span class='ocrx_word' id='word_1_184' title='bbox 1927 1833 2119 1888; x_wconf 88' lang='lat' dir='ltr'><strong>Petrus</strong></span> <span class='ocrx_word' id='word_1_185' title='bbox 2143 1851 2274 1888; x_wconf 88' lang='lat' dir='ltr'><strong>vero</strong></span> <span class='ocrx_word' id='word_1_186' title='bbox 2300 1852 2492 1890; x_wconf 87' lang='lat' dir='ltr'><strong>rursus</strong></span> <span class='ocrx_word' id='word_1_187' title='bbox 2519 1845 2624 1900; x_wconf 89' lang='lat' dir='ltr'><strong>est,</strong></span> <span class='ocrx_word' id='word_1_188' title='bbox 2653 1845 2710 1890; x_wconf 90' lang='lat' dir='ltr'><strong>et</strong></span> <span class='ocrx_word' id='word_1_189' title='bbox 2748 1837 3006 1900; x_wconf 83' lang='lat' dir='ltr'><strong>Joannes,</strong></span> <span class='ocrx_word' id='word_1_190' title='bbox 3039 1838 3215 1894; x_wconf 89' lang='lat' dir='ltr'><strong>omnis</strong></span> <span class='ocrx_word' id='word_1_191' title='bbox 3256 1840 3421 1894; x_wconf 90' lang='lat' dir='ltr'><strong>homo</strong></span> 
     </span>
    </p>
   </div>
   <div class='ocr_carea' id='block_1_32' title="bbox 190 1919 1756 1998">
    <p class='ocr_par' dir='ltr' id='par_1_32' title="bbox 190 1919 1749 1998">
     <span class='ocr_line' id='line_1_32' title="bbox 190 1919 1749 1998; baseline -0.006 -19"><span class='ocrx_word' id='word_1_192' title='bbox 190 1927 402 1998; x_wconf 87' lang='grc' dir='ltr'><strong>θρωπος</strong></span> <span class='ocrx_word' id='word_1_193' title='bbox 450 1924 569 1996; x_wconf 86' lang='grc' dir='ltr'><strong>Θεῷ</strong></span> <span class='ocrx_word' id='word_1_194' title='bbox 625 1923 944 1994; x_wconf 80' lang='grc' dir='ltr'><strong>πλησιάζειν</strong></span> <span class='ocrx_word' id='word_1_195' title='bbox 1001 1923 1320 1992; x_wconf 73' lang='grc' dir='ltr'><strong>ἠξιωμένος,</strong></span> <span class='ocrx_word' id='word_1_196' title='bbox 1377 1921 1470 1972; x_wconf 82' lang='grc' dir='ltr'><strong>καὶ</strong></span> <span class='ocrx_word' id='word_1_197' title='bbox 1528 1919 1589 1971; x_wconf 81' lang='grc' dir='ltr'><strong>τὸ</strong></span> <span class='ocrx_word' id='word_1_198' title='bbox 1652 1920 1749 1988; x_wconf 79' lang='grc' dir='ltr'><strong>μὲν</strong></span> 
     </span>
    </p>
   </div>
   <div class='ocr_carea' id='block_1_33' title="bbox 1859 1919 3419 1998">
    <p class='ocr_par' dir='ltr' id='par_1_33' title="bbox 1859 1922 3419 1997">
     <span class='ocr_line' id='line_1_33' title="bbox 1859 1922 3419 1997; baseline 0.006 -22"><span class='ocrx_word' id='word_1_199' title='bbox 1859 1923 1944 1990; x_wconf 76' lang='lat' dir='ltr'><strong>qui</strong></span> <span class='ocrx_word' id='word_1_200' title='bbox 1977 1923 2088 1976; x_wconf 90' lang='lat' dir='ltr'><strong>Deo</strong></span> <span class='ocrx_word' id='word_1_201' title='bbox 2115 1922 2558 1992; x_wconf 85' lang='lat' dir='ltr'><strong>appropinquare</strong></span> <span class='ocrx_word' id='word_1_202' title='bbox 2604 1926 2825 1988; x_wconf 89' lang='lat' dir='ltr'><strong>meruit,</strong></span> <span class='ocrx_word' id='word_1_203' title='bbox 2868 1928 3074 1996; x_wconf 87' lang='lat' dir='ltr'><strong>quique</strong></span> <span class='ocrx_word' id='word_1_204' title='bbox 3118 1930 3419 1997; x_wconf 89' lang='lat' dir='ltr'><strong>practicum</strong></span> 
     </span>
    </p>
   </div>
   <div class='ocr_carea' id='block_1_34' title="bbox 191 2009 1752 2086">
    <p class='ocr_par' dir='ltr' id='par_1_34' title="bbox 191 2009 1752 2086">
     <span class='ocr_line' id='line_1_34' title="bbox 191 2009 1752 2086; baseline -0.008 -17"><span class='ocrx_word' id='word_1_205' title='bbox 191 2015 488 2086; x_wconf 72' lang='grc' dir='ltr'><strong>πρακτικὸν</strong></span> <span class='ocrx_word' id='word_1_206' title='bbox 514 2017 614 2084; x_wconf 83' lang='grc' dir='ltr'><strong>τῆς</strong></span> <span class='ocrx_word' id='word_1_207' title='bbox 635 2013 815 2085; x_wconf 79' lang='grc' dir='ltr'><strong>ψυχῆς</strong></span> <span class='ocrx_word' id='word_1_208' title='bbox 834 2009 944 2066; x_wconf 83' lang='grc' dir='ltr'><strong>οἷόν</strong></span> <span class='ocrx_word' id='word_1_209' title='bbox 973 2030 1096 2066; x_wconf 86' lang='grc' dir='ltr'>τινα</span> <span class='ocrx_word' id='word_1_210' title='bbox 1128 2013 1354 2081; x_wconf 83' lang='grc' dir='ltr'><strong>Πέτρον,</strong></span> <span class='ocrx_word' id='word_1_211' title='bbox 1371 2011 1432 2062; x_wconf 77' lang='grc' dir='ltr'><strong>τὸ</strong></span> <span class='ocrx_word' id='word_1_212' title='bbox 1459 2010 1516 2062; x_wconf 84' lang='grc' dir='ltr'><strong>δὲ</strong></span> <span class='ocrx_word' id='word_1_213' title='bbox 1549 2009 1752 2080; x_wconf 79' lang='grc' dir='ltr'><strong>θεωρη-</strong></span> 
     </span>
    </p>
   </div>
   <div class='ocr_carea' id='block_1_35' title="bbox 189 2100 1752 2174">
    <p class='ocr_par' dir='ltr' id='par_1_35' title="bbox 189 2100 1752 2174">
     <span class='ocr_line' id='line_1_35' title="bbox 189 2100 1752 2174; baseline -0.004 -14"><span class='ocrx_word' id='word_1_214' title='bbox 189 2111 332 2160; x_wconf 79' lang='grc' dir='ltr'><strong>τικδν</strong></span> <span class='ocrx_word' id='word_1_215' title='bbox 355 2101 466 2160; x_wconf 80' lang='grc' dir='ltr'><strong>οἷόν</strong></span> <span class='ocrx_word' id='word_1_216' title='bbox 483 2123 604 2159; x_wconf 86' lang='grc' dir='ltr'><strong>τινα</strong></span> <span class='ocrx_word' id='word_1_217' title='bbox 655 2106 925 2174; x_wconf 82' lang='grc' dir='ltr'><strong>Ἰωάννην,</strong></span> <span class='ocrx_word' id='word_1_218' title='bbox 971 2103 1220 2172; x_wconf 77' lang='grc' dir='ltr'><strong>ἀλλήλοις</strong></span> <span class='ocrx_word' id='word_1_219' title='bbox 1271 2103 1412 2155; x_wconf 76' lang='grc' dir='ltr'><strong>κατὰ</strong></span> <span class='ocrx_word' id='word_1_220' title='bbox 1460 2103 1551 2154; x_wconf 83' lang='grc' dir='ltr'><strong>τὸν</strong></span> <span class='ocrx_word' id='word_1_221' title='bbox 1598 2100 1752 2167; x_wconf 79' lang='grc' dir='ltr'><strong>λόγον</strong></span> 
     </span>
    </p>
   </div>
   <div class='ocr_carea' id='block_1_36' title="bbox 193 2193 1754 2268">
    <p class='ocr_par' dir='ltr' id='par_1_36' title="bbox 193 2193 1754 2268">
     <span class='ocr_line' id='line_1_36' title="bbox 193 2193 1754 2268; baseline -0.005 -19"><span class='ocrx_word' id='word_1_222' title='bbox 193 2197 326 2266; x_wconf 80' lang='grc' dir='ltr'><strong>ῑχων</strong></span> <span class='ocrx_word' id='word_1_223' title='bbox 353 2195 733 2268; x_wconf 78' lang='grc' dir='ltr'><strong>συντρέχοντα,</strong></span> <span class='ocrx_word' id='word_1_224' title='bbox 757 2195 880 2264; x_wconf 79' lang='grc' dir='ltr'><strong>δίχα</strong></span> <span class='ocrx_word' id='word_1_225' title='bbox 907 2195 1010 2263; x_wconf 78' lang='grc' dir='ltr'><strong>τῆς</strong></span> <span class='ocrx_word' id='word_1_226' title='bbox 1043 2193 1271 2263; x_wconf 81' lang='grc' dir='ltr'><strong>θατέρου</strong></span> <span class='ocrx_word' id='word_1_227' title='bbox 1313 2193 1448 2262; x_wconf 73' lang='grc' dir='ltr'><strong>πρὸς</strong></span> <span class='ocrx_word' id='word_1_228' title='bbox 1482 2193 1542 2244; x_wconf 83' lang='grc' dir='ltr'><strong>τὸ</strong></span> <span class='ocrx_word' id='word_1_229' title='bbox 1569 2193 1754 2260; x_wconf 76' lang='grc' dir='ltr'><strong>ἕτερον</strong></span> 
     </span>
    </p>
   </div>
   <div class='ocr_carea' id='block_1_37' title="bbox 193 2276 1755 2355">
    <p class='ocr_par' dir='ltr' id='par_1_37' title="bbox 193 2276 1755 2355">
     <span class='ocr_line' id='line_1_37' title="bbox 193 2276 1755 2355; baseline -0.003 -21"><span class='ocrx_word' id='word_1_230' title='bbox 193 2285 492 2355; x_wconf 64' lang='grc' dir='ltr'><strong>ύπρσολῆς</strong></span> <span class='ocrx_word' id='word_1_231' title='bbox 558 2284 654 2337; x_wconf 79' lang='grc' dir='ltr'><strong>καὶ</strong></span> <span class='ocrx_word' id='word_1_232' title='bbox 725 2276 1016 2351; x_wconf 70' lang='grc' dir='ltr'><strong>ἐλλείψεως</strong></span> <span class='ocrx_word' id='word_1_233' title='bbox 1042 2301 1070 2314; x_wconf 89' lang='grc'><strong>··</strong></span> <span class='ocrx_word' id='word_1_234' title='bbox 1117 2282 1212 2335; x_wconf 79' lang='grc' dir='ltr'><strong>καὶ</strong></span> <span class='ocrx_word' id='word_1_235' title='bbox 1275 2281 1437 2334; x_wconf 62' lang='grc' dir='ltr'><strong>πάλιν</strong></span> <span class='ocrx_word' id='word_1_236' title='bbox 1504 2279 1755 2348; x_wconf 83' lang='grc' dir='ltr'><strong>ἀλλήλοις</strong></span> 
     </span>
    </p>
   </div>
   <div class='ocr_carea' id='block_1_38' title="bbox 195 2369 1762 2444">
    <p class='ocr_par' dir='ltr' id='par_1_38' title="bbox 195 2369 1762 2444">
     <span class='ocr_line' id='line_1_38' title="bbox 195 2369 1762 2444; baseline -0.004 -18"><span class='ocrx_word' id='word_1_237' title='bbox 195 2373 328 2426; x_wconf 80' lang='grc' dir='ltr'><strong>κατὰ</strong></span> <span class='ocrx_word' id='word_1_238' title='bbox 373 2375 470 2444; x_wconf 82' lang='grc' dir='ltr'><strong>τὴν</strong></span> <span class='ocrx_word' id='word_1_239' title='bbox 513 2375 769 2444; x_wconf 86' lang='grc' dir='ltr'><strong>πρόθεσιν</strong></span> <span class='ocrx_word' id='word_1_240' title='bbox 810 2372 1193 2442; x_wconf 79' lang='grc' dir='ltr'><strong>άντιτρέχοντα</strong></span> <span class='ocrx_word' id='word_1_241' title='bbox 1242 2370 1320 2440; x_wconf 78' lang='grc' dir='ltr'><strong>τῷ</strong></span> <span class='ocrx_word' id='word_1_242' title='bbox 1371 2369 1498 2439; x_wconf 74' lang='grc' dir='ltr'><strong>περὶ</strong></span> <span class='ocrx_word' id='word_1_243' title='bbox 1563 2370 1762 2421; x_wconf 81' lang='grc' dir='ltr'><strong>ὲκάτε-’</strong></span> 
     </span>
    </p>
   </div>
   <div class='ocr_carea' id='block_1_39' title="bbox 193 2456 1748 2535">
    <p class='ocr_par' dir='ltr' id='par_1_39' title="bbox 193 2456 1748 2535">
     <span class='ocr_line' id='line_1_39' title="bbox 193 2456 1748 2535; baseline -0.003 -21"><span class='ocrx_word' id='word_1_244' title='bbox 193 2456 482 2533; x_wconf 80' lang='grc' dir='ltr'><strong>ρον’άκρῳ</strong></span> <span class='ocrx_word' id='word_1_245' title='bbox 539 2463 1018 2535; x_wconf 89' lang='grc' dir='ltr'><strong>παραδραμεῖσθαι</strong></span> <span class='ocrx_word' id='word_1_246' title='bbox 1079 2461 1304 2532; x_wconf 81' lang='grc' dir='ltr'><strong>θάτερον</strong></span> <span class='ocrx_word' id='word_1_247' title='bbox 1364 2460 1469 2534; x_wconf 66' lang='grc' dir='ltr'><strong>ὑπὸ</strong></span> <span class='ocrx_word' id='word_1_248' title='bbox 1521 2459 1748 2528; x_wconf 81' lang='grc' dir='ltr'><strong>θατέρου</strong></span> 
     </span>
    </p>
   </div>
   <div class='ocr_carea' id='block_1_40' title="bbox 190 2553 482 2623">
    <p class='ocr_par' dir='ltr' id='par_1_40' title="bbox 190 2553 482 2623">
     <span class='ocr_line' id='line_1_40' title="bbox 190 2553 482 2623; baseline 0.007 -18"><span class='ocrx_word' id='word_1_249' title='bbox 190 2553 482 2623; x_wconf 72' lang='grc' dir='ltr'>νομίζεται.</span> 
     </span>
    </p>
   </div>
   <div class='ocr_carea' id='block_1_41' title="bbox 194 2725 1752 2794">
    <p class='ocr_par' dir='ltr' id='par_1_41' title="bbox 194 2725 1752 2794">
     <span class='ocr_line' id='line_1_41' title="bbox 194 2725 1752 2794; baseline -0.002 -12"><span class='ocrx_word' id='word_1_250' title='bbox 194 2727 299 2782; x_wconf 82' lang='grc' dir='ltr'><em>Ἐκ</em></span> <span class='ocrx_word' id='word_1_251' title='bbox 329 2726 437 2782; x_wconf 87' lang='grc' dir='ltr'><strong>τοῦ</strong></span> <span class='ocrx_word' id='word_1_252' title='bbox 478 2727 684 2792; x_wconf 83' lang='grc' dir='ltr'><strong>αὑτοῦ,</strong></span> <span class='ocrx_word' id='word_1_253' title='bbox 730 2727 817 2790; x_wconf 78' lang='grc' dir='ltr'><strong>εὶς</strong></span> <span class='ocrx_word' id='word_1_254' title='bbox 868 2725 966 2778; x_wconf 85' lang='grc' dir='ltr'><strong>τό·</strong></span> <span class='ocrx_word' id='word_1_255' title='bbox 1000 2725 1164 2779; x_wconf 77' lang='grc' dir='ltr'><strong>«Κᾶν</strong></span> <span class='ocrx_word' id='word_1_256' title='bbox 1210 2726 1289 2790; x_wconf 82' lang='grc' dir='ltr'><strong>ὡς</strong></span> <span class='ocrx_word' id='word_1_257' title='bbox 1339 2725 1540 2794; x_wconf 77' lang='grc' dir='ltr'><strong>Θωμᾶς</strong></span> <span class='ocrx_word' id='word_1_258' title='bbox 1603 2727 1752 2779; x_wconf 79' lang='grc' dir='ltr'><strong>ἀπο-</strong></span> 
     </span>
    </p>
   </div>
   <div class='ocr_carea' id='block_1_42' title="bbox 252 2812 1754 2885">
    <p class='ocr_par' dir='ltr' id='par_1_42' title="bbox 252 2812 1754 2885">
     <span class='ocr_line' id='line_1_42' title="bbox 252 2812 1754 2885; baseline -0.003 -14"><span class='ocrx_word' id='word_1_259' title='bbox 252 2816 507 2885; x_wconf 56' lang='grc' dir='ltr'><strong>πιφθῇς</strong></span> <span class='ocrx_word' id='word_1_260' title='bbox 571 2816 690 2870; x_wconf 79' lang='grc' dir='ltr'><strong>τῶν</strong></span> <span class='ocrx_word' id='word_1_261' title='bbox 729 2813 1009 2884; x_wconf 83' lang='grc' dir='ltr'><strong>μαθητῶν</strong></span> <span class='ocrx_word' id='word_1_262' title='bbox 1059 2812 1148 2879; x_wconf 80' lang='grc' dir='ltr'><strong>οἷς</strong></span> <span class='ocrx_word' id='word_1_263' title='bbox 1203 2815 1454 2880; x_wconf 82' lang='grc' dir='ltr'><strong>Χριστὸς</strong></span> <span class='ocrx_word' id='word_1_264' title='bbox 1509 2815 1754 2882; x_wconf 63' lang='grc' dir='ltr'><strong>ἐμφανί-</strong></span> 
     </span>
    </p>
   </div>
   <div class='ocr_carea' id='block_1_43' title="bbox 254 2902 1752 2972">
    <p class='ocr_par' dir='ltr' id='par_1_43' title="bbox 254 2902 1752 2972">
     <span class='ocr_line' id='line_1_43' title="bbox 254 2902 1752 2972; baseline -0.003 -14"><span class='ocrx_word' id='word_1_265' title='bbox 254 2906 430 2970; x_wconf 58' lang='lat' dir='ltr'><strong>istac,</strong></span> <span class='ocrx_word' id='word_1_266' title='bbox 508 2906 652 2960; x_wconf 76' lang='grc' dir='ltr'><strong>ὅταν</strong></span> <span class='ocrx_word' id='word_1_267' title='bbox 726 2905 862 2972; x_wconf 67' lang='grc' dir='ltr'><strong>ἴδῃς</strong></span> <span class='ocrx_word' id='word_1_268' title='bbox 893 2946 908 2969; x_wconf 97' lang='grc'><strong>,</strong></span> <span class='ocrx_word' id='word_1_269' title='bbox 991 2903 1078 2971; x_wconf 80' lang='grc' dir='ltr'><strong>μὴ</strong></span> <span class='ocrx_word' id='word_1_270' title='bbox 1175 2902 1538 2969; x_wconf 78' lang='grc' dir='ltr'><strong>ἀπιστήσῃς.</strong></span> <span class='ocrx_word' id='word_1_271' title='bbox 1625 2902 1752 2955; x_wconf 74' lang='grc' dir='ltr'><strong>Κᾶν·</strong></span> 
     </span>
    </p>
   </div>
   <div class='ocr_carea' id='block_1_44' title="bbox 252 2992 1752 3062">
    <p class='ocr_par' dir='ltr' id='par_1_44' title="bbox 252 2992 1752 3062">
     <span class='ocr_line' id='line_1_44' title="bbox 252 2992 1752 3062; baseline -0.004 -13"><span class='ocrx_word' id='word_1_272' title='bbox 252 2993 622 3062; x_wconf 76' lang='grc' dir='ltr'><strong>ἀπιστήσῃς,</strong></span> <span class='ocrx_word' id='word_1_273' title='bbox 680 2994 805 3057; x_wconf 85' lang='grc' dir='ltr'><strong>τοῖς</strong></span> <span class='ocrx_word' id='word_1_274' title='bbox 852 2992 1102 3062; x_wconf 76' lang='grc' dir='ltr'><strong>λέγουσι</strong></span> <span class='ocrx_word' id='word_1_275' title='bbox 1157 2994 1511 3045; x_wconf 78' lang='grc' dir='ltr'><strong>πίστευσον.</strong></span> <span class='ocrx_word' id='word_1_276' title='bbox 1569 2995 1634 3044; x_wconf 78' lang='lat' dir='ltr'><strong>El</strong></span> <span class='ocrx_word' id='word_1_277' title='bbox 1685 2992 1752 3043; x_wconf 81' lang='grc' dir='ltr'><strong>δὲ</strong></span> 
     </span>
    </p>
   </div>
   <div class='ocr_carea' id='block_1_45' title="bbox 213 3067 1755 3155">
    <p class='ocr_par' dir='ltr' id='par_1_45' title="bbox 213 3067 1755 3155">
     <span class='ocr_line' id='line_1_45' title="bbox 213 3067 1755 3155; baseline -0.006 -15"><span class='ocrx_word' id='word_1_278' title='bbox 213 3067 340 3155; x_wconf 57' lang='grc' dir='ltr'><strong>’μὴ</strong></span> <span class='ocrx_word' id='word_1_279' title='bbox 402 3086 654 3150; x_wconf 83' lang='grc' dir='ltr'><strong>τούτοις,</strong></span> <span class='ocrx_word' id='word_1_280' title='bbox 702 3087 828 3150; x_wconf 86' lang='grc' dir='ltr'><strong>τοῖς</strong></span> <span class='ocrx_word' id='word_1_281' title='bbox 885 3086 1098 3148; x_wconf 68' lang='grc' dir='ltr'><strong>τύποις</strong></span> <span class='ocrx_word' id='word_1_282' title='bbox 1147 3082 1266 3134; x_wconf 76' lang='grc' dir='ltr'><strong>τῶν</strong></span> <span class='ocrx_word' id='word_1_283' title='bbox 1322 3082 1489 3148; x_wconf 71' lang='grc' dir='ltr'><strong>ἥλων</strong></span> <span class='ocrx_word' id='word_1_284' title='bbox 1537 3080 1755 3133; x_wconf 72' lang='grc' dir='ltr'><strong>πιστώ-</strong></span> 
     </span>
    </p>
   </div>
   <div class='ocr_carea' id='block_1_46' title="bbox 254 3176 594 3247">
    <p class='ocr_par' dir='ltr' id='par_1_46' title="bbox 254 3176 594 3247">
     <span class='ocr_line' id='line_1_46' title="bbox 254 3176 594 3247; baseline -0.012 -15"><span class='ocrx_word' id='word_1_285' title='bbox 254 3181 388 3247; x_wconf 84' lang='grc' dir='ltr'><strong>θητι</strong></span> <span class='ocrx_word' id='word_1_286' title='bbox 412 3176 546 3247; x_wconf 72' lang='grc'><strong>(54).</strong></span> <span class='ocrx_word' id='word_1_287' title='bbox 575 3195 594 3228; x_wconf 71' lang='grc' dir='ltr'><strong>ι</strong></span> 
     </span>
    </p>
   </div>
   <div class='ocr_carea' id='block_1_47' title="bbox 1854 2010 3419 2086">
    <p class='ocr_par' dir='ltr' id='par_1_47' title="bbox 1854 2010 3419 2086">
     <span class='ocr_line' id='line_1_47' title="bbox 1854 2010 3419 2086; baseline 0.008 -25"><span class='ocrx_word' id='word_1_288' title='bbox 1854 2010 2048 2063; x_wconf 75' lang='lat' dir='ltr'><strong>anima:</strong></span> <span class='ocrx_word' id='word_1_289' title='bbox 2093 2011 2334 2065; x_wconf 90' lang='lat' dir='ltr'><strong>studium</strong></span> <span class='ocrx_word' id='word_1_290' title='bbox 2382 2013 2456 2065; x_wconf 21' lang='lat' dir='ltr'><strong>ad!</strong></span> <span class='ocrx_word' id='word_1_291' title='bbox 2498 2015 2645 2068; x_wconf 86' lang='lat' dir='ltr'><strong>Petri</strong></span> <span class='ocrx_word' id='word_1_292' title='bbox 2698 2013 2887 2078; x_wconf 89' lang='lat' dir='ltr'><strong>instar,</strong></span> <span class='ocrx_word' id='word_1_293' title='bbox 2939 2018 3419 2086; x_wconf 82' lang='lat' dir='ltr'><strong>contemplativum</strong></span> 
     </span>
    </p>
   </div>
   <div class='ocr_carea' id='block_1_48' title="bbox 1853 2099 3514 2167">
    <p class='ocr_par' dir='ltr' id='par_1_48' title="bbox 1853 2099 3514 2167">
     <span class='ocr_line' id='line_1_48' title="bbox 1853 2099 3514 2167; baseline 0.008 -17"><span class='ocrx_word' id='word_1_294' title='bbox 1853 2114 1985 2152; x_wconf 90' lang='lat' dir='ltr'><strong>vero</strong></span> <span class='ocrx_word' id='word_1_295' title='bbox 2010 2099 2077 2153; x_wconf 90' lang='lat' dir='ltr'><strong>ad</strong></span> <span class='ocrx_word' id='word_1_296' title='bbox 2102 2100 2326 2155; x_wconf 88' lang='lat' dir='ltr'><strong>Joannis</strong></span> <span class='ocrx_word' id='word_1_297' title='bbox 2355 2105 2549 2167; x_wconf 90' lang='lat' dir='ltr'><strong>instar,</strong></span> <span class='ocrx_word' id='word_1_298' title='bbox 2583 2103 2812 2158; x_wconf 87' lang='lat' dir='ltr'><strong>invicem</strong></span> <span class='ocrx_word' id='word_1_299' title='bbox 2837 2104 2944 2158; x_wconf 84' lang='lat' dir='ltr'><strong>sibi</strong></span> <span class='ocrx_word' id='word_1_300' title='bbox 2970 2108 3269 2161; x_wconf 85' lang='lat' dir='ltr'><strong>secundum</strong></span> <span class='ocrx_word' id='word_1_301' title='bbox 3293 2123 3421 2163; x_wconf 84' lang='lat' dir='ltr'><strong>ser-</strong></span> <span class='ocrx_word' id='word_1_302' title='bbox 3510 2108 3514 2111; x_wconf 82' lang='grc'><strong>’</strong></span> 
     </span>
    </p>
   </div>
   <div class='ocr_carea' id='block_1_49' title="bbox 1855 2194 3423 2267">
    <p class='ocr_par' dir='ltr' id='par_1_49' title="bbox 1855 2194 3423 2267">
     <span class='ocr_line' id='line_1_49' title="bbox 1855 2194 3423 2267; baseline 0.008 -26"><span class='ocrx_word' id='word_1_303' title='bbox 1855 2203 2072 2262; x_wconf 57' lang='lat' dir='ltr'><strong>[nonem</strong></span> <span class='ocrx_word' id='word_1_304' title='bbox 2126 2194 2507 2247; x_wconf 86' lang='lat' dir='ltr'><strong>concurrentia</strong></span> <span class='ocrx_word' id='word_1_305' title='bbox 2559 2195 2756 2258; x_wconf 86' lang='lat' dir='ltr'><strong>habet,</strong></span> <span class='ocrx_word' id='word_1_306' title='bbox 2826 2196 2978 2248; x_wconf 88' lang='lat' dir='ltr'><strong>nullo</strong></span> <span class='ocrx_word' id='word_1_307' title='bbox 3028 2197 3256 2251; x_wconf 89' lang='lat' dir='ltr'><strong>alterius</strong></span> <span class='ocrx_word' id='word_1_308' title='bbox 3309 2213 3423 2267; x_wconf 63' lang='lat' dir='ltr'><strong>pra</strong></span> 
     </span>
    </p>
   </div>
   <div class='ocr_carea' id='block_1_50' title="bbox 1847 2277 3422 2352">
    <p class='ocr_par' dir='ltr' id='par_1_50' title="bbox 1847 2277 3422 2352">
     <span class='ocr_line' id='line_1_50' title="bbox 1847 2277 3422 2352; baseline 0.009 -24"><span class='ocrx_word' id='word_1_309' title='bbox 1847 2277 2026 2329; x_wconf 85' lang='lat' dir='ltr'><strong>altero</strong></span> <span class='ocrx_word' id='word_1_310' title='bbox 2062 2293 2286 2334; x_wconf 80' lang='lat' dir='ltr'><strong>excessu</strong></span> <span class='ocrx_word' id='word_1_311' title='bbox 2335 2294 2429 2334; x_wconf 89' lang='lat' dir='ltr'><strong>aut</strong></span> <span class='ocrx_word' id='word_1_312' title='bbox 2481 2282 2716 2336; x_wconf 81' lang='lat' dir='ltr'><strong>defectu.</strong></span> <span class='ocrx_word' id='word_1_313' title='bbox 2765 2285 2941 2352; x_wconf 85' lang='lat' dir='ltr'><strong>Atque</strong></span> <span class='ocrx_word' id='word_1_314' title='bbox 2987 2300 3178 2340; x_wconf 90' lang='lat' dir='ltr'><strong>rursus</strong></span> <span class='ocrx_word' id='word_1_315' title='bbox 3228 2287 3422 2342; x_wconf 88' lang='lat' dir='ltr'><strong>eadem</strong></span> 
     </span>
    </p>
   </div>
   <div class='ocr_carea' id='block_1_51' title="bbox 1854 2366 3420 2445">
    <p class='ocr_par' dir='ltr' id='par_1_51' title="bbox 1854 2366 3420 2445">
     <span class='ocr_line' id='line_1_51' title="bbox 1854 2366 3420 2445; baseline 0.007 -28"><span class='ocrx_word' id='word_1_316' title='bbox 1854 2366 1960 2440; x_wconf 85' lang='lat' dir='ltr'><strong>si‘hi</strong></span> <span class='ocrx_word' id='word_1_317' title='bbox 1995 2366 2228 2421; x_wconf 78' lang='lat' dir='ltr'><strong>invicem</strong></span> <span class='ocrx_word' id='word_1_318' title='bbox 2275 2370 2576 2423; x_wconf 87' lang='lat' dir='ltr'><strong>secundum</strong></span> <span class='ocrx_word' id='word_1_319' title='bbox 2610 2373 3038 2439; x_wconf 86' lang='lat' dir='ltr'><strong>propositionem</strong></span> <span class='ocrx_word' id='word_1_320' title='bbox 3076 2375 3420 2445; x_wconf 84' lang='lat' dir='ltr'><strong>occurrentia</strong></span> 
     </span>
    </p>
   </div>
   <div class='ocr_carea' id='block_1_52' title="bbox 1855 2448 3421 2540">
    <p class='ocr_par' dir='ltr' id='par_1_52' title="bbox 1855 2448 3421 2540">
     <span class='ocr_line' id='line_1_52' title="bbox 1855 2448 3421 2540; baseline 0.004 -29"><span class='ocrx_word' id='word_1_321' title='bbox 1855 2448 2178 2521; x_wconf 83' lang='lat' dir='ltr'><strong>creduntur,</strong></span> <span class='ocrx_word' id='word_1_322' title='bbox 2217 2474 2340 2538; x_wconf 85' lang='lat' dir='ltr'><strong>cum</strong></span> <span class='ocrx_word' id='word_1_323' title='bbox 2385 2471 2938 2540; x_wconf 5' lang='lat' dir='ltr'><strong>uterquequtrumque</strong></span> <span class='ocrx_word' id='word_1_324' title='bbox 2971 2477 3066 2516; x_wconf 88' lang='lat' dir='ltr'><strong>sua</strong></span> <span class='ocrx_word' id='word_1_325' title='bbox 3110 2468 3421 2518; x_wconf 79' lang='lat' dir='ltr'><strong>antevertat</strong></span> 
     </span>
    </p>
   </div>
   <div class='ocr_carea' id='block_1_53' title="bbox 1853 2550 2632 2604">
    <p class='ocr_par' dir='ltr' id='par_1_53' title="bbox 1853 2550 2632 2604">
     <span class='ocr_line' id='line_1_53' title="bbox 1853 2550 2632 2604; baseline 0.001 -3"><span class='ocrx_word' id='word_1_326' title='bbox 1853 2550 2193 2604; x_wconf 76' lang='lat' dir='ltr'><strong>excellentia.</strong></span> <span class='ocrx_word' id='word_1_327' title='bbox 2630 2557 2632 2561; x_wconf 86' lang='lat'>&#39;</span> 
     </span>
    </p>
   </div>
   <div class='ocr_carea' id='block_1_54' title="bbox 1858 2709 3421 2869">
    <p class='ocr_par' dir='ltr' id='par_1_54' title="bbox 1858 2709 3421 2869">
     <span class='ocr_line' id='line_1_54' title="bbox 1858 2709 3421 2869; baseline 0.003 -90"><span class='ocrx_word' id='word_1_328' title='bbox 1858 2727 1941 2780; x_wconf 71' lang='lat' dir='ltr'><em>Ex</em></span> <span class='ocrx_word' id='word_1_329' title='bbox 1969 2727 2167 2791; x_wconf 87' lang='lat' dir='ltr'><strong>eodem,</strong></span> <span class='ocrx_word' id='word_1_330' title='bbox 2201 2727 2254 2778; x_wconf 82' lang='lat' dir='ltr'><strong>in</strong></span> <span class='ocrx_word' id='word_1_331' title='bbox 2282 2725 2456 2778; x_wconf 83' lang='lat' dir='ltr'><strong>illud:</strong></span> <span class='ocrx_word' id='word_1_332' title='bbox 2488 2744 2506 2774; x_wconf 86' lang='grc' dir='ltr'><strong>ι</strong></span> <span class='ocrx_word' id='word_1_333' title='bbox 2535 2709 2758 2869; x_wconf 36' lang='grc' dir='ltr'><strong>ριιοιὶδί</strong></span> <span class='ocrx_word' id='word_1_334' title='bbox 2787 2726 2990 2780; x_wconf 76' lang='grc' dir='ltr'><strong>ΤΙιοηιω</strong></span> <span class='ocrx_word' id='word_1_335' title='bbox 3020 2729 3190 2781; x_wconf 82' lang='lat' dir='ltr'><strong>instar</strong></span> <span class='ocrx_word' id='word_1_336' title='bbox 3217 2747 3248 2783; x_wconf 90' lang='lat' dir='ltr'><strong>a</strong></span> <span class='ocrx_word' id='word_1_337' title='bbox 3288 2739 3421 2783; x_wconf 68' lang='lat' dir='ltr'><strong>coam</strong></span> 
     </span>
     <span class='ocr_line' id='line_1_55' title="bbox 1926 2816 3418 2869; baseline 0 0"><span class='ocrx_word' id='word_1_338' title='bbox 1926 2817 2319 2869; x_wconf 73' lang='lat' dir='ltr'><strong>discipulorum.</strong></span> <span class='ocrx_word' id='word_1_339' title='bbox 2354 2817 2536 2869; x_wconf 82' lang='lat' dir='ltr'><strong>auibus</strong></span> <span class='ocrx_word' id='word_1_340' title='bbox 2579 2834 2683 2869; x_wconf 80' lang='lat' dir='ltr'><strong>ann</strong></span> <span class='ocrx_word' id='word_1_341' title='bbox 2723 2819 2827 2869; x_wconf 85' lang='lat' dir='ltr'><strong>ruit</strong></span> <span class='ocrx_word' id='word_1_342' title='bbox 2873 2816 3131 2869; x_wconf 80' lang='lat' dir='ltr'><strong>Christus.</strong></span> <span class='ocrx_word' id='word_1_343' title='bbox 3166 2820 3418 2869; x_wconf 81' lang='lat' dir='ltr'><strong>abfueris.</strong></span> 
     </span>
    </p>
   </div>
   <div class='ocr_carea' id='block_1_55' title="bbox 1926 2816 3418 2897">
    <p class='ocr_par' dir='ltr' id='par_1_55' title="bbox 1926 2816 3418 2897">
     <span class='ocr_line' id='line_1_56' title="bbox 1926 2816 3418 2897; baseline 0.003 -28"><span class='ocrx_word' id='word_1_344' title='bbox 1926 2817 2319 2886; x_wconf 80' lang='lat' dir='ltr'><strong>discipulorum,</strong></span> <span class='ocrx_word' id='word_1_345' title='bbox 2354 2817 2536 2897; x_wconf 78' lang='lat' dir='ltr'><strong>quibus</strong></span> <span class='ocrx_word' id='word_1_346' title='bbox 2579 2816 2827 2886; x_wconf 81' lang='lat' dir='ltr'><strong>apphruit</strong></span> <span class='ocrx_word' id='word_1_347' title='bbox 2873 2816 3131 2883; x_wconf 79' lang='lat' dir='ltr'><strong>Christus,</strong></span> <span class='ocrx_word' id='word_1_348' title='bbox 3166 2820 3418 2888; x_wconf 66' lang='lat' dir='ltr'><strong>obruet-is,</strong></span> 
     </span>
    </p>
   </div>
   <div class='ocr_carea' id='block_1_56' title="bbox 1927 2906 3424 2987">
    <p class='ocr_par' dir='ltr' id='par_1_56' title="bbox 1927 2906 3424 2987">
     <span class='ocr_line' id='line_1_57' title="bbox 1927 2906 3424 2987; baseline 0.003 -29"><span class='ocrx_word' id='word_1_349' title='bbox 1927 2916 2266 2974; x_wconf 83' lang='lat' dir='ltr'><strong>posteaquam</strong></span> <span class='ocrx_word' id='word_1_350' title='bbox 2296 2907 2503 2959; x_wconf 79' lang='lat' dir='ltr'><strong>videris.</strong></span> <span class='ocrx_word' id='word_1_351' title='bbox 2538 2922 2603 2958; x_wconf 84' lang='lat' dir='ltr'><strong>ne</strong></span> <span class='ocrx_word' id='word_1_352' title='bbox 2643 2909 2717 2958; x_wconf 85' lang='lat' dir='ltr'><strong>rei</strong></span> <span class='ocrx_word' id='word_1_353' title='bbox 2745 2906 2902 2987; x_wconf 73' lang='lat' dir='ltr'><strong>ﬁdem</strong></span> <span class='ocrx_word' id='word_1_354' title='bbox 2934 2908 3165 2977; x_wconf 84' lang='lat' dir='ltr'><strong>abroges.</strong></span> <span class='ocrx_word' id='word_1_355' title='bbox 3199 2908 3350 2972; x_wconf 82' lang='lat' dir='ltr'><strong>Quod</strong></span> <span class='ocrx_word' id='word_1_356' title='bbox 3373 2909 3424 2963; x_wconf 76' lang='lat' dir='ltr'><strong>si</strong></span> 
     </span>
    </p>
   </div>
   <div class='ocr_carea' id='block_1_57' title="bbox 1925 2990 3506 3058">
    <p class='ocr_par' dir='ltr' id='par_1_57' title="bbox 1925 2990 3506 3058">
     <span class='ocr_line' id='line_1_58' title="bbox 1925 2990 3506 3058; baseline 0.006 -17"><span class='ocrx_word' id='word_1_357' title='bbox 1925 2991 1981 3042; x_wconf 82' lang='lat' dir='ltr'><strong>id</strong></span> <span class='ocrx_word' id='word_1_358' title='bbox 2009 2991 2098 3042; x_wconf 80' lang='lat' dir='ltr'><strong>tibi</strong></span> <span class='ocrx_word' id='word_1_359' title='bbox 2123 2990 2281 3056; x_wconf 82' lang='lat' dir='ltr'><strong>ﬁdem</strong></span> <span class='ocrx_word' id='word_1_360' title='bbox 2322 3008 2425 3042; x_wconf 83' lang='lat' dir='ltr'><strong>non</strong></span> <span class='ocrx_word' id='word_1_361' title='bbox 2471 2993 2617 3058; x_wconf 81' lang='lat' dir='ltr'><strong>facit,</strong></span> <span class='ocrx_word' id='word_1_362' title='bbox 2649 2995 2990 3047; x_wconf 73' lang='lat' dir='ltr'><strong>narrantibus</strong></span> <span class='ocrx_word' id='word_1_363' title='bbox 3014 2996 3204 3048; x_wconf 86' lang='lat' dir='ltr'><strong>saltem</strong></span> <span class='ocrx_word' id='word_1_364' title='bbox 3245 2998 3417 3050; x_wconf 85' lang='lat' dir='ltr'><strong>crede.</strong></span> <span class='ocrx_word' id='word_1_365' title='bbox 3501 3055 3506 3058; x_wconf 90' lang='lat'><strong><em>_</em></strong></span> 
     </span>
    </p>
   </div>
   <div class='ocr_carea' id='block_1_58' title="bbox 1923 3080 3442 3158">
    <p class='ocr_par' dir='ltr' id='par_1_58' title="bbox 1923 3080 3442 3158">
     <span class='ocr_line' id='line_1_59' title="bbox 1923 3080 3442 3158; baseline 0.006 -24"><span class='ocrx_word' id='word_1_366' title='bbox 1923 3080 1980 3134; x_wconf 82' lang='lat' dir='ltr'><strong>Si</strong></span> <span class='ocrx_word' id='word_1_367' title='bbox 2009 3097 2072 3133; x_wconf 84' lang='lat' dir='ltr'><strong>ne</strong></span> <span class='ocrx_word' id='word_1_368' title='bbox 2111 3083 2190 3144; x_wconf 57' lang='lat' dir='ltr'><strong>his</strong></span> <span class='ocrx_word' id='word_1_369' title='bbox 2225 3083 2453 3149; x_wconf 83' lang='lat' dir='ltr'><strong>quidem,</strong></span> <span class='ocrx_word' id='word_1_370' title='bbox 2484 3091 2540 3133; x_wconf 78' lang='lat' dir='ltr'><strong>at</strong></span> <span class='ocrx_word' id='word_1_371' title='bbox 2580 3093 2716 3135; x_wconf 80' lang='lat' dir='ltr'><strong>certe</strong></span> <span class='ocrx_word' id='word_1_372' title='bbox 2763 3084 3031 3140; x_wconf 81' lang='lat' dir='ltr'><strong>clavorum</strong></span> <span class='ocrx_word' id='word_1_373' title='bbox 3061 3090 3442 3158; x_wconf 81' lang='lat' dir='ltr'><strong>impressioni-&#39;</strong></span> 
     </span>
    </p>
   </div>
   <div class='ocr_carea' id='block_1_59' title="bbox 1925 3167 2491 3240">
    <p class='ocr_par' dir='ltr' id='par_1_59' title="bbox 1925 3167 2491 3240">
     <span class='ocr_line' id='line_1_60' title="bbox 1925 3167 2491 3240; baseline -0.004 -16"><span class='ocrx_word' id='word_1_374' title='bbox 1925 3173 2015 3225; x_wconf 81' lang='lat' dir='ltr'><strong>bus</strong></span> <span class='ocrx_word' id='word_1_375' title='bbox 2039 3171 2197 3240; x_wconf 84' lang='lat' dir='ltr'><strong>ﬁdem</strong></span> <span class='ocrx_word' id='word_1_376' title='bbox 2223 3174 2353 3226; x_wconf 80' lang='lat' dir='ltr'><strong>habe</strong></span> <span class='ocrx_word' id='word_1_377' title='bbox 2383 3175 2426 3226; x_wconf 66' lang='grc' dir='ltr'><strong>ι.</strong></span> <span class='ocrx_word' id='word_1_378' title='bbox 2468 3167 2491 3222; x_wconf 70' lang='grc' dir='ltr'><strong>ι’</strong></span> 
     </span>
    </p>
   </div>
   <div class='ocr_carea' id='block_1_60' title="bbox 253 3253 1756 3357">
    <p class='ocr_par' dir='ltr' id='par_1_60' title="bbox 253 3253 1752 3357">
     <span class='ocr_line' id='line_1_61' title="bbox 253 3253 1752 3357; baseline -0.007 -17"><span class='ocrx_word' id='word_1_379' title='bbox 253 3287 458 3357; x_wconf 81' lang='grc' dir='ltr'><strong>Θωμᾶς</strong></span> <span class='ocrx_word' id='word_1_380' title='bbox 504 3285 862 3357; x_wconf 78' lang='grc' dir='ltr'><strong>ἑρμηνεύεται</strong></span> <span class='ocrx_word' id='word_1_381' title='bbox 911 3253 1178 3351; x_wconf 74' lang='grc' dir='ltr'><strong>δίδυμος,</strong></span> <span class='ocrx_word' id='word_1_382' title='bbox 1231 3282 1260 3334; x_wconf 82' lang='grc' dir='ltr'><strong>ὃ</strong></span> <span class='ocrx_word' id='word_1_383' title='bbox 1298 3282 1411 3332; x_wconf 77' lang='grc' dir='ltr'><strong>ἔστι</strong></span> <span class='ocrx_word' id='word_1_384' title='bbox 1459 3279 1752 3348; x_wconf 78' lang='grc' dir='ltr'><strong>δισταγμὺς</strong></span> 
     </span>
    </p>
   </div>
   <div class='ocr_carea' id='block_1_61' title="bbox 1859 3253 3420 3357">
    <p class='ocr_par' dir='ltr' id='par_1_61' title="bbox 1924 3261 3420 3356">
     <span class='ocr_line' id='line_1_62' title="bbox 1924 3261 3420 3356; baseline 0.004 -18"><span class='ocrx_word' id='word_1_385' title='bbox 1924 3261 2160 3339; x_wconf 86' lang='lat' dir='ltr'><strong>Thomas</strong></span> <span class='ocrx_word' id='word_1_386' title='bbox 2206 3285 2506 3353; x_wconf 76' lang='lat' dir='ltr'><strong>explicatur</strong></span> <span class='ocrx_word' id='word_1_387' title='bbox 2548 3287 2800 3356; x_wconf 81' lang='lat' dir='ltr'><strong>geminus,</strong></span> <span class='ocrx_word' id='word_1_388' title='bbox 2835 3287 2983 3354; x_wconf 90' lang='lat' dir='ltr'><strong>quod</strong></span> <span class='ocrx_word' id='word_1_389' title='bbox 3034 3296 3117 3341; x_wconf 91' lang='lat' dir='ltr'><strong>est</strong></span> <span class='ocrx_word' id='word_1_390' title='bbox 3149 3289 3420 3350; x_wconf 88' lang='lat' dir='ltr'><strong>dubitatio</strong></span> 
     </span>
    </p>
   </div>
   <div class='ocr_carea' id='block_1_62' title="bbox 187 3375 1754 3450">
    <p class='ocr_par' dir='ltr' id='par_1_62' title="bbox 187 3375 1754 3450">
     <span class='ocr_line' id='line_1_63' title="bbox 187 3375 1754 3450; baseline -0.006 -17"><span class='ocrx_word' id='word_1_391' title='bbox 187 3378 513 3450; x_wconf 78' lang='grc' dir='ltr'><strong>ἧδιστάζων</strong></span> <span class='ocrx_word' id='word_1_392' title='bbox 540 3382 652 3442; x_wconf 88' lang='grc' dir='ltr'><strong>τοῖς</strong></span> <span class='ocrx_word' id='word_1_393' title='bbox 685 3380 986 3446; x_wconf 84' lang='grc' dir='ltr'><strong>λογισμοῖς,</strong></span> <span class='ocrx_word' id='word_1_394' title='bbox 1015 3377 1110 3428; x_wconf 74' lang='grc' dir='ltr'><strong>καὶ</strong></span> <span class='ocrx_word' id='word_1_395' title='bbox 1153 3375 1241 3428; x_wconf 86' lang='grc' dir='ltr'><strong>διὰ</strong></span> <span class='ocrx_word' id='word_1_396' title='bbox 1268 3376 1425 3428; x_wconf 77' lang='grc' dir='ltr'><strong>τοῦτο</strong></span> <span class='ocrx_word' id='word_1_397' title='bbox 1458 3377 1624 3444; x_wconf 66' lang='grc' dir='ltr'><strong>χωρὶς</strong></span> <span class='ocrx_word' id='word_1_398' title='bbox 1657 3375 1754 3444; x_wconf 81' lang='grc' dir='ltr'><strong>τῆς</strong></span> 
     </span>
    </p>
   </div>
   <div class='ocr_carea' id='block_1_63' title="bbox 184 3459 1754 3539">
    <p class='ocr_par' dir='ltr' id='par_1_63' title="bbox 184 3459 1754 3539">
     <span class='ocr_line' id='line_1_64' title="bbox 184 3459 1754 3539; baseline -0.006 -15"><span class='ocrx_word' id='word_1_399' title='bbox 184 3469 294 3524; x_wconf 85' lang='grc' dir='ltr'><strong>τῶν</strong></span> <span class='ocrx_word' id='word_1_400' title='bbox 324 3471 513 3523; x_wconf 85' lang='grc' dir='ltr'><strong>τύπων</strong></span> <span class='ocrx_word' id='word_1_401' title='bbox 556 3471 666 3523; x_wconf 88' lang='grc' dir='ltr'><strong>τῶν</strong></span> <span class='ocrx_word' id='word_1_402' title='bbox 713 3470 859 3539; x_wconf 80' lang='grc' dir='ltr'><strong>ἥλων</strong></span> <span class='ocrx_word' id='word_1_403' title='bbox 897 3468 1263 3536; x_wconf 80' lang='grc' dir='ltr'><strong>ψηλαφήσεως</strong></span> <span class='ocrx_word' id='word_1_404' title='bbox 1301 3459 1435 3534; x_wconf 80' lang='grc' dir='ltr'><strong>μηδὲ</strong></span> <span class='ocrx_word' id='word_1_405' title='bbox 1485 3465 1754 3516; x_wconf 86' lang='grc' dir='ltr'><strong>πιστεύων</strong></span> 
     </span>
    </p>
   </div>
   <div class='ocr_carea' id='block_1_64' title="bbox 185 3551 1755 3632">
    <p class='ocr_par' dir='ltr' id='par_1_64' title="bbox 185 3551 1755 3632">
     <span class='ocr_line' id='line_1_65' title="bbox 185 3551 1755 3632; baseline -0.006 -19"><span class='ocrx_word' id='word_1_406' title='bbox 185 3561 469 3628; x_wconf 85' lang='grc' dir='ltr'><strong>γεγονέναι</strong></span> <span class='ocrx_word' id='word_1_407' title='bbox 497 3559 788 3632; x_wconf 23' lang='grc' dir='ltr'><strong>τοῦῆΛόγου</strong></span> <span class='ocrx_word' id='word_1_408' title='bbox 816 3559 913 3626; x_wconf 81' lang='grc' dir='ltr'><strong>τὴν</strong></span> <span class='ocrx_word' id='word_1_409' title='bbox 944 3557 1258 3609; x_wconf 83' lang='grc' dir='ltr'><strong>ἀνάστασιν.</strong></span> <span class='ocrx_word' id='word_1_410' title='bbox 1292 3555 1490 3622; x_wconf 82' lang='grc' dir='ltr'><strong>Θωμᾶς</strong></span> <span class='ocrx_word' id='word_1_411' title='bbox 1518 3551 1608 3607; x_wconf 80' lang='grc' dir='ltr'><strong>οὖν</strong></span> <span class='ocrx_word' id='word_1_412' title='bbox 1639 3556 1755 3605; x_wconf 80' lang='grc' dir='ltr'><strong>ἐστι</strong></span> 
     </span>
    </p>
   </div>
   <div class='ocr_carea' id='block_1_65' title="bbox 185 3642 1752 3716">
    <p class='ocr_par' dir='ltr' id='par_1_65' title="bbox 185 3642 1752 3716">
     <span class='ocr_line' id='line_1_66' title="bbox 185 3642 1752 3716; baseline -0.006 -11"><span class='ocrx_word' id='word_1_413' title='bbox 185 3654 294 3714; x_wconf 78' lang='grc' dir='ltr'><strong>πᾶς</strong></span> <span class='ocrx_word' id='word_1_414' title='bbox 323 3649 668 3710; x_wconf 80' lang='grc' dir='ltr'><strong>διστακτικὸς</strong></span> <span class='ocrx_word' id='word_1_415' title='bbox 718 3642 1000 3716; x_wconf 73' lang='grc' dir='ltr'><strong>ἄνθρωπος</strong></span> <span class='ocrx_word' id='word_1_416' title='bbox 1041 3647 1142 3715; x_wconf 83' lang='grc' dir='ltr'><strong>τὴν</strong></span> <span class='ocrx_word' id='word_1_417' title='bbox 1168 3645 1261 3697; x_wconf 83' lang='grc' dir='ltr'><strong>τοῦ</strong></span> <span class='ocrx_word' id='word_1_418' title='bbox 1303 3646 1360 3696; x_wconf 83' lang='grc' dir='ltr'><strong>ἐν</strong></span> <span class='ocrx_word' id='word_1_419' title='bbox 1403 3644 1550 3713; x_wconf 82' lang='grc' dir='ltr'><strong>αὐτῷ</strong></span> <span class='ocrx_word' id='word_1_420' title='bbox 1581 3645 1752 3710; x_wconf 81' lang='grc' dir='ltr'><strong>Λόγου</strong></span> 
     </span>
    </p>
   </div>
   <div class='ocr_carea' id='block_1_66' title="bbox 184 3735 1754 3814">
    <p class='ocr_par' dir='ltr' id='par_1_66' title="bbox 184 3735 1754 3814">
     <span class='ocr_line' id='line_1_67' title="bbox 184 3735 1754 3814; baseline -0.005 -18"><span class='ocrx_word' id='word_1_421' title='bbox 184 3743 285 3814; x_wconf 79' lang='grc' dir='ltr'><strong>τῆς</strong></span> <span class='ocrx_word' id='word_1_422' title='bbox 314 3741 520 3812; x_wconf 83' lang='grc' dir='ltr'><strong>ἀρετῆς</strong></span> <span class='ocrx_word' id='word_1_423' title='bbox 589 3739 682 3791; x_wconf 75' lang='grc' dir='ltr'><strong>καὶ</strong></span> <span class='ocrx_word' id='word_1_424' title='bbox 731 3739 830 3810; x_wconf 83' lang='grc' dir='ltr'><strong>τῆς</strong></span> <span class='ocrx_word' id='word_1_425' title='bbox 868 3735 1119 3805; x_wconf 83' lang='grc' dir='ltr'><strong>γνώσεως</strong></span> <span class='ocrx_word' id='word_1_426' title='bbox 1162 3735 1345 3806; x_wconf 70' lang='lat'><strong>(252</strong></span> <span class='ocrx_word' id='word_1_427' title='bbox 1391 3735 1444 3806; x_wconf 87' lang='grc' dir='ltr'><strong>ο)</strong></span> <span class='ocrx_word' id='word_1_428' title='bbox 1512 3735 1754 3802; x_wconf 85' lang='grc' dir='ltr'><strong>γίνεσθαι</strong></span> 
     </span>
    </p>
   </div>
   <div class='ocr_carea' id='block_1_67' title="bbox 183 3826 1754 3896">
    <p class='ocr_par' dir='ltr' id='par_1_67' title="bbox 183 3826 1754 3896">
     <span class='ocr_line' id='line_1_68' title="bbox 183 3826 1754 3896; baseline -0.007 -8"><span class='ocrx_word' id='word_1_429' title='bbox 183 3835 466 3896; x_wconf 75' lang='grc' dir='ltr'><strong>δυσκόλως</strong></span> <span class='ocrx_word' id='word_1_430' title='bbox 521 3831 789 3884; x_wconf 86' lang='grc' dir='ltr'><strong>πιστεύων</strong></span> <span class='ocrx_word' id='word_1_431' title='bbox 846 3829 1172 3891; x_wconf 71' lang='grc' dir='ltr'><strong>ἀνάστασιν,</strong></span> <span class='ocrx_word' id='word_1_432' title='bbox 1240 3830 1420 3880; x_wconf 84' lang='grc' dir='ltr'><strong>ὅντινα</strong></span> <span class='ocrx_word' id='word_1_433' title='bbox 1481 3826 1640 3895; x_wconf 85' lang='grc' dir='ltr'><strong>μόνον</strong></span> <span class='ocrx_word' id='word_1_434' title='bbox 1698 3828 1754 3878; x_wconf 82' lang='grc' dir='ltr'><strong>αἱ</strong></span> 
     </span>
    </p>
   </div>
   <div class='ocr_carea' id='block_1_68' title="bbox 189 3915 1781 3994">
    <p class='ocr_par' dir='ltr' id='par_1_68' title="bbox 189 3915 1781 3994">
     <span class='ocr_line' id='line_1_69' title="bbox 189 3915 1781 3994; baseline -0.003 -21"><span class='ocrx_word' id='word_1_435' title='bbox 189 3925 406 3994; x_wconf 78' lang='grc' dir='ltr'><strong>μνῆμαι</strong></span> <span class='ocrx_word' id='word_1_436' title='bbox 457 3923 563 3978; x_wconf 84' lang='grc' dir='ltr'><strong>τῶν</strong></span> <span class='ocrx_word' id='word_1_437' title='bbox 610 3921 1018 3992; x_wconf 76' lang='grc' dir='ltr'><strong>προγεγονότων</strong></span> <span class='ocrx_word' id='word_1_438' title='bbox 1065 3919 1493 3988; x_wconf 80' lang='grc' dir='ltr'><strong>ἁμαρτημάτων,</strong></span> <span class='ocrx_word' id='word_1_439' title='bbox 1534 3915 1781 3979; x_wconf 69' lang='grc' dir='ltr'><strong>ἀπαθῶς,</strong></span> 
     </span>
    </p>
   </div>
   <div class='ocr_carea' id='block_1_69' title="bbox 186 4001 1772 4080">
    <p class='ocr_par' dir='ltr' id='par_1_69' title="bbox 186 4001 1772 4080">
     <span class='ocr_line' id='line_1_70' title="bbox 186 4001 1772 4080; baseline -0.004 -16"><span class='ocrx_word' id='word_1_440' title='bbox 186 4011 531 4080; x_wconf 81' lang='grc' dir='ltr'><strong>τυπούμεναι</strong></span> <span class='ocrx_word' id='word_1_441' title='bbox 577 4001 719 4063; x_wconf 72' lang='grc' dir='ltr'><strong>κατὰ</strong></span> <span class='ocrx_word' id='word_1_442' title='bbox 767 4009 1022 4072; x_wconf 88' lang='grc' dir='ltr'><strong>διάνοιαν,</strong></span> <span class='ocrx_word' id='word_1_443' title='bbox 1080 4007 1324 4059; x_wconf 80' lang='grc' dir='ltr'><strong>πείθουσι</strong></span> <span class='ocrx_word' id='word_1_444' title='bbox 1375 4007 1468 4060; x_wconf 83' lang='grc' dir='ltr'><strong>τοῦ</strong></span> <span class='ocrx_word' id='word_1_445' title='bbox 1513 4007 1570 4058; x_wconf 83' lang='grc' dir='ltr'><strong>ὲν</strong></span> <span class='ocrx_word' id='word_1_446' title='bbox 1608 4005 1772 4074; x_wconf 72' lang='grc' dir='ltr'><strong>αὑτῷο</strong></span> 
     </span>
    </p>
   </div>
   <div class='ocr_carea' id='block_1_70' title="bbox 188 4097 1760 4167">
    <p class='ocr_par' dir='ltr' id='par_1_70' title="bbox 188 4097 1760 4167">
     <span class='ocr_line' id='line_1_71' title="bbox 188 4097 1760 4167; baseline -0.004 -12"><span class='ocrx_word' id='word_1_447' title='bbox 188 4103 337 4155; x_wconf 82' lang='grc' dir='ltr'><strong>θείου</strong></span> <span class='ocrx_word' id='word_1_448' title='bbox 373 4101 548 4166; x_wconf 83' lang='grc' dir='ltr'><strong>Λόγου</strong></span> <span class='ocrx_word' id='word_1_449' title='bbox 586 4099 842 4164; x_wconf 77' lang='grc' dir='ltr'><strong>δέξασθαι</strong></span> <span class='ocrx_word' id='word_1_450' title='bbox 891 4099 989 4166; x_wconf 84' lang='grc' dir='ltr'><strong>τὴν</strong></span> <span class='ocrx_word' id='word_1_451' title='bbox 1019 4099 1336 4162; x_wconf 78' lang='grc' dir='ltr'><strong>ἀνάστασιν,</strong></span> <span class='ocrx_word' id='word_1_452' title='bbox 1375 4099 1468 4150; x_wconf 80' lang='grc' dir='ltr'><strong>καὶ</strong></span> <span class='ocrx_word' id='word_1_453' title='bbox 1497 4097 1760 4167; x_wconf 84' lang='grc' dir='ltr'><strong>ὁμολογῆ-</strong></span> 
     </span>
    </p>
   </div>
   <div class='ocr_carea' id='block_1_71' title="bbox 190 4185 1760 4259">
    <p class='ocr_par' dir='ltr' id='par_1_71' title="bbox 190 4185 1760 4259">
     <span class='ocr_line' id='line_1_72' title="bbox 190 4185 1760 4259; baseline -0.004 -12"><span class='ocrx_word' id='word_1_454' title='bbox 190 4211 280 4247; x_wconf 83' lang='grc' dir='ltr'><strong>σαι</strong></span> <span class='ocrx_word' id='word_1_455' title='bbox 326 4191 489 4246; x_wconf 79' lang='grc' dir='ltr'><strong>αὐτὸν</strong></span> <span class='ocrx_word' id='word_1_456' title='bbox 540 4185 755 4258; x_wconf 74' lang='grc' dir='ltr'><strong>’Κύριον</strong></span> <span class='ocrx_word' id='word_1_457' title='bbox 804 4189 898 4240; x_wconf 62' lang='grc' dir='ltr'><strong>καὶ¹</strong></span> <span class='ocrx_word' id='word_1_458' title='bbox 945 4188 1076 4240; x_wconf 80' lang='grc' dir='ltr'><strong>Θεόν</strong></span> <span class='ocrx_word' id='word_1_459' title='bbox 1107 4204 1120 4217; x_wconf 83' lang='lat'>&#39;</span> <span class='ocrx_word' id='word_1_460' title='bbox 1149 4189 1351 4259; x_wconf 82' lang='grc' dir='ltr'><strong>Κύριον</strong></span> <span class='ocrx_word' id='word_1_461' title='bbox 1395 4193 1493 4258; x_wconf 84' lang='grc' dir='ltr'><strong>μὲν</strong></span> <span class='ocrx_word' id='word_1_462' title='bbox 1538 4189 1614 4251; x_wconf 83' lang='grc' dir='ltr'><strong>ὡς</strong></span> <span class='ocrx_word' id='word_1_463' title='bbox 1658 4189 1760 4257; x_wconf 78' lang='grc' dir='ltr'><strong>τῆς</strong></span> 
     </span>
    </p>
   </div>
   <div class='ocr_carea' id='block_1_72' title="bbox 189 4277 1760 4352">
    <p class='ocr_par' dir='ltr' id='par_1_72' title="bbox 189 4277 1760 4352">
     <span class='ocr_line' id='line_1_73' title="bbox 189 4277 1760 4352; baseline -0.004 -15"><span class='ocrx_word' id='word_1_464' title='bbox 189 4285 336 4338; x_wconf 79' lang='grc' dir='ltr'><strong>κατὰ</strong></span> <span class='ocrx_word' id='word_1_465' title='bbox 369 4284 568 4352; x_wconf 81' lang='grc' dir='ltr'><strong>πρᾶξιν</strong></span> <span class='ocrx_word' id='word_1_466' title='bbox 611 4281 944 4349; x_wconf 84' lang='grc' dir='ltr'><strong>τελειότητος</strong></span> <span class='ocrx_word' id='word_1_467' title='bbox 974 4277 1288 4349; x_wconf 81' lang='grc' dir='ltr'><strong>νομοθέτην,</strong></span> <span class='ocrx_word' id='word_1_468' title='bbox 1320 4281 1451 4331; x_wconf 76' lang='grc' dir='ltr'><strong>Θεὸν</strong></span> <span class='ocrx_word' id='word_1_469' title='bbox 1471 4280 1528 4344; x_wconf 78' lang='grc' dir='ltr'><strong>δὲ</strong></span> <span class='ocrx_word' id='word_1_470' title='bbox 1557 4281 1630 4341; x_wconf 80' lang='grc' dir='ltr'><strong>ὡς</strong></span> <span class='ocrx_word' id='word_1_471' title='bbox 1660 4280 1760 4348; x_wconf 82' lang='grc' dir='ltr'><strong>τῆς</strong></span> 
     </span>
    </p>
   </div>
   <div class='ocr_carea' id='block_1_73' title="bbox 188 4358 1756 4443">
    <p class='ocr_par' dir='ltr' id='par_1_73' title="bbox 188 4358 1756 4443">
     <span class='ocr_line' id='line_1_74' title="bbox 188 4358 1756 4443; baseline -0.001 -19"><span class='ocrx_word' id='word_1_472' title='bbox 188 4358 328 4426; x_wconf 78' lang='grc' dir='ltr'><strong>κατᾶ</strong></span> <span class='ocrx_word' id='word_1_473' title='bbox 351 4373 454 4443; x_wconf 81' lang='grc' dir='ltr'><strong>τὴν</strong></span> <span class='ocrx_word' id='word_1_474' title='bbox 473 4373 701 4441; x_wconf 76' lang='grc' dir='ltr'><strong>θεωρίαν</strong></span> <span class='ocrx_word' id='word_1_475' title='bbox 727 4369 1032 4432; x_wconf 64' lang='grc' dir='ltr'><strong>παντελοῦς,</strong></span> <span class='ocrx_word' id='word_1_476' title='bbox 1049 4371 1431 4438; x_wconf 79' lang='grc' dir='ltr'><strong>μυσταγωγὶας</strong></span> <span class='ocrx_word' id='word_1_477' title='bbox 1455 4372 1756 4441; x_wconf 78' lang='grc' dir='ltr'><strong>ὑφηγητήν.</strong></span> 
     </span>
    </p>
   </div>
   <div class='ocr_carea' id='block_1_74' title="bbox 202 4451 1762 4532">
    <p class='ocr_par' dir='ltr' id='par_1_74' title="bbox 202 4451 1762 4532">
     <span class='ocr_line' id='line_1_75' title="bbox 202 4451 1762 4532; baseline -0.001 -18"><span class='ocrx_word' id='word_1_478' title='bbox 202 4451 452 4530; x_wconf 83' lang='grc' dir='ltr'><strong>Ἀπαοὴς</strong></span> <span class='ocrx_word' id='word_1_479' title='bbox 502 4462 559 4516; x_wconf 80' lang='grc' dir='ltr'><strong>δὲ</strong></span> <span class='ocrx_word' id='word_1_480' title='bbox 600 4463 790 4532; x_wconf 80' lang='grc' dir='ltr'><strong>μνήμη</strong></span> <span class='ocrx_word' id='word_1_481' title='bbox 831 4460 945 4514; x_wconf 77' lang='grc' dir='ltr'><strong>ἐστὶ</strong></span> <span class='ocrx_word' id='word_1_482' title='bbox 992 4459 1099 4512; x_wconf 80' lang='grc' dir='ltr'><strong>τῶν</strong></span> <span class='ocrx_word' id='word_1_483' title='bbox 1146 4462 1631 4530; x_wconf 80' lang='grc' dir='ltr'><strong>προγεγενημένων</strong></span> <span class='ocrx_word' id='word_1_484' title='bbox 1669 4461 1762 4525; x_wconf 65' lang='grc' dir='ltr'><strong>τύτ</strong></span> 
     </span>
    </p>
   </div>
   <div class='ocr_carea' id='block_1_75' title="bbox 1854 3363 3461 3449">
    <p class='ocr_par' dir='ltr' id='par_1_75' title="bbox 1854 3363 3461 3449">
     <span class='ocr_line' id='line_1_76' title="bbox 1854 3363 3461 3449; baseline 0.004 -20"><span class='ocrx_word' id='word_1_485' title='bbox 1854 3377 1940 3431; x_wconf 89' lang='lat' dir='ltr'><strong>vel</strong></span> <span class='ocrx_word' id='word_1_486' title='bbox 1970 3376 2226 3430; x_wconf 89' lang='lat' dir='ltr'><strong>dubitans</strong></span> <span class='ocrx_word' id='word_1_487' title='bbox 2255 3384 2454 3440; x_wconf 89' lang='lat' dir='ltr'><strong>mente,</strong></span> <span class='ocrx_word' id='word_1_488' title='bbox 2486 3386 2541 3430; x_wconf 89' lang='lat' dir='ltr'><strong>et</strong></span> <span class='ocrx_word' id='word_1_489' title='bbox 2574 3363 2857 3444; x_wconf 59' lang='lat' dir='ltr'><strong>propterea</strong></span> <span class='ocrx_word' id='word_1_490' title='bbox 2887 3377 3160 3430; x_wconf 84' lang='lat' dir='ltr'><strong>clavorum</strong></span> <span class='ocrx_word' id='word_1_491' title='bbox 3190 3379 3418 3449; x_wconf 84' lang='lat' dir='ltr'><strong>imprcs-</strong></span> <span class='ocrx_word' id='word_1_492' title='bbox 3458 3415 3461 3419; x_wconf 93' lang='lat'><strong><em>-</em></strong></span> 
     </span>
    </p>
   </div>
   <div class='ocr_carea' id='block_1_76' title="bbox 1852 3468 3420 3525">
    <p class='ocr_par' dir='ltr' id='par_1_76' title="bbox 1852 3468 3420 3525">
     <span class='ocr_line' id='line_1_77' title="bbox 1852 3468 3420 3525; baseline 0.003 -5"><span class='ocrx_word' id='word_1_493' title='bbox 1852 3468 2102 3521; x_wconf 87' lang='lat' dir='ltr'><strong>sionibus</strong></span> <span class='ocrx_word' id='word_1_494' title='bbox 2136 3483 2244 3520; x_wconf 90' lang='lat' dir='ltr'><strong>non</strong></span> <span class='ocrx_word' id='word_1_495' title='bbox 2279 3469 2630 3522; x_wconf 91' lang='lat' dir='ltr'><strong>contrectatis</strong></span> <span class='ocrx_word' id='word_1_496' title='bbox 2660 3482 2763 3522; x_wconf 88' lang='lat' dir='ltr'><strong>nec</strong></span> <span class='ocrx_word' id='word_1_497' title='bbox 2804 3471 3166 3524; x_wconf 78' lang='lat' dir='ltr'><strong>resurrexisse</strong></span> <span class='ocrx_word' id='word_1_498' title='bbox 3202 3471 3420 3525; x_wconf 88' lang='lat' dir='ltr'><strong>Sermo-</strong></span> 
     </span>
    </p>
   </div>
   <div class='ocr_carea' id='block_1_77' title="bbox 1853 3559 3417 3628">
    <p class='ocr_par' dir='ltr' id='par_1_77' title="bbox 1853 3559 3417 3628">
     <span class='ocr_line' id='line_1_78' title="bbox 1853 3559 3417 3628; baseline 0.005 -18"><span class='ocrx_word' id='word_1_499' title='bbox 1853 3573 1978 3610; x_wconf 92' lang='lat' dir='ltr'><strong>nem</strong></span> <span class='ocrx_word' id='word_1_500' title='bbox 2012 3559 2260 3612; x_wconf 89' lang='lat' dir='ltr'><strong>credens.</strong></span> <span class='ocrx_word' id='word_1_501' title='bbox 2312 3559 2548 3612; x_wconf 89' lang='lat' dir='ltr'><strong>Thomas</strong></span> <span class='ocrx_word' id='word_1_502' title='bbox 2591 3560 2758 3628; x_wconf 85' lang='lat' dir='ltr'><strong>igitur</strong></span> <span class='ocrx_word' id='word_1_503' title='bbox 2805 3563 3111 3617; x_wconf 78' lang='lat' dir='ltr'><strong>est&#39;omnis</strong></span> <span class='ocrx_word' id='word_1_504' title='bbox 3153 3564 3317 3618; x_wconf 89' lang='lat' dir='ltr'><strong>homo</strong></span> <span class='ocrx_word' id='word_1_505' title='bbox 3360 3564 3417 3618; x_wconf 87' lang='lat' dir='ltr'><strong>in</strong></span> 
     </span>
    </p>
   </div>
   <div class='ocr_carea' id='block_1_78' title="bbox 1853 3647 3419 3722">
    <p class='ocr_par' dir='ltr' id='par_1_78' title="bbox 1853 3647 3419 3722">
     <span class='ocr_line' id='line_1_79' title="bbox 1853 3647 3419 3722; baseline 0.006 -24"><span class='ocrx_word' id='word_1_506' title='bbox 1853 3647 2248 3701; x_wconf 84' lang='lat' dir='ltr'><strong>dubitationem</strong></span> <span class='ocrx_word' id='word_1_507' title='bbox 2282 3648 2538 3714; x_wconf 87' lang='lat' dir='ltr'><strong>proclivis</strong></span> <span class='ocrx_word' id='word_1_508' title='bbox 2567 3649 2660 3714; x_wconf 88' lang='lat' dir='ltr'><strong>qui</strong></span> <span class='ocrx_word' id='word_1_509' title='bbox 2699 3647 2977 3704; x_wconf 87' lang='lat' dir='ltr'><strong>Sermonis</strong></span> <span class='ocrx_word' id='word_1_510' title='bbox 3003 3652 3223 3706; x_wconf 89' lang='lat' dir='ltr'><strong>virtutis</strong></span> <span class='ocrx_word' id='word_1_511' title='bbox 3255 3662 3419 3722; x_wconf 87' lang='lat' dir='ltr'><strong>atque</strong></span> 
     </span>
    </p>
   </div>
   <div class='ocr_carea' id='block_1_79' title="bbox 1853 3736 3418 3806">
    <p class='ocr_par' dir='ltr' id='par_1_79' title="bbox 1853 3736 3418 3806">
     <span class='ocr_line' id='line_1_80' title="bbox 1853 3736 3418 3806; baseline 0.006 -18"><span class='ocrx_word' id='word_1_512' title='bbox 1853 3736 2181 3806; x_wconf 76' lang='lat' dir='ltr'><strong>cognitionis</strong></span> <span class='ocrx_word' id='word_1_513' title='bbox 2220 3751 2380 3804; x_wconf 82' lang='lat' dir='ltr'><strong>quem</strong></span> <span class='ocrx_word' id='word_1_514' title='bbox 2432 3737 2487 3790; x_wconf 92' lang='lat' dir='ltr'><strong>in</strong></span> <span class='ocrx_word' id='word_1_515' title='bbox 2538 3738 2832 3804; x_wconf 91' lang='lat' dir='ltr'><strong>semetipso</strong></span> <span class='ocrx_word' id='word_1_516' title='bbox 2879 3739 3042 3792; x_wconf 85' lang='lat' dir='ltr'><strong>habet</strong></span> <span class='ocrx_word' id='word_1_517' title='bbox 3086 3741 3229 3795; x_wconf 90' lang='lat' dir='ltr'><strong>haud</strong></span> <span class='ocrx_word' id='word_1_518' title='bbox 3259 3743 3418 3798; x_wconf 82' lang='lat' dir='ltr'><strong>faciic</strong></span> 
     </span>
    </p>
   </div>
   <div class='ocr_carea' id='block_1_80' title="bbox 1854 3825 3416 3898">
    <p class='ocr_par' dir='ltr' id='par_1_80' title="bbox 1854 3825 3416 3898">
     <span class='ocr_line' id='line_1_81' title="bbox 1854 3825 3416 3898; baseline 0.004 -20"><span class='ocrx_word' id='word_1_519' title='bbox 1854 3825 2030 3879; x_wconf 91' lang='lat' dir='ltr'><strong>credit</strong></span> <span class='ocrx_word' id='word_1_520' title='bbox 2065 3825 2303 3879; x_wconf 81' lang='lat' dir='ltr'><strong>futuram</strong></span> <span class='ocrx_word' id='word_1_521' title='bbox 2347 3841 2467 3882; x_wconf 89' lang='lat' dir='ltr'><strong>esse</strong></span> <span class='ocrx_word' id='word_1_522' title='bbox 2513 3825 2990 3889; x_wconf 86' lang='lat' dir='ltr'><strong>resurrectionem,</strong></span> <span class='ocrx_word' id='word_1_523' title='bbox 3027 3829 3114 3880; x_wconf 90' lang='lat' dir='ltr'><strong>cui</strong></span> <span class='ocrx_word' id='word_1_524' title='bbox 3162 3839 3416 3898; x_wconf 88' lang='lat' dir='ltr'><strong>peccato-</strong></span> 
     </span>
    </p>
   </div>
   <div class='ocr_carea' id='block_1_81' title="bbox 1854 3898 3416 3981">
    <p class='ocr_par' dir='ltr' id='par_1_81' title="bbox 1854 3898 3416 3981">
     <span class='ocr_line' id='line_1_82' title="bbox 1854 3898 3416 3981; baseline 0.003 -11"><span class='ocrx_word' id='word_1_525' title='bbox 1854 3933 1975 3970; x_wconf 90' lang='lat' dir='ltr'><strong>rum</strong></span> <span class='ocrx_word' id='word_1_526' title='bbox 1999 3919 2172 3971; x_wconf 82' lang='lat' dir='ltr'><strong>solum</strong></span> <span class='ocrx_word' id='word_1_527' title='bbox 2199 3925 2357 3970; x_wconf 86' lang='lat' dir='ltr'><strong>antea</strong></span> <span class='ocrx_word' id='word_1_528' title='bbox 2381 3898 2645 3971; x_wconf 80' lang='lat' dir='ltr'><strong>factorum</strong></span> <span class='ocrx_word' id='word_1_529' title='bbox 2674 3925 3045 3981; x_wconf 89' lang='lat' dir='ltr'><strong>monumenta,</strong></span> <span class='ocrx_word' id='word_1_530' title='bbox 3074 3920 3190 3973; x_wconf 90' lang='lat' dir='ltr'><strong>sine</strong></span> <span class='ocrx_word' id='word_1_531' title='bbox 3218 3921 3416 3976; x_wconf 83' lang='lat' dir='ltr'><strong>aﬂ‘ectu</strong></span> 
     </span>
    </p>
   </div>
   <div class='ocr_carea' id='block_1_82' title="bbox 1857 4004 3418 4075">
    <p class='ocr_par' dir='ltr' id='par_1_82' title="bbox 1857 4004 3418 4075">
     <span class='ocr_line' id='line_1_83' title="bbox 1857 4004 3418 4075; baseline 0.001 -15"><span class='ocrx_word' id='word_1_532' title='bbox 1857 4005 1913 4060; x_wconf 89' lang='lat' dir='ltr'><strong>in</strong></span> <span class='ocrx_word' id='word_1_533' title='bbox 1963 4014 2142 4059; x_wconf 88' lang='lat' dir='ltr'><strong>mente</strong></span> <span class='ocrx_word' id='word_1_534' title='bbox 2186 4005 2470 4073; x_wconf 87' lang='lat' dir='ltr'><strong>impressa.</strong></span> <span class='ocrx_word' id='word_1_535' title='bbox 2504 4004 2673 4058; x_wconf 86' lang='lat' dir='ltr'><strong>divini</strong></span> <span class='ocrx_word' id='word_1_536' title='bbox 2707 4007 2763 4058; x_wconf 92' lang='lat' dir='ltr'><strong>in</strong></span> <span class='ocrx_word' id='word_1_537' title='bbox 2802 4006 3096 4075; x_wconf 86' lang='lat' dir='ltr'><strong>semetipso</strong></span> <span class='ocrx_word' id='word_1_538' title='bbox 3140 4009 3418 4063; x_wconf 88' lang='lat' dir='ltr'><strong>Sermonis</strong></span> 
     </span>
    </p>
   </div>
   <div class='ocr_carea' id='block_1_83' title="bbox 1857 4089 3415 4166">
    <p class='ocr_par' dir='ltr' id='par_1_83' title="bbox 1857 4089 3415 4166">
     <span class='ocr_line' id='line_1_84' title="bbox 1857 4089 3415 4166; baseline 0.001 -16"><span class='ocrx_word' id='word_1_539' title='bbox 1857 4098 2328 4152; x_wconf 86' lang='lat' dir='ltr'><strong>resuscitationem</strong></span> <span class='ocrx_word' id='word_1_540' title='bbox 2358 4098 2597 4150; x_wconf 79' lang='lat' dir='ltr'><strong>futuram</strong></span> <span class='ocrx_word' id='word_1_541' title='bbox 2622 4112 2740 4151; x_wconf 88' lang='lat' dir='ltr'><strong>esse</strong></span> <span class='ocrx_word' id='word_1_542' title='bbox 2765 4089 3094 4166; x_wconf 78' lang='lat' dir='ltr'><strong>persuadent</strong></span> <span class='ocrx_word' id='word_1_543' title='bbox 3125 4108 3182 4151; x_wconf 89' lang='lat' dir='ltr'><strong>ut</strong></span> <span class='ocrx_word' id='word_1_544' title='bbox 3207 4099 3415 4163; x_wconf 88' lang='lat' dir='ltr'><strong>credat,</strong></span> 
     </span>
    </p>
   </div>
   <div class='ocr_carea' id='block_1_84' title="bbox 1858 4190 3416 4259">
    <p class='ocr_par' dir='ltr' id='par_1_84' title="bbox 1858 4190 3416 4259">
     <span class='ocr_line' id='line_1_85' title="bbox 1858 4190 3416 4259; baseline 0.001 -18"><span class='ocrx_word' id='word_1_545' title='bbox 1858 4199 2020 4258; x_wconf 90' lang='lat' dir='ltr'><strong>atque</strong></span> <span class='ocrx_word' id='word_1_546' title='bbox 2067 4200 2126 4244; x_wconf 90' lang='lat' dir='ltr'><strong>ut</strong></span> <span class='ocrx_word' id='word_1_547' title='bbox 2175 4205 2300 4243; x_wconf 92' lang='lat' dir='ltr'><strong>cum</strong></span> <span class='ocrx_word' id='word_1_548' title='bbox 2349 4190 2637 4243; x_wconf 89' lang='lat' dir='ltr'><strong>Dominum</strong></span> <span class='ocrx_word' id='word_1_549' title='bbox 2686 4204 2747 4242; x_wconf 91' lang='lat' dir='ltr'><strong>ac</strong></span> <span class='ocrx_word' id='word_1_550' title='bbox 2790 4190 2958 4242; x_wconf 80' lang='lat' dir='ltr'><strong>Deum</strong></span> <span class='ocrx_word' id='word_1_551' title='bbox 3005 4205 3125 4243; x_wconf 89' lang='lat' dir='ltr'><strong>esse</strong></span> <span class='ocrx_word' id='word_1_552' title='bbox 3154 4191 3416 4259; x_wconf 86' lang='lat' dir='ltr'><strong>accipiat;</strong></span> 
     </span>
    </p>
   </div>
   <div class='ocr_carea' id='block_1_85' title="bbox 1857 4279 3419 4351">
    <p class='ocr_par' dir='ltr' id='par_1_85' title="bbox 1857 4279 3419 4351">
     <span class='ocr_line' id='line_1_86' title="bbox 1857 4279 3419 4351; baseline 0.002 -18"><span class='ocrx_word' id='word_1_553' title='bbox 1857 4279 2146 4334; x_wconf 90' lang='lat' dir='ltr'><strong>Dominum</strong></span> <span class='ocrx_word' id='word_1_554' title='bbox 2180 4280 2402 4348; x_wconf 90' lang='lat' dir='ltr'><strong>quidem</strong></span> <span class='ocrx_word' id='word_1_555' title='bbox 2435 4287 2492 4332; x_wconf 93' lang='lat' dir='ltr'><strong>ut</strong></span> <span class='ocrx_word' id='word_1_556' title='bbox 2521 4281 2790 4348; x_wconf 64' lang='lat' dir='ltr'><strong>practicze,</strong></span> <span class='ocrx_word' id='word_1_557' title='bbox 2821 4295 2988 4348; x_wconf 17' lang='lat' dir='ltr'><strong>quam,</strong></span> <span class='ocrx_word' id='word_1_558' title='bbox 3010 4281 3264 4348; x_wconf 79' lang='lat' dir='ltr'><strong>dicimus,</strong></span> <span class='ocrx_word' id='word_1_559' title='bbox 3293 4298 3419 4351; x_wconf 85' lang='lat' dir='ltr'><strong>per-</strong></span> 
     </span>
    </p>
   </div>
   <div class='ocr_carea' id='block_1_86' title="bbox 1859 4370 3421 4441">
    <p class='ocr_par' dir='ltr' id='par_1_86' title="bbox 1859 4370 3421 4441">
     <span class='ocr_line' id='line_1_87' title="bbox 1859 4370 3421 4441; baseline 0.001 -17"><span class='ocrx_word' id='word_1_560' title='bbox 1859 4370 2110 4424; x_wconf 81' lang='lat' dir='ltr'><strong>fectionis</strong></span> <span class='ocrx_word' id='word_1_561' title='bbox 2152 4370 2540 4441; x_wconf 83' lang='lat' dir='ltr'><strong>legislatorem_,</strong></span> <span class='ocrx_word' id='word_1_562' title='bbox 2566 4371 2754 4422; x_wconf 83' lang='lat' dir='ltr'><strong>&quot;Deum</strong></span> <span class='ocrx_word' id='word_1_563' title='bbox 2799 4385 2933 4423; x_wconf 82' lang='lat' dir='ltr'><strong>vero</strong></span> <span class='ocrx_word' id='word_1_564' title='bbox 2984 4379 3045 4422; x_wconf 91' lang='lat' dir='ltr'><strong>ut</strong></span> <span class='ocrx_word' id='word_1_565' title='bbox 3088 4373 3421 4441; x_wconf 81' lang='lat' dir='ltr'><strong>contempla-</strong></span> 
     </span>
    </p>
   </div>
   <div class='ocr_carea' id='block_1_87' title="bbox 1863 4437 3424 4530">
    <p class='ocr_par' dir='ltr' id='par_1_87' title="bbox 1863 4437 3424 4530">
     <span class='ocr_line' id='line_1_88' title="bbox 1863 4437 3424 4530; baseline 0.001 -17"><span class='ocrx_word' id='word_1_566' title='bbox 1863 4461 1984 4513; x_wconf 69' lang='lat' dir='ltr'><strong>tivzc</strong></span> <span class='ocrx_word' id='word_1_567' title='bbox 2016 4474 2078 4513; x_wconf 90' lang='lat' dir='ltr'><strong>ac</strong></span> <span class='ocrx_word' id='word_1_568' title='bbox 2119 4437 2290 4526; x_wconf 74' lang='lat' dir='ltr'><strong>plena:</strong></span> <span class='ocrx_word' id='word_1_569' title='bbox 2323 4437 2644 4530; x_wconf 67' lang='lat' dir='ltr'><strong>initiationis</strong></span> <span class='ocrx_word' id='word_1_570' title='bbox 2683 4458 3053 4512; x_wconf 88' lang='lat' dir='ltr'><strong>deductorem.</strong></span> <span class='ocrx_word' id='word_1_571' title='bbox 3104 4437 3424 4514; x_wconf 71' lang='lat' dir='ltr'><strong>lilonunien~</strong></span> 
     </span>
    </p>
   </div>
   <div class='ocr_carea' id='block_1_88' title="bbox 191 4545 1756 4631">
    <p class='ocr_par' dir='ltr' id='par_1_88' title="bbox 191 4548 1756 4618">
     <span class='ocr_line' id='line_1_89' title="bbox 191 4548 1756 4618; baseline -0.001 -17"><span class='ocrx_word' id='word_1_572' title='bbox 191 4566 378 4610; x_wconf 90' lang='grc' dir='ltr'><strong>πωσις</strong></span> <span class='ocrx_word' id='word_1_573' title='bbox 406 4551 440 4618; x_wconf 79' lang='grc' dir='ltr'><strong>ἡ</strong></span> <span class='ocrx_word' id='word_1_574' title='bbox 470 4551 639 4618; x_wconf 76' lang='grc' dir='ltr'><strong>χωρὶς</strong></span> <span class='ocrx_word' id='word_1_575' title='bbox 683 4550 876 4618; x_wconf 83' lang='grc' dir='ltr'><strong>ἡδονῆς</strong></span> <span class='ocrx_word' id='word_1_576' title='bbox 919 4550 1014 4602; x_wconf 77' lang='grc' dir='ltr'><strong>καὶ</strong></span> <span class='ocrx_word' id='word_1_577' title='bbox 1042 4548 1217 4617; x_wconf 81' lang='grc' dir='ltr'><strong>λύπης</strong></span> <span class='ocrx_word' id='word_1_578' title='bbox 1261 4549 1388 4617; x_wconf 69' lang='grc' dir='ltr'><strong>περὶ</strong></span> <span class='ocrx_word' id='word_1_579' title='bbox 1425 4549 1623 4618; x_wconf 79' lang='grc' dir='ltr'><strong>πρᾶξιν</strong></span> <span class='ocrx_word' id='word_1_580' title='bbox 1669 4549 1756 4600; x_wconf 71' lang='grc' dir='ltr'><strong>καὶ</strong></span> 
     </span>
    </p>
   </div>
   <div class='ocr_carea' id='block_1_89' title="bbox 1859 4545 3420 4631">
    <p class='ocr_par' dir='ltr' id='par_1_89' title="bbox 1865 4545 3420 4613">
     <span class='ocr_line' id='line_1_90' title="bbox 1865 4545 3420 4613; baseline -0.002 -12"><span class='ocrx_word' id='word_1_581' title='bbox 1865 4559 1977 4602; x_wconf 91' lang='lat' dir='ltr'><strong>tum</strong></span> <span class='ocrx_word' id='word_1_582' title='bbox 2004 4564 2135 4601; x_wconf 75' lang='lat' dir='ltr'><strong>vero</strong></span> <span class='ocrx_word' id='word_1_583' title='bbox 2158 4548 2352 4601; x_wconf 70' lang='lat' dir='ltr'><strong>affectu</strong></span> <span class='ocrx_word' id='word_1_584' title='bbox 2381 4547 2574 4600; x_wconf 83' lang='lat' dir='ltr'><strong>carens</strong></span> <span class='ocrx_word' id='word_1_585' title='bbox 2594 4555 2679 4598; x_wconf 88' lang='lat' dir='ltr'><strong>est</strong></span> <span class='ocrx_word' id='word_1_586' title='bbox 2700 4555 2825 4597; x_wconf 88' lang='lat' dir='ltr'><strong>ante</strong></span> <span class='ocrx_word' id='word_1_587' title='bbox 2845 4545 3110 4598; x_wconf 84' lang='lat' dir='ltr'><strong>factorum</strong></span> <span class='ocrx_word' id='word_1_588' title='bbox 3137 4546 3420 4613; x_wconf 75' lang='lat' dir='ltr'><strong>impressio</strong></span> 
     </span>
    </p>
   </div>
   <div class='ocr_carea' id='block_1_90' title="bbox 189 4637 1756 4710">
    <p class='ocr_par' dir='ltr' id='par_1_90' title="bbox 189 4637 1756 4710">
     <span class='ocr_line' id='line_1_91' title="bbox 189 4637 1756 4710; baseline 0 -20"><span class='ocrx_word' id='word_1_589' title='bbox 189 4639 373 4706; x_wconf 87' lang='grc' dir='ltr'><strong>Λόγον</strong></span> <span class='ocrx_word' id='word_1_590' title='bbox 397 4638 716 4708; x_wconf 79' lang='grc' dir='ltr'><strong>ἐγγινομένη</strong></span> <span class='ocrx_word' id='word_1_591' title='bbox 749 4642 814 4710; x_wconf 82' lang='grc' dir='ltr'><strong>τῇ</strong></span> <span class='ocrx_word' id='word_1_592' title='bbox 858 4639 1001 4710; x_wconf 79' lang='grc' dir='ltr'><strong>ψυχῇ</strong></span> <span class='ocrx_word' id='word_1_593' title='bbox 1045 4640 1172 4707; x_wconf 77' lang='grc' dir='ltr'><strong>περὶ</strong></span> <span class='ocrx_word' id='word_1_594' title='bbox 1213 4638 1318 4690; x_wconf 81' lang='grc' dir='ltr'><strong>τῶν</strong></span> <span class='ocrx_word' id='word_1_595' title='bbox 1350 4637 1491 4690; x_wconf 78' lang='grc' dir='ltr'><strong>ἰδίων</strong></span> <span class='ocrx_word' id='word_1_596' title='bbox 1519 4639 1756 4709; x_wconf 74' lang='grc' dir='ltr'><strong>ἔργων-ἢ</strong></span> 
     </span>
    </p>
   </div>
   <div class='ocr_carea' id='block_1_91' title="bbox 189 4726 1760 4796">
    <p class='ocr_par' dir='ltr' id='par_1_91' title="bbox 189 4726 1760 4796">
     <span class='ocr_line' id='line_1_92' title="bbox 189 4726 1760 4796; baseline 0 -16"><span class='ocrx_word' id='word_1_597' title='bbox 189 4726 488 4796; x_wconf 79' lang='grc' dir='ltr'><strong>νοημάτων</strong></span> <span class='ocrx_word' id='word_1_598' title='bbox 509 4726 818 4793; x_wconf 83' lang='grc' dir='ltr'><strong>διάγνωσις,</strong></span> <span class='ocrx_word' id='word_1_599' title='bbox 847 4729 1069 4794; x_wconf 86' lang='grc' dir='ltr'><strong>τύπους,</strong></span> <span class='ocrx_word' id='word_1_600' title='bbox 1093 4727 1207 4781; x_wconf 84' lang='grc' dir='ltr'><strong>ἀλλ’</strong></span> <span class='ocrx_word' id='word_1_601' title='bbox 1236 4728 1295 4779; x_wconf 84' lang='grc' dir='ltr'><strong>οὐ</strong></span> <span class='ocrx_word' id='word_1_602' title='bbox 1311 4728 1542 4796; x_wconf 83' lang='grc' dir='ltr'><strong>’τρήσεις</strong></span> <span class='ocrx_word' id='word_1_603' title='bbox 1567 4728 1760 4796; x_wconf 76' lang='grc' dir='ltr'><strong>ἔχουσα</strong></span> 
     </span>
    </p>
   </div>
   <div class='ocr_carea' id='block_1_92' title="bbox 190 4808 1760 4888">
    <p class='ocr_par' dir='ltr' id='par_1_92' title="bbox 190 4808 1760 4888">
     <span class='ocr_line' id='line_1_93' title="bbox 190 4808 1760 4888; baseline 0 -18"><span class='ocrx_word' id='word_1_604' title='bbox 190 4817 302 4870; x_wconf 83' lang='grc' dir='ltr'><strong>τῶν</strong></span> <span class='ocrx_word' id='word_1_605' title='bbox 318 4817 652 4888; x_wconf 86' lang='grc' dir='ltr'><strong>τραυμάτων</strong></span> <span class='ocrx_word' id='word_1_606' title='bbox 675 4815 783 4870; x_wconf 78' lang='grc' dir='ltr'><strong>’διὰ</strong></span> <span class='ocrx_word' id='word_1_607' title='bbox 798 4816 894 4887; x_wconf 78' lang='grc' dir='ltr'><strong>τὴν</strong></span> <span class='ocrx_word' id='word_1_608' title='bbox 925 4808 1287 4888; x_wconf 75' lang='grc' dir='ltr'><strong>ἐγγενομένην</strong></span> <span class='ocrx_word' id='word_1_609' title='bbox 1334 4817 1599 4872; x_wconf 69' lang='grc' dir='ltr'><strong>ἀπάθειαν</strong></span> <span class='ocrx_word' id='word_1_610' title='bbox 1635 4834 1760 4870; x_wconf 86' lang='grc' dir='ltr'><strong>συν-</strong></span> 
     </span>
    </p>
   </div>
   <div class='ocr_carea' id='block_1_93' title="bbox 193 4908 1572 4962">
    <p class='ocr_par' dir='ltr' id='par_1_93' title="bbox 193 4908 1572 4962">
     <span class='ocr_line' id='line_1_94' title="bbox 193 4908 1572 4962; baseline 0.003 -2"><span class='ocrx_word' id='word_1_611' title='bbox 193 4908 570 4962; x_wconf 83' lang='grc' dir='ltr'><strong>ουλωθέντων.</strong></span> <span class='ocrx_word' id='word_1_612' title='bbox 1566 4914 1572 4921; x_wconf 85' lang='grc'><strong>’</strong></span> 
     </span>
    </p>
   </div>
   <div class='ocr_carea' id='block_1_94' title="bbox 561 5176 1413 5246">
    <p class='ocr_par' dir='ltr' id='par_1_94' title="bbox 561 5176 1413 5246">
     <span class='ocr_line' id='line_1_95' title="bbox 561 5176 1413 5246; baseline -0.001 -14"><span class='ocrx_word' id='word_1_613' title='bbox 561 5180 736 5232; x_wconf 70' lang='grc' dir='ltr'><strong>Ἀλλο</strong></span> <span class='ocrx_word' id='word_1_614' title='bbox 757 5176 1020 5246; x_wconf 81' lang='grc' dir='ltr'><strong>θεώρημα</strong></span> <span class='ocrx_word' id='word_1_615' title='bbox 1039 5182 1129 5242; x_wconf 84' lang='grc' dir='ltr'><strong>εις</strong></span> <span class='ocrx_word' id='word_1_616' title='bbox 1161 5179 1224 5232; x_wconf 86' lang='grc' dir='ltr'><strong>τὸ</strong></span> <span class='ocrx_word' id='word_1_617' title='bbox 1249 5180 1413 5231; x_wconf 86' lang='grc' dir='ltr'><strong>αὐτό.</strong></span> 
     </span>
    </p>
   </div>
   <div class='ocr_carea' id='block_1_95' title="bbox 275 5287 1760 5364">
    <p class='ocr_par' dir='ltr' id='par_1_95' title="bbox 275 5287 1760 5364">
     <span class='ocr_line' id='line_1_96' title="bbox 275 5287 1760 5364; baseline 0 -20"><span class='ocrx_word' id='word_1_618' title='bbox 275 5292 352 5344; x_wconf 84' lang='grc' dir='ltr'><strong><em>Ἦ</em></strong></span> <span class='ocrx_word' id='word_1_619' title='bbox 407 5291 578 5345; x_wconf 84' lang='grc' dir='ltr'><strong>πάλιν</strong></span> <span class='ocrx_word' id='word_1_620' title='bbox 609 5287 726 5363; x_wconf 77' lang='grc' dir='ltr'><strong>ἧλοι</strong></span> <span class='ocrx_word' id='word_1_621' title='bbox 757 5291 1108 5360; x_wconf 79' lang='grc' dir='ltr'><strong>τυγχάνουσιν</strong></span> <span class='ocrx_word' id='word_1_622' title='bbox 1141 5293 1188 5342; x_wconf 75' lang='grc' dir='ltr'><strong>οἱ</strong></span> <span class='ocrx_word' id='word_1_623' title='bbox 1227 5293 1367 5344; x_wconf 77' lang='grc' dir='ltr'><strong>κατὰ</strong></span> <span class='ocrx_word' id='word_1_624' title='bbox 1395 5294 1491 5361; x_wconf 85' lang='grc' dir='ltr'><strong>τὴν</strong></span> <span class='ocrx_word' id='word_1_625' title='bbox 1534 5311 1760 5364; x_wconf 74' lang='grc' dir='ltr'><strong>πρακτισ</strong></span> 
     </span>
    </p>
   </div>
   <div class='ocr_carea' id='block_1_96' title="bbox 201 5379 1767 5452">
    <p class='ocr_par' dir='ltr' id='par_1_96' title="bbox 201 5379 1767 5452">
     <span class='ocr_line' id='line_1_97' title="bbox 201 5379 1767 5452; baseline -0.002 -17"><span class='ocrx_word' id='word_1_626' title='bbox 201 5380 310 5452; x_wconf 78' lang='grc' dir='ltr'><strong>κὴν</strong></span> <span class='ocrx_word' id='word_1_627' title='bbox 339 5379 653 5450; x_wconf 76' lang='grc' dir='ltr'><strong>φιλοσοφία-,ι</strong></span> <span class='ocrx_word' id='word_1_628' title='bbox 695 5381 881 5450; x_wconf 75' lang='grc' dir='ltr'><strong>τρόποι</strong></span> <span class='ocrx_word' id='word_1_629' title='bbox 923 5379 1030 5431; x_wconf 82' lang='grc' dir='ltr'><strong>τῶν</strong></span> <span class='ocrx_word' id='word_1_630' title='bbox 1076 5379 1305 5448; x_wconf 84' lang='grc' dir='ltr'><strong>ἀρετῶν,</strong></span> <span class='ocrx_word' id='word_1_631' title='bbox 1341 5382 1767 5451; x_wconf 80' lang='grc' dir='ltr'><strong>προσηλωμένην</strong></span> 
     </span>
    </p>
   </div>
   <div class='ocr_carea' id='block_1_97' title="bbox 206 5469 1767 5542">
    <p class='ocr_par' dir='ltr' id='par_1_97' title="bbox 206 5469 1767 5542">
     <span class='ocr_line' id='line_1_98' title="bbox 206 5469 1767 5542; baseline 0.001 -20"><span class='ocrx_word' id='word_1_632' title='bbox 206 5469 543 5540; x_wconf 70' lang='grc' dir='ltr'><strong>μετὰ-πόνον</strong></span> <span class='ocrx_word' id='word_1_633' title='bbox 593 5472 670 5540; x_wconf 83' lang='grc' dir='ltr'><strong>τῷ</strong></span> <span class='ocrx_word' id='word_1_634' title='bbox 710 5471 838 5539; x_wconf 78' lang='grc' dir='ltr'><strong>θείῳ</strong></span> <span class='ocrx_word' id='word_1_635' title='bbox 889 5469 1037 5538; x_wconf 76' lang='grc' dir='ltr'><strong>φόϐῳ</strong></span> <span class='ocrx_word' id='word_1_636' title='bbox 1078 5470 1406 5538; x_wconf 70' lang='grc' dir='ltr'><strong>κρατοῦντες</strong></span> <span class='ocrx_word' id='word_1_637' title='bbox 1451 5472 1547 5541; x_wconf 74' lang='grc' dir='ltr'><strong>τῆς</strong></span> <span class='ocrx_word' id='word_1_638' title='bbox 1591 5474 1767 5542; x_wconf 56' lang='grc' dir='ltr'><strong>ψυχῆς</strong></span> 
     </span>
    </p>
   </div>
   <div class='ocr_carea' id='block_1_98' title="bbox 280 5595 803 5695">
    <p class='ocr_par' dir='ltr' id='par_1_98' title="bbox 280 5595 803 5695">
     <span class='ocr_line' id='line_1_99' title="bbox 280 5595 803 5695; baseline -0.002 -15"><span class='ocrx_word' id='word_1_639' title='bbox 280 5627 304 5665; x_wconf 73' lang='grc' dir='ltr'>ί</span> <span class='ocrx_word' id='word_1_640' title='bbox 334 5626 488 5681; x_wconf 83' lang='lat' dir='ltr'><strong>Joan.</strong></span> <span class='ocrx_word' id='word_1_641' title='bbox 513 5595 600 5688; x_wconf 77' lang='lat' dir='ltr'><strong>xx,</strong></span> <span class='ocrx_word' id='word_1_642' title='bbox 625 5609 698 5681; x_wconf 53' lang='lat'><strong>95</strong></span> <span class='ocrx_word' id='word_1_643' title='bbox 722 5643 803 5695; x_wconf 87' lang='lat' dir='ltr'><strong>sq.</strong></span> 
     </span>
    </p>
   </div>
   <div class='ocr_carea' id='block_1_99' title="bbox 1863 4634 3422 4707">
    <p class='ocr_par' dir='ltr' id='par_1_99' title="bbox 1863 4634 3422 4707">
     <span class='ocr_line' id='line_1_100' title="bbox 1863 4634 3422 4707; baseline -0.001 -17"><span class='ocrx_word' id='word_1_644' title='bbox 1863 4638 2009 4707; x_wconf 89' lang='lat' dir='ltr'><strong>quod</strong></span> <span class='ocrx_word' id='word_1_645' title='bbox 2055 4638 2224 4691; x_wconf 90' lang='lat' dir='ltr'><strong>menti</strong></span> <span class='ocrx_word' id='word_1_646' title='bbox 2261 4637 2377 4691; x_wconf 89' lang='lat' dir='ltr'><strong>sine</strong></span> <span class='ocrx_word' id='word_1_647' title='bbox 2423 4636 2700 4704; x_wconf 76' lang='lat' dir='ltr'><strong>voluptate</strong></span> <span class='ocrx_word' id='word_1_648' title='bbox 2734 4650 2797 4688; x_wconf 91' lang='lat' dir='ltr'><strong>ac</strong></span> <span class='ocrx_word' id='word_1_649' title='bbox 2834 4634 3022 4687; x_wconf 89' lang='lat' dir='ltr'><strong>dolore</strong></span> <span class='ocrx_word' id='word_1_650' title='bbox 3060 4635 3203 4687; x_wconf 87' lang='lat' dir='ltr'><strong>circa</strong></span> <span class='ocrx_word' id='word_1_651' title='bbox 3252 4636 3422 4689; x_wconf 87' lang='lat' dir='ltr'><strong>aetio-</strong></span> 
     </span>
    </p>
   </div>
   <div class='ocr_carea' id='block_1_100' title="bbox 1862 4721 3422 4792">
    <p class='ocr_par' dir='ltr' id='par_1_100' title="bbox 1862 4721 3422 4792">
     <span class='ocr_line' id='line_1_101' title="bbox 1862 4721 3422 4792; baseline -0.003 -12"><span class='ocrx_word' id='word_1_652' title='bbox 1862 4743 1985 4780; x_wconf 92' lang='lat' dir='ltr'><strong>nem</strong></span> <span class='ocrx_word' id='word_1_653' title='bbox 2017 4734 2073 4780; x_wconf 91' lang='lat' dir='ltr'><strong>et</strong></span> <span class='ocrx_word' id='word_1_654' title='bbox 2101 4726 2414 4779; x_wconf 87' lang='lat' dir='ltr'><strong>Sermonem</strong></span> <span class='ocrx_word' id='word_1_655' title='bbox 2441 4723 2999 4792; x_wconf 87' lang='lat' dir='ltr'><strong>insidetpropriorum</strong></span> <span class='ocrx_word' id='word_1_656' title='bbox 3031 4721 3294 4775; x_wconf 79' lang='lat' dir='ltr'><strong>factorum</strong></span> <span class='ocrx_word' id='word_1_657' title='bbox 3327 4732 3422 4775; x_wconf 87' lang='lat' dir='ltr'><strong>aut</strong></span> 
     </span>
    </p>
   </div>
   <div class='ocr_carea' id='block_1_101' title="bbox 1863 4814 3422 4890">
    <p class='ocr_par' dir='ltr' id='par_1_101' title="bbox 1863 4814 3422 4890">
     <span class='ocr_line' id='line_1_102' title="bbox 1863 4814 3422 4890; baseline -0.004 -16"><span class='ocrx_word' id='word_1_658' title='bbox 1863 4821 2220 4890; x_wconf 82' lang='lat' dir='ltr'><strong>cogitatorum</strong></span> <span class='ocrx_word' id='word_1_659' title='bbox 2247 4820 2536 4890; x_wconf 84' lang='lat' dir='ltr'><strong>judicium,</strong></span> <span class='ocrx_word' id='word_1_660' title='bbox 2568 4817 2971 4887; x_wconf 88' lang='lat' dir='ltr'><strong>impressiones,</strong></span> <span class='ocrx_word' id='word_1_661' title='bbox 2997 4827 3050 4870; x_wconf 90' lang='lat' dir='ltr'><strong>at</strong></span> <span class='ocrx_word' id='word_1_662' title='bbox 3085 4831 3195 4870; x_wconf 88' lang='lat' dir='ltr'><strong>non</strong></span> <span class='ocrx_word' id='word_1_663' title='bbox 3243 4814 3422 4886; x_wconf 77' lang='lat' dir='ltr'><strong>perfo-</strong></span> 
     </span>
    </p>
   </div>
   <div class='ocr_carea' id='block_1_102' title="bbox 1867 4907 3422 4977">
    <p class='ocr_par' dir='ltr' id='par_1_102' title="bbox 1867 4907 3422 4977">
     <span class='ocr_line' id='line_1_103' title="bbox 1867 4907 3422 4977; baseline -0.001 -15"><span class='ocrx_word' id='word_1_664' title='bbox 1867 4912 2105 4964; x_wconf 86' lang='lat' dir='ltr'><strong>rationes</strong></span> <span class='ocrx_word' id='word_1_665' title='bbox 2139 4911 2422 4976; x_wconf 85' lang='lat' dir='ltr'><strong>vulnerum</strong></span> <span class='ocrx_word' id='word_1_666' title='bbox 2471 4909 2697 4972; x_wconf 84' lang='lat' dir='ltr'><strong>habens,</strong></span> <span class='ocrx_word' id='word_1_667' title='bbox 2729 4925 2860 4976; x_wconf 62' lang='lat' dir='ltr'><strong>qum,</strong></span> <span class='ocrx_word' id='word_1_668' title='bbox 2881 4916 3103 4977; x_wconf 86' lang='lat' dir='ltr'><strong>propter</strong></span> <span class='ocrx_word' id='word_1_669' title='bbox 3130 4907 3422 4960; x_wconf 79' lang='lat' dir='ltr'><strong>aﬂ‘ectunm</strong></span> 
     </span>
    </p>
   </div>
   <div class='ocr_carea' id='block_1_103' title="bbox 1866 4999 2891 5053">
    <p class='ocr_par' dir='ltr' id='par_1_103' title="bbox 1866 4999 2891 5053">
     <span class='ocr_line' id='line_1_104' title="bbox 1866 4999 2891 5053; baseline 0 -2"><span class='ocrx_word' id='word_1_670' title='bbox 1866 5001 2162 5053; x_wconf 76' lang='lat' dir='ltr'><strong>absentiam</strong></span> <span class='ocrx_word' id='word_1_671' title='bbox 2199 5001 2252 5052; x_wconf 92' lang='lat' dir='ltr'><strong>in</strong></span> <span class='ocrx_word' id='word_1_672' title='bbox 2283 4999 2564 5052; x_wconf 78' lang='lat' dir='ltr'><strong>Cicatrices</strong></span> <span class='ocrx_word' id='word_1_673' title='bbox 2591 5000 2891 5052; x_wconf 78' lang='lat' dir='ltr'><strong>coiverunt.</strong></span> 
     </span>
    </p>
   </div>
   <div class='ocr_carea' id='block_1_104' title="bbox 2251 5177 3030 5248">
    <p class='ocr_par' dir='ltr' id='par_1_104' title="bbox 2251 5177 3030 5248">
     <span class='ocr_line' id='line_1_105' title="bbox 2251 5177 3030 5248; baseline 0.005 -19"><span class='ocrx_word' id='word_1_674' title='bbox 2251 5177 2371 5230; x_wconf 81' lang='lat' dir='ltr'><strong>Alia</strong></span> <span class='ocrx_word' id='word_1_675' title='bbox 2401 5180 2452 5230; x_wconf 82' lang='lat' dir='ltr'><strong>in</strong></span> <span class='ocrx_word' id='word_1_676' title='bbox 2483 5180 2618 5231; x_wconf 82' lang='lat' dir='ltr'><strong>idem</strong></span> <span class='ocrx_word' id='word_1_677' title='bbox 2644 5179 3030 5248; x_wconf 77' lang='lat' dir='ltr'><strong>contemplatio.</strong></span> 
     </span>
    </p>
   </div>
   <div class='ocr_carea' id='block_1_105' title="bbox 1939 5291 3421 5362">
    <p class='ocr_par' dir='ltr' id='par_1_105' title="bbox 1939 5291 3421 5362">
     <span class='ocr_line' id='line_1_106' title="bbox 1939 5291 3421 5362; baseline 0.002 -18"><span class='ocrx_word' id='word_1_678' title='bbox 1939 5292 2032 5344; x_wconf 77' lang='lat' dir='ltr'><strong>Vel</strong></span> <span class='ocrx_word' id='word_1_679' title='bbox 2076 5306 2267 5344; x_wconf 88' lang='lat' dir='ltr'><strong>rursus</strong></span> <span class='ocrx_word' id='word_1_680' title='bbox 2300 5291 2438 5344; x_wconf 89' lang='lat' dir='ltr'><strong>elavi</strong></span> <span class='ocrx_word' id='word_1_681' title='bbox 2476 5301 2602 5345; x_wconf 85' lang='lat' dir='ltr'><strong>sunt</strong></span> <span class='ocrx_word' id='word_1_682' title='bbox 2635 5293 2898 5344; x_wconf 80' lang='lat' dir='ltr'><strong>virtutum</strong></span> <span class='ocrx_word' id='word_1_683' title='bbox 2951 5292 3248 5346; x_wconf 80' lang='lat' dir='ltr'><strong>secundum</strong></span> <span class='ocrx_word' id='word_1_684' title='bbox 3294 5309 3421 5362; x_wconf 82' lang='lat' dir='ltr'><strong>pra-</strong></span> 
     </span>
    </p>
   </div>
   <div class='ocr_carea' id='block_1_106' title="bbox 1868 5381 3426 5450">
    <p class='ocr_par' dir='ltr' id='par_1_106' title="bbox 1868 5381 3426 5450">
     <span class='ocr_line' id='line_1_107' title="bbox 1868 5381 3426 5450; baseline 0 -13"><span class='ocrx_word' id='word_1_685' title='bbox 1868 5383 2060 5437; x_wconf 87' lang='lat' dir='ltr'><strong>cticam</strong></span> <span class='ocrx_word' id='word_1_686' title='bbox 2122 5381 2525 5450; x_wconf 86' lang='lat' dir='ltr'><strong>philosophiam</strong></span> <span class='ocrx_word' id='word_1_687' title='bbox 2585 5384 2751 5443; x_wconf 85' lang='lat' dir='ltr'><strong>modi,</strong></span> <span class='ocrx_word' id='word_1_688' title='bbox 2799 5385 2993 5436; x_wconf 75' lang='lat' dir='ltr'><strong>anima:</strong></span> <span class='ocrx_word' id='word_1_689' title='bbox 3045 5384 3299 5436; x_wconf 73' lang='lat' dir='ltr'><strong>alit-etum</strong></span> <span class='ocrx_word' id='word_1_690' title='bbox 3356 5385 3426 5442; x_wconf 74' lang='lat' dir='ltr'><strong>ti.</strong></span> 
     </span>
    </p>
   </div>
   <div class='ocr_carea' id='block_1_107' title="bbox 1869 5472 3424 5547">
    <p class='ocr_par' dir='ltr' id='par_1_107' title="bbox 1869 5472 3424 5547">
     <span class='ocr_line' id='line_1_108' title="bbox 1869 5472 3424 5547; baseline 0.006 -22"><span class='ocrx_word' id='word_1_691' title='bbox 1869 5472 2038 5525; x_wconf 82' lang='lat' dir='ltr'><strong>moris</strong></span> <span class='ocrx_word' id='word_1_692' title='bbox 2090 5472 2184 5525; x_wconf 89' lang='lat' dir='ltr'><strong>Dei</strong></span> <span class='ocrx_word' id='word_1_693' title='bbox 2229 5473 2399 5526; x_wconf 78' lang='lat' dir='ltr'><strong>clavis</strong></span> <span class='ocrx_word' id='word_1_694' title='bbox 2461 5474 2675 5527; x_wconf 73' lang='lat' dir='ltr'><strong>aliixum</strong></span> <span class='ocrx_word' id='word_1_695' title='bbox 2743 5491 2864 5528; x_wconf 84' lang='lat' dir='ltr'><strong>cum</strong></span> <span class='ocrx_word' id='word_1_696' title='bbox 2923 5477 3105 5528; x_wconf 61' lang='lat' dir='ltr'><strong>labore</strong></span> <span class='ocrx_word' id='word_1_697' title='bbox 3155 5483 3424 5547; x_wconf 77' lang='lat' dir='ltr'><strong>tenentes,</strong></span> 
     </span>
    </p>
   </div>
   <div class='ocr_carea' id='block_1_108' title="bbox 282 5756 1985 5835">
    <p class='ocr_par' dir='ltr' id='par_1_108' title="bbox 282 5756 1985 5835">
     <span class='ocr_line' id='line_1_109' title="bbox 282 5756 1985 5835; baseline -0.002 -17"><span class='ocrx_word' id='word_1_698' title='bbox 282 5761 398 5835; x_wconf 70' lang='grc'><strong>(54)</strong></span> <span class='ocrx_word' id='word_1_699' title='bbox 421 5761 566 5815; x_wconf 79' lang='lat' dir='ltr'><strong>Idem</strong></span> <span class='ocrx_word' id='word_1_700' title='bbox 591 5762 735 5826; x_wconf 81' lang='lat' dir='ltr'><strong>ibid.,</strong></span> <span class='ocrx_word' id='word_1_701' title='bbox 760 5777 875 5829; x_wconf 84' lang='lat' dir='ltr'><strong>cap.</strong></span> <span class='ocrx_word' id='word_1_702' title='bbox 907 5760 994 5824; x_wconf 67' lang='grc' dir='ltr'><strong>ιιι,</strong></span> <span class='ocrx_word' id='word_1_703' title='bbox 1027 5776 1078 5830; x_wconf 82' lang='lat' dir='ltr'><strong>p.</strong></span> <span class='ocrx_word' id='word_1_704' title='bbox 1116 5760 1236 5824; x_wconf 69' lang='grc'><strong>864,</strong></span> <span class='ocrx_word' id='word_1_705' title='bbox 1275 5769 1402 5812; x_wconf 82' lang='grc' dir='ltr'><strong>ιυιιι.</strong></span> <span class='ocrx_word' id='word_1_706' title='bbox 1434 5756 1610 5828; x_wconf 85' lang='lat' dir='ltr'><strong>lOpp.</strong></span> <span class='ocrx_word' id='word_1_707' title='bbox 1645 5761 1730 5815; x_wconf 81' lang='lat' dir='ltr'><strong>ed.</strong></span> <span class='ocrx_word' id='word_1_708' title='bbox 1775 5757 1985 5814; x_wconf 84' lang='lat' dir='ltr'><strong>Bcued.-</strong></span> 
     </span>
    </p>
   </div>
  </div>
