  <div class='ocr_page' id='page_1' title='image "/cluster/home/n/w/nwhite01/storage/ocr_20150623/91/pst.000005712977/760.png"; bbox 0 0 4030 6338; ppageno 0'>
   <div class='ocr_carea' id='block_1_1' title="bbox 256 400 393 495">
    <p class='ocr_par' dir='ltr' id='par_1_1' title="bbox 256 400 393 495">
     <span class='ocr_line' id='line_1_1' title="bbox 256 400 393 495; baseline -0.036 0"><span class='ocrx_word' id='word_1_1' title='bbox 256 400 393 495; x_wconf 70' lang='lat' dir='ltr'><strong>un</strong></span> 
     </span>
    </p>
   </div>
   <div class='ocr_carea' id='block_1_2' title="bbox 1603 423 2104 483">
    <p class='ocr_par' dir='ltr' id='par_1_2' title="bbox 1603 423 2104 483">
     <span class='ocr_line' id='line_1_2' title="bbox 1603 423 2104 483; baseline -0.008 0"><span class='ocrx_word' id='word_1_2' title='bbox 1603 424 1979 483; x_wconf 59' lang='lat' dir='ltr'><strong>CENTUIUA</strong></span> <span class='ocrx_word' id='word_1_3' title='bbox 2031 423 2104 479; x_wconf 85' lang='grc' dir='ltr'><strong>Η.</strong></span> 
     </span>
    </p>
   </div>
   <div class='ocr_carea' id='block_1_3' title="bbox 3306 416 3437 489">
    <p class='ocr_par' dir='ltr' id='par_1_3' title="bbox 3306 416 3437 489">
     <span class='ocr_line' id='line_1_3' title="bbox 3306 416 3437 489; baseline -0.015 -17"><span class='ocrx_word' id='word_1_4' title='bbox 3306 416 3437 489; x_wconf 59' lang='lat'><strong>3143</strong></span> 
     </span>
    </p>
   </div>
   <div class='ocr_carea' id='block_1_4' title="bbox 252 528 1792 610">
    <p class='ocr_par' dir='ltr' id='par_1_4' title="bbox 252 532 1792 610">
     <span class='ocr_line' id='line_1_4' title="bbox 252 532 1792 610; baseline -0.005 -19"><span class='ocrx_word' id='word_1_5' title='bbox 252 544 327 610; x_wconf 81' lang='grc' dir='ltr'>γή</span> <span class='ocrx_word' id='word_1_6' title='bbox 354 556 366 568; x_wconf 92' lang='grc'><strong>·</strong></span> <span class='ocrx_word' id='word_1_7' title='bbox 401 535 465 610; x_wconf 75' lang='grc' dir='ltr'><strong>ἧς</strong></span> <span class='ocrx_word' id='word_1_8' title='bbox 490 537 662 598; x_wconf 72' lang='grc' dir='ltr'>οὐδεὶς</span> <span class='ocrx_word' id='word_1_9' title='bbox 727 534 1076 606; x_wconf 77' lang='grc' dir='ltr'><strong>ἐπιτυγχάνει</strong></span> <span class='ocrx_word' id='word_1_10' title='bbox 1137 534 1262 591; x_wconf 83' lang='grc' dir='ltr'>ἄνευ</span> <span class='ocrx_word' id='word_1_11' title='bbox 1299 534 1478 595; x_wconf 75' lang='grc' dir='ltr'>ἐλέους</span> <span class='ocrx_word' id='word_1_12' title='bbox 1540 532 1792 603; x_wconf 83' lang='grc' dir='ltr'>Χριστοῦ.</span> 
     </span>
    </p>
   </div>
   <div class='ocr_carea' id='block_1_5' title="bbox 1890 528 3434 610">
    <p class='ocr_par' dir='ltr' id='par_1_5' title="bbox 1897 528 3434 605">
     <span class='ocr_line' id='line_1_5' title="bbox 1897 528 3434 605; baseline 0.01 -24"><span class='ocrx_word' id='word_1_13' title='bbox 1897 546 2015 581; x_wconf 76' lang='lat' dir='ltr'><strong>esse</strong></span> <span class='ocrx_word' id='word_1_14' title='bbox 2060 530 2189 581; x_wconf 72' lang='grc' dir='ltr'>Ιίὺυι</span> <span class='ocrx_word' id='word_1_15' title='bbox 2208 545 2318 592; x_wconf 82' lang='lat' dir='ltr'><strong>tun,</strong></span> <span class='ocrx_word' id='word_1_16' title='bbox 2351 547 2466 597; x_wconf 65' lang='lat' dir='ltr'><strong>qna-</strong></span> <span class='ocrx_word' id='word_1_17' title='bbox 2492 534 2624 586; x_wconf 84' lang='lat' dir='ltr'><strong>nulli</strong></span> <span class='ocrx_word' id='word_1_18' title='bbox 2652 536 2857 604; x_wconf 81' lang='lat' dir='ltr'><strong>absque</strong></span> <span class='ocrx_word' id='word_1_19' title='bbox 2908 528 3279 592; x_wconf 76' lang='lat' dir='ltr'><strong>misericordia</strong></span> <span class='ocrx_word' id='word_1_20' title='bbox 3305 540 3434 605; x_wconf 69' lang='lat' dir='ltr'><strong>Iesu</strong></span> 
     </span>
    </p>
   </div>
   <div class='ocr_carea' id='block_1_6' title="bbox 326 712 1797 803">
    <p class='ocr_par' dir='ltr' id='par_1_6' title="bbox 326 731 1797 803">
     <span class='ocr_line' id='line_1_6' title="bbox 326 731 1797 803; baseline -0.001 -20"><span class='ocrx_word' id='word_1_21' title='bbox 326 734 416 785; x_wconf 63' lang='lat'><strong>&#39;46&quot;.</strong></span> <span class='ocrx_word' id='word_1_22' title='bbox 443 733 514 800; x_wconf 75' lang='grc' dir='ltr'><strong>Γῆ</strong></span> <span class='ocrx_word' id='word_1_23' title='bbox 538 734 684 784; x_wconf 77' lang='grc' dir='ltr'>ἐστιν</span> <span class='ocrx_word' id='word_1_24' title='bbox 712 731 1042 799; x_wconf 73' lang='grc' dir='ltr'><strong>ἐπαγγελίας</strong></span> <span class='ocrx_word' id='word_1_25' title='bbox 1066 734 1097 800; x_wconf 77' lang='grc' dir='ltr'>ἡ</span> <span class='ocrx_word' id='word_1_26' title='bbox 1124 732 1371 800; x_wconf 77' lang='grc' dir='ltr'>βασιλεία</span> <span class='ocrx_word' id='word_1_27' title='bbox 1400 733 1508 784; x_wconf 77' lang='grc' dir='ltr'>τῶν</span> <span class='ocrx_word' id='word_1_28' title='bbox 1537 732 1797 803; x_wconf 68' lang='grc' dir='ltr'>οὐρανῶν,</span> 
     </span>
    </p>
   </div>
   <div class='ocr_carea' id='block_1_7' title="bbox 250 818 1523 893">
    <p class='ocr_par' dir='ltr' id='par_1_7' title="bbox 250 818 1523 893">
     <span class='ocr_line' id='line_1_7' title="bbox 250 818 1523 893; baseline 0.002 -21"><span class='ocrx_word' id='word_1_29' title='bbox 250 818 324 892; x_wconf 77' lang='grc' dir='ltr'>ἧς</span> <span class='ocrx_word' id='word_1_30' title='bbox 354 822 609 893; x_wconf 74' lang='grc' dir='ltr'>πρόξενοι</span> <span class='ocrx_word' id='word_1_31' title='bbox 655 823 890 888; x_wconf 82' lang='grc' dir='ltr'>γίνονται</span> <span class='ocrx_word' id='word_1_32' title='bbox 918 821 1152 877; x_wconf 80' lang='grc' dir='ltr'><strong>ἀπάθεια</strong></span> <span class='ocrx_word' id='word_1_33' title='bbox 1184 823 1276 873; x_wconf 73' lang='grc' dir='ltr'>καὶ</span> <span class='ocrx_word' id='word_1_34' title='bbox 1303 821 1523 888; x_wconf 82' lang='grc' dir='ltr'>γνῶσις.</span> 
     </span>
    </p>
   </div>
   <div class='ocr_carea' id='block_1_8' title="bbox 324 964 1798 1039">
    <p class='ocr_par' dir='ltr' id='par_1_8' title="bbox 324 964 1798 1039">
     <span class='ocr_line' id='line_1_8' title="bbox 324 964 1798 1039; baseline -0.001 -16"><span class='ocrx_word' id='word_1_35' title='bbox 324 966 419 1023; x_wconf 68' lang='grc' dir='ltr'>λε’.</span> <span class='ocrx_word' id='word_1_36' title='bbox 462 964 735 1037; x_wconf 76' lang='grc' dir='ltr'>Αἴγυπτός</span> <span class='ocrx_word' id='word_1_37' title='bbox 781 970 896 1022; x_wconf 76' lang='grc' dir='ltr'>ἐστι</span> <span class='ocrx_word' id='word_1_38' title='bbox 932 969 1124 1039; x_wconf 81' lang='grc' dir='ltr'>νοητὴ,</span> <span class='ocrx_word' id='word_1_39' title='bbox 1149 971 1177 1021; x_wconf 99' lang='lat'><strong>6</strong></span> <span class='ocrx_word' id='word_1_40' title='bbox 1220 970 1525 1037; x_wconf 73' lang='grc' dir='ltr'>σκοτασμὸς</span> <span class='ocrx_word' id='word_1_41' title='bbox 1560 968 1669 1021; x_wconf 80' lang='grc' dir='ltr'>τῶν</span> <span class='ocrx_word' id='word_1_42' title='bbox 1696 987 1798 1021; x_wconf 82' lang='grc' dir='ltr'>πα-</span> 
     </span>
    </p>
   </div>
   <div class='ocr_carea' id='block_1_9' title="bbox 246 1052 1798 1129">
    <p class='ocr_par' dir='ltr' id='par_1_9' title="bbox 246 1052 1798 1129">
     <span class='ocr_line' id='line_1_9' title="bbox 246 1052 1798 1129; baseline 0.001 -20"><span class='ocrx_word' id='word_1_43' title='bbox 246 1058 363 1110; x_wconf 83' lang='grc' dir='ltr'>θῶν</span> <span class='ocrx_word' id='word_1_44' title='bbox 391 1075 404 1088; x_wconf 78' lang='grc' dir='ltr'><strong>ο</strong></span> <span class='ocrx_word' id='word_1_45' title='bbox 460 1060 538 1122; x_wconf 81' lang='grc' dir='ltr'><strong>είς</strong></span> <span class='ocrx_word' id='word_1_46' title='bbox 588 1060 653 1129; x_wconf 73' lang='grc' dir='ltr'>ῆν</span> <span class='ocrx_word' id='word_1_47' title='bbox 705 1058 879 1120; x_wconf 78' lang='grc' dir='ltr'>οὐδεὶς</span> <span class='ocrx_word' id='word_1_48' title='bbox 929 1052 1338 1123; x_wconf 74' lang='grc' dir='ltr'>καταϐαίνὲι,εἰ</span> <span class='ocrx_word' id='word_1_49' title='bbox 1399 1059 1473 1129; x_wconf 78' lang='grc' dir='ltr'><strong>μὴ</strong></span> <span class='ocrx_word' id='word_1_50' title='bbox 1521 1059 1662 1128; x_wconf 86' lang='grc' dir='ltr'>λιμῷ</span> <span class='ocrx_word' id='word_1_51' title='bbox 1702 1076 1798 1111; x_wconf 82' lang='grc' dir='ltr'>πε-</span> 
     </span>
    </p>
   </div>
   <div class='ocr_carea' id='block_1_10' title="bbox 291 1142 477 1199">
    <p class='ocr_par' dir='ltr' id='par_1_10' title="bbox 291 1142 477 1199">
     <span class='ocr_line' id='line_1_10' title="bbox 291 1142 477 1199; baseline 0 -3"><span class='ocrx_word' id='word_1_52' title='bbox 291 1142 477 1199; x_wconf 70' lang='grc' dir='ltr'>ιπέση.</span> 
     </span>
    </p>
   </div>
   <div class='ocr_carea' id='block_1_11' title="bbox 247 1162 1794 1306">
    <p class='ocr_par' dir='ltr' id='par_1_11' title="bbox 247 1162 1794 1306">
     <span class='ocr_line' id='line_1_11' title="bbox 291 1162 1145 1199; baseline -0.009 -2"><span class='ocrx_word' id='word_1_53' title='bbox 291 1162 376 1199; x_wconf 80' lang='grc' dir='ltr'><strong>ιπε</strong></span> <span class='ocrx_word' id='word_1_54' title='bbox 456 1185 467 1196; x_wconf 94' lang='grc'><strong>.</strong></span> <span class='ocrx_word' id='word_1_55' title='bbox 1138 1166 1145 1170; x_wconf 96' lang='grc'><strong>-</strong></span> 
     </span>
     <span class='ocr_line' id='line_1_12' title="bbox 247 1162 1794 1306; baseline 0.001 -18"><span class='ocrx_word' id='word_1_56' title='bbox 247 1163 296 1280; x_wconf 59' lang='grc' dir='ltr'><strong>ρ-</strong></span> <span class='ocrx_word' id='word_1_57' title='bbox 326 1162 635 1302; x_wconf 70' lang='grc' dir='ltr'>λς’σῃΛόγοις</span> <span class='ocrx_word' id='word_1_58' title='bbox 711 1239 1091 1306; x_wconf 67' lang='grc' dir='ltr'><strong>πνευματικοῖς</strong></span> <span class='ocrx_word' id='word_1_59' title='bbox 1151 1237 1525 1306; x_wconf 80' lang='grc' dir='ltr'>ὲπισυχνάσεις</span> <span class='ocrx_word' id='word_1_60' title='bbox 1588 1236 1650 1288; x_wconf 72' lang='grc' dir='ltr'><strong>τὸ</strong></span> <span class='ocrx_word' id='word_1_61' title='bbox 1703 1232 1794 1299; x_wconf 76' lang='grc' dir='ltr'><strong>οὖς</strong></span> 
     </span>
    </p>
   </div>
   <div class='ocr_carea' id='block_1_12' title="bbox 198 1312 1806 1401">
    <p class='ocr_par' dir='ltr' id='par_1_12' title="bbox 198 1312 1806 1401">
     <span class='ocr_line' id='line_1_13' title="bbox 198 1312 1806 1401; baseline 0.001 -24"><span class='ocrx_word' id='word_1_62' title='bbox 198 1318 203 1325; x_wconf 67' lang='grc'><em>’</em></span> <span class='ocrx_word' id='word_1_63' title='bbox 249 1342 370 1389; x_wconf 87' lang='grc' dir='ltr'>σου,</span> <span class='ocrx_word' id='word_1_64' title='bbox 401 1327 493 1377; x_wconf 83' lang='grc' dir='ltr'>καὶ</span> <span class='ocrx_word' id='word_1_65' title='bbox 535 1324 807 1396; x_wconf 64' lang='grc' dir='ltr'>λογισμῶν</span> <span class='ocrx_word' id='word_1_66' title='bbox 838 1312 1167 1397; x_wconf 69' lang='grc' dir='ltr'>ἀκαθάρτων</span> <span class='ocrx_word' id='word_1_67' title='bbox 1206 1330 1588 1397; x_wconf 83' lang='grc' dir='ltr'>ἀπομακρυνεῖ</span> <span class='ocrx_word' id='word_1_68' title='bbox 1615 1332 1643 1380; x_wconf 92' lang='lat'><strong>6</strong></span> <span class='ocrx_word' id='word_1_69' title='bbox 1672 1328 1806 1401; x_wconf 79' lang='grc' dir='ltr'>νοῦς</span> 
     </span>
    </p>
   </div>
   <div class='ocr_carea' id='block_1_13' title="bbox 246 1432 1429 1469">
    <p class='ocr_par' dir='ltr' id='par_1_13' title="bbox 246 1432 1429 1469">
     <span class='ocr_line' id='line_1_14' title="bbox 246 1432 1429 1469; baseline 0.003 -3"><span class='ocrx_word' id='word_1_70' title='bbox 246 1432 363 1466; x_wconf 85' lang='grc' dir='ltr'>σου.</span> <span class='ocrx_word' id='word_1_71' title='bbox 922 1434 929 1439; x_wconf 84' lang='grc'><strong>’</strong></span> <span class='ocrx_word' id='word_1_72' title='bbox 1063 1449 1079 1456; x_wconf 61' lang='grc' dir='ltr'><em>ι</em></span> <span class='ocrx_word' id='word_1_73' title='bbox 1424 1464 1429 1469; x_wconf 93' lang='grc'><strong><em>,</em></strong></span> 
     </span>
    </p>
   </div>
   <div class='ocr_carea' id='block_1_14' title="bbox 356 1503 1798 1574">
    <p class='ocr_par' dir='ltr' id='par_1_14' title="bbox 356 1503 1798 1574">
     <span class='ocr_line' id='line_1_15' title="bbox 356 1503 1798 1574; baseline 0.002 -19"><span class='ocrx_word' id='word_1_74' title='bbox 356 1503 419 1562; x_wconf 73' lang='grc' dir='ltr'><strong>ζ’.</strong></span> <span class='ocrx_word' id='word_1_75' title='bbox 463 1503 688 1571; x_wconf 73' lang='grc' dir='ltr'>’Λγαθδς</span> <span class='ocrx_word' id='word_1_76' title='bbox 719 1505 814 1558; x_wconf 72' lang='grc' dir='ltr'><strong>καὶ</strong></span> <span class='ocrx_word' id='word_1_77' title='bbox 855 1505 1015 1573; x_wconf 82' lang='grc' dir='ltr'>σοφὸς</span> <span class='ocrx_word' id='word_1_78' title='bbox 1048 1506 1206 1573; x_wconf 82' lang='grc' dir='ltr'>φύσει</span> <span class='ocrx_word' id='word_1_79' title='bbox 1235 1505 1393 1574; x_wconf 81' lang='grc' dir='ltr'>μόνος</span> <span class='ocrx_word' id='word_1_80' title='bbox 1420 1507 1449 1558; x_wconf 91' lang='lat'><strong>6</strong></span> <span class='ocrx_word' id='word_1_81' title='bbox 1487 1505 1617 1569; x_wconf 84' lang='grc' dir='ltr'>Θεός</span> <span class='ocrx_word' id='word_1_82' title='bbox 1644 1522 1657 1536; x_wconf 91' lang='grc'><strong>·</strong></span> <span class='ocrx_word' id='word_1_83' title='bbox 1714 1506 1798 1573; x_wconf 83' lang='grc' dir='ltr'>γί-</span> 
     </span>
    </p>
   </div>
   <div class='ocr_carea' id='block_1_15' title="bbox 230 1592 1519 1666">
    <p class='ocr_par' dir='ltr' id='par_1_15' title="bbox 230 1592 1519 1666">
     <span class='ocr_line' id='line_1_16' title="bbox 230 1592 1519 1666; baseline 0.006 -25"><span class='ocrx_word' id='word_1_84' title='bbox 230 1609 404 1645; x_wconf 63' lang='grc' dir='ltr'>νεται</span> <span class='ocrx_word' id='word_1_85' title='bbox 431 1592 488 1646; x_wconf 77' lang='grc' dir='ltr'><strong>δὲ</strong></span> <span class='ocrx_word' id='word_1_86' title='bbox 517 1594 731 1664; x_wconf 80' lang='grc' dir='ltr'><strong>μεθέξει</strong></span> <span class='ocrx_word' id='word_1_87' title='bbox 767 1597 862 1650; x_wconf 78' lang='grc' dir='ltr'><strong>καὶ</strong></span> <span class='ocrx_word' id='word_1_88' title='bbox 883 1598 912 1648; x_wconf 90' lang='lat'><strong>6</strong></span> <span class='ocrx_word' id='word_1_89' title='bbox 940 1595 1082 1660; x_wconf 83' lang='grc' dir='ltr'><strong>νοῦς,</strong></span> <span class='ocrx_word' id='word_1_90' title='bbox 1108 1596 1202 1649; x_wconf 73' lang='grc' dir='ltr'><strong>ἐὰν</strong></span> <span class='ocrx_word' id='word_1_91' title='bbox 1229 1596 1519 1666; x_wconf 79' lang='grc' dir='ltr'>σπουδάσῃ.</span> 
     </span>
    </p>
   </div>
   <div class='ocr_carea' id='block_1_16' title="bbox 323 1774 1791 1855">
    <p class='ocr_par' dir='ltr' id='par_1_16' title="bbox 323 1774 1791 1855">
     <span class='ocr_line' id='line_1_17' title="bbox 323 1774 1791 1855; baseline 0.004 -22"><span class='ocrx_word' id='word_1_92' title='bbox 323 1784 422 1852; x_wconf 83' lang='grc' dir='ltr'>λη’.</span> <span class='ocrx_word' id='word_1_93' title='bbox 452 1785 656 1854; x_wconf 79' lang='grc' dir='ltr'>Κράτει</span> <span class='ocrx_word' id='word_1_94' title='bbox 696 1787 928 1855; x_wconf 77' lang='grc' dir='ltr'>γαστρὸς</span> <span class='ocrx_word' id='word_1_95' title='bbox 985 1788 1077 1839; x_wconf 76' lang='grc' dir='ltr'><strong>καὶ</strong></span> <span class='ocrx_word' id='word_1_96' title='bbox 1120 1786 1311 1849; x_wconf 81' lang='grc' dir='ltr'>ῦπνου,</span> <span class='ocrx_word' id='word_1_97' title='bbox 1347 1787 1439 1838; x_wconf 69' lang='grc' dir='ltr'>καὶ</span> <span class='ocrx_word' id='word_1_98' title='bbox 1468 1786 1638 1855; x_wconf 84' lang='grc' dir='ltr'>θυμοῦ</span> <span class='ocrx_word' id='word_1_99' title='bbox 1659 1774 1791 1848; x_wconf 68' lang='grc' dir='ltr'>,καὶ</span> 
     </span>
    </p>
   </div>
   <div class='ocr_carea' id='block_1_17' title="bbox 244 1870 1793 1947">
    <p class='ocr_par' dir='ltr' id='par_1_17' title="bbox 244 1870 1793 1947">
     <span class='ocr_line' id='line_1_18' title="bbox 244 1870 1793 1947; baseline 0.004 -26"><span class='ocrx_word' id='word_1_100' title='bbox 244 1870 495 1942; x_wconf 82' lang='grc' dir='ltr'>γλώσσης</span> <span class='ocrx_word' id='word_1_101' title='bbox 517 1887 533 1903; x_wconf 79' lang='grc' dir='ltr'><strong><em>ο</em></strong></span> <span class='ocrx_word' id='word_1_102' title='bbox 563 1875 652 1926; x_wconf 73' lang='grc' dir='ltr'><strong>καὶ</strong></span> <span class='ocrx_word' id='word_1_103' title='bbox 682 1874 742 1925; x_wconf 79' lang='grc' dir='ltr'><strong>οὐ</strong></span> <span class='ocrx_word' id='word_1_104' title='bbox 777 1875 849 1943; x_wconf 84' lang='grc' dir='ltr'>μὴ</span> <span class='ocrx_word' id='word_1_105' title='bbox 880 1873 1201 1945; x_wconf 70' lang='grc' dir='ltr'>προσκόψεις</span> <span class='ocrx_word' id='word_1_106' title='bbox 1231 1874 1363 1943; x_wconf 71' lang='grc' dir='ltr'>πρὸς</span> <span class='ocrx_word' id='word_1_107' title='bbox 1378 1873 1524 1926; x_wconf 80' lang='grc' dir='ltr'>λίθον</span> <span class='ocrx_word' id='word_1_108' title='bbox 1546 1875 1793 1947; x_wconf 73' lang='grc' dir='ltr'>τὸνπὸδα</span> 
     </span>
    </p>
   </div>
   <div class='ocr_carea' id='block_1_18' title="bbox 246 1970 1648 2014">
    <p class='ocr_par' dir='ltr' id='par_1_18' title="bbox 246 1970 1648 2014">
     <span class='ocr_line' id='line_1_19' title="bbox 246 1970 1648 2014; baseline 0.005 -3"><span class='ocrx_word' id='word_1_109' title='bbox 246 1974 365 2014; x_wconf 81' lang='grc' dir='ltr'>σου.</span> <span class='ocrx_word' id='word_1_110' title='bbox 1520 1970 1543 1988; x_wconf 79' lang='lat'><strong>‘</strong></span> <span class='ocrx_word' id='word_1_111' title='bbox 1640 1973 1648 1983; x_wconf 86' lang='lat'><em>’</em></span> 
     </span>
    </p>
   </div>
   <div class='ocr_carea' id='block_1_19' title="bbox 320 2036 1795 2120">
    <p class='ocr_par' dir='ltr' id='par_1_19' title="bbox 320 2036 1795 2120">
     <span class='ocr_line' id='line_1_20' title="bbox 320 2036 1795 2120; baseline 0.003 -21"><span class='ocrx_word' id='word_1_112' title='bbox 320 2048 417 2100; x_wconf 73' lang='grc' dir='ltr'>λοι.</span> <span class='ocrx_word' id='word_1_113' title='bbox 456 2036 767 2116; x_wconf 72' lang='grc' dir='ltr'>“Ἀγωνίζου</span> <span class='ocrx_word' id='word_1_114' title='bbox 822 2050 1106 2119; x_wconf 82' lang='grc' dir='ltr'>ἀγαπῆσαι</span> <span class='ocrx_word' id='word_1_115' title='bbox 1168 2049 1345 2103; x_wconf 85' lang='grc' dir='ltr'>πάντα</span> <span class='ocrx_word' id='word_1_116' title='bbox 1401 2049 1684 2120; x_wconf 72' lang='grc' dir='ltr'>ἄνθρωπον</span> <span class='ocrx_word' id='word_1_117' title='bbox 1736 2050 1795 2114; x_wconf 79' lang='grc' dir='ltr'>ἐξ</span> 
     </span>
    </p>
   </div>
   <div class='ocr_carea' id='block_1_20' title="bbox 244 2135 1687 2207">
    <p class='ocr_par' dir='ltr' id='par_1_20' title="bbox 244 2135 1687 2207">
     <span class='ocr_line' id='line_1_21' title="bbox 244 2135 1687 2207; baseline 0.004 -21"><span class='ocrx_word' id='word_1_118' title='bbox 244 2136 385 2199; x_wconf 73' lang='grc' dir='ltr'>ἴσου,</span> <span class='ocrx_word' id='word_1_119' title='bbox 422 2139 515 2189; x_wconf 81' lang='grc' dir='ltr'>καὶ</span> <span class='ocrx_word' id='word_1_120' title='bbox 541 2135 862 2198; x_wconf 79' lang='grc' dir='ltr'><strong>ἀπελαύνεις</strong></span> <span class='ocrx_word' id='word_1_121' title='bbox 892 2137 1188 2207; x_wconf 77' lang='grc' dir='ltr'>συλλήϐδην</span> <span class='ocrx_word' id='word_1_122' title='bbox 1216 2138 1392 2191; x_wconf 85' lang='grc' dir='ltr'>πάντα</span> <span class='ocrx_word' id='word_1_123' title='bbox 1417 2139 1484 2191; x_wconf 87' lang='grc' dir='ltr'><strong>τά</strong></span> <span class='ocrx_word' id='word_1_124' title='bbox 1522 2140 1687 2207; x_wconf 87' lang='grc' dir='ltr'>πάθη.</span> 
     </span>
    </p>
   </div>
   <div class='ocr_carea' id='block_1_21' title="bbox 319 2224 1793 2295">
    <p class='ocr_par' dir='ltr' id='par_1_21' title="bbox 319 2224 1793 2295">
     <span class='ocr_line' id='line_1_22' title="bbox 319 2224 1793 2295; baseline -0.001 -18"><span class='ocrx_word' id='word_1_125' title='bbox 319 2232 392 2295; x_wconf 67' lang='grc' dir='ltr'><strong>μ’.</strong></span> <span class='ocrx_word' id='word_1_126' title='bbox 426 2226 594 2294; x_wconf 81' lang='grc' dir='ltr'>Κοινὴ</span> <span class='ocrx_word' id='word_1_127' title='bbox 622 2224 713 2287; x_wconf 87' lang='grc' dir='ltr'><strong>νοῦ</strong></span> <span class='ocrx_word' id='word_1_128' title='bbox 736 2225 830 2277; x_wconf 73' lang='grc' dir='ltr'><strong>καὶ</strong></span> <span class='ocrx_word' id='word_1_129' title='bbox 854 2224 1157 2293; x_wconf 76' lang='grc' dir='ltr'>αἰσθήσεως</span> <span class='ocrx_word' id='word_1_130' title='bbox 1178 2226 1211 2294; x_wconf 82' lang='grc' dir='ltr'>ὴ</span> <span class='ocrx_word' id='word_1_131' title='bbox 1243 2225 1444 2293; x_wconf 79' lang='grc' dir='ltr'><strong>θεωρία</strong></span> <span class='ocrx_word' id='word_1_132' title='bbox 1469 2224 1575 2276; x_wconf 78' lang='grc' dir='ltr'>τῶν</span> <span class='ocrx_word' id='word_1_133' title='bbox 1603 2224 1793 2292; x_wconf 83' lang='grc' dir='ltr'>αἰσθη-</span> 
     </span>
    </p>
   </div>
   <div class='ocr_carea' id='block_1_22' title="bbox 241 2306 1530 2384">
    <p class='ocr_par' dir='ltr' id='par_1_22' title="bbox 241 2306 1530 2384">
     <span class='ocr_line' id='line_1_23' title="bbox 241 2306 1530 2384; baseline 0.001 -18"><span class='ocrx_word' id='word_1_134' title='bbox 241 2306 353 2367; x_wconf 75' lang='grc' dir='ltr'><strong>-Ξῶν</strong></span> <span class='ocrx_word' id='word_1_135' title='bbox 388 2331 401 2343; x_wconf 90' lang='grc'><strong>·</strong></span> <span class='ocrx_word' id='word_1_136' title='bbox 444 2313 547 2366; x_wconf 85' lang='grc' dir='ltr'>ίδία</span> <span class='ocrx_word' id='word_1_137' title='bbox 567 2314 623 2366; x_wconf 72' lang='grc' dir='ltr'><strong>δὲ</strong></span> <span class='ocrx_word' id='word_1_138' title='bbox 650 2314 745 2366; x_wconf 89' lang='grc' dir='ltr'><strong>τοῦ</strong></span> <span class='ocrx_word' id='word_1_139' title='bbox 772 2313 865 2366; x_wconf 89' lang='grc' dir='ltr'><strong>νοῦ</strong></span> <span class='ocrx_word' id='word_1_140' title='bbox 894 2315 929 2383; x_wconf 80' lang='grc' dir='ltr'><strong>ἡ</strong></span> <span class='ocrx_word' id='word_1_141' title='bbox 960 2313 1159 2381; x_wconf 83' lang='grc' dir='ltr'>γνῶσις</span> <span class='ocrx_word' id='word_1_142' title='bbox 1186 2313 1292 2367; x_wconf 85' lang='grc' dir='ltr'>τῶν</span> <span class='ocrx_word' id='word_1_143' title='bbox 1316 2315 1530 2384; x_wconf 80' lang='grc' dir='ltr'>νοητῶν.</span> 
     </span>
    </p>
   </div>
   <div class='ocr_carea' id='block_1_23' title="bbox 318 2466 1789 2537">
    <p class='ocr_par' dir='ltr' id='par_1_23' title="bbox 318 2466 1789 2537">
     <span class='ocr_line' id='line_1_24' title="bbox 318 2466 1789 2537; baseline -0.003 -16"><span class='ocrx_word' id='word_1_144' title='bbox 318 2475 430 2535; x_wconf 83' lang='grc' dir='ltr'><strong>μα’.</strong></span> <span class='ocrx_word' id='word_1_145' title='bbox 472 2467 754 2521; x_wconf 79' lang='grc' dir='ltr'>’Δδὺνατον</span> <span class='ocrx_word' id='word_1_146' title='bbox 792 2471 882 2520; x_wconf 81' lang='grc' dir='ltr'>τὸν</span> <span class='ocrx_word' id='word_1_147' title='bbox 930 2466 1055 2521; x_wconf 93' lang='grc' dir='ltr'>νοῦν</span> <span class='ocrx_word' id='word_1_148' title='bbox 1118 2467 1372 2537; x_wconf 77' lang='grc' dir='ltr'>σχολάσαι</span> <span class='ocrx_word' id='word_1_149' title='bbox 1412 2470 1525 2529; x_wconf 85' lang='grc' dir='ltr'>τοῖς</span> <span class='ocrx_word' id='word_1_150' title='bbox 1565 2469 1789 2533; x_wconf 80' lang='grc' dir='ltr'><strong>νοητοῖς,</strong></span> 
     </span>
    </p>
   </div>
   <div class='ocr_carea' id='block_1_24' title="bbox 240 2555 1794 2628">
    <p class='ocr_par' dir='ltr' id='par_1_24' title="bbox 240 2555 1794 2628">
     <span class='ocr_line' id='line_1_25' title="bbox 240 2555 1794 2628; baseline 0 -20"><span class='ocrx_word' id='word_1_151' title='bbox 240 2560 290 2610; x_wconf 79' lang='grc' dir='ltr'><strong>εί</strong></span> <span class='ocrx_word' id='word_1_152' title='bbox 326 2557 401 2626; x_wconf 82' lang='grc' dir='ltr'><strong>μὴ</strong></span> <span class='ocrx_word' id='word_1_153' title='bbox 434 2558 530 2627; x_wconf 77' lang='grc' dir='ltr'>τὴν</span> <span class='ocrx_word' id='word_1_154' title='bbox 564 2560 744 2626; x_wconf 81' lang='grc' dir='ltr'><strong>σχέσιν</strong></span> <span class='ocrx_word' id='word_1_155' title='bbox 780 2559 878 2628; x_wconf 78' lang='grc' dir='ltr'>τὴν</span> <span class='ocrx_word' id='word_1_156' title='bbox 926 2558 1060 2627; x_wconf 80' lang='grc' dir='ltr'>πρὸς</span> <span class='ocrx_word' id='word_1_157' title='bbox 1116 2556 1216 2627; x_wconf 81' lang='grc' dir='ltr'>τὴν</span> <span class='ocrx_word' id='word_1_158' title='bbox 1262 2556 1512 2626; x_wconf 78' lang='grc' dir='ltr'>αἴσθησιν</span> <span class='ocrx_word' id='word_1_159' title='bbox 1537 2597 1551 2620; x_wconf 82' lang='grc'><strong>,</strong></span> <span class='ocrx_word' id='word_1_160' title='bbox 1587 2556 1682 2607; x_wconf 73' lang='grc' dir='ltr'><strong>καὶ</strong></span> <span class='ocrx_word' id='word_1_161' title='bbox 1729 2555 1794 2608; x_wconf 80' lang='grc' dir='ltr'>τὰ</span> 
     </span>
    </p>
   </div>
   <div class='ocr_carea' id='block_1_25' title="bbox 238 2646 1605 2717">
    <p class='ocr_par' dir='ltr' id='par_1_25' title="bbox 238 2646 1605 2717">
     <span class='ocr_line' id='line_1_26' title="bbox 238 2646 1605 2717; baseline 0 -17"><span class='ocrx_word' id='word_1_162' title='bbox 238 2646 480 2717; x_wconf 74' lang='grc' dir='ltr'>αἰσθητά</span> <span class='ocrx_word' id='word_1_163' title='bbox 507 2647 773 2717; x_wconf 65' lang='grc' dir='ltr'>ἀποκόψῃ.</span> <span class='ocrx_word' id='word_1_164' title='bbox 884 2704 889 2705; x_wconf 21' lang='grc' dir='ltr'><strong>ί</strong></span> <span class='ocrx_word' id='word_1_165' title='bbox 1600 2709 1605 2713; x_wconf 37' lang='grc'><strong>,</strong></span> 
     </span>
    </p>
   </div>
   <div class='ocr_carea' id='block_1_26' title="bbox 324 2735 1793 2807">
    <p class='ocr_par' dir='ltr' id='par_1_26' title="bbox 324 2735 1793 2807">
     <span class='ocr_line' id='line_1_27' title="bbox 324 2735 1793 2807; baseline -0.001 -18"><span class='ocrx_word' id='word_1_166' title='bbox 324 2735 432 2804; x_wconf 85' lang='grc' dir='ltr'><strong>μβ⁹.</strong></span> <span class='ocrx_word' id='word_1_167' title='bbox 468 2736 847 2805; x_wconf 78' lang='grc' dir='ltr'>Προσπάθειαν</span> <span class='ocrx_word' id='word_1_168' title='bbox 896 2735 1184 2807; x_wconf 81' lang='grc' dir='ltr'>φυσικὴνή</span> <span class='ocrx_word' id='word_1_169' title='bbox 1211 2736 1461 2806; x_wconf 80' lang='grc' dir='ltr'>αἴσθησις</span> <span class='ocrx_word' id='word_1_170' title='bbox 1505 2736 1618 2805; x_wconf 76' lang='grc' dir='ltr'>ἔχει</span> <span class='ocrx_word' id='word_1_171' title='bbox 1660 2735 1793 2806; x_wconf 83' lang='grc' dir='ltr'>πρὸς</span> 
     </span>
    </p>
   </div>
   <div class='ocr_carea' id='block_1_27' title="bbox 238 2823 1791 2893">
    <p class='ocr_par' dir='ltr' id='par_1_27' title="bbox 238 2823 1791 2893">
     <span class='ocr_line' id='line_1_28' title="bbox 238 2823 1791 2893; baseline -0.001 -18"><span class='ocrx_word' id='word_1_172' title='bbox 238 2829 313 2875; x_wconf 70' lang='grc' dir='ltr'><strong>τά</strong></span> <span class='ocrx_word' id='word_1_173' title='bbox 334 2824 589 2892; x_wconf 80' lang='grc' dir='ltr'>αἰσθητά,</span> <span class='ocrx_word' id='word_1_174' title='bbox 613 2825 708 2876; x_wconf 79' lang='grc' dir='ltr'><strong>καὶ</strong></span> <span class='ocrx_word' id='word_1_175' title='bbox 744 2823 1103 2893; x_wconf 81' lang='grc' dir='ltr'>συμπερισπᾷ</span> <span class='ocrx_word' id='word_1_176' title='bbox 1131 2823 1222 2875; x_wconf 83' lang='grc' dir='ltr'>τὸν</span> <span class='ocrx_word' id='word_1_177' title='bbox 1252 2823 1374 2875; x_wconf 89' lang='grc' dir='ltr'>νοῦν</span> <span class='ocrx_word' id='word_1_178' title='bbox 1407 2824 1791 2892; x_wconf 79' lang='grc' dir='ltr'>περισπωμένη</span> 
     </span>
    </p>
   </div>
   <div class='ocr_carea' id='block_1_28' title="bbox 242 2914 565 2983">
    <p class='ocr_par' dir='ltr' id='par_1_28' title="bbox 242 2914 565 2983">
     <span class='ocr_line' id='line_1_29' title="bbox 242 2914 565 2983; baseline 0.003 -18"><span class='ocrx_word' id='word_1_179' title='bbox 242 2915 377 2983; x_wconf 75' lang='grc' dir='ltr'>περὶ</span> <span class='ocrx_word' id='word_1_180' title='bbox 406 2914 565 2965; x_wconf 82' lang='grc' dir='ltr'>αὑτά.</span> 
     </span>
    </p>
   </div>
   <div class='ocr_carea' id='block_1_29' title="bbox 321 2999 1790 3072">
    <p class='ocr_par' dir='ltr' id='par_1_29' title="bbox 321 2999 1790 3072">
     <span class='ocr_line' id='line_1_30' title="bbox 321 2999 1790 3072; baseline -0.001 -19"><span class='ocrx_word' id='word_1_181' title='bbox 321 2999 427 3072; x_wconf 82' lang='grc' dir='ltr'><strong>μγ’.</strong></span> <span class='ocrx_word' id='word_1_182' title='bbox 465 3000 646 3070; x_wconf 79' lang='grc' dir='ltr'>Ῥίψον</span> <span class='ocrx_word' id='word_1_183' title='bbox 669 3000 766 3069; x_wconf 77' lang='grc' dir='ltr'>τὴν</span> <span class='ocrx_word' id='word_1_184' title='bbox 791 2999 1040 3069; x_wconf 77' lang='grc' dir='ltr'>αἴσθησιν</span> <span class='ocrx_word' id='word_1_185' title='bbox 1067 3002 1192 3070; x_wconf 78' lang='grc' dir='ltr'>περὶ</span> <span class='ocrx_word' id='word_1_186' title='bbox 1230 3001 1327 3069; x_wconf 71' lang='grc' dir='ltr'>τὴν</span> <span class='ocrx_word' id='word_1_187' title='bbox 1354 3001 1446 3052; x_wconf 83' lang='grc' dir='ltr'><strong>τοῦ</strong></span> <span class='ocrx_word' id='word_1_188' title='bbox 1472 3000 1562 3053; x_wconf 88' lang='grc' dir='ltr'><strong>νοῦ</strong></span> <span class='ocrx_word' id='word_1_189' title='bbox 1593 3001 1790 3069; x_wconf 82' lang='grc' dir='ltr'>ὑπουρ-</span> 
     </span>
    </p>
   </div>
   <div class='ocr_carea' id='block_1_30' title="bbox 243 3091 1791 3162">
    <p class='ocr_par' dir='ltr' id='par_1_30' title="bbox 243 3091 1791 3162">
     <span class='ocr_line' id='line_1_31' title="bbox 243 3091 1791 3162; baseline -0.005 -15"><span class='ocrx_word' id='word_1_190' title='bbox 243 3095 373 3162; x_wconf 87' lang='grc' dir='ltr'>γίαν</span> <span class='ocrx_word' id='word_1_191' title='bbox 400 3133 415 3157; x_wconf 92' lang='grc'><strong>,</strong></span> <span class='ocrx_word' id='word_1_192' title='bbox 456 3095 550 3145; x_wconf 81' lang='grc' dir='ltr'>καὶ</span> <span class='ocrx_word' id='word_1_193' title='bbox 588 3092 661 3162; x_wconf 79' lang='grc' dir='ltr'><strong>μὴ</strong></span> <span class='ocrx_word' id='word_1_194' title='bbox 691 3091 797 3161; x_wconf 84' lang='grc' dir='ltr'><strong>δῷς</strong></span> <span class='ocrx_word' id='word_1_195' title='bbox 825 3091 959 3161; x_wconf 78' lang='grc' dir='ltr'>αὐτῇ</span> <span class='ocrx_word' id='word_1_196' title='bbox 991 3093 1177 3160; x_wconf 83' lang='grc' dir='ltr'>καιρὸν</span> <span class='ocrx_word' id='word_1_197' title='bbox 1209 3092 1661 3161; x_wconf 62' lang='grc' dir='ltr'>ἀντιπερισπάσαι</span> <span class='ocrx_word' id='word_1_198' title='bbox 1694 3091 1791 3141; x_wconf 86' lang='grc' dir='ltr'>αὑ-</span> 
     </span>
    </p>
   </div>
   <div class='ocr_carea' id='block_1_31' title="bbox 238 3184 352 3235">
    <p class='ocr_par' dir='ltr' id='par_1_31' title="bbox 238 3184 352 3235">
     <span class='ocr_line' id='line_1_32' title="bbox 238 3184 352 3235; baseline 0.009 -1"><span class='ocrx_word' id='word_1_199' title='bbox 238 3184 352 3235; x_wconf 85' lang='grc' dir='ltr'>τόν.</span> 
     </span>
    </p>
   </div>
   <div class='ocr_carea' id='block_1_32' title="bbox 326 3265 1785 3341">
    <p class='ocr_par' dir='ltr' id='par_1_32' title="bbox 326 3265 1785 3341">
     <span class='ocr_line' id='line_1_33' title="bbox 326 3265 1785 3341; baseline -0.003 -17"><span class='ocrx_word' id='word_1_200' title='bbox 326 3271 429 3341; x_wconf 82' lang='grc' dir='ltr'><strong>μδ’.</strong></span> <span class='ocrx_word' id='word_1_201' title='bbox 458 3273 625 3324; x_wconf 84' lang='grc' dir='ltr'>Ὅταν</span> <span class='ocrx_word' id='word_1_202' title='bbox 671 3270 849 3340; x_wconf 79' lang='grc' dir='ltr'>συμϐῇ</span> <span class='ocrx_word' id='word_1_203' title='bbox 875 3265 965 3339; x_wconf 67' lang='grc' dir='ltr'><strong>τον</strong></span> <span class='ocrx_word' id='word_1_204' title='bbox 995 3269 1116 3323; x_wconf 91' lang='grc' dir='ltr'>νοῦν</span> <span class='ocrx_word' id='word_1_205' title='bbox 1153 3268 1410 3339; x_wconf 82' lang='grc' dir='ltr'>σχολάσαι</span> <span class='ocrx_word' id='word_1_206' title='bbox 1461 3271 1572 3328; x_wconf 83' lang='grc' dir='ltr'>τοῖς</span> <span class='ocrx_word' id='word_1_207' title='bbox 1604 3266 1785 3336; x_wconf 82' lang='grc' dir='ltr'>αἰσθη·</span> 
     </span>
    </p>
   </div>
   <div class='ocr_carea' id='block_1_33' title="bbox 238 3360 1790 3432">
    <p class='ocr_par' dir='ltr' id='par_1_33' title="bbox 238 3360 1790 3432">
     <span class='ocr_line' id='line_1_34' title="bbox 238 3360 1790 3432; baseline -0.002 -18"><span class='ocrx_word' id='word_1_208' title='bbox 238 3366 377 3425; x_wconf 79' lang='grc' dir='ltr'>τοῖς,</span> <span class='ocrx_word' id='word_1_209' title='bbox 403 3362 767 3431; x_wconf 81' lang='grc' dir='ltr'>ἀντιπερίσπα</span> <span class='ocrx_word' id='word_1_210' title='bbox 799 3362 897 3431; x_wconf 83' lang='grc' dir='ltr'>τὴν</span> <span class='ocrx_word' id='word_1_211' title='bbox 941 3361 1209 3432; x_wconf 78' lang='grc' dir='ltr'>αἴσθησιν,</span> <span class='ocrx_word' id='word_1_212' title='bbox 1238 3362 1384 3432; x_wconf 72' lang='grc' dir='ltr'>πρὸς·</span> <span class='ocrx_word' id='word_1_213' title='bbox 1408 3360 1531 3413; x_wconf 84' lang='grc' dir='ltr'>νοῦν</span> <span class='ocrx_word' id='word_1_214' title='bbox 1578 3360 1790 3427; x_wconf 81' lang='grc' dir='ltr'><strong>ἀνάγων</strong></span> 
     </span>
    </p>
   </div>
   <div class='ocr_carea' id='block_1_34' title="bbox 242 3452 737 3523">
    <p class='ocr_par' dir='ltr' id='par_1_34' title="bbox 242 3452 737 3523">
     <span class='ocr_line' id='line_1_35' title="bbox 242 3452 737 3523; baseline -0.004 -18"><span class='ocrx_word' id='word_1_215' title='bbox 242 3452 313 3505; x_wconf 76' lang='grc' dir='ltr'>τὰ</span> <span class='ocrx_word' id='word_1_216' title='bbox 340 3453 737 3523; x_wconf 72' lang='grc' dir='ltr'>παρακείμενα.</span> 
     </span>
    </p>
   </div>
   <div class='ocr_carea' id='block_1_35' title="bbox 318 3538 1786 3612">
    <p class='ocr_par' dir='ltr' id='par_1_35' title="bbox 318 3538 1786 3612">
     <span class='ocr_line' id='line_1_36' title="bbox 318 3538 1786 3612; baseline -0.004 -16"><span class='ocrx_word' id='word_1_217' title='bbox 318 3543 423 3612; x_wconf 82' lang='grc' dir='ltr'><strong>με’.</strong></span> <span class='ocrx_word' id='word_1_218' title='bbox 454 3543 706 3611; x_wconf 81' lang='grc' dir='ltr'>Σημεῖον,</span> <span class='ocrx_word' id='word_1_219' title='bbox 736 3543 815 3594; x_wconf 84' lang='grc' dir='ltr'>ὅτι</span> <span class='ocrx_word' id='word_1_220' title='bbox 842 3541 1088 3611; x_wconf 74' lang='grc' dir='ltr'>σχολάζει</span> <span class='ocrx_word' id='word_1_221' title='bbox 1113 3542 1142 3593; x_wconf 86' lang='grc' dir='ltr'>ὁ</span> <span class='ocrx_word' id='word_1_222' title='bbox 1166 3539 1287 3599; x_wconf 88' lang='grc' dir='ltr'>νοῦς</span> <span class='ocrx_word' id='word_1_223' title='bbox 1330 3540 1457 3609; x_wconf 76' lang='grc' dir='ltr'>περὶ</span> <span class='ocrx_word' id='word_1_224' title='bbox 1504 3538 1571 3590; x_wconf 81' lang='grc' dir='ltr'>τὰ</span> <span class='ocrx_word' id='word_1_225' title='bbox 1601 3538 1786 3606; x_wconf 73' lang='grc' dir='ltr'>νοητὰ,</span> 
     </span>
    </p>
   </div>
   <div class='ocr_carea' id='block_1_36' title="bbox 241 3628 1789 3700">
    <p class='ocr_par' dir='ltr' id='par_1_36' title="bbox 241 3628 1789 3700">
     <span class='ocr_line' id='line_1_37' title="bbox 241 3628 1789 3700; baseline -0.003 -17"><span class='ocrx_word' id='word_1_226' title='bbox 241 3632 304 3694; x_wconf 75' lang='grc' dir='ltr'>τὸ</span> <span class='ocrx_word' id='word_1_227' title='bbox 362 3635 577 3686; x_wconf 81' lang='grc' dir='ltr'>πάντων</span> <span class='ocrx_word' id='word_1_228' title='bbox 637 3631 995 3700; x_wconf 76' lang='grc' dir='ltr'>καταφρονεῖν</span> <span class='ocrx_word' id='word_1_229' title='bbox 1047 3629 1147 3681; x_wconf 82' lang='grc' dir='ltr'><strong>τῶν</strong></span> <span class='ocrx_word' id='word_1_230' title='bbox 1203 3628 1300 3698; x_wconf 81' lang='grc' dir='ltr'>τὴν</span> <span class='ocrx_word' id='word_1_231' title='bbox 1358 3628 1605 3698; x_wconf 79' lang='grc' dir='ltr'>αἴσθησιν</span> <span class='ocrx_word' id='word_1_232' title='bbox 1670 3644 1789 3679; x_wconf 82' lang='grc' dir='ltr'>σαι-</span> 
     </span>
    </p>
   </div>
   <div class='ocr_carea' id='block_1_37' title="bbox 244 3722 1359 3774">
    <p class='ocr_par' dir='ltr' id='par_1_37' title="bbox 244 3722 1359 3774">
     <span class='ocr_line' id='line_1_38' title="bbox 244 3722 1359 3774; baseline 0 -2"><span class='ocrx_word' id='word_1_233' title='bbox 244 3722 462 3774; x_wconf 83' lang='grc' dir='ltr'>νόντων.</span> <span class='ocrx_word' id='word_1_234' title='bbox 1321 3739 1327 3743; x_wconf 92' lang='grc'><strong>·</strong></span> <span class='ocrx_word' id='word_1_235' title='bbox 1356 3770 1359 3772; x_wconf 82' lang='lat'>.</span> 
     </span>
    </p>
   </div>
   <div class='ocr_carea' id='block_1_38' title="bbox 318 3795 1789 3879">
    <p class='ocr_par' dir='ltr' id='par_1_38' title="bbox 318 3795 1789 3879">
     <span class='ocr_line' id='line_1_39' title="bbox 318 3795 1789 3879; baseline 0 -20"><span class='ocrx_word' id='word_1_236' title='bbox 318 3815 433 3876; x_wconf 72' lang='grc' dir='ltr'>μςθ.</span> <span class='ocrx_word' id='word_1_237' title='bbox 470 3795 874 3879; x_wconf 79' lang='grc' dir='ltr'>Διανοιγόμενος</span> <span class='ocrx_word' id='word_1_238' title='bbox 915 3810 944 3861; x_wconf 89' lang='lat'><strong>6</strong></span> <span class='ocrx_word' id='word_1_239' title='bbox 968 3807 1092 3872; x_wconf 86' lang='grc' dir='ltr'>νοῦς</span> <span class='ocrx_word' id='word_1_240' title='bbox 1121 3810 1249 3879; x_wconf 70' lang='grc' dir='ltr'>περὶ</span> <span class='ocrx_word' id='word_1_241' title='bbox 1297 3809 1392 3878; x_wconf 76' lang='grc' dir='ltr'><strong>τὴν</strong></span> <span class='ocrx_word' id='word_1_242' title='bbox 1439 3808 1544 3860; x_wconf 84' lang='grc' dir='ltr'>τῶν</span> <span class='ocrx_word' id='word_1_243' title='bbox 1586 3808 1789 3879; x_wconf 84' lang='grc' dir='ltr'>νοητῶν</span> 
     </span>
    </p>
   </div>
   <div class='ocr_carea' id='block_1_39' title="bbox 232 3898 1791 3970">
    <p class='ocr_par' dir='ltr' id='par_1_39' title="bbox 232 3898 1791 3970">
     <span class='ocr_line' id='line_1_40' title="bbox 232 3898 1791 3970; baseline 0.002 -19"><span class='ocrx_word' id='word_1_244' title='bbox 232 3898 531 3967; x_wconf 83' lang='grc' dir='ltr'>θεωρίαν,</span> <span class='ocrx_word' id='word_1_245' title='bbox 593 3899 1037 3953; x_wconf 82' lang='grc' dir='ltr'>δυσαπόσταστον</span> <span class='ocrx_word' id='word_1_246' title='bbox 1118 3899 1227 3969; x_wconf 72' lang='grc' dir='ltr'>ἔχει</span> <span class='ocrx_word' id='word_1_247' title='bbox 1288 3899 1385 3969; x_wconf 76' lang='grc' dir='ltr'><strong>τὴν</strong></span> <span class='ocrx_word' id='word_1_248' title='bbox 1449 3901 1577 3970; x_wconf 76' lang='grc' dir='ltr'>περὶ</span> <span class='ocrx_word' id='word_1_249' title='bbox 1655 3901 1791 3954; x_wconf 82' lang='grc' dir='ltr'>αὐτὰ</span> 
     </span>
    </p>
   </div>
   <div class='ocr_carea' id='block_1_40' title="bbox 246 3988 467 4059">
    <p class='ocr_par' dir='ltr' id='par_1_40' title="bbox 246 3988 467 4059">
     <span class='ocr_line' id='line_1_41' title="bbox 246 3988 467 4059; baseline -0.014 -19"><span class='ocrx_word' id='word_1_250' title='bbox 246 3988 467 4059; x_wconf 62' lang='grc' dir='ltr'>ἡδονήν.</span> 
     </span>
    </p>
   </div>
   <div class='ocr_carea' id='block_1_41' title="bbox 320 4075 1790 4152">
    <p class='ocr_par' dir='ltr' id='par_1_41' title="bbox 320 4075 1790 4152">
     <span class='ocr_line' id='line_1_42' title="bbox 320 4075 1790 4152; baseline 0.001 -24"><span class='ocrx_word' id='word_1_251' title='bbox 320 4076 428 4149; x_wconf 13' lang='grc' dir='ltr'><strong>μᾼζν.</strong></span> <span class='ocrx_word' id='word_1_252' title='bbox 461 4075 626 4128; x_wconf 84' lang='grc' dir='ltr'>Ὅταν</span> <span class='ocrx_word' id='word_1_253' title='bbox 677 4078 704 4128; x_wconf 92' lang='lat'><strong>6</strong></span> <span class='ocrx_word' id='word_1_254' title='bbox 767 4080 890 4140; x_wconf 86' lang='grc' dir='ltr'>νοῦς</span> <span class='ocrx_word' id='word_1_255' title='bbox 942 4080 1219 4152; x_wconf 81' lang='grc' dir='ltr'>πλουτήσῃ</span> <span class='ocrx_word' id='word_1_256' title='bbox 1268 4078 1365 4149; x_wconf 80' lang='grc' dir='ltr'>τὴν</span> <span class='ocrx_word' id='word_1_257' title='bbox 1409 4079 1504 4147; x_wconf 77' lang='grc' dir='ltr'>τῆς</span> <span class='ocrx_word' id='word_1_258' title='bbox 1564 4078 1790 4146; x_wconf 86' lang='grc' dir='ltr'>μονάδος</span> 
     </span>
    </p>
   </div>
   <div class='ocr_carea' id='block_1_42' title="bbox 244 4164 1789 4239">
    <p class='ocr_par' dir='ltr' id='par_1_42' title="bbox 244 4164 1789 4239">
     <span class='ocr_line' id='line_1_43' title="bbox 244 4164 1789 4239; baseline 0 -22"><span class='ocrx_word' id='word_1_259' title='bbox 244 4166 468 4233; x_wconf 81' lang='grc' dir='ltr'>γνῶσιν,</span> <span class='ocrx_word' id='word_1_260' title='bbox 503 4164 622 4216; x_wconf 76' lang='grc' dir='ltr'>τότε</span> <span class='ocrx_word' id='word_1_261' title='bbox 650 4167 741 4216; x_wconf 73' lang='grc' dir='ltr'><strong>καὶ</strong></span> <span class='ocrx_word' id='word_1_262' title='bbox 768 4166 863 4236; x_wconf 82' lang='grc' dir='ltr'>τὴν</span> <span class='ocrx_word' id='word_1_263' title='bbox 894 4168 1146 4239; x_wconf 75' lang='grc' dir='ltr'>αἴσθησιν</span> <span class='ocrx_word' id='word_1_264' title='bbox 1192 4170 1360 4238; x_wconf 83' lang='grc' dir='ltr'>πάντη</span> <span class='ocrx_word' id='word_1_265' title='bbox 1389 4167 1789 4236; x_wconf 76' lang='grc' dir='ltr'>δεδουλωμένην</span> 
     </span>
    </p>
   </div>
   <div class='ocr_carea' id='block_1_43' title="bbox 244 4257 463 4326">
    <p class='ocr_par' dir='ltr' id='par_1_43' title="bbox 244 4257 463 4326">
     <span class='ocr_line' id='line_1_44' title="bbox 244 4257 463 4326; baseline 0.005 -18"><span class='ocrx_word' id='word_1_266' title='bbox 244 4257 381 4326; x_wconf 68' lang='grc' dir='ltr'>ἔχει.</span> <span class='ocrx_word' id='word_1_267' title='bbox 462 4274 463 4277; x_wconf 79' lang='lat'>‘</span> 
     </span>
    </p>
   </div>
   <div class='ocr_carea' id='block_1_44' title="bbox 322 4366 1786 4439">
    <p class='ocr_par' dir='ltr' id='par_1_44' title="bbox 322 4366 1786 4439">
     <span class='ocr_line' id='line_1_45' title="bbox 322 4366 1786 4439; baseline -0.002 -16"><span class='ocrx_word' id='word_1_268' title='bbox 322 4376 434 4439; x_wconf 84' lang='grc' dir='ltr'>μη’.</span> <span class='ocrx_word' id='word_1_269' title='bbox 467 4369 651 4422; x_wconf 84' lang='grc' dir='ltr'>Κὼλυε</span> <span class='ocrx_word' id='word_1_270' title='bbox 687 4367 778 4420; x_wconf 71' lang='grc' dir='ltr'>τὸν</span> <span class='ocrx_word' id='word_1_271' title='bbox 814 4366 937 4420; x_wconf 86' lang='grc' dir='ltr'>νοῦν</span> <span class='ocrx_word' id='word_1_272' title='bbox 968 4384 1063 4421; x_wconf 88' lang='grc' dir='ltr'><strong>σου</strong></span> <span class='ocrx_word' id='word_1_273' title='bbox 1093 4369 1374 4423; x_wconf 83' lang='grc' dir='ltr'>κυκλεύειν</span> <span class='ocrx_word' id='word_1_274' title='bbox 1434 4369 1500 4421; x_wconf 74' lang='grc' dir='ltr'><strong>τά</strong></span> <span class='ocrx_word' id='word_1_275' title='bbox 1538 4368 1786 4437; x_wconf 79' lang='grc' dir='ltr'>αἰσθητά,</span> 
     </span>
    </p>
   </div>
   <div class='ocr_carea' id='block_1_45' title="bbox 249 4446 1687 4528">
    <p class='ocr_par' dir='ltr' id='par_1_45' title="bbox 249 4446 1687 4528">
     <span class='ocr_line' id='line_1_46' title="bbox 249 4446 1687 4528; baseline -0.001 -20"><span class='ocrx_word' id='word_1_276' title='bbox 249 4456 336 4508; x_wconf 77' lang='grc' dir='ltr'>ἵνα</span> <span class='ocrx_word' id='word_1_277' title='bbox 370 4458 443 4528; x_wconf 80' lang='grc' dir='ltr'><strong>μὴ</strong></span> <span class='ocrx_word' id='word_1_278' title='bbox 474 4457 661 4527; x_wconf 80' lang='grc' dir='ltr'>ἡδονάς</span> <span class='ocrx_word' id='word_1_279' title='bbox 691 4456 783 4508; x_wconf 77' lang='grc' dir='ltr'><strong>καὶ</strong></span> <span class='ocrx_word' id='word_1_280' title='bbox 811 4454 987 4517; x_wconf 87' lang='grc' dir='ltr'>λύπας</span> <span class='ocrx_word' id='word_1_281' title='bbox 1010 4458 1066 4508; x_wconf 80' lang='grc' dir='ltr'>ἐν</span> <span class='ocrx_word' id='word_1_282' title='bbox 1097 4458 1275 4521; x_wconf 78' lang='grc' dir='ltr'>αὐτοῖς</span> <span class='ocrx_word' id='word_1_283' title='bbox 1312 4446 1687 4528; x_wconf 77' lang='grc' dir='ltr'>καρπώσηται.</span> 
     </span>
    </p>
   </div>
   <div class='ocr_carea' id='block_1_46' title="bbox 329 4642 1789 4730">
    <p class='ocr_par' dir='ltr' id='par_1_46' title="bbox 329 4642 1789 4730">
     <span class='ocr_line' id='line_1_47' title="bbox 329 4642 1789 4730; baseline 0.003 -23"><span class='ocrx_word' id='word_1_284' title='bbox 329 4656 433 4724; x_wconf 83' lang='grc' dir='ltr'>μθ’.</span> <span class='ocrx_word' id='word_1_285' title='bbox 470 4651 569 4711; x_wconf 82' lang='grc' dir='ltr'><strong>Ὦν</strong></span> <span class='ocrx_word' id='word_1_286' title='bbox 596 4661 622 4710; x_wconf 93' lang='lat'><strong>6</strong></span> <span class='ocrx_word' id='word_1_287' title='bbox 652 4656 772 4719; x_wconf 89' lang='grc' dir='ltr'>νοῦς</span> <span class='ocrx_word' id='word_1_288' title='bbox 796 4657 852 4707; x_wconf 74' lang='grc' dir='ltr'>ἐν</span> <span class='ocrx_word' id='word_1_289' title='bbox 874 4642 985 4718; x_wconf 78' lang='grc' dir='ltr'>τοῖς</span> <span class='ocrx_word' id='word_1_290' title='bbox 1007 4656 1167 4719; x_wconf 77' lang='grc' dir='ltr'>θείοις</span> <span class='ocrx_word' id='word_1_291' title='bbox 1201 4661 1445 4730; x_wconf 81' lang='grc' dir='ltr'>σχολάζει</span> <span class='ocrx_word' id='word_1_292' title='bbox 1485 4661 1789 4722; x_wconf 73' lang='grc' dir='ltr'>διαπαντὸς,</span> 
     </span>
    </p>
   </div>
   <div class='ocr_carea' id='block_1_47' title="bbox 249 4742 1793 4821">
    <p class='ocr_par' dir='ltr' id='par_1_47' title="bbox 249 4742 1793 4821">
     <span class='ocr_line' id='line_1_48' title="bbox 249 4742 1793 4821; baseline 0.003 -23"><span class='ocrx_word' id='word_1_293' title='bbox 249 4746 452 4800; x_wconf 80' lang='grc' dir='ltr'>τούτων</span> <span class='ocrx_word' id='word_1_294' title='bbox 517 4751 610 4801; x_wconf 70' lang='grc' dir='ltr'><strong>καὶ</strong></span> <span class='ocrx_word' id='word_1_295' title='bbox 655 4748 716 4800; x_wconf 77' lang='grc' dir='ltr'>τὸ</span> <span class='ocrx_word' id='word_1_296' title='bbox 769 4742 1063 4817; x_wconf 81' lang='grc' dir='ltr'>παθητικὸν</span> <span class='ocrx_word' id='word_1_297' title='bbox 1122 4751 1287 4821; x_wconf 75' lang='grc' dir='ltr'>μέρος</span> <span class='ocrx_word' id='word_1_298' title='bbox 1361 4753 1503 4806; x_wconf 85' lang='grc' dir='ltr'>θεῖον</span> <span class='ocrx_word' id='word_1_299' title='bbox 1576 4754 1793 4821; x_wconf 81' lang='grc' dir='ltr'>γέγονεν</span> 
     </span>
    </p>
   </div>
   <div class='ocr_carea' id='block_1_48' title="bbox 248 4838 1438 4913">
    <p class='ocr_par' dir='ltr' id='par_1_48' title="bbox 248 4838 1438 4913">
     <span class='ocr_line' id='line_1_49' title="bbox 248 4838 1438 4913; baseline 0.003 -23"><span class='ocrx_word' id='word_1_300' title='bbox 248 4838 431 4891; x_wconf 81' lang='grc' dir='ltr'>ὅπλον.</span> <span class='ocrx_word' id='word_1_301' title='bbox 822 4910 823 4913; x_wconf 14' lang='grc' dir='ltr'><strong>η</strong></span> <span class='ocrx_word' id='word_1_302' title='bbox 1312 4862 1319 4863; x_wconf 48' lang='grc' dir='ltr'>ί</span> <span class='ocrx_word' id='word_1_303' title='bbox 1435 4895 1438 4898; x_wconf 70' lang='grc'><strong>,</strong></span> 
     </span>
    </p>
   </div>
   <div class='ocr_carea' id='block_1_49' title="bbox 321 4924 1793 5002">
    <p class='ocr_par' dir='ltr' id='par_1_49' title="bbox 321 4924 1793 5002">
     <span class='ocr_line' id='line_1_50' title="bbox 321 4924 1793 5002; baseline 0.005 -23"><span class='ocrx_word' id='word_1_304' title='bbox 321 4932 381 4980; x_wconf 90' lang='grc' dir='ltr'><strong>ν’.</strong></span> <span class='ocrx_word' id='word_1_305' title='bbox 427 4925 705 4979; x_wconf 79' lang='grc' dir='ltr'>Ἀδύνατον</span> <span class='ocrx_word' id='word_1_306' title='bbox 754 4927 844 4978; x_wconf 80' lang='grc' dir='ltr'><strong>τὸν</strong></span> <span class='ocrx_word' id='word_1_307' title='bbox 888 4924 1011 4978; x_wconf 85' lang='grc' dir='ltr'>νοῦν</span> <span class='ocrx_word' id='word_1_308' title='bbox 1048 4929 1114 4995; x_wconf 77' lang='grc' dir='ltr'>τῇ</span> <span class='ocrx_word' id='word_1_309' title='bbox 1145 4928 1341 4993; x_wconf 84' lang='grc' dir='ltr'>γνώσει</span> <span class='ocrx_word' id='word_1_310' title='bbox 1390 4934 1706 5002; x_wconf 86' lang='grc' dir='ltr'>ποιωθῆναι,</span> <span class='ocrx_word' id='word_1_311' title='bbox 1745 4935 1793 4985; x_wconf 87' lang='grc' dir='ltr'><strong>εί</strong></span> 
     </span>
    </p>
   </div>
   <div class='ocr_carea' id='block_1_50' title="bbox 252 5015 1794 5092">
    <p class='ocr_par' dir='ltr' id='par_1_50' title="bbox 252 5015 1794 5092">
     <span class='ocr_line' id='line_1_51' title="bbox 252 5015 1794 5092; baseline 0.006 -27"><span class='ocrx_word' id='word_1_312' title='bbox 252 5018 326 5084; x_wconf 78' lang='grc' dir='ltr'><strong>μὴ</strong></span> <span class='ocrx_word' id='word_1_313' title='bbox 353 5019 608 5085; x_wconf 79' lang='grc' dir='ltr'>πρότερον</span> <span class='ocrx_word' id='word_1_314' title='bbox 639 5017 698 5068; x_wconf 81' lang='grc' dir='ltr'><strong>τὸ</strong></span> <span class='ocrx_word' id='word_1_315' title='bbox 742 5015 1033 5086; x_wconf 83' lang='grc' dir='ltr'>παθητικὸν</span> <span class='ocrx_word' id='word_1_316' title='bbox 1058 5018 1176 5077; x_wconf 86' lang='grc' dir='ltr'>ταῖς</span> <span class='ocrx_word' id='word_1_317' title='bbox 1225 5021 1447 5085; x_wconf 75' lang='grc' dir='ltr'>οἰκείαις</span> <span class='ocrx_word' id='word_1_318' title='bbox 1479 5024 1697 5092; x_wconf 80' lang='grc' dir='ltr'>ἀρεταῖς</span> <span class='ocrx_word' id='word_1_319' title='bbox 1737 5023 1794 5088; x_wconf 80' lang='grc' dir='ltr'>ἐξ</span> 
     </span>
    </p>
   </div>
   <div class='ocr_carea' id='block_1_51' title="bbox 251 5105 689 5158">
    <p class='ocr_par' dir='ltr' id='par_1_51' title="bbox 251 5105 689 5158">
     <span class='ocr_line' id='line_1_52' title="bbox 251 5105 689 5158; baseline 0.002 -2"><span class='ocrx_word' id='word_1_320' title='bbox 251 5105 414 5156; x_wconf 72' lang='grc' dir='ltr'>αὑτοῦ</span> <span class='ocrx_word' id='word_1_321' title='bbox 448 5106 689 5158; x_wconf 80' lang='grc' dir='ltr'>πελάσει.</span> 
     </span>
    </p>
   </div>
   <div class='ocr_carea' id='block_1_52' title="bbox 323 5212 1789 5285">
    <p class='ocr_par' dir='ltr' id='par_1_52' title="bbox 323 5212 1789 5285">
     <span class='ocr_line' id='line_1_53' title="bbox 323 5212 1789 5285; baseline 0.008 -22"><span class='ocrx_word' id='word_1_322' title='bbox 323 5213 419 5268; x_wconf 71' lang='lat' dir='ltr'><strong>va’.</strong></span> <span class='ocrx_word' id='word_1_323' title='bbox 450 5212 609 5277; x_wconf 81' lang='grc' dir='ltr'>Ξένος</span> <span class='ocrx_word' id='word_1_324' title='bbox 661 5214 767 5265; x_wconf 83' lang='grc' dir='ltr'>τῶν</span> <span class='ocrx_word' id='word_1_325' title='bbox 816 5216 910 5267; x_wconf 81' lang='grc' dir='ltr'><strong>τοῦ</strong></span> <span class='ocrx_word' id='word_1_326' title='bbox 955 5216 1154 5284; x_wconf 74' lang='grc' dir='ltr'>κόσμου</span> <span class='ocrx_word' id='word_1_327' title='bbox 1186 5216 1213 5265; x_wconf 89' lang='lat'><strong>6</strong></span> <span class='ocrx_word' id='word_1_328' title='bbox 1241 5217 1364 5279; x_wconf 84' lang='grc' dir='ltr'>νοῦς</span> <span class='ocrx_word' id='word_1_329' title='bbox 1396 5220 1515 5271; x_wconf 84' lang='grc' dir='ltr'>τότε</span> <span class='ocrx_word' id='word_1_330' title='bbox 1564 5222 1789 5285; x_wconf 69' lang='grc' dir='ltr'>γίνεται,</span> 
     </span>
    </p>
   </div>
   <div class='ocr_carea' id='block_1_53' title="bbox 250 5305 1793 5374">
    <p class='ocr_par' dir='ltr' id='par_1_53' title="bbox 250 5305 1793 5374">
     <span class='ocr_line' id='line_1_54' title="bbox 250 5305 1793 5374; baseline 0.018 -37"><span class='ocrx_word' id='word_1_331' title='bbox 250 5308 376 5358; x_wconf 71' lang='grc' dir='ltr'><strong>ὅταν</strong></span> <span class='ocrx_word' id='word_1_332' title='bbox 420 5305 516 5373; x_wconf 58' lang='grc' dir='ltr'><strong>τὴν</strong></span> <span class='ocrx_word' id='word_1_333' title='bbox 570 5305 703 5373; x_wconf 67' lang='grc' dir='ltr'>πρὸς</span> <span class='ocrx_word' id='word_1_334' title='bbox 750 5308 847 5373; x_wconf 78' lang='grc' dir='ltr'><strong>τὴν</strong></span> <span class='ocrx_word' id='word_1_335' title='bbox 872 5306 1119 5374; x_wconf 77' lang='grc' dir='ltr'>αἴσθησιν</span> <span class='ocrx_word' id='word_1_336' title='bbox 1146 5306 1325 5373; x_wconf 78' lang='grc' dir='ltr'>σχέσιν</span> <span class='ocrx_word' id='word_1_337' title='bbox 1351 5311 1625 5374; x_wconf 82' lang='grc' dir='ltr'>παντελῶς</span> <span class='ocrx_word' id='word_1_338' title='bbox 1654 5315 1793 5364; x_wconf 86' lang='grc' dir='ltr'>ἀπο-</span> 
     </span>
    </p>
   </div>
   <div class='ocr_carea' id='block_1_54' title="bbox 252 5398 409 5467">
    <p class='ocr_par' dir='ltr' id='par_1_54' title="bbox 252 5398 409 5467">
     <span class='ocr_line' id='line_1_55' title="bbox 252 5398 409 5467; baseline -0.013 -16"><span class='ocrx_word' id='word_1_339' title='bbox 252 5398 409 5467; x_wconf 61' lang='grc' dir='ltr'><strong>κὸψῃ.</strong></span> 
     </span>
    </p>
   </div>
   <div class='ocr_carea' id='block_1_55' title="bbox 322 5505 1790 5581">
    <p class='ocr_par' dir='ltr' id='par_1_55' title="bbox 322 5505 1790 5581">
     <span class='ocr_line' id='line_1_56' title="bbox 322 5505 1790 5581; baseline -0.011 -16"><span class='ocrx_word' id='word_1_340' title='bbox 322 5513 419 5581; x_wconf 78' lang='grc' dir='ltr'>νβ’.</span> <span class='ocrx_word' id='word_1_341' title='bbox 455 5514 612 5568; x_wconf 78' lang='grc' dir='ltr'>Ἴδιον</span> <span class='ocrx_word' id='word_1_342' title='bbox 657 5510 748 5562; x_wconf 84' lang='grc' dir='ltr'><strong>τοῦ</strong></span> <span class='ocrx_word' id='word_1_343' title='bbox 788 5506 1096 5573; x_wconf 76' lang='grc' dir='ltr'>λογιστικοῦ</span> <span class='ocrx_word' id='word_1_344' title='bbox 1142 5505 1236 5572; x_wconf 81' lang='grc' dir='ltr'>τῆς</span> <span class='ocrx_word' id='word_1_345' title='bbox 1282 5505 1479 5574; x_wconf 63' lang='grc' dir='ltr'>ψυχῆς,</span> <span class='ocrx_word' id='word_1_346' title='bbox 1515 5512 1790 5579; x_wconf 67' lang='grc' dir='ltr'><strong>σχολάζειν</strong></span> 
     </span>
    </p>
   </div>
   <div class='ocr_carea' id='block_1_56' title="bbox 250 5591 1788 5666">
    <p class='ocr_par' dir='ltr' id='par_1_56' title="bbox 250 5591 1788 5666">
     <span class='ocr_line' id='line_1_57' title="bbox 250 5591 1788 5666; baseline 0 -16"><span class='ocrx_word' id='word_1_347' title='bbox 250 5600 445 5666; x_wconf 74' lang='grc' dir='ltr'>γνώσει</span> <span class='ocrx_word' id='word_1_348' title='bbox 492 5599 625 5653; x_wconf 67' lang='grc' dir='ltr'>θεοῦ</span> <span class='ocrx_word' id='word_1_349' title='bbox 654 5615 665 5627; x_wconf 89' lang='lat'><strong>&#39;</strong></span> <span class='ocrx_word' id='word_1_350' title='bbox 697 5595 791 5648; x_wconf 76' lang='grc' dir='ltr'><strong>τοῦ</strong></span> <span class='ocrx_word' id='word_1_351' title='bbox 830 5595 884 5647; x_wconf 76' lang='grc' dir='ltr'><strong>δὲ</strong></span> <span class='ocrx_word' id='word_1_352' title='bbox 933 5591 1230 5662; x_wconf 80' lang='grc' dir='ltr'>παθητικοῦ</span> <span class='ocrx_word' id='word_1_353' title='bbox 1268 5594 1454 5661; x_wconf 73' lang='grc' dir='ltr'>αὐτῆς,</span> <span class='ocrx_word' id='word_1_354' title='bbox 1486 5598 1671 5665; x_wconf 80' lang='grc' dir='ltr'>ἀγάπη</span> <span class='ocrx_word' id='word_1_355' title='bbox 1701 5605 1788 5653; x_wconf 71' lang='grc' dir='ltr'><strong>καὶ</strong></span> 
     </span>
    </p>
   </div>
   <div class='ocr_carea' id='block_1_57' title="bbox 132 5689 551 5760">
    <p class='ocr_par' dir='ltr' id='par_1_57' title="bbox 132 5689 551 5760">
     <span class='ocr_line' id='line_1_58' title="bbox 132 5689 551 5760; baseline 0.012 -20"><span class='ocrx_word' id='word_1_356' title='bbox 132 5721 137 5725; x_wconf 92' lang='grc'><strong>-</strong></span> <span class='ocrx_word' id='word_1_357' title='bbox 209 5696 222 5721; x_wconf 91' lang='grc'>¹</span> <span class='ocrx_word' id='word_1_358' title='bbox 251 5689 551 5760; x_wconf 67' lang='grc' dir='ltr'>ἐγκράτεια.</span> 
     </span>
    </p>
   </div>
   <div class='ocr_carea' id='block_1_58' title="bbox 1898 621 2416 689">
    <p class='ocr_par' dir='ltr' id='par_1_58' title="bbox 1898 621 2416 689">
     <span class='ocr_line' id='line_1_59' title="bbox 1898 621 2416 689; baseline 0 -16"><span class='ocrx_word' id='word_1_359' title='bbox 1898 622 2097 673; x_wconf 70' lang='lat' dir='ltr'><strong>(Iltt&#39;isli</strong></span> <span class='ocrx_word' id='word_1_360' title='bbox 2132 621 2416 689; x_wconf 69' lang='lat' dir='ltr'><strong>centingit.</strong></span> 
     </span>
    </p>
   </div>
   <div class='ocr_carea' id='block_1_59' title="bbox 1968 708 3430 787">
    <p class='ocr_par' dir='ltr' id='par_1_59' title="bbox 1968 708 3430 787">
     <span class='ocr_line' id='line_1_60' title="bbox 1968 708 3430 787; baseline 0.005 -26"><span class='ocrx_word' id='word_1_361' title='bbox 1968 710 2055 761; x_wconf 79' lang='lat' dir='ltr'><strong>5i.</strong></span> <span class='ocrx_word' id='word_1_362' title='bbox 2077 708 2250 787; x_wconf 64' lang='lat' dir='ltr'><strong>Terra</strong></span> <span class='ocrx_word' id='word_1_363' title='bbox 2280 710 2737 776; x_wconf 80' lang='lat' dir='ltr'><strong>repromissionis,</strong></span> <span class='ocrx_word' id='word_1_364' title='bbox 2769 727 2995 787; x_wconf 78' lang='lat' dir='ltr'><strong>regnum</strong></span> <span class='ocrx_word' id='word_1_365' title='bbox 3020 723 3103 767; x_wconf 87' lang='lat' dir='ltr'><strong>est</strong></span> <span class='ocrx_word' id='word_1_366' title='bbox 3131 715 3430 779; x_wconf 64' lang='lat' dir='ltr'><strong>malorum;</strong></span> 
     </span>
    </p>
   </div>
   <div class='ocr_carea' id='block_1_60' title="bbox 1899 782 3437 870">
    <p class='ocr_par' dir='ltr' id='par_1_60' title="bbox 1899 782 3437 870">
     <span class='ocr_line' id='line_1_61' title="bbox 1899 782 3437 870; baseline 0.006 -20"><span class='ocrx_word' id='word_1_367' title='bbox 1899 800 1953 851; x_wconf 90' lang='lat' dir='ltr'><strong>in</strong></span> <span class='ocrx_word' id='word_1_368' title='bbox 1976 782 2137 866; x_wconf 85' lang='lat' dir='ltr'><strong>quam</strong></span> <span class='ocrx_word' id='word_1_369' title='bbox 2169 807 2407 852; x_wconf 89' lang='lat' dir='ltr'><strong>mentem</strong></span> <span class='ocrx_word' id='word_1_370' title='bbox 2430 800 2693 855; x_wconf 89' lang='lat' dir='ltr'><strong>inducunt</strong></span> <span class='ocrx_word' id='word_1_371' title='bbox 2731 784 3142 870; x_wconf 84' lang='lat' dir='ltr'><strong>impossibilitas</strong></span> <span class='ocrx_word' id='word_1_372' title='bbox 3168 814 3223 858; x_wconf 92' lang='lat' dir='ltr'><strong>et</strong></span> <span class='ocrx_word' id='word_1_373' title='bbox 3259 806 3437 859; x_wconf 87' lang='lat' dir='ltr'><strong>scien-</strong></span> 
     </span>
    </p>
   </div>
   <div class='ocr_carea' id='block_1_61' title="bbox 1900 890 1991 943">
    <p class='ocr_par' dir='ltr' id='par_1_61' title="bbox 1900 890 1991 943">
     <span class='ocr_line' id='line_1_62' title="bbox 1900 890 1991 943; baseline -0.011 -2"><span class='ocrx_word' id='word_1_374' title='bbox 1900 890 1991 943; x_wconf 89' lang='lat' dir='ltr'><strong>tia.</strong></span> 
     </span>
    </p>
   </div>
   <div class='ocr_carea' id='block_1_62' title="bbox 1962 970 3438 1053">
    <p class='ocr_par' dir='ltr' id='par_1_62' title="bbox 1962 970 3438 1053">
     <span class='ocr_line' id='line_1_63' title="bbox 1962 970 3438 1053; baseline 0.005 -20"><span class='ocrx_word' id='word_1_375' title='bbox 1962 980 2050 1034; x_wconf 84' lang='grc'><strong>55.</strong></span> <span class='ocrx_word' id='word_1_376' title='bbox 2074 979 2339 1049; x_wconf 69' lang='lat' dir='ltr'><strong>Egyptus</strong></span> <span class='ocrx_word' id='word_1_377' title='bbox 2365 980 2697 1047; x_wconf 89' lang='lat' dir='ltr'><strong>spiritualis,</strong></span> <span class='ocrx_word' id='word_1_378' title='bbox 2742 981 3120 1037; x_wconf 86' lang='lat' dir='ltr'><strong>obtencbratio</strong></span> <span class='ocrx_word' id='word_1_379' title='bbox 3155 970 3438 1053; x_wconf 81' lang='lat' dir='ltr'><strong>perturba-</strong></span> 
     </span>
    </p>
   </div>
   <div class='ocr_carea' id='block_1_63' title="bbox 1899 1062 3490 1140">
    <p class='ocr_par' dir='ltr' id='par_1_63' title="bbox 1899 1062 3490 1140">
     <span class='ocr_line' id='line_1_64' title="bbox 1899 1062 3490 1140; baseline 0.004 -19"><span class='ocrx_word' id='word_1_380' title='bbox 1899 1062 2145 1134; x_wconf 80' lang='lat' dir='ltr'><strong>tiOnum;</strong></span> <span class='ocrx_word' id='word_1_381' title='bbox 2173 1070 2227 1121; x_wconf 91' lang='lat' dir='ltr'><strong>in</strong></span> <span class='ocrx_word' id='word_1_382' title='bbox 2262 1082 2428 1135; x_wconf 81' lang='lat' dir='ltr'><strong>quam</strong></span> <span class='ocrx_word' id='word_1_383' title='bbox 2475 1084 2656 1132; x_wconf 87' lang='lat' dir='ltr'><strong>nemo,</strong></span> <span class='ocrx_word' id='word_1_384' title='bbox 2693 1070 2797 1124; x_wconf 89' lang='lat' dir='ltr'><strong>nisi</strong></span> <span class='ocrx_word' id='word_1_385' title='bbox 2829 1080 2990 1125; x_wconf 90' lang='lat' dir='ltr'><strong>antea</strong></span> <span class='ocrx_word' id='word_1_386' title='bbox 3016 1072 3156 1128; x_wconf 79' lang='lat' dir='ltr'><strong>fame</strong></span> <span class='ocrx_word' id='word_1_387' title='bbox 3202 1074 3435 1140; x_wconf 86' lang='lat' dir='ltr'><strong>laboret,</strong></span> <span class='ocrx_word' id='word_1_388' title='bbox 3486 1071 3490 1074; x_wconf 73' lang='grc'><strong>’</strong></span> 
     </span>
    </p>
   </div>
   <div class='ocr_carea' id='block_1_64' title="bbox 1798 1156 2209 1213">
    <p class='ocr_par' dir='ltr' id='par_1_64' title="bbox 1798 1156 2209 1213">
     <span class='ocr_line' id='line_1_65' title="bbox 1798 1156 2209 1213; baseline 0.002 -3"><span class='ocrx_word' id='word_1_389' title='bbox 1798 1193 1805 1197; x_wconf 90' lang='grc'><strong><em>-</em></strong></span> <span class='ocrx_word' id='word_1_390' title='bbox 1902 1156 2209 1213; x_wconf 87' lang='lat' dir='ltr'><strong>descendit.</strong></span> 
     </span>
    </p>
   </div>
   <div class='ocr_carea' id='block_1_65' title="bbox 1969 1247 3438 1323">
    <p class='ocr_par' dir='ltr' id='par_1_65' title="bbox 1969 1247 3438 1323">
     <span class='ocr_line' id='line_1_66' title="bbox 1969 1247 3438 1323; baseline 0.002 -23"><span class='ocrx_word' id='word_1_391' title='bbox 1969 1247 2055 1301; x_wconf 80' lang='grc'>56.</span> <span class='ocrx_word' id='word_1_392' title='bbox 2092 1248 2471 1323; x_wconf 82' lang='lat' dir='ltr'><strong>Aurem-tuam</strong></span> <span class='ocrx_word' id='word_1_393' title='bbox 2528 1248 2907 1317; x_wconf 88' lang='lat' dir='ltr'><strong>spiritualibus</strong></span> <span class='ocrx_word' id='word_1_394' title='bbox 2948 1251 3296 1303; x_wconf 87' lang='lat' dir='ltr'><strong>sermonibus</strong></span> <span class='ocrx_word' id='word_1_395' title='bbox 3328 1250 3438 1303; x_wconf 81' lang='lat' dir='ltr'><strong>frc—</strong></span> 
     </span>
    </p>
   </div>
   <div class='ocr_carea' id='block_1_66' title="bbox 1861 1337 3438 1405">
    <p class='ocr_par' dir='ltr' id='par_1_66' title="bbox 1861 1337 3438 1405">
     <span class='ocr_line' id='line_1_67' title="bbox 1861 1337 3438 1405; baseline 0.001 -17"><span class='ocrx_word' id='word_1_396' title='bbox 1861 1355 1870 1361; x_wconf 91' lang='grc'><strong>·</strong></span> <span class='ocrx_word' id='word_1_397' title='bbox 1896 1345 2128 1405; x_wconf 78' lang='lat' dir='ltr'><strong>quenter</strong></span> <span class='ocrx_word' id='word_1_398' title='bbox 2151 1339 2524 1400; x_wconf 85' lang='lat' dir='ltr'><strong>accommoda,</strong></span> <span class='ocrx_word' id='word_1_399' title='bbox 2556 1346 2613 1391; x_wconf 89' lang='lat' dir='ltr'><strong>et</strong></span> <span class='ocrx_word' id='word_1_400' title='bbox 2647 1346 2882 1391; x_wconf 85' lang='lat' dir='ltr'><strong>mentem</strong></span> <span class='ocrx_word' id='word_1_401' title='bbox 2930 1338 2998 1390; x_wconf 89' lang='lat' dir='ltr'><strong>ab</strong></span> <span class='ocrx_word' id='word_1_402' title='bbox 3024 1337 3317 1393; x_wconf 84' lang='lat' dir='ltr'><strong>immundis</strong></span> <span class='ocrx_word' id='word_1_403' title='bbox 3349 1337 3438 1393; x_wconf 74' lang='lat' dir='ltr'><strong>co-</strong></span> 
     </span>
    </p>
   </div>
   <div class='ocr_carea' id='block_1_67' title="bbox 1896 1426 3014 1500">
    <p class='ocr_par' dir='ltr' id='par_1_67' title="bbox 1896 1426 3014 1500">
     <span class='ocr_line' id='line_1_68' title="bbox 1896 1426 3014 1500; baseline 0.004 -22"><span class='ocrx_word' id='word_1_404' title='bbox 1896 1426 2257 1495; x_wconf 76' lang='lat' dir='ltr'><strong>gitationibus</strong></span> <span class='ocrx_word' id='word_1_405' title='bbox 2276 1427 2576 1497; x_wconf 78' lang='lat' dir='ltr'><strong>elongabis.</strong></span> <span class='ocrx_word' id='word_1_406' title='bbox 2720 1430 2721 1433; x_wconf 63' lang='grc'><em>“</em></span> <span class='ocrx_word' id='word_1_407' title='bbox 3007 1494 3014 1500; x_wconf 31' lang='grc' dir='ltr'>ι</span> 
     </span>
    </p>
   </div>
   <div class='ocr_carea' id='block_1_68' title="bbox 1973 1515 3440 1584">
    <p class='ocr_par' dir='ltr' id='par_1_68' title="bbox 1973 1515 3440 1584">
     <span class='ocr_line' id='line_1_69' title="bbox 1973 1515 3440 1584; baseline 0.001 -17"><span class='ocrx_word' id='word_1_408' title='bbox 1973 1515 2061 1568; x_wconf 86' lang='grc'>57.</span> <span class='ocrx_word' id='word_1_409' title='bbox 2096 1516 2260 1569; x_wconf 88' lang='lat' dir='ltr'><strong>Solus</strong></span> <span class='ocrx_word' id='word_1_410' title='bbox 2306 1517 2450 1570; x_wconf 89' lang='lat' dir='ltr'><strong>Deus</strong></span> <span class='ocrx_word' id='word_1_411' title='bbox 2475 1526 2669 1569; x_wconf 88' lang='lat' dir='ltr'><strong>natura</strong></span> <span class='ocrx_word' id='word_1_412' title='bbox 2706 1515 2884 1569; x_wconf 88' lang='lat' dir='ltr'><strong>bonus</strong></span> <span class='ocrx_word' id='word_1_413' title='bbox 2902 1524 2987 1571; x_wconf 90' lang='lat' dir='ltr'><strong>est</strong></span> <span class='ocrx_word' id='word_1_414' title='bbox 3021 1530 3084 1569; x_wconf 89' lang='lat' dir='ltr'><strong>ac</strong></span> <span class='ocrx_word' id='word_1_415' title='bbox 3104 1516 3351 1584; x_wconf 80' lang='lat' dir='ltr'><strong>sapiens;</strong></span> <span class='ocrx_word' id='word_1_416' title='bbox 3379 1516 3440 1569; x_wconf 81' lang='lat' dir='ltr'><strong>ﬁt</strong></span> 
     </span>
    </p>
   </div>
   <div class='ocr_carea' id='block_1_69' title="bbox 1902 1590 3437 1672">
    <p class='ocr_par' dir='ltr' id='par_1_69' title="bbox 1902 1590 3437 1672">
     <span class='ocr_line' id='line_1_70' title="bbox 1902 1590 3437 1672; baseline 0.003 -18"><span class='ocrx_word' id='word_1_417' title='bbox 1902 1610 2081 1655; x_wconf 84' lang='lat' dir='ltr'><strong>autem</strong></span> <span class='ocrx_word' id='word_1_418' title='bbox 2131 1619 2285 1658; x_wconf 77' lang='lat' dir='ltr'><strong>mens</strong></span> <span class='ocrx_word' id='word_1_419' title='bbox 2332 1604 2751 1672; x_wconf 78' lang='lat' dir='ltr'><strong>participatione</strong></span> <span class='ocrx_word' id='word_1_420' title='bbox 2797 1604 2941 1669; x_wconf 86' lang='lat' dir='ltr'><strong>talis,</strong></span> <span class='ocrx_word' id='word_1_421' title='bbox 3000 1606 3161 1659; x_wconf 90' lang='lat' dir='ltr'><strong>modo</strong></span> <span class='ocrx_word' id='word_1_422' title='bbox 3194 1590 3437 1660; x_wconf 86' lang='lat' dir='ltr'><strong>studiosa</strong></span> 
     </span>
    </p>
   </div>
   <div class='ocr_carea' id='block_1_70' title="bbox 1896 1686 2071 1744">
    <p class='ocr_par' dir='ltr' id='par_1_70' title="bbox 1896 1686 2071 1744">
     <span class='ocr_line' id='line_1_71' title="bbox 1896 1686 2071 1744; baseline 0.006 -1"><span class='ocrx_word' id='word_1_423' title='bbox 1896 1692 1987 1744; x_wconf 85' lang='lat' dir='ltr'><strong>sit.</strong></span> <span class='ocrx_word' id='word_1_424' title='bbox 2070 1686 2071 1689; x_wconf 44' lang='grc'><em>“</em></span> 
     </span>
    </p>
   </div>
   <div class='ocr_carea' id='block_1_71' title="bbox 1966 1781 3439 1853">
    <p class='ocr_par' dir='ltr' id='par_1_71' title="bbox 1966 1781 3439 1853">
     <span class='ocr_line' id='line_1_72' title="bbox 1966 1781 3439 1853; baseline 0.003 -21"><span class='ocrx_word' id='word_1_425' title='bbox 1966 1781 2054 1835; x_wconf 83' lang='grc'>58.</span> <span class='ocrx_word' id='word_1_426' title='bbox 2122 1781 2332 1849; x_wconf 88' lang='lat' dir='ltr'><strong>Impera</strong></span> <span class='ocrx_word' id='word_1_427' title='bbox 2387 1782 2584 1841; x_wconf 86' lang='lat' dir='ltr'><strong>ventri.</strong></span> <span class='ocrx_word' id='word_1_428' title='bbox 2628 1797 2841 1845; x_wconf 86' lang='lat' dir='ltr'><strong>somno,</strong></span> <span class='ocrx_word' id='word_1_429' title='bbox 2892 1782 2986 1836; x_wconf 72' lang='lat' dir='ltr'><strong>ira:</strong></span> <span class='ocrx_word' id='word_1_430' title='bbox 3022 1791 3078 1837; x_wconf 92' lang='lat' dir='ltr'><strong>et</strong></span> <span class='ocrx_word' id='word_1_431' title='bbox 3121 1784 3352 1853; x_wconf 57' lang='lat' dir='ltr'><strong>lingua;</strong></span> <span class='ocrx_word' id='word_1_432' title='bbox 3382 1792 3439 1837; x_wconf 89' lang='lat' dir='ltr'><strong>et</strong></span> 
     </span>
    </p>
   </div>
   <div class='ocr_carea' id='block_1_72' title="bbox 1879 1871 3273 1963">
    <p class='ocr_par' dir='ltr' id='par_1_72' title="bbox 1879 1871 3273 1963">
     <span class='ocr_line' id='line_1_73' title="bbox 1879 1871 3273 1963; baseline 0.001 -40"><span class='ocrx_word' id='word_1_433' title='bbox 1879 1885 2183 1963; x_wconf 70' lang='lat' dir='ltr'><strong>nunquam</strong></span> <span class='ocrx_word' id='word_1_434' title='bbox 2211 1871 2479 1940; x_wconf 80' lang='lat' dir='ltr'><strong>impinges</strong></span> <span class='ocrx_word' id='word_1_435' title='bbox 2506 1871 2571 1923; x_wconf 86' lang='lat' dir='ltr'><strong>ad</strong></span> <span class='ocrx_word' id='word_1_436' title='bbox 2610 1872 2845 1939; x_wconf 84' lang='lat' dir='ltr'><strong>lapidem</strong></span> <span class='ocrx_word' id='word_1_437' title='bbox 2870 1872 3063 1939; x_wconf 87' lang='lat' dir='ltr'><strong>pedem</strong></span> <span class='ocrx_word' id='word_1_438' title='bbox 3096 1879 3273 1925; x_wconf 90' lang='lat' dir='ltr'><strong>tuum.</strong></span> 
     </span>
    </p>
   </div>
   <div class='ocr_carea' id='block_1_73' title="bbox 1963 2021 3435 2094">
    <p class='ocr_par' dir='ltr' id='par_1_73' title="bbox 1963 2021 3435 2094">
     <span class='ocr_line' id='line_1_74' title="bbox 1963 2021 3435 2094; baseline 0.003 -19"><span class='ocrx_word' id='word_1_439' title='bbox 1963 2021 2051 2075; x_wconf 87' lang='grc'><strong>59.</strong></span> <span class='ocrx_word' id='word_1_440' title='bbox 2073 2021 2293 2074; x_wconf 85' lang='lat' dir='ltr'><strong>Eniterc</strong></span> <span class='ocrx_word' id='word_1_441' title='bbox 2317 2030 2378 2074; x_wconf 92' lang='lat' dir='ltr'><strong>ut</strong></span> <span class='ocrx_word' id='word_1_442' title='bbox 2410 2036 2601 2076; x_wconf 89' lang='lat' dir='ltr'><strong>omnes</strong></span> <span class='ocrx_word' id='word_1_443' title='bbox 2634 2022 2887 2077; x_wconf 89' lang='lat' dir='ltr'><strong>homines</strong></span> <span class='ocrx_word' id='word_1_444' title='bbox 2907 2024 3191 2093; x_wconf 79' lang='lat' dir='ltr'><strong>aequaliter</strong></span> <span class='ocrx_word' id='word_1_445' title='bbox 3213 2025 3435 2094; x_wconf 78' lang='lat' dir='ltr'><strong>diligas,</strong></span> 
     </span>
    </p>
   </div>
   <div class='ocr_carea' id='block_1_74' title="bbox 1894 2112 3067 2184">
    <p class='ocr_par' dir='ltr' id='par_1_74' title="bbox 1894 2112 3067 2184">
     <span class='ocr_line' id='line_1_75' title="bbox 1894 2112 3067 2184; baseline 0.002 -19"><span class='ocrx_word' id='word_1_446' title='bbox 1894 2112 2285 2179; x_wconf 84' lang='lat' dir='ltr'><strong>passionesquc</strong></span> <span class='ocrx_word' id='word_1_447' title='bbox 2314 2126 2509 2165; x_wconf 89' lang='lat' dir='ltr'><strong>omnes</strong></span> <span class='ocrx_word' id='word_1_448' title='bbox 2526 2112 2688 2166; x_wconf 88' lang='lat' dir='ltr'><strong>simul</strong></span> <span class='ocrx_word' id='word_1_449' title='bbox 2713 2128 2744 2167; x_wconf 90' lang='lat' dir='ltr'><strong>a</strong></span> <span class='ocrx_word' id='word_1_450' title='bbox 2770 2122 2822 2168; x_wconf 89' lang='lat' dir='ltr'><strong>te</strong></span> <span class='ocrx_word' id='word_1_451' title='bbox 2860 2114 3067 2184; x_wconf 77' lang='lat' dir='ltr'><strong>abiges.</strong></span> 
     </span>
    </p>
   </div>
   <div class='ocr_carea' id='block_1_75' title="bbox 1963 2198 3439 2270">
    <p class='ocr_par' dir='ltr' id='par_1_75' title="bbox 1963 2198 3439 2270">
     <span class='ocr_line' id='line_1_76' title="bbox 1963 2198 3439 2270; baseline 0.004 -20"><span class='ocrx_word' id='word_1_452' title='bbox 1963 2198 2052 2251; x_wconf 66' lang='grc'><strong>40.</strong></span> <span class='ocrx_word' id='word_1_453' title='bbox 2090 2198 2444 2252; x_wconf 88' lang='lat' dir='ltr'><strong>Sensibilium</strong></span> <span class='ocrx_word' id='word_1_454' title='bbox 2489 2213 2673 2253; x_wconf 89' lang='lat' dir='ltr'><strong>rerum</strong></span> <span class='ocrx_word' id='word_1_455' title='bbox 2703 2203 3091 2270; x_wconf 86' lang='lat' dir='ltr'><strong>contemplatio</strong></span> <span class='ocrx_word' id='word_1_456' title='bbox 3132 2206 3439 2259; x_wconf 89' lang='lat' dir='ltr'><strong>communis</strong></span> 
     </span>
    </p>
   </div>
   <div class='ocr_carea' id='block_1_76' title="bbox 1893 2288 3438 2353">
    <p class='ocr_par' dir='ltr' id='par_1_76' title="bbox 1893 2288 3438 2353">
     <span class='ocr_line' id='line_1_77' title="bbox 1893 2288 3438 2353; baseline 0.003 -13"><span class='ocrx_word' id='word_1_457' title='bbox 1893 2294 1977 2340; x_wconf 90' lang='lat' dir='ltr'><strong>est</strong></span> <span class='ocrx_word' id='word_1_458' title='bbox 2008 2288 2177 2341; x_wconf 90' lang='lat' dir='ltr'><strong>menti</strong></span> <span class='ocrx_word' id='word_1_459' title='bbox 2203 2296 2260 2340; x_wconf 89' lang='lat' dir='ltr'><strong>et</strong></span> <span class='ocrx_word' id='word_1_460' title='bbox 2283 2292 2505 2353; x_wconf 87' lang='lat' dir='ltr'><strong>sensui;</strong></span> <span class='ocrx_word' id='word_1_461' title='bbox 2542 2289 2995 2343; x_wconf 85' lang='lat' dir='ltr'><strong>intellectualium</strong></span> <span class='ocrx_word' id='word_1_462' title='bbox 3040 2303 3217 2345; x_wconf 83' lang='lat' dir='ltr'><strong>auten</strong></span> <span class='ocrx_word' id='word_1_463' title='bbox 3254 2293 3438 2346; x_wconf 70' lang='lat' dir='ltr'><strong>scici-</strong></span> 
     </span>
    </p>
   </div>
   <div class='ocr_carea' id='block_1_77' title="bbox 1896 2376 2609 2431">
    <p class='ocr_par' dir='ltr' id='par_1_77' title="bbox 1896 2376 2609 2431">
     <span class='ocr_line' id='line_1_78' title="bbox 1896 2376 2609 2431; baseline 0.007 -5"><span class='ocrx_word' id='word_1_464' title='bbox 1896 2376 1968 2428; x_wconf 88' lang='lat' dir='ltr'><strong>tia</strong></span> <span class='ocrx_word' id='word_1_465' title='bbox 1993 2376 2090 2428; x_wconf 89' lang='lat' dir='ltr'><strong>soli</strong></span> <span class='ocrx_word' id='word_1_466' title='bbox 2124 2377 2295 2428; x_wconf 88' lang='lat' dir='ltr'><strong>menti</strong></span> <span class='ocrx_word' id='word_1_467' title='bbox 2334 2379 2609 2431; x_wconf 84' lang='lat' dir='ltr'><strong>convenit.</strong></span> 
     </span>
    </p>
   </div>
   <div class='ocr_carea' id='block_1_78' title="bbox 1910 2458 3435 2534">
    <p class='ocr_par' dir='ltr' id='par_1_78' title="bbox 1910 2458 3435 2534">
     <span class='ocr_line' id='line_1_79' title="bbox 1910 2458 3435 2534; baseline 0.006 -18"><span class='ocrx_word' id='word_1_468' title='bbox 1910 2502 1915 2507; x_wconf 59' lang='grc' dir='ltr'><em>ρ</em></span> <span class='ocrx_word' id='word_1_469' title='bbox 1962 2464 2049 2517; x_wconf 72' lang='grc' dir='ltr'><strong>ιι.</strong></span> <span class='ocrx_word' id='word_1_470' title='bbox 2081 2464 2424 2534; x_wconf 85' lang='lat' dir='ltr'><strong>lmpossibile</strong></span> <span class='ocrx_word' id='word_1_471' title='bbox 2478 2476 2562 2521; x_wconf 89' lang='lat' dir='ltr'><strong>est</strong></span> <span class='ocrx_word' id='word_1_472' title='bbox 2595 2478 2833 2523; x_wconf 90' lang='lat' dir='ltr'><strong>mentem</strong></span> <span class='ocrx_word' id='word_1_473' title='bbox 2867 2458 3057 2523; x_wconf 81' lang='lat' dir='ltr'><strong>vacare</strong></span> <span class='ocrx_word' id='word_1_474' title='bbox 3094 2464 3435 2525; x_wconf 74' lang='lat' dir='ltr'><strong>intellectua-</strong></span> 
     </span>
    </p>
   </div>
   <div class='ocr_carea' id='block_1_79' title="bbox 1892 2553 3435 2627">
    <p class='ocr_par' dir='ltr' id='par_1_79' title="bbox 1892 2553 3435 2627">
     <span class='ocr_line' id='line_1_80' title="bbox 1892 2553 3435 2627; baseline 0.006 -21"><span class='ocrx_word' id='word_1_475' title='bbox 1892 2553 2056 2616; x_wconf 88' lang='lat' dir='ltr'><strong>libus,</strong></span> <span class='ocrx_word' id='word_1_476' title='bbox 2087 2554 2192 2606; x_wconf 90' lang='lat' dir='ltr'><strong>nisi</strong></span> <span class='ocrx_word' id='word_1_477' title='bbox 2216 2554 2515 2609; x_wconf 84' lang='lat' dir='ltr'><strong>amicitiam</strong></span> <span class='ocrx_word' id='word_1_478' title='bbox 2547 2572 2674 2627; x_wconf 81' lang='lat' dir='ltr'><strong>erga</strong></span> <span class='ocrx_word' id='word_1_479' title='bbox 2702 2573 2896 2613; x_wconf 88' lang='lat' dir='ltr'><strong>sensus</strong></span> <span class='ocrx_word' id='word_1_480' title='bbox 2940 2570 2995 2614; x_wconf 89' lang='lat' dir='ltr'><strong>et</strong></span> <span class='ocrx_word' id='word_1_481' title='bbox 3035 2562 3312 2617; x_wconf 88' lang='lat' dir='ltr'><strong>scnsibilia</strong></span> <span class='ocrx_word' id='word_1_482' title='bbox 3336 2580 3435 2618; x_wconf 89' lang='lat' dir='ltr'><strong>an-</strong></span> 
     </span>
    </p>
   </div>
   <div class='ocr_carea' id='block_1_80' title="bbox 1894 2644 2328 2712">
    <p class='ocr_par' dir='ltr' id='par_1_80' title="bbox 1894 2644 2328 2712">
     <span class='ocr_line' id='line_1_81' title="bbox 1894 2644 2328 2712; baseline 0.005 -17"><span class='ocrx_word' id='word_1_483' title='bbox 1894 2652 1981 2696; x_wconf 85' lang='lat' dir='ltr'><strong>tea</strong></span> <span class='ocrx_word' id='word_1_484' title='bbox 2013 2644 2328 2712; x_wconf 89' lang='lat' dir='ltr'><strong>amputarit.</strong></span> 
     </span>
    </p>
   </div>
   <div class='ocr_carea' id='block_1_81' title="bbox 1964 2733 3436 2805">
    <p class='ocr_par' dir='ltr' id='par_1_81' title="bbox 1964 2733 3436 2805">
     <span class='ocr_line' id='line_1_82' title="bbox 1964 2733 3436 2805; baseline 0.008 -19"><span class='ocrx_word' id='word_1_485' title='bbox 1964 2733 2052 2786; x_wconf 65' lang='lat'><strong>42.</strong></span> <span class='ocrx_word' id='word_1_486' title='bbox 2114 2734 2316 2790; x_wconf 88' lang='lat' dir='ltr'><strong>Sensus</strong></span> <span class='ocrx_word' id='word_1_487' title='bbox 2360 2746 2559 2791; x_wconf 89' lang='lat' dir='ltr'><strong>natura</strong></span> <span class='ocrx_word' id='word_1_488' title='bbox 2608 2738 2966 2795; x_wconf 87' lang='lat' dir='ltr'><strong>scnsibilibus</strong></span> <span class='ocrx_word' id='word_1_489' title='bbox 3029 2742 3294 2805; x_wconf 82' lang='lat' dir='ltr'><strong>aﬂicitur;</strong></span> <span class='ocrx_word' id='word_1_490' title='bbox 3341 2746 3436 2798; x_wconf 75' lang='lat' dir='ltr'><strong>sed</strong></span> 
     </span>
    </p>
   </div>
   <div class='ocr_carea' id='block_1_82' title="bbox 1894 2824 3327 2894">
    <p class='ocr_par' dir='ltr' id='par_1_82' title="bbox 1894 2824 3327 2894">
     <span class='ocr_line' id='line_1_83' title="bbox 1894 2824 3327 2894; baseline 0.01 -19"><span class='ocrx_word' id='word_1_491' title='bbox 1894 2839 2018 2876; x_wconf 90' lang='lat' dir='ltr'><strong>cum</strong></span> <span class='ocrx_word' id='word_1_492' title='bbox 2046 2824 2190 2879; x_wconf 89' lang='lat' dir='ltr'><strong>circa</strong></span> <span class='ocrx_word' id='word_1_493' title='bbox 2221 2841 2284 2881; x_wconf 90' lang='lat' dir='ltr'><strong>ea</strong></span> <span class='ocrx_word' id='word_1_494' title='bbox 2312 2827 2659 2894; x_wconf 85' lang='lat' dir='ltr'><strong>distrahitur,</strong></span> <span class='ocrx_word' id='word_1_495' title='bbox 2686 2830 3012 2887; x_wconf 84' lang='lat' dir='ltr'><strong>distrahitur</strong></span> <span class='ocrx_word' id='word_1_496' title='bbox 3049 2845 3104 2889; x_wconf 89' lang='lat' dir='ltr'><strong>et</strong></span> <span class='ocrx_word' id='word_1_497' title='bbox 3155 2850 3327 2889; x_wconf 88' lang='lat' dir='ltr'><strong>mens.</strong></span> 
     </span>
    </p>
   </div>
   <div class='ocr_carea' id='block_1_83' title="bbox 1921 2994 3437 3084">
    <p class='ocr_par' dir='ltr' id='par_1_83' title="bbox 1921 2994 3437 3084">
     <span class='ocr_line' id='line_1_84' title="bbox 1921 2994 3437 3084; baseline 0.003 -18"><span class='ocrx_word' id='word_1_498' title='bbox 1921 2994 1927 3001; x_wconf 45' lang='grc'>’</span> <span class='ocrx_word' id='word_1_499' title='bbox 1962 3014 2049 3066; x_wconf 72' lang='grc'>45.</span> <span class='ocrx_word' id='word_1_500' title='bbox 2072 3011 2219 3080; x_wconf 83' lang='lat' dir='ltr'><strong>Coge</strong></span> <span class='ocrx_word' id='word_1_501' title='bbox 2240 3027 2435 3066; x_wconf 89' lang='lat' dir='ltr'><strong>sensus</strong></span> <span class='ocrx_word' id='word_1_502' title='bbox 2460 3012 2513 3065; x_wconf 90' lang='lat' dir='ltr'><strong>in</strong></span> <span class='ocrx_word' id='word_1_503' title='bbox 2532 3014 2727 3069; x_wconf 89' lang='lat' dir='ltr'><strong>mentis</strong></span> <span class='ocrx_word' id='word_1_504' title='bbox 2758 3014 3103 3084; x_wconf 84' lang='lat' dir='ltr'><strong>obsequium,</strong></span> <span class='ocrx_word' id='word_1_505' title='bbox 3129 3028 3184 3072; x_wconf 90' lang='lat' dir='ltr'><strong>et</strong></span> <span class='ocrx_word' id='word_1_506' title='bbox 3208 3034 3315 3072; x_wconf 91' lang='lat' dir='ltr'><strong>non</strong></span> <span class='ocrx_word' id='word_1_507' title='bbox 3341 3019 3437 3072; x_wconf 81' lang='lat' dir='ltr'><strong>des</strong></span> 
     </span>
    </p>
   </div>
   <div class='ocr_carea' id='block_1_84' title="bbox 1820 3100 2925 3196">
    <p class='ocr_par' dir='ltr' id='par_1_84' title="bbox 1820 3100 2925 3196">
     <span class='ocr_line' id='line_1_85' title="bbox 1820 3100 2925 3196; baseline 0.004 -45"><span class='ocrx_word' id='word_1_508' title='bbox 1820 3143 1859 3196; x_wconf 65' lang='grc' dir='ltr'>ο</span> <span class='ocrx_word' id='word_1_509' title='bbox 1894 3100 2392 3168; x_wconf 76' lang='grc' dir='ltr'>ἱρείε.οεοαείοηοηι</span> <span class='ocrx_word' id='word_1_510' title='bbox 2422 3116 2541 3155; x_wconf 89' lang='lat' dir='ltr'><strong>eam</strong></span> <span class='ocrx_word' id='word_1_511' title='bbox 2568 3102 2925 3157; x_wconf 86' lang='lat' dir='ltr'><strong>distrahendi.</strong></span> 
     </span>
    </p>
   </div>
   <div class='ocr_carea' id='block_1_85' title="bbox 1956 3268 3437 3333">
    <p class='ocr_par' dir='ltr' id='par_1_85' title="bbox 1956 3268 3437 3333">
     <span class='ocr_line' id='line_1_86' title="bbox 1956 3268 3437 3333; baseline 0.007 -13"><span class='ocrx_word' id='word_1_512' title='bbox 1956 3268 2046 3321; x_wconf 71' lang='grc'><strong>44.</strong></span> <span class='ocrx_word' id='word_1_513' title='bbox 2094 3268 2324 3333; x_wconf 81' lang='lat' dir='ltr'><strong>Quando</strong></span> <span class='ocrx_word' id='word_1_514' title='bbox 2371 3276 2609 3324; x_wconf 90' lang='lat' dir='ltr'><strong>mentem</strong></span> <span class='ocrx_word' id='word_1_515' title='bbox 2664 3272 3018 3327; x_wconf 87' lang='lat' dir='ltr'><strong>sensibilibus</strong></span> <span class='ocrx_word' id='word_1_516' title='bbox 3069 3290 3263 3329; x_wconf 87' lang='lat' dir='ltr'><strong>vacare</strong></span> <span class='ocrx_word' id='word_1_517' title='bbox 3303 3291 3437 3330; x_wconf 83' lang='lat' dir='ltr'><strong>con-</strong></span> 
     </span>
    </p>
   </div>
   <div class='ocr_carea' id='block_1_86' title="bbox 1891 3358 3433 3433">
    <p class='ocr_par' dir='ltr' id='par_1_86' title="bbox 1891 3358 3433 3433">
     <span class='ocr_line' id='line_1_87' title="bbox 1891 3358 3433 3433; baseline 0.005 -23"><span class='ocrx_word' id='word_1_518' title='bbox 1891 3358 2073 3427; x_wconf 77' lang='lat' dir='ltr'><strong>tingit,</strong></span> <span class='ocrx_word' id='word_1_519' title='bbox 2127 3358 2334 3414; x_wconf 86' lang='lat' dir='ltr'><strong>obsiste</strong></span> <span class='ocrx_word' id='word_1_520' title='bbox 2397 3360 2684 3425; x_wconf 88' lang='lat' dir='ltr'><strong>sensibus,</strong></span> <span class='ocrx_word' id='word_1_521' title='bbox 2722 3368 2778 3415; x_wconf 91' lang='lat' dir='ltr'><strong>et</strong></span> <span class='ocrx_word' id='word_1_522' title='bbox 2835 3361 3047 3433; x_wconf 87' lang='lat' dir='ltr'><strong>objecta</strong></span> <span class='ocrx_word' id='word_1_523' title='bbox 3091 3363 3146 3416; x_wconf 92' lang='lat' dir='ltr'><strong>in</strong></span> <span class='ocrx_word' id='word_1_524' title='bbox 3196 3374 3433 3418; x_wconf 83' lang='lat' dir='ltr'><strong>mentem</strong></span> 
     </span>
    </p>
   </div>
   <div class='ocr_carea' id='block_1_87' title="bbox 1887 3448 2117 3502">
    <p class='ocr_par' dir='ltr' id='par_1_87' title="bbox 1887 3448 2117 3502">
     <span class='ocr_line' id='line_1_88' title="bbox 1887 3448 2117 3502; baseline 0.004 -1"><span class='ocrx_word' id='word_1_525' title='bbox 1887 3448 2117 3502; x_wconf 87' lang='lat' dir='ltr'><strong>subduc.</strong></span> 
     </span>
    </p>
   </div>
   <div class='ocr_carea' id='block_1_88' title="bbox 1954 3538 3434 3611">
    <p class='ocr_par' dir='ltr' id='par_1_88' title="bbox 1954 3538 3434 3611">
     <span class='ocr_line' id='line_1_89' title="bbox 1954 3538 3434 3611; baseline 0.004 -20"><span class='ocrx_word' id='word_1_526' title='bbox 1954 3539 2041 3591; x_wconf 77' lang='grc'><strong>45.</strong></span> <span class='ocrx_word' id='word_1_527' title='bbox 2075 3538 2299 3606; x_wconf 81' lang='lat' dir='ltr'><strong>Signum</strong></span> <span class='ocrx_word' id='word_1_528' title='bbox 2346 3539 2545 3592; x_wconf 90' lang='lat' dir='ltr'><strong>mentis</strong></span> <span class='ocrx_word' id='word_1_529' title='bbox 2573 3538 2717 3593; x_wconf 85' lang='lat' dir='ltr'><strong>circa</strong></span> <span class='ocrx_word' id='word_1_530' title='bbox 2747 3540 3105 3610; x_wconf 81' lang='lat' dir='ltr'><strong>intelligibilia</strong></span> <span class='ocrx_word' id='word_1_531' title='bbox 3147 3557 3434 3611; x_wconf 86' lang='lat' dir='ltr'><strong>occupare.</strong></span> 
     </span>
    </p>
   </div>
   <div class='ocr_carea' id='block_1_89' title="bbox 1887 3624 3221 3693">
    <p class='ocr_par' dir='ltr' id='par_1_89' title="bbox 1887 3624 3221 3693">
     <span class='ocr_line' id='line_1_90' title="bbox 1887 3624 3221 3693; baseline 0.004 -16"><span class='ocrx_word' id='word_1_532' title='bbox 1887 3632 1969 3677; x_wconf 88' lang='lat' dir='ltr'><strong>est</strong></span> <span class='ocrx_word' id='word_1_533' title='bbox 1998 3624 2333 3679; x_wconf 82' lang='lat' dir='ltr'><strong>ﬂoccifaccre</strong></span> <span class='ocrx_word' id='word_1_534' title='bbox 2356 3624 2537 3677; x_wconf 89' lang='lat' dir='ltr'><strong>omnia</strong></span> <span class='ocrx_word' id='word_1_535' title='bbox 2565 3639 2684 3693; x_wconf 64' lang='lat' dir='ltr'><strong>qua:</strong></span> <span class='ocrx_word' id='word_1_536' title='bbox 2704 3640 2896 3681; x_wconf 90' lang='lat' dir='ltr'><strong>sensus</strong></span> <span class='ocrx_word' id='word_1_537' title='bbox 2934 3630 3221 3683; x_wconf 88' lang='lat' dir='ltr'><strong>oblectant.</strong></span> 
     </span>
    </p>
   </div>
   <div class='ocr_carea' id='block_1_90' title="bbox 1956 3796 3429 3873">
    <p class='ocr_par' dir='ltr' id='par_1_90' title="bbox 1956 3796 3429 3873">
     <span class='ocr_line' id='line_1_91' title="bbox 1956 3796 3429 3873; baseline 0.005 -19"><span class='ocrx_word' id='word_1_538' title='bbox 1956 3796 2045 3855; x_wconf 62' lang='grc' dir='ltr'>ιθ.</span> <span class='ocrx_word' id='word_1_539' title='bbox 2100 3800 2375 3871; x_wconf 88' lang='lat' dir='ltr'><strong>Occupata</strong></span> <span class='ocrx_word' id='word_1_540' title='bbox 2414 3817 2568 3856; x_wconf 89' lang='lat' dir='ltr'><strong>mens</strong></span> <span class='ocrx_word' id='word_1_541' title='bbox 2624 3802 2679 3856; x_wconf 91' lang='lat' dir='ltr'><strong>in</strong></span> <span class='ocrx_word' id='word_1_542' title='bbox 2731 3805 3189 3873; x_wconf 89' lang='lat' dir='ltr'><strong>contemplatione</strong></span> <span class='ocrx_word' id='word_1_543' title='bbox 3237 3822 3429 3863; x_wconf 88' lang='lat' dir='ltr'><strong>eorum</strong></span> 
     </span>
    </p>
   </div>
   <div class='ocr_carea' id='block_1_91' title="bbox 1890 3891 3321 3963">
    <p class='ocr_par' dir='ltr' id='par_1_91' title="bbox 1890 3891 3321 3963">
     <span class='ocr_line' id='line_1_92' title="bbox 1890 3891 3321 3963; baseline 0.005 -21"><span class='ocrx_word' id='word_1_544' title='bbox 1890 3905 2009 3957; x_wconf 74' lang='lat' dir='ltr'><strong>qua:</strong></span> <span class='ocrx_word' id='word_1_545' title='bbox 2041 3899 2190 3955; x_wconf 89' lang='lat' dir='ltr'><strong>sunt,</strong></span> <span class='ocrx_word' id='word_1_546' title='bbox 2211 3891 2443 3945; x_wconf 87' lang='lat' dir='ltr'><strong>solidam</strong></span> <span class='ocrx_word' id='word_1_547' title='bbox 2480 3891 2533 3945; x_wconf 90' lang='lat' dir='ltr'><strong>in</strong></span> <span class='ocrx_word' id='word_1_548' title='bbox 2560 3891 2640 3946; x_wconf 86' lang='lat' dir='ltr'><strong>eis</strong></span> <span class='ocrx_word' id='word_1_549' title='bbox 2664 3892 2995 3963; x_wconf 87' lang='lat' dir='ltr'><strong>voluptatem</strong></span> <span class='ocrx_word' id='word_1_550' title='bbox 3017 3896 3321 3961; x_wconf 84' lang='lat' dir='ltr'><strong>experitur.</strong></span> 
     </span>
    </p>
   </div>
   <div class='ocr_carea' id='block_1_92' title="bbox 1960 4080 3433 4152">
    <p class='ocr_par' dir='ltr' id='par_1_92' title="bbox 1960 4080 3433 4152">
     <span class='ocr_line' id='line_1_93' title="bbox 1960 4080 3433 4152; baseline 0.003 -18"><span class='ocrx_word' id='word_1_551' title='bbox 1960 4080 2048 4134; x_wconf 68' lang='grc'><strong>47.</strong></span> <span class='ocrx_word' id='word_1_552' title='bbox 2092 4080 2318 4145; x_wconf 86' lang='lat' dir='ltr'><strong>Quando</strong></span> <span class='ocrx_word' id='word_1_553' title='bbox 2358 4096 2513 4135; x_wconf 90' lang='lat' dir='ltr'><strong>mens</strong></span> <span class='ocrx_word' id='word_1_554' title='bbox 2551 4081 2781 4137; x_wconf 89' lang='lat' dir='ltr'><strong>unitatis</strong></span> <span class='ocrx_word' id='word_1_555' title='bbox 2833 4083 3061 4136; x_wconf 88' lang='lat' dir='ltr'><strong>scientia</strong></span> <span class='ocrx_word' id='word_1_556' title='bbox 3106 4084 3433 4152; x_wconf 79' lang='lat' dir='ltr'><strong>locupletata</strong></span> 
     </span>
    </p>
   </div>
   <div class='ocr_carea' id='block_1_93' title="bbox 1888 4168 3436 4231">
    <p class='ocr_par' dir='ltr' id='par_1_93' title="bbox 1888 4168 3436 4231">
     <span class='ocr_line' id='line_1_94' title="bbox 1888 4168 3436 4231; baseline 0.006 -11"><span class='ocrx_word' id='word_1_557' title='bbox 1888 4168 2072 4231; x_wconf 82' lang='lat' dir='ltr'><strong>fuerit,</strong></span> <span class='ocrx_word' id='word_1_558' title='bbox 2100 4168 2233 4224; x_wconf 82' lang='lat' dir='ltr'><strong>tunc</strong></span> <span class='ocrx_word' id='word_1_559' title='bbox 2265 4187 2460 4226; x_wconf 90' lang='lat' dir='ltr'><strong>sensus</strong></span> <span class='ocrx_word' id='word_1_560' title='bbox 2496 4173 2722 4226; x_wconf 90' lang='lat' dir='ltr'><strong>omnino</strong></span> <span class='ocrx_word' id='word_1_561' title='bbox 2747 4172 2800 4225; x_wconf 91' lang='lat' dir='ltr'><strong>in</strong></span> <span class='ocrx_word' id='word_1_562' title='bbox 2836 4173 3153 4228; x_wconf 85' lang='lat' dir='ltr'><strong>servitutem</strong></span> <span class='ocrx_word' id='word_1_563' title='bbox 3186 4174 3436 4229; x_wconf 84' lang='lat' dir='ltr'><strong>redactos</strong></span> 
     </span>
    </p>
   </div>
   <div class='ocr_carea' id='block_1_94' title="bbox 1890 4263 3078 4313">
    <p class='ocr_par' dir='ltr' id='par_1_94' title="bbox 1890 4263 3078 4313">
     <span class='ocr_line' id='line_1_95' title="bbox 1890 4263 3078 4313; baseline 0.003 -2"><span class='ocrx_word' id='word_1_564' title='bbox 1890 4268 2055 4313; x_wconf 85' lang='lat' dir='ltr'><strong>tenet.</strong></span> <span class='ocrx_word' id='word_1_565' title='bbox 3055 4263 3078 4273; x_wconf 77' lang='grc'><em>⁴</em></span> 
     </span>
    </p>
   </div>
   <div class='ocr_carea' id='block_1_95' title="bbox 1960 4371 3432 4445">
    <p class='ocr_par' dir='ltr' id='par_1_95' title="bbox 1960 4371 3432 4445">
     <span class='ocr_line' id='line_1_96' title="bbox 1960 4371 3432 4445; baseline 0.003 -21"><span class='ocrx_word' id='word_1_566' title='bbox 1960 4371 2048 4424; x_wconf 69' lang='grc'><strong>48.</strong></span> <span class='ocrx_word' id='word_1_567' title='bbox 2093 4373 2328 4445; x_wconf 86' lang='lat' dir='ltr'><strong>Prohibe</strong></span> <span class='ocrx_word' id='word_1_568' title='bbox 2359 4384 2594 4428; x_wconf 86' lang='lat' dir='ltr'><strong>mentem</strong></span> <span class='ocrx_word' id='word_1_569' title='bbox 2648 4383 2795 4427; x_wconf 91' lang='lat' dir='ltr'><strong>tuam</strong></span> <span class='ocrx_word' id='word_1_570' title='bbox 2835 4375 3040 4428; x_wconf 90' lang='lat' dir='ltr'><strong>circum</strong></span> <span class='ocrx_word' id='word_1_571' title='bbox 3076 4376 3295 4428; x_wconf 89' lang='lat' dir='ltr'><strong>sensilia</strong></span> <span class='ocrx_word' id='word_1_572' title='bbox 3336 4392 3432 4429; x_wconf 84' lang='lat' dir='ltr'><strong>va-</strong></span> 
     </span>
    </p>
   </div>
   <div class='ocr_carea' id='block_1_96' title="bbox 1826 4458 3429 4530">
    <p class='ocr_par' dir='ltr' id='par_1_96' title="bbox 1826 4458 3429 4530">
     <span class='ocr_line' id='line_1_97' title="bbox 1826 4458 3429 4530; baseline 0.004 -21"><span class='ocrx_word' id='word_1_573' title='bbox 1826 4458 1869 4509; x_wconf 90' lang='lat' dir='ltr'><strong>D</strong></span> <span class='ocrx_word' id='word_1_574' title='bbox 1900 4462 2036 4528; x_wconf 77' lang='lat' dir='ltr'><strong>gari,</strong></span> <span class='ocrx_word' id='word_1_575' title='bbox 2073 4477 2141 4514; x_wconf 86' lang='lat' dir='ltr'><strong>ne</strong></span> <span class='ocrx_word' id='word_1_576' title='bbox 2174 4463 2512 4530; x_wconf 86' lang='lat' dir='ltr'><strong>voluptatum</strong></span> <span class='ocrx_word' id='word_1_577' title='bbox 2546 4463 2781 4515; x_wconf 76' lang='lat' dir='ltr'><strong>tristitiae</strong></span> <span class='ocrx_word' id='word_1_578' title='bbox 2826 4462 3032 4516; x_wconf 79' lang='lat' dir='ltr'><strong>fructus</strong></span> <span class='ocrx_word' id='word_1_579' title='bbox 3049 4463 3212 4515; x_wconf 93' lang='lat' dir='ltr'><strong>simul</strong></span> <span class='ocrx_word' id='word_1_580' title='bbox 3258 4478 3323 4517; x_wconf 83' lang='lat' dir='ltr'><strong>ex</strong></span> <span class='ocrx_word' id='word_1_581' title='bbox 3346 4464 3429 4516; x_wconf 90' lang='lat' dir='ltr'><strong>eis</strong></span> 
     </span>
    </p>
   </div>
   <div class='ocr_carea' id='block_1_97' title="bbox 1889 4550 2240 4618">
    <p class='ocr_par' dir='ltr' id='par_1_97' title="bbox 1889 4550 2240 4618">
     <span class='ocr_line' id='line_1_98' title="bbox 1889 4550 2240 4618; baseline -0.003 -16"><span class='ocrx_word' id='word_1_582' title='bbox 1889 4550 2163 4618; x_wconf 87' lang='lat' dir='ltr'><strong>decerpat.</strong></span> <span class='ocrx_word' id='word_1_583' title='bbox 2228 4552 2240 4561; x_wconf 85' lang='lat'><strong>‘</strong></span> 
     </span>
    </p>
   </div>
   <div class='ocr_carea' id='block_1_98' title="bbox 1963 4659 3426 4729">
    <p class='ocr_par' dir='ltr' id='par_1_98' title="bbox 1963 4659 3426 4729">
     <span class='ocr_line' id='line_1_99' title="bbox 1963 4659 3426 4729; baseline 0.005 -16"><span class='ocrx_word' id='word_1_584' title='bbox 1963 4660 2049 4714; x_wconf 68' lang='lat'><strong>49.</strong></span> <span class='ocrx_word' id='word_1_585' title='bbox 2094 4659 2335 4726; x_wconf 89' lang='lat' dir='ltr'><strong>Quorum</strong></span> <span class='ocrx_word' id='word_1_586' title='bbox 2362 4675 2514 4714; x_wconf 91' lang='lat' dir='ltr'><strong>mens</strong></span> <span class='ocrx_word' id='word_1_587' title='bbox 2537 4669 2800 4729; x_wconf 87' lang='lat' dir='ltr'><strong>perpetuo</strong></span> <span class='ocrx_word' id='word_1_588' title='bbox 2833 4660 3035 4715; x_wconf 79' lang='lat' dir='ltr'><strong>divinis</strong></span> <span class='ocrx_word' id='word_1_589' title='bbox 3065 4672 3242 4727; x_wconf 82' lang='lat' dir='ltr'><strong>vacat,</strong></span> <span class='ocrx_word' id='word_1_590' title='bbox 3278 4664 3344 4719; x_wconf 89' lang='lat' dir='ltr'><strong>iis</strong></span> <span class='ocrx_word' id='word_1_591' title='bbox 3368 4674 3426 4721; x_wconf 90' lang='lat' dir='ltr'><strong>et</strong></span> 
     </span>
    </p>
   </div>
   <div class='ocr_carea' id='block_1_99' title="bbox 1892 4748 3205 4811">
    <p class='ocr_par' dir='ltr' id='par_1_99' title="bbox 1892 4748 3205 4811">
     <span class='ocr_line' id='line_1_100' title="bbox 1892 4748 3205 4811; baseline 0.002 -10"><span class='ocrx_word' id='word_1_592' title='bbox 1892 4748 2153 4802; x_wconf 70' lang='lat' dir='ltr'><strong>aﬂ‘ectivm</strong></span> <span class='ocrx_word' id='word_1_593' title='bbox 2176 4749 2369 4802; x_wconf 62' lang='lat' dir='ltr'><strong>anima!</strong></span> <span class='ocrx_word' id='word_1_594' title='bbox 2396 4750 2541 4802; x_wconf 87' lang='lat' dir='ltr'><strong>vires</strong></span> <span class='ocrx_word' id='word_1_595' title='bbox 2595 4748 2779 4802; x_wconf 88' lang='lat' dir='ltr'><strong>divina</strong></span> <span class='ocrx_word' id='word_1_596' title='bbox 2810 4748 2947 4802; x_wconf 87' lang='lat' dir='ltr'><strong>ﬁunt</strong></span> <span class='ocrx_word' id='word_1_597' title='bbox 2976 4764 3145 4803; x_wconf 86' lang='lat' dir='ltr'><strong>arma.</strong></span> <span class='ocrx_word' id='word_1_598' title='bbox 3198 4804 3205 4811; x_wconf 72' lang='grc'><strong>,</strong></span> 
     </span>
    </p>
   </div>
   <div class='ocr_carea' id='block_1_100' title="bbox 1959 4938 3430 5013">
    <p class='ocr_par' dir='ltr' id='par_1_100' title="bbox 1959 4938 3430 5013">
     <span class='ocr_line' id='line_1_101' title="bbox 1959 4938 3430 5013; baseline 0.002 -22"><span class='ocrx_word' id='word_1_599' title='bbox 1959 4938 2043 4991; x_wconf 78' lang='grc'>50.</span> <span class='ocrx_word' id='word_1_600' title='bbox 2073 4939 2409 5013; x_wconf 78' lang='lat' dir='ltr'><strong>Impossibile</strong></span> <span class='ocrx_word' id='word_1_601' title='bbox 2429 4951 2511 4995; x_wconf 86' lang='lat' dir='ltr'><strong>est</strong></span> <span class='ocrx_word' id='word_1_602' title='bbox 2542 4952 2778 4997; x_wconf 86' lang='lat' dir='ltr'><strong>mentem</strong></span> <span class='ocrx_word' id='word_1_603' title='bbox 2810 4942 3035 4996; x_wconf 82' lang='lat' dir='ltr'><strong>scientia</strong></span> <span class='ocrx_word' id='word_1_604' title='bbox 3085 4941 3288 5007; x_wconf 81' lang='lat' dir='ltr'><strong>perﬁci,</strong></span> <span class='ocrx_word' id='word_1_605' title='bbox 3326 4942 3430 4995; x_wconf 73' lang='lat' dir='ltr'><strong>nisi</strong></span> 
     </span>
    </p>
   </div>
   <div class='ocr_carea' id='block_1_101' title="bbox 1895 5028 3435 5100">
    <p class='ocr_par' dir='ltr' id='par_1_101' title="bbox 1895 5028 3435 5100">
     <span class='ocr_line' id='line_1_102' title="bbox 1895 5028 3435 5100; baseline 0.004 -22"><span class='ocrx_word' id='word_1_606' title='bbox 1895 5032 2049 5095; x_wconf 89' lang='lat' dir='ltr'><strong>prius</strong></span> <span class='ocrx_word' id='word_1_607' title='bbox 2078 5028 2327 5084; x_wconf 70' lang='lat' dir='ltr'><strong>aﬂ‘eetiva</strong></span> <span class='ocrx_word' id='word_1_608' title='bbox 2379 5033 2568 5085; x_wconf 70' lang='lat' dir='ltr'><strong>animm</strong></span> <span class='ocrx_word' id='word_1_609' title='bbox 2589 5033 2769 5100; x_wconf 88' lang='lat' dir='ltr'><strong>portio</strong></span> <span class='ocrx_word' id='word_1_610' title='bbox 2794 5034 2907 5086; x_wconf 86' lang='lat' dir='ltr'><strong>suis</strong></span> <span class='ocrx_word' id='word_1_611' title='bbox 2932 5034 3282 5085; x_wconf 78' lang='lat' dir='ltr'><strong>admoveatur</strong></span> <span class='ocrx_word' id='word_1_612' title='bbox 3329 5033 3435 5084; x_wconf 80' lang='lat' dir='ltr'><strong>vir-</strong></span> 
     </span>
    </p>
   </div>
   <div class='ocr_carea' id='block_1_102' title="bbox 1894 5118 2119 5171">
    <p class='ocr_par' dir='ltr' id='par_1_102' title="bbox 1894 5118 2119 5171">
     <span class='ocr_line' id='line_1_103' title="bbox 1894 5118 2119 5171; baseline 0.013 -3"><span class='ocrx_word' id='word_1_613' title='bbox 1894 5118 2119 5171; x_wconf 76' lang='lat' dir='ltr'><strong>tatibus.</strong></span> 
     </span>
    </p>
   </div>
   <div class='ocr_carea' id='block_1_103' title="bbox 1966 5227 3435 5301">
    <p class='ocr_par' dir='ltr' id='par_1_103' title="bbox 1966 5227 3435 5301">
     <span class='ocr_line' id='line_1_104' title="bbox 1966 5227 3435 5301; baseline 0.004 -21"><span class='ocrx_word' id='word_1_614' title='bbox 1966 5227 2052 5280; x_wconf 79' lang='grc'>51.</span> <span class='ocrx_word' id='word_1_615' title='bbox 2083 5228 2230 5281; x_wconf 84' lang='lat' dir='ltr'><strong>Mens</strong></span> <span class='ocrx_word' id='word_1_616' title='bbox 2286 5244 2395 5281; x_wconf 88' lang='lat' dir='ltr'><strong>non</strong></span> <span class='ocrx_word' id='word_1_617' title='bbox 2442 5240 2599 5282; x_wconf 85' lang='lat' dir='ltr'><strong>antea</strong></span> <span class='ocrx_word' id='word_1_618' title='bbox 2627 5232 2733 5283; x_wconf 87' lang='lat' dir='ltr'><strong>erit</strong></span> <span class='ocrx_word' id='word_1_619' title='bbox 2766 5234 3050 5301; x_wconf 78' lang='lat' dir='ltr'><strong>peregrina</strong></span> <span class='ocrx_word' id='word_1_620' title='bbox 3101 5247 3287 5285; x_wconf 86' lang='lat' dir='ltr'><strong>eorum</strong></span> <span class='ocrx_word' id='word_1_621' title='bbox 3314 5247 3435 5298; x_wconf 75' lang='lat' dir='ltr'><strong>quze</strong></span> 
     </span>
    </p>
   </div>
   <div class='ocr_carea' id='block_1_104' title="bbox 1898 5317 3432 5379">
    <p class='ocr_par' dir='ltr' id='par_1_104' title="bbox 1898 5317 3432 5379">
     <span class='ocr_line' id='line_1_105' title="bbox 1898 5317 3432 5379; baseline 0.002 -9"><span class='ocrx_word' id='word_1_622' title='bbox 1898 5326 2027 5371; x_wconf 86' lang='lat' dir='ltr'><strong>sunt</strong></span> <span class='ocrx_word' id='word_1_623' title='bbox 2065 5317 2115 5367; x_wconf 91' lang='lat' dir='ltr'><strong>in</strong></span> <span class='ocrx_word' id='word_1_624' title='bbox 2146 5317 2247 5368; x_wconf 92' lang='lat' dir='ltr'><strong>hoc</strong></span> <span class='ocrx_word' id='word_1_625' title='bbox 2273 5317 2496 5379; x_wconf 90' lang='lat' dir='ltr'><strong>mundo,</strong></span> <span class='ocrx_word' id='word_1_626' title='bbox 2529 5319 2634 5371; x_wconf 89' lang='lat' dir='ltr'><strong>nisi</strong></span> <span class='ocrx_word' id='word_1_627' title='bbox 2663 5320 2836 5373; x_wconf 86' lang='lat' dir='ltr'><strong>modis</strong></span> <span class='ocrx_word' id='word_1_628' title='bbox 2857 5322 3110 5375; x_wconf 80' lang='lat' dir='ltr'><strong>omnibus</strong></span> <span class='ocrx_word' id='word_1_629' title='bbox 3136 5321 3432 5373; x_wconf 85' lang='lat' dir='ltr'><strong>amicitiam</strong></span> 
     </span>
    </p>
   </div>
   <div class='ocr_carea' id='block_1_105' title="bbox 1895 5408 2577 5474">
    <p class='ocr_par' dir='ltr' id='par_1_105' title="bbox 1895 5408 2577 5474">
     <span class='ocr_line' id='line_1_106' title="bbox 1895 5408 2577 5474; baseline 0 -18"><span class='ocrx_word' id='word_1_630' title='bbox 1895 5421 2021 5474; x_wconf 85' lang='lat' dir='ltr'><strong>erga</strong></span> <span class='ocrx_word' id='word_1_631' title='bbox 2048 5421 2240 5457; x_wconf 82' lang='lat' dir='ltr'><strong>sensus</strong></span> <span class='ocrx_word' id='word_1_632' title='bbox 2258 5408 2577 5460; x_wconf 85' lang='lat' dir='ltr'><strong>rcsecuerit.</strong></span> 
     </span>
    </p>
   </div>
   <div class='ocr_carea' id='block_1_106' title="bbox 1964 5516 3433 5587">
    <p class='ocr_par' dir='ltr' id='par_1_106' title="bbox 1964 5516 3433 5587">
     <span class='ocr_line' id='line_1_107' title="bbox 1964 5516 3433 5587; baseline 0.002 -21"><span class='ocrx_word' id='word_1_633' title='bbox 1964 5516 2048 5567; x_wconf 59' lang='grc' dir='ltr'>εἰεί.</span> <span class='ocrx_word' id='word_1_634' title='bbox 2079 5516 2366 5583; x_wconf 77' lang='lat' dir='ltr'><strong>Proprium</strong></span> <span class='ocrx_word' id='word_1_635' title='bbox 2414 5528 2497 5570; x_wconf 87' lang='lat' dir='ltr'><strong>est</strong></span> <span class='ocrx_word' id='word_1_636' title='bbox 2520 5519 2768 5571; x_wconf 85' lang='lat' dir='ltr'><strong>rationali</strong></span> <span class='ocrx_word' id='word_1_637' title='bbox 2802 5520 3033 5587; x_wconf 78' lang='lat' dir='ltr'><strong>portioni</strong></span> <span class='ocrx_word' id='word_1_638' title='bbox 3100 5518 3309 5578; x_wconf 72' lang='lat' dir='ltr'><strong>anima),</strong></span> <span class='ocrx_word' id='word_1_639' title='bbox 3341 5533 3433 5569; x_wconf 48' lang='grc' dir='ltr'><strong>γαρ</strong></span> 
     </span>
    </p>
   </div>
   <div class='ocr_carea' id='block_1_107' title="bbox 1893 5605 3435 5673">
    <p class='ocr_par' dir='ltr' id='par_1_107' title="bbox 1893 5605 3435 5673">
     <span class='ocr_line' id='line_1_108' title="bbox 1893 5605 3435 5673; baseline 0.002 -16"><span class='ocrx_word' id='word_1_640' title='bbox 1893 5621 2015 5658; x_wconf 82' lang='lat' dir='ltr'><strong>care</strong></span> <span class='ocrx_word' id='word_1_641' title='bbox 2039 5605 2329 5673; x_wconf 78' lang='lat' dir='ltr'><strong>cognitioni</strong></span> <span class='ocrx_word' id='word_1_642' title='bbox 2359 5606 2484 5670; x_wconf 87' lang='lat' dir='ltr'><strong>Dei;</strong></span> <span class='ocrx_word' id='word_1_643' title='bbox 2511 5607 2699 5660; x_wconf 63' lang='lat' dir='ltr'><strong>activa:</strong></span> <span class='ocrx_word' id='word_1_644' title='bbox 2748 5620 2951 5673; x_wconf 84' lang='lat' dir='ltr'><strong>autem,</strong></span> <span class='ocrx_word' id='word_1_645' title='bbox 3012 5610 3329 5661; x_wconf 77' lang='lat' dir='ltr'><strong>charitatem</strong></span> <span class='ocrx_word' id='word_1_646' title='bbox 3378 5616 3435 5660; x_wconf 84' lang='lat' dir='ltr'><strong>et</strong></span> 
     </span>
    </p>
   </div>
   <div class='ocr_carea' id='block_1_108' title="bbox 1894 5695 2631 5763">
    <p class='ocr_par' dir='ltr' id='par_1_108' title="bbox 1894 5695 2631 5763">
     <span class='ocr_line' id='line_1_109' title="bbox 1894 5695 2631 5763; baseline 0.003 -15"><span class='ocrx_word' id='word_1_647' title='bbox 1894 5695 2281 5757; x_wconf 80' lang='lat' dir='ltr'><strong>continentiam</strong></span> <span class='ocrx_word' id='word_1_648' title='bbox 2316 5697 2631 5763; x_wconf 78' lang='lat' dir='ltr'><strong>amplexari.</strong></span> 
     </span>
    </p>
   </div>
  </div>
