4030 6338
188 464 320 531 14⁸17

1211 464 1579 525 LIBELLUS
1615 462 1716 521 AD
1751 458 2247 542 ΤΗΕΟΒΟΒΙῌᾏ
2285 460 2446 520 IMP.

3286 460 3424 530 1178

183 597 292 640 μον
332 578 441 631 τῶν
484 578 847 632 ὲκτελούντων
877 579 1155 632 διακονίαν
1183 580 1301 631 τινὰ
1331 578 1451 648 θεῷ
1480 581 1561 640 εἰς
1587 577 1744 648 ὀργὴν.

1860 575 2211 640 monachum,
2257 588 2349 632 aut
2384 574 2704 645 religiosum
2746 578 2947 633 laicnm
2977 578 3237 647 honorat;
3295 581 3425 637 nul.

174 673 328 724 κατὰ
376 670 488 722 τῶν
530 670 698 735 ἀξίων
722 709 737 734 ,
802 671 916 722 ἀλλ’
948 670 1305 738 ἐνδυσάμενος
1333 666 1431 739 τὴν
1457 668 1756 742 ὑπεροψίαν

172 761 328 811 κατὰ
356 762 575 813 πάντων
595 797 612 823 ,
666 758 886 831 οαῤῥῶν
916 761 1029 821 τοῖς
1057 762 1323 829 χρήμασι,
1363 761 1454 813 καί
1483 777 1646 813 τινων
1674 761 1756 812 δι-

171 849 547 920 εφθαρμένων
577 852 642 919 τῇ
678 849 855 918 ίσχύῖ,
910 849 944 920 ἢ
997 850 1085 901 ἵνα
1114 850 1332 918 ἀφόϐως
1359 851 1619 920 εἴπωμεν,
1661 850 1757 919 καὶ.

168 937 262 1007 τῷ
312 937 564 1010 ὑμετέρῳ
607 939 828 1010 κράτει,
867 938 1042 1005 ταῦτα
1071 942 1254 991 ποιεῖ’
1296 939 1556 1009 ἀξιοῦμεν
1586 940 1756 1010 μηδὲν

169 1028 335 1098 αὐτῷ
382 1030 526 1082 κατά
567 1046 729 1082 τινων
777 1029 977 1094 ἐξεῖναι
1019 1031 1230 1093 ποιεῖν,
1281 1031 1377 1082 ἐὰν
1419 1030 1495 1100 μὴ
1540 1030 1755 1099 πρῶτον

166 1117 468 1188 διόρθωσιν
515 1117 659 1190 λάϐῃ
705 1119 775 1173 τὰ
821 1119 963 1174 κατά
988 1122 1089 1192 τὴν
1114 1121 1391 1192 όροόδοξον
1418 1120 1621 1185 πίστιν,
1669 1121 1755 1174 ἵνα

174 1210 264 1278 μὴ
290 1207 494 1277 ταύτην
521 1207 873 1282 διασκεδάσῃ.
919 1209 1016 1264 καὶ
1042 1211 1141 1280 τὴν
1168 1210 1333 1265 αὑτοῦ
1369 1212 1755 1283 παρεισᾳγάγῃ

167 1292 355 1346 ταῦτα
382 1294 571 1350 ποιῶν.
604 1290 728 1349 Οἶδα
752 1296 885 1369 γὰρ,
917 1297 994 1361 ὡς
1021 1299 1212 1365 οἴεται,
1247 1300 1346 1374 ὅτι.
1365 1300 1468 1354 κᾶν
1502 1299 1579 1370 τῷ
1604 1294 1753 1370 φόϐῳ

170 1384 410 1448 πολλοὺς
433 1386 713 1455 ἀμῢλυνας
739 1388 1024 1459 ἀποστήσῃ
1051 1389 1151 1458 τῆς
1172 1389 1427 1453 πίστεωςο
1456 1393 1549 1443 καὶ
1570 1390 1755 1443 λοιπὸν

170 1473 358 1547 εὑρὼν
385 1476 777 1547 ὁμογνώμονας
800 1479 1000 1542 αὐτοῦ,
1037 1481 1294 1554 παράσχῃ
1319 1482 1502 1544 αὐτοῖς
1530 1481 1750 1549 θάρσος,

167 1560 322 1617 ὥστε
369 1565 466 1617 καὶ
507 1565 611 1627 ἓως
646 1554 870 1636 πληγῶν
896 1567 1132 1639 δημοσίᾳ.
1161 1571 1484 1638 ἐπιχειρεῖν,
1541 1571 1631 1622 καὶ
1674 1571 1753 1624 δι-

168 1653 369 1723 ωγμδδ
416 1657 614 1708 ποιεῖν.
665 1657 742 1708 Ού
781 1657 941 1727 μόνον
980 1658 1037 1711 δὲ
1085 1660 1208 1721 τοὺς
1237 1660 1399 1712 αὑτοῦ
1425 1660 1586 1730 δῆθεν
1614 1661 1750 1732 κλη-

171 1747 389 1816 ρικοὺς,
412 1748 445 1816 ἦ
469 1749 966 1817 ωγκὲλλους,ἀλλά
997 1755 1089 1806 καὶ
1111 1756 1174 1808 ἐκ
1193 1755 1299 1807 τῶν
1326 1757 1524 1825 ἔξωθεν
1556 1774 1751 1827 παροι-

169 1833 313 1886 κιῶν
363 1834 734 1905 προσελάϐετό
780 1857 967 1906 τινας,
1020 1837 1101 1905 οἷς
1148 1843 1384 1911 μάλιστα
1416 1830 1749 1912 οὐκέξεστιν

134 1928 143 1933 ‘
169 1915 322 1972 εἶναι
351 1922 497 1976 κατά
524 1925 652 1988 τοὺς
676 1926 1164 1995 ἐκκλησιαστικοὺς
1190 1933 1419 1994 κανόνας
1458 1935 1538 1997 εἰς
1562 1934 1745 2004 ἕτερον

166 2010 530 2066 ἑπισκοπεῖον
548 2052 563 2076 ,
615 2015 649 2083 ἢ
701 2016 781 2078 είς
810 2017 977 2086 ἀλλην
1007 2020 1302 2087 ἐκκλησίαν
1326 2060 1341 2084 ,
1393 2022 1509 2076 ἀλλ’
1532 2025 1744 2093 ἀνάγκη

163 2101 373 2165 αὐτοὺς
397 2104 478 2164 τίς
503 2104 602 2164 τάς
633 2104 767 2167 ίδίας
795 2107 1106 2176 παροικίας,
1142 2108 1176 2179 ἢ
1211 2110 1412 2176 πόλεις,
1443 2111 1748 2182 ὅπουηὲαει-

168 2191 566 2263 ροτονήθησαν,
590 2195 752 2247 κάκεῖ
770 2198 980 2267 ἡσυσχῆ
1002 2194 1232 2267 διάγειν·
1254 2201 1340 2253 ἵνα
1365 2203 1439 2272 μὴ
1457 2203 1532 2273 τῷ
1552 2203 1748 2273 μακρῷ

164 2283 351 2352 χρόνῳ
380 2284 469 2336 διὰ
496 2284 597 2350 τῆς
625 2288 960 2358 προσκαίρου
990 2290 1337 2353 δυναστείας,
1384 2292 1523 2363 ἓρψῃ
1552 2310 1747 2363 περισ-

164 2372 413 2443 σοτέρως
462 2376 497 2444 ἡ
546 2377 897 2452 παρανομία,
949 2380 1043 2431 καὶ
1090 2380 1368 2452 ἐπιγραφῇ
1410 2385 1478 2452 τῇ
1505 2382 1747 2452 ὑμετέρᾳ

163 2462 447 2533 εύσεὸείᾳ·
481 2467 559 2528 είς
585 2446 745 2519 ⁸τοῦτο
769 2446 879 2537 γὰρ
908 2469 1054 2539 ὑμᾶς
1073 2446 1274 2522 senos
1296 2446 1428 2534 Θεὸς
1447 2446 1745 2537 διακόνους,

165 2550 316 2621 ὑπὲρ
345 2552 448 2621 τῆς
472 2551 631 2625 δόξης
656 2555 823 2608 αὑτοῦ
844 2556 940 2610 τοῦ
960 2557 1471 2633 δοξάσαντοςύμᾶς,
1490 2562 1585 2614 καὶ
1600 2560 1748 2625 δοξά-

164 2640 360 2704 ζοντος
378 2683 395 2708 ,
446 2644 542 2695 καὶ
587 2645 928 2710 ἀποδιδόντος
955 2649 1082 2718 ὑμῖν
1105 2650 1415 2720 τὸν-μισθὸν
1447 2652 1585 2721 μετά
1612 2653 1745 2705 πάνυ

161 2749 282 2784 των
319 2733 430 2785 τῶν
473 2736 665 2803 ἁγίων,
702 2739 811 2791 τῶν
842 2739 1024 2803 καλῶς
1054 2740 1407 2809 φυλαξάντων
1438 2744 1540 2806 τὰς
1567 2746 1753 2814 ἐγχειο’

166 2825 459 2896 ρισθείσας
503 2828 690 2892 αὐτοῖς
731 2831 1027 2896 διακονίας.
1089 2833 1232 2902 Πρὸς
1260 2833 1354 2898 οὓς
1387 2830 1575 2888 εἶπεν·
1634 2832 1744 2899 Εὖ,

162 2920 357 2975 δοῦλε
400 2922 588 2991 ἀγαθὲ
634 2925 733 2977 καί
770 2926 983 2991 artare,
1036 2928 1134 2980 ἐπὶ
1161 2930 1334 2994 όλίμτ
1370 2926 1444 2997 ἧς
1504 2928 1743 2995 πιστὸς,

160 3012 266 3066 ἐπὶ
293 3012 542 3067 πολλῶν
563 3029 637 3067 σε
665 3016 1045 3084 καταστήσωο
1063 3016 1301 3070 ετσελθε
1320 3021 1403 3080 εις
1421 3019 1536 3083 τὴν
1552 3018 1746 3087 χαρὰν

160 3101 279 3156 τοῦ
318 3103 548 3171 Κιερίου,
568 3118 709 3160 σου.
758 3106 822 3158 οι
855 3105 1023 3169 ὅντως
1050 3108 1367 3177 Χριστιανοὶ
1393 3108 1600 3172 τούτοις
1628 3112 1744 3171 τοῖς

1861 666 1969 719 lam
2001 667 2461 736 pugnam-iniquis
2488 667 2764 736 decretam
2797 670 3080 734 formidat,
3104 673 3310 727 nullam
3327 670 3430 727 de-

1857 755 2026 824 nique
2050 756 2227 824 legem
2250 748 2749 819 ministrorumira:
2782 758 2983 815 divina:
3021 760 3077 815 in
3098 763 3243 833 ejus
3291 777 3424 833 pro-

1854 846 2175 901 vocatores:
2228 846 2326 901 sed
2359 848 2619 917 superbia
2647 864 2754 918 qua
2805 865 3000 907 omnes
3041 831 3419 925 parvipend‘t,

1853 935 2057 998 elatus,
2114 935 2479 1004 pecuniisque
2515 945 2573 989 et
2605 935 3013 1007 corruptorum
3051 940 3420 1011 quorumdaz’n

1856 1022 2142 1078 hominum
2168 1026 2412 1094 potentia
2451 1024 2657 1091 fretus;
2694 1039 2771 1090 et,
2816 1036 2875 1081 ut
2925 1029 3098 1084 libere
3140 1030 3288 1099 quod
3332 1048 3423 1087 res

1853 1121 1959 1179 est,
1989 1113 2259 1176 dicamus,
2318 1123 2506 1168 vestra
2563 1129 2782 1183 quoque
2820 1115 3197 1173 dominatione
3244 1119 3423 1174 fretus

1853 1204 1970 1258 lucc
2000 1203 2154 1257 facit.
2217 1203 2483 1269 Petimus,
2528 1205 2775 1274 inquam,
2812 1222 2884 1261 ne
2912 1208 3214 1278 quidquam
3262 1199 3422 1265 deiu-
3500 1244 3503 1245 ν

1853 1309 1984 1362 eeps
2015 1294 2068 1347 in
2093 1295 2408 1363 quempiam
2463 1296 2544 1349 illi
2589 1297 2775 1361 liceat,
2809 1298 2913 1353 nisi
2956 1300 3190 1369 primum
3222 1301 3420 1355 ortbo-

1854 1385 2011 1438 dexa:
2060 1385 2189 1437 ﬁdei
2225 1386 2431 1439 veritas
2461 1388 2821 1441 enucleetur:
2881 1404 2974 1452 ne,
3022 1390 3418 1464 quodobnixe

1851 1476 2056 1540 studet,
2083 1476 2186 1530 hac
2212 1476 2436 1545 penitus
2462 1464 2729 1547 dissipata
2749 1493 3076 1547 eversaque,
3113 1496 3266 1535 suam
3289 1496 3423 1551 pau—
3452 1465 3456 1469 ﬁ

1851 1566 2005 1620 latim
2063 1567 2405 1621 introducat.
2459 1567 2869 1622 Animadvertit
2902 1571 3076 1634 enim,
3121 1586 3261 1648 quos
3311 1573 3421 1626 alia

1852 1660 2067 1713 ratione
2098 1674 2209 1712 non
2242 1666 2446 1729 potest,
2479 1674 2577 1713 eos
2608 1660 2806 1714 timore
2837 1676 2869 1715 a
2925 1660 3033 1715 ﬁde
3080 1671 3329 1716 avertere
3357 1678 3418 1717 se

1815 1795 1821 1800 .
1850 1765 2039 1818 posse:
2072 1759 2132 1804 ut
2191 1766 2306 1805 suae
2338 1750 2631 1805 sententia:
2661 1748 2831 1807 semel
2884 1752 3173 1823 adiunctos
3218 1754 3293 1807 ita
3328 1749 3443 1813 in-'

1852 1840 2116 1904 ﬁammet,
2144 1849 2206 1893 ut
2228 1840 2465 1894 verbera
2491 1856 2717 1911 quoque
2747 1843 2952 1911 quibus
2977 1843 3200 1898 libitum
3248 1844 3422 1917 fuerit

1849 1932 2068 2001 publice
2118 1930 2325 1984 inferre
2356 1930 2617 1995 audeant,
2669 1940 2725 1987 et
2776 1932 3220 2002 persecutionem
3266 1935 3419 1989 exci-
3516 1923 3522 1929 ’

1849 2032 1965 2075 tare
1994 2036 2105 2074 non
2125 2019 2403 2075 dubitent.
2432 2021 2626 2091 Neque
2654 2036 2789 2075 vero
2815 2038 3041 2076 suorum
3075 2032 3420 2087 tantum,aut

1848 2111 2286 2175 domesticorum
2317 2124 2489 2180 Opera
2520 2111 2856 2166 clericorum
2896 2127 3018 2167 eam
3064 2113 3132 2167 ad
3168 2129 3283 2167 rem
3314 2113 3421 2166 uti-

1850 2212 1963 2266 tur,
1996 2219 2191 2257 verum
2227 2202 2595 2271 quorumdam
2629 2217 2852 2271 quoque
2891 2203 2962 2255 ab
3002 2204 3207 2257 exteris
3243 2218 3420 2273 parm-

1813 2300 1825 2311 ’
1847 2293 1950 2345 eiis
2005 2303 2060 2345 et
2089 2291 2429 2347 dioecesibus
2465 2292 2800 2356 ascitorum;
2856 2292 3061 2359 quibus
3090 2300 3274 2346 tamen
3328 2308 3418 2355 se-

1848 2383 2090 2436 cundum
2115 2381 2525 2436 ecclesiasticos
2553 2394 2794 2435 canones
2815 2382 2871 2434 in
2884 2382 3066 2435 alieno
3095 2383 3415 2453 episcopatu

1847 2474 1934 2526 vel
1960 2473 2200 2527 ecclesia
2232 2473 2433 2542 degere
2474 2486 2586 2525 non
2619 2472 2774 2537 licet,
2830 2473 2927 2526 sed
2988 2475 3305 2529 necessario
3360 2476 3416 2529 in

1847 2566 1915 2619 iis
1962 2566 2103 2620 locis
2130 2573 2186 2618 et
2239 2565 2578 2630 civitatibus,
2634 2565 2802 2634 idque
2853 2557 3065 2635 quiete,
3119 2565 3176 2619 in
3211 2567 3417 2637 quibus

1847 2652 2275 2707 ordinatisunt:
2302 2669 2372 2707 ne
2403 2668 2574 2707 morae
2601 2653 2990 2719 diuturnitate,
3023 2650 3414 2725 ter'nporanca-

1847 2759 1955 2812 que
2020 2743 2266 2813 potentia
2321 2744 2624 2811 nequitiam
2689 2759 2845 2798 suam
2906 2746 3073 2800 latius
3128 2756 3413 2816 propaget,

1845 2830 2116 2898 vobisque
2163 2831 2219 2883 id
2265 2831 2601 2907 aseribatur,
2648 2847 2789 2899 quos
2831 2833 2904 2886 ob
2956 2833 3014 2886 id
3046 2832 3102 2886 in
3131 2832 3417 2889 ministros

1846 2920 1991 2975 Deus
2019 2922 2341 2989 assumpsit,
2374 2930 2434 2974 ut
2494 2922 2646 2977 illius
2677 2923 2906 2991 gloriam
2937 2932 3161 2979 strenue
3203 2941 3413 2996 propu-

1842 2998 2044 3078 gnetis,
2073 3009 2168 3079 qui
2195 3010 2394 3065 illustri
2415 3011 2627 3067 honore
2653 3028 2752 3065 vos
2778 3014 3105 3079 cumulavit,
3136 3026 3192 3070 et
3214 3032 3413 3091 cumu-

1844 3101 1955 3167 lat;
2011 3101 2280 3170 vobisque
2314 3117 2442 3156 cum
2484 3102 2744 3157 omnibus
2787 3106 3014 3170 sanctis,
3065 3105 3161 3173 qui
3210 3122 3414 3160 munus

158 3188 350 3259 λόγοις
400 3193 488 3245 διὰ
533 3193 642 3247 τῶν
680 3194 860 3266 ἔργων
904 3195 1287 3250 πιστεύουσιν·
1349 3199 1398 3251 οἱ
1430 3198 1488 3251 δὲ
1526 3199 1744 3253 ἄπιστοι

1846 3180 2009 3272 suum
2052 3190 2308 3259 praeclare
2347 3190 2629 3253 obierunt,
2674 3188 2987 3246 mercedem
3016 3200 3262 3263 tempore
3309 3210 3410 3248 suo

161 3282 262 3335 καὶ
288 3276 832 3355 ἀπερριμμένοιμώ
857 3289 924 3356 τῇ
954 3287 1163 3341 ἑαυτῶν
1192 3288 1372 3358 κοιλία
1397 3288 1620 3354 ζῶντες,
1650 3289 1744 3343 καὶ

1848 3282 2063 3337 reddet.
2093 3281 2303 3347 Quibus
2324 3280 2530 3335 etillud
2554 3296 2774 3351 quoque
2795 3282 3054 3336 dicturus
3076 3291 3196 3336 est:
3236 3283 3407 3354 Euge,

158 3374 249 3436 εἰς
303 3374 434 3426 αὐτὸ
483 3374 644 3429 τοῦτο
677 3377 1215 3449 προσκαρτεροῦντες
1239 3419 1254 3443 ,
1314 3379 1409 3431 ἐὰν
1441 3381 1744 3433 ἀκούσωσιν

157 3461 535 3531 ὁμολογοῦντά
570 3481 692 3516 τινα
711 3502 726 3527 ,
753 3465 845 3516 τὸν
868 3458 1103 3534 Χριστὸν
1129 3461 1268 3517 εἶναι
1293 3467 1443 3529 Θεὸν,
1464 3467 1742 3535 διαπρίον-

159 3569 295 3615 ται,
331 3552 406 3612 ὡς
438 3553 489 3604 οἱ
517 3552 641 3605 τότε
703 3553 946 3607 Ἰουδαῖοι
972 3554 1228 3623 συνέσχον
1266 3555 1336 3608 τά
1393 3550 1507 3608 ὦτα
1537 3556 1737 3620 αὐτῶν,

156 3641 262 3697 τοῦ
292 3643 450 3711 ἁγίου
479 3644 757 3711 Στεφάνου
806 3644 900 3697 τοῦ
941 3646 1409 3717 πωτομάρτυρος
1447 3646 1737 3716 διηγουμέ-

156 3751 295 3799 νου,
355 3734 437 3787 ὅτι
487 3734 710 3802 Θεωρῶ,
753 3734 909 3805 φησὶ,
960 3736 1104 3801 τοὺς
1125 3736 1420 3802 οὐρανοὺς
1451 3722 1740 3805 (irem-ye-

157 3840 346 3889 γους,
406 3826 502 3877 καὶ
554 3826 686 3878 τόγ’
709 3825 845 3878 Ner
896 3826 1004 3879 τοῦ
1050 3825 1361 3892 ἀνθρώπου
1411 3827 1480 3880 ἐκ
1526 3826 1740 3888 δεξιῶν

158 3912 396 3968 ἑστῶτα
412 3914 518 3967 τοῦ
537 3915 792 3982 ἀοράτου
819 3914 1149 3969 Θεοῦ.οὓτω
1168 3917 1259 3970 καὶ
1284 3912 1429 3969 οὗτοι
1455 3918 1734 3988 διαπρίον-

156 4015 255 4057 ται
315 4005 456 4058 κατὰ
535 4003 643 4056 τῶν
719 4005 1098 4073 Χριστιανῶν,
1168 4008 1259 4059 καὶ
1316 4007 1496 4062 πάντα
1568 4010 1739 4079 θυμὸν

159 4093 562 4157 σπουδάζουσιν
589 4094 849 4149 ἐκτελεῖν.
1530 4147 1539 4152 .
1633 4124 1641 4131 ι
1677 4096 1681 4101 ’

1843 3390 1992 3426 serve
2018 3373 2147 3433 bone
2178 3381 2227 3433 et
2257 3372 2637 3443 ﬁdelis;auper
2674 3389 2845 3442 pauca
2874 3373 3018 3442 fuisti
3046 3373 3235 3441 ﬁdelis,
3253 3390 3413 3444 super

1844 3463 2015 3515 multa
2049 3474 2097 3515 te
2156 3465 2473 3515 constituam
2508 3479 2528 3515 :
2587 3465 2734 3517 intra
2790 3466 2845 3517 in
2898 3465 3149 3535 gaudium
3196 3466 3413 3519 Domini

1843 3555 1979 3606 tua".
2048 3553 2151 3616 Qui
2215 3553 2331 3605 veri
2382 3551 2686 3605 Christiani
2758 3552 2908 3616 sunt',
2963 3555 3000 3607 ii
3059 3571 3157 3624 per
3215 3572 3404 3623 opera,

1841 3653 2109 3715 quantum
2140 3642 2467 3698 Christiana:
2492 3642 2759 3697 doctrinae
2787 3644 3056 3703 tribuant.
3080 3646 3404 3699 ostendunt.

1841 3737 1910 3791 At
1933 3752 2066 3791 vero
2105 3733 2358 3789 inﬁdeles
2383 3740 2440 3788 et
2467 3733 2689 3804 abjecti,
2725 3735 2819 3803 qui
2859 3736 3038 3789 ventri
3058 3751 3158 3789 suo
3185 3738 3403 3795 vivunt.

1840 3836 1897 3881 et
1924 3827 1990 3880 ad
2016 3827 2166 3879 hunc
2184 3838 2414 3893 scopum
2441 3822 2627 3877 omnia
2664 3837 2764 3877 sua
2807 3823 2990 3877 studia
3028 3823 3297 3887 referunt,
3326 3825 3405 3879 illi

1842 3918 2073 3986 siquem
2117 3912 2396 3969 Christum
2448 3912 2620 3965 Deum
2672 3926 2793 3966 esse
2822 3912 3069 3982 proﬁteri
3102 3914 3402 3973 audierint,

1843 4009 1991 4061 illico
2016 4005 2385 4059 dissecantur.
2415 4002 2485 4057 Et
2501 4002 2964 4072 quemadmodum
2996 4002 3191 4066 Judzei,
3215 4011 3405 4056 sancta

1752 4110 1755 4113 '
1845 4097 2124 4166 Stephano
2152 4103 2553 4164 protomartyre
2580 4102 2871 4147 narrante:
2909 4093 3043 4146 Ecce
3090 4093 3234 4146 video
3252 4092 3404 4145 artos

156 4193 397 4257 apertos,
428 4193 475 4237 et
501 4183 694 4238 Filium
727 4184 953 4239 hominis
978 4192 1270 4241 stantema
1312 4189 1509 4242 dextris
1548 4187 1820 4241 invisibilis
1862 4187 1955 4239 Dei
1983 4187 2024 4251 ⁸,
2072 4199 2237 4238 aures
2287 4198 2415 4237 suas
2468 4182 2859 4237 continebant:
2909 4180 2985 4233 ita
3028 4188 3085 4233 et
3135 4180 3224 4233 isti
3260 4195 3402 4249 quo-

158 4296 275 4351 que
313 4280 368 4334 in
399 4279 746 4334 Christianos
800 4280 1062 4335 dentibus
1108 4280 1384 4344 frendent,
1410 4297 1740 4350 omnemque
1770 4282 2013 4334 furorem
2041 4292 2201 4331 suum
2232 4277 2288 4329 in
2309 4277 2434 4329 illos
2463 4275 2686 4342 explere
2722 4272 2995 4325 laborant.

225 4368 312 4443 δ’.
353 4371 639 4440 Ἀξιοῦμεν
660 4368 753 4425 οὖν
779 4372 1008 4443 προνοίᾳ
1032 4372 1127 4424 τοῦ
1153 4374 1735 4443 μεγαλοπρεπεστάτου
1788 4384 1791 4386 ’

158 4442 406 4531 ιπάρχου
440 4462 540 4531 τῆς
567 4462 694 4526 νέας
724 4442 947 4532 Ῥώμης
981 4442 1287 4515 κωλύεσθαι
1314 4442 1442 4525 τοὺς
1470 4462 1610 4515 κατά
1630 4463 1737 4515 τῶν

1906 4373 1972 4425 ν.
2011 4371 2288 4438 Rogamus
2324 4366 2578 4434 proinde,
2608 4374 2670 4417 ut
2697 4358 3224 4430 magniﬁcentissimi
3258 4374 3398 4426 prae-

1836 4461 1965 4516 fecti
1990 4474 2146 4513 novze
2165 4458 2352 4511 Romae
2391 4453 2757 4524 providentia,
2784 4460 3206 4519 compescantur
3235 4449 3274 4503 ii
3304 4451 3397 4519 qui

156 4549 471 4621 ὸρϐοδόξωνι
509 4547 1014 4622 ἐπανισταμένους,
1072 4552 1168 4605 καὶ
1214 4553 1487 4621 προφάσει
1531 4553 1737 4606 δικαιο-

1840 4550 2100 4603 adversus
2139 4545 2478 4601 orthodoxos
2528 4543 2841 4615 insurgunt,
2889 4548 2941 4593 et
2972 4539 3077 4593 sub
3129 4547 3400 4609 praetextu

159 4641 396 4710 λαγών,
438 4640 513 4702 ὥς
556 4647 757 4708 φασιν,
806 4638 1217 4713 ἐπιχειροῦντας
1260 4644 1401 4696 κατά
1435 4661 1598 4707 τινος,
1630 4643 1735 4707 ἓως

158 4734 254 4787 δτε
285 4731 354 4786 τὰ
381 4733 480 4802 τῆς
511 4715 749 4794 πίστεως
774 4726 1263 4801 διόρθωσινλάὁοιο
1304 4737 1353 4787 εἰ
1378 4735 1434 4787 δὲ
1464 4735 1738 4806 παρακούο

162 4841 332 4890 σείει,
390 4822 547 4894 ἡμῶν
604 4822 1013 4893 ἀμελήσαντες,
1069 4827 1558 4897 διαμαρτυρόμεῧα
1609 4829 1737 4897 ὑμῖν

159 4914 397 4969 ἒνώπιον
426 4913 521 4967 τοῦ
553 4912 817 4982 βασιλέως
847 4913 953 4966 τῶν
975 4915 1208 4981 αἰώνων,
1238 4917 1543 4989 ἀφθάρτου,
1573 4918 1738 4989 ἀορά-

159 5021 262 5058 του
280 5045 298 5069 ,
336 5006 499 5075 μόνου
526 5003 694 5072 σοφοῦ
719 5003 854 5055 Θεοῦ
875 5042 890 5066 ,
926 5005 1023 5057 τοῦ
1048 5005 1296 5067 ἐλθόντος
1329 5009 1422 5060 καὶ
1448 5009 1734 5075 ἐπιφανέν-

160 5111 281 5163 τος,
306 5095 383 5161 ὥς
409 5096 665 5164 ἠθέλησε,
695 5093 787 5147 διὰ
811 5095 911 5163 τὴν
936 5098 1211 5165 σωτηρίαν
1237 5098 1414 5167 ἡμῶν,
1451 5099 1547 5151 καὶ
1576 5099 1737 5153 πάλιν

161 5186 465 5258 ἀρχομένου
508 5187 693 5256 κρῖναι
722 5184 932 5249 ζῶντας
965 5187 1060 5238 καὶ
1084 5189 1348 5257 νεκροὺς,
1405 5183 1451 5257 ᾧ
1492 5190 1736 5259 κάμπτει

161 5278 276 5331 πᾶν
325 5279 454 5346 γόνυ
509 5277 878 5345 ἐπουρανίων,
938 5280 1031 5330 καὶ
1079 5280 1367 5345 ἐπιγείων,
1422 5282 1517 5333 καὶ
1566 5299 1735 5334 κατα-

161 5367 393 5438 χθονίων
421 5411 435 5430 ,
493 5370 588 5423 καὶ
633 5371 780 5422 πᾶσα
816 5368 1035 5436 γλῶσσα
1077 5369 1530 5439 ἐξομολογήσεται
1561 5372 1732 5439 αὐτῷ,

162 5458 247 5512 δτι
291 5460 458 5513 ἀθῶοί
504 5463 691 5522 ἐσμεν.
741 5460 933 5528 Ἡμεῖς
962 5459 1072 5530 γὰρ
1102 5460 1246 5529 ὑμᾶς
1276 5463 1729 5533 παρεκαλέσαμεν

144 5549 297 5619 ’περὶ
323 5550 541 5602 συνόδου
570 5549 984 5618 οίκουμενικῆς,
1035 5549 1136 5618 τῆς
1159 5550 1464 5621 δυναμένης
1490 5554 1731 5623 ἀκριϐῶς

163 5638 432 5704 κρατῦναι
487 5640 582 5693 καὶ
630 5639 936 5711 ἀνορθιῖηαι
1000 5638 1070 5691 τὰ
1118 5640 1493 5712 σαλευόμενα,
1554 5643 1731 5695 εἴτουν

234 5769 653 5847 tisana-xxv.
683 5790 774 5847 εδ.
851 5794 872 5825 ³
915 5754 1251 5861 Act.vn,55.
1324 5793 1393 5848 ιι
1429 5793 1568 5847 Tim.
1601 5811 1638 5859 ι,
1686 5795 1770 5848 n.

1834 4640 1982 4709 quod
2006 4655 2064 4693 se
2099 4635 2424 4701 defendunt,
2456 4644 2518 4688 ut
2544 4634 2720 4691 aiunt.
2744 4648 2856 4686 non
2892 4632 3083 4702 paucis
3109 4632 3399 4696 insultant;

1835 4732 2014 4785 donec
2037 4746 2102 4784 ea
2151 4728 2338 4783 omnia
2376 4743 2499 4796 qua:
2528 4728 2596 4781 ad
2627 4726 2787 4780 ﬁdem
2823 4725 3123 4806 pertinent,
3180 4740 3402 4794 compo-

1833 4832 2057 4876 nantur.
2081 4820 2235 4886 Quod
2271 4820 2316 4874 si
2333 4828 2580 4872 nostram
2603 4818 3062 4886 supplicationem
3096 4833 3197 4884 pro
3220 4817 3400 4869 nihilo

1798 4924 1803 4929 '
1835 4910 2162 4975 habueritis,
2203 4924 2299 4980 vos
2334 4923 2518 4961 coram
2544 4906 2841 4958 immortali
2880 4905 3204 4958 seculorum
3229 4905 3395 4973 Rege,

1836 5002 2122 5064 invisibili,
2152 5000 2269 5053 solo
2307 4997 2553 5066 sapiente
2596 4997 2709 5050 Deo
2737 4995 2779 5061 ⁸,
2819 4996 2913 5065 qui
2955 5006 3154 5050 nostra:
3209 4995 3401 5049 salutis

1833 5110 1997 5149 causa
2027 5090 2332 5154 descendit,
2359 5096 2434 5155 et,
2459 5095 2518 5139 ut
2542 5086 2736 5151 voluit,
2764 5087 2907 5141 inter
2931 5086 3184 5139 homines
3233 5100 3400 5152 appa-

1836 5189 1971 5252 ru‘it,
2008 5198 2064 5243 et
2100 5182 2549 5255 adjudicandum
2578 5184 2733 5237 vivos
2786 5191 2842 5237 et
2868 5190 3117 5236 mortuos
3143 5182 3163 5211 ⁸
3195 5181 3397 5233 iterum
3482 5240 3490 5246 ,

1834 5286 2107 5332 venturus
2168 5283 2289 5339 est;
2345 5274 2434 5327 cui
2464 5289 2628 5328 omne
2680 5290 2821 5345 genu
2870 5273 3402 5339 incurvatumcme-

1834 5370 2020 5428 stium,
2047 5366 2391 5421 terrestrium
2442 5374 2496 5419 et
2523 5355 2903 5431 infernorum;
2930 5374 2986 5418 et
3017 5363 3195 5417 omnis
3213 5364 3396 5432 lingua

1836 5461 2130 5514 conﬁtetur
2152 5459 2210 5524 ‘;
2242 5459 2570 5514 innocentia:
2608 5468 2808 5513 nostrae
2841 5465 3005 5522 testes
3037 5454 3395 5523 appellamus.

1835 5551 1946 5605 Nos
1969 5551 2115 5604 enim
2142 5564 2241 5605 vos
2270 5551 2338 5605 de
2365 5551 2706 5605 meumcnica
2733 5549 2940 5618 synodo
2966 5544 3207 5615 cogenda
3235 5561 3396 5615 roga-

1834 5641 2038 5705 vimus,
2070 5657 2191 5711 qua:
2224 5642 2505 5711 aptissime
2531 5648 2716 5710 posset
2740 5635 3091 5691 constabilirc
3109 5643 3165 5689 ct
3182 5636 3396 5708 erigere

1847 5792 2018 5847 hbet.
2058 5809 2087 5845 ι
2166 5806 2195 5823 -‘
2381 5794 2616 5864 "‘hilipp.
2662 5809 2722 5860 tl,
2774 5752 2862 5848 iﬁ.
