4030 6338
245 467 382 534 1185

1507 459 1607 521 DE
1644 456 2231 520 INCARNATIONE.

3320 454 3461 522 ιιιιε

239 584 398 650 φαίου
419 580 526 633 τῶν
547 575 1145 642 ἀτωστόλων,Ἕτοιμοι
1170 569 1463 641 γενιέψεθα
1481 567 1630 635 πρὸς
1655 567 1803 649 ἀπθ-

1909 565 2316 639 satisfactionem
2342 570 2483 622 omni
2504 571 2729 638 poscenti
2766 585 2860 622 nos
2893 570 3147 622 rationem
3167 566 3231 619 de
3251 581 3315 621 ea
3342 580 3465 637 qua

238 673 453 740 λογίαν
490 669 581 724 ἀεὶ
612 708 630 731 ,
658 668 837 721 παντὶ
868 666 950 730 τῷ
980 664 1241 718 αἰτοῦντι
1274 660 1435 732 ἡμᾶς
1449 663 1636 729 ,λόγον
1669 661 1802 727 περὶ

239 761 348 828 τῆς
371 759 599 831 ἐνήμῖν
622 758 893 823 ἐλπίδος,
916 756 1066 825 μετά
1095 755 1433 822 πραΰτητος
1458 753 1556 805 καὶ
1586 753 1797 820 φόϐου,

238 852 599 918 συνείδησιν
621 850 868 917 ἔχοντες
890 846 1140 913 ἀγαθήν·
1161 844 1249 897 ἴνα
1284 842 1345 895 ἓν
1376 842 1486 895 τῶν
1527 842 1803 910 ὁποτέρων

240 944 458 1004 πάντως
480 942 613 1011 ἡμῖν
648 936 869 1008 ὑπάρξῃ
898 936 990 991 διὰ
1031 934 1131 1004 τῆς
1180 934 1437 1002 τοιαύτης
1489 931 1801 996 ἀξιεπαίνου

241 1032 500 1101 σπουδῆς,
530 1032 564 1101 ἢ
593 1029 655 1082 τὸ
685 1027 878 1091 σώζειν
914 1026 1040 1087 τοὺς
1071 1022 1512 1092 ἀποδιορίζοντας
1552 1021 1800 1082 ἑαυτοὺς,

240 1122 336 1174 καὶ
364 1122 429 1174 ἐκ
459 1121 558 1190 τῆς
588 1120 830 1187 πονηρᾶς
860 1114 1185 1184 διακρίσεως
1206 1113 1408 1183 ταύτης
1424 1112 1621 1175 αὐτοὺς
1650 1112 1804 1180 ἐξαρο

241 1210 454 1274 πάζειν,
493 1208 640 1260 καθά
681 1206 938 1276 παραινεί
962 1206 992 1255 δ
1027 1203 1145 1254 κατ’
1171 1201 1405 1270 ἐπίκλην
1443 1198 1667 1266 ἀδελφὸς
1708 1196 1802 1249 τοῦ

241 1297 448 1366 Κυρίου
479 1312 496 1327 ·
520 1295 554 1364 ἢ
597 1296 647 1347 εἰ
687 1293 763 1364 μὴ
822 1287 1017 1353 τοῦτο,
1053 1289 1158 1349 κᾶν
1198 1288 1580 1361 ἀπορράπτειν
1624 1286 1803 1340 αὐτῶν

243 1392 418 1456 στόμα
451 1388 564 1449 τοῖς
589 1385 817 1447 δικαίοις
844 1383 1108 1453 ἐλέγχοις,
1142 1381 1219 1443 ὡς
1264 1379 1400 1451 μηδὲ
1428 1378 1621 1447 καιρὸν
1660 1376 1805 1446 ἔχειν

241 1479 439 1542 αὐτοῦς
485 1475 913 1549 ἀθυρογλωττείν
960 1473 1103 1527 κατά
1163 1472 1263 1541 τῆς
1316 1463 1597 1541 ἀληθείας,
1640 1471 1708 1522 '0
1747 1468 1804 1521 δέ

239 1568 446 1639 τούτων
496 1564 823 1636 τιμιώτερόν
867 1579 927 1615 τε
964 1564 1061 1615 καὶ
1101 1561 1304 1632 μεῖζον,
1342 1560 1431 1614 ἵνα
1464 1561 1629 1630 ἡμεῖς
1651 1558 1808 1612 αὐτοὶ

241 1658 600 1727 γινώσκωμεν
650 1657 745 1709 καὶ
792 1651 1336 1724 πεπληῳφορήμεθα
1368 1651 1455 1719 ἐφ’
1482 1650 1572 1721 οἵα
1623 1649 1807 1701 πίστει

240 1751 552 1818 ἑστήκαμεν
582 1747 675 1801 καὶ
702 1746 1055 1815 καυχώμεθα,
1089 1742 1593 1813 παρῤησιαζόμενοί
1621 1758 1680 1794 τε
1713 1742 1807 1793 καὶ

241 1838 828 1909 ἐλευθεροστομοῦντες
881 1838 946 1906 τῇ
996 1820 1169 1912 asta;
1217 1822 1498 1911 ὁμολογίᾳ,
1528 1827 1589 1887 οὗ
1644 1836 1807 1902 χάριν

242 1931 368 1990 τοὺς
417 1893 613 1999 ταύτῃ.
639 1893 1065 1993 ἀντικειμένους.
1093 1893 1571 1992 ἀποστρεφόμεθα.
1603 1893 1804 1989 Στοχά-
1841 1893 1881 1947 Β

244 2019 411 2090 ζομαι
439 2019 498 2072 δὲ
539 2020 620 2071 ὅτι
670 2017 764 2070 καὶ
811 2014 952 2068 κατά
995 2014 1087 2067 τδν
1141 2014 1333 2083 καιρὸν
1356 2010 1475 2082 ,τ’ἧς
1508 2010 1806 2064 ἀνταποδό-

246 2125 407 2172 σεως,
438 2106 638 2177 μείζων
657 2109 686 2160 ό
718 2105 905 2175 μισθὸς
928 2104 1079 2157 ἔσται
1107 2104 1202 2155 καὶ
1245 2103 1280 2171 ἡ
1322 2099 1561 2177 ἀποδοχὴ
1608 2099 1808 2155 πλείων

243 2201 357 2261 τοῖς
404 2198 542 2269 μετά
589 2196 844 2269 γνώσεως
877 2192 1179 2263 ἐμμελοῦς,
1214 2191 1497 2262 ἀραρότως
1519 2191 1613 2243 καὶ
1646 2191 1807 2261 ἐδρα-

210 2266 461 2359 -σμένώς
493 2266 769 2357 ἐχομένοις
793 2285 893 2353 τῆς
922 2272 1224 2349 εύσεὸείας,
1256 2283 1366 2338 τῶν
1395 2282 1581 2345 ἁπλῶς
1609 2284 1702 2336 καὶ
1732 2282 1809 2346 ὡς

246 2382 437 2451 ιτυχεν
480 2381 544 2433 ἐκ
586 2376 1069 2448 πατροπαραδότου
1130 2375 1422 2447 συνηθείας
1463 2374 1529 2428 ἐν’
1566 2378 1633 2445 τῇ
1669 2376 1806 2445 αὐτῇ

248 2474 428 2526 πίστει
455 2469 889 2539 γνωριζομένων.
923 2469 987 2521 Οί
1020 2467 1120 2536 μὲν
1144 2467 1253 2539 γὰρ
1281 2468 1421 2521 κατά
1457 2465 1835 2536 συμϐεϐηκὸς,

250 2566 435 2635 μόνον,
465 2563 515 2615 οἱ
536 2563 592 2615 δὲ
619 2561 715 2614 καὶ
741 2560 848 2613 ἀπὸ
866 2559 1101 2621 διανοίας
1126 2559 1220 2611 καὶ
1247 2558 1475 2628 γνώμης
1505 2557 1687 2621 πιστοὶ
1711 2573 1807 2624 γε-

246 2655 470 2723 γονότες
533 2652 881 2718 εὑρίσκονται
914 2665 929 2681 ο
963 2649 1073 2712 ώς,
1108 2648 1268 2719 εἴπερ
1324 2649 1517 2718 ἔτυχεν
1563 2648 1807 2711 ἐκείνους

246 2745 375 2807 τοὺς
406 2742 685 2815 ῥᾳθύμους
719 2742 815 2794 καὶ
841 2742 942 2793 οὐκ
971 2738 1352 2806 ἐξεταστικοὺς
1376 2739 1485 2791 ὑπὸ
1514 2739 1808 2810 αἱρετικῶν

246 2836 452 2904 γονέων
502 2833 761 2904 ὑπάρξαι,
786 2832 896 2886 οὐδ’
918 2833 984 2886 ἃν
1020 2820 1355 2902 ἐφρόντισαν
1400 2830 1503 2900 τὴν
1546 2829 1809 2900 πατρῴαν

244 2925 568 2980 δυσσέϐειαν
648 2923 1023 2977 ἀποδύσασθαι
1060 2938 1075 2952 ·
1137 2921 1282 2976 οὕτω
1358 2921 1744 2989 κατάγνωστον
1775 2922 1809 2991 ἡ

243 3016 478 3087 ἀμαθία,
514 3017 608 3070 καὶ
661 3016 723 3069 τὸ
761 3016 836 3086 μὴ
883 3014 1058 3068 θέλειν
1095 3009 1447 3067 διδάσκεσθαι
1476 3029 1494 3045 ο
1521 3011 1611 3065 διὰ
1649 3011 1811 3066 τοῦτο

245 3108 343 3160 καὶ
366 3105 580 3177 εἴρηται
607 3124 623 3138 ο
654 3106 881 3173 Σοφίαν
923 3103 1023 3156 καί
1061 3102 1339 3155 παιδείαν
1374 3105 1409 3156 ὁ
1456 3101 1808 3166 ἑξουθενῶν,

1901 662 1956 713 in
1979 661 2222 713 nobisest
2248 676 2357 729 spe,
2382 676 2497 713 eum
2514 660 2766 713 modestia
2785 668 2838 712 et
2866 661 3071 722 timore,
3095 660 3467 712 conscientiam

1902 749 2145 802 habentes
2174 747 2369 801 bonum
2404 749 2429 787 ⁸
2465 765 2478 800 :
2512 755 2572 801 ut
2600 747 2704 801 hoc
2727 745 2990 801 laudabili
3020 746 3204 800 studio
3230 746 3463 800 alterum

1902 839 2138 894 duorum
2161 837 2388 893 omnino
2412 854 2786 913 assequamur,
2803 847 2864 892 ut
2892 837 2978 891 vel
3010 852 3108 891 eos
3127 838 3310 891 salvos
3339 836 3465 892 red-

1903 929 2099 984 damus
2117 927 2547 997 quisemetipsos
2586 935 2869 998 segregant
2889 920 2996 982 et'a
3021 927 3160 980 mala
3208 939 3457 996 segrega-

1906 1025 2053 1076 tione
2076 1037 2193 1087 eos,
2223 1031 2480 1090 tanquam
2496 1036 2563 1075 ex
2578 1020 2701 1090 igne
2722 1006 2942 1089 ereptos
2972 1017 3266 1088 rapiamus,
3294 1024 3355 1070 ut
3374 1015 3465 1070 ille

1902 1110 1997 1180 qui
2036 1110 2205 1164 frater
2248 1110 2466 1165 Domini
2493 1112 2737 1173 vocatur,
2768 1111 3067 1165 admoneth
3103 1096 3241 1164 :‘aut
3279 1110 3325 1164 si
3354 1126 3463 1164 non

1903 1199 2028 1262 hoc,
2054 1214 2116 1254 os
2135 1214 2327 1254 eorum
2342 1200 2533 1255 saltem
2558 1201 2720 1270 justis
2737 1200 3071 1270 argumentis
3094 1200 3464 1262 obstruamus.

1905 1298 1966 1344 ut
1989 1305 2101 1344 non
2130 1290 2368 1345 habeant
2421 1301 2638 1360 tempus
2681 1292 2900 1345 laxandi
2936 1300 2999 1343 os
3035 1300 3227 1345 contra
3272 1290 3465 1345 Eccle-

1905 1381 2080 1446 siam;
2115 1390 2172 1435 et
2197 1381 2346 1449 quod
2379 1380 2577 1434 melius
2608 1395 2672 1457 ac
2722 1379 3073 1450 praestantius
3096 1386 3212 1443 est,
3248 1378 3329 1432 uti
3367 1377 3468 1432 n'os

1907 1472 2013 1541 ipsi
2073 1487 2470 1544 cognoscamus
2501 1483 2558 1526 et
2596 1481 2753 1526 certo
2800 1472 3061 1536 sciamus,
3112 1469 3167 1525 in
3206 1458 3315 1540 qua
3362 1470 3468 1524 ﬁde

1907 1574 2136 1628 stemus,
2169 1572 2226 1617 et
2247 1564 2547 1634 gloriemur
2569 1578 2688 1619 eam
2721 1562 3072 1617 conﬁtentes.
3100 1562 3177 1616 Ex
3203 1578 3314 1631 quo
3349 1562 3465 1627 ﬁat,

1907 1663 1969 1707 ut
1988 1667 2086 1708 eos
2117 1653 2213 1723 qui
2236 1652 2646 1714 contradicunt,
2677 1652 3038 1706 declinemus.
3080 1650 3468 1720 Conjecturam

1906 1758 2044 1806 vero
2090 1743 2256 1809 facio,
2299 1759 2425 1799 cum
2470 1744 2648 1799 aderit
2705 1752 2919 1813 tempus
2964 1742 3465 1806 remunerationis,

1909 1834 2191 1903 copiosius
2239 1850 2361 1889 esse
2409 1834 2844 1889 remunerandos
2874 1849 2990 1896 eos,
3044 1833 3138 1903 qui
3209 1835 3493 1898 scienter,

1908 1925 2067 1980 ﬁrme
2101 1922 2166 1981 ac
2196 1932 2519 1980 constanter
2540 1926 2800 1996 pietatem
2840 1926 2895 1979 in
2944 1927 3113 1980 Deum
3153 1926 3468 1990 coluerunt,

1906 2034 2071 2089 quam
2094 2019 2189 2088 qui
2224 2004 2645 2088 simpliciter,et
2679 2034 2905 2089 propter
2941 2036 3149 2074 morem
3178 2036 3209 2074 a
3246 2021 3472 2090 majori-

1907 2106 2012 2161 bus
2040 2108 2158 2161 suis
2191 2108 2452 2161 traditum
2506 2107 2561 2162 in
2616 2109 2810 2162 eadem
2866 2109 2971 2163 ﬁde
3018 2119 3165 2164 sunt.
3208 2110 3291 2164 Illi
3323 2109 3471 2164 enim

1910 2195 2103 2250 ﬁdeles
2144 2206 2527 2260 numerantur,
2561 2199 2691 2269 quia
2729 2214 2860 2254 casu
2900 2200 3078 2254 solum
3119 2199 3308 2255 ﬁdeles
3350 2215 3472 2256 esse

1907 2296 2353 2356 cognoscuntur;
2385 2287 2606 2353 hivero,
2643 2303 2767 2342 cum
2820 2287 3181 2359 intelligentia
3221 2300 3279 2345 et
3317 2290 3472 2359 judi-

1909 2376 1997 2430 cio
2024 2394 2037 2429 :
2072 2384 2134 2430 ut
2168 2378 2281 2446 jam
2313 2378 2359 2432 si
2390 2378 2461 2433 ita
2483 2379 2781 2441 evenisset,
2807 2389 2869 2434 ut
2895 2378 2974 2434 illi
3010 2380 3250 2444 desides,
3298 2390 3353 2436 et
3377 2384 3472 2453 qui

1909 2469 2050 2524 nihil
2068 2469 2375 2540 inquirunt,
2402 2484 2469 2523 ex
2491 2470 2762 2525 haereticis
2789 2472 3109 2539 parentibus
3130 2472 3242 2527 nali
3264 2482 3471 2534 essent.
3505 2520 3513 2527 .

1908 2561 2047 2616 nihil
2074 2569 2365 2617 curassent
2416 2570 2700 2631 paternam
2744 2563 3081 2633 impietatem
3108 2581 3351 2630 exuere;
3386 2584 3475 2620 us-

1909 2668 2017 2723 que
2066 2654 2204 2708 adeo
2249 2664 2308 2708 et
2350 2654 2716 2724 vituperabile
2767 2663 2852 2709 est
2905 2655 3180 2725 ignorare,
3231 2666 3290 2713 et
3330 2659 3475 2711 nolle

1909 2745 2147 2807 discere,
2184 2745 2394 2800 idcirco
2445 2746 2581 2801 dicit
2615 2745 2901 2816 Scriptura
2937 2764 2951 2799 :
2999 2746 3100 2812 Qui
3157 2750 3475 2819 sapientiam

1910 2845 1961 2888 et
1981 2835 2313 2906 disciplinam
2339 2838 2558 2906 spernit,
2594 2839 2782 2900 miser;
2836 2840 2926 2908 qui
2955 2854 3077 2892 vero
3124 2848 3271 2892 amat
3314 2840 3473 2893 disci-

1911 2925 2136 2995 plinam,
2198 2927 2425 2979 inveniet
2482 2928 2827 2996 cognitione»:
2876 2944 2993 2981 cum
3043 2929 3255 2997 justitia
3289 2930 3330 2981 ί.
3401 2928 3474 2986 Ut

1910 3024 2093 3069 autem
2123 3015 2312 3070 facilia
2325 3016 2457 3070 ﬁant
2486 3016 2681 3069 lectori
2705 3017 2866 3085 hujus
2896 3017 3022 3070 libri
3044 3032 3107 3071 ea
3134 3034 3255 3087 quze
3280 3027 3475 3074 contra

1910 3104 2255 3158 adversarios
2280 3105 2560 3169 dicuntur,
2593 3106 2770 3160 visum
2789 3115 2873 3160 est
2903 3109 3279 3177 necessarium
3300 3123 3474 3178 pauca

244 3196 622 3262 ταλαίπωρος
645 3210 661 3228 ο
706 3198 739 3246 ὀ
794 3191 861 3245 δὲ
907 3190 1154 3259 ἀγαπῶν
1203 3192 1498 3254 παιδείαν,
1564 3188 1808 3258 εὑρήσει

1910 3194 2158 3263 quaedam
2218 3195 2285 3249 ad
2342 3196 2700 3265 aperiendum
2749 3196 2958 3252 aditum
3013 3199 3293 3262 scribere,
3347 3200 3476 3254 inde

244 3283 474 3353 γνῶσιν
505 3284 657 3352 μετὰ
700 3282 1111 3347 δικαιοσύνης.
1162 3281 1280 3333 Ἵνα
1324 3280 1381 3333 δὲ
1429 3279 1675 3349 εὔληπτα
1708 3273 1807 3348 γέ-

242 3390 407 3444 νηται
438 3374 601 3427 παντὶ
629 3373 707 3443 τῷ
727 3373 1105 3442 ἐντυγχάνοντι
1150 3371 1228 3440 τῷ
1267 3371 1611 3442 προκειμένῳ
1667 3375 1939 3444 πονήματι
1981 3375 2049 3428 τὰ
2095 3376 2231 3446 πρὸς
2273 3378 2399 3440 τοὺς
2426 3375 2495 3429 δι’
2524 3377 2773 3442 ἐναντίας

1916 3286 2191 3355 principio
2224 3295 2441 3357 sumpto
2479 3304 2492 3340 :
2833 3326 2835 3329 τ

2834 3377 3118 3449 λεγόμενα,
3151 3377 3323 3448 μικρά
3354 3393 3476 3430 τινα

243 3464 384 3537 πρὸς
427 3463 738 3533 εἰσαγωγὴν
789 3462 1043 3525 συντάξαι
1099 3461 1394 3528 ἀναγκαῖον
1439 3461 1667 3529 ἐνόμισα
1693 3503 1709 3527 ,
1735 3458 1804 3533 ἦς
1842 3466 1935 3517 καὶ
1962 3466 2287 3536 ἀρχόμενος,
2314 3465 2458 3521 οὕτω
2483 3449 2627 3538 φημί
2658 3484 2672 3498 ·

767 3580 921 3641 Δόξα
960 3578 1283 3639 Μάνεντος.

315 3696 505 3764 Μάνης
536 3697 566 3746 ό
595 3693 689 3745 τοῦ
724 3692 1001 3745 ἀντιθέτου
1035 3693 1257 3751 σκότους
1304 3692 1600 3762 ἐφευρετὴς
1625 3732 1639 3755 ,
1675 3691 1810 3761 μᾶλ-

240 3788 337 3840 λον
367 3787 424 3839 δὲ
454 3787 550 3855 τῆς
580 3784 830 3849 ἐξουσίας
879 3781 975 3834 τοῦ
1022 3782 1246 3842 σκότους
1272 3778 1639 3851 ἀνάπλασμα,
1675 3800 1808 3849 φαν-

241 3875 409 3945 τασίᾳ
434 3873 566 3944 ψιλῇ
599 3874 690 3924 καὶ
720 3873 958 3941 σχήματι
992 3871 1222 3939 διακένῳ
1253 3869 1503 3939 σώματος
1530 3870 1627 3922 ἀνθ
1639 3870 1811 3941 ρωπί-

242 3984 371 4031 νου,
400 3962 816 4033 πεφανερῶσθαι
864 3962 953 4014 τὸν
983 3961 1188 4030 Κύριον
1222 3960 1531 4028 ἐφαντάσθη
1557 3959 1633 4022 ὡς
1682 3960 1813 4029 ἀλη-

241 4056 357 4119 θῶς
394 4057 487 4109 καὶ
537 4052 870 4123 ὠνείρωξεν,
911 4050 1073 4114 ὥστε,
1112 4052 1263 4119 φησὶ,
1300 4051 1393 4103 καὶ
1448 4051 1676 4120 πάσχειν
1726 4052 1813 4105 δο-

245 4147 365 4201 κεῖν
408 4146 569 4198 αὑτὸν
619 4144 713 4196 καί¹
761 4143 1055 4211 πράττειν,
1102 4141 1243 4211 ειπερ
1278 4141 1407 4209 ἐδρα
1454 4143 1548 4195 καὶ
1578 4144 1814 4196 πέπονθε

2445 3582 2632 3651 Opinio
2659 3582 2955 3637 Hanichm‘.

1986 3691 2313 3747 Manichaaus
2364 3692 2620 3746 inventor
2658 3692 3009 3746 tenebrarum
3049 3693 3470 3759 contrariarum,

1918 3783 2028 3836 imo
2059 3791 2376 3852 apotestate
2420 3783 2774 3838 tenebrarum
2807 3784 3133 3846 instructus,
3184 3785 3339 3839 ﬁnxit
3378 3797 3475 3841 aut

1918 3873 2235 3936 somniavit,
2262 3873 2579 3943 apparuisse
2608 3874 2899 3929 Dominum
2927 3876 3265 3944 phantastice
3296 3876 3473 3931 solum

1919 3974 1975 4018 et
2005 3964 2153 4019 inani
2196 3964 2367 4035 ﬁgura
2398 3967 2647 4034 corporis
2678 3966 2903 4020 humani
2930 3983 2944 4028 ;
2978 3967 3049 4020 ita
3084 3975 3143 4019 ut
3173 3966 3472 4029 videretur,

1922 4055 2122 4125 inquit,
2158 4058 2289 4125 pati,
2320 4065 2377 4111 et
2404 4071 2564 4126 agere
2590 4071 2711 4124 qua:
2742 4054 2955 4123 agebat,
3007 4058 3060 4107 et
3095 4068 3289 4122 passus
3328 4070 3473 4118 esse.

1917 4149 2061 4202 sicut
2088 4164 2221 4212 nos;
2243 4148 2382 4201 nihil
2406 4156 2586 4201 tamen
2624 4146 2803 4213 reipsa
2824 4153 2880 4199 et
2905 4146 3138 4199 veritate
3169 4147 3471 4211 exstitisse.

246 4237 554 4305 καθ’ήμᾶς,
578 4234 740 4303 μηδὲν
777 4234 835 4287 δὲ
887 4232 1088 4286 τούτων
1132 4233 1415 4303 πράγματι
1453 4234 1546 4286 καὶ
1590 4234 1811 4311 ἀληθείᾳ

1924 4240 2019 4295 sed
2055 4240 2231 4293 visum
2265 4254 2386 4292 esse
2418 4246 2648 4301 tantum,
2677 4247 2733 4292 et
2755 4238 2835 4291 sic
2861 4237 2994 4292 falsa
3026 4240 3209 4308 specie
3238 4240 3474 4305 illusisse

242 4330 503 4400 ὑπάρξαι,
530 4327 663 4381 ἀλλὰ
678 4326 892 4395 δοκήσει
919 4325 1078 4396 μόνον
1105 4326 1195 4378 καὶ
1216 4326 1399 4397 ἀπάτῃ
1436 4325 1811 4379 ἀποϐουκολείν

1923 4329 2258 4391 hominibus,
2283 4345 2406 4385 cum
2438 4330 2637 4398 quibus
2674 4330 2881 4384 versari
2917 4322 3229 4399 putabatur.
3268 4331 3477 4386 Idcirco

241 4423 373 4485 τοὺς
424 4421 774 4489 ἀνθρώπους,
810 4414 891 4482 οἷς
945 4420 1037 4471 καὶ
1087 4417 1551 4486 συνανεστρὰφθαι
1606 4417 1811 4482 νενόμι-

1921 4434 2030 4473 ιιοιι
2056 4421 2171 4474 vult
2194 4420 2376 4475 dicere
2400 4419 2455 4472 in
2490 4413 2719 4472 Domine
2734 4418 2869 4472 duas
2892 4427 3136 4491 naturas.
3159 4420 3253 4473 sed
3290 4434 3473 4483 unam,

246 4529 391 4565 σται.
424 4512 517 4563 Διὰ
534 4511 688 4564 τοῦτο
711 4509 910 4561 καὶδύο
940 4507 1125 4573 φύσεις
1153 4509 1489 4575 παραιτεῖται
1515 4505 1691 4571 λέγειν
1724 4506 1811 4556 ἐπὶ

1924 4510 2135 4564 scilicet
2156 4511 2492 4574 divinitatis;
2517 4510 2643 4579 quia
2668 4508 2837 4577 ﬁgura
2866 4500 2955 4562 illa
2990 4510 3055 4563 ad
3076 4509 3369 4563 fallendum
3398 4510 3473 4563 si-

222 4604 340 4656 ,τοῦ
401 4602 625 4670 Κυρίου,
688 4600 821 4653 ἀλλὰ
874 4599 1002 4667 μίαν
1033 4598 1129 4669 τὴν
1174 4597 1271 4666 τῆς
1324 4596 1590 4665 θεότητος,
1621 4596 1695 4657 ὡς
1728 4596 1811 4648 an

1926 4602 2147 4661 mulata,
2175 4601 2395 4669 indign‘a
2422 4600 2701 4655 videretur
2722 4598 2944 4653 nomine
2969 4608 3177 4653 naturae
3200 4600 3470 4653 humanae.

243 4692 347 4760 τοῦ,
368 4690 831 4759 πεφενακισμένου
864 4688 1092 4758 [ἐκείνου
1126 4688 1419 4757 σχήματος,
1454 4687 1527 4756 μὴ
1560 4686 1811 4754 ἀξιουμέ-
1857 4735 1867 4741 .

242 4779 361 4852 νου]
397 4782 524 4848 παρ’
550 4778 714 4832 αὑτοῦ
771 4779 1078 4847 ἀνθρωπίνη
1133 4777 1293 4845 φύσις
1332 4776 1809 4846 κατονομάζεσθαι.

586 4893 742 4957 Δόξα
772 4893 1014 4946 Παύλου
1055 4890 1466 4959 Σαμοσατέως.

2254 4881 2447 4953 Opinio
2467 4882 2625 4937 Pauli
2646 4881 3052 4937 Samosatensis.

316 5006 525 5069 Παῦλος
569 5007 627 5059 δέ
662 5024 747 5067 τις
780 5005 956 5074 τούτῳ
992 5004 1067 5073 τῷ
1103 5005 1341 5058 Μάνεντι
1374 5004 1670 5073 σύγχρονος
1719 5019 1810 5069 γε·-

1990 4995 2190 5050 Paulus
2220 4994 2466 5065 quidam.
2502 4994 2595 5062 qui
2630 4993 2732 5045 fuit
2755 5002 2912 5046 aetate
2939 4988 3241 5053 Manichaei,
3275 5004 3475 5059 genere

238 5095 453 5165 γονὼς,
490 5096 839 5164 Σαμοσατευς
895 5096 994 5161 μὲν
1038 5092 1097 5143 τὸ
1143 5094 1320 5157 γένος,
1369 5093 1699 5161 Ἀντιοχείας
1755 5091 1811 5142 δέ

1915 5086 2337 5149 Samosatensis,
2362 5085 2653 5154 episcopus
2680 5093 2861 5135 autem
2888 5081 3193 5135 Antiochia:
3216 5080 3267 5133 in
3295 5080 3472 5150 Syria,

239 5188 345 5257 τῆς
377 5188 578 5257 Συρίας
606 5185 886 5253 πρόεδρος,
915 5182 1067 5250 ψέιὺν
1094 5184 1378 5253 ἄνθρωπον
1403 5180 1538 5237 εἶναι
1577 5184 1669 5235 τὸν
1700 5182 1811 5235 Κύ-

1909 5179 2227 5246 blaspheme
2272 5174 2591 5245 praedicavit
2655 5188 2773 5226 esse
2829 5173 3119 5225 Dominum
3194 5171 3474 5223 hominem

242 5294 365 5349 ριον
395 5277 779 5345 ἐδυσφήμησεν
812 5288 827 5303 ·
876 5270 1065 5340 ὥσπερ
1085 5273 1141 5323 δὲ
1181 5276 1261 5333 εἰς
1290 5274 1518 5325 ἕκαστον
1548 5274 1657 5323 τῶν
1685 5288 1811 5340 προ-

1911 5277 2148 5327 tantum,
2176 5277 2231 5321 et
2260 5266 2537 5320 habitasse
2563 5261 2801 5318 Verbum
2834 5265 2887 5316 in
2910 5279 2975 5317 eo
3000 5263 3205 5317 sicutin
3227 5260 3475 5330 quolibet

242 5370 453 5440 φητῶν,
482 5367 624 5421 οὕτω
651 5366 744 5418 καὶ
771 5366 828 5416 ἐν
858 5363 1005 5430 αύτῷ
1030 5363 1283 5428 γενέσθαι
1328 5365 1421 5415 τοῦ
1465 5363 1601 5415 Θεοῦ
1634 5363 1807 5428 Λόγου

1909 5375 1972 5413 ex
1993 5372 2225 5411 numero
2262 5356 2693 5424 prophetarum:
2733 5354 2879 5407 unde
2908 5354 3091 5407 aiebat
3139 5353 3275 5405 duas
3315 5359 3474 5402 natu-

238 5460 345 5529 τὴν
369 5456 583 5526 οἴκησιν
600 5473 614 5485 ·
651 5455 803 5507 ἔνθεν
822 5455 917 5506 καὶ
946 5452 1043 5504 δύο
1069 5451 1259 5519 φύσεις
1293 5451 1636 5521 διῃρημένως
1652 5449 1808 5519 ἐχού-

242 5566 348 5611 σας
392 5549 485 5601 καὶ
528 5548 921 5616 ἀκοινωνήτους
976 5542 1111 5613 πρὸς
1166 5542 1364 5602 ἑαυτὰς
1423 5540 1562 5594 εἶναι
1609 5543 1810 5593 παντά-

244 5657 416 5695 πασιν
450 5642 506 5693 ἐν
522 5638 623 5711 ’τῷ
647 5636 887 5707 Χριστῷ,
922 5635 1083 5689 ἄλλου
1130 5632 1280 5693 ὄντος
1327 5633 1495 5684 αὐτοῦ
1547 5631 1641 5683 τοῦ
1680 5633 1811 5697 Χρι-

317 5798 345 5839 ⁶
378 5796 402 5852 1
440 5796 585 5852 Petr.
621 5809 701 5857 ιιι,
754 5795 840 5859 15,
886 5792 969 5847 lﬁ.
1045 5791 1071 5830 δ
1101 5788 1225 5841 Jud.
1266 5786 1347 5841 l9.

1433 5790 1443 5824 ε
1480 5787 1606 5853 Snp.
1647 5800 1727 5847 ιιι,
1764 5783 1840 5839 Η,

1915 5464 2002 5501 ras
2025 5462 2145 5501 esse
2174 5447 2231 5500 in
2260 5444 2481 5499 Christo
2515 5444 2741 5507 divisas,
2793 5444 2875 5496 vel
2931 5444 3048 5496 sine
3099 5442 3206 5495 ulla
3252 5438 3472 5506 penitus

1916 5538 2060 5591 inter
2080 5552 2137 5589 se
2171 5533 2597 5597 communione;
2657 5542 2913 5600 tanquam
2944 5532 3084 5581 alius
3108 5536 3253 5581 esset
3302 5524 3467 5579 Chn—

1917 5636 2055 5689 stus,
2088 5634 2144 5679 et
2173 5624 2312 5678 alius
2341 5622 2436 5691 qui
2487 5622 2542 5676 in
2585 5621 2703 5691 ipso
2729 5621 3006 5677 habitabat
3044 5619 3186 5671 Deus
3214 5615 3479 5671 Verbum.
