4030 6338
202 344 378 459 MSS

1440 393 1538 454 DE
1577 393 2164 456 INCARNATIONE.

3299 395 3430 458 IiJO

191 511 462 576 πότητος,
494 507 586 561 καὶ
619 508 717 577 τὴν
744 506 946 559 τούτων
973 505 1237 576 ἀτρεψίαν
1261 505 1354 558 καὶ
1381 507 1470 556 ὲπι
1481 506 1647 573 μονὴν
1670 508 1761 561 καὶ

1883 519 1920 563 :t
1949 508 2270 562 confusione
2291 507 2587 586 signiticet;
2615 508 2708 562 sed
2743 516 2800 560 ut
2826 508 3118 576 peripsum
3142 522 3431 562 numerum

186 601 540 668 ἁσυγχυσίαν
569 601 808 669 σημάνῃ,
834 599 926 650 τὴν
953 597 1186 666 ἀριθμὸν
1209 595 1316 648 τῶν
1353 596 1445 648 δύο
1477 599 1762 666 καταφρα-

187 691 284 753 ζει
318 691 551 756 φύσεων,
582 692 692 744 ἀλλ’
725 692 813 742 ἵνα
833 689 924 741 δύο
952 689 1218 757 πρόσωπα
1260 687 1326 740 δι’
1357 687 1523 740 αὑτοῦ
1554 688 1645 740 105
1670 687 1762 739 δύο

189 779 439 848 ἀριθμοῦ
463 781 690 848 δολερῶς
715 779 1083 846 ὑπαινίξηται,
1116 778 1213 846 τὴν
1245 779 1355 831 τῶν
1385 778 1601 846 φύσεων
1635 779 1764 845 κλῆ-

193 885 288 919 σιν
330 869 450 920 ἀντὶ
499 869 606 920 τῶν
643 866 945 936 προσώπων
987 867 1280 936 λαμϐάνων
1316 866 1657 935 κακούργως,
1691 867 1762 926 ὼς

191 958 420 1028 άληθῶς
449 961 543 1010 καὶ
563 959 865 1026 κακοήθως,
901 961 1436 1029 πεπαῤῥησιασμὲνῃ
1478 976 1761 1028 προσωνυ-

198 1049 308 1116 μία
347 1049 452 1099 τῶν
485 1049 699 1113 φύσεων
725 1048 786 1099 τὸ
818 1049 1265 1118 ἀπηγορευμένον
1309 1050 1417 1100 τῶν
1461 1048 1766 1108 προσώπων

195 1140 462 1204 εἰσάγων,
488 1138 626 1190 ὥστε
658 1139 813 1190 ἄλλον
856 1135 996 1192 εἶναι
1029 1141 1156 1208 παρ’
1184 1139 1332 1204 αύτῷ
1375 1140 1464 1190 τὸν
1508 1138 1764 1209 Χριστὸν,

196 1230 300 1280 καὶ
327 1228 486 1280 ἄλλον
515 1231 602 1280 τὸν
634 1228 765 1279 Θεὸν
793 1229 982 1294 Λόγον,
1017 1230 1154 1281 κατὰ
1177 1231 1272 1297 τὴν
1308 1227 1564 1297 πατρῴαν
1603 1225 1765 1279 αὐτοῦ

199 1317 413 1384 πλάνην
445 1333 457 1344 ’
504 1317 620 1378 υίὸς
659 1318 766 1386 γὰρ
797 1313 864 1386 ἦν
906 1318 998 1368 105
1052 1318 1289 1379 Κίλικος,
1332 1317 1424 1368 105
1473 1315 1531 1366 δὲ
1594 1316 1768 1382 Σαμο·

200 1409 417 1468 σατέως
449 1407 732 1475 ἀπόγονος.
767 1409 872 1459 Καὶ
910 1408 998 1459 δ;ἀ
1051 1408 1204 1460 10510
1249 1408 1383 1476 πρὸς
1432 1408 1530 1475 τὴν
1569 1406 1769 1474 σεμνὴν

203 1497 485 1566 Παρθένον
519 1497 781 1549 ἄσπονδον
827 1499 996 1566 ἡρατο
1035 1498 1289 1566 πόλεμον,
1320 1497 1392 1566 μὴ
1429 1495 1769 1564 δυσωπηθεὶς

200 1584 303 1652 τὴν
334 1583 637 1652 θεομήτορα
662 1586 754 1637 καὶ
785 1586 950 1654 ἁγνὴν
976 1587 1211 1653 Μαρίαν,
1233 1585 1305 1647 ὡς
1346 1585 1613 1636 Δεσπότου
1659 1585 1772 1653 Μη-

201 1675 343 1743 τέρα
369 1691 382 1702 ⁸
413 1675 526 1726 ἀλλ’
557 1676 631 1736 ὡς
683 1676 866 1738 δοῦλος
915 1679 1315 1746 τραχηλιαετὴς
1359 1679 1452 1730 καὶ
1489 1679 1773 1745 ἀναίσχυν-

200 1781 322 1824 τος,
358 1765 686 1833 ἀρνούμενος
727 1766 818 1816 τὸν
864 1766 1056 1818 ἑαυτοῦ
1099 1768 1320 1836 Κύριον,
1352 1769 1444 1819 καὶ
1491 1766 1772 1834 ἀτιμάζων

1869 601 2103 655 duarum
2128 609 2448 653 naturarum
2467 599 2604 652 duas
2627 614 2884 667 personas
2913 599 3180 668 designet,
3211 609 3433 654 naturas

1870 709 1971 762 pro
2000 692 2249 762 personis
2283 691 2595 760 appellans;
2638 699 2693 744 et
2717 692 3080 758 appellatione
3111 702 3431 745 naturarum

1872 783 2142 835 malitiose
2167 790 2222 835 et
2243 796 2340 850 per
2371 781 2558 833 dolum
2587 779 2759 832 fretus
2803 787 2857 832 ct
2879 778 3135 841 conﬁsus,
3175 795 3435 848 personas

1871 879 2062 922 contra
2108 869 2338 923 vetitum
2377 867 2760 931 introducens;
2815 857 2875 920 ut
2925 867 3066 935 apud
3121 883 3244 944 eum
3297 868 3435 922 alius

1871 970 2016 1014 esset
2043 959 2316 1022 Christus,
2355 969 2412 1013 et
2463 959 2603 1013 alius
2660 959 2804 1012 Deus
2831 958 3092 1020 Verbum,
3131 958 3431 1012 secundum

1871 1066 2114 1104 errorem
2150 1058 2365 1119 patrum
2400 1065 2462 1103 ac
2496 1051 2760 1118 majorum
2807 1066 3026 1104 suorum
3070 1068 3084 1104 :
3139 1051 3239 1104 fuit
3286 1053 3432 1104 enim

1873 1143 2018 1195 filius
2051 1141 2257 1203 Cilicis,
2307 1150 2364 1195 et
2411 1157 2479 1195 ex-
2511 1141 2746 1210 postcris
2802 1142 2956 1195 Pauli
3011 1143 3428 1196 Samosatensis.

1873 1235 2084 1288 Idcirco
2128 1235 2331 1287 bellum
2376 1232 2617 1300 suscepit
2668 1247 2793 1284 cum
2842 1233 3062 1301 Virgine
3110 1234 3433 1294 venerabili,

1875 1325 2077 1378 nullam
2106 1322 2470 1377 reverentiam
2509 1322 2776 1376 adhibens
2805 1324 2962 1376 matri
2999 1324 3091 1376 Dei
3117 1331 3170 1376 et
3205 1324 3436 1391 purissi-

1875 1430 1974 1468 ma:
2012 1414 2190 1468 Maria:
2223 1455 2237 1478 ,
2289 1421 2477 1482 utpote
2516 1412 2671 1465 Matri
2722 1414 2956 1475 Domini,
3003 1415 3096 1468 sed
3143 1414 3326 1481 potius
3377 1423 3436 1468 ut

1875 1518 2068 1556 servus
2121 1501 2393 1570 superbus
2433 1509 2489 1554 et
2539 1501 2846 1571 impudens,
2897 1517 3099 1570 negans
3143 1502 3433 1554 Dominum

1876 1607 2058 1654 suum,
2080 1599 2136 1644 et
2161 1590 2446 1644 Dominam
2495 1605 2661 1642 suam.
2683 1590 3025 1657 vituperans,
3073 1603 3180 1640 non
3221 1598 3327 1639 tam
3354 1587 3436 1639 in-

1877 1681 2067 1735 videns
2093 1680 2142 1732 ei
2177 1678 2595 1747 appellationem
2629 1678 2820 1730 matris
2846 1677 2961 1738 Dei,
2998 1693 3159 1744 quam
3187 1676 3436 1729 invidens

1876 1769 1970 1822 Dei
2004 1768 2419 1836 appellationem
2446 1783 2510 1820 ex
2546 1768 2657 1834 ipsa
2690 1765 2907 1834 Virgine
2941 1775 3114 1820 matre
3152 1776 3299 1817 nato.
3340 1764 3437 1816 llic

199 1855 307 1919 τὴν
338 1854 630 1904 Δέσποιναν
659 1855 871 1913 ἑαυτοῦ,
908 1856 1212 1922 βασκαίνων
1242 1857 1300 1907 ού
1334 1855 1586 1908 τοσοῦτον
1635 1857 1770 1922 αὐτῇ

1883 1859 2040 1925 igitur
2086 1856 2370 1910 Nestorius
2405 1856 2596 1909 tertius
2625 1855 2786 1924 hujus
2819 1856 3041 1908 bmrcsis
3073 1856 3310 1909 Iudaica:
3343 1854 3437 1909 de-

201 1944 329 2010 τῆς,
356 1944 635 2006 Θεοτὸκος,
674 1946 1037 2012 προσηγορίας
1065 1984 1078 2006 ,
1107 1945 1231 1995 ὅσον
1271 1945 1390 2012 τῆς,
1421 1944 1571 2005 Θεὸς,
1604 1943 1682 2011 τῷ
1717 1945 1773 2008 ἐξ

1879 1945 2066 1998 fensor
2092 1955 2147 1998 et
2174 1951 2456 2014 patronus,
2494 1960 2612 1998 eam
2644 1944 2746 1999 sibi
2781 1945 3097 1998 vindicavit.

200 2035 380 2102 αὐτῆς
403 2035 730 2103 γεννηθέντι.
772 2030 936 2096 Οὗτος
971 2036 1066 2102 μὲν
1095 2032 1186 2088 οὖν
1215 2037 1245 2086 ὁ
1276 2036 1567 2108 Νεστὸριος
1622 2035 1801 2105 τρίτος
1840 2037 2150 2106 προστάτης
2209 2037 2306 2105 τῆς
2333 2037 2628 2105 Ἰουδαϊκῆς
2648 2035 2846 2105 ταύτης
2869 2037 3133 2106 αἱρέσεως
3163 2033 3404 2103 γεγονὼς

202 2132 290 2190 εἰς
319 2127 506 2178 ἑαυτὸν
536 2127 705 2194 αὐτὴν
731 2128 1105 2195 περιέστησεν.

723 2239 876 2302 Δόξα
931 2241 1256 2309 Εὑτυχοῦς.

283 2355 395 2422 Τῆς
445 2355 501 2405 δὲ
553 2354 825 2407 ἀντιθέτου
876 2357 1084 2426 μοίρας,
1118 2361 1215 2426 τῆς
1252 2357 1395 2410 κατά
1446 2345 1639 2426 Μάνην
1679 2358 1774 2410 καὶ
1849 2428 1854 2434 ί

222 2446 622 2514 Ἀπολινάριον,
653 2445 832 2510 τρίτος
889 2448 1042 2500 πάλιν
1070 2449 1434 2519 προασπιστὴς
1463 2453 1490 2502 ὁ
1532 2449 1774 2520 Εὐτυχὴς

207 2537 592 2603 ἀναφαίνεται,
623 2536 680 2597 ὃς
708 2533 774 2604 ἦν
799 2537 1100 2606 ἡγούμενος
1132 2540 1486 2608 μοναστηρίου
1524 2542 1644 2603 ἐνὸς
1665 2541 1774 2592 τῶν

215 2625 352 2690 περὶ
382 2625 440 2674 τὸ
471 2622 780 2684 Βυζάντιον.
811 2620 974 2685 0510;
1000 2626 1105 2694 γὰρ
1131 2627 1205 2695 μὴ
1231 2628 1554 2696 ἀνεχόμενος
1583 2628 1774 2698 ὁμοούυ

216 2733 335 2767 σιον
364 2717 492 2784 ἡμῖν
520 2717 614 2766 καὶ
643 2717 853 2782 ὁμοφυῆ
889 2717 984 2782 τὴν
1019 2718 1191 2786 σάρκα
1219 2717 1312 2768 105
1347 2718 1547 2788 Κυρίου
1577 2721 1772 2787 ὁμολοο

213 2807 359 2872 γεῖν,
389 2804 488 2865 τὰς
532 2802 626 2856 δύο
665 2802 854 2869 φύσεις
894 2805 1186 2871 ἀπηρνεῖτο
1218 2805 1483 2865 σώζεσθαι
1514 2805 1691 2872 λέγειν
1718 2809 1774 2858 ὲν

213 2893 298 2961 τῷ
324 2890 540 2961 Χριστῷ
573 2891 709 2959 μετά
737 2891 834 2957 τῆς
863 2890 1065 2941 τούτων
1113 2891 1358 2954 ὲνὼσεώς
1402 2911 1460 2945 τε
1505 2897 1596 2944 καὶ
1643 2911 1779 2962 συμ-

217 2983 420 3048 φυΐας·
455 2981 517 3031 ού
578 2981 735 3046 μόνον
785 2979 862 3042 δὲ,
890 2979 1023 3030 ἀλλά
1055 2980 1148 3031 καὶ
1200 2981 1474 3050 τερατώδη
1520 2983 1640 3034 τινὰ
1685 2985 1779 3035 καὶ

213 3071 480 3125 ἀλλόκοτα
505 3069 785 3132 ἔπλαττεν,
807 3069 864 3132 ἐξ
890 3068 1117 3136 οὐρανοῦ
1139 3070 1308 3136 λέγων
1332 3072 1653 3141 κατηνέχθαι
1684 3073 1777 3124 105

217 3159 429 3228 Κυρίου
463 3159 520 3211 τὸ
552 3158 731 3226 σῶμα,
761 3161 855 3210 καὶ
887 3147 959 3220 ὡς
985 3159 1073 3212 διὰ
1109 3160 1342 3228 σωλῆνος
1369 3162 1464 3228 τῆς
1505 3163 1776 3231 Παρθένου

2373 2242 2563 2312 Opinio
2607 2243 2924 2311 Eutychetis.

1954 2362 2125 2415 Seclae
2159 2359 2444 2413 contrarize
2481 2357 2758 2410 Maniehzei
2813 2366 2866 2409 et
2901 2355 3220 2424 Apollinarii
3249 2354 3442 2408 tertius

1885 2467 2074 2506 rursus
2105 2460 2370 2520 patronus
2391 2458 2546 2502 ortus
2574 2459 2655 2508 est
2678 2448 2971 2518 Eutyches,
2997 2445 3288 2514 pratt‘ectus
3320 2447 3438 2499 eui-

1885 2543 2008 2598 dam
2030 2541 2358 2595 monasterio
2385 2539 2595 2593 circum
2617 2536 3165 2604 Constantinopolim.
3190 2534 3286 2587 llic
3317 2550 3438 2587 cum

1884 2635 2053 2688 nollet
2069 2632 2315 2687 confiteri
2333 2647 2452 2684 esse
2475 2645 2692 2698 carnem
2708 2628 2920 2681 Domini
2936 2627 3176 2696 ejusdem
3192 2627 3444 2678 substan-

1884 2726 1972 2778 tia:
2000 2733 2054 2776 et
2088 2731 2294 2774 naturae
2344 2737 2449 2788 qua
2503 2729 2687 2772 nostra
2729 2727 2833 2780 cst,
2872 2717 3100 2786 negabat
3147 2716 3350 2768 servari
3385 2717 3438 2768 in

1881 2814 2100 2867 Christo
2135 2813 2273 2865 duas
2300 2820 2522 2862 naturas
2557 2825 2665 2862 una
2693 2824 2814 2865 cum
2839 2824 3026 2862 earum
3055 2808 3253 2861 unione
3287 2825 3297 2858 :
3339 2823 3440 2860 nec

1884 2903 1987 2956 hoc
2013 2903 2224 2961 solum,
2276 2899 2367 2953 sed
2410 2897 2656 2966 qumdam
2685 2897 2856 2950 instar
2898 2897 3122 2949 monstri
3155 2906 3207 2948 ct
3237 2895 3440 2948 absona

1883 2993 2138 3062 tingebat.
2186 2990 2378 3045 Aiebat
2417 2991 2561 3042 enim
2592 2988 2832 3040 delatum
2861 3003 2978 3040 esse
3005 3001 3204 3052 corpus
3235 2985 3439 3038 Christi

1881 3100 1910 3137 e
1935 3084 2092 3146 cmlo,
2131 3093 2186 3136 et
2233 3083 2400 3134 Deum
2447 3065 2707 3143 Verbum,
2737 3093 2858 3132 cum
2904 3093 3098 3146 corpus
3123 3093 3151 3129 e
3188 3078 3325 3129 cmlo
3363 3077 3442 3128 in-

1882 3173 2110 3235 duisset,
2148 3189 2244 3240 per
2277 3171 2550 3239 Virginem
2585 3181 2837 3237 tauquam
2873 3184 2969 3236 per
2994 3167 3233 3221 canalem
3268 3176 3441 3217 trans-

219 3250 601 3320 παραδραμεῖν
631 3251 718 3304 τὸν
747 3250 876 3302 Θεὸν
895 3250 1085 3316 Λόγον,
1125 3252 1411 3318 οὐρανόθεν
1443 3253 1597 3304 10510
1636 3255 1779 3304 ἑνδε-

1883 3266 2122 3324 hieasse;
2157 3271 2213 3312 ut
2241 3261 2487 3312 videatur
2515 3267 2672 3311 natus
2700 3275 2765 3310 ex
2806 3258 3055 3319 muliere,
3093 3273 3218 3310 cum
3253 3264 3433 3308 tamen

215 3343 472 3410 δυμένον,
497 3342 584 3392 ἵνα
630 3341 754 3409 δόξῃ
804 3339 965 3406 δῆθεν
1002 3340 1358 3406 γεγεννῆσθαι
1403 3345 1466 3392 ὲκ
1501 3343 1779 3407 γυναικὸς,

220 3432 424 3500 καίπερ
453 3431 587 3498 μήτε
610 3430 1022 3497 γεγεννημένον.
1057 3431 1351 3498 Λιιανιχαῖας
1367 3432 1393 3481 δ
1416 3433 1583 3499 Λόγος
1605 3426 1778 3494 0510;,

219 3525 319 3578 καὶ
365 3522 906 3590 πεφαντασιασμένος
957 3521 1131 3589 πολλῷ
1174 3522 1370 3590 μᾶλλον
1413 3523 1640 3576 ἐκείνου.
1675 3526 1782 3577 Καὶ

217 3613 396 3674 οὕτως
444 3607 534 3664 05v
586 3611 714 3678 μίαν
764 3611 925 3677 φύσιν
979 3611 1068 3664 τὸν
1110 3612 1341 3681 Χριστὸν
1378 3613 1780 3682 διεστραμμένη

220 3704 422 3772 καρδία
473 3701 828 3772 ἐπρέσϐευσε.
883 3701 1003 3752 Τῶν
1045 3701 1135 3753 οὖν
1193 3702 1286 3753 δύο
1333 3703 1511 3771 μερῶν
1555 3703 1778 3764 τούτων,

218 3793 320 3844 τοῦ
348 3809 406 3843 τε
441 3792 576 3843 κατὰ
612 3791 805 3858 Mitqu
837 3793 926 3842 καὶ
973 3792 1340 3860 ’Λπολινᾶριον
1374 3793 1462 3844 καὶ
1516 3794 1779 3862 Εὐτυχέα,

223 3885 321 3937 καὶ
371 3881 464 3933 τοῦ
495 3882 634 3934 κατὰ
675 3880 882 3933 Παῦλον
917 3883 1010 3953 καὶ
1043 3881 1312 3947 Θεόδωρον
1347 3884 1440 3934 καὶ
1470 3885 1781 3953 Νεστὸριον,

219 3973 334 4024 τῶν
376 3971 473 4039 μὲν
507 3971 632 4038 μίαν
681 3971 862 4037 φύσιν,
892 3951 1000 4021 τῶν
1029 3970 1083 4020 δὲ
1118 3971 1210 4022 δύο
1236 3972 1426 4038 φύσεις
1457 3971 1783 4036 ἐξεναντίας

223 4062 470 4130 ἀλλήλων
501 4061 589 4112 τὸν
611 4059 885 4127 Δεσπότην
917 4061 1406 4129 Χριστὺνηάμαῖεῶς
1460 4064 1781 4130 εἰρηκότων,

223 4153 325 4212 τὰς
350 4151 431 4216 ἐφ’
465 4150 698 4216 ἑκάτερα
724 4147 984 4211 κακίστας
1009 4151 1352 4218 μετατροπὶε
1379 4153 1468 4202 καί
1499 4151 1783 4212 δυσσεϐεῖς

226 4239 613 4308 παρεγκλίσεις
653 4237 1056 4306 ἁπαναινομένη
1096 4240 1127 4305 ἠ
1165 4238 1421 4306 καθολικὴ
1465 4238 1781 4303 Ἐκκλησία,

230 4335 405 4402 μέσην
439 4332 761 4400 ἀμφοτέρων
789 4328 1013 4396 βαδίζει,
1050 4329 1152 4397 ὁδῷ
1192 4330 1443 4399 βασιλικῇ
1487 4331 1786 4398 πορευομέ-

1881 3359 2042 3401 natus
2081 3364 2187 3399 non
2245 3347 2334 3398 sit.
2395 3346 2505 3397 lloc
2551 3345 2722 3396 aiebat
2771 3343 3120 3403 .‘llauichzeus,
3179 3343 3288 3394 imo
3329 3357 3441 3394 ma-

1882 3439 2110 3507 gisboc,
2153 3451 2313 3504 quam
2361 3433 2490 3485 illud
2533 3432 2965 3486 commentitium
3005 3439 3108 3483 est.
3157 3430 3246 3482 Sic
3273 3430 3436 3496 igitur

1885 3542 2045 3579 unam
2078 3537 2325 3576 naturam
2362 3523 2412 3574 in
2454 3521 2672 3576 Christo
2703 3536 2958 3588 perverse
3019 3518 3295 3586 professus
3335 3527 3440 3571 est.

1882 3616 2016 3669 Cum
2051 3615 2212 3682 igitur
2247 3613 2366 3664 dua:
2396 3612 2505 3663 sint
2540 3621 2743 3678 partes,
2795 3625 2899 3661 una
2938 3607 3242 3668 .‘lanichati,
3275 3606 3441 3674 Apol-

1884 3707 2063 3760 linarii
2125 3715 2181 3758 ct
2217 3704 2566 3773 Eutychetis;
2622 3705 2788 3755 altera
2838 3702 3010 3760 Pauli,
3055 3699 3331 3751 Theodori
3387 3708 3441 3751 ct

1882 3794 2148 3854 Nestorii;
2201 3793 2274 3845 illi
2318 3808 2477 3842 unam
2531 3802 2800 3845 naturam.
2853 3790 2904 3841 hi
2949 3789 3086 3841 duas
3123 3789 3175 3840 in
3217 3787 3439 3842 Christo

1887 3887 2202 3947 inscienter,
2236 3901 2297 3937 ac
2328 3875 2469 3936 intei'
2495 3899 2552 3936 se
2584 3893 2890 3951 pugnantes
2926 3890 3128 3950 ponant
3159 3898 3170 3931 :
3211 3882 3440 3933 istorum

1888 3975 1940 4027 in
1992 3976 2308 4027 alterutram
2381 3981 2589 4040 partem
2639 3972 2900 4040 pessimos
2943 3964 3343 4024 declinationes
3389 3979 3445 4022 et

1889 4066 2082 4133 impias
2128 4049 2502 4118 aberrationes
2548 4078 2808 4131 respuens
2872 4061 3108 4115 Ecclesia
3156 4059 3442 4118 catholica,

1890 4156 2065 4208 media
2091 4157 2231 4208 inter
2256 4164 2540 4221 utramque
2558 4153 2643 4205 via
2677 4153 2819 4220 regia
2849 4152 3069 4212 incedit,
3101 4167 3198 4201 nec
3223 4149 3286 4200 ad
3321 4164 3442 4200 eam
3504 4139 3509 4143 ’

1888 4244 2165 4295 declinans
2198 4258 2316 4309 qure
2355 4242 2569 4294 videtur
2610 4239 2674 4291 ad
2724 4240 2998 4290 dexteram
3038 4237 3296 4298 tendere,
3342 4252 3443 4288 nec

1887 4331 1951 4382 ad
1984 4344 2241 4395 Catnqttzt‘.
2293 4330 2450 4396 plane
2486 4327 2660 4378 tetulit
2702 4326 2766 4378 ad
2811 4325 3107 4378 sinistram.
3148 4323 3262 4375 Non
3300 4323 3447 4375 enim

228 4439 319 4488 νη,
339 4422 410 4490 μὴ
435 4421 753 4487 ἐγκλίνουσι
773 4422 850 4480 είς
872 4419 937 4469 τὰ
970 4421 1228 4472 δοκοῦντα
1253 4422 1419 4485 δεξιὰ,
1451 4422 1582 4488 μηδέ
1616 4423 1692 4477 εἰς
1719 4419 1779 4470 τὰ

1888 4415 2208 4486 simpliciter
2230 4418 2513 4486 profitetur
2532 4432 2690 4468 unam
2713 4425 2959 4467 naturam
2985 4415 3037 4466 ir.
3054 4411 3445 4473 Christo,sicu:

229 4511 478 4580 προφανῆ
507 4507 785 4577 ἀριστερά.
817 4507 972 4558 Κατά
1000 4509 1107 4577 γὰρ
1135 4511 1358 4578 Μάνητα
1386 4512 1473 4561 καὶ
1513 4511 1789 4560 ’Λπολινά-

234 4619 349 4672 ριον
373 4601 463 4652 καὶ
477 4597 738 4665 Έύτυχέα
770 4597 896 4665 μίαν
930 4597 1088 4661 φύσιν
1114 4599 1296 4658 ἁπλῶς
1320 4602 1410 4649 ἐπὶ
1441 4599 1671 4664 Χριστοῦ
1698 4598 1784 4650 λέ-

230 4708 350 4758 γειν
379 4690 438 4741 ού
465 4688 844 4757 παραδέχεται,
871 4686 1004 4738 ἀλλὰ
1037 4688 1162 4754 μίαν
1179 4685 1338 4754 φύσιν
1361 4688 1446 4738 105
1467 4688 1597 4739 Θεοῦ
1619 4691 1787 4755 Λόγου

235 4779 660 4844 σεσαρκωμένην
696 4793 706 4804 ο
739 4775 825 4826 διὰ
865 4775 960 4840 τῆς
987 4774 1305 4842 προσθήκης
1343 4773 1436 4824 105
1463 4815 1476 4834 ,
1504 4794 1786 4846 σεσαρκω-

237 4869 432 4938 μένην,
482 4866 731 4933 δηλοῦσιν
766 4865 860 4934 τὴν
906 4865 1067 4931 φύσιν
1107 4866 1204 4931 τῆς
1250 4865 1685 4933 ἀνοριοπὸτητος,
1725 4870 1789 4936 ἣν

234 4963 268 5028 ὴ
306 4958 464 5023 φύσις
496 4956 590 5007 τοῦ
620 4957 754 5007 Θεοῦ
783 4959 956 5022 Λόγου
987 4955 1539 5024 προσλαμῦανομὲνη,
1577 4959 1688 5026 Ξιμα
1730 4977 1789 5010 τε

238 5046 334 5099 καὶ
356 5045 450 5096 συν
476 5042 645 5112 ταύτῃ
674 5037 754 5103 εἷς
788 5041 986 5111 Κύριος
1031 5039 1233 5109 Ἰησοῦς
1259 5041 1488 5107 Χριστὸς
1522 5042 1743 5106 γέγονεν
1773 5060 1786 5073 ·

235 5134 356 5188 οὐδὲ
398 5133 533 5202 αὑτὴ
556 5135 589 5200 ἠ
621 5131 712 5183 τοῦ
743 5133 912 5198 Λόγου
937 5130 1095 5198 φύσις
1131 5131 1288 5198 ἑτέρα
1322 5133 1445 5198 παρ’
1480 5132 1674 5199 ἑαυτὴν
1699 5133 1792 5184 καὶ

236 5225 346 5276 τῶν
392 5223 512 5274 κατ’
547 5222 715 5290 αὐτὴν
745 5222 1062 5287 Θεοπρεπῶς
1115 5221 1445 5288 αὐχημάτων
1494 5222 1789 5290 γενομένη,

238 5315 289 5368 εί
317 5314 407 5366 καὶ
433 5316 490 5365 ἐν
521 5312 821 5381 προσλήψει
877 5313 1073 5381 σαρκὺς
1124 5312 1335 5377 γέγονε,
1367 5313 1564 5381 σαρκὸς
1614 5312 1670 5364 δὲ
1697 5314 1793 5380 οὐχ

240 5402 427 5464 ἁπλῶς
459 5418 472 5431 ⁸
506 5401 664 5453 τούτο
712 5401 818 5470 γὰρ
863 5401 1236 5475 ’Λρειανικόνῇ
1275 5397 1413 5450 ἀλλὰ
1446 5400 1648 5466 σαρκὸς
1735 5403 1789 5452 ὲ-

238 5493 567 5560 ψυχωμένης
601 5506 614 5520 ·
654 5493 746 5544 καὶ
777 5491 900 5557 οὐχὶ
988 5489 1348 5558 ὲψυχωμένης
1385 5489 1543 5557 μόνον
1567 5505 1579 5518 ⁸
1632 5490 1793 5543 πάλιν

241 5581 352 5648 γὰρ
392 5581 765 5647 ’Λπολιναρίου
814 5580 908 5630 καὶ
953 5577 1110 5628 10510
1139 5593 1150 5604 '
1223 5578 1334 5629 ἀλλ’
1431 5578 1794 5657 έψυχωμένης

245 5670 388 5742 ψυχῇ
420 5672 582 5741 νοερᾷ
611 5670 704 5723 καὶ
736 5670 928 5738 λογικῇ
950 5689 961 5697 ·
988 5671 1106 5722 οὐδὲ
1137 5673 1241 5739 μὴν
1269 5670 1363 5740 τὴν
1386 5669 1670 5738 ἀνθρώπου
1695 5669 1794 5739 φύ-

1892 4509 2239 4570 Μιιηὶρίιιιευε,
2282 4504 2650 4574 Apollina‘rius
2671 4513 2726 4558 et
2771 4504 3080 4574 Eutychos,
3124 4502 3216 4554 sed
3264 4500 3444 4569 potius

1892 4615 2054 4652 unam
2091 4609 2339 4651 naturam
2373 4597 2535 4650 Verbi
2569 4597 2665 4649 Dei
2699 4596 3033 4648 incarnatam
3063 4612 3074 4645 :
3102 4591 3444 4661 adjungcndo

1890 4690 2058 4750 enim,
2092 4691 2450 4750 incarnatam,
2497 4687 2741 4740 declarat
2779 4693 3028 4738 naturam
3068 4681 3442 4744 humanitatis,

1891 4794 2049 4844 quam
2085 4786 2274 4829 natura
2323 4777 2482 4828 Verbi
2527 4776 2618 4827 llci
2664 4773 2974 4840 assumpsit,
3040 4780 3093 4823 et
3123 4770 3282 4821 simul
3315 4785 3438 4821 cum

1893 4867 1993 4920 hac
2030 4870 2202 4920 lactus
2227 4875 2309 4919 est
2345 4881 2486 4918 unus
2521 4865 2781 4917 Dominus
2804 4864 2962 4917 Jesus
2993 4861 3246 4914 Christus
3288 4877 3298 4910 ;
3343 4874 3442 4910 nec

1894 4959 2006 5024 ipsa
2039 4967 2229 5009 natura
2253 4957 2414 5009 Verbi
2435 4956 2684 5009 Deifacta
2714 4965 2800 5007 cst
2828 4955 2928 5007 alia
2953 4963 3146 5021 praeter
3186 4952 3438 5018 scipsam,

1891 5056 1946 5099 et
1979 5063 2039 5098 ea
2077 5063 2195 5114 quze
2230 5046 2331 5114 ipsi
2376 5055 2437 5098 ut
2467 5063 2586 5098 eam
2635 5047 2852 5109 decent,
2900 5044 3254 5104 conveniunt,
3303 5051 3443 5093 tam-

1891 5134 1993 5186 etsi
2018 5150 2234 5186 carnem
2254 5135 2547 5202 assumpsit
2568 5152 2582 5197 ;
2603 5150 2822 5188 carnem
2841 5151 2971 5188 vero
2992 5150 3098 5187 non
3123 5129 3443 5198 simpliciter

1892 5225 2206 5294 assumpsit,
2236 5224 2338 5278 hoc
2357 5224 2710 5277 enimdicunt
2730 5224 2938 5288 Ariani,
2968 5225 3060 5278 sed
3090 5223 3446 5277 carncmani-

1894 5319 2120 5374 malam,
2174 5327 2275 5364 nec
2312 5312 2604 5364 animatam
2667 5319 2898 5374 tantum,
2955 5311 3059 5363 hoc
3091 5311 3234 5362 cnim
3280 5310 3446 5367 tradit

1893 5400 2283 5469 Apollinarius,
2341 5400 2436 5454 sed
2492 5401 2671 5454 anima
2724 5401 2976 5466 rationali
3023 5399 3446 5476 etintelligentc

1894 5493 2175 5561 pra:ditam
2197 5509 2209 5544 :
2229 5507 2404 5560 neque
2423 5500 2673 5544 naturam
2694 5490 2930 5544 hominis
2949 5505 3109 5558 quam
3128 5487 3441 5556 assumpsit,

1897 5583 1950 5636 in
2023 5585 2256 5652 seipsam
2291 5583 2522 5642 refudit,
2566 5597 2668 5635 nec
2697 5581 2842 5634 illam
2879 5581 3049 5649 ipsam
3100 5579 3350 5644 mutavit,
3384 5589 3445 5634 ut

1895 5682 2052 5727 extra
2068 5672 2443 5727 deﬁnitionem
2469 5673 2587 5742 ejus
2616 5656 2918 5726 naturalem
2946 5677 3001 5724 ct
3028 5669 3440 5726 subStautialem
