4030 6338
281 444 414 511 “9'1

1401 503 1413 514 ,
1492 446 1589 506 DE
1625 409 2207 506 Marmaricas.

3369 438 3502 503 1498
3551 420 3560 432 ’

272 559 459 611 λοιπὸν
492 555 778 609 ἀναδύεται
809 554 868 606 τὸ
895 553 989 606 δύο
1018 555 1206 620 φύσεις
1245 555 1545 623 ὁμολογεῖν,
1582 556 1710 625 μίαν
1740 559 1836 626 μὲν

1945 573 2098 622 quam
2151 558 2291 609 dixit
2349 571 2510 608 unam
2572 563 2821 607 naturam
2872 554 2966 606 Dei
3013 551 3202 615 Verbi,
3261 552 3503 621 adjungit

273 651 376 718 τὴν
402 649 496 701 τοῦ
535 648 669 700 Θεοῦ
701 648 893 712 Λόγου,
940 647 1134 714 ἑτέραν
1164 647 1218 698 δὲ
1248 648 1344 714 τὴν
1373 646 1740 716 ἀνθρωπίνην,
1772 649 1836 717 ἢν

275 740 436 800 αὐτὸς
466 739 553 791 διὰ
599 739 694 804 τῆς
745 735 1174 805 σεσαρκωμὲνης
1223 736 1419 799 λέξεως
1473 737 1836 803 ἀπαγγέλλειν

272 829 698 897 διισχυρίζεται;
732 825 766 878 ἃ
793 826 902 895 γὰρ
928 827 1179 894 ὁμολογεῖ
1207 827 1302 878 καὶ
1347 826 1667 895 ἀριθμείτω,
1701 825 1837 878 κατὰ

273 918 366 970 τὸν
409 919 584 987 μέγαν
628 917 924 969 Βασίλειον.
958 916 1018 967 EE
1067 915 1122 967 δὲ
1166 917 1403 968 αἰτιᾶται
1437 918 1527 968 τὸν
1559 915 1650 968 δύο
1682 914 1837 984 ἁίιθ-

278 1010 400 1076 μον,
437 1007 512 1068 ὼς
542 1004 851 1074 διχαστικὸν
879 1021 998 1056 τινα
1029 1006 1121 1056 καὶ
1146 1005 1494 1074 διαιρετικὸν,
1527 1007 1840 1071 γινωσκέτω

279 1098 357 1168 μὴ
386 1096 606 1164 εὔλογον
653 1092 790 1149 εἶναι
838 1097 944 1167 τὴν
981 1093 1235 1164 τοιαύτην
1271 1095 1619 1165 παραίτησιν.
1647 1095 1709 1145 Εἰ
1743 1094 1840 1160 μὲν

277 1189 406 1258 γὰρ,
431 1187 505 1249 ὡς
528 1186 622 1238 καὶ
650 1185 902 1254 ἀνωτέρω
923 1187 1156 1254 εἴρηται,
1171 1183 1336 1236 εἰπὼν
1353 1187 1380 1235 ὁ
1395 1186 1517 1254 ὅρος
1543 1183 1634 1236 δύο
1653 1183 1841 1248 φύσεις

274 1276 462 1338 ἁπλῶς
487 1278 543 1328 ἐν
577 1275 653 1344 τῷ
705 1275 923 1344 Χριστῷ
977 1273 1290 1340 γινώσκειν,
1324 1275 1418 1327 καὶ
1459 1274 1622 1342 μηδὲν
1654 1273 1840 1342 ἕτερον

276 1366 714 1437 προσεπιφέρων,
769 1366 1076 1427 ἀπεσιώπα,
1116 1365 1300 1438 χώραν
1341 1367 1468 1426 ίσως
1519 1364 1686 1416 ἐδίδου
1723 1365 1841 1423 ταῖς

274 1457 553 1519 τοιαύταις
592 1457 868 1523 ὑποψίαις,
902 1454 975 1516 ὡς
1029 1455 1208 1522 μήπου
1264 1452 1361 1521 τὴν
1407 1451 1602 1504 ἑαυτοῦ
1637 1451 1841 1503 ἔννοιαν

272 1548 490 1619 τρανῶς
508 1548 887 1617 παραστήσας,
921 1546 1066 1604 ὅπως
1089 1539 1199 1596 οἶδε
1230 1543 1328 1605 τὰς
1347 1541 1599 1604 τοιαύτας
1625 1543 1716 1595 δύο
1738 1541 1839 1607 φύ-

275 1654 394 1700 σεις
433 1636 574 1705 ἔχειν
607 1636 742 1702 πρίις
780 1634 995 1691 ἑαυτάς.
1035 1631 1166 1682 Εἰδὲ
1194 1631 1386 1696 ὲπάγει
1421 1631 1504 1691 τὸ,
1535 1628 1839 1697 ήνωμένας,

275 1729 382 1796 xa‘t
409 1726 547 1794 πρὸς
581 1723 790 1784 τούτοις
822 1722 918 1790 τὴν
959 1722 1085 1788 μίαν
1117 1719 1376 1788 κηρύττει
1407 1718 1721 1779 ὑπόστασιν,
1751 1716 1842 1766 ού-

271 1817 334 1870 δὲ
365 1815 600 1868 ὲθὲλοντί
640 1830 746 1864 τινι
803 1810 1165 1878 συκοφαντίας
1206 1809 1367 1859 τόπον
1399 1807 1713 1876 παρέχεται.
1750 1806 1844 1856 Δῖ-

1941 647 2315 711 incarnatam;
2362 662 2531 715 quare
2581 656 2767 713 postea
2813 653 3025 698 recusat
3072 643 3321 696 conﬁteri
3368 642 3505 696 duas

1941 746 2187 798 naturas,
2237 754 2400 790 unam
2440 738 2662 805 quidem
2704 737 2798 792 Dei
2833 735 3020 796 Verbi,
3056 743 3113 786 et
3140 734 3367 786 alteram
3398 733 3501 786 hu-

1941 844 2177 888 manam,
2213 845 2375 896 quam
2409 829 2522 896 ipse
2564 826 2830 879 vocabulo
2867 821 3134 877 incarnati
3181 821 3409 874 afﬁrmat
3444 835 3502 875 se

1943 917 2231 987 proﬁteri?
2274 932 2394 984 qua!
2439 917 2583 969 enim
2629 913 2938 975 conﬁtetur,
2994 919 3270 970 numeret,
3329 919 3383 961 ut
3426 908 3504 962 ait

1941 1021 2170 1074 magnus
2210 1005 2460 1056 Basilius.
2500 1003 2554 1056 Si
2593 1013 2772 1055 autem
2815 1010 3033 1054 accusat
3079 998 3353 1050 binarium
3395 1013 3502 1050 nu-
3550 1058 3554 1061 _

1943 1111 2153 1147 merum
2202 1105 2457 1161 tanquam
2519 1091 2852 1145 dividentem
2898 1099 2953 1143 et
2983 1089 3328 1157 partientem,
3369 1088 3504 1140 sciat

1941 1201 2052 1238 non
2092 1185 2441 1239 esse'rationi
2474 1191 2898 1237 consentaneum
2944 1180 3253 1249 bujusmodi
3291 1194 3505 1231 recusa-

1945 1275 2168 1328 tionem.
2205 1275 2259 1327 Si
2297 1274 2466 1332 enim,
2504 1266 2564 1324 ut
2603 1271 2859 1339 superius
2881 1269 3086 1322 dictum
3119 1276 3221 1330 est,
3252 1266 3505 1320 deﬁnitio

1942 1380 2061 1432 quae
2110 1364 2245 1418 dicit
2288 1363 2608 1432 simpliciter
2649 1361 2868 1430 agnosci
2906 1360 2960 1412 in
2989 1357 3206 1411 Christo
3241 1357 3376 1409 duas
3410 1371 3506 1407 na-

1945 1464 2116 1517 turas,
2158 1464 2212 1507 et
2247 1453 2385 1507 nihil
2436 1453 2587 1506 aliud
2617 1452 2937 1522 adiungens,
2983 1449 3241 1510 reticeat;
3275 1447 3504 1498 fortasse

1943 1546 2120 1598 locum
2164 1544 2380 1597 dederit
2431 1537 2747 1612 bnjusmodi
2776 1599 2784 1607 _
2814 1538 3242 1608 suspicionibus,
3295 1546 3353 1589 ut
3409 1535 3501 1602 qui

1943 1649 2050 1687 non
2089 1634 2250 1701 plane
2286 1634 2616 1687 sententiam
2665 1647 2818 1684 suam
2873 1628 3187 1699 protulerit,
3230 1625 3505 1694 quomodo

1945 1723 2274 1792 intelligeret
2305 1722 2371 1773 ad
2413 1738 2469 1774 se
2500 1720 2733 1773 invicem
2764 1718 2987 1772 aﬂ‘eetas
3020 1714 3332 1785 lmjusm'odi
3370 1712 3505 1764 duas

1945 1822 2185 1866 naturas.
2212 1812 2266 1866 Si
2291 1826 2420 1863 vero
2460 1810 2739 1877 adjnngat,
2770 1808 2970 1867 unitas,
2991 1817 3049 1858 et
3084 1820 3244 1857 unam
3279 1811 3503 1870 pra'ter-

271 1910 488 1960 δεικται
521 1901 613 1958 οὖν
661 1906 724 1956 ὲκ
760 1903 979 1964 παντὸς,
1024 1902 1103 1953 ὅτι
1135 1901 1328 1952 ταυτὸν
1370 1897 1696 1967 ἀμςοτέροις
1727 1899 1838 1956 τοῖς

1945 1921 2001 1956 ea
2034 1902 2349 1972 hypostasin
2423 1900 2702 1968 pradicet,
2740 1915 2805 1952 ne
2835 1897 3037 1949 volenti
3085 1895 3304 1962 quidem
3335 1893 3502 1944 ullum

270 2001 523 2068 ὁρισμοῖς
565 1994 773 2056 τούτοις
815 1993 874 2043 τὸ
905 1991 1166 2057 βούλημα,
1202 1989 1293 2040 καὶ
1321 1989 1348 2038 ὁ
1371 1988 1557 2055 ἕτερος
1601 1985 1694 2036 τοῦ
1727 1984 1839 2034 ἐτέ-

276 2104 376 2153 ρου
411 2079 801 2154 ἑρμηνευτικδς
833 2079 1031 2147 μᾶλλον
1059 2077 1151 2128 καὶ
1179 2075 1278 2126 οὐκ
1305 2073 1546 2135 ἐναντίος
1579 2071 1833 2140 ὑπάρχει.

275 2178 390 2228 Καὶ
420 2175 589 2227 ταῦτα
623 2173 723 2241 μὲν
750 2170 823 2232 ὡς
855 2170 912 2220 ὲν
943 2157 1361 2237 προεισαγωγῆς
1404 2164 1532 2215 εῖδει
1578 2161 1839 2230 λελέχθω-

437 2265 460 2276 -
1094 2265 1100 2271 .
1355 2243 1362 2270 l

272 2283 378 2320 σαν
403 2283 515 2318 νυν.

325 2435 418 2496 ’Ὃ
449 2443 492 2494 δ’
541 2435 632 2492 οὖν
661 2441 687 2491 ὁ
719 2439 875 2505 λόγος
916 2437 1142 2508 ὥρμητο
1182 2432 1567 2502 διηγήσασθαι,
1616 2432 1696 2485 ὅτι
1739 2432 1838 2499 τῆς

264 2529 618 2600 ,Ἐκκλησίας
648 2520 1063 2597 παρωσαμένης
1081 2525 1177 2586 τὰς
1207 2525 1291 2591 ἐφ’
1343 2523 1577 2591 ἑκάτερα
1610 2521 1838 2590 τροπὰς,

275 2629 450 2696 μέσην
479 2641 535 2676 τε
570 2623 662 2676 καὶ
681 2621 1051 2692 ἀληθεστάτην
1079 2616 1382 2686 τεμνούσης
1410 2616 1526 2668 ὀδόν
1550 2631 1562 2642 ·
1604 2614 1841 2682 Σευῆρός

276 2735 360 2779 τις
391 2718 455 2786 τῇ
479 2715 583 2767 τῶν
607 2716 662 2766 ὲν
695 2710 993 2779 Ἀντιοχείᾳ
1017 2707 1277 2776 προεδρίᾳ
1296 2706 1484 2758 ἑαυτὸν
1511 2703 1838 2773 είσωθήσας,

271 2806 375 2874 τὴν
407 2805 598 2873 ἑτέραν
645 2801 754 2853 τῶν
794 2798 1106 2868 ὁμομοίρων
1138 2796 1362 2858 τούτων,
1400 2796 1546 2848 τοῦτ’
1598 2796 1710 2847 ἐστι
1742 2795 1840 2865 τὴν

275 2897 420 2950 κατά
451 2897 662 2963 Μάνην,
705 2889 1079 2956 Ἀπολινάριόν
1125 2905 1183 2939 τε
1222 2889 1312 2940 καὶ
1345 2887 1611 2955 Εὐτυχέα,
1645 2888 1841 2939 διεκδι-

273 2991 394 3038 κεῖν
432 2985 712 3053 ἐπειρᾶτο,
761 2978 944 3032 κυκῶν
994 2979 1092 3043 ὅση
1139 2978 1362 3046 δύναμις
1401 2978 1547 3045 αὐτῷ
1599 2977 1696 3046 τὴν
1743 2980 1839 3045 τῆς

287 3076 614 3142 Ἐκκλησίας
638 3073 879 3140 εἰρήνην.
927 3068 1166 3129 Ἐλαθεὶς
1197 3068 1253 3120 δὲ
1291 3069 1385 3134 τῆς
1421 3067 1732 3136 Ἀντιοχέων
1765 3065 1840 3128 ὡς

1937 1995 2116 2047 locum
2149 1994 2238 2047 dat
2273 1991 2580 2045 cahnnnim.
2614 1991 3053 2054 Demonstratnm
3086 1986 3249 2053 igitur
3283 1993 3363 2037 est
3391 1999 3507 2034 om-
3559 1979 3564 1984 ’

1940 2085 2070 2136 nino
2125 2083 2380 2136 eumdem
2411 2095 2631 2135 sensum
2671 2093 2788 2131 esse
2831 2076 3119 2144 utriusque
3148 2073 3503 2134 deﬁnitionis,

1902 2219 1906 2226 .
1939 2183 1994 2227 et
2034 2173 2259 2225 alterum
2301 2188 2420 2225 esse
2466 2170 2695 2223 alterius
2725 2165 3262 2234 interpretationem,
3303 2170 3357 2214 et
3403 2162 3507 2213 mi-

1942 2264 2086 2317 nimc
2161 2262 2515 2317 contrariam.
2598 2259 2664 2312 Et
2723 2257 2837 2309 haec
2907 2257 3171 2307 hactenus
3249 2261 3504 2318 tanquam

1927 2356 1997 2424 in
2047 2354 2284 2422 speciem
2339 2348 2751 2420 prxeparationis
2787 2346 2931 2398 dicta
2981 2346 3091 2397 sint
3142 2358 3310 2394 nunc.

2009 2441 2162 2507 Quod
2190 2452 2371 2494 autem
2403 2453 2675 2506 coeperam
2703 2449 2998 2502 exponere,
3039 2431 3503 2501 quemadmodum

1942 2533 2182 2586 Ecclesia
2221 2531 2462 2599 explosis
2491 2525 2934 2581 abcrrationibus
2963 2526 3015 2577 in
3061 2533 3349 2590 utramque
3383 2539 3506 2591 par-

1942 2633 2050 2677 tem
2100 2624 2242 2676 inter
2291 2637 2349 2675 se
2411 2619 2855 2676 dissentientium
2885 2657 2898 2680 ,
2957 2615 3136 2668 media
3187 2613 3272 2666 via
3330 2630 3506 2681 eaque

1942 2711 2248 2766 rectiSsinia
2291 2709 2667 2780 ingrediatur;
2699 2705 2960 2780 \Sevcrus
3004 2705 3248 2774 quidam,
3295 2705 3388 2772 qui
3446 2721 3504 2758 se

1942 2805 1996 2856 in
2015 2803 2390 2870 episcopatum
2418 2800 2672 2853 Ecclesiae
2699 2787 3086 2851 Antiochensis
3109 2795 3313 2857 intulit,
3344 2795 3505 2846 aliam

1940 2911 2102 2963 quam
2152 2894 2394 2962 ipsorum
2424 2892 2692 2944 sodalium
2735 2897 2958 2952 sectam,
3003 2888 3052 2940 id
3089 2897 3192 2951 est,
3229 2887 3508 2939 Maniebzei

1940 2997 1995 3041 et
2042 2987 2364 3054 Apollinarii
2407 2993 2464 3038 et
2516 2976 2851 3052 Eutychetis,
2892 2980 3187 3032 defendere
3225 2993 3510 3046 aggressus

1941 3088 2043 3142 est,
2071 3077 2316 3141 turbans,
2346 3076 2521 3146 quoad
2547 3073 2744 3143 potuit,
2771 3087 2958 3142 pacem
2990 3071 3262 3123 Ecclesim.
3292 3071 3510 3137 Eiet-tus

275 3163 583 3229 στασιώδης
631 3161 722 3212 καὶ
763 3157 1048 3228 ταραξίας,
1097 3161 1163 3228 τῇ
1217 3157 1605 3226 Ἀλεξκνδρὲων
1644 3156 1841 3224 κουφό-

1945 3185 2078 3221 vero
2123 3169 2191 3222 ab
2238 3165 2707 3221 Antiochensibus
2737 3173 2994 3230 tanquam
3035 3161 3293 3212 factiosus
3319 3170 3373 3212 et
3402 3169 3513 3209 tur-

282 3271 404 3323 τητι
444 3251 703 3312 λαίλαπος
737 3249 829 3301 καὶ
871 3247 1100 3316 θυέλλης
1141 3248 1294 3316 δίκην
1326 3247 1646 3314 ἐνέσκηψεν.
1678 3247 1844 3299 Ἔνθα

1949 3259 2228 3320 bulentus,
2271 3256 2433 3310 irruit
2471 3256 2642 3309 instar
2673 3253 2925 3322 procella:
2963 3259 3018 3303 et
3064 3248 3296 3302 turbinis
3342 3248 3394 3298 in
3437 3248 3512 3299 le-

279 3345 374 3396 καὶ
398 3343 587 3412 ἑτέρας
623 3338 932 3404 καταιγίδος
958 3339 1392 3404 ἀντιπνευσάσης
1420 3337 1586 3405 αὐτῷ,
1623 3338 1842 3404 ἡμερώ-

1948 3351 2170 3400 vitatem
2209 3346 2699 3398 Alexandrinorum
2729 3383 2742 3404 ,
2789 3342 2882 3394 ubi
2925 3341 3026 3392 alia
3059 3345 3382 3406 tempestate
3425 3352 3510 3389 re-

284 3448 434 3499 εερος
475 3429 574 3496 μὲν
598 3428 690 3479 καὶ
713 3421 874 3494 ἦττον
897 3424 1138 3492 ζαλώδης
1175 3424 1248 3491 (ω
1279 3425 1441 3486 αὐτὸς
1470 3424 1664 3476 ἑαυτοῦ
1693 3426 1838 3490 γίνε-

279 3541 372 3575 ται
394 3537 408 3550 ο
453 3523 504 3576 οι
530 3519 586 3570 δὲ
620 3519 714 3570 ὑπ’
747 3515 915 3569 αὑτοῦ
948 3516 1394 3584 κλυδωνιζόμενοι
1428 3517 1520 3568 καὶ
1552 3518 1846 3586 περιφερό-

281 3628 456 3682 μενοι,
504 3607 878 3675 διεσπάρησαν
923 3607 1015 3659 ἀπ⁶
1055 3605 1324 3673 ἀλλήλων,
1375 3608 1469 3658 καὶ
1514 3607 1845 3677 διῃρέθησαν

277 3704 539 3774 χειρόνως
577 3702 610 3771 ἢ
655 3701 936 3770 πρότερον.
984 3699 1304 3751 Διεσκέδασε
1333 3700 1441 3768 γὰρ
1482 3700 1680 3760 αὐτοὺς
1721 3700 1845 3750 ἰου-

281 3793 484 3856 λιανδς,
521 3791 804 3859 ἐπίχαρμα
835 3789 943 3840 τῶν
977 3788 1184 3858 ἐχθρῶν
1215 3788 1402 3851 αὑτοῦ,
1437 3788 1618 3850 καθὼς
1646 3790 1845 3858 γέγρα-

283 3902 434 3937 πται.
489 3882 776 3942 Ἰουλιανὸς
814 3881 870 3933 δὲ
912 3873 1065 3940 οὗτος
1131 3879 1561 3946 Ἀλικαρνασσοῦ
1617 3881 1713 3947 μὲν
1749 3881 1868 3947 τῆς,

296 3969 481 4030 Ἀσίας
509 3967 805 4028 ἐπίσκοπος
834 3963 920 4036 ἦν,
951 3969 1050 4034 τῆς
1087 3967 1142 4018 δὲ
1166 3968 1505 4036 Εὐτυχιανῆς
1538 3969 1845 4038 συμμορίας

284 4060 698 4132 προαγωνιστὴς
723 4059 1112 4128 ὲκθυμότατος,
1155 4059 1393 4128 Σευήρου
1442 4077 1500 4110 τε
1540 4061 1608 4112 τὰ
1656 4061 1846 4126 πρῶτα

286 4152 522 4223 συνήθης
555 4152 647 4204 καὶ
679 4151 852 4218 φίλος.
891 4151 1388 4221 συγκεκροτημένοι
1421 4168 1478 4202 τε
1510 4152 1677 4220 ἄμφω
1704 4153 1845 4204 κατὰ

280 4243 383 4312 τῆς
415 4241 707 4310 ἀληθείαςο
771 4240 998 4308 ὕστερον
1042 4240 1097 4292 δὲ
1157 4241 1488 4309 ἐμπεσόντος
1534 4243 1715 4304 αὐτοῖς
1751 4244 1845 4294 τοῦ

283 4333 529 4388 τοιούτου
558 4332 894 4400 ζητήματος,
928 4331 1158 4400 πότερον
1202 4331 1440 4398 φθαρτὸν
1478 4331 1638 4399 φύσει
1668 4332 1848 4398 λέγειν

283 4426 346 4478 τὸ
394 4424 551 4492 σῶμα
593 4422 687 4472 τοῦ
737 4422 940 4489 Κυρίου
987 4423 1136 4485 ποτὲ,
1185 4421 1216 4490 ἦ
1265 4423 1383 4474 ούδὲ
1434 4441 1597 4488 ποτε,
1636 4424 1750 4479 ἀλλ’
1791 4424 1848 4486 ἐξ

1948 3437 2112 3490 flante
2155 3436 2493 3488 mansuetior
2531 3445 2588 3487 et
2626 3433 2806 3485 minus
2865 3431 3125 3482 turbidus
3168 3429 3344 3480 factus
3387 3434 3507 3485 est;

1947 3523 2041 3594 qui
2087 3534 2269 3578 autem
2304 3525 2372 3576 al)
2418 3539 2484 3576 eo
2531 3523 2752 3574 fuerant
2780 3519 3039 3572 fluctibus
3084 3518 3270 3585 jactati
3312 3526 3365 3568 et
3400 3517 3510 3567 cir~

1947 3615 2202 3674 cumacti,
2237 3631 2265 3667 a
2297 3631 2353 3666 se
2380 3613 2511 3681 ipsis
2538 3612 2758 3665 fuerunt
2797 3608 3043 3669 dissecti,
3077 3617 3131 3658 et
3161 3607 3322 3658 divisi
3359 3607 3512 3674 pejus

1947 3723 2108 3774 qnam
2163 3715 2342 3757 antea.
2400 3701 2668 3772 Dispersit
2715 3701 2862 3766 enim
2914 3715 3008 3752 eos
3058 3697 3328 3755 Julianus.
3370 3697 3512 3748 risus

1951 3795 2296 3850 inimieOrnm
2349 3807 2598 3853 suorum,
2647 3798 2706 3844 ut
2751 3790 3015 3857 scriptum
3072 3797 3175 3840 est.
3233 3787 3362 3839 Erat
3426 3787 3513 3839 hic

1947 3886 2196 3940 Julianus
2226 3885 2514 3952 episcopus
2561 3879 2927 3934 Ilalicarnassi
2977 3879 3030 3930 in
3061 3878 3208 3937 Asia,
3255 3876 3512 3928 defensor

1949 3975 2367 4029 ardentissimus
2411 3982 2571 4026 secta:
2619 3968 2960 4038 Eutychetis,
3030 3966 3186 4019 initio
3232 3965 3514 4018 familiaris

1948 4079 2003 4122 et
2051 4069 2263 4122 amicus
2316 4066 2503 4120 Severi
2550 4083 2561 4116 :
2600 4064 2762 4118 ambo
2793 4062 2940 4116 enim
2988 4069 3176 4114 contra
3228 4060 3514 4112 veritatem

1949 4160 2429 4229 conspiraverant,
2481 4165 2667 4225 postea
2718 4170 2850 4208 vero
2912 4153 3178 4206 dissidere
3230 4159 3516 4217 emperunt

1949 4261 2067 4306 orla
2095 4253 2238 4305 inter
2265 4266 2358 4303 eos
2390 4249 2810 4317 disceptatione,
2842 4254 3022 4297 utrum
3051 4243 3343 4294 dicendum
3371 4249 3516 4292 esset

1949 4359 2148 4412 corpus
2190 4327 2393 4394 Christi
2445 4350 2638 4392 natura
2696 4334 2992 4403 aiiquando
3040 4331 3395 4398 corruptibile
3445 4347 3513 4382 an

1948 4448 2248 4500 nunquam,
2302 4431 2392 4484 sed
2457 4431 2640 4498 potius
2695 4427 2763 4480 ab
2813 4427 2928 4493 ipsa
2988 4423 3187 4476 unione
3245 4422 3512 4473 sublatam

291 4513 452 4580 αὐτῆς
514 4515 612 4581 τῆς
683 4509 925 4573 ἐνώσεως
983 4512 1362 4579 ἀπαρνηθῆναι
1436 4514 1532 4581 τῆς
1600 4514 1842 4582 φθαρτῆς

1947 4538 2066 4576 esse
2117 4521 2507 4589 proprietatem
2562 4526 2773 4570 naturzc
2819 4513 3216 4582 corruptibilis,
3259 4503 3514 4578 tanquam

285 4601 500 4670 φύσεως
529 4601 589 4651 τὸ
619 4599 810 4668 ἰδίωμα
836 4640 849 4662 ,
907 4599 984 4661 ὡς
1011 4603 1138 4668 μιᾶς
1168 4602 1384 4668 φύσεως
1408 4605 1704 4671 γινομένων
1737 4604 1842 4655 τῶν

285 4695 400 4755 δύο,
465 4694 558 4746 καὶ
613 4694 710 4760 τῆς
765 4691 1054 4753 ούσιὼδους
1097 4692 1358 4759 διαφορᾶς
1405 4694 1604 4760 ἀμφοῖν
1648 4695 1846 4764 μηκέτι

286 4783 714 4854 γινωσκομένης,
762 4781 860 4834 τοῦ
896 4783 952 4834 δὲ
990 4781 1298 4850 κρείττονός
1329 4800 1386 4834 τε
1414 4785 1506 4836 καὶ
1535 4784 1677 4836 θείου
1715 4787 1848 4854 μᾶλρ

286 4877 376 4928 λόν
416 4891 530 4934 πως
563 4873 946 4941 ὲκνικήσαντος
973 4872 1089 4941 ἅμα
1117 4875 1183 4942 τῇ
1219 4872 1406 4942 πρώτῃ
1435 4858 1728 4942 συναφείαξ
1757 4877 1848 4928 καὶ

289 4965 424 5034 πρὸς
464 4963 524 5015 τδ
570 4964 764 5014 ἑαυτοῦ
812 4964 1007 5031 ἰδίωμα
1047 4963 1108 5016 τὸ
1134 4959 1294 5034 ἧττον
1333 4964 1391 5018 ἐν
1426 4965 1622 5035 ἀκαρεῖ
1643 4965 1847 5034 μεθαρ-

291 5055 557 5124 μόσαντος
579 5055 676 5122 τῆς
692 5054 811 5106 κατ’
840 5053 972 5106 αὐτὸ
995 5053 1231 5123 φυσικῆς
1260 5054 1539 5125 ἰδιότητος.
1571 5056 1762 5108 Κοινὸν
1793 5057 1849 5108 δὲ

289 5147 616 5217 ἀμφοτέροις
649 5145 919 5214 Ἰουλιανῷ
943 5149 1036 5199 καὶ
1059 5149 1279 5217 Σευήρῳ
1300 5149 1447 5200 τουτί
1472 5148 1531 5200 τὸ
1550 5149 1728 5216 ἀπόρη
1737 5165 1811 5214 μα
1831 5163 1845 5176 ο

290 5238 458 5306 ἄμφω
512 5235 622 5305 γὰρ
671 5237 769 5305 τῆς
811 5237 1142 5303 συγχυτικῆς
1192 5239 1534 5304 προεμάχουν
1582 5235 1846 5298 ἑνώσεως.

795 5344 948 5421 Δρξα
1001 5345 1340 5398 Ἰουλιανοῦ.

372 5456 658 5518 Ἰουλιανὸς
695 5454 827 5522 γοῦν
852 5454 1028 5518 καλῶς
1052 5458 1299 5524 ποι·.ἰτειν
1327 5454 1541 5523 διέγνω,
1568 5459 1616 5509 εί
1646 5460 1838 5512 παντα-

292 5564 454 5603 πασιν
480 5545 537 5609 ἐξ
564 5545 806 5596 ἀπόπτου
848 5546 1073 5615 χωρήσῃ
1109 5546 1249 5600 κατά
1278 5545 1374 5615 τῆς
1416 5545 1690 5616 ἀληθείας,
1753 5551 1846 5601 καὶ

293 5637 371 5708 μὴ
396 5635 574 5705 ἑαυτῷ
602 5652 658 5688 τε
680 5635 772 5688 καὶ
800 5634 971 5706 ταύτῃ
1002 5651 1070 5687 πο
1173 5651 1257 5712 ρς
1351 5637 1442 5688 καὶ
1471 5638 1804 5708 ἀνάρμοστος
1831 5658 1842 5670 ·

1949 4609 2069 4661 duae
2108 4616 2317 4661 natura:
2361 4606 2728 4659 fact:e‘essent
2773 4619 2899 4664 una,
2945 4612 3001 4655 et
3047 4600 3351 4652 differentia
3384 4598 3516 4650 sub-

1952 4700 2222 4752 stantialis
2273 4707 2484 4751 natura:
2531 4712 2638 4750 non
2689 4696 2924 4764 amplius
2968 4699 3313 4753 nosceretur,
3361 4689 3515 4757 quasi

1953 4787 2148 4839 melior
2177 4801 2323 4854 pars,
2357 4785 2408 4837 id
2463 4792 2545 4837 est
2575 4784 2780 4844 divina,
2818 4781 2976 4833 simul
3014 4796 3134 4833 cum
3174 4780 3288 4846 ipsa
3316 4778 3516 4831 unione

1952 4877 2195 4940 vicisset,
2237 4885 2293 4930 et
2327 4876 2392 4929 ad
2425 4891 2576 4930 suam
2623 4872 3015 4942 proprietatem
3053 4870 3106 4922 in
3148 4879 3348 4937 puncto
3382 4879 3511 4920 tem-

1955 4965 2106 5033 poris
2139 4965 2404 5018 minorem
2434 4972 2642 5032 partem
2673 4979 2702 5015 a
2749 4962 2985 5015 naturali
3019 4962 3138 5029 ejus
3182 4959 3517 5028 proprietate

1956 5055 2345 5108 transtulisset.
2386 5054 2705 5108 Communis
2743 5063 2924 5106 autem
2975 5053 3283 5113 amborum,
3315 5051 3514 5104 Juliani

1953 5146 2163 5199 scilicet
2211 5155 2268 5199 ct
2317 5145 2542 5207 Severi,
2609 5145 2726 5198 bwc
2786 5143 3056 5197 dubitatio
3116 5153 3172 5197 et
3237 5143 3513 5210 quzcstio;

1953 5237 2114 5291 ambo
2157 5237 2304 5291 enim
2349 5237 2608 5290 unionem
2650 5234 3075 5289 confundentcm
3126 5232 3513 5288 defendebant.

2283 5348 2470 5418 Opinio
2497 5346 2705 5402 Iuliani
2752 5347 3151 5402 Ilalicarnassei

2021 5462 2271 5518 Julianus
2304 5462 2469 5531 igitur
2495 5461 2722 5530 pulchre
2753 5474 2812 5514 se
2846 5461 3116 5514 facturum
3151 5440 3431 5526 cogitavit,
3468 5459 3515 5515 si

1953 5551 2168 5604 occulte
2206 5557 2263 5604 et
2293 5549 2554 5603 insidiose
2607 5557 2794 5602 contra
2826 5548 3109 5602 veritatem
3143 5547 3360 5615 penitus
3390 5563 3510 5616 pro.

1951 5643 2189 5704 ccdcre’t,
2239 5649 2428 5693 etnon
2460 5638 2736 5692 videretur
2786 5637 2890 5691 sibi
2934 5637 3243 5690 contrarius
3268 5649 3325 5690 et
3367 5653 3398 5692 a
3428 5652 3516 5691 re—

361 5762 610 5861 (ιη-[ται.
659 5764 793 5818 Mor.
851 5765 954 5836 leg.
991 5780 1057 5819 ex
1105 5765 1224 5822 coal.
1278 5783 1376 5822 ms.
1441 5771 1499 5824 Ρ.
1558 5771 1634 5825 St.
1684 5767 2076 5841 amantes”
2108 5774 2289 5826 mitior
2320 5781 2373 5826 et
2409 5773 2587 5826 minus
2623 5771 2967 5827 turbulentus
2991 5762 3150 5840 quam
3177 5785 3354 5827 antea.
