  <div class='ocr_page' id='page_1' title='image "/cluster/home/n/w/nwhite01/storage/ocr_20150623/91/pst.000005712977/789.png"; bbox 0 0 4030 6338; ppageno 0'>
   <div class='ocr_carea' id='block_1_1' title="bbox 528 380 663 445">
    <p class='ocr_par' dir='ltr' id='par_1_1' title="bbox 528 380 663 445">
     <span class='ocr_line' id='line_1_1' title="bbox 528 380 663 445; baseline 0.022 -2"><span class='ocrx_word' id='word_1_1' title='bbox 528 380 663 445; x_wconf 69' lang='lat' dir='ltr'><strong>tm</strong></span> 
     </span>
    </p>
   </div>
   <div class='ocr_carea' id='block_1_2' title="bbox 1646 373 2598 463">
    <p class='ocr_par' dir='ltr' id='par_1_2' title="bbox 1646 373 2598 463">
     <span class='ocr_line' id='line_1_2' title="bbox 1646 373 2598 463; baseline 0.005 -5"><span class='ocrx_word' id='word_1_2' title='bbox 1646 373 2038 461; x_wconf 74' lang='lat' dir='ltr'><strong>THEODORI</strong></span> <span class='ocrx_word' id='word_1_3' title='bbox 2078 399 2598 463; x_wconf 71' lang='grc' dir='ltr'>ιιΗΑιτυΕΝειε</span> 
     </span>
    </p>
   </div>
   <div class='ocr_carea' id='block_1_3' title="bbox 3617 398 3754 465">
    <p class='ocr_par' dir='ltr' id='par_1_3' title="bbox 3617 398 3754 465">
     <span class='ocr_line' id='line_1_3' title="bbox 3617 398 3754 465; baseline 0.015 -2"><span class='ocrx_word' id='word_1_4' title='bbox 3617 398 3754 465; x_wconf 69' lang='lat' dir='ltr'><strong>tam</strong></span> 
     </span>
    </p>
   </div>
   <div class='ocr_carea' id='block_1_4' title="bbox 482 484 2069 580">
    <p class='ocr_par' dir='ltr' id='par_1_4' title="bbox 482 488 2062 575">
     <span class='ocr_line' id='line_1_4' title="bbox 482 488 2062 575; baseline 0.012 -34"><span class='ocrx_word' id='word_1_5' title='bbox 482 518 485 521; x_wconf 59' lang='grc'>‹</span> <span class='ocrx_word' id='word_1_6' title='bbox 522 494 686 544; x_wconf 72' lang='lat' dir='ltr'><strong>ritate</strong></span> <span class='ocrx_word' id='word_1_7' title='bbox 708 488 1037 562; x_wconf 75' lang='lat' dir='ltr'><strong>discrepare.</strong></span> <span class='ocrx_word' id='word_1_8' title='bbox 1062 496 1407 555; x_wconf 86' lang='lat' dir='ltr'><strong>Existimavit</strong></span> <span class='ocrx_word' id='word_1_9' title='bbox 1431 517 1560 575; x_wconf 73' lang='lat' dir='ltr'><strong>ergo</strong></span> <span class='ocrx_word' id='word_1_10' title='bbox 1580 521 1923 575; x_wconf 89' lang='lat' dir='ltr'><strong>consequens</strong></span> <span class='ocrx_word' id='word_1_11' title='bbox 1942 522 2062 560; x_wconf 87' lang='lat' dir='ltr'><strong>esse</strong></span> 
     </span>
    </p>
   </div>
   <div class='ocr_carea' id='block_1_5' title="bbox 2169 484 3750 580">
    <p class='ocr_par' dir='ltr' id='par_1_5' title="bbox 2184 484 3750 580">
     <span class='ocr_line' id='line_1_5' title="bbox 2184 484 3750 580; baseline 0.003 -23"><span class='ocrx_word' id='word_1_12' title='bbox 2184 506 2476 559; x_wconf 88' lang='grc' dir='ltr'>ἀκόλουθον</span> <span class='ocrx_word' id='word_1_13' title='bbox 2522 484 2686 562; x_wconf 40' lang='grc' dir='ltr'>εἶναι.</span> <span class='ocrx_word' id='word_1_14' title='bbox 2714 510 2941 578; x_wconf 84' lang='grc' dir='ltr'>νομίσας</span> <span class='ocrx_word' id='word_1_15' title='bbox 3012 510 3089 580; x_wconf 82' lang='grc' dir='ltr'>τῷ</span> <span class='ocrx_word' id='word_1_16' title='bbox 3136 510 3372 577; x_wconf 67' lang='grc' dir='ltr'>λέγοντι,</span> <span class='ocrx_word' id='word_1_17' title='bbox 3400 513 3530 579; x_wconf 86' lang='grc' dir='ltr'>μίαν</span> <span class='ocrx_word' id='word_1_18' title='bbox 3567 513 3750 580; x_wconf 79' lang='grc' dir='ltr'>φύσιν,</span> 
     </span>
    </p>
   </div>
   <div class='ocr_carea' id='block_1_6' title="bbox 523 580 2083 658">
    <p class='ocr_par' dir='ltr' id='par_1_6' title="bbox 523 580 2083 658">
     <span class='ocr_line' id='line_1_6' title="bbox 523 580 2083 658; baseline 0.015 -28"><span class='ocrx_word' id='word_1_19' title='bbox 523 586 585 631; x_wconf 81' lang='lat' dir='ltr'><strong>ut</strong></span> <span class='ocrx_word' id='word_1_20' title='bbox 630 580 726 649; x_wconf 85' lang='lat' dir='ltr'><strong>qui</strong></span> <span class='ocrx_word' id='word_1_21' title='bbox 783 598 945 637; x_wconf 86' lang='lat' dir='ltr'><strong>unam</strong></span> <span class='ocrx_word' id='word_1_22' title='bbox 995 597 1249 643; x_wconf 87' lang='lat' dir='ltr'><strong>naturam</strong></span> <span class='ocrx_word' id='word_1_23' title='bbox 1285 592 1515 658; x_wconf 81' lang='lat' dir='ltr'><strong>diceret,</strong></span> <span class='ocrx_word' id='word_1_24' title='bbox 1557 610 1668 650; x_wconf 88' lang='lat' dir='ltr'><strong>non</strong></span> <span class='ocrx_word' id='word_1_25' title='bbox 1713 596 1919 652; x_wconf 77' lang='lat' dir='ltr'><strong>faceret</strong></span> <span class='ocrx_word' id='word_1_26' title='bbox 1963 614 2083 653; x_wconf 89' lang='lat' dir='ltr'><strong>eam</strong></span> 
     </span>
    </p>
   </div>
   <div class='ocr_carea' id='block_1_7' title="bbox 465 661 2084 759">
    <p class='ocr_par' dir='ltr' id='par_1_7' title="bbox 465 661 2084 759">
     <span class='ocr_line' id='line_1_7' title="bbox 465 661 2084 759; baseline 0.016 -39"><span class='ocrx_word' id='word_1_27' title='bbox 465 661 471 667; x_wconf 79' lang='grc'><em>’</em></span> <span class='ocrx_word' id='word_1_28' title='bbox 519 673 851 727; x_wconf 80' lang='lat' dir='ltr'><strong>contrariam</strong></span> <span class='ocrx_word' id='word_1_29' title='bbox 884 676 990 731; x_wconf 85' lang='lat' dir='ltr'><strong>sibi</strong></span> <span class='ocrx_word' id='word_1_30' title='bbox 1016 686 1072 732; x_wconf 88' lang='lat' dir='ltr'><strong>et</strong></span> <span class='ocrx_word' id='word_1_31' title='bbox 1089 696 1139 734; x_wconf 82' lang='lat' dir='ltr'><strong>-a</strong></span> <span class='ocrx_word' id='word_1_32' title='bbox 1174 697 1233 735; x_wconf 87' lang='lat' dir='ltr'><strong>se</strong></span> <span class='ocrx_word' id='word_1_33' title='bbox 1271 683 1705 753; x_wconf 81' lang='lat' dir='ltr'><strong>discrepantem;</strong></span> <span class='ocrx_word' id='word_1_34' title='bbox 1741 692 1955 759; x_wconf 86' lang='lat' dir='ltr'><strong>sublata</strong></span> <span class='ocrx_word' id='word_1_35' title='bbox 1984 707 2084 745; x_wconf 91' lang='lat' dir='ltr'><strong>au-</strong></span> 
     </span>
    </p>
   </div>
   <div class='ocr_carea' id='block_1_8' title="bbox 523 761 2081 847">
    <p class='ocr_par' dir='ltr' id='par_1_8' title="bbox 523 761 2081 847">
     <span class='ocr_line' id='line_1_8' title="bbox 523 761 2081 847; baseline 0.017 -37"><span class='ocrx_word' id='word_1_36' title='bbox 523 763 631 811; x_wconf 90' lang='lat' dir='ltr'><strong>tem</strong></span> <span class='ocrx_word' id='word_1_37' title='bbox 653 761 1020 831; x_wconf 79' lang='lat' dir='ltr'><strong>discrepantia</strong></span> <span class='ocrx_word' id='word_1_38' title='bbox 1044 808 1058 830; x_wconf 91' lang='lat'><strong>,</strong></span> <span class='ocrx_word' id='word_1_39' title='bbox 1077 771 1412 837; x_wconf 77' lang='lat' dir='ltr'><strong>sequebatur</strong></span> <span class='ocrx_word' id='word_1_40' title='bbox 1430 776 1601 846; x_wconf 79' lang='lat' dir='ltr'><strong>magis</strong></span> <span class='ocrx_word' id='word_1_41' title='bbox 1629 778 1856 847; x_wconf 90' lang='lat' dir='ltr'><strong>impium</strong></span> <span class='ocrx_word' id='word_1_42' title='bbox 1875 797 2019 842; x_wconf 88' lang='lat' dir='ltr'><strong>esse,</strong></span> <span class='ocrx_word' id='word_1_43' title='bbox 2036 785 2081 837; x_wconf 85' lang='lat' dir='ltr'><strong>si</strong></span> 
     </span>
    </p>
   </div>
   <div class='ocr_carea' id='block_1_9' title="bbox 522 846 2082 941">
    <p class='ocr_par' dir='ltr' id='par_1_9' title="bbox 522 846 2082 941">
     <span class='ocr_line' id='line_1_9' title="bbox 522 846 2082 941; baseline 0.019 -42"><span class='ocrx_word' id='word_1_44' title='bbox 522 846 979 919; x_wconf 83' lang='lat' dir='ltr'><strong>diceretur,un</strong></span> <span class='ocrx_word' id='word_1_45' title='bbox 1001 856 1246 921; x_wconf 82' lang='lat' dir='ltr'><strong>deterius</strong></span> <span class='ocrx_word' id='word_1_46' title='bbox 1264 870 1368 926; x_wconf 91' lang='lat' dir='ltr'><strong>est,</strong></span> <span class='ocrx_word' id='word_1_47' title='bbox 1384 866 1600 933; x_wconf 74' lang='lat' dir='ltr'><strong>aggredi</strong></span> <span class='ocrx_word' id='word_1_48' title='bbox 1627 868 1694 921; x_wconf 91' lang='lat' dir='ltr'><strong>ad</strong></span> <span class='ocrx_word' id='word_1_49' title='bbox 1710 846 2082 941; x_wconf 72' lang='lat' dir='ltr'><strong>pnestatitius,</strong></span> 
     </span>
    </p>
   </div>
   <div class='ocr_carea' id='block_1_10' title="bbox 525 936 2084 1021">
    <p class='ocr_par' dir='ltr' id='par_1_10' title="bbox 525 936 2084 1021">
     <span class='ocr_line' id='line_1_10' title="bbox 525 936 2084 1021; baseline 0.021 -33"><span class='ocrx_word' id='word_1_50' title='bbox 525 936 576 989; x_wconf 90' lang='lat' dir='ltr'><strong>id</strong></span> <span class='ocrx_word' id='word_1_51' title='bbox 592 949 697 1001; x_wconf 82' lang='lat' dir='ltr'><strong>est,</strong></span> <span class='ocrx_word' id='word_1_52' title='bbox 714 944 1073 1011; x_wconf 88' lang='lat' dir='ltr'><strong>corruptibile</strong></span> <span class='ocrx_word' id='word_1_53' title='bbox 1088 947 1155 1001; x_wconf 85' lang='lat' dir='ltr'><strong>ad</strong></span> <span class='ocrx_word' id='word_1_54' title='bbox 1174 950 1602 1021; x_wconf 89' lang='lat' dir='ltr'><strong>ineorruptibile.</strong></span> <span class='ocrx_word' id='word_1_55' title='bbox 1619 936 1743 1013; x_wconf 66' lang='lat' dir='ltr'><strong>Haec</strong></span> <span class='ocrx_word' id='word_1_56' title='bbox 1757 976 1880 1015; x_wconf 89' lang='lat' dir='ltr'><strong>cum</strong></span> <span class='ocrx_word' id='word_1_57' title='bbox 1900 964 1980 1018; x_wconf 90' lang='lat' dir='ltr'><strong>sic</strong></span> 
     </span>
    </p>
   </div>
   <div class='ocr_carea' id='block_1_11' title="bbox 520 1030 2079 1108">
    <p class='ocr_par' dir='ltr' id='par_1_11' title="bbox 520 1030 2079 1108">
     <span class='ocr_line' id='line_1_11' title="bbox 520 1030 2079 1108; baseline 0.019 -30"><span class='ocrx_word' id='word_1_58' title='bbox 520 1039 645 1079; x_wconf 91' lang='lat' dir='ltr'><strong>eum</strong></span> <span class='ocrx_word' id='word_1_59' title='bbox 664 1030 1022 1088; x_wconf 85' lang='lat' dir='ltr'><strong>ratiocinatus</strong></span> <span class='ocrx_word' id='word_1_60' title='bbox 1036 1046 1203 1103; x_wconf 90' lang='lat' dir='ltr'><strong>esset,</strong></span> <span class='ocrx_word' id='word_1_61' title='bbox 1220 1049 1277 1094; x_wconf 90' lang='lat' dir='ltr'><strong>et</strong></span> <span class='ocrx_word' id='word_1_62' title='bbox 1293 1042 1429 1097; x_wconf 88' lang='lat' dir='ltr'><strong>nihil</strong></span> <span class='ocrx_word' id='word_1_63' title='bbox 1451 1044 1600 1099; x_wconf 86' lang='lat' dir='ltr'><strong>aliud</strong></span> <span class='ocrx_word' id='word_1_64' title='bbox 1617 1047 1724 1102; x_wconf 84' lang='lat' dir='ltr'><strong>sibi</strong></span> <span class='ocrx_word' id='word_1_65' title='bbox 1742 1054 2079 1108; x_wconf 88' lang='lat' dir='ltr'><strong>contrarium</strong></span> 
     </span>
    </p>
   </div>
   <div class='ocr_carea' id='block_1_12' title="bbox 516 1117 2082 1204">
    <p class='ocr_par' dir='ltr' id='par_1_12' title="bbox 516 1117 2082 1204">
     <span class='ocr_line' id='line_1_12' title="bbox 516 1117 2082 1204; baseline 0.019 -35"><span class='ocrx_word' id='word_1_66' title='bbox 516 1117 891 1185; x_wconf 68' lang='lat' dir='ltr'><strong>praavidisset,</strong></span> <span class='ocrx_word' id='word_1_67' title='bbox 949 1123 1423 1197; x_wconf 88' lang='lat' dir='ltr'><strong>incorruptibilem</strong></span> <span class='ocrx_word' id='word_1_68' title='bbox 1480 1149 1699 1204; x_wconf 83' lang='lat' dir='ltr'><strong>semper</strong></span> <span class='ocrx_word' id='word_1_69' title='bbox 1748 1149 1805 1193; x_wconf 92' lang='lat' dir='ltr'><strong>et</strong></span> <span class='ocrx_word' id='word_1_70' title='bbox 1858 1145 2082 1199; x_wconf 90' lang='lat' dir='ltr'><strong>omnino</strong></span> 
     </span>
    </p>
   </div>
   <div class='ocr_carea' id='block_1_13' title="bbox 517 1202 2081 1291">
    <p class='ocr_par' dir='ltr' id='par_1_13' title="bbox 517 1202 2081 1291">
     <span class='ocr_line' id='line_1_13' title="bbox 517 1202 2081 1291; baseline 0.021 -36"><span class='ocrx_word' id='word_1_71' title='bbox 517 1202 733 1279; x_wconf 86' lang='lat' dir='ltr'><strong>Domini</strong></span> <span class='ocrx_word' id='word_1_72' title='bbox 778 1223 1002 1265; x_wconf 89' lang='lat' dir='ltr'><strong>carnem</strong></span> <span class='ocrx_word' id='word_1_73' title='bbox 1052 1215 1341 1285; x_wconf 90' lang='lat' dir='ltr'><strong>imperiose</strong></span> <span class='ocrx_word' id='word_1_74' title='bbox 1370 1212 1790 1291; x_wconf 80' lang='lat' dir='ltr'><strong>pronuntiavit.</strong></span> <span class='ocrx_word' id='word_1_75' title='bbox 1844 1230 2081 1289; x_wconf 86' lang='lat' dir='ltr'><strong>Severus</strong></span> 
     </span>
    </p>
   </div>
   <div class='ocr_carea' id='block_1_14' title="bbox 512 1392 2079 1485">
    <p class='ocr_par' dir='ltr' id='par_1_14' title="bbox 512 1392 2079 1485">
     <span class='ocr_line' id='line_1_14' title="bbox 512 1392 2079 1485; baseline 0.022 -46"><span class='ocrx_word' id='word_1_76' title='bbox 512 1392 953 1449; x_wconf 84' lang='lat' dir='ltr'><strong>commistionem</strong></span> <span class='ocrx_word' id='word_1_77' title='bbox 978 1409 1297 1457; x_wconf 82' lang='lat' dir='ltr'><strong>naturarum</strong></span> <span class='ocrx_word' id='word_1_78' title='bbox 1326 1406 1485 1481; x_wconf 82' lang='lat' dir='ltr'><strong>plane</strong></span> <span class='ocrx_word' id='word_1_79' title='bbox 1515 1410 1868 1480; x_wconf 89' lang='lat' dir='ltr'><strong>inducerent;</strong></span> <span class='ocrx_word' id='word_1_80' title='bbox 1901 1432 2079 1485; x_wconf 82' lang='lat' dir='ltr'><strong>neque</strong></span> 
     </span>
    </p>
   </div>
   <div class='ocr_carea' id='block_1_15' title="bbox 511 1483 2081 1575">
    <p class='ocr_par' dir='ltr' id='par_1_15' title="bbox 511 1483 2081 1575">
     <span class='ocr_line' id='line_1_15' title="bbox 511 1483 2081 1575; baseline 0.021 -46"><span class='ocrx_word' id='word_1_81' title='bbox 511 1483 693 1533; x_wconf 88' lang='lat' dir='ltr'><strong>tamen</strong></span> <span class='ocrx_word' id='word_1_82' title='bbox 741 1497 931 1549; x_wconf 88' lang='lat' dir='ltr'><strong>pacem</strong></span> <span class='ocrx_word' id='word_1_83' title='bbox 976 1487 1157 1545; x_wconf 85' lang='lat' dir='ltr'><strong>facere</strong></span> <span class='ocrx_word' id='word_1_84' title='bbox 1209 1493 1429 1549; x_wconf 85' lang='lat' dir='ltr'><strong>volebat</strong></span> <span class='ocrx_word' id='word_1_85' title='bbox 1472 1512 1596 1551; x_wconf 92' lang='lat' dir='ltr'><strong>cum</strong></span> <span class='ocrx_word' id='word_1_86' title='bbox 1645 1501 1911 1569; x_wconf 88' lang='lat' dir='ltr'><strong>Ecclesia,</strong></span> <span class='ocrx_word' id='word_1_87' title='bbox 1959 1483 2081 1575; x_wconf 63' lang='lat' dir='ltr'><strong>quae</strong></span> 
     </span>
    </p>
   </div>
   <div class='ocr_carea' id='block_1_16' title="bbox 512 1573 2081 1657">
    <p class='ocr_par' dir='ltr' id='par_1_16' title="bbox 512 1573 2081 1657">
     <span class='ocr_line' id='line_1_16' title="bbox 512 1573 2081 1657; baseline 0.019 -34"><span class='ocrx_word' id='word_1_88' title='bbox 512 1573 906 1629; x_wconf 84' lang='lat' dir='ltr'><strong>convenienter</strong></span> <span class='ocrx_word' id='word_1_89' title='bbox 938 1577 1269 1638; x_wconf 76' lang='lat' dir='ltr'><strong>ditl&#39;erentia:</strong></span> <span class='ocrx_word' id='word_1_90' title='bbox 1315 1594 1373 1640; x_wconf 90' lang='lat' dir='ltr'><strong>et</strong></span> <span class='ocrx_word' id='word_1_91' title='bbox 1405 1589 1835 1657; x_wconf 87' lang='lat' dir='ltr'><strong>proprietatibus</strong></span> <span class='ocrx_word' id='word_1_92' title='bbox 1857 1573 2081 1654; x_wconf 38' lang='lat' dir='ltr'><strong>natu—ras</strong></span> 
     </span>
    </p>
   </div>
   <div class='ocr_carea' id='block_1_17' title="bbox 512 1667 2079 1750">
    <p class='ocr_par' dir='ltr' id='par_1_17' title="bbox 512 1667 2079 1750">
     <span class='ocr_line' id='line_1_17' title="bbox 512 1667 2079 1750; baseline 0.021 -38"><span class='ocrx_word' id='word_1_93' title='bbox 512 1672 783 1727; x_wconf 86' lang='lat' dir='ltr'><strong>numerat,</strong></span> <span class='ocrx_word' id='word_1_94' title='bbox 818 1667 872 1720; x_wconf 82' lang='lat' dir='ltr'><strong>in</strong></span> <span class='ocrx_word' id='word_1_95' title='bbox 911 1670 1114 1737; x_wconf 88' lang='lat' dir='ltr'><strong>quibus</strong></span> <span class='ocrx_word' id='word_1_96' title='bbox 1146 1673 1455 1733; x_wconf 76' lang='lat' dir='ltr'><strong>did‘ereutia</strong></span> <span class='ocrx_word' id='word_1_97' title='bbox 1503 1684 1903 1750; x_wconf 87' lang='lat' dir='ltr'><strong>proprietatum</strong></span> <span class='ocrx_word' id='word_1_98' title='bbox 1954 1706 2079 1744; x_wconf 87' lang='lat' dir='ltr'><strong>cer-</strong></span> 
     </span>
    </p>
   </div>
   <div class='ocr_carea' id='block_1_18' title="bbox 2189 596 3755 679">
    <p class='ocr_par' dir='ltr' id='par_1_18' title="bbox 2189 596 3755 679">
     <span class='ocr_line' id='line_1_18' title="bbox 2189 596 3755 679; baseline 0.006 -31"><span class='ocrx_word' id='word_1_99' title='bbox 2189 596 2263 667; x_wconf 73' lang='grc' dir='ltr'><strong>μὴ</strong></span> <span class='ocrx_word' id='word_1_100' title='bbox 2310 599 2443 666; x_wconf 84' lang='grc' dir='ltr'>πρὸς</span> <span class='ocrx_word' id='word_1_101' title='bbox 2491 597 2688 670; x_wconf 75' lang='grc' dir='ltr'>ἑαυτὴν</span> <span class='ocrx_word' id='word_1_102' title='bbox 2732 600 2978 679; x_wconf 77' lang='grc' dir='ltr'>ἐναντίαν</span> <span class='ocrx_word' id='word_1_103' title='bbox 3024 603 3119 654; x_wconf 79' lang='grc' dir='ltr'>καὶ</span> <span class='ocrx_word' id='word_1_104' title='bbox 3177 601 3580 671; x_wconf 78' lang='grc' dir='ltr'><strong>διαφερομένην</strong></span> <span class='ocrx_word' id='word_1_105' title='bbox 3618 605 3755 657; x_wconf 68' lang='grc' dir='ltr'>ποτὶ</span> 
     </span>
    </p>
   </div>
   <div class='ocr_carea' id='block_1_19' title="bbox 2184 687 3754 791">
    <p class='ocr_par' dir='ltr' id='par_1_19' title="bbox 2184 687 3754 791">
     <span class='ocr_line' id='line_1_19' title="bbox 2184 687 3754 791; baseline 0.014 -53"><span class='ocrx_word' id='word_1_106' title='bbox 2184 687 2389 757; x_wconf 82' lang='grc' dir='ltr'>ταύτην</span> <span class='ocrx_word' id='word_1_107' title='bbox 2440 693 2633 743; x_wconf 74' lang='grc' dir='ltr'>ποιεῖν.</span> <span class='ocrx_word' id='word_1_108' title='bbox 2680 693 2956 760; x_wconf 76' lang='grc' dir='ltr'>Διαφορᾶς</span> <span class='ocrx_word' id='word_1_109' title='bbox 2988 692 3045 744; x_wconf 83' lang='grc' dir='ltr'>δὲ</span> <span class='ocrx_word' id='word_1_110' title='bbox 3076 692 3152 761; x_wconf 75' lang='grc' dir='ltr'>μὴ</span> <span class='ocrx_word' id='word_1_111' title='bbox 3190 690 3359 762; x_wconf 76' lang='grc' dir='ltr'>οὔσης</span> <span class='ocrx_word' id='word_1_112' title='bbox 3387 692 3754 791; x_wconf 42' lang='lat' dir='ltr'><strong>anew???”-</strong></span> 
     </span>
    </p>
   </div>
   <div class='ocr_carea' id='block_1_20' title="bbox 2150 777 3750 857">
    <p class='ocr_par' dir='ltr' id='par_1_20' title="bbox 2150 777 3750 857">
     <span class='ocr_line' id='line_1_20' title="bbox 2150 777 3750 857; baseline 0.003 -28"><span class='ocrx_word' id='word_1_113' title='bbox 2150 852 2155 857; x_wconf 19' lang='grc' dir='ltr'><strong><em>λ</em></strong></span> <span class='ocrx_word' id='word_1_114' title='bbox 2186 777 2372 844; x_wconf 82' lang='grc' dir='ltr'>φάναι,</span> <span class='ocrx_word' id='word_1_115' title='bbox 2418 779 2481 832; x_wconf 79' lang='grc' dir='ltr'>τὸ</span> <span class='ocrx_word' id='word_1_116' title='bbox 2517 782 2696 850; x_wconf 80' lang='grc' dir='ltr'>χεῖρον</span> <span class='ocrx_word' id='word_1_117' title='bbox 2727 781 3005 851; x_wconf 80' lang='grc' dir='ltr'>μετελθεῖν</span> <span class='ocrx_word' id='word_1_118' title='bbox 3031 781 3168 851; x_wconf 80' lang='grc' dir='ltr'>πρὸς</span> <span class='ocrx_word' id='word_1_119' title='bbox 3195 781 3256 834; x_wconf 81' lang='grc' dir='ltr'>τὸ</span> <span class='ocrx_word' id='word_1_120' title='bbox 3294 784 3563 851; x_wconf 80' lang='grc' dir='ltr'>κρεῖττον,</span> <span class='ocrx_word' id='word_1_121' title='bbox 3602 779 3750 834; x_wconf 68' lang='grc' dir='ltr'>τοῦτ’</span> 
     </span>
    </p>
   </div>
   <div class='ocr_carea' id='block_1_21' title="bbox 2183 864 3754 939">
    <p class='ocr_par' dir='ltr' id='par_1_21' title="bbox 2183 864 3754 939">
     <span class='ocr_line' id='line_1_21' title="bbox 2183 864 3754 939; baseline 0.001 -22"><span class='ocrx_word' id='word_1_122' title='bbox 2183 864 2299 918; x_wconf 80' lang='grc' dir='ltr'>ἐστι</span> <span class='ocrx_word' id='word_1_123' title='bbox 2335 867 2395 918; x_wconf 70' lang='grc' dir='ltr'>τὸ</span> <span class='ocrx_word' id='word_1_124' title='bbox 2435 867 2675 939; x_wconf 80' lang='grc' dir='ltr'>φθαρτὸν</span> <span class='ocrx_word' id='word_1_125' title='bbox 2720 867 2856 939; x_wconf 73' lang='grc' dir='ltr'>πρὸς</span> <span class='ocrx_word' id='word_1_126' title='bbox 2910 868 2974 921; x_wconf 82' lang='grc' dir='ltr'>τὸ</span> <span class='ocrx_word' id='word_1_127' title='bbox 3018 866 3314 938; x_wconf 73' lang='grc' dir='ltr'>ἄφθαρτον.</span> <span class='ocrx_word' id='word_1_128' title='bbox 3349 866 3533 919; x_wconf 80' lang='grc' dir='ltr'>Ταῦτα</span> <span class='ocrx_word' id='word_1_129' title='bbox 3565 866 3754 918; x_wconf 87' lang='grc' dir='ltr'>συλλο-</span> 
     </span>
    </p>
   </div>
   <div class='ocr_carea' id='block_1_22' title="bbox 2184 956 3751 1028">
    <p class='ocr_par' dir='ltr' id='par_1_22' title="bbox 2184 956 3751 1028">
     <span class='ocr_line' id='line_1_22' title="bbox 2184 956 3751 1028; baseline 0 -20"><span class='ocrx_word' id='word_1_130' title='bbox 2184 957 2499 1024; x_wconf 83' lang='grc' dir='ltr'>γισάμενος,</span> <span class='ocrx_word' id='word_1_131' title='bbox 2526 959 2621 1010; x_wconf 76' lang='grc' dir='ltr'>καὶ</span> <span class='ocrx_word' id='word_1_132' title='bbox 2661 956 2784 1027; x_wconf 64' lang='grc' dir='ltr'>μηδ*</span> <span class='ocrx_word' id='word_1_133' title='bbox 2822 958 2895 1019; x_wconf 81' lang='grc' dir='ltr'>ὡς</span> <span class='ocrx_word' id='word_1_134' title='bbox 2921 958 3110 1028; x_wconf 69' lang='grc' dir='ltr'>ἕτερον</span> <span class='ocrx_word' id='word_1_135' title='bbox 3136 958 3548 1026; x_wconf 71' lang='grc' dir='ltr'><strong>ἐναντιούμενον</strong></span> <span class='ocrx_word' id='word_1_136' title='bbox 3568 956 3751 1024; x_wconf 77' lang='grc' dir='ltr'>ἑαυτᾷ</span> 
     </span>
    </p>
   </div>
   <div class='ocr_carea' id='block_1_23' title="bbox 2183 1046 3750 1118">
    <p class='ocr_par' dir='ltr' id='par_1_23' title="bbox 2183 1046 3750 1118">
     <span class='ocr_line' id='line_1_23' title="bbox 2183 1046 3750 1118; baseline 0.002 -21"><span class='ocrx_word' id='word_1_137' title='bbox 2183 1046 2440 1115; x_wconf 80' lang='grc' dir='ltr'>προϊδὼν,</span> <span class='ocrx_word' id='word_1_138' title='bbox 2496 1048 2775 1117; x_wconf 78' lang='grc' dir='ltr'><strong>ἄφθαρτον</strong></span> <span class='ocrx_word' id='word_1_139' title='bbox 2809 1049 2896 1101; x_wconf 82' lang='grc' dir='ltr'><strong>ἀεί</strong></span> <span class='ocrx_word' id='word_1_140' title='bbox 2924 1064 2984 1101; x_wconf 79' lang='grc' dir='ltr'><strong>τε</strong></span> <span class='ocrx_word' id='word_1_141' title='bbox 3014 1048 3109 1101; x_wconf 77' lang='grc' dir='ltr'>καὶ</span> <span class='ocrx_word' id='word_1_142' title='bbox 3141 1047 3283 1100; x_wconf 79' lang='grc' dir='ltr'>κατὰ</span> <span class='ocrx_word' id='word_1_143' title='bbox 3311 1049 3489 1101; x_wconf 80' lang='grc' dir='ltr'>πάντα</span> <span class='ocrx_word' id='word_1_144' title='bbox 3527 1048 3629 1118; x_wconf 75' lang='grc' dir='ltr'>τὴν</span> <span class='ocrx_word' id='word_1_145' title='bbox 3652 1047 3750 1100; x_wconf 79' lang='grc' dir='ltr'>τοῦ</span> 
     </span>
    </p>
   </div>
   <div class='ocr_carea' id='block_1_24' title="bbox 2182 1135 3751 1207">
    <p class='ocr_par' dir='ltr' id='par_1_24' title="bbox 2182 1135 3751 1207">
     <span class='ocr_line' id='line_1_24' title="bbox 2182 1135 3751 1207; baseline 0.002 -18"><span class='ocrx_word' id='word_1_146' title='bbox 2182 1135 2390 1205; x_wconf 84' lang='grc' dir='ltr'>Κυρίου</span> <span class='ocrx_word' id='word_1_147' title='bbox 2444 1136 2623 1207; x_wconf 87' lang='grc' dir='ltr'>σάρκα</span> <span class='ocrx_word' id='word_1_148' title='bbox 2653 1137 3073 1203; x_wconf 75' lang='grc' dir='ltr'>ἑξουσιαστικῶς</span> <span class='ocrx_word' id='word_1_149' title='bbox 3110 1137 3455 1206; x_wconf 76' lang='grc' dir='ltr'>ἀπεφήνατο.</span> <span class='ocrx_word' id='word_1_150' title='bbox 3506 1135 3751 1204; x_wconf 76' lang='grc' dir='ltr'>Σευῆρος</span> 
     </span>
    </p>
   </div>
   <div class='ocr_carea' id='block_1_25' title="bbox 2181 1225 3751 1298">
    <p class='ocr_par' dir='ltr' id='par_1_25' title="bbox 2181 1225 3751 1298">
     <span class='ocr_line' id='line_1_25' title="bbox 2181 1225 3751 1298; baseline -0.001 -20"><span class='ocrx_word' id='word_1_151' title='bbox 2181 1226 2237 1279; x_wconf 86' lang='grc' dir='ltr'>δὲ</span> <span class='ocrx_word' id='word_1_152' title='bbox 2264 1226 2473 1291; x_wconf 81' lang='grc' dir='ltr'><strong>τούτοις</strong></span> <span class='ocrx_word' id='word_1_153' title='bbox 2504 1229 2578 1297; x_wconf 87' lang='grc' dir='ltr'>μὴ</span> <span class='ocrx_word' id='word_1_154' title='bbox 2601 1228 2852 1298; x_wconf 77' lang='grc' dir='ltr'><strong>ἀρεσθεὶς</strong></span> <span class='ocrx_word' id='word_1_155' title='bbox 2882 1229 2957 1291; x_wconf 86' lang='grc' dir='ltr'><strong>ὡς</strong></span> <span class='ocrx_word' id='word_1_156' title='bbox 2981 1228 3277 1298; x_wconf 71' lang='grc' dir='ltr'>διαρρήδην</span> <span class='ocrx_word' id='word_1_157' title='bbox 3298 1227 3630 1297; x_wconf 78' lang='grc' dir='ltr'><strong>κηρύττουσι</strong></span> <span class='ocrx_word' id='word_1_158' title='bbox 3648 1225 3751 1294; x_wconf 79' lang='grc' dir='ltr'>τὴν</span> 
     </span>
    </p>
   </div>
   <div class='ocr_carea' id='block_1_26' title="bbox 2180 1318 3751 1388">
    <p class='ocr_par' dir='ltr' id='par_1_26' title="bbox 2180 1318 3751 1388">
     <span class='ocr_line' id='line_1_26' title="bbox 2180 1318 3751 1388; baseline 0.001 -19"><span class='ocrx_word' id='word_1_159' title='bbox 2180 1318 2442 1388; x_wconf 82' lang='grc' dir='ltr'>ἀνάχυσίν</span> <span class='ocrx_word' id='word_1_160' title='bbox 2479 1337 2536 1371; x_wconf 89' lang='grc' dir='ltr'><strong>τε</strong></span> <span class='ocrx_word' id='word_1_161' title='bbox 2585 1320 2678 1372; x_wconf 76' lang='grc' dir='ltr'>καὶ</span> <span class='ocrx_word' id='word_1_162' title='bbox 2726 1320 3024 1386; x_wconf 78' lang='grc' dir='ltr'>σύμφυσιν,</span> <span class='ocrx_word' id='word_1_163' title='bbox 3067 1318 3192 1371; x_wconf 78' lang='grc' dir='ltr'>οὔτε</span> <span class='ocrx_word' id='word_1_164' title='bbox 3243 1319 3568 1370; x_wconf 83' lang='grc' dir='ltr'>σπείσασθαι</span> <span class='ocrx_word' id='word_1_165' title='bbox 3612 1318 3751 1385; x_wconf 74' lang='grc' dir='ltr'>πρὸς</span> 
     </span>
    </p>
   </div>
   <div class='ocr_carea' id='block_1_27' title="bbox 2179 1406 3750 1477">
    <p class='ocr_par' dir='ltr' id='par_1_27' title="bbox 2179 1406 3750 1477">
     <span class='ocr_line' id='line_1_27' title="bbox 2179 1406 3750 1477; baseline 0 -18"><span class='ocrx_word' id='word_1_166' title='bbox 2179 1406 2277 1476; x_wconf 79' lang='grc' dir='ltr'>τὴν</span> <span class='ocrx_word' id='word_1_167' title='bbox 2319 1408 2648 1477; x_wconf 78' lang='grc' dir='ltr'>Ἐκκλησίαν</span> <span class='ocrx_word' id='word_1_168' title='bbox 2674 1408 2947 1474; x_wconf 75' lang='grc' dir='ltr'>ἐϐούλετο,</span> <span class='ocrx_word' id='word_1_169' title='bbox 2972 1408 3048 1471; x_wconf 84' lang='grc' dir='ltr'><strong>ὡς</strong></span> <span class='ocrx_word' id='word_1_170' title='bbox 3077 1406 3387 1469; x_wconf 76' lang='grc' dir='ltr'>ἀκολούθως</span> <span class='ocrx_word' id='word_1_171' title='bbox 3415 1410 3485 1477; x_wconf 74' lang='grc' dir='ltr'>τῇ</span> <span class='ocrx_word' id='word_1_172' title='bbox 3510 1407 3750 1475; x_wconf 73' lang='grc' dir='ltr'>διαφορᾷ</span> 
     </span>
    </p>
   </div>
   <div class='ocr_carea' id='block_1_28' title="bbox 2145 1496 3746 1568">
    <p class='ocr_par' dir='ltr' id='par_1_28' title="bbox 2145 1496 3746 1568">
     <span class='ocr_line' id='line_1_28' title="bbox 2145 1496 3746 1568; baseline -0.001 -20"><span class='ocrx_word' id='word_1_173' title='bbox 2145 1496 2273 1549; x_wconf 78' lang='grc' dir='ltr'>’καὶ</span> <span class='ocrx_word' id='word_1_174' title='bbox 2322 1500 2442 1560; x_wconf 80' lang='grc' dir='ltr'>ταῖς</span> <span class='ocrx_word' id='word_1_175' title='bbox 2494 1498 2718 1568; x_wconf 74' lang='grc' dir='ltr'>ἰδιότησι</span> <span class='ocrx_word' id='word_1_176' title='bbox 2765 1499 2859 1552; x_wconf 78' lang='grc' dir='ltr'>καὶ</span> <span class='ocrx_word' id='word_1_177' title='bbox 2899 1500 2999 1560; x_wconf 73' lang='grc' dir='ltr'><strong>τὰς</strong></span> <span class='ocrx_word' id='word_1_178' title='bbox 3046 1497 3238 1567; x_wconf 86' lang='grc' dir='ltr'>φύσεις</span> <span class='ocrx_word' id='word_1_179' title='bbox 3295 1496 3746 1566; x_wconf 76' lang='grc' dir='ltr'>ἀπαριθμοῦσαν,</span> 
     </span>
    </p>
   </div>
   <div class='ocr_carea' id='block_1_29' title="bbox 2178 1582 3747 1657">
    <p class='ocr_par' dir='ltr' id='par_1_29' title="bbox 2178 1582 3747 1657">
     <span class='ocr_line' id='line_1_29' title="bbox 2178 1582 3747 1657; baseline 0.001 -19"><span class='ocrx_word' id='word_1_180' title='bbox 2178 1588 2308 1656; x_wconf 76' lang='grc' dir='ltr'>περὶ</span> <span class='ocrx_word' id='word_1_181' title='bbox 2336 1586 2404 1650; x_wconf 77' lang='grc' dir='ltr'><strong>ἀς</strong></span> <span class='ocrx_word' id='word_1_182' title='bbox 2438 1588 2471 1657; x_wconf 73' lang='grc' dir='ltr'><strong>ἠ</strong></span> <span class='ocrx_word' id='word_1_183' title='bbox 2509 1588 2738 1656; x_wconf 81' lang='grc' dir='ltr'>διαφορά</span> <span class='ocrx_word' id='word_1_184' title='bbox 2781 1589 3085 1657; x_wconf 82' lang='grc' dir='ltr'>θεωρεῖται.</span> <span class='ocrx_word' id='word_1_185' title='bbox 3114 1589 3209 1641; x_wconf 82' lang='grc' dir='ltr'>καὶ</span> <span class='ocrx_word' id='word_1_186' title='bbox 3236 1582 3313 1640; x_wconf 80' lang='grc' dir='ltr'>ὧν</span> <span class='ocrx_word' id='word_1_187' title='bbox 3351 1588 3492 1641; x_wconf 75' lang='grc' dir='ltr'>εἰσιν</span> <span class='ocrx_word' id='word_1_188' title='bbox 3524 1589 3583 1641; x_wconf 84' lang='grc' dir='ltr'>αἱ</span> <span class='ocrx_word' id='word_1_189' title='bbox 3617 1587 3747 1639; x_wconf 79' lang='grc' dir='ltr'>ἰδιό-</span> 
     </span>
    </p>
   </div>
   <div class='ocr_carea' id='block_1_30' title="bbox 2176 1676 3743 1748">
    <p class='ocr_par' dir='ltr' id='par_1_30' title="bbox 2176 1676 3743 1748">
     <span class='ocr_line' id='line_1_30' title="bbox 2176 1676 3743 1748; baseline 0 -19"><span class='ocrx_word' id='word_1_190' title='bbox 2176 1693 2338 1745; x_wconf 82' lang='grc' dir='ltr'>τητες</span> <span class='ocrx_word' id='word_1_191' title='bbox 2366 1680 2606 1746; x_wconf 77' lang='grc' dir='ltr'>φυσικῶς</span> <span class='ocrx_word' id='word_1_192' title='bbox 2645 1682 2836 1741; x_wconf 72' lang='grc' dir='ltr'>αὐταῖς</span> <span class='ocrx_word' id='word_1_193' title='bbox 2871 1680 3270 1748; x_wconf 77' lang='grc' dir='ltr'>ἐνυπάρχουσαι</span> <span class='ocrx_word' id='word_1_194' title='bbox 3299 1697 3317 1713; x_wconf 80' lang='grc' dir='ltr'><strong>ο</strong></span> <span class='ocrx_word' id='word_1_195' title='bbox 3339 1677 3438 1731; x_wconf 71' lang='grc' dir='ltr'>καὶ</span> <span class='ocrx_word' id='word_1_196' title='bbox 3464 1677 3525 1730; x_wconf 87' lang='grc' dir='ltr'><strong>τδ</strong></span> <span class='ocrx_word' id='word_1_197' title='bbox 3551 1676 3743 1729; x_wconf 74' lang='grc' dir='ltr'>συνθέ-</span> 
     </span>
    </p>
   </div>
   <div class='ocr_carea' id='block_1_31' title="bbox 511 1750 2069 1848">
    <p class='ocr_par' dir='ltr' id='par_1_31' title="bbox 511 1750 2069 1848">
     <span class='ocr_line' id='line_1_31' title="bbox 511 1750 2069 1848; baseline 0.021 -47"><span class='ocrx_word' id='word_1_198' title='bbox 511 1750 685 1813; x_wconf 89' lang='lat' dir='ltr'><strong>nitur,</strong></span> <span class='ocrx_word' id='word_1_199' title='bbox 726 1762 782 1807; x_wconf 92' lang='lat' dir='ltr'><strong>et</strong></span> <span class='ocrx_word' id='word_1_200' title='bbox 822 1773 1054 1823; x_wconf 90' lang='lat' dir='ltr'><strong>quarum</strong></span> <span class='ocrx_word' id='word_1_201' title='bbox 1087 1774 1216 1817; x_wconf 83' lang='lat' dir='ltr'><strong>sum</strong></span> <span class='ocrx_word' id='word_1_202' title='bbox 1241 1768 1602 1835; x_wconf 84' lang='lat' dir='ltr'><strong>proprietates</strong></span> <span class='ocrx_word' id='word_1_203' title='bbox 1630 1776 1924 1841; x_wconf 88' lang='lat' dir='ltr'><strong>naturales,</strong></span> <span class='ocrx_word' id='word_1_204' title='bbox 1957 1794 2069 1848; x_wconf 68' lang='lat' dir='ltr'><strong>qum</strong></span> 
     </span>
    </p>
   </div>
   <div class='ocr_carea' id='block_1_32' title="bbox 2169 1750 3744 1848">
    <p class='ocr_par' dir='ltr' id='par_1_32' title="bbox 2180 1766 3744 1837">
     <span class='ocr_line' id='line_1_32' title="bbox 2180 1766 3744 1837; baseline 0 -18"><span class='ocrx_word' id='word_1_205' title='bbox 2180 1766 2304 1819; x_wconf 84' lang='grc' dir='ltr'>σθαι</span> <span class='ocrx_word' id='word_1_206' title='bbox 2342 1770 2461 1830; x_wconf 78' lang='grc' dir='ltr'>ταῖς</span> <span class='ocrx_word' id='word_1_207' title='bbox 2519 1767 2806 1821; x_wconf 85' lang='grc' dir='ltr'>Ἰουλιανοῦ</span> <span class='ocrx_word' id='word_1_208' title='bbox 2846 1769 3185 1837; x_wconf 84' lang='grc' dir='ltr'>τολμηρὶαις,</span> <span class='ocrx_word' id='word_1_209' title='bbox 3225 1768 3439 1829; x_wconf 83' lang='grc' dir='ltr'>ἀναιδὲς</span> <span class='ocrx_word' id='word_1_210' title='bbox 3492 1770 3610 1836; x_wconf 75' lang='grc' dir='ltr'>ἅμα</span> <span class='ocrx_word' id='word_1_211' title='bbox 3647 1770 3744 1820; x_wconf 70' lang='grc' dir='ltr'>καὶ</span> 
     </span>
    </p>
   </div>
   <div class='ocr_carea' id='block_1_33' title="bbox 512 1837 2075 1923">
    <p class='ocr_par' dir='ltr' id='par_1_33' title="bbox 512 1837 2075 1923">
     <span class='ocr_line' id='line_1_33' title="bbox 512 1837 2075 1923; baseline 0.02 -32"><span class='ocrx_word' id='word_1_212' title='bbox 512 1837 566 1891; x_wconf 88' lang='lat' dir='ltr'><strong>in</strong></span> <span class='ocrx_word' id='word_1_213' title='bbox 592 1838 724 1909; x_wconf 84' lang='lat' dir='ltr'><strong>ipsis</strong></span> <span class='ocrx_word' id='word_1_214' title='bbox 749 1848 962 1900; x_wconf 89' lang='lat' dir='ltr'><strong>naturis</strong></span> <span class='ocrx_word' id='word_1_215' title='bbox 996 1848 1219 1917; x_wconf 89' lang='lat' dir='ltr'><strong>insunt;</strong></span> <span class='ocrx_word' id='word_1_216' title='bbox 1245 1863 1301 1908; x_wconf 92' lang='lat' dir='ltr'><strong>ct</strong></span> <span class='ocrx_word' id='word_1_217' title='bbox 1318 1858 1574 1911; x_wconf 88' lang='lat' dir='ltr'><strong>assentiri</strong></span> <span class='ocrx_word' id='word_1_218' title='bbox 1600 1861 1846 1919; x_wconf 88' lang='lat' dir='ltr'><strong>audaciis</strong></span> <span class='ocrx_word' id='word_1_219' title='bbox 1872 1866 2075 1923; x_wconf 72' lang='lat' dir='ltr'><strong>Iuliani</strong></span> 
     </span>
    </p>
   </div>
   <div class='ocr_carea' id='block_1_34' title="bbox 511 1928 2074 2023">
    <p class='ocr_par' dir='ltr' id='par_1_34' title="bbox 511 1928 2074 2023">
     <span class='ocr_line' id='line_1_34' title="bbox 511 1928 2074 2023; baseline 0.02 -42"><span class='ocrx_word' id='word_1_220' title='bbox 511 1928 805 1999; x_wconf 90' lang='lat' dir='ltr'><strong>impudens</strong></span> <span class='ocrx_word' id='word_1_221' title='bbox 846 1944 901 1989; x_wconf 90' lang='lat' dir='ltr'><strong>et</strong></span> <span class='ocrx_word' id='word_1_222' title='bbox 955 1941 1211 2023; x_wconf 83' lang='lat' dir='ltr'><strong>petulans</strong></span> <span class='ocrx_word' id='word_1_223' title='bbox 1260 1960 1381 1999; x_wconf 90' lang='lat' dir='ltr'><strong>esse</strong></span> <span class='ocrx_word' id='word_1_224' title='bbox 1408 1934 1810 2020; x_wconf 71' lang='lat' dir='ltr'><strong>arbitrabatur;</strong></span> <span class='ocrx_word' id='word_1_225' title='bbox 1850 1965 1908 2010; x_wconf 90' lang='lat' dir='ltr'><strong>et</strong></span> <span class='ocrx_word' id='word_1_226' title='bbox 1963 1975 2074 2013; x_wconf 90' lang='lat' dir='ltr'><strong>non</strong></span> 
     </span>
    </p>
   </div>
   <div class='ocr_carea' id='block_1_35' title="bbox 510 2016 2075 2113">
    <p class='ocr_par' dir='ltr' id='par_1_35' title="bbox 510 2016 2075 2113">
     <span class='ocr_line' id='line_1_35' title="bbox 510 2016 2075 2113; baseline 0.02 -45"><span class='ocrx_word' id='word_1_227' title='bbox 510 2016 691 2072; x_wconf 90' lang='lat' dir='ltr'><strong>minus</strong></span> <span class='ocrx_word' id='word_1_228' title='bbox 722 2036 845 2076; x_wconf 87' lang='lat' dir='ltr'><strong>esse</strong></span> <span class='ocrx_word' id='word_1_229' title='bbox 876 2039 1038 2091; x_wconf 90' lang='lat' dir='ltr'><strong>quam</strong></span> <span class='ocrx_word' id='word_1_230' title='bbox 1078 2018 1228 2083; x_wconf 83' lang='lat' dir='ltr'><strong>nudo</strong></span> <span class='ocrx_word' id='word_1_231' title='bbox 1260 2033 1439 2102; x_wconf 84' lang='lat' dir='ltr'><strong>capite</strong></span> <span class='ocrx_word' id='word_1_232' title='bbox 1462 2044 1527 2097; x_wconf 86' lang='lat' dir='ltr'><strong>et</strong></span> <span class='ocrx_word' id='word_1_233' title='bbox 1558 2046 1747 2107; x_wconf 89' lang='lat' dir='ltr'><strong>aperto</strong></span> <span class='ocrx_word' id='word_1_234' title='bbox 1774 2016 1870 2096; x_wconf 80' lang='lat' dir='ltr'><strong>ore</strong></span> <span class='ocrx_word' id='word_1_235' title='bbox 1904 2044 2075 2113; x_wconf 86' lang='lat' dir='ltr'><strong>pieta-</strong></span> 
     </span>
    </p>
   </div>
   <div class='ocr_carea' id='block_1_36' title="bbox 507 2116 994 2197">
    <p class='ocr_par' dir='ltr' id='par_1_36' title="bbox 507 2116 994 2197">
     <span class='ocr_line' id='line_1_36' title="bbox 507 2116 994 2197; baseline 0.025 -37"><span class='ocrx_word' id='word_1_236' title='bbox 507 2116 615 2162; x_wconf 87' lang='lat' dir='ltr'><strong>tem</strong></span> <span class='ocrx_word' id='word_1_237' title='bbox 662 2127 994 2197; x_wconf 79' lang='lat' dir='ltr'><strong>oppugnare.</strong></span> 
     </span>
    </p>
   </div>
   <div class='ocr_carea' id='block_1_37' title="bbox 1074 2244 1511 2323">
    <p class='ocr_par' dir='ltr' id='par_1_37' title="bbox 1074 2244 1511 2323">
     <span class='ocr_line' id='line_1_37' title="bbox 1074 2244 1511 2323; baseline 0.014 -16"><span class='ocrx_word' id='word_1_238' title='bbox 1074 2250 1263 2323; x_wconf 83' lang='lat' dir='ltr'><strong>Opim&#39;o</strong></span> <span class='ocrx_word' id='word_1_239' title='bbox 1312 2244 1511 2313; x_wconf 82' lang='lat' dir='ltr'><strong>Severi.</strong></span> 
     </span>
    </p>
   </div>
   <div class='ocr_carea' id='block_1_38' title="bbox 573 2372 2071 2451">
    <p class='ocr_par' dir='ltr' id='par_1_38' title="bbox 573 2372 2071 2451">
     <span class='ocr_line' id='line_1_38' title="bbox 573 2372 2071 2451; baseline 0.018 -26"><span class='ocrx_word' id='word_1_240' title='bbox 573 2372 653 2426; x_wconf 85' lang='lat' dir='ltr'><strong>Ex</strong></span> <span class='ocrx_word' id='word_1_241' title='bbox 683 2388 751 2428; x_wconf 90' lang='lat' dir='ltr'><strong>eo</strong></span> <span class='ocrx_word' id='word_1_242' title='bbox 797 2385 1040 2446; x_wconf 88' lang='lat' dir='ltr'><strong>tempore</strong></span> <span class='ocrx_word' id='word_1_243' title='bbox 1081 2381 1257 2439; x_wconf 78' lang='lat' dir='ltr'><strong>factus</strong></span> <span class='ocrx_word' id='word_1_244' title='bbox 1286 2394 1372 2439; x_wconf 90' lang='lat' dir='ltr'><strong>est</strong></span> <span class='ocrx_word' id='word_1_245' title='bbox 1413 2388 1651 2446; x_wconf 84' lang='lat' dir='ltr'><strong>Severus</strong></span> <span class='ocrx_word' id='word_1_246' title='bbox 1678 2392 1780 2447; x_wconf 88' lang='lat' dir='ltr'><strong>sibi</strong></span> <span class='ocrx_word' id='word_1_247' title='bbox 1831 2402 1889 2449; x_wconf 91' lang='lat' dir='ltr'><strong>et</strong></span> <span class='ocrx_word' id='word_1_248' title='bbox 1916 2412 2071 2451; x_wconf 89' lang='lat' dir='ltr'><strong>men-</strong></span> 
     </span>
    </p>
   </div>
   <div class='ocr_carea' id='block_1_39' title="bbox 503 2460 2073 2549">
    <p class='ocr_par' dir='ltr' id='par_1_39' title="bbox 503 2460 2073 2549">
     <span class='ocr_line' id='line_1_39' title="bbox 503 2460 2073 2549; baseline 0.018 -35"><span class='ocrx_word' id='word_1_249' title='bbox 503 2460 661 2529; x_wconf 76' lang='lat' dir='ltr'><strong>dacio</strong></span> <span class='ocrx_word' id='word_1_250' title='bbox 701 2479 803 2520; x_wconf 90' lang='lat' dir='ltr'><strong>suo</strong></span> <span class='ocrx_word' id='word_1_251' title='bbox 856 2472 1185 2535; x_wconf 86' lang='lat' dir='ltr'><strong>contrarius,</strong></span> <span class='ocrx_word' id='word_1_252' title='bbox 1229 2483 1286 2530; x_wconf 91' lang='lat' dir='ltr'><strong>et</strong></span> <span class='ocrx_word' id='word_1_253' title='bbox 1321 2492 1425 2531; x_wconf 90' lang='lat' dir='ltr'><strong>nec</strong></span> <span class='ocrx_word' id='word_1_254' title='bbox 1468 2495 1538 2533; x_wconf 88' lang='lat' dir='ltr'><strong>ex</strong></span> <span class='ocrx_word' id='word_1_255' title='bbox 1585 2489 1699 2536; x_wconf 92' lang='lat' dir='ltr'><strong>toto</strong></span> <span class='ocrx_word' id='word_1_256' title='bbox 1749 2501 1936 2549; x_wconf 89' lang='lat' dir='ltr'><strong>verax,</strong></span> <span class='ocrx_word' id='word_1_257' title='bbox 1971 2504 2073 2543; x_wconf 90' lang='lat' dir='ltr'><strong>nec</strong></span> 
     </span>
    </p>
   </div>
   <div class='ocr_carea' id='block_1_40' title="bbox 501 2558 2070 2639">
    <p class='ocr_par' dir='ltr' id='par_1_40' title="bbox 501 2558 2070 2639">
     <span class='ocr_line' id='line_1_40' title="bbox 501 2558 2070 2639; baseline 0.017 -35"><span class='ocrx_word' id='word_1_258' title='bbox 501 2565 569 2605; x_wconf 86' lang='lat' dir='ltr'><strong>ex</strong></span> <span class='ocrx_word' id='word_1_259' title='bbox 614 2560 729 2607; x_wconf 86' lang='lat' dir='ltr'><strong>toto</strong></span> <span class='ocrx_word' id='word_1_260' title='bbox 781 2558 1037 2626; x_wconf 78' lang='lat' dir='ltr'><strong>mendax,</strong></span> <span class='ocrx_word' id='word_1_261' title='bbox 1073 2562 1190 2626; x_wconf 89' lang='lat' dir='ltr'><strong>sed,</strong></span> <span class='ocrx_word' id='word_1_262' title='bbox 1240 2573 1301 2617; x_wconf 91' lang='lat' dir='ltr'><strong>ut</strong></span> <span class='ocrx_word' id='word_1_263' title='bbox 1328 2568 1400 2618; x_wconf 90' lang='lat' dir='ltr'><strong>ita</strong></span> <span class='ocrx_word' id='word_1_264' title='bbox 1442 2567 1642 2633; x_wconf 91' lang='lat' dir='ltr'><strong>dicam,</strong></span> <span class='ocrx_word' id='word_1_265' title='bbox 1686 2574 2070 2639; x_wconf 88' lang='lat' dir='ltr'><strong>pseudalethes</strong></span> 
     </span>
    </p>
   </div>
   <div class='ocr_carea' id='block_1_41' title="bbox 503 2640 2072 2733">
    <p class='ocr_par' dir='ltr' id='par_1_41' title="bbox 503 2640 2072 2733">
     <span class='ocr_line' id='line_1_41' title="bbox 503 2640 2072 2733; baseline 0.018 -41"><span class='ocrx_word' id='word_1_266' title='bbox 503 2640 579 2709; x_wconf 77' lang='lat' dir='ltr'><strong>(id</strong></span> <span class='ocrx_word' id='word_1_267' title='bbox 604 2651 699 2710; x_wconf 74' lang='lat' dir='ltr'><strong>est,</strong></span> <span class='ocrx_word' id='word_1_268' title='bbox 730 2646 1051 2720; x_wconf 63' lang='lat' dir='ltr'><strong>falsiveri“),</strong></span> <span class='ocrx_word' id='word_1_269' title='bbox 1081 2652 1277 2708; x_wconf 89' lang='lat' dir='ltr'><strong>similis</strong></span> <span class='ocrx_word' id='word_1_270' title='bbox 1306 2665 1516 2712; x_wconf 68' lang='lat' dir='ltr'><strong>naturae</strong></span> <span class='ocrx_word' id='word_1_271' title='bbox 1547 2663 1883 2729; x_wconf 66' lang='lat' dir='ltr'><strong>compositae,</strong></span> <span class='ocrx_word' id='word_1_272' title='bbox 1908 2680 2072 2733; x_wconf 85' lang='lat' dir='ltr'><strong>quam</strong></span> 
     </span>
    </p>
   </div>
   <div class='ocr_carea' id='block_1_42' title="bbox 502 2733 2073 2819">
    <p class='ocr_par' dir='ltr' id='par_1_42' title="bbox 502 2733 2073 2819">
     <span class='ocr_line' id='line_1_42' title="bbox 502 2733 2073 2819; baseline 0.017 -34"><span class='ocrx_word' id='word_1_273' title='bbox 502 2733 834 2803; x_wconf 70' lang='lat' dir='ltr'><strong>excogitavit</strong></span> <span class='ocrx_word' id='word_1_274' title='bbox 869 2758 882 2792; x_wconf 93' lang='lat'>:</span> <span class='ocrx_word' id='word_1_275' title='bbox 921 2740 1130 2797; x_wconf 92' lang='lat' dir='ltr'><strong>idcirco</strong></span> <span class='ocrx_word' id='word_1_276' title='bbox 1163 2745 1349 2801; x_wconf 83' lang='lat' dir='ltr'><strong>secum</strong></span> <span class='ocrx_word' id='word_1_277' title='bbox 1398 2759 1622 2819; x_wconf 81' lang='lat' dir='ltr'><strong>pugnat,</strong></span> <span class='ocrx_word' id='word_1_278' title='bbox 1654 2761 1711 2807; x_wconf 91' lang='lat' dir='ltr'><strong>et</strong></span> <span class='ocrx_word' id='word_1_279' title='bbox 1755 2754 2073 2814; x_wconf 80' lang='lat' dir='ltr'><strong>inconstans</strong></span> 
     </span>
    </p>
   </div>
   <div class='ocr_carea' id='block_1_43' title="bbox 499 2827 2070 2915">
    <p class='ocr_par' dir='ltr' id='par_1_43' title="bbox 499 2827 2070 2915">
     <span class='ocr_line' id='line_1_43' title="bbox 499 2827 2070 2915; baseline 0.017 -40"><span class='ocrx_word' id='word_1_280' title='bbox 499 2830 633 2888; x_wconf 87' lang='lat' dir='ltr'><strong>est,</strong></span> <span class='ocrx_word' id='word_1_281' title='bbox 678 2834 735 2880; x_wconf 91' lang='lat' dir='ltr'><strong>et</strong></span> <span class='ocrx_word' id='word_1_282' title='bbox 800 2827 947 2883; x_wconf 80' lang='lat' dir='ltr'><strong>fatue</strong></span> <span class='ocrx_word' id='word_1_283' title='bbox 997 2840 1162 2902; x_wconf 88' lang='lat' dir='ltr'><strong>atque</strong></span> <span class='ocrx_word' id='word_1_284' title='bbox 1236 2836 1509 2894; x_wconf 82' lang='lat' dir='ltr'><strong>inerudite</strong></span> <span class='ocrx_word' id='word_1_285' title='bbox 1569 2842 1809 2897; x_wconf 90' lang='lat' dir='ltr'><strong>medium</strong></span> <span class='ocrx_word' id='word_1_286' title='bbox 1864 2845 2070 2915; x_wconf 89' lang='lat' dir='ltr'><strong>aliquid</strong></span> 
     </span>
    </p>
   </div>
   <div class='ocr_carea' id='block_1_44' title="bbox 505 2911 2068 3003">
    <p class='ocr_par' dir='ltr' id='par_1_44' title="bbox 505 2911 2068 3003">
     <span class='ocr_line' id='line_1_44' title="bbox 505 2911 2068 3003; baseline 0.018 -39"><span class='ocrx_word' id='word_1_287' title='bbox 505 2911 654 2965; x_wconf 87' lang='lat' dir='ltr'><strong>inter</strong></span> <span class='ocrx_word' id='word_1_288' title='bbox 726 2918 1068 2975; x_wconf 90' lang='lat' dir='ltr'><strong>mendacium</strong></span> <span class='ocrx_word' id='word_1_289' title='bbox 1138 2934 1197 2977; x_wconf 93' lang='lat' dir='ltr'><strong>et</strong></span> <span class='ocrx_word' id='word_1_290' title='bbox 1279 2927 1566 2983; x_wconf 87' lang='lat' dir='ltr'><strong>veritatem</strong></span> <span class='ocrx_word' id='word_1_291' title='bbox 1626 2935 1851 3000; x_wconf 66' lang='lat' dir='ltr'><strong>quaerit;</strong></span> <span class='ocrx_word' id='word_1_292' title='bbox 1922 2911 2068 3003; x_wconf 74' lang='lat' dir='ltr'><strong>quod</strong></span> 
     </span>
    </p>
   </div>
   <div class='ocr_carea' id='block_1_45' title="bbox 499 3006 2070 3096">
    <p class='ocr_par' dir='ltr' id='par_1_45' title="bbox 499 3006 2070 3096">
     <span class='ocr_line' id='line_1_45' title="bbox 499 3006 2070 3096; baseline 0.015 -38"><span class='ocrx_word' id='word_1_293' title='bbox 499 3006 711 3060; x_wconf 85' lang='lat' dir='ltr'><strong>nullum</strong></span> <span class='ocrx_word' id='word_1_294' title='bbox 758 3019 865 3064; x_wconf 87' lang='lat' dir='ltr'><strong>est.</strong></span> <span class='ocrx_word' id='word_1_295' title='bbox 897 3011 1015 3066; x_wconf 90' lang='lat' dir='ltr'><strong>Non</strong></span> <span class='ocrx_word' id='word_1_296' title='bbox 1065 3015 1213 3068; x_wconf 90' lang='lat' dir='ltr'><strong>enim</strong></span> <span class='ocrx_word' id='word_1_297' title='bbox 1242 3017 1477 3073; x_wconf 89' lang='lat' dir='ltr'><strong>inveniri</strong></span> <span class='ocrx_word' id='word_1_298' title='bbox 1513 3037 1615 3077; x_wconf 90' lang='lat' dir='ltr'><strong>nec</strong></span> <span class='ocrx_word' id='word_1_299' title='bbox 1646 3026 1943 3093; x_wconf 68' lang='lat' dir='ltr'><strong>excogitari</strong></span> <span class='ocrx_word' id='word_1_300' title='bbox 1973 3044 2070 3096; x_wconf 84' lang='lat' dir='ltr'><strong>po-</strong></span> 
     </span>
    </p>
   </div>
   <div class='ocr_carea' id='block_1_46' title="bbox 500 3096 2138 3198">
    <p class='ocr_par' dir='ltr' id='par_1_46' title="bbox 500 3096 2138 3198">
     <span class='ocr_line' id='line_1_46' title="bbox 500 3096 2138 3198; baseline 0.015 -51"><span class='ocrx_word' id='word_1_301' title='bbox 500 3100 606 3148; x_wconf 81' lang='lat' dir='ltr'><strong>test</strong></span> <span class='ocrx_word' id='word_1_302' title='bbox 623 3096 827 3164; x_wconf 89' lang='lat' dir='ltr'><strong>aliquid</strong></span> <span class='ocrx_word' id='word_1_303' title='bbox 851 3099 1070 3156; x_wconf 89' lang='lat' dir='ltr'><strong>veritati</strong></span> <span class='ocrx_word' id='word_1_304' title='bbox 1089 3110 1145 3155; x_wconf 91' lang='lat' dir='ltr'><strong>et</strong></span> <span class='ocrx_word' id='word_1_305' title='bbox 1166 3106 1451 3161; x_wconf 89' lang='lat' dir='ltr'><strong>mendacio</strong></span> <span class='ocrx_word' id='word_1_306' title='bbox 1471 3109 1835 3179; x_wconf 84' lang='lat' dir='ltr'><strong>interjeetum.</strong></span> <span class='ocrx_word' id='word_1_307' title='bbox 1852 3115 2067 3170; x_wconf 73' lang='lat' dir='ltr'><strong>Veritas</strong></span> <span class='ocrx_word' id='word_1_308' title='bbox 2095 3142 2138 3198; x_wconf 72' lang='grc' dir='ltr'>ο</span> 
     </span>
    </p>
   </div>
   <div class='ocr_carea' id='block_1_47' title="bbox 496 3184 2068 3270">
    <p class='ocr_par' dir='ltr' id='par_1_47' title="bbox 496 3184 2068 3270">
     <span class='ocr_line' id='line_1_47' title="bbox 496 3184 2068 3270; baseline 0.016 -36"><span class='ocrx_word' id='word_1_309' title='bbox 496 3184 645 3236; x_wconf 90' lang='lat' dir='ltr'><strong>enim</strong></span> <span class='ocrx_word' id='word_1_310' title='bbox 670 3202 888 3257; x_wconf 82' lang='lat' dir='ltr'><strong>semper</strong></span> <span class='ocrx_word' id='word_1_311' title='bbox 920 3191 1097 3245; x_wconf 89' lang='lat' dir='ltr'><strong>media</strong></span> <span class='ocrx_word' id='word_1_312' title='bbox 1129 3203 1232 3255; x_wconf 90' lang='lat' dir='ltr'><strong>est,</strong></span> <span class='ocrx_word' id='word_1_313' title='bbox 1262 3210 1366 3248; x_wconf 86' lang='lat' dir='ltr'><strong>non</strong></span> <span class='ocrx_word' id='word_1_314' title='bbox 1397 3193 1727 3265; x_wconf 86' lang='lat' dir='ltr'><strong>transversa,</strong></span> <span class='ocrx_word' id='word_1_315' title='bbox 1751 3212 1913 3270; x_wconf 85' lang='lat' dir='ltr'><strong>atque</strong></span> <span class='ocrx_word' id='word_1_316' title='bbox 1946 3204 2068 3259; x_wconf 90' lang='lat' dir='ltr'><strong>ideo</strong></span> 
     </span>
    </p>
   </div>
   <div class='ocr_carea' id='block_1_48' title="bbox 499 3272 2070 3364">
    <p class='ocr_par' dir='ltr' id='par_1_48' title="bbox 499 3272 2070 3364">
     <span class='ocr_line' id='line_1_48' title="bbox 499 3272 2070 3364; baseline 0.016 -41"><span class='ocrx_word' id='word_1_317' title='bbox 499 3272 655 3327; x_wconf 77' lang='lat' dir='ltr'><strong>ﬁrma</strong></span> <span class='ocrx_word' id='word_1_318' title='bbox 696 3284 753 3329; x_wconf 92' lang='lat' dir='ltr'><strong>et</strong></span> <span class='ocrx_word' id='word_1_319' title='bbox 797 3280 1041 3349; x_wconf 86' lang='lat' dir='ltr'><strong>undique</strong></span> <span class='ocrx_word' id='word_1_320' title='bbox 1087 3284 1317 3351; x_wconf 68' lang='lat' dir='ltr'><strong>aequalis</strong></span> <span class='ocrx_word' id='word_1_321' title='bbox 1364 3294 1423 3340; x_wconf 87' lang='lat' dir='ltr'><strong>et</strong></span> <span class='ocrx_word' id='word_1_322' title='bbox 1467 3297 1615 3343; x_wconf 90' lang='lat' dir='ltr'><strong>recta</strong></span> <span class='ocrx_word' id='word_1_323' title='bbox 1663 3308 1676 3343; x_wconf 88' lang='lat'><strong>:</strong></span> <span class='ocrx_word' id='word_1_324' title='bbox 1722 3292 1859 3347; x_wconf 89' lang='lat' dir='ltr'><strong>nihil</strong></span> <span class='ocrx_word' id='word_1_325' title='bbox 1904 3294 2070 3364; x_wconf 82' lang='lat' dir='ltr'><strong>igitur</strong></span> 
     </span>
    </p>
   </div>
   <div class='ocr_carea' id='block_1_49' title="bbox 499 3363 2059 3445">
    <p class='ocr_par' dir='ltr' id='par_1_49' title="bbox 499 3363 2059 3445">
     <span class='ocr_line' id='line_1_49' title="bbox 499 3363 2059 3445; baseline 0.013 -28"><span class='ocrx_word' id='word_1_326' title='bbox 499 3363 717 3433; x_wconf 87' lang='lat' dir='ltr'><strong>recipit,</strong></span> <span class='ocrx_word' id='word_1_327' title='bbox 750 3369 898 3436; x_wconf 89' lang='lat' dir='ltr'><strong>quod</strong></span> <span class='ocrx_word' id='word_1_328' title='bbox 924 3386 1045 3425; x_wconf 90' lang='lat' dir='ltr'><strong>eam</strong></span> <span class='ocrx_word' id='word_1_329' title='bbox 1094 3374 1285 3429; x_wconf 88' lang='lat' dir='ltr'><strong>reddat</strong></span> <span class='ocrx_word' id='word_1_330' title='bbox 1316 3376 1617 3445; x_wconf 88' lang='lat' dir='ltr'><strong>obliquam,</strong></span> <span class='ocrx_word' id='word_1_331' title='bbox 1645 3389 1701 3434; x_wconf 93' lang='lat' dir='ltr'><strong>et</strong></span> <span class='ocrx_word' id='word_1_332' title='bbox 1723 3396 1753 3435; x_wconf 90' lang='lat' dir='ltr'><strong>e</strong></span> <span class='ocrx_word' id='word_1_333' title='bbox 1785 3397 1887 3436; x_wconf 92' lang='lat' dir='ltr'><strong>suo</strong></span> <span class='ocrx_word' id='word_1_334' title='bbox 1916 3363 2059 3437; x_wconf 87' lang='lat' dir='ltr'><strong>statu</strong></span> 
     </span>
    </p>
   </div>
   <div class='ocr_carea' id='block_1_50' title="bbox 496 3453 2062 3538">
    <p class='ocr_par' dir='ltr' id='par_1_50' title="bbox 496 3453 2062 3538">
     <span class='ocr_line' id='line_1_50' title="bbox 496 3453 2062 3538; baseline 0.011 -31"><span class='ocrx_word' id='word_1_335' title='bbox 496 3462 553 3507; x_wconf 88' lang='lat' dir='ltr'><strong>et</strong></span> <span class='ocrx_word' id='word_1_336' title='bbox 606 3453 864 3511; x_wconf 84' lang='lat' dir='ltr'><strong>ﬁrmitate</strong></span> <span class='ocrx_word' id='word_1_337' title='bbox 921 3461 1179 3528; x_wconf 87' lang='lat' dir='ltr'><strong>expellat.</strong></span> <span class='ocrx_word' id='word_1_338' title='bbox 1236 3462 1501 3536; x_wconf 76' lang='lat' dir='ltr'><strong>Coarguit</strong></span> <span class='ocrx_word' id='word_1_339' title='bbox 1557 3474 1739 3521; x_wconf 87' lang='lat' dir='ltr'><strong>autem</strong></span> <span class='ocrx_word' id='word_1_340' title='bbox 1792 3469 2062 3538; x_wconf 87' lang='lat' dir='ltr'><strong>quidquid</strong></span> 
     </span>
    </p>
   </div>
   <div class='ocr_carea' id='block_1_51' title="bbox 498 3544 2065 3627">
    <p class='ocr_par' dir='ltr' id='par_1_51' title="bbox 498 3544 2065 3627">
     <span class='ocr_line' id='line_1_51' title="bbox 498 3544 2065 3627; baseline 0.011 -31"><span class='ocrx_word' id='word_1_341' title='bbox 498 3544 760 3599; x_wconf 86' lang='lat' dir='ltr'><strong>insidiose</strong></span> <span class='ocrx_word' id='word_1_342' title='bbox 793 3547 861 3600; x_wconf 90' lang='lat' dir='ltr'><strong>ad</strong></span> <span class='ocrx_word' id='word_1_343' title='bbox 902 3564 1022 3602; x_wconf 90' lang='lat' dir='ltr'><strong>eam</strong></span> <span class='ocrx_word' id='word_1_344' title='bbox 1054 3552 1286 3613; x_wconf 90' lang='lat' dir='ltr'><strong>accedit,</strong></span> <span class='ocrx_word' id='word_1_345' title='bbox 1317 3562 1373 3607; x_wconf 90' lang='lat' dir='ltr'><strong>et</strong></span> <span class='ocrx_word' id='word_1_346' title='bbox 1422 3548 1665 3609; x_wconf 83' lang='lat' dir='ltr'><strong>medium</strong></span> <span class='ocrx_word' id='word_1_347' title='bbox 1689 3559 1808 3626; x_wconf 85' lang='lat' dir='ltr'><strong>ejus</strong></span> <span class='ocrx_word' id='word_1_348' title='bbox 1838 3569 2065 3627; x_wconf 89' lang='lat' dir='ltr'><strong>quatere</strong></span> 
     </span>
    </p>
   </div>
   <div class='ocr_carea' id='block_1_52' title="bbox 497 3635 2066 3715">
    <p class='ocr_par' dir='ltr' id='par_1_52' title="bbox 497 3635 2066 3715">
     <span class='ocr_line' id='line_1_52' title="bbox 497 3635 2066 3715; baseline 0.011 -28"><span class='ocrx_word' id='word_1_349' title='bbox 497 3635 694 3689; x_wconf 89' lang='lat' dir='ltr'><strong>nititur</strong></span> <span class='ocrx_word' id='word_1_350' title='bbox 731 3654 743 3689; x_wconf 90' lang='lat'><strong>:</strong></span> <span class='ocrx_word' id='word_1_351' title='bbox 774 3637 825 3690; x_wconf 89' lang='lat' dir='ltr'><strong>id</strong></span> <span class='ocrx_word' id='word_1_352' title='bbox 851 3639 997 3706; x_wconf 86' lang='lat' dir='ltr'><strong>quod</strong></span> <span class='ocrx_word' id='word_1_353' title='bbox 1034 3639 1239 3694; x_wconf 87' lang='lat' dir='ltr'><strong>Severo</strong></span> <span class='ocrx_word' id='word_1_354' title='bbox 1276 3642 1525 3697; x_wconf 85' lang='lat' dir='ltr'><strong>evenisse</strong></span> <span class='ocrx_word' id='word_1_355' title='bbox 1570 3648 1895 3715; x_wconf 90' lang='lat' dir='ltr'><strong>reperimus.</strong></span> <span class='ocrx_word' id='word_1_356' title='bbox 1926 3649 2066 3714; x_wconf 85' lang='lat' dir='ltr'><strong>Quia</strong></span> 
     </span>
    </p>
   </div>
   <div class='ocr_carea' id='block_1_53' title="bbox 493 3724 2065 3808">
    <p class='ocr_par' dir='ltr' id='par_1_53' title="bbox 493 3724 2065 3808">
     <span class='ocr_line' id='line_1_53' title="bbox 493 3724 2065 3808; baseline 0.013 -33"><span class='ocrx_word' id='word_1_357' title='bbox 493 3724 663 3786; x_wconf 82' lang='lat' dir='ltr'><strong>enim,</strong></span> <span class='ocrx_word' id='word_1_358' title='bbox 705 3733 765 3779; x_wconf 90' lang='lat' dir='ltr'><strong>ut</strong></span> <span class='ocrx_word' id='word_1_359' title='bbox 788 3726 1048 3791; x_wconf 83' lang='lat' dir='ltr'><strong>diximus,</strong></span> <span class='ocrx_word' id='word_1_360' title='bbox 1087 3730 1329 3783; x_wconf 90' lang='lat' dir='ltr'><strong>medium</strong></span> <span class='ocrx_word' id='word_1_361' title='bbox 1366 3731 1571 3802; x_wconf 86' lang='lat' dir='ltr'><strong>aliquid</strong></span> <span class='ocrx_word' id='word_1_362' title='bbox 1624 3752 1826 3791; x_wconf 90' lang='lat' dir='ltr'><strong>novum</strong></span> <span class='ocrx_word' id='word_1_363' title='bbox 1863 3748 2065 3808; x_wconf 75' lang='lat' dir='ltr'><strong>pneter</strong></span> 
     </span>
    </p>
   </div>
   <div class='ocr_carea' id='block_1_54' title="bbox 495 3808 2065 3895">
    <p class='ocr_par' dir='ltr' id='par_1_54' title="bbox 495 3808 2065 3895">
     <span class='ocr_line' id='line_1_54' title="bbox 495 3808 2065 3895; baseline 0.015 -30"><span class='ocrx_word' id='word_1_364' title='bbox 495 3814 780 3869; x_wconf 74' lang='lat' dir='ltr'><strong>veritatem</strong></span> <span class='ocrx_word' id='word_1_365' title='bbox 818 3828 1049 3874; x_wconf 88' lang='lat' dir='ltr'><strong>conatus</strong></span> <span class='ocrx_word' id='word_1_366' title='bbox 1078 3822 1460 3888; x_wconf 62' lang='lat' dir='ltr'><strong>estvinvenire,</strong></span> <span class='ocrx_word' id='word_1_367' title='bbox 1489 3808 1636 3895; x_wconf 80' lang='lat' dir='ltr'><strong>quod</strong></span> <span class='ocrx_word' id='word_1_368' title='bbox 1673 3829 1921 3885; x_wconf 87' lang='lat' dir='ltr'><strong>invenire</strong></span> <span class='ocrx_word' id='word_1_369' title='bbox 1954 3849 2065 3888; x_wconf 90' lang='lat' dir='ltr'><strong>non</strong></span> 
     </span>
    </p>
   </div>
   <div class='ocr_carea' id='block_1_55' title="bbox 495 3903 2065 3989">
    <p class='ocr_par' dir='ltr' id='par_1_55' title="bbox 495 3903 2065 3989">
     <span class='ocr_line' id='line_1_55' title="bbox 495 3903 2065 3989; baseline 0.017 -36"><span class='ocrx_word' id='word_1_370' title='bbox 495 3903 693 3971; x_wconf 86' lang='lat' dir='ltr'><strong>potuit,</strong></span> <span class='ocrx_word' id='word_1_371' title='bbox 732 3905 865 3959; x_wconf 78' lang='lat' dir='ltr'><strong>fecit</strong></span> <span class='ocrx_word' id='word_1_372' title='bbox 894 3908 1029 3975; x_wconf 90' lang='lat' dir='ltr'><strong>ipse.</strong></span> <span class='ocrx_word' id='word_1_373' title='bbox 1076 3909 1211 3965; x_wconf 93' lang='lat' dir='ltr'><strong>Cum</strong></span> <span class='ocrx_word' id='word_1_374' title='bbox 1246 3915 1392 3967; x_wconf 88' lang='lat' dir='ltr'><strong>enim</strong></span> <span class='ocrx_word' id='word_1_375' title='bbox 1427 3914 1662 3973; x_wconf 88' lang='lat' dir='ltr'><strong>Severus</strong></span> <span class='ocrx_word' id='word_1_376' title='bbox 1694 3921 1807 3989; x_wconf 89' lang='lat' dir='ltr'><strong>ipse</strong></span> <span class='ocrx_word' id='word_1_377' title='bbox 1851 3924 2065 3979; x_wconf 90' lang='lat' dir='ltr'><strong>diceret</strong></span> 
     </span>
    </p>
   </div>
   <div class='ocr_carea' id='block_1_56' title="bbox 492 3991 2064 4069">
    <p class='ocr_par' dir='ltr' id='par_1_56' title="bbox 492 3991 2064 4069">
     <span class='ocr_line' id='line_1_56' title="bbox 492 3991 2064 4069; baseline 0.015 -26"><span class='ocrx_word' id='word_1_378' title='bbox 492 4006 612 4044; x_wconf 89' lang='lat' dir='ltr'><strong>esse</strong></span> <span class='ocrx_word' id='word_1_379' title='bbox 647 3991 926 4046; x_wconf 85' lang='lat' dir='ltr'><strong>Christum</strong></span> <span class='ocrx_word' id='word_1_380' title='bbox 966 4000 1132 4050; x_wconf 82' lang='lat' dir='ltr'><strong>‘unam</strong></span> <span class='ocrx_word' id='word_1_381' title='bbox 1169 4009 1444 4069; x_wconf 88' lang='lat' dir='ltr'><strong>naturam,</strong></span> <span class='ocrx_word' id='word_1_382' title='bbox 1496 4014 1554 4059; x_wconf 92' lang='lat' dir='ltr'><strong>et</strong></span> <span class='ocrx_word' id='word_1_383' title='bbox 1592 4008 1960 4065; x_wconf 71' lang='lat' dir='ltr'><strong>differentiam</strong></span> <span class='ocrx_word' id='word_1_384' title='bbox 2007 4013 2064 4067; x_wconf 91' lang='lat' dir='ltr'><strong>in</strong></span> 
     </span>
    </p>
   </div>
   <div class='ocr_carea' id='block_1_57' title="bbox 491 4081 2061 4168">
    <p class='ocr_par' dir='ltr' id='par_1_57' title="bbox 491 4081 2061 4168">
     <span class='ocr_line' id='line_1_57' title="bbox 491 4081 2061 4168; baseline 0.015 -34"><span class='ocrx_word' id='word_1_385' title='bbox 491 4081 712 4137; x_wconf 86' lang='lat' dir='ltr'><strong>Christo</strong></span> <span class='ocrx_word' id='word_1_386' title='bbox 760 4086 1063 4154; x_wconf 81' lang='lat' dir='ltr'><strong>reciperet;</strong></span> <span class='ocrx_word' id='word_1_387' title='bbox 1106 4090 1356 4167; x_wconf 72' lang='lat' dir='ltr'><strong>Julianus</strong></span> <span class='ocrx_word' id='word_1_388' title='bbox 1404 4111 1537 4149; x_wconf 89' lang='lat' dir='ltr'><strong>vero</strong></span> <span class='ocrx_word' id='word_1_389' title='bbox 1583 4115 1747 4153; x_wconf 90' lang='lat' dir='ltr'><strong>unam</strong></span> <span class='ocrx_word' id='word_1_390' title='bbox 1791 4112 2061 4168; x_wconf 88' lang='lat' dir='ltr'><strong>naturam,</strong></span> 
     </span>
    </p>
   </div>
   <div class='ocr_carea' id='block_1_58' title="bbox 494 4172 2060 4247">
    <p class='ocr_par' dir='ltr' id='par_1_58' title="bbox 494 4172 2060 4247">
     <span class='ocr_line' id='line_1_58' title="bbox 494 4172 2060 4247; baseline 0.013 -22"><span class='ocrx_word' id='word_1_391' title='bbox 494 4172 636 4227; x_wconf 88' lang='lat' dir='ltr'><strong>sicut</strong></span> <span class='ocrx_word' id='word_1_392' title='bbox 686 4174 941 4241; x_wconf 87' lang='lat' dir='ltr'><strong>Severus,</strong></span> <span class='ocrx_word' id='word_1_393' title='bbox 976 4192 1224 4247; x_wconf 85' lang='lat' dir='ltr'><strong>poneret,</strong></span> <span class='ocrx_word' id='word_1_394' title='bbox 1268 4184 1364 4238; x_wconf 92' lang='lat' dir='ltr'><strong>sed</strong></span> <span class='ocrx_word' id='word_1_395' title='bbox 1406 4185 1773 4243; x_wconf 80' lang='lat' dir='ltr'><strong>diﬂ&#39;erentiam</strong></span> <span class='ocrx_word' id='word_1_396' title='bbox 1799 4192 2060 4247; x_wconf 89' lang='lat' dir='ltr'><strong>tolleret:</strong></span> 
     </span>
    </p>
   </div>
   <div class='ocr_carea' id='block_1_59' title="bbox 495 4261 2062 4339">
    <p class='ocr_par' dir='ltr' id='par_1_59' title="bbox 495 4261 2062 4339">
     <span class='ocr_line' id='line_1_59' title="bbox 495 4261 2062 4339; baseline 0.015 -27"><span class='ocrx_word' id='word_1_397' title='bbox 495 4261 724 4325; x_wconf 87' lang='lat' dir='ltr'><strong>veritas,</strong></span> <span class='ocrx_word' id='word_1_398' title='bbox 751 4264 805 4317; x_wconf 91' lang='lat' dir='ltr'><strong>id</strong></span> <span class='ocrx_word' id='word_1_399' title='bbox 820 4274 922 4329; x_wconf 85' lang='lat' dir='ltr'><strong>est,</strong></span> <span class='ocrx_word' id='word_1_400' title='bbox 947 4270 1317 4327; x_wconf 84' lang='lat' dir='ltr'><strong>ecclesiastica</strong></span> <span class='ocrx_word' id='word_1_401' title='bbox 1340 4274 1615 4339; x_wconf 88' lang='lat' dir='ltr'><strong>doctrina,</strong></span> <span class='ocrx_word' id='word_1_402' title='bbox 1638 4294 1797 4333; x_wconf 89' lang='lat' dir='ltr'><strong>suum</strong></span> <span class='ocrx_word' id='word_1_403' title='bbox 1821 4281 2062 4336; x_wconf 91' lang='lat' dir='ltr'><strong>medium</strong></span> 
     </span>
    </p>
   </div>
   <div class='ocr_carea' id='block_1_60' title="bbox 495 4342 2057 4432">
    <p class='ocr_par' dir='ltr' id='par_1_60' title="bbox 495 4342 2057 4432">
     <span class='ocr_line' id='line_1_60' title="bbox 495 4342 2057 4432; baseline 0.014 -28"><span class='ocrx_word' id='word_1_404' title='bbox 495 4352 700 4421; x_wconf 89' lang='lat' dir='ltr'><strong>ubique</strong></span> <span class='ocrx_word' id='word_1_405' title='bbox 721 4357 1058 4421; x_wconf 85' lang='lat' dir='ltr'><strong>custodiens,</strong></span> <span class='ocrx_word' id='word_1_406' title='bbox 1082 4342 1279 4430; x_wconf 77' lang='lat' dir='ltr'><strong>recipit</strong></span> <span class='ocrx_word' id='word_1_407' title='bbox 1298 4366 1518 4432; x_wconf 89' lang='lat' dir='ltr'><strong>quidem</strong></span> <span class='ocrx_word' id='word_1_408' title='bbox 1543 4367 1932 4431; x_wconf 77' lang='lat' dir='ltr'><strong>dill‘erentiam,</strong></span> <span class='ocrx_word' id='word_1_409' title='bbox 1960 4373 2057 4426; x_wconf 90' lang='lat' dir='ltr'><strong>sed</strong></span> 
     </span>
    </p>
   </div>
   <div class='ocr_carea' id='block_1_61' title="bbox 2177 1856 3742 1928">
    <p class='ocr_par' dir='ltr' id='par_1_61' title="bbox 2177 1856 3742 1928">
     <span class='ocr_line' id='line_1_61' title="bbox 2177 1856 3742 1928; baseline -0.001 -21"><span class='ocrx_word' id='word_1_410' title='bbox 2177 1856 2443 1924; x_wconf 78' lang='grc' dir='ltr'>προπετὲς</span> <span class='ocrx_word' id='word_1_411' title='bbox 2464 1857 2833 1926; x_wconf 71' lang='grc' dir='ltr'>ὑπελάμϐανε.</span> <span class='ocrx_word' id='word_1_412' title='bbox 2877 1857 2974 1909; x_wconf 77' lang='grc' dir='ltr'>καὶ</span> <span class='ocrx_word' id='word_1_413' title='bbox 3008 1858 3162 1909; x_wconf 82' lang='grc' dir='ltr'>οὐδὲν</span> <span class='ocrx_word' id='word_1_414' title='bbox 3189 1856 3377 1925; x_wconf 72' lang='grc' dir='ltr'>ἕτερον</span> <span class='ocrx_word' id='word_1_415' title='bbox 3404 1856 3438 1924; x_wconf 86' lang='grc' dir='ltr'>ἢ</span> <span class='ocrx_word' id='word_1_416' title='bbox 3471 1861 3652 1925; x_wconf 68' lang='grc' dir='ltr'>γυμνῇ</span> <span class='ocrx_word' id='word_1_417' title='bbox 3674 1861 3742 1928; x_wconf 73' lang='grc' dir='ltr'>τῇ</span> 
     </span>
    </p>
   </div>
   <div class='ocr_carea' id='block_1_62' title="bbox 2176 1946 3744 2020">
    <p class='ocr_par' dir='ltr' id='par_1_62' title="bbox 2176 1946 3744 2020">
     <span class='ocr_line' id='line_1_62' title="bbox 2176 1946 3744 2020; baseline 0.002 -22"><span class='ocrx_word' id='word_1_418' title='bbox 2176 1946 2407 2015; x_wconf 72' lang='grc' dir='ltr'>κεφαλῇ,</span> <span class='ocrx_word' id='word_1_419' title='bbox 2435 1948 2529 2001; x_wconf 77' lang='grc' dir='ltr'>καὶ</span> <span class='ocrx_word' id='word_1_420' title='bbox 2553 1948 2978 2020; x_wconf 84' lang='grc' dir='ltr'>ἀπερικαλύπτῳ</span> <span class='ocrx_word' id='word_1_421' title='bbox 3001 1948 3076 2019; x_wconf 81' lang='grc' dir='ltr'>τῷ</span> <span class='ocrx_word' id='word_1_422' title='bbox 3102 1948 3330 2018; x_wconf 79' lang='grc' dir='ltr'>στόματι</span> <span class='ocrx_word' id='word_1_423' title='bbox 3362 1947 3619 2017; x_wconf 71' lang='grc' dir='ltr'>πολεμεῖν</span> <span class='ocrx_word' id='word_1_424' title='bbox 3643 1948 3744 2019; x_wconf 62' lang='grc' dir='ltr'><strong>τὴν</strong></span> 
     </span>
    </p>
   </div>
   <div class='ocr_carea' id='block_1_63' title="bbox 2174 2034 2475 2090">
    <p class='ocr_par' dir='ltr' id='par_1_63' title="bbox 2174 2034 2475 2090">
     <span class='ocr_line' id='line_1_63' title="bbox 2174 2034 2475 2090; baseline 0.013 -4"><span class='ocrx_word' id='word_1_425' title='bbox 2174 2034 2475 2090; x_wconf 79' lang='grc' dir='ltr'>εὐσέϐειαν.</span> 
     </span>
    </p>
   </div>
   <div class='ocr_carea' id='block_1_64' title="bbox 2717 2220 3196 2324">
    <p class='ocr_par' dir='ltr' id='par_1_64' title="bbox 2717 2220 3196 2324">
     <span class='ocr_line' id='line_1_64' title="bbox 2717 2220 3196 2324; baseline 0.004 -15"><span class='ocrx_word' id='word_1_426' title='bbox 2717 2256 2868 2319; x_wconf 80' lang='grc' dir='ltr'>Δόξα</span> <span class='ocrx_word' id='word_1_427' title='bbox 2910 2260 3196 2324; x_wconf 70' lang='grc' dir='ltr'>Σευῆρον.</span> 
     </span>
    </p>
   </div>
   <div class='ocr_carea' id='block_1_65' title="bbox 2255 2383 3741 2457">
    <p class='ocr_par' dir='ltr' id='par_1_65' title="bbox 2255 2383 3741 2457">
     <span class='ocr_line' id='line_1_65' title="bbox 2255 2383 3741 2457; baseline 0.003 -22"><span class='ocrx_word' id='word_1_428' title='bbox 2255 2384 2349 2436; x_wconf 82' lang='grc' dir='ltr'>Ἐκ</span> <span class='ocrx_word' id='word_1_429' title='bbox 2397 2383 2586 2436; x_wconf 84' lang='grc' dir='ltr'>τούτου</span> <span class='ocrx_word' id='word_1_430' title='bbox 2638 2385 2871 2455; x_wconf 85' lang='grc' dir='ltr'>Σευῆρος</span> <span class='ocrx_word' id='word_1_431' title='bbox 2931 2386 3139 2453; x_wconf 83' lang='grc' dir='ltr'>γίνεται</span> <span class='ocrx_word' id='word_1_432' title='bbox 3190 2388 3282 2439; x_wconf 77' lang='grc' dir='ltr'>καὶ</span> <span class='ocrx_word' id='word_1_433' title='bbox 3341 2387 3521 2455; x_wconf 79' lang='grc' dir='ltr'>ἐαυτῷ</span> <span class='ocrx_word' id='word_1_434' title='bbox 3546 2386 3642 2439; x_wconf 78' lang='grc' dir='ltr'>καὶ</span> <span class='ocrx_word' id='word_1_435' title='bbox 3668 2390 3741 2457; x_wconf 64' lang='grc' dir='ltr'>τῇ</span> 
     </span>
    </p>
   </div>
   <div class='ocr_carea' id='block_1_66' title="bbox 2171 2470 3743 2543">
    <p class='ocr_par' dir='ltr' id='par_1_66' title="bbox 2171 2470 3743 2543">
     <span class='ocr_line' id='line_1_66' title="bbox 2171 2470 3743 2543; baseline 0.001 -17"><span class='ocrx_word' id='word_1_436' title='bbox 2171 2470 2399 2541; x_wconf 77' lang='grc' dir='ltr'><strong>ἀληθείᾳ</strong></span> <span class='ocrx_word' id='word_1_437' title='bbox 2427 2474 2519 2526; x_wconf 78' lang='grc' dir='ltr'>καὶ</span> <span class='ocrx_word' id='word_1_438' title='bbox 2554 2472 2631 2542; x_wconf 82' lang='grc' dir='ltr'>τῷ</span> <span class='ocrx_word' id='word_1_439' title='bbox 2657 2474 2857 2540; x_wconf 86' lang='grc' dir='ltr'>γείτονι</span> <span class='ocrx_word' id='word_1_440' title='bbox 2896 2474 3061 2527; x_wconf 83' lang='grc' dir='ltr'>αὐτοῦ</span> <span class='ocrx_word' id='word_1_441' title='bbox 3088 2475 3271 2543; x_wconf 78' lang='grc' dir='ltr'>ψεύδει</span> <span class='ocrx_word' id='word_1_442' title='bbox 3307 2477 3602 2539; x_wconf 73' lang='grc' dir='ltr'>ἀντίθετος.</span> <span class='ocrx_word' id='word_1_443' title='bbox 3642 2478 3743 2530; x_wconf 74' lang='grc' dir='ltr'>καὶ</span> 
     </span>
    </p>
   </div>
   <div class='ocr_carea' id='block_1_67' title="bbox 2172 2562 3741 2635">
    <p class='ocr_par' dir='ltr' id='par_1_67' title="bbox 2172 2562 3741 2635">
     <span class='ocr_line' id='line_1_67' title="bbox 2172 2562 3741 2635; baseline 0 -18"><span class='ocrx_word' id='word_1_444' title='bbox 2172 2562 2294 2617; x_wconf 78' lang='grc' dir='ltr'>οὔτε</span> <span class='ocrx_word' id='word_1_445' title='bbox 2320 2564 2456 2626; x_wconf 81' lang='grc' dir='ltr'>ὅλως</span> <span class='ocrx_word' id='word_1_446' title='bbox 2476 2564 2682 2635; x_wconf 82' lang='grc' dir='ltr'>ἀληθὴς</span> <span class='ocrx_word' id='word_1_447' title='bbox 2706 2563 2831 2617; x_wconf 76' lang='grc' dir='ltr'>οὔτε</span> <span class='ocrx_word' id='word_1_448' title='bbox 2858 2564 2995 2627; x_wconf 82' lang='grc' dir='ltr'>ὅλως</span> <span class='ocrx_word' id='word_1_449' title='bbox 3014 2565 3237 2634; x_wconf 81' lang='grc' dir='ltr'>ψευδὴς,</span> <span class='ocrx_word' id='word_1_450' title='bbox 3270 2567 3384 2619; x_wconf 84' lang='grc' dir='ltr'>ἀλλ’</span> <span class='ocrx_word' id='word_1_451' title='bbox 3418 2562 3530 2620; x_wconf 73' lang='grc' dir='ltr'>οἷον</span> <span class='ocrx_word' id='word_1_452' title='bbox 3558 2568 3741 2619; x_wconf 73' lang='grc' dir='ltr'>εἰπεῖν</span> 
     </span>
    </p>
   </div>
   <div class='ocr_carea' id='block_1_68' title="bbox 2170 2650 3741 2724">
    <p class='ocr_par' dir='ltr' id='par_1_68' title="bbox 2170 2650 3741 2724">
     <span class='ocr_line' id='line_1_68' title="bbox 2170 2650 3741 2724; baseline 0.002 -23"><span class='ocrx_word' id='word_1_453' title='bbox 2170 2650 2529 2720; x_wconf 81' lang='grc' dir='ltr'>ψευδαληθὴς,</span> <span class='ocrx_word' id='word_1_454' title='bbox 2568 2653 2751 2722; x_wconf 86' lang='grc' dir='ltr'>ὅμοιος</span> <span class='ocrx_word' id='word_1_455' title='bbox 2775 2655 2843 2722; x_wconf 82' lang='grc' dir='ltr'><strong>τῇ</strong></span> <span class='ocrx_word' id='word_1_456' title='bbox 2873 2654 2966 2706; x_wconf 80' lang='grc' dir='ltr'><strong>ὑπ’</strong></span> <span class='ocrx_word' id='word_1_457' title='bbox 3010 2653 3175 2705; x_wconf 85' lang='grc' dir='ltr'>αὐτοῦ</span> <span class='ocrx_word' id='word_1_458' title='bbox 3210 2653 3602 2724; x_wconf 69' lang='grc' dir='ltr'>ἐπινενοημένη</span> <span class='ocrx_word' id='word_1_459' title='bbox 3632 2654 3741 2722; x_wconf 67' lang='grc' dir='ltr'><strong>μιᾷ</strong></span> 
     </span>
    </p>
   </div>
   <div class='ocr_carea' id='block_1_69' title="bbox 2172 2739 3737 2815">
    <p class='ocr_par' dir='ltr' id='par_1_69' title="bbox 2172 2739 3737 2815">
     <span class='ocr_line' id='line_1_69' title="bbox 2172 2739 3737 2815; baseline 0.003 -25"><span class='ocrx_word' id='word_1_460' title='bbox 2172 2739 2407 2808; x_wconf 82' lang='grc' dir='ltr'>συνθέτῳ</span> <span class='ocrx_word' id='word_1_461' title='bbox 2431 2740 2610 2805; x_wconf 86' lang='grc' dir='ltr'>φύσει.</span> <span class='ocrx_word' id='word_1_462' title='bbox 2640 2742 2737 2795; x_wconf 87' lang='grc' dir='ltr'>Διὰ</span> <span class='ocrx_word' id='word_1_463' title='bbox 2772 2742 2929 2796; x_wconf 78' lang='grc' dir='ltr'>τοῦτο</span> <span class='ocrx_word' id='word_1_464' title='bbox 2955 2745 3053 2809; x_wconf 75' lang='grc' dir='ltr'><strong>καὶΔ</strong></span> <span class='ocrx_word' id='word_1_465' title='bbox 3086 2742 3220 2815; x_wconf 83' lang='grc' dir='ltr'>πρὸς</span> <span class='ocrx_word' id='word_1_466' title='bbox 3259 2744 3453 2796; x_wconf 77' lang='grc' dir='ltr'>ἑαυτὸν</span> <span class='ocrx_word' id='word_1_467' title='bbox 3487 2744 3737 2812; x_wconf 77' lang='grc' dir='ltr'>μάχιμος</span> 
     </span>
    </p>
   </div>
   <div class='ocr_carea' id='block_1_70' title="bbox 2172 2829 3739 2902">
    <p class='ocr_par' dir='ltr' id='par_1_70' title="bbox 2172 2829 3739 2902">
     <span class='ocr_line' id='line_1_70' title="bbox 2172 2829 3739 2902; baseline 0.001 -20"><span class='ocrx_word' id='word_1_468' title='bbox 2172 2829 2267 2882; x_wconf 79' lang='grc' dir='ltr'>καὶ</span> <span class='ocrx_word' id='word_1_469' title='bbox 2300 2830 2685 2899; x_wconf 63' lang='grc' dir='ltr'>ἁπαλίμῶλος,</span> <span class='ocrx_word' id='word_1_470' title='bbox 2712 2832 2934 2902; x_wconf 76' lang='grc' dir='ltr'>ἠλιθίως</span> <span class='ocrx_word' id='word_1_471' title='bbox 2968 2834 3138 2896; x_wconf 77' lang='grc' dir='ltr'>ὅντως</span> <span class='ocrx_word' id='word_1_472' title='bbox 3177 2835 3270 2886; x_wconf 77' lang='grc' dir='ltr'>καὶ</span> <span class='ocrx_word' id='word_1_473' title='bbox 3310 2832 3540 2902; x_wconf 82' lang='grc' dir='ltr'>ἀμαθῶς</span> <span class='ocrx_word' id='word_1_474' title='bbox 3570 2833 3739 2902; x_wconf 72' lang='grc' dir='ltr'>μέσον</span> 
     </span>
    </p>
   </div>
   <div class='ocr_carea' id='block_1_71' title="bbox 2169 2920 3739 2993">
    <p class='ocr_par' dir='ltr' id='par_1_71' title="bbox 2169 2920 3739 2993">
     <span class='ocr_line' id='line_1_71' title="bbox 2169 2920 3739 2993; baseline -0.001 -21"><span class='ocrx_word' id='word_1_475' title='bbox 2169 2937 2223 2973; x_wconf 85' lang='grc' dir='ltr'><strong>τι</strong></span> <span class='ocrx_word' id='word_1_476' title='bbox 2268 2921 2453 2990; x_wconf 85' lang='grc' dir='ltr'>χρῆμα</span> <span class='ocrx_word' id='word_1_477' title='bbox 2496 2920 2724 2990; x_wconf 78' lang='grc' dir='ltr'>ψεύδους</span> <span class='ocrx_word' id='word_1_478' title='bbox 2753 2923 2858 2976; x_wconf 77' lang='grc' dir='ltr'>’καὶ</span> <span class='ocrx_word' id='word_1_479' title='bbox 2911 2924 3169 2993; x_wconf 80' lang='grc' dir='ltr'>ἀληθείας</span> <span class='ocrx_word' id='word_1_480' title='bbox 3216 2924 3418 2993; x_wconf 80' lang='grc' dir='ltr'>ζητῶν,</span> <span class='ocrx_word' id='word_1_481' title='bbox 3455 2922 3594 2991; x_wconf 72' lang='grc' dir='ltr'>ὅπερ</span> <span class='ocrx_word' id='word_1_482' title='bbox 3633 2921 3739 2973; x_wconf 77' lang='grc' dir='ltr'>οὐκ</span> 
     </span>
    </p>
   </div>
   <div class='ocr_carea' id='block_1_72' title="bbox 2170 3006 3737 3082">
    <p class='ocr_par' dir='ltr' id='par_1_72' title="bbox 2170 3006 3737 3082">
     <span class='ocr_line' id='line_1_72' title="bbox 2170 3006 3737 3082; baseline 0.002 -21"><span class='ocrx_word' id='word_1_483' title='bbox 2170 3008 2305 3062; x_wconf 76' lang='grc' dir='ltr'>ἔστι,</span> <span class='ocrx_word' id='word_1_484' title='bbox 2355 3010 2648 3081; x_wconf 80' lang='grc' dir='ltr'>Μεσότητα</span> <span class='ocrx_word' id='word_1_485' title='bbox 2707 3012 2816 3082; x_wconf 80' lang='grc' dir='ltr'><strong>γὰρ</strong></span> <span class='ocrx_word' id='word_1_486' title='bbox 2860 3006 3116 3081; x_wconf 76' lang='grc' dir='ltr'>ἀληθείας</span> <span class='ocrx_word' id='word_1_487' title='bbox 3175 3014 3272 3065; x_wconf 76' lang='grc' dir='ltr'>καὶ</span> <span class='ocrx_word' id='word_1_488' title='bbox 3330 3012 3562 3082; x_wconf 69' lang='grc' dir='ltr'>ψεύδους</span> <span class='ocrx_word' id='word_1_489' title='bbox 3607 3010 3737 3064; x_wconf 69' lang='grc' dir='ltr'>οὗτε</span> 
     </span>
    </p>
   </div>
   <div class='ocr_carea' id='block_1_73' title="bbox 2171 3098 3739 3170">
    <p class='ocr_par' dir='ltr' id='par_1_73' title="bbox 2171 3098 3739 3170">
     <span class='ocr_line' id='line_1_73' title="bbox 2171 3098 3739 3170; baseline -0.001 -20"><span class='ocrx_word' id='word_1_490' title='bbox 2171 3100 2370 3167; x_wconf 81' lang='grc' dir='ltr'><strong>εὑρεῖν,</strong></span> <span class='ocrx_word' id='word_1_491' title='bbox 2408 3098 2531 3151; x_wconf 66' lang='grc' dir='ltr'>οὔτε</span> <span class='ocrx_word' id='word_1_492' title='bbox 2557 3100 2839 3167; x_wconf 77' lang='grc' dir='ltr'>ἐπινοῆσαι</span> <span class='ocrx_word' id='word_1_493' title='bbox 2872 3102 3094 3152; x_wconf 76' lang='grc' dir='ltr'>δυνατόν</span> <span class='ocrx_word' id='word_1_494' title='bbox 3120 3116 3135 3128; x_wconf 88' lang='grc'><strong>·</strong></span> <span class='ocrx_word' id='word_1_495' title='bbox 3178 3103 3211 3168; x_wconf 85' lang='grc' dir='ltr'>ἡ</span> <span class='ocrx_word' id='word_1_496' title='bbox 3241 3101 3340 3168; x_wconf 77' lang='grc' dir='ltr'>μὲν</span> <span class='ocrx_word' id='word_1_497' title='bbox 3373 3102 3481 3170; x_wconf 71' lang='grc' dir='ltr'>γὰρ</span> <span class='ocrx_word' id='word_1_498' title='bbox 3507 3099 3739 3169; x_wconf 72' lang='grc' dir='ltr'>ἀλήθεια</span> 
     </span>
    </p>
   </div>
   <div class='ocr_carea' id='block_1_74' title="bbox 2178 3189 3741 3260">
    <p class='ocr_par' dir='ltr' id='par_1_74' title="bbox 2178 3189 3741 3260">
     <span class='ocr_line' id='line_1_74' title="bbox 2178 3189 3741 3260; baseline 0.003 -20"><span class='ocrx_word' id='word_1_499' title='bbox 2178 3189 2317 3259; x_wconf 90' lang='grc' dir='ltr'>μέση</span> <span class='ocrx_word' id='word_1_500' title='bbox 2364 3190 2453 3243; x_wconf 78' lang='grc' dir='ltr'>ἀεὶ</span> <span class='ocrx_word' id='word_1_501' title='bbox 2489 3189 2584 3243; x_wconf 69' lang='grc' dir='ltr'>καὶ</span> <span class='ocrx_word' id='word_1_502' title='bbox 2614 3190 3039 3260; x_wconf 81' lang='grc' dir='ltr'>ἀπαρέγκλιτος,</span> <span class='ocrx_word' id='word_1_503' title='bbox 3090 3191 3184 3243; x_wconf 69' lang='grc' dir='ltr'><strong>καὶ</strong></span> <span class='ocrx_word' id='word_1_504' title='bbox 3213 3190 3301 3243; x_wconf 76' lang='grc' dir='ltr'><strong>διὰ</strong></span> <span class='ocrx_word' id='word_1_505' title='bbox 3339 3192 3497 3243; x_wconf 85' lang='grc' dir='ltr'>τοῦτο</span> <span class='ocrx_word' id='word_1_506' title='bbox 3542 3190 3741 3260; x_wconf 69' lang='grc' dir='ltr'>ἀδραξα</span> 
     </span>
    </p>
   </div>
   <div class='ocr_carea' id='block_1_75' title="bbox 2172 3276 3738 3347">
    <p class='ocr_par' dir='ltr' id='par_1_75' title="bbox 2172 3276 3738 3347">
     <span class='ocr_line' id='line_1_75' title="bbox 2172 3276 3738 3347; baseline -0.001 -17"><span class='ocrx_word' id='word_1_507' title='bbox 2172 3278 2265 3330; x_wconf 76' lang='grc' dir='ltr'>καὶ</span> <span class='ocrx_word' id='word_1_508' title='bbox 2304 3277 2566 3331; x_wconf 84' lang='grc' dir='ltr'>πάντοθεν</span> <span class='ocrx_word' id='word_1_509' title='bbox 2618 3277 2705 3347; x_wconf 85' lang='grc' dir='ltr'>ῐση</span> <span class='ocrx_word' id='word_1_510' title='bbox 2753 3279 2847 3330; x_wconf 78' lang='grc' dir='ltr'>καὶ</span> <span class='ocrx_word' id='word_1_511' title='bbox 2890 3276 3210 3339; x_wconf 83' lang='grc' dir='ltr'>εύθύτονος·</span> <span class='ocrx_word' id='word_1_512' title='bbox 3259 3277 3323 3329; x_wconf 90' lang='grc' dir='ltr'><strong>ού</strong></span> <span class='ocrx_word' id='word_1_513' title='bbox 3369 3277 3738 3345; x_wconf 68' lang='grc' dir='ltr'>παραδέχεται</span> 
     </span>
    </p>
   </div>
   <div class='ocr_carea' id='block_1_76' title="bbox 2169 3364 3741 3439">
    <p class='ocr_par' dir='ltr' id='par_1_76' title="bbox 2169 3364 3741 3439">
     <span class='ocr_line' id='line_1_76' title="bbox 2169 3364 3741 3439; baseline -0.003 -18"><span class='ocrx_word' id='word_1_514' title='bbox 2169 3364 2264 3422; x_wconf 82' lang='grc' dir='ltr'>οὖν</span> <span class='ocrx_word' id='word_1_515' title='bbox 2302 3368 2490 3439; x_wconf 71' lang='grc' dir='ltr'>ἕτερόν</span> <span class='ocrx_word' id='word_1_516' title='bbox 2528 3386 2583 3422; x_wconf 90' lang='grc' dir='ltr'><strong>τι</strong></span> <span class='ocrx_word' id='word_1_517' title='bbox 2628 3368 2688 3422; x_wconf 89' lang='grc' dir='ltr'><strong>τδ</strong></span> <span class='ocrx_word' id='word_1_518' title='bbox 2738 3369 3027 3438; x_wconf 70' lang='grc' dir='ltr'>ὲγκάρσιον</span> <span class='ocrx_word' id='word_1_519' title='bbox 3060 3366 3227 3437; x_wconf 76' lang='grc' dir='ltr'>αὐτὴν</span> <span class='ocrx_word' id='word_1_520' title='bbox 3263 3364 3582 3428; x_wconf 78' lang='grc' dir='ltr'>ἀποτελοῦν,</span> <span class='ocrx_word' id='word_1_521' title='bbox 3638 3366 3741 3418; x_wconf 81' lang='grc' dir='ltr'>καὶ</span> 
     </span>
    </p>
   </div>
   <div class='ocr_carea' id='block_1_77' title="bbox 2169 3456 3736 3529">
    <p class='ocr_par' dir='ltr' id='par_1_77' title="bbox 2169 3456 3736 3529">
     <span class='ocr_line' id='line_1_77' title="bbox 2169 3456 3736 3529; baseline 0.001 -20"><span class='ocrx_word' id='word_1_522' title='bbox 2169 3457 2402 3523; x_wconf 81' lang='grc' dir='ltr'>ὲξωθοῦν</span> <span class='ocrx_word' id='word_1_523' title='bbox 2455 3461 2551 3528; x_wconf 79' lang='grc' dir='ltr'><strong>τῆς</strong></span> <span class='ocrx_word' id='word_1_524' title='bbox 2623 3459 2831 3520; x_wconf 79' lang='grc' dir='ltr'>οἰκείας</span> <span class='ocrx_word' id='word_1_525' title='bbox 2893 3459 3138 3519; x_wconf 82' lang='grc' dir='ltr'>στάσεως</span> <span class='ocrx_word' id='word_1_526' title='bbox 3204 3456 3301 3510; x_wconf 61' lang='grc' dir='ltr'><strong>καὶΙ</strong></span> <span class='ocrx_word' id='word_1_527' title='bbox 3352 3456 3736 3529; x_wconf 70' lang='grc' dir='ltr'>μωιμότητος,</span> 
     </span>
    </p>
   </div>
   <div class='ocr_carea' id='block_1_78' title="bbox 2168 3543 3738 3615">
    <p class='ocr_par' dir='ltr' id='par_1_78' title="bbox 2168 3543 3738 3615">
     <span class='ocr_line' id='line_1_78' title="bbox 2168 3543 3738 3615; baseline -0.002 -16"><span class='ocrx_word' id='word_1_528' title='bbox 2168 3547 2441 3611; x_wconf 79' lang='grc' dir='ltr'>ὲκτοξεύει</span> <span class='ocrx_word' id='word_1_529' title='bbox 2483 3549 2541 3601; x_wconf 79' lang='grc' dir='ltr'>δὲ</span> <span class='ocrx_word' id='word_1_530' title='bbox 2597 3551 2705 3601; x_wconf 81' lang='grc' dir='ltr'><strong>πᾶν</strong></span> <span class='ocrx_word' id='word_1_531' title='bbox 2748 3550 2809 3601; x_wconf 87' lang='grc' dir='ltr'>τὸ</span> <span class='ocrx_word' id='word_1_532' title='bbox 2836 3546 3137 3608; x_wconf 74' lang='grc' dir='ltr'>ἐπιϐούλως</span> <span class='ocrx_word' id='word_1_533' title='bbox 3159 3547 3296 3613; x_wconf 70' lang='grc' dir='ltr'>αὐτῇ</span> <span class='ocrx_word' id='word_1_534' title='bbox 3326 3543 3738 3615; x_wconf 76' lang='grc' dir='ltr'>προσ-πελάζον,</span> 
     </span>
    </p>
   </div>
   <div class='ocr_carea' id='block_1_79' title="bbox 2168 3634 3740 3707">
    <p class='ocr_par' dir='ltr' id='par_1_79' title="bbox 2168 3634 3740 3707">
     <span class='ocr_line' id='line_1_79' title="bbox 2168 3634 3740 3707; baseline -0.001 -16"><span class='ocrx_word' id='word_1_535' title='bbox 2168 3638 2265 3691; x_wconf 63' lang='grc' dir='ltr'><strong>καὶ⁵</strong></span> <span class='ocrx_word' id='word_1_536' title='bbox 2300 3639 2361 3691; x_wconf 83' lang='grc' dir='ltr'>τὸ</span> <span class='ocrx_word' id='word_1_537' title='bbox 2396 3639 2561 3707; x_wconf 82' lang='grc' dir='ltr'>μέσον</span> <span class='ocrx_word' id='word_1_538' title='bbox 2588 3638 2759 3707; x_wconf 80' lang='grc' dir='ltr'>αὐτῆς</span> <span class='ocrx_word' id='word_1_539' title='bbox 2786 3636 3124 3692; x_wconf 85' lang='grc' dir='ltr'>διασαλεύειν</span> <span class='ocrx_word' id='word_1_540' title='bbox 3156 3634 3519 3703; x_wconf 82' lang='grc' dir='ltr'>πειρώμενον.</span> <span class='ocrx_word' id='word_1_541' title='bbox 3551 3634 3740 3705; x_wconf 73' lang='grc' dir='ltr'>Ὅπερ</span> 
     </span>
    </p>
   </div>
   <div class='ocr_carea' id='block_1_80' title="bbox 2168 3724 3735 3798">
    <p class='ocr_par' dir='ltr' id='par_1_80' title="bbox 2168 3724 3735 3798">
     <span class='ocr_line' id='line_1_80' title="bbox 2168 3724 3735 3798; baseline -0.003 -16"><span class='ocrx_word' id='word_1_542' title='bbox 2168 3730 2264 3782; x_wconf 77' lang='grc' dir='ltr'>καὶ</span> <span class='ocrx_word' id='word_1_543' title='bbox 2319 3729 2554 3798; x_wconf 82' lang='grc' dir='ltr'>Σευῆρον</span> <span class='ocrx_word' id='word_1_544' title='bbox 2613 3728 2705 3781; x_wconf 82' lang='grc' dir='ltr'><strong>ὑπ’</strong></span> <span class='ocrx_word' id='word_1_545' title='bbox 2758 3728 2929 3797; x_wconf 76' lang='grc' dir='ltr'>αὐτῆς</span> <span class='ocrx_word' id='word_1_546' title='bbox 2993 3725 3303 3779; x_wconf 69' lang='grc' dir='ltr'>πεπονθότα</span> <span class='ocrx_word' id='word_1_547' title='bbox 3379 3724 3735 3794; x_wconf 81' lang='grc' dir='ltr'>εὑρίσκομεν.</span> 
     </span>
    </p>
   </div>
   <div class='ocr_carea' id='block_1_81' title="bbox 2180 3814 3740 3890">
    <p class='ocr_par' dir='ltr' id='par_1_81' title="bbox 2180 3814 3740 3890">
     <span class='ocr_line' id='line_1_81' title="bbox 2180 3814 3740 3890; baseline -0.005 -17"><span class='ocrx_word' id='word_1_548' title='bbox 2180 3818 2397 3889; x_wconf 78' lang='grc' dir='ltr'>Ἐπειδὴ</span> <span class='ocrx_word' id='word_1_549' title='bbox 2429 3820 2559 3890; x_wconf 82' lang='grc' dir='ltr'><strong>γὰρ,</strong></span> <span class='ocrx_word' id='word_1_550' title='bbox 2588 3818 2666 3882; x_wconf 83' lang='grc' dir='ltr'><strong>ὡς</strong></span> <span class='ocrx_word' id='word_1_551' title='bbox 2708 3818 2933 3888; x_wconf 73' lang='grc' dir='ltr'>ἔφαμεν,</span> <span class='ocrx_word' id='word_1_552' title='bbox 2964 3816 3150 3870; x_wconf 84' lang='grc' dir='ltr'>καινόν</span> <span class='ocrx_word' id='word_1_553' title='bbox 3177 3832 3231 3867; x_wconf 88' lang='grc' dir='ltr'><strong>τι</strong></span> <span class='ocrx_word' id='word_1_554' title='bbox 3256 3815 3421 3884; x_wconf 81' lang='grc' dir='ltr'>μέσον</span> <span class='ocrx_word' id='word_1_555' title='bbox 3452 3814 3608 3885; x_wconf 74' lang='grc' dir='ltr'>παρὰ</span> <span class='ocrx_word' id='word_1_556' title='bbox 3634 3814 3740 3883; x_wconf 79' lang='grc' dir='ltr'>τὴν</span> 
     </span>
    </p>
   </div>
   <div class='ocr_carea' id='block_1_82' title="bbox 2169 3904 3741 3977">
    <p class='ocr_par' dir='ltr' id='par_1_82' title="bbox 2169 3904 3741 3977">
     <span class='ocr_line' id='line_1_82' title="bbox 2169 3904 3741 3977; baseline -0.003 -15"><span class='ocrx_word' id='word_1_557' title='bbox 2169 3909 2427 3976; x_wconf 84' lang='grc' dir='ltr'>ἀλήθειαν</span> <span class='ocrx_word' id='word_1_558' title='bbox 2470 3909 2650 3977; x_wconf 80' lang='grc' dir='ltr'>εὑρεῖν</span> <span class='ocrx_word' id='word_1_559' title='bbox 2697 3907 3042 3976; x_wconf 71' lang='grc' dir='ltr'>ὲπεχείρησε,</span> <span class='ocrx_word' id='word_1_560' title='bbox 3105 3904 3464 3973; x_wconf 79' lang='grc' dir='ltr'>πλαγιασθὲν,</span> <span class='ocrx_word' id='word_1_561' title='bbox 3505 3904 3584 3967; x_wconf 82' lang='grc' dir='ltr'><strong>ὡς</strong></span> <span class='ocrx_word' id='word_1_562' title='bbox 3633 3904 3741 3958; x_wconf 77' lang='grc' dir='ltr'>οὐκ</span> 
     </span>
    </p>
   </div>
   <div class='ocr_carea' id='block_1_83' title="bbox 2168 3994 3739 4065">
    <p class='ocr_par' dir='ltr' id='par_1_83' title="bbox 2168 3994 3739 4065">
     <span class='ocr_line' id='line_1_83' title="bbox 2168 3994 3739 4065; baseline -0.001 -16"><span class='ocrx_word' id='word_1_563' title='bbox 2168 3998 2312 4063; x_wconf 70' lang='grc' dir='ltr'>ἔγνω</span> <span class='ocrx_word' id='word_1_564' title='bbox 2345 3997 2517 4065; x_wconf 79' lang='grc' dir='ltr'>μέσην</span> <span class='ocrx_word' id='word_1_565' title='bbox 2547 3994 2739 4050; x_wconf 78' lang='grc' dir='ltr'>ἑαυτοῦ</span> <span class='ocrx_word' id='word_1_566' title='bbox 2767 3995 2860 4050; x_wconf 80' lang='grc' dir='ltr'>καὶ</span> <span class='ocrx_word' id='word_1_567' title='bbox 2881 3995 2976 4048; x_wconf 78' lang='grc' dir='ltr'>τοῦ</span> <span class='ocrx_word' id='word_1_568' title='bbox 2995 3996 3272 4065; x_wconf 77' lang='grc' dir='ltr'>ὁμοφύλου</span> <span class='ocrx_word' id='word_1_569' title='bbox 3300 3995 3449 4065; x_wconf 85' lang='grc' dir='ltr'><strong>αὐτῷ</strong></span> <span class='ocrx_word' id='word_1_570' title='bbox 3477 3996 3739 4065; x_wconf 80' lang='grc' dir='ltr'>ψεύδους,</span> 
     </span>
    </p>
   </div>
   <div class='ocr_carea' id='block_1_84' title="bbox 2168 4084 3738 4156">
    <p class='ocr_par' dir='ltr' id='par_1_84' title="bbox 2168 4084 3738 4156">
     <span class='ocr_line' id='line_1_84' title="bbox 2168 4084 3738 4156; baseline 0.001 -19"><span class='ocrx_word' id='word_1_571' title='bbox 2168 4087 2434 4154; x_wconf 78' lang='grc' dir='ltr'>πεποίηκε</span> <span class='ocrx_word' id='word_1_572' title='bbox 2484 4086 2706 4154; x_wconf 86' lang='grc' dir='ltr'>ταύτην.</span> <span class='ocrx_word' id='word_1_573' title='bbox 2751 4084 2925 4137; x_wconf 76' lang='grc' dir='ltr'>Αὐτοῦ</span> <span class='ocrx_word' id='word_1_574' title='bbox 2965 4086 3075 4154; x_wconf 79' lang='grc' dir='ltr'><strong>γὰρ</strong></span> <span class='ocrx_word' id='word_1_575' title='bbox 3115 4087 3353 4155; x_wconf 79' lang='grc' dir='ltr'>Σευήρου</span> <span class='ocrx_word' id='word_1_576' title='bbox 3395 4087 3527 4155; x_wconf 80' lang='grc' dir='ltr'>μίαν</span> <span class='ocrx_word' id='word_1_577' title='bbox 3569 4088 3738 4156; x_wconf 80' lang='grc' dir='ltr'>φύσιν</span> 
     </span>
    </p>
   </div>
   <div class='ocr_carea' id='block_1_85' title="bbox 2165 4171 3738 4246">
    <p class='ocr_par' dir='ltr' id='par_1_85' title="bbox 2165 4171 3738 4246">
     <span class='ocr_line' id='line_1_85' title="bbox 2165 4171 3738 4246; baseline 0.001 -19"><span class='ocrx_word' id='word_1_578' title='bbox 2165 4176 2416 4243; x_wconf 79' lang='grc' dir='ltr'>λέγοντος</span> <span class='ocrx_word' id='word_1_579' title='bbox 2448 4171 2588 4229; x_wconf 76' lang='grc' dir='ltr'>εἶναι</span> <span class='ocrx_word' id='word_1_580' title='bbox 2625 4177 2717 4229; x_wconf 80' lang='grc' dir='ltr'>τὸν</span> <span class='ocrx_word' id='word_1_581' title='bbox 2745 4175 3005 4246; x_wconf 75' lang='grc' dir='ltr'>Χριστὸν,</span> <span class='ocrx_word' id='word_1_582' title='bbox 3050 4177 3144 4228; x_wconf 76' lang='grc' dir='ltr'>καὶ</span> <span class='ocrx_word' id='word_1_583' title='bbox 3190 4176 3288 4245; x_wconf 80' lang='grc' dir='ltr'>τὴν</span> <span class='ocrx_word' id='word_1_584' title='bbox 3324 4176 3594 4246; x_wconf 76' lang='grc' dir='ltr'>διαφορὰν</span> <span class='ocrx_word' id='word_1_585' title='bbox 3629 4178 3738 4243; x_wconf 77' lang='grc' dir='ltr'>τὴν</span> 
     </span>
    </p>
   </div>
   <div class='ocr_carea' id='block_1_86' title="bbox 2165 4265 3738 4338">
    <p class='ocr_par' dir='ltr' id='par_1_86' title="bbox 2165 4265 3738 4338">
     <span class='ocr_line' id='line_1_86' title="bbox 2165 4265 3738 4338; baseline 0.002 -21"><span class='ocrx_word' id='word_1_586' title='bbox 2165 4266 2223 4317; x_wconf 79' lang='grc' dir='ltr'>ἐν</span> <span class='ocrx_word' id='word_1_587' title='bbox 2260 4265 2338 4333; x_wconf 82' lang='grc' dir='ltr'>τῷ</span> <span class='ocrx_word' id='word_1_588' title='bbox 2391 4265 2612 4335; x_wconf 85' lang='grc' dir='ltr'>Χριστῷ</span> <span class='ocrx_word' id='word_1_589' title='bbox 2657 4266 2977 4335; x_wconf 64' lang='grc' dir='ltr'>δεχομένων</span> <span class='ocrx_word' id='word_1_590' title='bbox 3035 4265 3321 4319; x_wconf 81' lang='grc' dir='ltr'>Ἰουλιανοῦ</span> <span class='ocrx_word' id='word_1_591' title='bbox 3351 4265 3413 4338; x_wconf 62' lang='grc' dir='ltr'>δὲ</span> <span class='ocrx_word' id='word_1_592' title='bbox 3452 4266 3585 4336; x_wconf 87' lang='grc' dir='ltr'>μίαν</span> <span class='ocrx_word' id='word_1_593' title='bbox 3631 4268 3738 4335; x_wconf 75' lang='grc' dir='ltr'>μὲν</span> 
     </span>
    </p>
   </div>
   <div class='ocr_carea' id='block_1_87' title="bbox 2167 4355 3740 4428">
    <p class='ocr_par' dir='ltr' id='par_1_87' title="bbox 2167 4355 3740 4428">
     <span class='ocr_line' id='line_1_87' title="bbox 2167 4355 3740 4428; baseline 0.002 -20"><span class='ocrx_word' id='word_1_594' title='bbox 2167 4356 2309 4409; x_wconf 85' lang='grc' dir='ltr'><strong>κατά</strong></span> <span class='ocrx_word' id='word_1_595' title='bbox 2348 4357 2584 4425; x_wconf 86' lang='grc' dir='ltr'>Σευῆρον</span> <span class='ocrx_word' id='word_1_596' title='bbox 2625 4357 2872 4423; x_wconf 78' lang='grc' dir='ltr'>λέγοντος</span> <span class='ocrx_word' id='word_1_597' title='bbox 2909 4356 3090 4424; x_wconf 86' lang='grc' dir='ltr'>φύσιν,</span> <span class='ocrx_word' id='word_1_598' title='bbox 3127 4355 3478 4425; x_wconf 81' lang='grc' dir='ltr'>ἀναιροῦντος</span> <span class='ocrx_word' id='word_1_599' title='bbox 3527 4357 3587 4409; x_wconf 79' lang='grc' dir='ltr'>δὲ</span> <span class='ocrx_word' id='word_1_600' title='bbox 3631 4358 3740 4428; x_wconf 72' lang='grc' dir='ltr'>τὴν</span> 
     </span>
    </p>
   </div>
   <div class='ocr_carea' id='block_1_88' title="bbox 494 4441 2069 4527">
    <p class='ocr_par' dir='ltr' id='par_1_88' title="bbox 494 4441 2061 4527">
     <span class='ocr_line' id='line_1_88' title="bbox 494 4441 2061 4527; baseline 0.013 -36"><span class='ocrx_word' id='word_1_601' title='bbox 494 4453 605 4493; x_wconf 87' lang='lat' dir='ltr'><strong>non</strong></span> <span class='ocrx_word' id='word_1_602' title='bbox 652 4441 794 4495; x_wconf 89' lang='lat' dir='ltr'><strong>sicut</strong></span> <span class='ocrx_word' id='word_1_603' title='bbox 826 4444 1095 4511; x_wconf 82' lang='lat' dir='ltr'><strong>Severus;</strong></span> <span class='ocrx_word' id='word_1_604' title='bbox 1127 4464 1236 4501; x_wconf 88' lang='lat' dir='ltr'><strong>non</strong></span> <span class='ocrx_word' id='word_1_605' title='bbox 1272 4452 1418 4505; x_wconf 89' lang='lat' dir='ltr'><strong>enim</strong></span> <span class='ocrx_word' id='word_1_606' title='bbox 1452 4456 1604 4508; x_wconf 89' lang='lat' dir='ltr'><strong>novit</strong></span> <span class='ocrx_word' id='word_1_607' title='bbox 1631 4472 1868 4527; x_wconf 84' lang='lat' dir='ltr'><strong>unquam</strong></span> <span class='ocrx_word' id='word_1_608' title='bbox 1898 4474 2061 4512; x_wconf 91' lang='lat' dir='ltr'><strong>unam</strong></span> 
     </span>
    </p>
   </div>
   <div class='ocr_carea' id='block_1_89' title="bbox 2169 4441 3783 4527">
    <p class='ocr_par' dir='ltr' id='par_1_89' title="bbox 2169 4443 3783 4523">
     <span class='ocr_line' id='line_1_89' title="bbox 2169 4443 3783 4523; baseline 0 -26"><span class='ocrx_word' id='word_1_609' title='bbox 2169 4444 2459 4514; x_wconf 76' lang='grc' dir='ltr'>διαφοράνο</span> <span class='ocrx_word' id='word_1_610' title='bbox 2498 4445 2532 4513; x_wconf 80' lang='grc' dir='ltr'>ἡ</span> <span class='ocrx_word' id='word_1_611' title='bbox 2575 4444 2820 4513; x_wconf 79' lang='grc' dir='ltr'>ἀλήθεια,</span> <span class='ocrx_word' id='word_1_612' title='bbox 2857 4443 3002 4497; x_wconf 81' lang='grc' dir='ltr'>τοῦτ’</span> <span class='ocrx_word' id='word_1_613' title='bbox 3040 4444 3186 4500; x_wconf 79' lang='grc' dir='ltr'>ἔστιν</span> <span class='ocrx_word' id='word_1_614' title='bbox 3218 4447 3247 4498; x_wconf 98' lang='lat'><strong>6</strong></span> <span class='ocrx_word' id='word_1_615' title='bbox 3277 4445 3737 4523; x_wconf 70' lang='grc' dir='ltr'>ἐκκλησιαστικδς</span> <span class='ocrx_word' id='word_1_616' title='bbox 3780 4514 3783 4515; x_wconf 16' lang='grc' dir='ltr'><em>ν</em></span> 
     </span>
    </p>
   </div>
   <div class='ocr_carea' id='block_1_90' title="bbox 494 4534 2059 4603">
    <p class='ocr_par' dir='ltr' id='par_1_90' title="bbox 494 4534 2059 4603">
     <span class='ocr_line' id='line_1_90' title="bbox 494 4534 2059 4603; baseline 0.012 -21"><span class='ocrx_word' id='word_1_617' title='bbox 494 4540 746 4583; x_wconf 89' lang='lat' dir='ltr'><strong>naturam</strong></span> <span class='ocrx_word' id='word_1_618' title='bbox 804 4534 907 4587; x_wconf 92' lang='lat' dir='ltr'><strong>sibi</strong></span> <span class='ocrx_word' id='word_1_619' title='bbox 959 4538 1325 4603; x_wconf 85' lang='lat' dir='ltr'><strong>contrariam;</strong></span> <span class='ocrx_word' id='word_1_620' title='bbox 1358 4541 1496 4595; x_wconf 89' lang='lat' dir='ltr'><strong>duas</strong></span> <span class='ocrx_word' id='word_1_621' title='bbox 1533 4544 1679 4596; x_wconf 87' lang='lat' dir='ltr'><strong>enim</strong></span> <span class='ocrx_word' id='word_1_622' title='bbox 1730 4554 1955 4599; x_wconf 88' lang='lat' dir='ltr'><strong>naturas</strong></span> <span class='ocrx_word' id='word_1_623' title='bbox 2005 4548 2059 4601; x_wconf 92' lang='lat' dir='ltr'><strong>in</strong></span> 
     </span>
    </p>
   </div>
   <div class='ocr_carea' id='block_1_91' title="bbox 492 4616 2063 4688">
    <p class='ocr_par' dir='ltr' id='par_1_91' title="bbox 492 4616 2063 4688">
     <span class='ocr_line' id='line_1_91' title="bbox 492 4616 2063 4688; baseline 0.01 -18"><span class='ocrx_word' id='word_1_624' title='bbox 492 4616 714 4670; x_wconf 86' lang='lat' dir='ltr'><strong>Christo</strong></span> <span class='ocrx_word' id='word_1_625' title='bbox 753 4634 876 4672; x_wconf 90' lang='lat' dir='ltr'><strong>cum</strong></span> <span class='ocrx_word' id='word_1_626' title='bbox 917 4633 1197 4688; x_wconf 82' lang='lat' dir='ltr'><strong>agnoscat,</strong></span> <span class='ocrx_word' id='word_1_627' title='bbox 1255 4624 1597 4681; x_wconf 90' lang='lat' dir='ltr'><strong>divinitatem</strong></span> <span class='ocrx_word' id='word_1_628' title='bbox 1630 4630 1845 4683; x_wconf 89' lang='lat' dir='ltr'><strong>scilicet</strong></span> <span class='ocrx_word' id='word_1_629' title='bbox 1875 4642 1930 4685; x_wconf 91' lang='lat' dir='ltr'><strong>et</strong></span> <span class='ocrx_word' id='word_1_630' title='bbox 1962 4633 2063 4687; x_wconf 82' lang='lat' dir='ltr'><strong>hu-</strong></span> 
     </span>
    </p>
   </div>
   <div class='ocr_carea' id='block_1_92' title="bbox 494 4707 2062 4790">
    <p class='ocr_par' dir='ltr' id='par_1_92' title="bbox 494 4707 2062 4790">
     <span class='ocr_line' id='line_1_92' title="bbox 494 4707 2062 4790; baseline 0.011 -32"><span class='ocrx_word' id='word_1_631' title='bbox 494 4707 832 4772; x_wconf 88' lang='lat' dir='ltr'><strong>manitatem,</strong></span> <span class='ocrx_word' id='word_1_632' title='bbox 858 4710 1053 4763; x_wconf 90' lang='lat' dir='ltr'><strong>harum</strong></span> <span class='ocrx_word' id='word_1_633' title='bbox 1082 4712 1246 4767; x_wconf 89' lang='lat' dir='ltr'><strong>etiam</strong></span> <span class='ocrx_word' id='word_1_634' title='bbox 1279 4714 1423 4769; x_wconf 89' lang='lat' dir='ltr'><strong>inter</strong></span> <span class='ocrx_word' id='word_1_635' title='bbox 1454 4732 1511 4770; x_wconf 86' lang='lat' dir='ltr'><strong>se</strong></span> <span class='ocrx_word' id='word_1_636' title='bbox 1535 4716 1903 4772; x_wconf 69' lang='lat' dir='ltr'><strong>diderentiam</strong></span> <span class='ocrx_word' id='word_1_637' title='bbox 1939 4738 2062 4790; x_wconf 89' lang='lat' dir='ltr'><strong>per-</strong></span> 
     </span>
    </p>
   </div>
   <div class='ocr_carea' id='block_1_93' title="bbox 492 4796 2060 4869">
    <p class='ocr_par' dir='ltr' id='par_1_93' title="bbox 492 4796 2060 4869">
     <span class='ocr_line' id='line_1_93' title="bbox 492 4796 2060 4869; baseline 0.011 -21"><span class='ocrx_word' id='word_1_638' title='bbox 492 4796 682 4864; x_wconf 79' lang='lat' dir='ltr'><strong>spicue</strong></span> <span class='ocrx_word' id='word_1_639' title='bbox 711 4802 1120 4869; x_wconf 87' lang='lat' dir='ltr'><strong>contemplatur</strong></span> <span class='ocrx_word' id='word_1_640' title='bbox 1149 4822 1162 4856; x_wconf 88' lang='lat'>:</span> <span class='ocrx_word' id='word_1_641' title='bbox 1190 4821 1292 4859; x_wconf 92' lang='lat' dir='ltr'><strong>nec</strong></span> <span class='ocrx_word' id='word_1_642' title='bbox 1324 4807 1473 4861; x_wconf 90' lang='lat' dir='ltr'><strong>enim</strong></span> <span class='ocrx_word' id='word_1_643' title='bbox 1501 4815 1585 4861; x_wconf 90' lang='lat' dir='ltr'><strong>est</strong></span> <span class='ocrx_word' id='word_1_644' title='bbox 1629 4807 1770 4861; x_wconf 91' lang='lat' dir='ltr'><strong>idem</strong></span> <span class='ocrx_word' id='word_1_645' title='bbox 1800 4809 2060 4866; x_wconf 87' lang='lat' dir='ltr'><strong>divinitas</strong></span> 
     </span>
    </p>
   </div>
   <div class='ocr_carea' id='block_1_94' title="bbox 493 4884 2055 4955">
    <p class='ocr_par' dir='ltr' id='par_1_94' title="bbox 493 4884 2055 4955">
     <span class='ocr_line' id='line_1_94' title="bbox 493 4884 2055 4955; baseline 0.012 -18"><span class='ocrx_word' id='word_1_646' title='bbox 493 4895 549 4938; x_wconf 80' lang='lat' dir='ltr'><strong>et</strong></span> <span class='ocrx_word' id='word_1_647' title='bbox 574 4884 889 4943; x_wconf 87' lang='lat' dir='ltr'><strong>humanitas</strong></span> <span class='ocrx_word' id='word_1_648' title='bbox 926 4908 939 4942; x_wconf 91' lang='lat'>:</span> <span class='ocrx_word' id='word_1_649' title='bbox 976 4896 1194 4946; x_wconf 87' lang='lat' dir='ltr'><strong>tametsi</strong></span> <span class='ocrx_word' id='word_1_650' title='bbox 1226 4912 1371 4949; x_wconf 91' lang='lat' dir='ltr'><strong>unus</strong></span> <span class='ocrx_word' id='word_1_651' title='bbox 1396 4906 1477 4951; x_wconf 73' lang='lat' dir='ltr'><strong>est</strong></span> <span class='ocrx_word' id='word_1_652' title='bbox 1504 4897 1760 4951; x_wconf 87' lang='lat' dir='ltr'><strong>Christus</strong></span> <span class='ocrx_word' id='word_1_653' title='bbox 1784 4899 1837 4950; x_wconf 92' lang='lat' dir='ltr'><strong>in</strong></span> <span class='ocrx_word' id='word_1_654' title='bbox 1868 4900 2055 4955; x_wconf 90' lang='lat' dir='ltr'><strong>amba-</strong></span> 
     </span>
    </p>
   </div>
   <div class='ocr_carea' id='block_1_95' title="bbox 494 4976 2060 5059">
    <p class='ocr_par' dir='ltr' id='par_1_95' title="bbox 494 4976 2060 5059">
     <span class='ocr_line' id='line_1_95' title="bbox 494 4976 2060 5059; baseline 0.011 -33"><span class='ocrx_word' id='word_1_655' title='bbox 494 4976 598 5028; x_wconf 84' lang='lat' dir='ltr'><strong>bus</strong></span> <span class='ocrx_word' id='word_1_656' title='bbox 621 4978 856 5042; x_wconf 86' lang='lat' dir='ltr'><strong>naturis;</strong></span> <span class='ocrx_word' id='word_1_657' title='bbox 881 4989 935 5032; x_wconf 90' lang='lat' dir='ltr'><strong>et</strong></span> <span class='ocrx_word' id='word_1_658' title='bbox 962 4981 1105 5035; x_wconf 89' lang='lat' dir='ltr'><strong>idem</strong></span> <span class='ocrx_word' id='word_1_659' title='bbox 1136 4993 1221 5037; x_wconf 89' lang='lat' dir='ltr'><strong>est</strong></span> <span class='ocrx_word' id='word_1_660' title='bbox 1239 4986 1411 5039; x_wconf 67' lang='lat' dir='ltr'><strong>ambae</strong></span> <span class='ocrx_word' id='word_1_661' title='bbox 1442 4996 1653 5040; x_wconf 71' lang='lat' dir='ltr'><strong>natura:</strong></span> <span class='ocrx_word' id='word_1_662' title='bbox 1675 5003 1689 5039; x_wconf 88' lang='lat'><strong>:</strong></span> <span class='ocrx_word' id='word_1_663' title='bbox 1712 5002 1835 5039; x_wconf 91' lang='lat' dir='ltr'><strong>nam</strong></span> <span class='ocrx_word' id='word_1_664' title='bbox 1871 5004 2060 5059; x_wconf 84' lang='lat' dir='ltr'><strong>quam-</strong></span> 
     </span>
    </p>
   </div>
   <div class='ocr_carea' id='block_1_96' title="bbox 497 5063 2057 5137">
    <p class='ocr_par' dir='ltr' id='par_1_96' title="bbox 497 5063 2057 5137">
     <span class='ocr_line' id='line_1_96' title="bbox 497 5063 2057 5137; baseline 0.012 -25"><span class='ocrx_word' id='word_1_665' title='bbox 497 5063 575 5113; x_wconf 84' lang='lat' dir='ltr'><strong>vis</strong></span> <span class='ocrx_word' id='word_1_666' title='bbox 599 5063 773 5116; x_wconf 72' lang='lat' dir='ltr'><strong>ambm</strong></span> <span class='ocrx_word' id='word_1_667' title='bbox 794 5075 1002 5121; x_wconf 62' lang='lat' dir='ltr'><strong>natura:</strong></span> <span class='ocrx_word' id='word_1_668' title='bbox 1026 5081 1153 5123; x_wconf 92' lang='lat' dir='ltr'><strong>sunt</strong></span> <span class='ocrx_word' id='word_1_669' title='bbox 1176 5088 1366 5137; x_wconf 90' lang='lat' dir='ltr'><strong>unum,</strong></span> <span class='ocrx_word' id='word_1_670' title='bbox 1393 5090 1501 5128; x_wconf 91' lang='lat' dir='ltr'><strong>non</strong></span> <span class='ocrx_word' id='word_1_671' title='bbox 1528 5084 1706 5129; x_wconf 87' lang='lat' dir='ltr'><strong>tamen</strong></span> <span class='ocrx_word' id='word_1_672' title='bbox 1736 5083 1863 5129; x_wconf 87' lang='lat' dir='ltr'><strong>sunt</strong></span> <span class='ocrx_word' id='word_1_673' title='bbox 1892 5093 2057 5131; x_wconf 92' lang='lat' dir='ltr'><strong>unum</strong></span> 
     </span>
    </p>
   </div>
   <div class='ocr_carea' id='block_1_97' title="bbox 493 5155 2059 5233">
    <p class='ocr_par' dir='ltr' id='par_1_97' title="bbox 493 5155 2059 5233">
     <span class='ocr_line' id='line_1_97' title="bbox 493 5155 2059 5233; baseline 0.011 -31"><span class='ocrx_word' id='word_1_674' title='bbox 493 5161 711 5215; x_wconf 86' lang='lat' dir='ltr'><strong>natura,</strong></span> <span class='ocrx_word' id='word_1_675' title='bbox 762 5155 858 5207; x_wconf 86' lang='lat' dir='ltr'><strong>sed</strong></span> <span class='ocrx_word' id='word_1_676' title='bbox 892 5172 1060 5211; x_wconf 85' lang='lat' dir='ltr'><strong>unum</strong></span> <span class='ocrx_word' id='word_1_677' title='bbox 1108 5177 1403 5216; x_wconf 86' lang='lat' dir='ltr'><strong>concursu.</strong></span> <span class='ocrx_word' id='word_1_678' title='bbox 1448 5164 1536 5218; x_wconf 92' lang='lat' dir='ltr'><strong>Sic</strong></span> <span class='ocrx_word' id='word_1_679' title='bbox 1575 5165 1817 5219; x_wconf 76' lang='lat' dir='ltr'><strong>Ecclesia</strong></span> <span class='ocrx_word' id='word_1_680' title='bbox 1858 5167 2059 5233; x_wconf 76' lang='lat' dir='ltr'><strong>pranli-</strong></span> 
     </span>
    </p>
   </div>
   <div class='ocr_carea' id='block_1_98' title="bbox 492 5251 2059 5324">
    <p class='ocr_par' dir='ltr' id='par_1_98' title="bbox 492 5251 2059 5324">
     <span class='ocr_line' id='line_1_98' title="bbox 492 5251 2059 5324; baseline 0.01 -29"><span class='ocrx_word' id='word_1_681' title='bbox 492 5252 602 5307; x_wconf 75' lang='lat' dir='ltr'><strong>cat,</strong></span> <span class='ocrx_word' id='word_1_682' title='bbox 645 5261 767 5313; x_wconf 63' lang='lat' dir='ltr'><strong>quae</strong></span> <span class='ocrx_word' id='word_1_683' title='bbox 816 5263 923 5299; x_wconf 91' lang='lat' dir='ltr'><strong>non</strong></span> <span class='ocrx_word' id='word_1_684' title='bbox 968 5251 1161 5317; x_wconf 86' lang='lat' dir='ltr'><strong>recipit</strong></span> <span class='ocrx_word' id='word_1_685' title='bbox 1196 5254 1564 5308; x_wconf 81' lang='lat' dir='ltr'><strong>dill‘erentiam</strong></span> <span class='ocrx_word' id='word_1_686' title='bbox 1598 5272 1666 5309; x_wconf 91' lang='lat' dir='ltr'><strong>eo</strong></span> <span class='ocrx_word' id='word_1_687' title='bbox 1720 5256 1903 5317; x_wconf 88' lang='lat' dir='ltr'><strong>modo,</strong></span> <span class='ocrx_word' id='word_1_688' title='bbox 1950 5273 2059 5324; x_wconf 89' lang='lat' dir='ltr'><strong>quo</strong></span> 
     </span>
    </p>
   </div>
   <div class='ocr_carea' id='block_1_99' title="bbox 485 5332 2059 5399">
    <p class='ocr_par' dir='ltr' id='par_1_99' title="bbox 485 5332 2059 5399">
     <span class='ocr_line' id='line_1_99' title="bbox 485 5332 2059 5399; baseline 0.01 -15"><span class='ocrx_word' id='word_1_689' title='bbox 485 5332 732 5387; x_wconf 72' lang='lat' dir='ltr'><strong>“Severus</strong></span> <span class='ocrx_word' id='word_1_690' title='bbox 781 5353 793 5386; x_wconf 90' lang='lat'><strong>:</strong></span> <span class='ocrx_word' id='word_1_691' title='bbox 843 5337 939 5390; x_wconf 85' lang='lat' dir='ltr'><strong>sed</strong></span> <span class='ocrx_word' id='word_1_692' title='bbox 985 5339 1286 5392; x_wconf 84' lang='lat' dir='ltr'><strong>secundum</strong></span> <span class='ocrx_word' id='word_1_693' title='bbox 1338 5344 1605 5397; x_wconf 88' lang='lat' dir='ltr'><strong>rationem</strong></span> <span class='ocrx_word' id='word_1_694' title='bbox 1655 5354 1712 5398; x_wconf 90' lang='lat' dir='ltr'><strong>et</strong></span> <span class='ocrx_word' id='word_1_695' title='bbox 1752 5344 2059 5399; x_wconf 85' lang='lat' dir='ltr'><strong>doctrinam</strong></span> 
     </span>
    </p>
   </div>
   <div class='ocr_carea' id='block_1_100' title="bbox 496 5425 2057 5500">
    <p class='ocr_par' dir='ltr' id='par_1_100' title="bbox 496 5425 2057 5500">
     <span class='ocr_line' id='line_1_100' title="bbox 496 5425 2057 5500; baseline 0.011 -31"><span class='ocrx_word' id='word_1_696' title='bbox 496 5435 646 5476; x_wconf 75' lang='lat' dir='ltr'><strong>suam</strong></span> <span class='ocrx_word' id='word_1_697' title='bbox 696 5425 844 5477; x_wconf 82' lang='lat' dir='ltr'><strong>illam</strong></span> <span class='ocrx_word' id='word_1_698' title='bbox 894 5443 1003 5481; x_wconf 89' lang='lat' dir='ltr'><strong>non</strong></span> <span class='ocrx_word' id='word_1_699' title='bbox 1050 5428 1247 5495; x_wconf 69' lang='lat' dir='ltr'><strong>reiicit,</strong></span> <span class='ocrx_word' id='word_1_700' title='bbox 1299 5437 1358 5481; x_wconf 92' lang='lat' dir='ltr'><strong>ut</strong></span> <span class='ocrx_word' id='word_1_701' title='bbox 1400 5431 1577 5500; x_wconf 87' lang='lat' dir='ltr'><strong>rejicit</strong></span> <span class='ocrx_word' id='word_1_702' title='bbox 1620 5433 1875 5487; x_wconf 81' lang='lat' dir='ltr'><strong>Julianus</strong></span> <span class='ocrx_word' id='word_1_703' title='bbox 1908 5433 2057 5486; x_wconf 56' lang='lat' dir='ltr'><strong>llali:</strong></span> 
     </span>
    </p>
   </div>
   <div class='ocr_carea' id='block_1_101' title="bbox 497 5516 2056 5585">
    <p class='ocr_par' dir='ltr' id='par_1_101' title="bbox 497 5516 2056 5585">
     <span class='ocr_line' id='line_1_101' title="bbox 497 5516 2056 5585; baseline 0.009 -24"><span class='ocrx_word' id='word_1_704' title='bbox 497 5522 849 5575; x_wconf 71' lang='lat' dir='ltr'><strong>carnasseus;</strong></span> <span class='ocrx_word' id='word_1_705' title='bbox 882 5516 986 5568; x_wconf 84' lang='lat' dir='ltr'><strong>scit</strong></span> <span class='ocrx_word' id='word_1_706' title='bbox 1009 5518 1155 5570; x_wconf 86' lang='lat' dir='ltr'><strong>enim</strong></span> <span class='ocrx_word' id='word_1_707' title='bbox 1181 5520 1539 5585; x_wconf 75' lang='lat' dir='ltr'><strong>assumpsisse</strong></span> <span class='ocrx_word' id='word_1_708' title='bbox 1560 5522 1802 5575; x_wconf 84' lang='lat' dir='ltr'><strong>Verbum</strong></span> <span class='ocrx_word' id='word_1_709' title='bbox 1837 5538 2056 5575; x_wconf 84' lang='lat' dir='ltr'><strong>carnem</strong></span> 
     </span>
    </p>
   </div>
   <div class='ocr_carea' id='block_1_102' title="bbox 502 5604 2060 5677">
    <p class='ocr_par' dir='ltr' id='par_1_102' title="bbox 502 5604 2060 5677">
     <span class='ocr_line' id='line_1_102' title="bbox 502 5604 2060 5677; baseline 0.011 -30"><span class='ocrx_word' id='word_1_710' title='bbox 502 5611 683 5649; x_wconf 74' lang='lat' dir='ltr'><strong>veram</strong></span> <span class='ocrx_word' id='word_1_711' title='bbox 712 5611 765 5653; x_wconf 72' lang='lat' dir='ltr'><strong>ut</strong></span> <span class='ocrx_word' id='word_1_712' title='bbox 790 5604 1027 5657; x_wconf 79' lang='lat' dir='ltr'><strong>animam</strong></span> <span class='ocrx_word' id='word_1_713' title='bbox 1066 5607 1480 5673; x_wconf 68' lang='lat' dir='ltr'><strong>intelligente&quot;),</strong></span> <span class='ocrx_word' id='word_1_714' title='bbox 1514 5624 1638 5663; x_wconf 90' lang='lat' dir='ltr'><strong>cum</strong></span> <span class='ocrx_word' id='word_1_715' title='bbox 1669 5610 1784 5665; x_wconf 78' lang='lat' dir='ltr'><strong>suis</strong></span> <span class='ocrx_word' id='word_1_716' title='bbox 1818 5612 2060 5677; x_wconf 80' lang='lat' dir='ltr'><strong>proprie-</strong></span> 
     </span>
    </p>
   </div>
   <div class='ocr_carea' id='block_1_103' title="bbox 501 5672 2060 5769">
    <p class='ocr_par' dir='ltr' id='par_1_103' title="bbox 501 5672 2060 5769">
     <span class='ocr_line' id='line_1_103' title="bbox 501 5672 2060 5769; baseline 0.008 -25"><span class='ocrx_word' id='word_1_717' title='bbox 501 5672 750 5749; x_wconf 58' lang='lat' dir='ltr'><strong>tatibus;</strong></span> <span class='ocrx_word' id='word_1_718' title='bbox 799 5698 903 5751; x_wconf 73' lang='lat' dir='ltr'><strong>scit</strong></span> <span class='ocrx_word' id='word_1_719' title='bbox 948 5697 1078 5753; x_wconf 87' lang='lat' dir='ltr'><strong>item</strong></span> <span class='ocrx_word' id='word_1_720' title='bbox 1133 5698 1346 5753; x_wconf 90' lang='lat' dir='ltr'><strong>unitum</strong></span> <span class='ocrx_word' id='word_1_721' title='bbox 1394 5714 1515 5755; x_wconf 81' lang='lat' dir='ltr'><strong>esse</strong></span> <span class='ocrx_word' id='word_1_722' title='bbox 1567 5701 1915 5769; x_wconf 76' lang='lat' dir='ltr'><strong>corruptibili</strong></span> <span class='ocrx_word' id='word_1_723' title='bbox 1961 5702 2060 5756; x_wconf 89' lang='lat' dir='ltr'><strong>im-</strong></span> 
     </span>
    </p>
   </div>
   <div class='ocr_carea' id='block_1_104' title="bbox 2161 4534 3733 4605">
    <p class='ocr_par' dir='ltr' id='par_1_104' title="bbox 2161 4534 3733 4605">
     <span class='ocr_line' id='line_1_104' title="bbox 2161 4534 3733 4605; baseline 0.002 -19"><span class='ocrx_word' id='word_1_724' title='bbox 2161 4534 2338 4600; x_wconf 81' lang='grc' dir='ltr'>λόγος,</span> <span class='ocrx_word' id='word_1_725' title='bbox 2370 4534 2467 4604; x_wconf 78' lang='grc' dir='ltr'>τὴν</span> <span class='ocrx_word' id='word_1_726' title='bbox 2501 4534 2774 4603; x_wconf 85' lang='grc' dir='ltr'>μεσότητα</span> <span class='ocrx_word' id='word_1_727' title='bbox 2817 4535 2984 4605; x_wconf 77' lang='grc' dir='ltr'>ἑαυτῇ</span> <span class='ocrx_word' id='word_1_728' title='bbox 3028 4534 3305 4604; x_wconf 86' lang='grc' dir='ltr'>πανταχοῦ</span> <span class='ocrx_word' id='word_1_729' title='bbox 3364 4535 3733 4602; x_wconf 74' lang='grc' dir='ltr'>διασώζουσα,</span> 
     </span>
    </p>
   </div>
   <div class='ocr_carea' id='block_1_105' title="bbox 2160 4622 3731 4693">
    <p class='ocr_par' dir='ltr' id='par_1_105' title="bbox 2160 4622 3731 4693">
     <span class='ocr_line' id='line_1_105' title="bbox 2160 4622 3731 4693; baseline 0.001 -19"><span class='ocrx_word' id='word_1_730' title='bbox 2160 4622 2377 4691; x_wconf 88' lang='grc' dir='ltr'>δέχεται</span> <span class='ocrx_word' id='word_1_731' title='bbox 2435 4623 2535 4691; x_wconf 83' lang='grc' dir='ltr'>μὲν</span> <span class='ocrx_word' id='word_1_732' title='bbox 2581 4623 2680 4693; x_wconf 83' lang='grc' dir='ltr'>τὴν</span> <span class='ocrx_word' id='word_1_733' title='bbox 2711 4624 2998 4693; x_wconf 69' lang='grc' dir='ltr'>διαφορὰν,</span> <span class='ocrx_word' id='word_1_734' title='bbox 3042 4623 3105 4675; x_wconf 83' lang='grc' dir='ltr'>οὐ</span> <span class='ocrx_word' id='word_1_735' title='bbox 3163 4623 3305 4675; x_wconf 86' lang='grc' dir='ltr'><strong>κατά</strong></span> <span class='ocrx_word' id='word_1_736' title='bbox 3342 4623 3583 4691; x_wconf 81' lang='grc' dir='ltr'>Σευῆρον</span> <span class='ocrx_word' id='word_1_737' title='bbox 3627 4622 3731 4675; x_wconf 71' lang='grc' dir='ltr'>δέ’</span> 
     </span>
    </p>
   </div>
   <div class='ocr_carea' id='block_1_106' title="bbox 2172 4708 3736 4781">
    <p class='ocr_par' dir='ltr' id='par_1_106' title="bbox 2172 4708 3736 4781">
     <span class='ocr_line' id='line_1_106' title="bbox 2172 4708 3736 4781; baseline 0.004 -22"><span class='ocrx_word' id='word_1_738' title='bbox 2172 4714 2295 4765; x_wconf 83' lang='grc' dir='ltr'>οὐδὲ</span> <span class='ocrx_word' id='word_1_739' title='bbox 2322 4713 2429 4780; x_wconf 81' lang='grc' dir='ltr'>γὰρ</span> <span class='ocrx_word' id='word_1_740' title='bbox 2458 4708 2566 4765; x_wconf 83' lang='grc' dir='ltr'>οἵδέ</span> <span class='ocrx_word' id='word_1_741' title='bbox 2605 4729 2735 4765; x_wconf 83' lang='grc' dir='ltr'>ποτε</span> <span class='ocrx_word' id='word_1_742' title='bbox 2784 4713 2911 4781; x_wconf 87' lang='grc' dir='ltr'>μίαν</span> <span class='ocrx_word' id='word_1_743' title='bbox 2943 4710 3104 4779; x_wconf 86' lang='grc' dir='ltr'>φύσιν</span> <span class='ocrx_word' id='word_1_744' title='bbox 3129 4712 3295 4779; x_wconf 74' lang='grc' dir='ltr'>ἑαυτῇ</span> <span class='ocrx_word' id='word_1_745' title='bbox 3325 4712 3591 4763; x_wconf 82' lang='grc' dir='ltr'>ἐναντίαν.</span> <span class='ocrx_word' id='word_1_746' title='bbox 3623 4712 3736 4766; x_wconf 78' lang='grc' dir='ltr'>Δύο</span> 
     </span>
    </p>
   </div>
   <div class='ocr_carea' id='block_1_107' title="bbox 2160 4796 3737 4868">
    <p class='ocr_par' dir='ltr' id='par_1_107' title="bbox 2160 4796 3737 4868">
     <span class='ocr_line' id='line_1_107' title="bbox 2160 4796 3737 4868; baseline 0.001 -16"><span class='ocrx_word' id='word_1_747' title='bbox 2160 4801 2271 4868; x_wconf 84' lang='grc' dir='ltr'>γὰρ</span> <span class='ocrx_word' id='word_1_748' title='bbox 2305 4799 2494 4867; x_wconf 87' lang='grc' dir='ltr'>φύσεις</span> <span class='ocrx_word' id='word_1_749' title='bbox 2518 4802 2574 4851; x_wconf 78' lang='grc' dir='ltr'>ἐν</span> <span class='ocrx_word' id='word_1_750' title='bbox 2602 4798 2681 4868; x_wconf 75' lang='grc' dir='ltr'>τῷ</span> <span class='ocrx_word' id='word_1_751' title='bbox 2722 4798 2942 4868; x_wconf 81' lang='grc' dir='ltr'>Χριστῷ</span> <span class='ocrx_word' id='word_1_752' title='bbox 2973 4796 3341 4865; x_wconf 80' lang='grc' dir='ltr'>γινώσκουσα,</span> <span class='ocrx_word' id='word_1_753' title='bbox 3374 4798 3606 4865; x_wconf 79' lang='grc' dir='ltr'>θεότητα</span> <span class='ocrx_word' id='word_1_754' title='bbox 3636 4801 3737 4853; x_wconf 74' lang='grc' dir='ltr'>καὶ</span> 
     </span>
    </p>
   </div>
   <div class='ocr_carea' id='block_1_108' title="bbox 2160 4888 3735 4959">
    <p class='ocr_par' dir='ltr' id='par_1_108' title="bbox 2160 4888 3735 4959">
     <span class='ocr_line' id='line_1_108' title="bbox 2160 4888 3735 4959; baseline 0.001 -18"><span class='ocrx_word' id='word_1_755' title='bbox 2160 4890 2572 4958; x_wconf 79' lang='grc' dir='ltr'>ἀνθρωπότητα,</span> <span class='ocrx_word' id='word_1_756' title='bbox 2598 4888 2805 4941; x_wconf 87' lang='grc' dir='ltr'>τούτων</span> <span class='ocrx_word' id='word_1_757' title='bbox 2837 4888 2932 4939; x_wconf 71' lang='grc' dir='ltr'>καὶ</span> <span class='ocrx_word' id='word_1_758' title='bbox 2958 4888 3221 4956; x_wconf 82' lang='grc' dir='ltr'>διαφορὰν</span> <span class='ocrx_word' id='word_1_759' title='bbox 3240 4890 3339 4957; x_wconf 79' lang='grc' dir='ltr'>τὴν</span> <span class='ocrx_word' id='word_1_760' title='bbox 3360 4889 3495 4957; x_wconf 77' lang='grc' dir='ltr'>πρὸς</span> <span class='ocrx_word' id='word_1_761' title='bbox 3523 4890 3735 4959; x_wconf 80' lang='grc' dir='ltr'>ἄλληλα</span> 
     </span>
    </p>
   </div>
   <div class='ocr_carea' id='block_1_109' title="bbox 2158 4978 3738 5049">
    <p class='ocr_par' dir='ltr' id='par_1_109' title="bbox 2158 4978 3738 5049">
     <span class='ocr_line' id='line_1_109' title="bbox 2158 4978 3738 5049; baseline 0.002 -19"><span class='ocrx_word' id='word_1_762' title='bbox 2158 4979 2602 5048; x_wconf 84' lang='grc' dir='ltr'>τηλαυγεστάτην</span> <span class='ocrx_word' id='word_1_763' title='bbox 2648 4978 2861 5045; x_wconf 81' lang='grc' dir='ltr'>θεωρεῖ.</span> <span class='ocrx_word' id='word_1_764' title='bbox 2912 4979 2989 5031; x_wconf 82' lang='grc' dir='ltr'><strong>Οὐ</strong></span> <span class='ocrx_word' id='word_1_765' title='bbox 3034 4978 3143 5047; x_wconf 85' lang='grc' dir='ltr'><strong>γὰρ</strong></span> <span class='ocrx_word' id='word_1_766' title='bbox 3180 4978 3374 5032; x_wconf 79' lang='grc' dir='ltr'>ταυτὸν</span> <span class='ocrx_word' id='word_1_767' title='bbox 3408 4979 3600 5049; x_wconf 83' lang='grc' dir='ltr'>θεότης</span> <span class='ocrx_word' id='word_1_768' title='bbox 3635 4982 3738 5033; x_wconf 72' lang='grc' dir='ltr'><strong>καὶ</strong></span> 
     </span>
    </p>
   </div>
   <div class='ocr_carea' id='block_1_110' title="bbox 2160 5061 3736 5137">
    <p class='ocr_par' dir='ltr' id='par_1_110' title="bbox 2160 5061 3736 5137">
     <span class='ocr_line' id='line_1_110' title="bbox 2160 5061 3736 5137; baseline -0.001 -17"><span class='ocrx_word' id='word_1_769' title='bbox 2160 5067 2531 5136; x_wconf 80' lang='grc' dir='ltr'>ἀνθρωπότης,</span> <span class='ocrx_word' id='word_1_770' title='bbox 2559 5069 2607 5118; x_wconf 81' lang='grc' dir='ltr'>εἰ</span> <span class='ocrx_word' id='word_1_771' title='bbox 2637 5067 2732 5119; x_wconf 86' lang='grc' dir='ltr'>καὶ</span> <span class='ocrx_word' id='word_1_772' title='bbox 2762 5061 2843 5129; x_wconf 71' lang='grc' dir='ltr'><strong>εἷς</strong></span> <span class='ocrx_word' id='word_1_773' title='bbox 2877 5068 2907 5119; x_wconf 88' lang='lat'><strong>6</strong></span> <span class='ocrx_word' id='word_1_774' title='bbox 2943 5068 3177 5137; x_wconf 78' lang='grc' dir='ltr'>Χριστὸς</span> <span class='ocrx_word' id='word_1_775' title='bbox 3213 5069 3244 5120; x_wconf 89' lang='lat'><strong>6</strong></span> <span class='ocrx_word' id='word_1_776' title='bbox 3287 5069 3345 5119; x_wconf 82' lang='grc' dir='ltr'>ὲν</span> <span class='ocrx_word' id='word_1_777' title='bbox 3388 5067 3736 5136; x_wconf 81' lang='grc' dir='ltr'>ἀμφοτέραις</span> 
     </span>
    </p>
   </div>
   <div class='ocr_carea' id='block_1_111' title="bbox 2163 5158 3736 5228">
    <p class='ocr_par' dir='ltr' id='par_1_111' title="bbox 2163 5158 3736 5228">
     <span class='ocr_line' id='line_1_111' title="bbox 2163 5158 3736 5228; baseline 0.001 -17"><span class='ocrx_word' id='word_1_778' title='bbox 2163 5160 2445 5227; x_wconf 82' lang='grc' dir='ltr'><strong>ὑπάρχων,</strong></span> <span class='ocrx_word' id='word_1_779' title='bbox 2486 5159 2577 5209; x_wconf 75' lang='grc' dir='ltr'>καὶ</span> <span class='ocrx_word' id='word_1_780' title='bbox 2607 5159 2916 5228; x_wconf 84' lang='grc' dir='ltr'>ἀμφότερον</span> <span class='ocrx_word' id='word_1_781' title='bbox 2935 5174 2950 5188; x_wconf 87' lang='grc'><strong>·</strong></span> <span class='ocrx_word' id='word_1_782' title='bbox 2999 5159 3186 5228; x_wconf 79' lang='grc' dir='ltr'>εί·γάρ</span> <span class='ocrx_word' id='word_1_783' title='bbox 3227 5159 3323 5212; x_wconf 77' lang='grc' dir='ltr'>καὶ</span> <span class='ocrx_word' id='word_1_784' title='bbox 3350 5158 3412 5211; x_wconf 82' lang='grc' dir='ltr'><strong>τὺ</strong></span> <span class='ocrx_word' id='word_1_785' title='bbox 3443 5160 3736 5227; x_wconf 82' lang='grc' dir='ltr'>συναμφό-</span> 
     </span>
    </p>
   </div>
   <div class='ocr_carea' id='block_1_112' title="bbox 2159 5248 3741 5319">
    <p class='ocr_par' dir='ltr' id='par_1_112' title="bbox 2159 5248 3741 5319">
     <span class='ocr_line' id='line_1_112' title="bbox 2159 5248 3741 5319; baseline -0.004 -18"><span class='ocrx_word' id='word_1_786' title='bbox 2159 5267 2315 5319; x_wconf 85' lang='grc' dir='ltr'>τερον</span> <span class='ocrx_word' id='word_1_787' title='bbox 2348 5248 2425 5312; x_wconf 83' lang='grc' dir='ltr'><strong>ἓν,</strong></span> <span class='ocrx_word' id='word_1_788' title='bbox 2458 5248 2569 5300; x_wconf 82' lang='grc' dir='ltr'>ἀλλ’</span> <span class='ocrx_word' id='word_1_789' title='bbox 2606 5248 2669 5301; x_wconf 80' lang='grc' dir='ltr'>οὐ</span> <span class='ocrx_word' id='word_1_790' title='bbox 2705 5250 2771 5317; x_wconf 84' lang='grc' dir='ltr'>τῇ</span> <span class='ocrx_word' id='word_1_791' title='bbox 2808 5248 2989 5316; x_wconf 85' lang='grc' dir='ltr'>φύσει,</span> <span class='ocrx_word' id='word_1_792' title='bbox 3040 5251 3107 5318; x_wconf 76' lang='grc' dir='ltr'>τῇ</span> <span class='ocrx_word' id='word_1_793' title='bbox 3136 5249 3193 5301; x_wconf 84' lang='grc' dir='ltr'>δὲ</span> <span class='ocrx_word' id='word_1_794' title='bbox 3223 5248 3441 5317; x_wconf 81' lang='grc' dir='ltr'>συνόδῳ,</span> <span class='ocrx_word' id='word_1_795' title='bbox 3474 5251 3504 5299; x_wconf 90' lang='lat'><strong>6</strong></span> <span class='ocrx_word' id='word_1_796' title='bbox 3531 5248 3741 5317; x_wconf 76' lang='grc' dir='ltr'>ἐκκλη-</span> 
     </span>
    </p>
   </div>
   <div class='ocr_carea' id='block_1_113' title="bbox 2162 5338 3735 5410">
    <p class='ocr_par' dir='ltr' id='par_1_113' title="bbox 2162 5338 3735 5410">
     <span class='ocr_line' id='line_1_113' title="bbox 2162 5338 3735 5410; baseline -0.001 -19"><span class='ocrx_word' id='word_1_797' title='bbox 2162 5340 2439 5402; x_wconf 67' lang='grc' dir='ltr'>σιαπικός</span> <span class='ocrx_word' id='word_1_798' title='bbox 2482 5340 2659 5409; x_wconf 71' lang='grc' dir='ltr'>κῆρυξ</span> <span class='ocrx_word' id='word_1_799' title='bbox 2688 5339 2953 5408; x_wconf 80' lang='grc' dir='ltr'>ἁριδήλως</span> <span class='ocrx_word' id='word_1_800' title='bbox 3150 5338 3243 5408; x_wconf 80' lang='grc' dir='ltr'><strong>Μὴ</strong></span> <span class='ocrx_word' id='word_1_801' title='bbox 3278 5338 3545 5407; x_wconf 84' lang='grc' dir='ltr'>δεχομένη</span> <span class='ocrx_word' id='word_1_802' title='bbox 3594 5338 3653 5390; x_wconf 72' lang='grc' dir='ltr'>δὲ</span> <span class='ocrx_word' id='word_1_803' title='bbox 3695 5341 3735 5410; x_wconf 71' lang='grc' dir='ltr'><strong>ἡ</strong></span> 
     </span>
    </p>
   </div>
   <div class='ocr_carea' id='block_1_114' title="bbox 2174 5426 3739 5497">
    <p class='ocr_par' dir='ltr' id='par_1_114' title="bbox 2174 5426 3739 5497">
     <span class='ocr_line' id='line_1_114' title="bbox 2174 5426 3739 5497; baseline -0.001 -16"><span class='ocrx_word' id='word_1_804' title='bbox 2174 5428 2471 5497; x_wconf 82' lang='grc' dir='ltr'>Ἐκκλησία</span> <span class='ocrx_word' id='word_1_805' title='bbox 2498 5431 2638 5481; x_wconf 83' lang='grc' dir='ltr'>κατὰ</span> <span class='ocrx_word' id='word_1_806' title='bbox 2670 5429 2908 5495; x_wconf 80' lang='grc' dir='ltr'>Σευῆρον</span> <span class='ocrx_word' id='word_1_807' title='bbox 2946 5426 3045 5497; x_wconf 80' lang='grc' dir='ltr'>τὴν</span> <span class='ocrx_word' id='word_1_808' title='bbox 3075 5427 3369 5497; x_wconf 70' lang='grc' dir='ltr'>διαφοράν*</span> <span class='ocrx_word' id='word_1_809' title='bbox 3414 5427 3552 5478; x_wconf 77' lang='grc' dir='ltr'><strong>ἀλλά</strong></span> <span class='ocrx_word' id='word_1_810' title='bbox 3586 5429 3739 5479; x_wconf 70' lang='grc' dir='ltr'>κατὰ</span> 
     </span>
    </p>
   </div>
   <div class='ocr_carea' id='block_1_115' title="bbox 2162 5515 3737 5586">
    <p class='ocr_par' dir='ltr' id='par_1_115' title="bbox 2162 5515 3737 5586">
     <span class='ocr_line' id='line_1_115' title="bbox 2162 5515 3737 5586; baseline -0.002 -15"><span class='ocrx_word' id='word_1_811' title='bbox 2162 5521 2253 5571; x_wconf 74' lang='grc' dir='ltr'>τὸν</span> <span class='ocrx_word' id='word_1_812' title='bbox 2321 5522 2518 5586; x_wconf 80' lang='grc' dir='ltr'>ἑαυτῆς</span> <span class='ocrx_word' id='word_1_813' title='bbox 2569 5518 2725 5584; x_wconf 77' lang='grc' dir='ltr'>λόγον</span> <span class='ocrx_word' id='word_1_814' title='bbox 2784 5518 2884 5568; x_wconf 83' lang='grc' dir='ltr'>οὐκ</span> <span class='ocrx_word' id='word_1_815' title='bbox 2939 5516 3305 5570; x_wconf 79' lang='grc' dir='ltr'>ἀποϐάλλεται</span> <span class='ocrx_word' id='word_1_816' title='bbox 3344 5515 3551 5581; x_wconf 87' lang='grc' dir='ltr'>ταύτην</span> <span class='ocrx_word' id='word_1_817' title='bbox 3605 5516 3737 5569; x_wconf 76' lang='grc' dir='ltr'>καθ’</span> 
     </span>
    </p>
   </div>
   <div class='ocr_carea' id='block_1_116' title="bbox 2162 5603 3739 5679">
    <p class='ocr_par' dir='ltr' id='par_1_116' title="bbox 2162 5603 3739 5679">
     <span class='ocr_line' id='line_1_116' title="bbox 2162 5603 3739 5679; baseline 0 -18"><span class='ocrx_word' id='word_1_818' title='bbox 2162 5610 2454 5676; x_wconf 75' lang='grc' dir='ltr'>ὁμοιότητα</span> <span class='ocrx_word' id='word_1_819' title='bbox 2488 5609 2581 5658; x_wconf 80' lang='grc' dir='ltr'>τοῦ</span> <span class='ocrx_word' id='word_1_820' title='bbox 2640 5603 3129 5674; x_wconf 59' lang='grc' dir='ltr'>Ἀλικαρνασσὲίιυτ.</span> <span class='ocrx_word' id='word_1_821' title='bbox 3163 5610 3364 5675; x_wconf 56' lang='lat' dir='ltr'><strong>manu.</strong></span> <span class='ocrx_word' id='word_1_822' title='bbox 3403 5605 3513 5672; x_wconf 79' lang='grc' dir='ltr'>γὰρ</span> <span class='ocrx_word' id='word_1_823' title='bbox 3552 5606 3739 5679; x_wconf 78' lang='grc' dir='ltr'>ἀληθῆ</span> 
     </span>
    </p>
   </div>
   <div class='ocr_carea' id='block_1_117' title="bbox 2166 5695 3735 5768">
    <p class='ocr_par' dir='ltr' id='par_1_117' title="bbox 2166 5695 3735 5768">
     <span class='ocr_line' id='line_1_117' title="bbox 2166 5695 3735 5768; baseline 0 -17"><span class='ocrx_word' id='word_1_824' title='bbox 2166 5701 2258 5752; x_wconf 71' lang='grc' dir='ltr'>καὶ</span> <span class='ocrx_word' id='word_1_825' title='bbox 2285 5701 2463 5768; x_wconf 57' lang='grc' dir='ltr'>’ᾲυχὴν</span> <span class='ocrx_word' id='word_1_826' title='bbox 2493 5699 2683 5767; x_wconf 69' lang='grc' dir='ltr'>νοερὰ-θ</span> <span class='ocrx_word' id='word_1_827' title='bbox 2720 5697 2858 5767; x_wconf 80' lang='grc' dir='ltr'><strong>μετά</strong></span> <span class='ocrx_word' id='word_1_828' title='bbox 2894 5697 3012 5751; x_wconf 71' lang='grc' dir='ltr'>τῶιί</span> <span class='ocrx_word' id='word_1_829' title='bbox 3028 5697 3242 5749; x_wconf 67' lang='grc' dir='ltr'>οἰκείων</span> <span class='ocrx_word' id='word_1_830' title='bbox 3266 5695 3578 5763; x_wconf 71' lang='grc' dir='ltr'>ἰδιωμάτων</span> <span class='ocrx_word' id='word_1_831' title='bbox 3600 5695 3735 5751; x_wconf 70' lang='grc' dir='ltr'><strong>ἁνι-</strong></span> 
     </span>
    </p>
   </div>
  </div>
