4216 6438
692 358 791 423 7H

694 476 869 527 reatu,
893 464 1273 521 aﬂlictionem,
1306 478 1371 515 ac
1394 478 1516 530 qua:
1546 464 1672 516 inde
1701 465 1922 518 virtutis
1950 480 2113 519 causa
2144 475 2263 519 ten-

2363 470 2462 536 τῆς
2515 469 2718 537 ἀρετῆς
2773 468 3124 537 πειραῦμῦὐς
3155 489 3168 501 ·

692 556 927 609 lationes
978 555 1315 614 obveniant;
1362 554 1567 623 quique
1620 555 1785 608 vitam
1827 556 1961 618 vita,
2006 558 2259 625 prazsetiti

690 649 955 707 futuram,
991 662 1087 714 per
1110 646 1346 697 liberum
1378 646 1547 698 animi
1594 648 1956 714 propositum,
1987 649 2262 716 sapienter

689 745 1043 790 commutant.
1106 736 1226 789 Filii
1288 736 1548 805 denique,
1599 737 1695 805 qui
1754 753 1934 808 neque
1988 740 2260 793 minarum

691 844 859 894 ltlcw,
895 845 997 885 nec
1041 831 1433 901 promissorum
1473 832 1803 901 cupiditate,
1833 834 1928 888 sed
1975 834 2137 888 modo
2168 834 2262 887 illo

686 938 751 977 ac
787 923 998 987 habitu,
1041 938 1153 992 quo
1194 925 1249 978 in
1296 924 1499 977 bonum
1543 923 1943 994 honestumque
1990 941 2260 995 propensa

686 1012 855 1066 animi
884 1014 1165 1067 voluntate
1204 1014 1458 1077 tendunt,
1483 1029 1513 1067 a
1544 1015 1657 1070 Deo
1686 1031 1965 1085 nunquam
2003 1032 2262 1086 separatio

688 1112 798 1170 tur,
829 1106 981 1159 velut
1016 1106 1159 1159 lilius
1191 1104 1305 1169 ille,
1329 1105 1399 1159 ad
1436 1122 1601 1176 quem
1642 1107 1852 1161 dictum
1894 1117 2017 1162 est:
2044 1108 2168 1170 Fili,
2203 1119 2261 1163 tu

684 1211 891 1265 seraper
924 1213 1122 1249 mecum
1157 1213 1233 1257 es,
1258 1206 1308 1249 ct
1336 1199 1514 1252 omnia
1550 1214 1692 1260 mea,
1723 1206 1816 1251 tua
1856 1209 1980 1252 sunt
2010 1200 2068 1264 εις
2101 1221 2119 1252 ι
2154 1201 2261 1257 hoc

687 1286 864 1357 ipsum
905 1304 1001 1358 per
1022 1290 1371 1358 adoptionem
1404 1289 1857 1363 [deiﬁcationem],
1883 1307 2006 1361 quae
2031 1302 2116 1346 est
2139 1307 2261 1361 gra-

687 1379 782 1443 tia,
829 1381 1176 1442 exsistentes,
1227 1383 1409 1449 quoad
1441 1382 1563 1451 ejus
1594 1395 1913 1436 concessum
1960 1394 2062 1446 est,
2109 1383 2260 1451 quod

685 1468 830 1523 Deus
857 1485 956 1539 per
983 1479 1235 1525 naturam
1266 1478 1323 1526 et
1348 1485 1528 1525 causa:
1566 1472 1835 1527 rationem
1873 1482 1988 1527 tum
2028 1484 2115 1527 est
2143 1483 2258 1528 tum

683 1558 929 1613 creditur
960 1576 1100 1616 esse.

756 1648 1161 1720 Frequentamla
1210 1651 1640 1708 ecclesia.—Ne
1685 1669 1820 1724 ergo
1868 1670 1900 1709 a
1940 1666 2125 1709 saneta
2163 1655 2257 1709 Dei

684 1738 925 1795 Ecclesia
967 1741 1159 1796 abesse
1206 1742 1261 1796 in
1295 1742 1537 1797 animum
1570 1744 1915 1808 inducamus,
1943 1761 2067 1815 qua:
2109 1755 2255 1802 tanta

1839 365 1899 416 S.
1940 361 2225 421 ΜΛΧΙΜΙ
2263 361 2769 421 COXPESSORIS

3828 374 3937 432 712

3223 474 3315 525 καὶ
3362 470 3511 542 ζωῆς
3559 473 3706 543 ζωὴν
3754 478 3935 544 σοι-’.τῶς

2362 560 2481 609 κατ’
2534 560 2854 628 αὐθαίρετον
2905 554 3132 629 γνώμην
3152 565 3626 629 ἀνταλλάσσοπες,
3658 572 3759 635 τῆς
3794 585 3938 638 παρ-

2360 649 2529 717 ούσης
2578 650 2677 718 τὴν
2731 651 3055 720 μέλλουσαν.
3107 654 3226 706 Υἱοὶ
3263 656 3340 718 δὲ,
3393 657 3445 708 οἱ
3473 658 3609 725 μήτε
3646 658 3799 728 φόΰῳ
3824 660 3939 711 τῶν

2364 741 2767 810 ἠπειλημένων,
2802 744 2937 811 μήτε
2968 744 3119 812 πόθῳ
3161 744 3272 796 τῶν
3295 747 3717 817 ἐπηγγελμένων
3748 789 3765 808 ,
3800 750 3937 802 ἀλλά

2359 832 2550 900 τρόπῳ
2574 834 2670 885 καὶ
2698 832 2814 897 ἔξει
2837 836 2941 904 τῆς
2970 837 3109 906 πρὸς
3135 836 3197 887 τὸ
3220 837 3387 888 καλὸν
3414 838 3557 890 κατά
3582 840 3810 908 γνώμην
3833 843 3937 910 τῆς

2359 924 2539 992 ψυχῆς
2570 926 2746 995 Mc
2773 941 2836 977 τε
2868 926 2963 978 καὶ
2991 926 3312 991 διαθέσεως.
3348 930 3620 998 μηδέποτε
3664 932 3761 983 τοῦ
3796 932 3935 984 Θεοῦ

2361 1016 2715 1084 χωριζόμενοι
2740 1034 2753 1046 ·
2784 1018 2905 1069 κατ’
2930 1018 3138 1070 ἐκεῖνον
3162 1020 3254 1071 τὸν
3283 1022 3419 1082 υίὸν,
3447 1021 3584 1091 πρὸς
3616 1022 3676 1074 δν
3696 1024 3930 1093 simtu.

2366 1105 2606 1164 Τέκνον,
2651 1104 2734 1157 σὺ
2768 1105 3027 1158 πάντοτε
3065 1106 3193 1173 μετ’
3236 1106 3388 1176 ἐμοῦ
3428 1104 3503 1170 εἷ,
3553 1109 3653 1160 καὶ
3699 1110 3774 1160 τὰ
3819 1110 3933 1176 ἐμὰ

2365 1194 2561 1246 πάντα
2593 1194 2678 1246 σά
2704 1194 2835 1246 ἐστι
2863 1211 2880 1225 ο
2912 1194 3072 1247 τοῦτο
3097 1197 3236 1249 κατά
3261 1198 3364 1265 τὴν
3404 1198 3464 1250 ὲν
3490 1199 3677 1266 χάριτι
3712 1197 3862 1249 θέσιν
3886 1199 3933 1229 ⁸⁸

2360 1285 2720 1354 ἐνδεχομένως
2755 1286 3110 1357 ὑπάρχοντες,
3141 1290 3278 1356 ὅπερ
3305 1290 3336 1340 ό
3362 1289 3494 1350 θεὸς
3521 1290 3661 1342 nati
3689 1290 3792 1359 τὴν
3825 1290 3930 1357 (ρύ-

2361 1392 2447 1427 σιν
2467 1378 2558 1427 καὶ
2584 1376 2761 1428 αἰτίαν
2788 1377 2884 1428 καὶ
2914 1376 3029 1429 ἔστι
3062 1379 3156 1429 καὶ
3188 1378 3521 1431 πιστεύεται.

2424 1643 2515 1713 Μὴ
2540 1643 2717 1696 τοίνυν
2745 1641 3161 1712 ἀπολειφθῶμεν
3183 1645 3284 1710 τῆς
3315 1641 3479 1710 ἁγίας
3510 1640 3604 1695 τοῦ
3629 1640 3766 1694 Θεοῦ
3806 1642 3931 1693 Ἕκα

2359 1734 2609 1803 πλησίας,
2643 1731 2883 1785 τοσαῦτα
2906 1733 3047 1785 κατά
3074 1733 3174 1802 τὴν
3221 1730 3331 1784 τῶν
3377 1731 3718 1800 τελουμένων
3767 1731 3931 1784 θείων

685 1828 739 1882 in
785 1830 1098 1884 divinorum
1149 1831 1547 1902 symbolarum,
1591 1849 1713 1903 qua:
1753 1834 2124 1899 celebrantur,
2175 1837 2253 1889 ri-

2362 1824 2646 1895 συμϐόλων
2672 1823 2832 1893 ἁγίαν
2862 1824 3105 1889 διάταξιν
3149 1825 3248 1893 τῆς
3293 1821 3565 1892 σωτηρίας
3612 1823 3774 1893 ἡμῶν
3830 1839 3932 1875 πε-

683 1930 947 1991 tuumque
976 1932 1163 1977 sancta
1191 1921 1556 1987 ordinatione,
1587 1925 1780 1980 salutis
1807 1935 2011 1981 nostra:
2051 1939 2254 1999 myste-

682 2012 762 2065 ria
786 2013 1198 2082 complectitur;
1220 2012 1422 2083 quibus
1451 2016 1670 2086 egregie
1693 2032 1967 2087 quemque
2002 2031 2252 2075 nostrum

679 2103 775 2173 qui
807 2104 973 2158 vitam
1018 2105 1220 2162 virtute
1267 2105 1528 2170 instituit,
1571 2122 1674 2176 pro
1716 2124 1782 2163 eo
1818 2125 1884 2165 ac
1911 2111 2091 2180 capit,
2124 2127 2256 2167 eon—

680 2201 941 2247 sentanea
968 2192 1189 2249 Christo
1219 2195 1430 2250 ratione
1460 2195 1755 2261 lahricans,
1788 2200 1934 2268 quod
1984 2216 2083 2270 per
2124 2217 2253 2256 san-

679 2291 829 2337 ctum
854 2282 1121 2353 baptisma
1147 2284 1199 2338 in
1234 2283 1440 2354 Spiritu
1470 2297 1659 2342 sancto
1684 2289 1871 2343 datum
1894 2299 1978 2346 est
2007 2292 2256 2363 adoptio-

682 2373 769 2430 nis
797 2390 1018 2440 munus,
1045 2374 1371 2430 Christianis
1402 2378 1650 2434 moribus
1678 2379 1732 2433 in
1762 2382 1936 2450 palam
1963 2384 2251 2452 producit:

681 2464 776 2518 sed
808 2472 1009 2533 quanta
1041 2465 1291 2531 facultas,
1319 2469 1578 2538 omnique
1607 2469 1907 2540 diligentia,
1933 2473 2127 2544 dignos
2154 2491 2255 2531 nos

680 2554 885 2612 divinis
908 2557 1229 2613 muneribus
1252 2559 1629 2622 exhibeautus,
1655 2578 1751 2630 per
1775 2563 1917 2619 bona
1944 2580 2109 2634 opera
2134 2568 2254 2637 pla-

681 2654 867 2701 centes
914 2645 1060 2710 Deo;
1110 2663 1218 2702 ιιοιι
1275 2659 1666 2703 conversantes
1711 2653 1845 2704 sicut
1893 2662 2089 2723 gentes.
2138 2672 2256 2727 qua:

681 2734 850 2790 Deum
890 2738 1159 2806 ignorant,
1191 2740 1244 2791 in
1275 2740 1516 2808 passione
1554 2740 1797 2795 desiderii
1832 2756 1854 2781 ο
1900 2760 1962 2798 ac
1992 2745 2252 2812 libidine;

681 2826 777 2881 sed
806 2828 953 2883 sicut
979 2828 1059 2883 ait
1085 2840 1306 2883 sanctus
1330 2829 1660 2899 Apostolus:
1692 2830 2065 2901 Morti/icantes
2096 2854 2257 2889 ment-

681 2919 776 2973 bra
812 2934 930 2990 qua:
966 2929 1088 2973 sunt
1127 2937 1284 2987 super
1320 2930 1541 2985 terram,
1577 2920 1998 2991 fornicationem,
2030 2928 2257 2980 innuim-

682 3012 890 3075 ditiam,
919 3012 1208 3075 libidinem,
1243 3015 1712 3081 concupiscentiam
1742 3015 1964 3077 ntalem,
1993 3026 2041 3069 et
2076 3020 2256 3072 arrtri-

2356 1916 2642 1987 ριεχούσης
2701 1916 2996 1986 μυστήρια,
3041 1915 3108 1967 δι’
3142 1908 3219 1968 ὧν
3269 1914 3501 1969 ἕκαστον
3554 1913 3714 1984 ἡμῶν
3754 1915 3934 1975 καλῶς

2358 2006 2592 2076 μάλιστα
2631 2006 3046 2074 πολιτευόμενον
3076 2005 3355 2073 ἀναλόγως
3392 2003 3569 2073 ἑαυτῷ
3617 2005 3757 2057 κατά
3799 2005 3935 2075 Χρι-

2356 2099 2481 2153 στδν
2537 2098 2965 2169 δημιουργοῦσα,
3012 2098 3074 2149 τὸ
3129 2097 3283 2150 δοθὲν
3313 2099 3400 2151 διὰ
3431 2097 3526 2150 τοῦ
3550 2097 3705 2164 ἁγίου
3734 2095 3932 2164 pax-.5-

2357 2207 2559 2261 σματος
2588 2194 2646 2244 ἐν
2671 2190 2943 2259 Πνεύματι
2977 2189 3117 2257 ἁγίῳ
3140 2191 3385 2258 χάρισμα
3404 2192 3501 2257 τῆς
3530 2187 3819 2247 υἱοθεσίας,
3851 2189 3934 2248 εἰς

2356 2282 2664 2353 φανέρωσιν
2706 2281 2830 2349 ἄγει
2873 2281 3012 2333 κατά
3039 2279 3271 2350 Χριστὸν
3304 2278 3718 2348 πολιτευόμενον
3747 2293 3763 2307 ·
3796 2277 3935 2329 ἀλλά

2356 2374 2508 2445 πάσῃ
2542 2372 2771 2442 δυνάμει
2796 2389 2855 2425 τε
2885 2372 2980 2423 καὶ
3001 2370 3204 2441 σπουδῇ
3242 2373 3686 2438 παραστήσωμεν
3706 2370 3936 2430 ἑαυτοὺς

2355 2465 2536 2530 ἀξίους
2566 2464 2676 2517 τῶν
2713 2463 2875 2517 θείων
2930 2464 3300 2532 χαρισμάτων,
3357 2461 3424 2513 δι’
3476 2461 3653 2529 ἔργων
3707 2462 3936 2529 ἀγαθῶν

2356 2553 2782 2624 εὐαρεστοῦντας
2810 2552 2888 2622 τῷ
2916 2552 3036 2622 θεῷ
3065 2567 3079 2580 ·
3134 2552 3210 2621 μὴ
3267 2551 3730 2620 ἀναστρεφόμενοι
3782 2551 3938 2603 κατὰ

2355 2648 2428 2701 τὰ
2465 2649 2633 2714 ἔθνη,
2667 2648 2739 2700 τὰ
2753 2647 2839 2715 μὴ
2870 2646 3071 2698 εἰδότα
3109 2645 3279 2707 Θεὸν,
3300 2645 3370 2697 ἐν
3398 2645 3569 2697 πάθει
3593 2645 3933 2712 ἐπιθυμιίιψ

2356 2740 2513 2802 ἀλλά,
2543 2739 2729 2798 καθώς
2760 2754 2926 2805 φησιν
2949 2738 2979 2788 ὁ
3011 2738 3167 2803 ἆγιος
3207 2735 3547 2797 ’Λπόστολο;,
3579 2735 3939 2801 Νεκρώσαν-

2356 2848 2456 2897 τες
2506 2833 2579 2884 τὰ
2621 2830 2776 2899 μέλη
2817 2829 2887 2882 τὰ
2916 2829 3013 2881 ἐπὶ
3042 2827 3153 2895 τῆς
3180 2827 3310 2897 γῆς,
3340 2829 3647 2896 πορνείαν.
3676 2828 3941 2894 ἀκαθαρ-

2356 2925 2520 2985 σίαν,
2556 2922 2765 2987 πάθος,
2788 2923 3111 2990 ἐπιθυμίαν
3139 2920 3358 2987 κακὴν,
3419 2921 3518 2973 καὶ
3566 2919 3680 2986 τὴν
3717 2923 3937 2972 πλεον-

2356 3016 2545 3078 εξίαν,
2576 3014 2709 3080 ἥτις
2740 3013 2914 3065 ἐστίν
2963 3008 3421 3076 είδωλολατρεία
3448 3023 3463 3038 '
3509 3010 3585 3062 δι’
3623 3008 3662 3062 d
3701 3010 3940 3077 ἔρχεται

686 3104 837 3167 tiam,
878 3118 995 3173 qua:
1041 3110 1117 3156 est
1156 3102 1562 3157 simulacrorum
1592 3107 1849 3169 servitus;
1886 3116 2099 3175 propter
2142 3124 2259 3177 qua:

2362 3107 2397 3172 ἡ
2424 3104 2568 3173 apri;
2592 3105 2688 3156 ἐπὶ
2712 3101 2854 3167 τοὺς
2878 3103 3047 3167 υίοὺς
3083 3101 3195 3169 τῆς
3241 3101 3545 3167 ἀπειθείας
3572 3118 3585 3131 ·
3631 3100 3821 3195 ὀργήν
3872 3116 3942 3153 τε

685 3194 823 3247 venit
852 3194 933 3247 ira
971 3193 1063 3247 Dei
1097 3195 1151 3247 in
1189 3192 1326 3259 ﬁlios
1354 3204 1722 3261 contumaces;
1756 3195 1919 3266 525
1950 3213 2259 3267 omnemque

648 3352 652 3359 '
685 3284 823 3336 iram
854 3290 902 3335 et
937 3282 1350 3351 indignationem
1380 3292 1426 3334 et
1457 3292 1663 3352 turpem
1695 3300 1987 3337 sermonem
2027 3292 2075 3336 et
2111 3302 2259 3338 men-

686 3374 895 3428 dacium
926 3372 943 3413 τ
977 3390 990 3427 :
1017 3384 1092 3437 et,
1124 3383 1181 3427 ut
1207 3374 1372 3427 semel
1402 3373 1602 3437 dicam,
1637 3384 1810 3428 totum
1837 3384 2063 3429 veterem
2093 3377 2261 3430 homi-

687 3480 827 3523 nem.
850 3463 938 3534 qui
978 3464 1333 3532 corrumpitur
1371 3462 1657 3515 secundum
1697 3461 1953 3516 desideria
1988 3465 2179 3517 erroris
2210 3466 2255 3528 Β,

685 3554 995 3623 deponentes
1046 3570 1165 3607 cum
1215 3553 1414 3606 actibus
1436 3555 1542 3608 suis
1577 3554 1615 3594 ἰι
1661 3562 1709 3606 et
1755 3554 2057 3618 desideriis,
2104 3556 2260 3625 digne

688 3641 795 3696 Deo
841 3642 1194 3706 ambulemus,
1238 3644 1329 3713 qui
1374 3644 1573 3698 uocauit
1616 3660 1708 3697 nos
1747 3645 1800 3698 in
1835 3662 1992 3699 suum
2042 3662 2259 3716 regnum

686 3733 986 3805 ctgloriam
1028 3733 1083 3798 ῖς
1135 3735 1411 3789 induentes
1453 3751 1544 3788 nos
1610 3737 1811 3789 viscera
1866 3737 2255 3800 misericordiae,

685 3827 1075 3898 benignitatem,
1111 3828 1527 3891 submissionem,
1567 3828 2038 3891 mansuetudinem,
2070 3829 2257 3900 longa-

686 3919 1016 3983 nimitatem;
1055 3926 1426 3989 supportantcs
1465 3919 1684 3972 invicem
1728 3921 1781 3973 in
1829 3922 2085 3975 clmritate
2130 3921 2176 3986 i,
2210 3930 2257 3974 et

684 4007 939 4063 donantes
974 4010 1375 4079 nobismetipsis,
1403 4012 1450 4064 si
1477 4012 1592 4081 quis
1623 4011 1871 4065 adversus
1903 4013 2133 4082 aliquem
2163 4015 2258 4067 lm-

684 4100 766 4155 bet
798 4100 1089 4171 querelam,
1110 4103 1242 4156 sicut
1276 4112 1323 4156 et
1356 4101 1608 4158 Dominus
1649 4104 1863 4158 donavit
1895 4107 2060 4160 nobis.
2090 4106 2259 4175 Super

684 4193 884 4256 omnia,
936 4194 1201 4247 vinculum
1262 4193 1396 4247 illud
1444 4195 1796 4264 perfectionis,
1845 4197 2159 4251 charitatcm
2210 4210 2256 4253 et

683 4301 890 4355 pacem,
922 4285 976 4337 in
1011 4301 1171 4355 quam
1206 4293 1255 4339 et
1286 4286 1453 4339 uocati
1493 4302 1670 4339 sumus
1706 4286 1762 4340 in
1800 4302 1905 4341 uno
1938 4303 2153 4356 corpore
2186 4290 2209 4329 ιι
2240 4307 2253 4343 :

682 4383 758 4439 et,
792 4384 850 4430 ut
879 4392 1089 4430 summa
1117 4375 1318 4439 dicam.
1344 4392 1533 4431 novum
1554 4378 1836 4441 hominem,
1860 4380 1949 4447 qui
1974 4388 2258 4432 renovatur

2365 3192 2591 3257 πᾶσαν,
2648 3194 2743 3244 καὶ
2776 3192 2966 3259 θυμὸν
2988 3191 3084 3246 καὶ
3107 3191 3541 3260 αἰσχρολογίαν
3562 3184 3937 3258 καῖψεῦδοςο

2366 3285 2480 3346 καὶ,
2520 3283 2799 3351 συντόμως
2836 3284 3031 3344 εἰπεῖν,
3082 3282 3258 3335 πάντα
3290 3281 3399 3335 τὸν
3430 3281 3688 3335 παλαιὸν
3716 3281 3942 3348 ἀνθρω-

2365 3386 2503 3435 πον,
2539 3373 2642 3423 τὸν
2661 3372 3049 3439 φθειρόμενον
3091 3370 3242 3424 κατὰ
3298 3372 3408 3434 τὰς
3455 3371 3772 3440 ἐπιθυμίας
3826 3370 3944 3437 τῆς

2364 3461 2618 3528 ἀπάτης,
2643 3461 3000 3529 ἀποθέμενοι
3024 3461 3147 3514 σὺν
3171 3461 3297 3527 ταῖς
3318 3461 3616 3529 πράξεσιν
3632 3462 3818 3516 αὑτοῦ
3836 3464 3940 3516 καὶ

2368 3554 2495 3620 ταῖς
2517 3555 2874 3622 ἐπιθυμίαις,
2904 3553 3088 3619 ἀξίως
3109 3552 3214 3606 τοῦ
3241 3552 3391 3607 Θεοῦ
3416 3551 3939 3621 περιπατήσωμεν,

2365 3644 2474 3701 τοῦ
2521 3645 2898 3709 καλέσαντος
2935 3643 3094 3712 ἡμᾶς
3121 3646 3210 3710 είς
3240 3645 3356 3712 τήν
3395 3636 3583 3698 αὑτοῦ
3608 3645 3944 3708 ,ϐασιλείαν

2365 3738 2462 3790 καί
2502 3736 2690 3799 δόξαν
2719 3752 2733 3765 ο
2778 3735 3178 3803 ἐνδυσάμενοι
3217 3735 3547 3805 σπλάγχνα
3597 3736 3939 3804 οικτιρμοῦ,

2365 3829 2761 3897 γρηστότητα,
2784 3825 3367 3894 ταπεινοφροσύνην,
3389 3826 3699 3893 πραΰτητα
3726 3826 3795 3889 ⁸⁸,
3822 3841 3943 3894 μα-

2364 3919 2691 3987 κροθυμίαν
2714 3933 2728 3947 ’
2757 3918 3110 3985 ἀνεχόμενοι
3130 3914 3421 3977 ἀλλήλων
3452 3915 3523 3968 ἐν
3562 3914 3787 3984 ἀγάπῃ,
3837 3915 3942 3968 και

2363 4007 2733 4078 χαριζόμενοι
2781 4006 3018 4072 ἑαυτοῖς
3069 4005 3180 4060 ἐάν
3208 4023 3299 4071 τις
3324 4007 3473 4075 πρός
3499 4023 3632 4059 τινα
3650 4007 3760 4074 ἔχῃ
3790 4024 3945 4075 μομ-

2363 4101 2510 4170 φὴν,
2542 4098 2734 4164 καθὼς
2762 4100 2859 4151 καὶ
2888 4101 2921 4152 ό
2947 4100 3161 4165 Κύριος
3183 4098 3227 4130 ⁸⁸
3271 4098 3597 4166 ἐχαρίσατο
3628 4097 3792 4166 ἡμῖν.
3836 4100 3943 4153 ἐπὶ

2364 4192 2517 4248 πᾶσί
2544 4208 2607 4245 τε
2635 4192 2742 4244 τὸν
2768 4190 3118 4259 σύνδεσμον
3142 4192 3533 4257 τελειότητος,
3567 4191 3681 4257 τὴν
3695 4192 3949 4260 ἀγάπην

2364 4283 2461 4338 καὶ
2494 4283 2611 4350 τὴν
2637 4282 2905 4351 είρήνην,
2934 4283 3022 4348 είς
3064 4280 3145 4348 ἣν
3192 4281 3292 4334 καί
3333 4282 3680 4350 ἐκλήθημεν
3729 4282 3801 4335 ἐν
3846 4283 3946 4337 ἐνί

2363 4372 2585 4442 σώματι
2612 4390 2625 4403 ·
2661 4374 2778 4435 καὶ,
2813 4373 2900 4425 ἵνα
2929 4370 3163 4424 συνελὼν
3191 4371 3350 4435 εἴπω,
3381 4374 3490 4425 τὸν
3533 4371 3676 4427 νέον
3718 4372 3952 4439 ἄνθρω-

684 4466 741 4519 in
770 4466 1109 4535 agnitionem,
1142 4465 1429 4519 secundum
1470 4466 1755 4536 imaginem
1784 4468 1918 4536 ejus,
1947 4470 2035 4537 qui
2063 4470 2257 4523 creavit

2364 4481 2505 4527 πον,
2530 4465 2594 4517 τὸ
2617 4465 3134 4532 ἀνακαινούμενον
3147 4465 3235 4528 εις
3249 4463 3576 4530 ἐπίγνωσιν
3594 4462 3721 4516 κατ’
3737 4464 3954 4516 εικίνα

683 4554 834 4612 illum
878 4554 918 4611 ι.
947 4556 1083 4611 Dum
1127 4557 1275 4612 enim
1309 4556 1389 4612 sic
1412 4556 1537 4612 vitae
1565 4557 1807 4612 rationes
1848 4573 2259 4628 componamus,

684 4647 985 4717 poterimus
1018 4648 1204 4717 utique
1228 4648 1282 4703 in
1314 4646 1477 4702 linem
1500 4646 1811 4703 divinarum
1837 4651 2261 4718 promissionum

685 4735 826 4790 bona
854 4751 951 4805 spe
977 4736 1098 4791 l'ulti
1127 4737 1339 4800 venire,
1368 4744 1415 4791 et
1448 4736 1659 4807 impleri
1682 4740 1948 4808 agnitione
1978 4739 2265 4796 voluntatis

682 4827 819 4896 ejus,
852 4827 906 4880 in
925 4826 1069 4880 omni
1097 4828 1359 4896 sapientia
1389 4837 1439 4881 et
1469 4827 1739 4882 intellectu
1772 4829 2023 4899 spiritali,
2047 4830 2267 4900 fructiﬁ-

681 4924 860 4970 cantes
888 4924 937 4969 et
975 4924 1259 4971 crescentes
1296 4918 1350 4970 in
1378 4918 1598 4973 scientia
1635 4918 1880 4986 Domini;
1906 4923 1960 4974 in
1987 4925 2128 4977 omni
2158 4925 2263 4977 eir-

685 5017 797 5064 tute
826 5007 1125 5078 conﬁrmati
1173 5010 1461 5064 secundum
1508 5015 1796 5075 potentiam
1826 5012 2088 5069 claritatis
2129 5017 2265 5085 ejus,

683 5100 736 5154 in
770 5099 913 5153 omni
940 5100 1195 5169 patientia
1220 5107 1268 5153 et
1308 5098 1710 5171 longanimitate
1748 5118 1863 5156 cum
1890 5106 2104 5174 gaudio,
2138 5123 2266 5176 gra-

686 5192 786 5245 tias
829 5197 1043 5261 agcntcs
1093 5190 1263 5253 l’atri,
1314 5191 1403 5261 qui
1447 5191 1659 5245 idoneos
1705 5208 1797 5247 nos
1832 5192 1949 5263 fecit
1980 5196 2033 5249 in
2061 5206 2267 5266 partem

683 5281 841 5337 sortis
869 5290 1174 5335 sanctorum
1203 5282 1258 5334 in
1283 5280 1478 5336 lumine
1507 5290 1568 5336 ω.

753 5480 782 5526 δ
815 5482 928 5537 Luc
950 5498 1036 5546 xv,
1072 5483 1160 5537 3|.
1241 5494 1265 5523 ο
1300 5483 1319 5537 l
1348 5483 1541 5538 Thess.
1572 5500 1649 5549 Iv,
1698 5484 1750 5539 5.

686 5570 745 5622 ιι,
769 5552 859 5610 12.
914 5550 928 5601 Ι
976 5552 1175 5621 Ephes.
1202 5568 1273 5618 tv,
1299 5552 1354 5606 2.
1434 5554 1455 5592 ιι
1478 5552 1689 5609 Coloss.
1720 5569 1797 5620 ιιι,
1832 5554 1917 5621 12,
1955 5557 2039 5611 15.

1870 5484 2128 5541 ίϐοιοεε.
2165 5502 2244 5551 ιιι,
2306 5488 2363 5551 5,
2392 5488 2447 5543 9.

2123 5555 2138 5595 ι
2174 5557 2311 5612 ibid.
2338 5573 2412 5621 Ix,
2444 5556 2530 5612 10.
2605 5555 2887 5614 In'(loloss.
2921 5573 2956 5620 ι,
2984 5555 3138 5609 9-12.

2361 4552 2465 4607 τοῦ
2491 4554 2816 4617 κτίσαντος
2851 4554 3058 4606 αὐτόν.
3087 4551 3243 4604 Οὕτω
3270 4551 3379 4621 γὰρ
3401 4550 3468 4603 ἂν
3490 4549 3751 4620 βιοῦντες,
3776 4550 3955 4619 δυνη-

2362 4645 2591 4715 θείημεν
2620 4646 2757 4714 πρὸς
2780 4645 2841 4696 τὺ
2876 4644 3027 4707 τέλος
3056 4642 3231 4695 ἐλθεῖν
3257 4644 3367 4695 τῶν
3390 4640 3552 4695 θείων
3575 4640 3956 4710 ἐπαγγελιῶν,

2369 4735 2485 4805 μετ’
2521 4734 2735 4796 ἐλπίδος
2759 4733 2970 4803 ἀγαθῆς
2998 4749 3013 4766 ο
3041 4731 3395 4805 πληρωθῆναι
3432 4749 3492 4785 τε
3517 4733 3616 4800 τὴν
3645 4732 3963 4800 ἐπίγνωσιν

2364 4825 2459 4879 τοῦ
2490 4824 2792 4896 θελήματος
2818 4823 3007 4889 αὐτοῦ,
3057 4826 3152 4878 καὶ
3182 4825 3331 4895 πάσῃ
3376 4824 3540 4896 σοφία
3583 4824 3677 4877 καὶ
3730 4823 3965 4878 συνέσει

2370 4919 2717 4986 πνευματικῇ
2782 4913 3278 4986 καρποφοροῦντες,
3335 4915 3431 4968 καὶ
3478 4913 3834 4983 αὐξανόμενοι
3876 4917 3965 4986 τῇ

2368 5008 2662 5076 ἐπιγνώσει
2692 5007 2899 5079 Κυρίου
2928 5023 2942 5038 ι
2985 5009 3044 5060 ἐν
3091 5008 3244 5078 πάσῃ
3281 5006 3509 5076 δυνάμει
3545 5004 3971 5075 δυναμούμενοι

2367 5101 2509 5155 κατὰ
2555 5100 2615 5152 τὸ
2641 5101 2844 5170 κράτος
2872 5102 2972 5170 τῆς
3015 5098 3173 5170 δόξης
3206 5097 3395 5164 αὑτοῦ,
3419 5099 3498 5161 είς
3525 5098 3705 5151 πᾶσαν
3734 5097 3973 5152 οἰκοδο-

2369 5193 2478 5262 μὴν
2504 5191 2551 5223 ⁸³
2571 5192 2663 5244 καὶ
2692 5190 3073 5261 μακροθυμίαν
3102 5189 3238 5261 μετά
3267 5190 3463 5260 χαρᾶς,
3492 5185 3977 5258 εὐχαριστοῦντες

2364 5282 2444 5352 τῷ
2465 5284 2664 5354 Πατρὶ.
2688 5281 2767 5352 τῷ
2800 5279 3125 5335 ίκανώσαντι
3158 5283 3304 5351 ἡμᾶς
3336 5282 3417 5343 είς
3458 5279 3559 5349 τήν
3610 5277 3809 5349 μερίδα
3846 5280 3975 5333 τοῦ

2367 5374 2569 5445 κλήρου
2599 5374 2709 5428 τῶν
2739 5371 2907 5442 ἁγίων
2934 5372 2993 5427 ιν
3015 5371 3094 5443 τῷ
3114 5372 3272 5442 φωτί.

2559 5492 2584 5529 κ
2616 5488 2815 5558 Ephes.
2855 5503 2929 5551 tv,
2960 5484 3071 5558 ‘22.
3092 5487 3149 5558 ΑΒ
3181 5486 3395 5543 Coloss.
3431 5501 3508 5551 ιιι,
3537 5485 3590 5541 9.
3658 5483 3674 5521 ¹
3704 5482 3980 5542 l'l'bess.

1955 5671 2190 5728 VARUE
2229 5672 2634 5733 LECTIONES.

761 5758 1022 5817 ⁴⁹θίωτιν
1052 5762 1113 5816 Λ.
1150 5760 1212 5817 C.
1244 5768 1300 5817 cl
1334 5761 1419 5818 Fr.

1500 5763 1542 5796 ⁶¹
1582 5763 1671 5819 Fr.
1709 5766 2007 5830 πραότητα.
2057 5769 2133 5800 ’θ’
2187 5768 2439 5833 Χριστός.
2476 5769 2538 5824 (ἰ.
2597 5772 2660 5826 Λ.
2738 5769 2785 5801 ⁸⁸
2817 5767 3005 5823 Caeca
3057 5762 3261 5819 habent
3321 5761 3617 5834 ὑπομονήν.
