4216 6438
270 380 377 448 713

1630 390 2023 453 MYSTAGOG
2036 394 2127 453 ΙΛ.

3418 409 3528 472 ἿΗ

344 498 534 569 Σαφὴς
556 499 614 553 δὲ
641 501 741 570 τῆς
778 500 1000 572 χάριτος
1048 502 1250 573 ταύτης
1295 503 1442 557 ἐστὶν
1478 504 1772 568 ἀπόδειξις,
1812 506 1847 572 ἡ

2019 509 2241 576 ΛΠὶη-ιιιε
2277 526 2430 580 opere
2453 514 2771 582 probandus.
2806 515 3172 584 Bmﬁcentia:
3194 519 3290 581 vis.
3316 529 3373 572 ut
3403 524 3526 575 deos

273 592 410 663 πρὸς
438 592 501 644 τὸ
527 593 787 660 συγγενὲς
813 593 882 646 δι’
909 594 1120 657 εὐνοίας
1170 595 1415 658 ἑκούσιος
1460 595 1794 657 συνδιάθεσις
1829 612 1845 626 ο

273 680 341 754 ἧς
361 684 528 752 ἔργον
559 685 730 745 ἐστὶν,
758 684 833 746 ῶς
866 684 1020 749 Θεὸν,
1064 684 1392 738 οἰκειοῦσθαι
1444 687 1586 738 κατά
1624 685 1851 754 δύναμιν

271 776 363 827 τὸν
392 774 515 826 καθ’
563 774 739 828 ότιοῦν
778 776 875 843 τῆς
908 776 1065 845 ἡμῶν
1104 778 1425 846 ἐπικουρίας
1456 777 1709 846 δεόμενον
1758 778 1851 830 ἀν-

271 867 513 937 θρωπον·
534 867 629 921 καλ⁸
650 870 727 937 μὴ
754 867 850 938 ἐᾷν
872 868 1212 938 ἀτημέλητον
1238 870 1332 919 καὶ
1352 869 1702 938 ἀπρονόητον·
1719 869 1852 920 ἀλλά

276 960 483 1029 σπουδῇ
534 961 601 1028 τῇ
654 957 939 1029 πρεπούσῃ
988 960 1109 1011 κατ’
1162 959 1442 1026 ἐνέργειαν
1482 958 1852 1012 ἐνδείκνυσθαι

272 1049 457 1112 ζῶσαν
478 1048 578 1118 τὴν
599 1050 659 1099 ἐν
684 1050 817 1117 ἡμῖν
838 1050 973 1117 πρός
1009 1067 1069 1102 τε
1090 1050 1179 1103 τὸν
1205 1050 1338 1103 Θεὸν
1368 1052 1463 1103 καὶ
1491 1051 1579 1102 τὸν
1625 1050 1852 1121 πλησίον

270 1139 539 1192 διάθεσιν.
587 1140 788 1208 Ἔργον
832 1141 942 1209 γάρ
980 1141 1258 1206 ἀπόδειξις
1315 1142 1629 1203 διαθέσεως.
1682 1143 1851 1195 Οὐδὲν

275 1231 387 1301 γὰρ
446 1229 570 1283 οὐτε
632 1230 769 1300 πρὸς
829 1230 1176 1300 δικαιοσύνην
1226 1233 1369 1285 οὕτω
1439 1233 1617 1303 ῥᾴδιόν
1680 1234 1848 1298 ἐστιν,

276 1320 401 1373 οὐτε
442 1320 579 1388 πρὸς
625 1319 823 1373 θέωσιν
869 1321 963 1389 (ἵν’
1015 1321 1188 1385 οὕτως
1221 1323 1384 1387 εἴπω)
1434 1324 1528 1376 καὶ
1568 1322 1667 1393 τὴν
1716 1324 1850 1392 πρὸς

274 1410 413 1463 Θεὸν
436 1412 715 1481 ἐγγύτητα
741 1414 1075 1484 καθέστηκεν
1110 1417 1433 1487 ἐπιτήδειον,
1466 1417 1541 1479 ὡς
1597 1418 1744 1479 ἔλεος
1787 1420 1851 1470 ἐκ

275 1500 453 1571 ψυχῆς
469 1503 548 1564 είς
567 1503 691 1564 τοὺς
714 1503 996 1572 δεομένους
1026 1506 1142 1574 μεθ’
1164 1506 1354 1576 ἡδονῆς
1381 1509 1473 1561 καὶ
1493 1510 1666 1579 χαρᾶς
1688 1525 1851 1577 προσ-

276 1591 602 1661 φερόμενος.
663 1595 725 1645 El
758 1596 865 1664 γάρ
894 1596 1026 1648 Θεὸν
1054 1598 1082 1648 6
1108 1597 1277 1665 Λόγος
1319 1598 1410 1651 τὸν
1443 1595 1501 1652 εὖ
1528 1598 1717 1653 παθέἰν
1746 1600 1853 1652 δεό-

273 1701 446 1751 μενον
490 1684 711 1748 ἔδειξεν.
780 1688 904 1755 Ἐφ’
947 1687 1100 1741 ὅσον
1129 1688 1239 1759 γάρ
1285 1689 1629 1756 ἐποιήσατε.
1664 1691 1848 1760 φησιν,

276 1774 372 1827 ἐνί
426 1775 652 1830 τούτων
708 1794 827 1830 των
886 1777 1265 1848 ἐλαχίστων,
1314 1782 1441 1852 ἐμοὶ
1484 1785 1809 1853 ἐποιήσατε
1834 1802 1847 1815 ·

274 1865 414 1929 Θεὸς
433 1865 492 1920 δὲ
521 1868 550 1920 6
580 1866 771 1933 εἰπὼν,
800 1868 980 1939 πολλῷ
1011 1870 1210 1940 μᾶλλον
1234 1872 1327 1926 τὸν
1372 1870 1432 1928 εὖ
1476 1877 1651 1928 ποιεῖν
1702 1877 1853 1931 δυνά·
1884 1855 1926 1909 Β

274 1974 447 2029 μενον
474 1960 568 2014 καὶ
592 1960 865 2028 ποιοῦντα,
907 1962 1071 2027 δείξει
1115 1964 1332 2035 ἀληθῶς
1375 1968 1519 2020 κατά
1561 1968 1721 2039 χάριν
1762 1972 1853 2023 καὶ

276 2049 505 2119 μέθεξιν
526 2050 658 2105 ὄντα
684 2052 839 2115 Θεὸν,
874 2052 952 2116 ὼς
978 2054 1078 2124 τὴν
1098 2055 1262 2109 αὐτοῦ
1284 2056 1385 2127 τῆς
1412 2060 1733 2129 εὐεργεσίας
1760 2062 1853 2113 εὐ·-

279 2140 541 2211 μιμήτως
584 2142 982 2213 ἀνειλημμένον
1026 2146 1307 2216 ἐνέργειαν
1347 2164 1407 2199 τε
1446 2150 1542 2202 καὶ
1594 2150 1850 2220 ἰδιότητα.

272 2233 391 2285 Καὶ
416 2232 467 2285 εί
496 2234 627 2297 Θεὸς
654 2236 684 2288 ό
706 2235 937 2304 πτωχὸς,
972 2235 1061 2289 διὰ
1084 2237 1183 2308 τὴν
1207 2239 1301 2291 τοῦ
1335 2238 1400 2293 δι’
1432 2242 1576 2311 ἡμᾶς
1606 2244 1852 2312 πτωχεύ-

273 2342 474 2390 σαντος
497 2326 630 2380 Θεοῦ
663 2328 1094 2394 συγκατὰϐασιν,
1123 2330 1221 2381 καὶ
1242 2331 1322 2392 είς
1370 2333 1562 2386 ἑαυτὸν
1616 2335 1848 2389 ἑκάστου

274 2415 583 2484 συμπαθῶς
612 2416 1014 2487 ἀναδεχομένου
1048 2417 1218 2490 πάθη.
1252 2420 1347 2473 καὶ
1383 2421 1542 2491 μέχρι
1584 2425 1684 2493 τῆς
1729 2442 1852 2479 συν-

270 2507 490 2570 τελείας
517 2507 612 2561 τοῦ
634 2508 851 2572 αἰῶνος,
883 2510 1025 2563 κατά
1044 2510 1143 2581 τὴν
1176 2512 1467 2581 ἀναλογίαν
1496 2513 1592 2568 τοῦ
1628 2518 1687 2571 ἐν
1725 2519 1853 2572 ἐκά-

270 2613 393 2669 οτῳ
421 2598 647 2662 πάθους,
677 2599 763 2652 ἀεὶ
784 2599 853 2651 δι’
873 2600 1188 2671 ἀγαθότητα
1212 2603 1511 2671 πάσχοντος
1538 2608 1813 2675 μυστικῶς
1836 2626 1850 2640 ο

272 2686 443 2741 πλέον
470 2688 716 2757 δηλονότι
753 2688 799 2719 ⁸⁸
835 2690 979 2741 κατὰ
1012 2690 1103 2742 τὸν
1128 2691 1313 2745 εἰκότα
1337 2692 1493 2759 λόγον
1520 2692 1670 2747 ἔσται
1700 2697 1851 2760 Θεὸς,

265 2781 306 2834 ὸ
342 2780 484 2833 κατά
521 2779 756 2850 μίμησιν
780 2780 876 2833 τοῦ
901 2779 1049 2833 Θεοῦ
1080 2780 1170 2834 διὰ
1210 2783 1621 2854 φιλανθρωπίαν
1647 2788 1715 2841 τὰ
1746 2790 1856 2841 τῶν

273 2872 560 2924 παθόντων
593 2871 743 2939 πάθη
770 2872 840 2925 δι’
889 2873 1083 2925 ἑαυτοῦ
1129 2872 1449 2944 θεοπρεπῶς
1505 2876 1799 2948 ἐξιώμενος
1841 2896 1854 2910 ο

271 2965 373 3017 καὶ
403 2964 501 3033 τὴν
527 2963 693 3033 αὐτὴν
719 2965 797 3032 τῷ
818 2964 957 3034 Θεῷ,
985 2965 1129 3016 κατά
1148 2966 1441 3034 ἀναλογίαν
1463 2971 1563 3039 τῆς
1586 2976 1857 3042 σωστικῆς

270 3060 557 3128 προνοίας,
603 3058 748 3111 κατά
779 3057 1022 3111 διάθεσιν
1059 3057 1199 3126 ἔχων
1226 3058 1576 3129 δεικνύμενος
1602 3060 1853 3132 δύναμιν.

1957 594 2416 669 faciut.—-llujus
2458 614 2643 657 autem
2692 606 2879 674 gratiae
2928 606 3074 660 clara
3118 608 3369 675 probatio
3411 621 3527 675 est,

1958 697 2253 753 spontanea
2287 692 2472 746 animo
2505 694 2644 749 bene
2682 696 2887 749 volenti
2928 712 3055 766 erga
3087 699 3308 767 generis
3338 714 3527 754 neces-

1955 779 2197 835 situdine
2226 782 2385 837 nobis
2408 786 2750 855 conjunctos,
2770 787 3022 854 affectio;
3050 792 3209 859 cujus
3231 791 3337 844 hoc
3366 806 3527 859 opus,

1957 872 2063 926 hoc
2090 872 2322 940 facinus,
2356 887 2415 930 ut
2443 878 2693 947 quisquis
2717 879 3000 932 hominum
3036 881 3147 934 ulla
3174 882 3228 934 in
3255 897 3314 935 re
3340 891 3529 936 nostra

1955 978 2059 1031 ope
2092 975 2268 1033 egeat,
2304 966 2450 1019 haud
2499 982 2660 1021 secus
2702 984 2767 1022 ac
2797 969 2969 1022 Deum
3004 983 3104 1037 pro
3129 969 3273 1022 virili
3315 979 3526 1031 nostra,

1956 1054 2230 1109 demereri
2262 1056 2611 1119 Studeamus,
2642 1072 2743 1111 nec
2779 1060 3087 1126 neglectum
3137 1074 3200 1111 ac
3246 1058 3364 1112 sine
3396 1074 3528 1113 cura

1958 1148 2239 1215 praeterire
2264 1163 2366 1202 nos
2393 1163 2521 1203 eum
2563 1149 2807 1203 sinamus
2828 1188 2844 1212 ,
2872 1151 2989 1214 sed,
3018 1166 3127 1218 qua
3164 1166 3262 1219 par
3286 1159 3371 1204 est
3398 1150 3526 1204 dili-

1956 1240 2158 1307 gentia,
2196 1241 2377 1310 rcipsa
2409 1241 2465 1295 in
2500 1240 2660 1295 nobis
2692 1240 2874 1293 vivere
2899 1256 2962 1294 ac
2989 1242 3193 1310 vigere,
3218 1255 3329 1310 quo
3356 1240 3528 1294 Deum

1956 1330 2377 1400 proximumque
2416 1332 2818 1401 prosequimur,
2850 1330 3107 1384 affectum
3147 1330 3525 1384 ostendamus.

1956 1420 2200 1474 Affectus
2232 1422 2378 1474 enim
2409 1421 2661 1491 probatio
2715 1430 2800 1475 est
2835 1422 3019 1490 operis
3053 1422 3341 1476 exbibitio.
3381 1421 3529 1475 Nihil

1958 1509 2159 1578 quippe
2188 1509 2259 1563 ad
2291 1510 2556 1579 justitiam
2594 1510 2732 1563 adeo
2762 1510 2940 1573 facile,
2968 1510 3158 1579 sicque
3183 1524 3529 1578 consequen-

1957 1597 2084 1650 dam
2110 1597 2369 1651 deitatem
2401 1598 2485 1667 (ut
2515 1598 2594 1652 sic
2616 1598 2828 1667 loquar)
2862 1598 3201 1667 expeditum,
3232 1606 3289 1653 et
3316 1607 3375 1652 ut
3401 1613 3528 1653 cum

1958 1689 2070 1742 Deo
2088 1688 2491 1742 necessitudine
2508 1690 2822 1759 jungamur,
2847 1704 2911 1743 ac
2945 1687 3344 1753 misericordia,
3365 1704 3528 1758 quam

1956 1795 2024 1835 ex
2050 1779 2235 1833 animo
2264 1794 2390 1833 cum
2424 1779 2701 1849 voluptate
2742 1788 2801 1833 et
2841 1779 3043 1849 gaudio
3084 1779 3435 1834 conferamus
3474 1780 3528 1834 in

1955 1886 2072 1936 eos,
2103 1872 2199 1941 qui
2229 1871 2495 1941 indigent.
2544 1872 2826 1941 Siquidem
2866 1872 3015 1926 enim
3057 1871 3363 1940 Scriptura,
3402 1885 3531 1925 eum

1957 1964 2054 2033 qui
2098 1963 2220 2033 opis
2262 1972 2386 2033 eget
2431 1971 2488 2017 et
2535 1972 2596 2016 ut
2645 1962 2912 2016 beneflcio
2961 1962 3338 2031 impartiatur,
3367 1961 3532 2017 deum

1957 2054 2220 2109 ostendit.
2250 2054 2497 2119 Quandiu
2518 2055 2686 2119 enim,
2709 2054 2907 2122 inquit,
2939 2053 3031 2105 uni
3060 2069 3124 2105 ea:
3149 2054 3380 2107 minimis
3403 2056 3532 2107 meis

1956 2143 2068 2199 istis
2094 2145 2309 2213 fecistis,
2334 2146 2461 2199 mihi
2488 2144 2677 2213 fecistis
2706 2152 2735 2180 υ
2769 2162 2782 2197 :
2817 2144 2988 2198 Porro
3015 2144 3161 2197 Deus
3203 2150 3287 2197 est
3316 2143 3411 2212 qui
3454 2143 3535 2196 lo-

1957 2241 2186 2309 quitur;
2217 2239 2423 2308 potiori
2472 2238 2632 2307 longe
2677 2236 2911 2301 ratione,
2956 2250 3120 2299 eum,
3172 2235 3263 2290 cui
3313 2235 3535 2291 benefa-

1957 2332 2138 2387 ciendi
2182 2330 2411 2383 facultas
2436 2338 2541 2392 est,
2591 2342 2766 2396 exque
2817 2328 2908 2380 illa
2960 2325 3251 2390 benefacit,
3281 2326 3537 2382 ostendet

1956 2438 2144 2477 revera
2168 2437 2269 2491 per
2290 2420 2517 2490 gratiam
2538 2419 2742 2488 Deique
2763 2418 3181 2488 participatione
3203 2417 3367 2472 deum
3388 2433 3533 2482 esse,

1954 2515 2047 2584 qui
2075 2516 2197 2583 ejus
2235 2510 2632 2575 beneficentiae,
2680 2510 2939 2579 praeclare
2978 2508 3265 2573 imitando,
3312 2509 3424 2563 vim
3470 2524 3537 2564 ac

1956 2605 2346 2674 proprietatem
2389 2602 2594 2655 inierit.
2618 2601 2696 2654 Ac
2723 2599 2994 2669 siquidem
3024 2614 3234 2670 pauper
3259 2599 3402 2655 deus
3426 2608 3534 2662 est,

1958 2697 2166 2751 ideirco
2195 2695 2324 2764 quia
2353 2695 2499 2748 Deus
2523 2692 2682 2763 525
2710 2708 2819 2761 qua
2848 2707 2905 2747 se
2936 2692 3098 2747 nobis
3123 2692 3347 2748 demisit
3370 2708 3435 2747 ac
3454 2692 3538 2746 in-

1957 2786 2203 2851 clinavit,
2250 2800 2457 2855 egenus
2506 2784 2682 2837 factus
2724 2790 2810 2837 est
2842 2791 2893 2847 ο,
2940 2783 3107 2853 inque
3155 2784 3395 2853 seipsum
3438 2798 3540 2852 per

1957 2892 2227 2932 summam
2273 2874 2681 2930 miserationem
2717 2876 2983 2944 cujusque
3025 2875 3236 2944 recepit
3265 2874 3431 2938 mala,
3473 2888 3541 2927 ac

1959 2984 2134 3038 usque
2164 2967 2233 3021 ad
2279 2965 2464 3020 saeculi
2501 2964 3028 3018 consummationem
3063 2979 3163 3033 pro
3199 2978 3267 3018 eo
3300 2979 3365 3019 ac
3387 2963 3540 3033 quis-

1959 3076 2068 3131 quc
2096 3058 2255 3113 malis
2287 3055 2543 3119 afﬁcitur,
2594 3070 2813 3124 semper
2842 3056 3069 3125 mystice
3101 3055 3365 3110 bonitatis
3398 3062 3537 3109 nutu

270 3148 511 3219 ptitur;
556 3150 729 3219 magis
771 3150 961 3219 utique
1017 3150 1215 3204 merito
1256 3150 1394 3204 deus
1437 3150 1565 3215 erit,
1613 3152 1707 3221 qui
1759 3154 1853 3209 Dei
1896 3153 2200 3210 imitatione
2230 3146 2588 3201 humanitatis
2618 3145 2803 3199 studio
2864 3160 2930 3199 ac
2991 3144 3349 3216 benignitate,
3384 3143 3538 3199 labo-

272 3245 512 3299 rantium
560 3246 701 3298 mala
745 3260 810 3299 ac
848 3244 1224 3315 aegritudines,
1291 3259 1391 3314 per
1432 3260 1493 3299 se
1538 3246 1655 3315 ipse
1701 3248 1886 3306 divine
1924 3250 2259 3311 medicatur;
2324 3240 2687 3309 eamdemque
2728 3255 2853 3295 cum
2882 3241 2995 3295 Deo
3031 3255 3132 3309 pro
3164 3248 3282 3296 rata
3322 3255 3422 3295 sua
3453 3255 3540 3301 ra-

267 3340 427 3396 tione
455 3340 690 3394 salubris
714 3338 1075 3408 providentiae
1102 3339 1211 3393 vim
1238 3340 1543 3395 secundum
1572 3341 1851 3410 allectum,
1894 3346 2097 3401 habere
2125 3349 2479 3395 monstratur.

345 3430 442 3493 Τίς
463 3427 557 3482 οὖν
588 3429 697 3500 ἀρα
737 3429 874 3499 πρὸς
922 3429 1124 3499 ἀρετὴν
1171 3428 1316 3482 οὕτω
1361 3430 1563 3500 βραδύς
1600 3435 1717 3485 ἐστι
1755 3436 1850 3486 καὶ¹
1878 3443 1922 3502 C

268 3520 611 3592 δυσκίνητος,
641 3520 783 3573 ῶστε
816 3522 891 3592 μὴ
927 3520 1177 3590 ἐφίεσθαι
1210 3521 1488 3592 θεότητος,
1547 3522 1721 3589 οὕτως
1761 3526 1853 3579 εύ-

272 3613 421 3667 ὡνου
442 3630 501 3665 τε
528 3613 622 3666 καὶ
660 3612 986 3682 εὐπορίστου
1022 3613 1115 3665 καὶ
1148 3611 1337 3683 ῥᾳδίας
1368 3612 1537 3683 οὐσης
1567 3617 1666 3685 τῆς
1704 3618 1845 3688 κτή-

277 3721 417 3768 σεως
439 3722 455 3770 ;
500 3702 772 3773 Ἀσφαλὴς
796 3703 855 3755 δὲ
885 3702 1091 3755 τούτων
1116 3705 1234 3757 ἐστὶ
1267 3704 1363 3758 καὶ
1389 3704 1586 3769 άσυλος
1612 3706 1850 3778 φυλακὴ,

271 3796 374 3850 καὶ
398 3795 646 3866 εὐμαρὴς
689 3794 825 3866 πρὸς
868 3794 1142 3866 σωτηρίαν
1161 3794 1279 3858 ὁδός
1300 3812 1314 3825 ·
1349 3792 1440 3867 ἦς,
1475 3794 1653 3867 οἶμαι,
1685 3801 1853 3870 χωρὶς

232 3948 237 3951 I
275 3886 396 3941 κατ’
420 3885 680 3956 ἀλήθειαν
714 3883 868 3940 οὐδὲν
896 3884 1050 3938 ἐσται
1085 3885 1195 3937 τῶν
1237 3885 1459 3953 ἀγαθῶν
1502 3887 1753 3951 ἀϐλαϐῶς
1776 3888 1854 3958 τῷ

274 3980 454 4051 ἔχοντι
506 3976 976 4048 συντηρούμενονο
1027 3978 1061 4045 ἡ
1097 3977 1465 4047 αὐτοπραγία,
1514 3980 1690 4031 είτουν
1732 3978 1853 4031 ίδιο-

274 4070 512 4143 πραγία,
537 4070 603 4122 δι’
627 4063 695 4140 ἧς
735 4069 804 4121 τὰ
834 4067 956 4121 καθ’
986 4068 1214 4131 ἑαυτοὺς
1257 4071 1481 4122 σκοπεῖν
1512 4086 1571 4122 τε
1607 4070 1702 4123 καὶ
1742 4071 1855 4123 δια⁹

273 4161 619 4215 σκέπτεσθαι
663 4161 859 4230 μόνους
928 4159 1314 4230 μανθάνοντες,
1347 4160 1444 4214 τοῦ
1507 4164 1637 4233 παρ’
1679 4144 1854 4217 ἄλλων

270 4252 536 4323 διακενῆς
579 4251 785 4322 βλάϐην
822 4251 967 4322 ἔχειν
1014 4250 1470 4322 ἐλευθερούμεθα.
1504 4253 1566 4306 Et
1598 4253 1705 4323 γάρ
1734 4254 1855 4307 ἐαυο

272 4346 405 4407 τούς
445 4342 653 4415 ζμόνους
710 4344 845 4414 όρᾷν
880 4359 940 4396 τε
986 4344 1083 4396 καὶ
1122 4341 1338 4406 ἐτάζειν
1387 4343 1675 4413 μάθοιμεν,
1708 4344 1853 4397 οὐδέ-

273 4452 411 4491 ποτε
436 4436 548 4498 τοῖς
574 4434 684 4488 τῶν
697 4436 894 4498 ἄλλων,
926 4435 1002 4497 ὠς
1039 4433 1086 4486 δ’
1110 4434 1177 4487 ἂν
1212 4432 1405 4503 έχοντα
1429 4433 1696 4503 τύχωσιν,
1730 4436 1857 4486 ἐπι-

273 4525 592 4599 θησόμεθα·
627 4524 988 4594 γινώσκοντες
1020 4524 1117 4577 ἕνα
1160 4524 1322 4594 μόνον
1364 4524 1559 4595 κριτὴν
1607 4525 1769 4592 σοφόν
1796 4542 1854 4577 τε

274 4620 380 4675 καὶ
427 4618 638 4672 δίκαιον
680 4617 771 4669 τὸν
825 4615 979 4680 Θεὸν,
1026 4616 1118 4668 τὸν
1166 4614 1347 4684 σοφῶς
1372 4632 1444 4685 ,τε
1487 4617 1583 4669 καὶ
1634 4616 1857 4681 δικαίως

274 4710 461 4766 πάντα
502 4710 569 4762 τὸ.
616 4709 879 4778 γινόμενα
938 4706 1233 4777 κρίνοντα”
1288 4706 1412 4761 καθ’
1456 4706 1515 4758 ὃν
1562 4708 1857 4778 γεγένηται

2037 3430 2395 3501 Ὶδιοπραγία,
2425 3444 2508 3491 ac,
2542 3428 2678 3497 quod
2730 3443 2844 3496 quis
2881 3442 2981 3480 sua
3013 3432 3159 3479 curet
3191 3432 3419 3495 agatque
3446 3423 3539 3476 do‘

1953 3544 2144 3582 norum
2180 3525 2278 3579 Dei
2312 3532 2427 3577 tuta
2468 3523 2525 3576 in
2561 3522 2704 3575 nobis
2734 3518 3235 3585 custodia.—Quis
3254 3519 3333 3573 sic
3368 3519 3538 3588 igitur

1952 3620 2021 3673 ad
2046 3619 2306 3675 virtutem
2338 3614 2547 3677 tardus,
2580 3614 2769 3682 sicque
2795 3621 2947 3666 motu
2974 3611 3157 3681 segnis
3184 3625 3249 3665 ac
3273 3608 3534 3673 difﬁcilis,

1953 3720 2014 3764 ut
2045 3709 2267 3764 deitatis
2309 3706 2586 3761 desiderio
2616 3720 2728 3758 non
2757 3711 2972 3774 agatur,
3003 3718 3167 3772 quam
3208 3701 3355 3756 facili
3396 3701 3535 3755 adeo

1953 3802 2131 3873 pretio
2155 3813 2409 3855 coemere
2434 3813 2499 3853 ac
2524 3810 2842 3866 comparare
2872 3795 3070 3865 queat?
3099 3795 3239 3849 Tuta
3279 3809 3434 3857 vero,
3467 3808 3535 3848 ac

1954 3892 2289 3947 inviolabilis
2328 3891 2528 3946 horum
2556 3886 2806 3944 custodia
2838 3896 2947 3952 est,
2972 3886 3261 3956 facilisque
3285 3884 3354 3939 ad
3383 3884 3532 3939 salu~

1955 3990 2064 4038 tem
2082 3982 2191 4047 via,
2210 3982 2329 4037 sine
2348 3995 2454 4049 qua
2473 3979 2556 4048 (ut
2574 3994 2676 4049 ego
2693 3976 2915 4048 quidem
2933 3974 3210 4045 existimo)
3228 3990 3391 4029 nemo
3404 3989 3535 4028 vere

1950 4091 2016 4129 ea
2038 4090 2161 4144 quae
2183 4074 2397 4128 obtinet
2420 4072 2586 4137 bona,
2613 4071 2778 4125 illaesa
2811 4068 3132 4132 servaverit,
3160 4075 3218 4123 et
3262 4075 3321 4121 ut
3349 4066 3534 4121 damni

1952 4165 2091 4220 nihil
2122 4163 2377 4234 accipiat,
2408 4162 2494 4217 sui
2526 4160 2615 4215 illa
2643 4160 2857 4230 privata
2883 4165 2989 4223 est,
3016 4173 3081 4213 ac
3102 4172 3284 4213 rerum
3308 4171 3534 4211 suarum

1953 4255 2289 4327 agendarum
2331 4269 2500 4319 cura;
2544 4266 2674 4322 qua,
2721 4259 2910 4305 nostra
2954 4249 3221 4303 duntaxat
3259 4247 3534 4317 dispicere

1953 4346 2101 4401 docti
2150 4362 2216 4401 ac
2259 4344 2633 4407 considerare,
2666 4342 2719 4396 id
2767 4341 3179 4411 consequimur,
3213 4348 3275 4395 ut
3312 4340 3384 4397 ab
3410 4340 3536 4395 aliis

1954 4438 2094 4492 nihil
2135 4436 2342 4491 frustra
2384 4433 2571 4489 damni
2605 4433 2960 4502 accipiamus.
2989 4432 3047 4487 Si
3079 4432 3231 4488 enim
3260 4446 3363 4487 nos
3390 4432 3534 4502 ipsos

1954 4530 2133 4585 solum
2176 4527 2377 4583 intueri
2411 4541 2476 4581 ac
2519 4525 2835 4581 examinare
2866 4523 3206 4589 noverimus,
3252 4539 3534 4594 nunquam

1956 4618 2014 4672 in
2060 4617 2151 4672 illa
2192 4632 2315 4687 quae
2355 4625 2485 4671 sunt
2515 4615 2772 4679 aliorum,
2802 4615 3182 4685 cujuscunque
3222 4613 3369 4668 modi
3402 4614 3534 4676 sint,

1955 4709 2191 4779 grassari
2236 4708 2395 4763 nobis
2428 4705 2865 4776 indulgebimus;
2897 4705 2991 4774 qui
3021 4704 3283 4758 nimirum
3309 4703 3537 4759 unicum

274 4801 461 4871 λόγον,
508 4799 651 4855 ἀλλ”
697 4798 760 4853 οὐ
809 4798 931 4852 καθ’
975 4798 1035 4851 ὃν
1100 4799 1484 4869 πεφανέρωται
1520 4799 1754 4870 τρόπον·
1797 4799 1857 4852 ὃν

1955 4800 2195 4872 judicem
2242 4814 2367 4855 cum
2399 4798 2702 4868 sapientem
2746 4806 2862 4850 tum
2904 4797 3135 4866 justum,
3177 4804 3375 4850 cuneta
3416 4808 3541 4865 qua:

276 4896 417 4955 ἴσως
445 4890 513 4945 ἃν
538 4890 787 4944 δύναιντο
816 4890 910 4943 καὶ
947 4888 1225 4960 ἄνθρωποι
1245 4890 1471 4959 κρίνειν,
1494 4890 1750 4961 ἀμυδρῶς
1774 4893 1853 4955 είς

272 4983 343 5039 τὸ
367 4984 695 5053 φαινόμενον
743 4982 1059 5052 βλέποντες’
1093 4982 1221 5053 περὶ
1249 4982 1278 5035 6
1309 4984 1371 5035 οὐ
1402 4983 1616 5047 πάντως
1646 4980 1794 5037 ἐστὶν
1821 4985 1855 5055 ἡ

274 5080 536 5151 ἀλήθεια,
558 5077 683 5131 οὐδὲ
714 5076 825 5130 τῶν
857 5075 1159 5145 γινομένων
1179 5074 1208 5126 ό
1235 5074 1413 5143 λόγος.
1453 5074 1513 5127 '0
1538 5075 1595 5128 δέ
1617 5075 1771 5141 Θεὸς,
1795 5076 1858 5127 τὸ

273 5172 488 5241 ἀφανές
513 5188 573 5224 τε
597 5168 802 5238 κίνημα
828 5167 926 5238 τῆς
944 5166 1147 5236 ψυχῆς,
1165 5166 1262 5220 καὶ
1285 5167 1385 5238 τὴν
1410 5166 1639 5239 ἀόρατον
1658 5166 1855 5238 ὁρμὴν,

276 5266 376 5319 καὶ
408 5265 502 5317 τὸν
539 5263 696 5331 λόγον
728 5262 913 5323 αὐτὸν,
963 5260 1087 5313 καθ’
1114 5258 1175 5312 ὃν
1200 5259 1454 5331 ὥρμηται
1488 5262 1523 5331 ἠ
1556 5259 1724 5329 ψυχὴ,
1761 5259 1859 5313 καὶ

275 5357 370 5409 τὸν
406 5353 502 5408 τοῦ
546 5352 732 5421 λόγου,
768 5350 971 5404 σκοπόν
994 5366 1007 5379 ·
1034 5349 1308 5415 τουτέστι,
1339 5350 1399 5403 τὸ
1446 5350 1646 5413 παντὸς
1679 5351 1859 5419 πράγ-

280 5463 455 5519 ματος
497 5443 996 5517 προεπινοούμενον
1013 5443 1059 5474 ⁸⁸
1088 5442 1244 5506 τέλος
1280 5441 1515 5513 βλέπων,
1555 5442 1732 5512 κρίνει
1780 5442 1857 5495 δι-

353 5591 380 5619 ﬂ
408 5580 601 5636 Matth.
630 5596 755 5643 xxv,
784 5579 874 5633 ll.
956 5585 982 5612 ο
1017 5578 1061 5632 ll
1089 5576 1220 5632 Cor.
1249 5592 1369 5639 νιιι,
1398 5578 1451 5631 9.

1961 4893 2099 4946 fiunt
2152 4891 2431 4961 sapienter
2472 4890 2727 4959 justeque
2770 4887 3106 4957 judicantem
3175 4887 3381 4950 Deum,
3428 4902 3539 4941 non

1961 4984 2305 5053 ignoremus;
2334 4995 2550 5050 nempe,
2580 4993 2687 5047 qua
2718 4978 2933 5031 ratione
2959 4977 3050 5031 illa
3078 4976 3219 5032 facta
3255 4985 3405 5038 sunt,
3428 4991 3538 5029 non

1960 5092 2026 5130 eo
2060 5076 2224 5130 modo
2254 5090 2364 5145 quo
2401 5072 2650 5144 prodita;
2683 5086 2794 5139 quo
2819 5070 2984 5125 etiam
3019 5069 3161 5123 forte
3186 5068 3436 5122 homines
3454 5068 3543 5136 ju-

1963 5168 2149 5222 dicare
2197 5166 2431 5237 possint,
2474 5165 2742 5233 tantisper
2785 5162 3021 5217 obscure
3068 5161 3173 5214 hoc
3214 5166 3541 5213 contuentes

1963 5260 2112 5329 quod
2144 5269 2231 5314 est
2271 5257 2650 5326 conspicuum,
2681 5271 2746 5311 ac
2780 5256 2956 5311 oculis
2990 5261 3177 5323 paret;
3211 5252 3266 5305 in
3292 5265 3402 5319 quo
3432 5265 3539 5304 non

1962 5351 2187 5406 omnino
2228 5350 2331 5404 sita
2356 5348 2579 5411 veritas,
2611 5356 2706 5401 aut
2729 5362 2919 5402 eorum
2946 5360 3068 5414 quas
3101 5343 3240 5397 fiunt
3268 5342 3410 5396 ratio
3440 5356 3540 5410 po-

1964 5449 2066 5499 sita
2108 5450 2213 5498 est.
2243 5444 2386 5497 Deus
2427 5448 2635 5508 autem,
2666 5440 2960 5496 obscurum
3011 5438 3190 5507 ipsum
3221 5434 3391 5490 animi
3426 5449 3543 5487 mo-

1583 5686 1818 5742 VARM'Z
1860 5688 2261 5746 LECTIONES.

353 5788 399 5818 “
437 5786 493 5839 δέ
521 5782 679 5855 δῆλον
698 5783 779 5835 ὅτι
808 5781 871 5835 C.
915 5781 952 5834 Λ
1056 5782 1099 5811 ⁸⁸
1131 5779 1635 5849 προεπηνοουμένου
1669 5778 1727 5833 C.
1772 5782 1835 5833 Λ.

689 5876 953 5941 ΡΑτιιοι.
1001 5876 1112 5937 Gn.
1158 5875 1309 5937 XCI.

3106 5869 3185 5927 23
