4216 6438
628 413 735 477 715

1783 406 1842 465 S.
1888 403 2174 464 ΜΛΧῙΜΙ
2213 403 2724 465 CONFESSORIS

3786 403 3894 466 ἾΙὸ

632 532 782 587 tum,
830 518 1385 591 inaspectahilemquc
1447 514 1876 586 appetitionem,
1928 528 1991 568 ac
2036 513 2209 582 ipsam

2325 518 2507 581 καίως,
2548 517 2624 578 ὡς
2671 516 2829 583 ἔφην,
2871 508 3055 567 πάντα
3101 514 3168 567 τά
3215 514 3365 583 παρά
3431 512 3538 566 τῶν
3590 512 3897 584 ἀνθρώπων

632 614 900 667 rationem
952 627 1059 681 qua
1111 609 1379 678 impulsus
1425 617 1510 663 est
1555 607 1801 668 animus,
1868 605 2208 674 rationisque

630 719 859 774 scopum
892 718 954 755 ac
999 701 1314 755 institutum
1343 699 1555 761 videns,
1590 696 1645 751 id
1671 705 1777 761 est,
1801 697 2004 766 negotii
2042 696 2210 749 totius

631 795 1041 865 praecogitatum
1090 793 1275 854 linem,
1320 793 1467 861 iuste
1501 788 1602 857 (uti
1648 787 1922 855 dicebam)
1953 801 2075 855 qua:
2107 786 2212 838 ho-

633 888 842 941 minam
888 884 1089 938 studiis
1134 892 1404 952 aguntur,
1454 880 1641 933 omnia
1684 879 1912 948 iudicat.
1962 876 2118 943 Quod
2167 876 2212 930 si

633 986 893 1046 praestare
937 975 1335 1035 studuerimus,
1380 986 1593 1041 nosque
1635 972 1796 1025 nobis
1830 971 1963 1039 ipsis
1988 970 2217 1024 deﬁnie-

632 1070 828 1131 rimus,
866 1068 951 1122 his
982 1083 1103 1136 qua:
1144 1074 1274 1119 sunt
1306 1074 1461 1118 extra
1491 1080 1600 1117 non
1643 1063 1969 1125 insilientes,
2001 1077 2101 1116 nec
2130 1063 2215 1116 vi-

632 1162 787 1223 dere,
824 1176 924 1214 nec
964 1158 1177 1221 audire,
1215 1172 1317 1211 nec
1351 1156 1525 1225 loqui,
1562 1155 1806 1218 oculum,
1853 1170 2065 1217 aurem,
2114 1155 2221 1208 lin-

633 1271 817 1324 guam,
858 1268 979 1322 qua:
1021 1260 1151 1306 sunt
1199 1251 1458 1312 aliorum,
1504 1250 1781 1313 sinamus;
1835 1257 1895 1300 ut
1942 1246 2217 1317 siquidem

633 1347 754 1401 lieri
784 1346 976 1415 possit,
1003 1344 1091 1397 his
1126 1343 1349 1412 penitus
1392 1354 1713 1403 arceamus;
1742 1340 1828 1393 sin
1870 1348 2076 1401 autem,
2113 1338 2218 1391 mi-

633 1438 872 1491 serantis
914 1436 1101 1506 potius
1159 1434 1357 1487 all'ectu
1403 1448 1566 1501 quam
1616 1431 1878 1495 libidine,
1936 1430 1990 1483 in
2037 1438 2219 1483 actum

632 1527 839 1589 cxseri,
871 1541 935 1579 ac
960 1523 1107 1593 quod
1140 1538 1170 1575 e
1201 1521 1405 1575 nostris
1439 1519 1751 1574 rationibus
1773 1521 1845 1573 sit
1870 1518 2079 1583 videre,
2122 1534 2221 1572 au-

633 1616 777 1677 dire,
825 1614 978 1682 loqui
1028 1613 1350 1682 iubeamus;
1400 1610 1564 1679 idque
1617 1609 1907 1671 hactenus,
1942 1608 2072 1661 dum
2108 1622 2225 1660 mo—

631 1706 875 1759 deratrix
923 1704 1064 1758 ratio
1115 1702 1454 1772 probaverit.
1500 1699 1668 1769 526
1704 1698 1852 1752 Nihil
1896 1697 2042 1752 enim
2072 1698 2225 1751 hisce

632 1797 851 1865 organis
881 1795 947 1848 ad
982 1803 1267 1863 peccatum
1314 1791 1593 1845 lubricum
1628 1791 1821 1861 magis,
1868 1789 1973 1843 nisi
2009 1790 2223 1844 ratione

2317 608 2704 678 πραττόμεναο
2736 608 2874 677 ὅπερ
2900 607 2953 658 εί
2997 606 3342 677 κατορθῶσαι
3368 603 3770 673 σπουδάσομεν,
3802 605 3899 658 καί

2314 702 2525 764 ἑαυτοῖς
2566 700 2793 763 ἑαυτοὺς
2842 700 3231 771 περιορίσομεν
3273 702 3385 759 τοῖς
3440 697 3597 760 ἐκτὸς
3644 698 3745 750 οὑκ
3775 699 3899 750 ἐπι-

2315 798 2601 867 φυόμενοι,
2635 796 2760 848 οὔτε
2804 796 2960 866 ὀρᾷν,
2986 796 3110 848 οὕτε
3137 796 3380 859 ἀκούειν,
3414 792 3539 847 οὗτε
3571 793 3775 857 λαλεῖν,
3807 793 3899 845 τὸν

2315 888 2614 958 ὀφθαλμὸν,
2655 890 2688 957 ἢ
2730 888 2791 940 τὸ
2830 884 2943 951 οὖς,
2988 889 3022 959 ἢ
3076 888 3177 956 τὴν
3215 887 3469 955 γλῶσσαν
3493 887 3563 938 τά
3589 886 3697 937 τῶν
3725 885 3904 939 ἄλλων

2317 976 2626 1043 ἀφήσομεν,
2682 976 2730 1026 εί
2776 975 2874 1043 μὲν
2928 969 3041 1027 οἶόν
3090 975 3149 1027 τέ
3192 977 3332 1036 ἐστι,
3384 974 3702 1037 παντελῶς’
3752 977 3802 1026 εί
3848 976 3905 1027 δὲ

2323 1068 2488 1135 μήτε,
2530 1066 2836 1136 συμπαθῶς
2871 1066 3095 1136 μᾶλλον,
3148 1066 3265 1120 ἀλλ’
3314 1069 3373 1119 οὑ
3423 1070 3499 1137 μὴ
3575 1067 3839 1136 ἐμπαθῶς
3860 1067 3906 1097 ss

2317 1156 2531 1219 τούτοις
2572 1157 2837 1227 ἐνεργεῖν,
2880 1157 2974 1209 καὶ
3010 1158 3091 1220 είς
3140 1157 3334 1226 κέρδος
3363 1158 3634 1227 ἡμέτερον
3658 1158 3791 1227 ὁρᾷν
3822 1174 3904 1220 τε.

2321 1249 2417 1301 καὶ
2433 1249 2677 1313 ἀκούειν,
2722 1250 2817 1301 καὶ
2854 1248 3039 1301 λαλεῖν
3077 1250 3501 1319 ἐπιτρέποντες·
3530 1251 3625 1302 καὶ
3649 1248 3905 1302 τοσοῦτον

2324 1338 2509 1406 μόνον,
2548 1339 2674 1391 ὅσον
2710 1339 2789 1409 τῷ
2824 1339 3139 1409 ήνιοχοὺντι
3168 1340 3344 1394 ταῦτα
3376 1341 3509 1409 θείῳ
3547 1340 3693 1409 λόγῳ
3728 1342 3901 1393 δοκεῖ.

2322 1429 2488 1482 Οὐδὲν
2513 1429 2625 1499 γάρ
2645 1431 2853 1482 τούτων
2874 1431 2984 1482 τῶν
3016 1430 3265 1502 ὀργάνων
3286 1432 3423 1502 πρὸς
3451 1433 3729 1501 ἁμαρτίαν
3759 1434 3908 1484 ἐστὶν

2325 1518 2759 1588 εὑολισθότερον,
2795 1520 2870 1589 μὴ
2909 1520 3057 1589 λόγῳ
3093 1520 3635 1589 παιδαγωγουμένων
3655 1538 3670 1551 ·
3701 1522 3790 1574 καὶ
3814 1522 3909 1573 οὑ-

2324 1610 2413 1662 δὲν
2443 1610 2609 1663 πάλιν
2645 1609 2782 1680 πρὸς
2812 1612 3089 1681 σωτηρίαν
3126 1612 3312 1665 αὑτῶν
3364 1613 3733 1683 ἑτοιμότερον,
3769 1614 3906 1667 τάσ-

2328 1718 2513 1764 σοντος
2542 1702 2683 1753 αὑτά
2714 1700 2811 1753 τοὺ
2849 1700 3032 1769 λόγου,
3080 1703 3175 1756 καὶ
3213 1702 3570 1773 ρυθμίζοντος
3622 1704 3717 1757 καὶ
3758 1704 3844 1773 ἐφ’
3872 1705 3910 1757 ἀ

2324 1790 2407 1843 δεῖ
2433 1791 2529 1843 καὶ
2552 1790 2807 1861 βούλεται
2833 1791 3080 1857 ἄγοντος.

630 1908 825 1947 eorum
855 1890 1155 1958 castigetur
1185 1902 1350 1951 usus;
1376 1886 1626 1955 nihilque
1658 1900 1855 1940 rursus
1878 1885 1946 1940 ad
1980 1885 2213 1941 salutem
2254 1885 2323 1940 iis
2344 1885 2679 1957 expeditius,
2732 1884 3023 1941 ordinante
3065 1900 3130 1941 ea
3171 1887 3406 1954 ratione,
3428 1903 3495 1944 ac
3518 1898 3906 1959 componente,

629 1996 808 2051 eoque
855 1980 1094 2033 ducente
1157 1991 1269 2045 quo
1336 1990 1519 2045 opera:
1565 1976 1804 2045 pretium
1844 1975 1918 2030 sit
1977 1990 2042 2030 ac
2090 1984 2227 2030 nutu
2264 1976 2413 2032 velit.

700 2072 780 2126 Ne
826 2085 958 2140 ergo
989 2085 1088 2139 pro
1122 2069 1266 2121 virili
1314 2077 1500 2121 nostra
1548 2068 1661 2122 Deo
1703 2068 1933 2137 obsequi
1982 2070 2222 2139 negliga.

2393 2070 2486 2141 Μὴ
2518 2071 2706 2124 τοίνυν
2742 2071 3115 2142 ἀμελήσωμεν
3145 2071 3287 2125 κατά
3323 2072 3555 2142 δύναμιν
3594 2074 3689 2126 τοῦ
3727 2075 3910 2127 πείθε-

631 2180 775 2228 mus,
809 2164 904 2232 qui
939 2162 1006 2215 ad
1045 2172 1308 2216 aeternam
1342 2176 1442 2215 nos
1471 2160 1639 2214 vitam
1686 2176 1749 2215 ac
1780 2160 2001 2215 beatum
2031 2162 2217 2227 linem,

631 2256 948 2310 divinorum
991 2268 1055 2308 ac
1086 2253 1410 2307 salutarium
1445 2252 1828 2307 mandatorum
1860 2267 2088 2307 suorum
2127 2268 2222 2309 ex-

630 2348 916 2404 secutione
953 2355 1135 2408 vocet,
1173 2360 1284 2414 quo
1318 2345 1584 2398 nimirum
1616 2345 2054 2399 misericordiam
2080 2345 2223 2400 acci-

633 2441 869 2510 piamus,
904 2451 969 2491 ac
999 2437 1230 2507 gratiam
1282 2436 1628 2491 inveniamus
1672 2435 1727 2489 in
1769 2436 1976 2489 auxilio
2016 2451 2219 2506 oppor-

632 2540 788 2583 tuno.
830 2528 1017 2583 Gratia
1062 2526 1235 2592 enim,
1271 2526 1449 2596 inquit
1490 2524 1711 2579 divinus
1741 2524 2059 2594 Apostolus,
2101 2542 2223 2580 cum

632 2622 873 2675 omnibus
908 2622 998 2690 qui
1032 2619 1260 2690 diligunt
1283 2618 1570 2673 Dominum
1599 2628 1836 2672 nostrum
1868 2619 2049 2673 Iesum
2074 2617 2224 2674 Chri-

633 2728 772 2771 stum
806 2717 860 2768 in
893 2714 1285 2783 incorruptione
1318 2722 1376 2778 P;
1407 2712 1511 2766 hoc
1550 2721 1657 2775 est,
1700 2711 1791 2780 qui
1833 2725 1960 2764 cum
1999 2710 2225 2767 virtutis

636 2804 1070 2874 incorruptione,
1111 2803 1351 2870 vitaeque
1398 2816 1568 2869 purae,
1614 2817 1715 2855 nec
1748 2800 2016 2853 simulatae
2054 2800 2219 2868 quid-

634 2914 800 2969 quam
846 2896 1049 2966 speciei
1100 2894 1377 2956 habentis,
1413 2894 1720 2957 honestate,
1755 2891 2046 2945 Dominum
2094 2891 2222 2945 dili-

635 2999 792 3058 gunt,
826 2985 1080 3040 faciendo
1107 2984 1229 3055 ejus
1274 2982 1605 3047 voluntates,
1648 2982 1899 3051 nihilque
1944 2996 1976 3036 e
2020 2980 2223 3037 divinis

637 3080 790 3135 illius
820 3075 1095 3131 mandatis
1122 3083 1508 3142 corrumpunt.

707 3168 948 3238 Dionysii
987 3164 1320 3234 Areopagin
1361 3164 1556 3233 elogia.
1592 3163 1792 3228 Vidute,
1826 3164 2041 3233 ejusque
2086 3164 2220 3215 duo-

637 3279 757 3316 rum
781 3263 1105 3314 minutorum
1129 3256 1406 3327 multiplex
1450 3256 1731 3326 allegoria.
1755 3286 1823 3295 —
1846 3256 1971 3310 Haec
1997 3256 2219 3324 quidem

637 3368 742 3425 ego
787 3353 892 3406 hoc
930 3356 1254 3420 argumento
1297 3357 1515 3416 sperata
1564 3346 1893 3401 obedientize
1968 3346 2220 3401 mercede

2330 2162 2454 2215 σθαι
2489 2163 2569 2231 τῷ
2611 2163 2752 2233 Θεῷ,
2799 2162 3055 2216 καλοῦντι
3090 2166 3242 2234 ἡμᾶς
3278 2165 3356 2227 εἱς
3386 2165 3535 2236 ζωὴν
3563 2164 3781 2219 αἰώνιον
3815 2167 3911 2219 καὶ

2332 2254 2605 2324 μακάριον
2651 2255 2827 2318 τέλος,
2858 2255 2945 2308 διὰ
2976 2256 3073 2326 τῆς
3112 2257 3377 2325 ἐργασίας
3416 2256 3527 2311 τῶν
3552 2257 3719 2311 αὑτοῦ
3748 2258 3911 2313 θείων

2328 2359 2388 2395 τε
2421 2344 2516 2397 καὶ
2551 2345 2837 2415 σωτηρίων
2870 2344 3133 2398 ἐντολῶν⁹
3181 2344 3269 2397 ἵνα
3310 2344 3569 2414 λάϐωμεν
3614 2345 3783 2409 ἔλεος,
3816 2348 3912 2400 καὶ

2328 2434 2491 2505 χάριν
2521 2434 2775 2505 εὕρωμεν
2814 2438 2894 2498 είς
2936 2436 3193 2505 εὔκαιρον
3233 2436 3511 2507 βοήθειαν·
3556 2437 3617 2490 ’Β
3658 2436 3766 2507 γὰρ
3800 2437 3911 2505 χά-

2321 2543 2438 2594 ρις,
2475 2528 2643 2597 φησὶν
2680 2529 2709 2580 ὁ
2757 2526 2900 2591 θεῖος
2934 2528 3290 2593 Ἀπόστολος,
3313 2528 3468 2598 μετὰ
3516 2528 3762 2581 πάντων
3790 2526 3913 2581 τῶν

2326 2616 2693 2683 ἀγαπώντων
2740 2619 2849 2672 τὸν
2893 2620 3114 2688 Κύριον
3160 2618 3333 2689 ἡμῶν
3377 2619 3616 2687 Ἰησοῦν
3651 2618 3915 2687 Χριστὸν

2326 2709 2399 2761 ἐν
2434 2710 2739 2779 ἀφθαρσίᾳ
2758 2728 2772 2741 ·
2796 2713 3065 2779 τουτέστι,
3109 2712 3217 2765 τῶν
3253 2712 3393 2785 μετὰ
3420 2713 3521 2782 τῆς
3549 2713 3671 2764 κατ’
3707 2712 3913 2781 ἀρετὴν

2328 2800 2662 2870 ἀφθαρσίας,
2690 2802 2787 2856 καὶ
2818 2803 2916 2871 τῆς
2961 2804 3105 2856 κατά
3145 2803 3240 2855 τὸν
3290 2803 3406 2873 βίον
3442 2802 3692 2873 καθαράς
3724 2819 3782 2854 τε
3819 2804 3916 2854 καὶ

2326 2890 2692 2963 ἀνυποκρίτου
2726 2894 3056 2965 σεμνότητος
3090 2892 3430 2962 ἀγαπώντων
3458 2893 3550 2946 τὸν
3584 2892 3814 2963 Κύριον,
3855 2892 3915 2943 ἐν

2326 2979 2406 3052 τῷ
2448 2985 2623 3035 ποιεῖν
2667 2984 2833 3036 αὑτοῦ
2870 2984 2941 3037 τὰ
2981 2984 3267 3055 θελήματα
3291 3000 3305 3014 ·
3336 2985 3431 3037 καὶ
3484 2986 3561 3055 μὴ
3604 2983 3914 3053 παρασθει-

2328 3070 2534 3143 ρόντων
2565 3091 2618 3126 τι
2655 3076 2766 3127 τῶν
2796 3074 2955 3128 θείων
2974 3076 3139 3130 αὑτοῦ
3166 3078 3629 3148 προσταγμάτων.

2398 3164 2584 3218 Ταῦτα
2616 3165 2715 3235 μὲν
2749 3165 2864 3233 ἐγὼ
2894 3167 3023 3237 περὶ
3048 3167 3255 3221 τούτων
3284 3168 3373 3221 διὰ
3396 3168 3490 3222 τὸν
3528 3168 3628 3237 τῆς
3662 3166 3919 3235 ὑπακοῆς

2331 3256 2545 3324 μισθὸν,
2575 3256 2719 3310 κατά
2747 3258 2999 3327 δύναμιν,
3030 3260 3107 3322 ὼς
3146 3259 3452 3331 ἐδιδάχθην,
3481 3260 3773 3331 ἐξεθέμην,
3805 3260 3919 3313 τῶν

2333 3353 2754 3422 μυστικωτέρων
2802 3370 2863 3406 τε
2899 3354 2996 3406 καὶ
3032 3353 3382 3425 ὑψηλοτέρων
3414 3356 3659 3424 ἅψασθαι
3691 3358 3767 3426 μὴ
3795 3355 3919 3407 τολ-

641 3445 923 3506 inductus,
956 3455 1060 3511 pro
1086 3438 1231 3493 virili
1256 3453 1397 3501 mea,
1433 3438 1507 3492 ita
1538 3446 1600 3491 ut
1630 3437 1827 3493 doctus
1862 3453 2037 3501 eram,
2062 3453 2222 3507 expo-

2335 3446 2549 3515 μήσας·
2585 3446 2732 3515 άπερ
2760 3448 2809 3500 εἰ
2856 3448 3017 3501 ποθεῖ
3051 3465 3136 3512 τις
3166 3449 3371 3517 γνῶναι
3415 3450 3526 3502 τῶν
3571 3450 3915 3518 φιλομαθῶν,

640 3537 750 3601 sui,
774 3551 885 3589 non
908 3549 1076 3590 ausus
1114 3533 1171 3587 in
1196 3548 1261 3589 ea
1291 3548 1514 3588 manum
1559 3532 1799 3594 mittere,
1842 3545 1966 3599 qua:
2005 3529 2226 3583 abstru-

641 3628 785 3683 siora
822 3634 951 3680 sunt
992 3640 1057 3680 ac
1082 3624 1424 3680 sublimiora.
1458 3624 1581 3677 Haec
1610 3623 1655 3676 si
1706 3622 1832 3690 quis
1871 3620 2057 3675 studio
2096 3620 2223 3674 dili-

642 3720 859 3789 gentior
900 3732 1065 3772 nosse
1106 3716 1273 3780 velit,
1319 3715 1463 3784 legat
1503 3730 1624 3784 qua!
1668 3721 1893 3767 sanctus
1935 3712 2226 3784 Dionysius

643 3809 968 3880 Areopagita
996 3808 1086 3863 his
1109 3808 1177 3863 de
1202 3808 1369 3863 rebus
1393 3807 1577 3861 divine
1602 3805 1927 3870 elaboravit,
1956 3820 2019 3859 ac
2045 3805 2225 3875 reipsa

644 3902 914 3971 patefacta
957 3914 1155 3954 arcana
1214 3898 1476 3970 mysteria
1518 3897 1781 3961 ollendet,
1830 3904 2126 3966 prmstante
2170 3896 2223 3950 id

646 3993 780 4048 tanti
812 3991 1061 4046 muneris
1090 3991 1333 4045 humano
1371 3990 1581 4061 generi,
1610 3989 1800 4043 divino
1844 3989 2046 4043 mentis
2082 3990 2224 4060 ejus.

642 4098 709 4139 ac
735 4084 935 4153 lingua:
959 4082 1347 4146 instrumento,
1377 4088 1590 4151 propter
1616 4096 1722 4144 eos,
1748 4081 1838 4149 qui
1864 4082 2225 4135 hatreditatem

642 4176 851 4245 capient
879 4172 1069 4227 salutis
1107 4184 1157 4226 ιι.
1182 4174 1260 4228 Ac
1303 4173 1578 4243 siquidem
1622 4172 1770 4226 haud
1800 4171 2052 4241 procula
2085 4173 2228 4227 desi-

644 4267 801 4322 derio
827 4275 1011 4321 vestro
1037 4266 1184 4321 dicta
1210 4264 1585 4328 desciverunt,
1617 4263 1843 4319 Christo
1888 4264 2092 4335 gratias
2131 4263 2228 4318 bo-

646 4374 843 4414 norum
877 4356 1144 4427 largitori,
1174 4356 1461 4425 vobisque,
1488 4355 1581 4425 qui
1631 4363 1691 4409 ut
1719 4354 1981 4419 dicerem,
2007 4356 2117 4409 vim
2151 4356 2230 4410 le-

645 4450 820 4505 cistis.
849 4446 946 4502 Sin
966 4457 1149 4502 autem
1175 4447 1334 4516 longe
1357 4448 1701 4515 multumque
1726 4446 1795 4500 ab
1818 4461 1915 4515 Spe
1938 4444 2223 4511 deﬁciunt,

644 4540 923 4611 quomodo
951 4538 1157 4593 alliciar
1182 4536 1380 4607 quidve
1410 4552 1586 4607 agam,
1622 4538 1718 4606 qui
1764 4536 2065 4591 humanum
2093 4537 2227 4607 quid

644 4632 881 4687 dicendo
915 4644 1131 4701 passus,
1177 4628 1618 4697 imbecilliorque
1663 4626 2008 4683 exstiterim?
2048 4628 2227 4683 imbe-

644 4723 848 4777 cillitas
893 4721 1042 4777 enim
1094 4734 1207 4773 non
1250 4733 1491 4788 pmnam,
1537 4718 1631 4771 sed
1680 4718 1897 4772 veniam
1931 4728 2222 4789 provocat;

2326 3538 2442 3599 τοῖς
2483 3538 2845 3607 περὶτούτων
2891 3539 2970 3610 τῷ
3019 3541 3160 3612 άγὶῳ
3207 3542 3469 3612 Διονυσίῳ
3512 3542 3591 3611 τῷ
3647 3544 3917 3612 ’Δρεοπα-

2326 3628 2454 3696 γίτῃ
2489 3625 2689 3689 ἐνθέως
2726 3628 3042 3698 πονηθεῖσιν
3088 3630 3325 3701 ἐντύχοι,
3368 3631 3464 3683 καὶ
3512 3632 3744 3701 εὑρήσει
3790 3633 3916 3684 κατ’

2326 3718 2587 3788 ἀλήθειαν
2620 3721 2939 3789 μυστηρίων
2976 3723 3231 3792 ἀρρήτων
3278 3722 3645 3791 ἀποκάλυψιν,
3681 3722 3770 3776 διὰ
3797 3723 3919 3794 τῆς⁹

2327 3806 2483 3869 θείας
2512 3806 2680 3860 αὑτοῦ
2726 3810 2822 3861 καὶ
2860 3809 3101 3873 διανοίας
3132 3811 3229 3863 καὶ
3262 3811 3512 3881 γλώττης
3559 3811 3919 3883 χαρισθεῖσαν

2326 3897 2405 3967 τῷ
2426 3897 2537 3949 τῶν
2570 3897 2875 3967 ἀνθρώπων
2897 3902 3065 3968 γένει,
3104 3901 3192 3955 διὰ
3212 3902 3339 3965 τοὺς
3374 3901 3668 3971 μέλλοντας
3708 3884 3915 3973 κληρο-

2327 3989 2515 4059 νομεῖν
2556 3990 2854 4060 σωτηρίαν.
2882 3991 2993 4044 Καὶ
3022 3993 3071 4043 εἰ
3096 3994 3196 4061 μὲν
3240 3992 3376 4045 πολὺ
3402 3992 3504 4062 τῆς
3536 3993 3691 4062 ὑμῶν
3722 3994 3917 4045 ἐπιθυ-

2330 4085 2461 4154 μίας
2485 4084 2586 4138 οὑκ
2620 4084 3013 4145 ἀποπέπτωκε,
3049 4082 3127 4153 τῷ
3149 4082 3373 4154 Χριστῷ
3402 4085 3563 4154 χάρις
3587 4083 3665 4154 τῷ
3690 4084 3918 4155 χορηγῷ

2326 4175 2437 4228 τῶν
2478 4176 2679 4241 καλῶν,
2713 4177 2809 4229 καὶ
2852 4176 2980 4245 ὑμῖν
3008 4178 3119 4239 τοῖς
3149 4175 3405 4246 λεχθῆναι
3434 4176 3608 4230 ταῦτα
3644 4177 3916 4247 βιασαμέ-

2328 4282 2461 4329 νοις.
2499 4266 2564 4321 Εί
2594 4267 2651 4320 δέ
2694 4266 2914 4335 μακράν
2956 4282 3059 4318 που
3091 4266 3187 4319 καὶ⁵
3224 4267 3361 4319 πολὺ
3392 4265 3493 4337 τῆς
3527 4269 3743 4333 ἐλπίδος
3775 4271 3916 4324 ἀπο-

2327 4357 2605 4411 λείπεται’
2668 4361 2721 4410 τί
2776 4359 2955 4423 πάθω,
3009 4359 3043 4429 ἦ
3094 4358 3146 4411 τι
3210 4359 3417 4430 δράσω,
3455 4362 3585 4433 περὶ
3633 4362 3693 4414 τὸ
3728 4361 3915 4430 λέγειν

2328 4448 2674 4519 ἁσθενὴσας;
2708 4450 3063 4517 Συγγνωστὸν
3095 4450 3225 4522 γὰρ,
3254 4452 3316 4503 οὑ
3344 4452 3727 4523 τιμωρητὺν,ὴ
3757 4453 3919 4507 ἀσθέ-

2329 4555 2475 4592 νεια·
2523 4538 2618 4592 καὶ
2661 4540 2961 4593 ἀποδεκτδν
3024 4540 3245 4611 μᾶλλον,
3292 4541 3407 4595 ἀλλ’
3441 4543 3504 4595 οὐ
3550 4543 3803 4614 μεμπτὸν
3852 4546 3918 4598 τὸ

2330 4626 2609 4700 ἐγχωροῦν
2653 4630 2749 4682 καὶ
2786 4629 3166 4700 ἐνδεχόμενον·
3212 4631 3309 4685 καὶ
3359 4632 3577 4702 μάλισθ’
3612 4635 3762 4704 ὑμῖν,
3798 4638 3920 4699 τοῖς

2328 4718 2552 4789 ἀγαπᾷν
2570 4717 2672 4771 διὰ.
2691 4718 2783 4773 τὸν
2808 4718 2944 4771 Θεὸν
2968 4718 3351 4790 προθεμένοις.
3383 4722 3490 4775 Καὶ
3529 4721 3649 4793 Θεῷ
3676 4723 3733 4775 δὲ
3760 4722 3919 4790 φίλον

647 4816 927 4887 magisque
952 4811 1228 4873 laudetur,
1256 4826 1419 4880 quam
1456 4810 1683 4881 dignum
1708 4811 1983 4881 vituperio
2026 4812 2222 4867 habea-

2329 4810 2391 4864 τδ
2429 4809 2571 4863 κατά
2615 4809 2847 4880 δύναμιν
2878 4809 3025 4863 ἅπαν
3051 4810 3291 4880 γνησίως
3318 4812 3383 4864 ἐκ
3412 4812 3593 4882 ψυχῆς
3634 4816 3916 4883 προσαγὸ-

645 4916 754 4972 tur,
788 4905 935 4976 quod
976 4913 1063 4959 est
1091 4917 1194 4973 pro
1222 4902 1502 4967 facultate,
1534 4917 1597 4957 ac
1627 4914 1888 4973 prazstare
1919 4912 2099 4973 potest
2130 4904 2222 4973 qui

2336 4917 2517 4972 μενον,
2544 4899 2649 4953 κᾶν
2678 4902 2875 4971 μικρόν
2907 4902 3195 4972 συγκρίσει
3223 4902 3480 4971 μεγάλων
3524 4905 3782 4974 ὑπάρχον
3810 4922 3918 4974 φα-

645 5014 757 5051 rem
788 4996 1054 5067 suscipit;
1083 5009 1206 5050 cum
1235 4993 1431 5063 primis
1453 5002 1636 5048 autem
1659 4995 1835 5060 vobis,
1865 4995 2067 5064 quibus
2092 5008 2222 5049 con-

2340 4995 2567 5062 νήσεται
2590 5008 2603 5022 ·
2630 4992 2689 5056 ὃς
2720 4994 2841 5046 οὐδὲ
2873 4993 2971 5064 τὴν
3004 4996 3205 5064 χήραν,
3238 4995 3306 5049 τά
3334 4996 3428 5049 δύο
3454 4996 3627 5051 λεπτά
3674 5014 3919 5069 προσκο-

644 5092 896 5144 stitutum
928 5088 1000 5143 sit
1032 5094 1094 5141 ut
1123 5092 1346 5155 propter
1381 5086 1551 5138 Deum
1581 5085 1839 5154 diligatis.
1868 5086 2003 5139 Nam
2027 5096 2085 5140 et
2113 5084 2222 5139 Deo

2338 5084 2594 5152 μίσασαν,
2630 5084 2919 5135 ἀπεώσατο
2942 5101 2955 5115 ·
2982 5086 3106 5153 ἥτις
3152 5086 3283 5137 ποτέ
3316 5081 3383 5156 ἦν
3405 5088 3437 5156 ἡ
3464 5088 3609 5158 χήρα
3632 5088 3793 5157 αὕτη,
3821 5090 3922 5142 καὶ

644 5182 874 5235 charum
913 5185 1312 5249 acceptumque
1337 5185 1441 5241 est,
1467 5174 1734 5246 quidquid
1776 5178 1992 5231 sincere
2022 5193 2124 5246 pro
2148 5176 2222 5230 la-

2332 5178 2401 5227 τά
2436 5176 2532 5229 δύο
2569 5176 2763 5230 λεπτά.
2805 5178 2929 5229 Εἴτε
2970 5178 3119 5247 ψυχὴ
3181 5178 3381 5241 κακίας
3445 5180 3781 5250 χηρεύουσα,
3823 5185 3921 5235 καὶ

643 5274 847 5329 eultate
871 5286 939 5325 ex
960 5272 1145 5324 animo
1186 5268 1439 5331 ollertur,
1475 5268 1690 5323 tametsi
1724 5268 1910 5323 habita
1956 5270 2222 5339 majorum

2332 5270 2525 5339 ὥσπερ
2574 5271 2743 5341 ἄνδρα
2784 5272 2877 5325 τὸν
2921 5273 3151 5327 παλαιὸν
3178 5273 3278 5341 μὲν
3308 5274 3694 5345 άποϐαλομένη
3728 5277 3918 5346 νόμον,

646 5365 858 5419 ratione
896 5363 1036 5416 exile
1079 5362 1213 5416 illud
1265 5362 1562 5415 videbitur.
1611 5362 1659 5416 Is
1712 5377 1947 5431 namque
1980 5362 2222 5423 viduam,

2335 5364 2492 5417 οὑπω
2528 5364 2586 5417 δὲ
2618 5364 2717 5434 τῆς
2754 5365 2890 5435 πρὸς
2943 5365 3034 5417 τὸν
3060 5366 3234 5431 Λόγον
3276 5365 3369 5418 καὶ
3397 5365 3529 5419 Θεὸν
3566 5366 3743 5435 ἄκρας
3786 5385 3919 5420 συν-

647 5471 765 5526 qua:
795 5455 906 5509 duo
936 5455 1144 5509 minuta
1178 5453 1473 5517 obtulerat,
1502 5454 1726 5509 minime
1765 5456 1967 5524 repulit
2002 5464 2048 5519 ε,
2081 5470 2222 5523 quae-

2335 5456 2531 5524 αφείας
2565 5454 2690 5521 ἀξία
2711 5470 2724 5483 ·
2764 5454 3115 5525 προσάγουσα
3159 5455 3215 5508 δὲ
3240 5455 3388 5525 ὅμως
3414 5454 3563 5526 αὐτῷ
3595 5456 3920 5526 appulsam;

719 5603 747 5644 P
782 5595 981 5664 l-lphes.
1014 5609 1088 5661 Vt,
1112 5593 1200 5648 24.
1275 5604 1301 5643 q
1345 5593 1509 5649 llebr.
1539 5612 1574 5659 ι,
1631 5597 1716 5651 Η.
1800 5608 1821 5633 ι’
1866 5598 2008 5651 Marc
2037 5614 2131 5660 xu,
2160 5597 2367 5666 iseqq.
2396 5614 2409 5661 ;
2441 5597 2573 5650 Luc.
2612 5613 2719 5659 xxI,
2759 5597 2805 5649 l.

1963 5709 2001 5763 γ
2014 5709 2195 5764 ΜΗ.ιί
2242 5708 2641 5766 LICC'I'IUNES.

716 5804 762 5838 ⁸⁸⁵
816 5805 1155 5875 ἀσυμπαθοῦς
1218 5807 1278 5859 (ᾇ.
1319 5806 1379 5857 .\.
