4216 6438
254 388 352 452 71⁷1

1625 393 2124 455 MYS'I‘AGOGIA.

3393 402 3499 465 718

247 506 391 577 λόγῳ
416 505 607 576 ὥσπερ
653 504 847 570 λεπτὰ,
881 504 972 559 τὸν
1009 504 1150 567 τέως
1188 506 1500 576 σύμμετρον
1529 505 1690 575 λόγον
1732 511 1827 561 καὶ

1935 526 2145 579 cunque
2197 521 2405 566 tantum
2451 511 2614 566 vidua
2663 511 2797 576 haec,
2846 512 3075 584 ejusque
3134 511 3245 567 duo
3290 512 3500 569 minuta

250 594 397 664 βίον·
421 594 456 665 ἢ
491 592 669 646 πίστιν
716 593 814 647 καὶ
856 592 1067 664 ἀγαθὴν
1106 593 1442 663 συνείδησιν·
1484 595 1516 665 ἢ
1556 595 1654 666 τὴν
1694 600 1821 667 περὶ

244 688 354 739 τῶν
413 685 653 738 καλῶν⁶⁷
710 685 826 750 ἕξιν
871 685 965 738 καὶ
1016 686 1332 757 ἐνέργειανο
1387 688 1421 758 ἢ
1470 689 1569 758 τὴν
1613 690 1822 753 τούτοις

246 777 559 847 πρόσφορον
589 776 828 848 θεωρίαν
870 778 967 830 καὶ
1010 779 1210 848 πρᾶξιν
1236 795 1247 806 ·
1307 780 1341 849 ἢ
1400 780 1505 851 τὴν
1554 781 1823 850 ἀνάλογον

245 868 450 935 γνῶσιν
490 869 585 922 καὶ
622 869 857 939 ἀρετήν·
908 868 941 939 ἢ
985 871 1114 932 τοὺς
1164 872 1363 941 μικρὸν
1431 871 1571 942 ὑπὲρ
1625 872 1822 935 ταῦτα,

246 960 393 1029 φημὶ
435 959 491 1013 δὲ
537 962 663 1023 τοὺς
700 962 759 1012 ὲν
800 961 878 1030 τῷ
912 960 1135 1031 φυσικῷ
1180 961 1383 1031 καὶτῷ
1414 963 1647 1034 γραπτῷ
1675 965 1825 1036 νόμῳ

246 1051 459 1117 λόγους,
490 1051 584 1114 οὓς
623 1054 657 1122 ἡ
697 1051 844 1122 ψυχὴ
872 1052 1207 1123 κεκτημένη,
1239 1053 1361 1105 κατ’
1407 1054 1664 1109 ἔκστασιν
1698 1055 1822 1108 τού-

245 1160 355 1194 των
396 1143 492 1195 καὶ
518 1144 712 1211 ἄφεσιν
748 1145 825 1208 ὼς
851 1145 974 1198 ὅλου
1018 1144 1135 1215 βίου
1180 1146 1272 1199 καὶ
1308 1146 1479 1216 ζωῆς,
1524 1147 1672 1217 μόνῳ
1703 1164 1827 1201 συνε

247 1235 485 1305 αφθῆναι
506 1236 582 1305 τῷ
601 1236 762 1307 Λόγῳ
788 1237 885 1289 καὶ
902 1236 1023 1306 Θεῷ
1046 1237 1368 1309 βουλομένη,
1405 1238 1673 1309 προσάγει
1688 1256 1702 1269 ο
1732 1241 1826 1294 καὶ

246 1326 357 1379 τῶν
393 1327 536 1379 κατὰ
582 1326 742 1395 φύσιν
790 1327 887 1380 καὶ
920 1327 1086 1399 νόμον
1135 1328 1328 1398 βιαίων
1381 1328 1597 1397 τρόπων
1624 1345 1684 1382 τε
1731 1332 1827 1383 καὶ

248 1417 468 1484 θεσμῶν
500 1417 594 1469 καὶ
623 1415 781 1481 ἐθῶν,
807 1416 999 1488 ὥσπερ
1033 1418 1243 1489 ἀνδρῶν
1277 1418 1534 1488 χηρεύειν
1577 1418 1820 1488 δέχεται·

247 1508 362 1559 εἴτε
402 1526 457 1560 τι
503 1508 631 1561 ἄλλο
673 1509 880 1563 τούτων
920 1510 1460 1580 πνευματικώτερον,
1506 1513 1599 1564 καὶ
1644 1511 1826 1581 μόνοις

248 1600 525 1671 θεωρητδν
574 1603 687 1665 τοῖς
739 1602 996 1673 καθαροῖς
1028 1602 1128 1674 τὴν
1161 1604 1421 1666 διάνοιαν,
1448 1602 1537 1656 διὰ
1579 1602 1674 1656 τοῦ
1704 1604 1825 1657 καθ’

249 1690 498 1762 ἱστορίαν
532 1692 915 1763 πληρωθέντος
952 1695 1278 1764 γράμματος
1326 1696 1356 1746 ὁ
1394 1694 1552 1761 λόγος
1584 1694 1824 1748 αἰνίττε-

248 1796 361 1835 ται.
394 1782 581 1836 Πάντα
620 1783 732 1855 γὰρ
767 1784 848 1851 τῷ
891 1785 1036 1838 κατά
1071 1784 1351 1853 θεολογίαν
1379 1785 1663 1856 ὲποπτικῷ
1693 1801 1826 1854 συγ-

248 1872 552 1943 κρινόμενα
610 1852 776 1946 λόγῳ,
827 1876 895 1930 τὰ
931 1876 990 1929 ὲν
1039 1852 1350 1947 ἀνθρώποις
1386 1852 1649 1929 δοκοῦντα
1703 1852 1827 1930 κατ’
1857 1852 1904 1914 Β

247 1965 458 2035 ἀρετὴν
487 1962 627 2020 εῖναι
659 1966 897 2037 μεγάλα,
927 1968 1101 2039 μικρὰ
1143 1967 1427 2037 τυγχάνει.
1471 1968 1621 2037 Πλήν
1647 1983 1714 2035 γε
1742 1968 1826 2021 ὅτι

248 2056 358 2109 κᾶν
404 2058 599 2128 μικρὰ,
637 2058 734 2112 καὶ
774 2060 834 2126 ἐξ
864 2058 1017 2130 Ιῦλης
1062 2058 1316 2121 εὐτελοῦς
1349 2059 1445 2113 καὶ
1475 2059 1537 2112 οὐ
1578 2058 1713 2113 πολύ
1743 2077 1828 2113 τι-

246 2150 419 2217 μίας·
469 2150 585 2203 ἀλλ’
625 2146 722 2204 οὖν
761 2154 876 2215 τοῖς
921 2153 987 2204 ὲκ
1033 2149 1237 2221 χρυσοῦ
1292 2149 1592 2220 νομίσμασι
1638 2150 1740 2219 τῆς
1769 2151 1828 2203 ὲν

249 2239 409 2303 ὕλαις
445 2241 799 2313 τιμιωτέρας,
842 2242 879 2296 ἃ
924 2240 1332 2312 προσφέρουσιν
1359 2240 1409 2293 οἱ
1439 2237 1831 2312 εὐπορώτεροι,

247 2334 396 2387 κατὰ
425 2334 487 2385 τὸ
515 2335 625 2386 ἴσον
651 2334 741 2388 τὸν
774 2332 1052 2404 βασιλικὸν
1075 2333 1399 2405 χαρακτῆρα
1421 2331 1677 2401 φέροντα,
1693 2332 1834 2386 κατὰ

249 2425 374 2494 Ῐκαὶ
412 2423 495 2496 τὸ]
535 2424 700 2477 πλέον
749 2426 881 2489 ῐσως
937 2423 1130 2496 ἔχοντα
1166 2423 1266 2495 τῆς
1302 2421 1688 2495 προσαγούσης
1736 2422 1833 2491 τὴν

249 2516 319 2581 ἐξ
344 2515 471 2585 ὅλης
506 2514 799 2578 διαθέσεως
824 2514 1105 2585 πρόθεσιν.

1925 599 2168 665 fuerint;
2197 600 2311 655 sive
2353 602 2534 655 anima
2564 601 2704 655 vitio
2730 600 2895 653 vidua
2939 616 3003 656 ac
3029 617 3151 670 qum
3194 600 3299 655 viri
3331 601 3504 655 instar

1925 695 2099 747 veteri
2132 693 2333 747 amissa
2364 694 2501 762 lege,
2534 693 2779 747 nondum
2806 708 3018 747 summa
3050 694 3139 747 illa
3175 709 3238 748 ac
3261 692 3502 762 perfecta

1925 800 2047 838 cum
2081 784 2258 839 Verbo
2300 800 2363 839 ac
2405 785 2517 839 Deo
2550 784 2938 854 conjunctione
2986 784 3148 853 digna
3188 792 3370 849 esset;
3413 783 3502 836 cui

1928 887 2111 931 tamen
2133 868 2481 930 ‘arrhabonis
2529 877 2651 931 loco
2704 876 2857 931 velut
2897 875 3007 929 duo
3052 874 3211 944 527
3260 876 3506 937 minuta,

1925 975 2391 1037 contemperatam
2434 967 2705 1020 rationem
2746 982 2810 1021 ac
2859 965 3029 1020 vitam
3077 965 3337 1029 otl'erret;
3388 965 3505 1018 sive

1926 1056 2088 1110 fidem
2111 1072 2175 1111 ac
2218 1058 2417 1112 bonam
2440 1058 2855 1121 conscientiam,
2890 1058 3005 1111 sive
3046 1056 3191 1111 circa
3214 1056 3504 1109 honestum

1926 1158 2236 1204 versantem
2262 1149 2514 1204 habitum
2563 1158 2621 1205 et
2666 1160 2872 1214 aetum,
2916 1150 3031 1203 sive
3075 1148 3163 1203 his
3204 1162 3506 1217 congruam

1927 1241 2442 1311 contemplationem
2472 1251 2529 1297 et
2556 1241 2858 1304 actionem,
2890 1240 3004 1295 sive
3057 1255 3177 1309 quae
3208 1238 3316 1292 illis
3357 1247 3507 1293 certa

1926 1330 2161 1399 quadam
2186 1332 2399 1387 ratione
2435 1332 2789 1402 respondent,
2816 1332 3103 1386 scientiam
3146 1337 3312 1399 atque
3335 1329 3508 1383 virtu-

1928 1431 2076 1487 tem;
2112 1422 2228 1476 sive
2272 1438 2394 1492 quze
2425 1424 2588 1492 paulo
2620 1423 2726 1476 hoc
2764 1429 3048 1492 superant,
3075 1421 3132 1475 in
3172 1421 3410 1474 naturali
3442 1434 3509 1474 ac

1926 1511 2133 1580 scripta
2171 1513 2290 1583 lege
2328 1514 2537 1583 positas
2577 1514 2852 1579 rationes,
2897 1529 3077 1584 quas,_
3102 1528 3224 1583 qua:
3267 1511 3510 1582 possidet

1927 1602 2130 1668 anima,
2172 1604 2241 1659 iis
2277 1605 2613 1671 excedenda,
2639 1606 2900 1675 velutque
2943 1603 3309 1660 substantiam
3338 1609 3508 1656 totam

1927 1710 1990 1748 ac
2032 1694 2238 1749 victum
2292 1696 2687 1765 relinquendo,
2744 1696 2846 1751 soli
2882 1696 3065 1751 Verbo
3104 1710 3167 1749 ac
3190 1695 3303 1748 Deo
3342 1707 3511 1762 copu-

1928 1785 2031 1838 lari
2074 1786 2345 1851 ambiens,
2383 1787 2581 1851 oil'ert,
2614 1788 2903 1857 libensque
2946 1787 3133 1850 habet,
3160 1784 3311 1855 quod
3351 1791 3514 1838 natu-

1932 1876 2140 1931 ralibus
2173 1892 2236 1932 ac
2272 1878 2541 1948 legalibus
2583 1878 2842 1932 violentis
2887 1876 3089 1941 modis,
3118 1876 3296 1939 scitis,
3339 1874 3512 1928 mori-

1933 1970 2056 2035 bus,
2086 1978 2346 2040 tanquam
2369 1969 2522 2032 viris,
2548 1969 2858 2033 vidua'est;
2894 1968 3009 2022 sive
3038 1967 3187 2021 aliud
3212 1965 3512 2035 quidquam

1934 2061 2022 2115 his
2063 2062 2387 2131 spiritalius,
2423 2076 2487 2115 ac
2512 2061 2670 2131 cujus
2700 2061 2802 2115 soli
2847 2060 3054 2115 mundo
3095 2060 3262 2114 corde
3307 2057 3512 2112 intelli-

1933 2151 2173 2220 gentiam
2210 2159 2593 2220 assequantur,
2626 2166 2724 2218 per
2757 2150 2999 2203 litteram
3031 2149 3209 2219 reipsa
3248 2147 3513 2201 historice

1936 2240 2241 2310 impletam,
2269 2240 2555 2309 Scriptura
2592 2242 2862 2296 occultius
2904 2242 3126 2296 indicat.
3158 2241 3515 2310 Quacunque

1934 2332 2084 2386 enim
2111 2332 2372 2397 humana,
2400 2332 2505 2387 etsi
2532 2333 2737 2388 virtute
2756 2348 2952 2404 magna
2980 2333 3293 2399 videantur,
3317 2332 3517 2403 exigua

1936 2431 2087 2487 sunt,
2130 2423 2179 2477 si
2222 2437 2347 2477 cum
2398 2422 2585 2478 divina
2610 2426 2720 2494 jam
2765 2424 3094 2495 inspectrice
3125 2423 3337 2478 ratione
3380 2435 3514 2475 con-

1936 2514 2206 2569 ferantur.
2241 2514 2447 2568 Verum
2495 2515 2625 2570 licet
2656 2516 2873 2587 exigua,
2914 2531 3090 2586 exque
3129 2514 3224 2569 vili
3258 2528 3361 2568 nec
3390 2525 3516 2581 pre-

245 2607 394 2661 tiosa
459 2608 753 2664 admodum
785 2608 1036 2675 materia,
1099 2624 1255 2680 reque
1299 2616 1479 2663 tamen
1544 2620 1609 2662 ac
1642 2621 1804 2663 aurea
1839 2611 2172 2664 numismata
2236 2609 2364 2680 (qua
2428 2610 2722 2679 pretiosior
2783 2611 2934 2665 nulla
2992 2608 3239 2680 materia)
3288 2622 3351 2662 ac
3396 2620 3517 2676 quae

245 2701 633 2770 opulentiores
659 2700 924 2767 oil‘erunt,
949 2715 1075 2756 cum
1100 2701 1442 2771 obsignatam
1466 2698 1671 2769 regiam
1698 2698 1930 2770 ﬁguram
1962 2701 2188 2766 habent,
2234 2711 2350 2756 tum
2399 2700 2540 2757 forte
2573 2702 2738 2757 etiam
2804 2702 3090 2758 oﬂ‘crentis
3148 2718 3216 2758 ex
3278 2710 3396 2758 toto
3432 2701 3515 2757 af-

244 2791 405 2847 fectu
432 2792 714 2861 proposito
742 2800 1024 2862 praestant.
1733 2861 1741 2870 ‘

328 2887 547 2957 Ταύτην
576 2886 734 2954 κάγὼ
773 2885 1112 2957 μιμούμενος
1136 2886 1238 2958 τὴν
1273 2886 1470 2957 χήραν,
1494 2885 1615 2957 Θεῷ
1646 2900 1707 2939 τε
1735 2883 1831 2937 καὶ

252 2980 410 3047 ὑμῖν,
436 2975 808 3047 ἠγαπημένοι,
846 2975 916 3029 τά
948 2975 1122 3046 μικρά
1158 2975 1333 3028 ταῦτα
1377 2974 1473 3028 καὶ
1495 2973 1708 3045 εὐτελῆ,
1742 2976 1836 3027 καὶ

249 3070 319 3136 ἐξ
373 3067 625 3131 εὐτελοῦς
682 3068 778 3121 καὶ⁷
828 3066 1054 3137 πτωχῆς
1124 3065 1369 3130 διανοίας
1420 3066 1518 3119 καὶ
1577 3065 1834 3134 γλώσσης

252 3159 707 3233 προενηνεγμένα
735 3158 988 3230 νοήματά
1014 3174 1075 3212 τε
1112 3159 1209 3211 καὶ
1268 3160 1490 3228 ῥήματα
1518 3157 1709 3227 ὥσπερ
1738 3156 1831 3209 λε-

2008 2885 2229 2940 Maximi
2279 2885 2536 2939 modestia
2594 2883 2819 2939 scribere
2864 2884 3229 2939 detractantis.
3264 2914 3330 2924 —
3367 2883 3519 2939 Hanc

1936 2992 2159 3047 quoque
2185 2975 2405 3031 viduam
2430 2992 2533 3047 ego
2561 2976 2830 3040 imitatus,
2848 2991 3016 3046 parva
3039 2976 3156 3030 hzec
3181 2985 3346 3045 atque
3365 2975 3517 3041 vilia,

1937 3083 2117 3138 exque
2152 3068 2251 3121 vili
2274 3082 2557 3137 egenaque
2587 3077 2773 3122 mente
2801 3082 2867 3121 ac
2895 3067 3081 3136 lingua
3112 3066 3355 3135 profecta
3386 3060 3519 3135 pro-

1938 3161 2160 3231 lataque
2189 3175 2349 3216 sensa
2379 3176 2444 3214 ac
2464 3168 2654 3221 verba,
2690 3160 2845 3213 velut
2878 3159 3115 3222 minuta,
3149 3158 3215 3212 iis
3259 3157 3328 3212 de
3354 3158 3522 3212 rebus

250 3224 393 3318 πτά,
426 3224 657 3322 *ὧν
682 3224 1031 3316 ἐκελεύσατε,
1068 3224 1443 3321 προσενῆνοχα
1461 3263 1479 3281 ο
1496 3224 1833 3318 παρακαλῶν

1939 3251 2009 3306 de
2036 3224 2239 3320 quibus
2288 3250 2599 3320 jusseratis,
2652 3250 2767 3303 Deo
2810 3264 2876 3304 ae
2916 3248 3095 3313 vobis,
3149 3247 3519 3312 dilectissimi,

252 3343 357 3415 τὴν
410 3341 788 3412 εὐλογημένην
825 3341 978 3411 ὐμῶν
1014 3340 1112 3394 καὶ
1157 3339 1319 3409 άγίαν
1369 3340 1584 3411 ψυχήν
1619 3340 1835 3409 πρῶτον

258 3435 384 3505 μὲν,
424 3432 653 3504 μηδενὸς
677 3430 771 3497 χὲτι
800 3430 912 3484 τῶν
939 3430 1072 3500 παρ’
1119 3428 1256 3501 ἐμοῦ
1303 3430 1614 3499 λεγομένων
1643 3432 1839 3502 ἐγγρα-

253 3540 360 3590 φον
389 3521 623 3592 ζητῆσαι
654 3519 974 3591 σημείωσιν,
999 3518 1146 3572 δυοῖν
1181 3518 1401 3571 ἕνεκενο
1439 3520 1558 3582 ἑνὸς
1598 3520 1719 3590 μὲν,
1755 3520 1836 3573 ὅτι

256 3613 495 3685 μηδέπω
536 3612 628 3666 τὸν
673 3612 838 3681 φόϐον
876 3611 1197 3682 ἐκτησάμην
1222 3612 1315 3664 τοῦ
1364 3610 1501 3663 Θεοῦ
1540 3611 1631 3665 τὸν
1674 3611 1838 3679 ἆγνὸν

257 3707 360 3759 καὶ
386 3704 733 3774 διαμένοντα,
761 3702 871 3756 οὐδ’
898 3702 1100 3773 ἀρετῆς
1122 3700 1236 3766 ἕξιν
1278 3702 1595 3772 στερέμνιον
1640 3702 1735 3755 καὶ
1767 3702 1841 3754 δι-

256 3796 561 3866 καιοσύνης
602 3794 835 3865 ἀληθοῦς
887 3794 1054 3863 πῆξιν
1094 3788 1365 3863 παθεράίν
1394 3793 1487 3846 καὶ
1510 3792 1836 3858 ἀσάλευτον,

256 3889 331 3943 τὰ
377 3888 764 3961 μαρτυροῦντα
805 3887 1043 3959 μάλιστα
1086 3889 1203 3949 τοῖς
1240 3885 1423 3954 λόγοις
1471 3884 1533 3937 τὺ
1583 3884 1835 3954 βέϐαιον’

258 3986 456 4055 ἑτέρου
497 3984 577 4049 δὲ,
616 3984 703 4037 ὅτι
734 3983 918 4054 πολλῷ
950 3982 1181 4037 κλύδωνι
1210 3982 1400 4035 παθῶν
1430 3980 1513 4033 ἔτι
1540 3981 1700 4051 δίκην
1732 3980 1833 4035 θα-

257 4078 474 4145 λάσσης
505 4078 703 4149 ἀγρίας
745 4075 1221 4148 περιδονούμενος,
1265 4075 1360 4129 καὶ
1401 4074 1538 4127 πολὺ
1573 4073 1667 4127 τοῦ
1695 4072 1839 4127 θείου

255 4169 539 4233 ἀπαθείας
554 4169 776 4240 ἀπέχων
798 4167 1040 4238 λιμένος,
1073 4167 1168 4220 καὶ
1190 4165 1384 4237 ἄδηλον
1416 4164 1559 4235 ἔχων
1595 4160 1692 4217 τοῦ
1724 4163 1840 4234 βίου

259 4264 324 4317 τὸ
358 4261 557 4332 πέρας,
587 4260 647 4314 οὐ
684 4259 948 4332 βούλομαι
985 4259 1124 4329 πρὸς
1147 4260 1263 4321 τοῖς
1304 4256 1487 4328 ἔργοις
1513 4256 1610 4310 καὶ
1652 4255 1744 4307 τὸν
1784 4256 1842 4307 ὲν

258 4354 562 4426 γράμμασι
608 4352 766 4421 λόγον
816 4352 963 4423 ἔχειν
1019 4350 1349 4422 κατήγορον.
1382 4349 1613 4403 Ἔπειτα
1654 4347 1711 4401 δὲ
1742 4346 1843 4416 τῆς

260 4446 581 4509 εὐπειθείας
608 4445 790 4515 χάριν,
825 4446 875 4498 εἰ
899 4444 1020 4496 δέον
1046 4442 1218 4508 ἐστὶν,
1253 4439 1670 4509 ἀποδεξάμενοι,
1705 4437 1843 4508 Χρι-

1938 3342 2155 3407 obtuli;
2212 3340 2518 3397 obsecrans
2562 3339 2894 3409 enixiusque
2936 3354 3139 3409 rogans
3171 3337 3523 3393 benedictam

1938 3441 2180 3489 vestram
2210 3446 2277 3487 ac
2306 3443 2551 3487 sanctam
2582 3432 2825 3485 animam
2850 3449 2865 3497 ;
2904 3431 3144 3500 primum
3180 3430 3426 3500 quidem,
3450 3445 3523 3485 ne

1938 3523 2175 3593 amplius
2205 3539 2327 3592 qua:
2360 3539 2389 3577 a
2420 3538 2506 3578 me
2534 3521 2793 3577 dicentur
2833 3522 3047 3589 scripto
3074 3536 3162 3575 me
3192 3521 3524 3591 consignare

1940 3615 2221 3685 quaeratis,
2257 3615 2466 3684 duplici
2503 3630 2571 3669 ex
2616 3629 2784 3669 causa
2826 3628 2841 3667 :
2889 3614 3063 3668 altera
3095 3612 3345 3682 quidem,
3372 3610 3524 3681 quod

1940 3706 2179 3762 necdum
2238 3707 2337 3761 Dei
2405 3706 2661 3760 timorem
2713 3716 2926 3760 castum
2986 3720 3052 3760 ac
3106 3712 3523 3774 permanentem

1940 3798 2174 3866 adeptus
2224 3798 2331 3851 sim
2358 3809 2405 3860 ε,
2471 3812 2575 3852 nec
2633 3797 2858 3852 virtutis
2916 3796 3209 3851 robustum
3248 3796 3521 3863 habitum,

1941 3904 2195 3958 veniaque
2218 3889 2449 3959 iustitiae
2474 3889 2713 3943 ﬁrmitate
2738 3904 2793 3942 in
2827 3904 2894 3944 ac
2918 3889 3303 3943 inconcussam
3351 3888 3524 3942 stabi-

1942 3978 2174 4044 litatem,
2234 3993 2357 4047 quae
2404 3978 2640 4032 maxime
2687 3977 2775 4032 his
2812 3992 2936 4046 quae
2986 3976 3305 4032 scribuntur
3339 3991 3403 4029 ac
3424 3976 3523 4030 do-

1943 4072 2154 4136 ctrinae,
2188 4071 2573 4126 auctoritatem
2604 4072 2940 4137 conciliant;
2977 4070 3150 4124 altera
3183 4084 3338 4133 vero,
3372 4068 3523 4138 quod

1943 4180 2069 4220 cum
2095 4164 2278 4218 adhuc
2302 4164 2566 4217 vitiorum
2590 4180 2653 4218 ac
2673 4162 3179 4233 perturbationum,
3201 4162 3375 4215 instar
3393 4160 3528 4214 εωνί

1944 4255 2131 4320 maris,
2178 4256 2368 4310 multis
2413 4254 2674 4309 ﬂuctibus
2728 4254 2932 4324 agiter,
2981 4266 3046 4306 ac
3077 4266 3241 4321 quam
3269 4251 3522 4320 procula

1945 4344 2138 4401 divino
2182 4345 2605 4415 tranquillitatis
2646 4344 2838 4410 animi,
2890 4359 2956 4398 ac
3012 4340 3526 4413 imperturbationis

1944 4446 2110 4506 portu
2168 4446 2417 4492 remotus
2464 4436 2589 4501 sint,
2641 4437 3028 4505 incertumque
3059 4435 3188 4489 vita:
3227 4432 3391 4487 ﬁnem
3420 4432 3523 4485 lia-

264 4537 384 4605 στῷ
418 4553 485 4606 με
512 4536 577 4589 δι’
606 4534 783 4605 εὐχῶν
812 4532 1150 4606 παράθεσοε,
1188 4530 1267 4602 τῷ
1306 4528 1530 4626 μεγάλέρ
1560 4527 1658 4581 καὶ
1697 4525 1839 4597 μόνῳ

1947 4529 2128 4592 beam,
2156 4529 2326 4583 nolim
2351 4536 2411 4581 ut
2441 4528 2507 4581 ad
2536 4543 2724 4597 opera,
2756 4528 2925 4581 etiam
2970 4524 3176 4595 scripto
3203 4523 3525 4592 consignata

256 4628 393 4700 Θεῷ
420 4629 515 4682 καὶ
540 4627 751 4700 Σωτῆρι
779 4626 889 4681 τῶν
910 4625 1197 4697 ἡμετέρων
1214 4622 1402 4694 ψυχῶν
1422 4638 1436 4653 ο
1464 4616 1510 4689 ᾧ
1537 4622 1570 4690 ἡ
1600 4617 1725 4682 δόξα
1746 4617 1839 4672 καὶ

1949 4621 2203 4676 doctrina
2231 4622 2286 4673 in
2317 4620 2521 4674 actoris
2546 4629 2761 4689 partem
2818 4618 3065 4673 accedat.
3104 4614 3314 4671 Deinde
3336 4628 3404 4667 eo
3426 4625 3528 4665 no-

260 4721 332 4775 τδ
367 4720 587 4792 κράτος,
630 4720 731 4773 σὺν
765 4718 845 4790 τῷ
892 4719 1070 4789 Πατρὶ
1098 4715 1192 4773 καὶ
1229 4714 1307 4786 τῷ
1356 4713 1498 4783 ἁγίῳ
1536 4709 1841 4781 Πνεύματι,

265 4814 356 4875 εἰς
391 4812 521 4874 τοὺς
549 4810 774 4874 αἰῶνας.
810 4810 1007 4881 Ἀμήν.

1951 4710 2099 4764 mine
2148 4709 2471 4778 probantes,
2536 4708 2809 4777 siquidem
2846 4707 2902 4761 id
2951 4720 3168 4775 aequum
3223 4712 3328 4768 est,
3377 4701 3525 4772 quod

1952 4800 2480 4868 obtemperaverim,
2529 4799 2753 4855 Christo
2789 4814 2877 4853 me
2930 4797 3193 4868 precibus
3242 4808 3527 4850 commen-

265 4906 428 4972 date,
459 4920 658 4977 magno
687 4920 752 4961 ac
779 4904 884 4961 soli
910 4903 1045 4969 Deo,
1082 4910 1515 4971 nostrarumque
1546 4898 1858 4953 animarum
1892 4893 2186 4957 Salvatori,
2216 4894 2305 4949 cui
2335 4894 2507 4965 gloria
2569 4906 2627 4950 et
2687 4905 2953 4964 potestas,
2978 4908 3103 4948 cum
3146 4893 3311 4947 Patre
3333 4886 3528 4958 etSpi—

268 5000 388 5055 ritu
414 5006 631 5064 sancto,
659 4996 717 5051 in
739 4995 959 5052 saecula.
991 4993 1188 5051 Amen.

350 5159 374 5187 ⁸
412 5157 556 5213 Psal.
614 5172 763 5221 xvm,
807 5154 895 5209 10.

1558 5240 1794 5297 VARIE
1838 5236 2247 5296 LECTIONES.

353 5342 397 5373 ⁸⁷
453 5341 516 5394 τὸ
573 5339 738 5395 καλὸν
783 5336 843 5393 C.
903 5338 968 5391 Δ.
1021 5345 1078 5391 et
1126 5335 1215 5390 Fr.
