4216 6438
676 370 784 442 ’119
1839 368 1900 428 S.
1941 365 2231 429 MAXIMI
2269 366 2786 430 CONFESSORIS
3833 369 3937 434 720

675 556 3939 601 Μ

2040 769 2628 866 MONITUM

1455 1013 1562 1075 AD
1602 1012 1876 1076 SANCTI
1915 1011 2200 1074 MAXIMI
2235 1010 2641 1073 SERMONES
2682 1011 2835 1075 PER
2878 1012 3165 1078 ELECTA

1547 1179 1657 1240 Ea:
1691 1178 1890 1243 sacris
1925 1175 2339 1258 profanisque
2382 1175 2745 1238 amtoribus
2795 1177 3073 1241 collecta.

752 1529 1053 1596 Produxit
1098 1533 1412 1594 Gesnerus
1460 1525 1746 1590 medicus
1776 1527 1970 1590 semel
2009 1535 2071 1590 et
2105 1527 2337 1590 iterum
2384 1544 2528 1590 cum
2579 1530 2853 1593 Antonio
2897 1531 3173 1608 Melissa;
3225 1538 3627 1621 secundaque
3676 1543 3950 1608 edition6

676 1633 862 1695 etiam
905 1650 1050 1696 cum
1097 1633 1338 1695 Joanne
1384 1628 1660 1709 Stohteo,
1694 1627 1806 1708 qui
1848 1627 2072 1691 eodem
2115 1628 2256 1708 ipso
2291 1627 2652 1708 scriptionis
2687 1647 2942 1709 genere,
2982 1633 3047 1696 in
3091 1642 3168 1698 eo
3215 1636 3765 1719 locupletissimus,
3807 1665 3952 1710 usus

674 1742 862 1797 esset.
913 1738 982 1796 In
1026 1732 1220 1816 priori
1251 1729 1550 1803 editione,
1591 1744 1811 1808 parum
1859 1733 2030 1791 certe
2076 1727 2345 1802 medice,
2385 1730 2566 1807 quasi
2599 1729 2852 1793 lectoris
2902 1733 3179 1797 laborem
3219 1736 3553 1818 levaturus,
3614 1748 3953 1810 sententias

671 1836 945 1910 Maximi,
980 1849 1123 1915 qum
1149 1831 1396 1902 ,etedem
1446 1834 1654 1891 essent
1699 1834 1891 1910 atque
1933 1827 2263 1892 sententias
2313 1825 2576 1891 Melissae
2606 1830 2723 1892 sub
2769 1831 2989 1896 iisdem
3022 1835 3235 1912 titulis,
3274 1855 3495 1903 omnes
3524 1843 3805 1908 obelisco
3835 1864 3954 1909 no-

670 1939 833 1997 tasse
861 1935 966 2008 ait,
1002 1951 1117 1996 seu
1165 1930 1580 2012 expunxisse;
1624 1927 1796 2009 quod
1830 1934 2000 1992 certe
2033 1927 2241 2008 plagio
2271 1927 2426 1992 mihi
2463 1930 2700 2004 simile;
2735 1949 2879 1995 cum
2929 1937 3275 2014 praesertim
3324 1942 3631 2005 Maximus
3681 1947 3954 2010 Antonio

669 2037 905 2110 senior,
940 2044 1000 2098 et
1034 2034 1144 2114 qui
1173 2033 1265 2096 illi
1293 2030 1608 2112 prmiverit
1636 2045 1649 2092 :
1682 2045 1756 2092 ac
1785 2028 1992 2109 palam
2022 2036 2138 2099 est,
2170 2029 2343 2109 quod
2370 2030 2425 2093 is
2447 2032 2633 2094 Joan.
2667 2033 3145 2110 Damascenum,
3180 2039 3473 2105 Photium
3509 2047 3954 2125 patriarcham,

669 2134 1241 2216 Theophylactum,
1279 2131 1572 2195 homines
1619 2128 1709 2192 sic
1762 2135 2070 2203 recentes,
2127 2128 2364 2191 affatim
2421 2130 2602 2205 citat;
2663 2151 2933 2212 quorum
2973 2136 3487 2206 nihilMaximus.
3541 2147 3767 2211 Debuit
3805 2166 3956 2229 ergo

670 2241 941 2312 Maximo
979 2239 1077 2302 sui
1112 2237 1346 2302 laboris
1372 2235 1507 2298 laus
1534 2233 1725 2315 plena
1760 2237 2071 2307 constare,
2105 2249 2236 2295 non
2266 2235 2404 2314 ejus
2431 2250 2659 2313 magna
2688 2252 2854 2316 pars,
2896 2255 3011 2318 per
3040 2257 3349 2306 summam
3383 2245 3676 2326 injuriam
3713 2251 3778 2314 in
3812 2269 3956 2316 eum

671 2325 1019 2417 transferri,
1057 2342 1168 2422 qui
1196 2341 1363 2402 illius
1398 2337 1578 2401 furtis
1606 2335 2002 2418 profecisset.
2037 2335 2168 2398 Alia
2191 2343 2362 2399 certe
2397 2336 2679 2401 ineunda
2712 2339 2810 2402 via
2841 2341 2976 2422 ejus
3023 2341 3274 2409 levandi
3316 2346 3574 2426 laboris,
3617 2361 3687 2415 ut
3717 2353 3962 2420 scilicet

670 2443 1002 2505 amborum
1038 2455 1409 2505 communes
1450 2435 1794 2500 sententias
1821 2451 1960 2497 esse
1987 2440 2134 2497 nota
2164 2434 2376 2515 aliqua
2403 2435 2790 2501 indicaretur
2827 2457 2841 2500 :
2874 2439 2971 2502 vel
3001 2441 3052 2504 si
3083 2444 3261 2524 cujus
3295 2453 3761 2529 expungendus,
3793 2455 3965 2539 illius

670 2541 888 2624 potius
924 2538 1388 2622 expungendaa,
1425 2537 1536 2618 qui
1583 2535 1752 2600 nulla
1797 2535 1912 2598 alia
1963 2554 2078 2598 sua
2122 2535 2426 2600 industria
2475 2546 2779 2619 parasset,
2833 2543 2945 2605 sed
2990 2561 3068 2606 ex
3100 2549 3418 2627 superiori
3467 2554 3735 2634 digesta,
3790 2535 3964 2622 nulla

671 2643 840 2707 illius
878 2643 1087 2716 laude,
1124 2639 1590 2721 exscripsisset;
1627 2636 1800 2717 quod
1842 2636 2075 2699 Grtecis
2114 2637 2303 2702 nimis
2351 2637 2683 2703 familiare.
2727 2644 2965 2715 Quanta
3016 2663 3167 2710 vero
3211 2647 3360 2714 hinc
3412 2654 3684 2718 Maximo
3731 2659 3962 2730 ablata,

672 2745 812 2826 ipse
845 2744 1118 2824 primum
1155 2759 1364 2806 nonus
1401 2755 1608 2803 sermo
1637 2743 1965 2810 monstrat,
1997 2755 2033 2799 a
2063 2755 2191 2818 quo
2239 2739 2469 2820 incipit
2510 2757 2628 2803 ms.
2668 2743 2926 2804 Maximi
2972 2747 3198 2822 codex,
3244 2749 3401 2813 mihi
3447 2751 3902 2822 humanissime
3929 2767 3966 2815 a

671 2845 753 2908 cl.
786 2845 858 2905 V.
889 2843 1164 2924 ipsoque
1194 2839 1445 2902 erudito
1485 2839 1556 2898 D.
1588 2837 1668 2900 de
1699 2835 2064 2899 Ballesdens
2099 2837 2430 2900 sacerdote
2469 2839 2929 2920 Suppeditatus,
2975 2845 3029 2908 si
3063 2847 3218 2926 quid
3256 2848 3406 2913 inde
3454 2853 3520 2916 in
3552 2872 3686 2918 rem
3721 2857 3965 2922 littera-

671 2946 829 3011 riam
876 2962 912 3007 a
950 2959 1051 3006 me
1083 2947 1298 3023 posset
1343 2936 1632 3019 produci,
1683 2953 1823 2998 cum
1875 2935 2247 2998 oblitteratis
2296 2937 2477 3002 initio
2533 2939 2787 3020 ﬁneque
2833 2941 2998 3018 libri,
3042 2953 3270 3012 neuter
3320 2960 3527 3015 certus
3584 2966 3772 3034 esset,
3825 2979 3968 3026 eam

670 3045 921 3110 Maximi
951 3042 1455 3108 lucubrationem
1484 3039 1596 3101 illo
1624 3035 1962 3101 contineri.
1990 3038 2246 3100 Factum
2277 3037 2384 3100 illo
2415 3040 2638 3120 partim
2672 3042 2820 3103 satis
2848 3044 3005 3107 meis
3033 3046 3213 3122 votis,
3251 3066 3332 3111 ne
3363 3068 3486 3114 una
3509 3054 3776 3119 Gesner;
3812 3061 3941 3123 ﬁde

672 3147 763 3208 sic
815 3143 1115 3238 sublesta,
1164 3138 1412 3202 Maximi
1469 3153 1631 3216 Opus
1677 3133 1799 3197 hoc
1853 3133 2197 3238 vulgarem,
2257 3135 2336 3196 ad
2377 3136 2547 3215 quod
2583 3137 2754 3201 aliud
2807 3141 2963 3203 nihil
3002 3147 3273 3208 subsidii
3333 3159 3522 3225 esset,
3571 3171 3643 3217 ac
3692 3176 3822 3238 quo
3854 3129 3969 3225 sua

672 3247 940 3310 Maximo
978 3223 1379 3324 reponerem.
1416 3241 1568 3301 Nam
1600 3240 1918 3300 Gesnerus
1955 3236 2154 3300 altera
2190 3254 2305 3298 sua
2337 3238 2638 3314 editione,
2673 3249 2736 3304 et
2771 3261 2895 3323 qua
2930 3262 2965 3308 e
2998 3247 3260 3326 regione
3289 3252 3506 3316 Graeca
3550 3223 3783 3322 Latin‘is
3812 3280 3970 3327 οοη-

665 3353 887 3444 juncta
916 3347 982 3408 in
1029 3345 1281 3406 Stoban
1313 3345 1746 3444 reprmsentat,
1777 3337 1869 3401 sic
1899 3335 2123 3444 miscet
2150 3338 2395 3444 omnia,
2419 3347 2506 3444 ut
2535 3341 2692 3444 quid
2744 3346 3058 3427 cujusque
3111 3350 3214 3426 sit,
3264 3354 3517 3417 Maximi
3564 3375 3644 3421 an
3677 3365 3967 3438 Antonii,

674 3433 864 3510 nemo
897 3444 1082 3525 plane
1107 3439 1437 3518 intelligat.
1471 3436 1713 3510 Ribitti,
1747 3452 1941 3515 quam
1979 3433 2210 3508 laudat,
2237 3439 2466 3512 versio,
2492 3440 2625 3520 ipsa
2658 3442 2954 3508 distincte
2987 3447 3248 3526 habens,
3273 3469 3418 3533 quae
3445 3468 3654 3523 essent
3684 3433 3969 3544 Maximi,

673 3565 784 3611 sua
821 3542 1201 3608 obscuritate
1234 3539 1323 3601 sic
1373 3554 1537 3620 pene
1567 3536 1839 3609 evanuit,
1873 3542 1941 3597 ut
1978 3552 2096 3599 nec
2138 3537 2413 3600 nancisci
2447 3539 2718 3605 licuerit.
2758 3545 2908 3608 Mihi
2953 3556 3125 3614 certe
3158 3567 3231 3614 ea
3272 3561 3448 3635 parte
3485 3558 3766 3626 Theseus
3807 3536 3969 3643 (non

675 3666 800 3729 qua
830 3646 949 3708 sibi
982 3643 1258 3706 venditat
1285 3639 1623 3716 Gesnerus)
1658 3646 1726 3700 ut
1755 3639 1832 3701 ab
1864 3639 1998 3718 ejus
2033 3639 2236 3720 ipsius
2284 3643 2677 3711 confusionis
2707 3647 3069 3730 labyrintho
3105 3671 3206 3716 me
3235 3657 3374 3743 ipse
3404 3639 3968 3744 expediremrnon

675 3756 744 3812 ut
773 3762 1066 3825 magnum
1098 3742 1338 3826 aliquid
1370 3759 1448 3805 ex
1484 3743 1618 3823 ejus
1647 3743 1938 3808 versione
1976 3745 2320 3810 reddendis
2346 3749 2598 3814 Maximi
2645 3758 2978 3819 sententiis
2993 3759 3271 3838 juvarer.
3315 3742 3612 3832 Causatur
3639 3742 3966 3840 Gesnerus

677 3869 793 3917 nec
828 3867 1008 3912 suam
1049 3865 1167 3912 nec
1205 3845 1422 3912 Ribitti
1459 3847 1814 3914 versionem
1854 3848 2196 3915 admodum
2224 3849 2543 3928 elegantes
2580 3871 2740 3930 esse,
2779 3860 2946 3939 quod
2988 3861 3123 3927 fere
3167 3868 3486 3946 pendente
3516 3873 3696 3953 prelo
3737 3877 3966 3941 reddi-

673 3958 859 4030 derit,
887 3954 1189 4036 quodque
1209 3951 1331 4034 ipsi
1351 3960 1639 4016 auctores
1667 3951 1831 4015 haud
1855 3971 1996 4016 raro
2028 3970 2154 4017 non
2175 3955 2441 4018 multum
2469 3959 2789 4038 elegantes
2815 3963 2960 4028 sint.
2993 3968 3168 4045 Mihi,
3202 3951 3612 4055 quidquid'sit
3629 3979 3706 4042 de
3737 3989 3965 4046 aucto-

679 4077 818 4127 rum
846 4059 1155 4139 elegantia
1179 4057 1393 4140 (quam
1420 4057 1512 4121 sic
1529 4058 1804 4138 antiquis
1833 4057 2175 4161 theologis,
2203 4059 3030 4147 philosOphis,|oratoribus,
3058 4071 3504 4156 litteratorum,
3534 4089 3596 4145 et
3613 4091 3969 4161 λογιωτάτων

673 4172 885 4245 ἀνδρῶν
913 4162 1090 4225 omni
1115 4160 1358 4236 censui,
1390 4159 1606 4223 nescio
1645 4177 1775 4240 quo
1819 4168 2005 4238 gustu
2059 4159 2330 4237 abdicet,
2371 4169 2435 4226 et
2471 4182 2552 4226 an
2594 4183 2750 4229 sano
2789 4171 2939 4266 satis
2971 4173 3200 4253 capite,
3252 4177 3408 4239 nihil
3453 4179 3592 4261 ipse
3625 4159 3969 4266 theologus

676 4277 1127 4343 summumque
1155 4261 1602 4340 grammaticus
1621 4261 1968 4323 Germanus
1994 4269 2304 4342 ἐτερόδοξος
2332 4265 2638 4348 medicus)
2663 4271 2863 4349 magis
2885 4263 3268 4340 arcessenda
3301 4280 3477 4355 fides,
3502 4301 3644 4363 quas
3664 4303 3789 4347 una
3815 4261 3972 4367 pro-

676 4365 830 4426 bnm
869 4365 1280 4444 interpretem
1306 4363 1629 4442 insigniat,
1653 4362 1750 4424 vel
1782 4362 1833 4425 si
1859 4363 2089 4426 minori
2116 4363 2485 4470 eloquentia
2509 4372 2833 4470 nectentis
2854 4372 3196 4439 luminibus
3233 4378 3376 4441 aliis
3404 4362 3572 4445 dicta
3593 4362 3970 4467 scriptaque

682 4464 943 4528 reddere
972 4461 1193 4527 valeat.
1223 4461 1408 4526 Tituli
1439 4468 1897 4540 auetorumque
1929 4462 2208 4536 nomina,
2238 4461 2414 4542 quod
2463 4461 2659 4528 minio
2707 4469 2939 4550 scripta
2968 4483 3172 4550 erant,
3201 4477 3533 4557 complura
3564 4479 3690 4559 legi
3724 4461 3967 4563 nequi-

681 4571 924 4637 verunt,
959 4580 1107 4627 cum
1139 4561 1464 4627 sententia)
1493 4562 1648 4643 ipsas
1674 4569 2022 4626 atramento
2053 4562 2596 4645 scriptae,parum
2639 4577 2749 4632 aut
2794 4571 2952 4632 nihil
2991 4572 3374 4651 laborarent,
3403 4578 3470 4641 in
3498 4578 3776 4655 laudato,
3817 4561 3971 4664 ipso

678 4666 938 4746 antiquo
965 4663 1336 4743 eruditaque
1361 4681 1553 4726 manu
1577 4672 1830 4728 exarato
1858 4663 2118 4738 codice;
2153 4682 2231 4727 ex
2261 4663 2438 4745 cujus
2466 4684 2632 4747 pene
2666 4687 2912 4747 norma,
2944 4675 3009 4738 in
3042 4677 3267 4755 primis
3296 4696 3553 4760 quoque
3582 4690 3728 4745 octo
3757 4663 3972 4747 titulis

678 4784 751 4831 ac
784 4764 1124 4845 capitibus,
1157 4780 1361 4846 pauca
1386 4763 1677 4845 quaedam
1709 4781 1786 4828 ex
1823 4763 2068 4827 Melissa
2102 4764 2286 4829 libuit
2333 4773 2645 4846 repetere,
2678 4781 2740 4835 et
2785 4791 2927 4853 qua)
2965 4777 3163 4854 magis
3207 4779 3342 4840 visa
3370 4788 3520 4844 sunt
3571 4797 3647 4843 ex
3702 4785 3970 4848 Maximi

678 4884 860 4942 vena,
892 4882 974 4929 ne
1004 4867 1144 4946 ipse
1169 4867 1236 4929 in
1263 4865 1410 4942 illis,
1443 4867 1761 4948 explicato
1789 4867 1922 4948 jam
1949 4866 2118 4930 furto
2148 4884 2265 4929 seu
2300 4867 2539 4949 plagio,
2571 4873 2854 4954 jejunior
2898 4877 3124 4941 abiret.
3161 4880 3274 4953 Qui
3308 4880 3512 4956 locos,
3564 4883 3662 4945 sin
3711 4900 3967 4959 omnes,

681 4973 744 5028 at
777 4967 938 5028 bene
967 4963 1220 5039 multos,
1259 4965 1327 5026 in
1371 4967 1579 5028 fontes
1609 4967 1958 5041 reduceret,
1990 4966 2045 5028 is
2074 4983 2226 5030 vero
2257 4985 2523 5049 magnus
2551 4982 2739 5050 esset,
2775 4993 3202 5059 magnumque
3233 4979 3474 5061 aliquid
3512 4983 3578 5044 in
3618 4999 3752 5046 rem
3784 4984 3968 5049 litte-

682 5066 907 5128 rariam
945 5065 1281 5128 conferret.
1317 5068 1470 5130 Eam
1519 5076 1728 5130 tamen
1757 5068 1895 5148 ipse
1931 5069 2328 5147 provinciam
2356 5073 2511 5137 mihi
2543 5093 2673 5139 non
2701 5076 2993 5158 impono;
3029 5081 3131 5143 cui
3162 5082 3376 5144 nescio
3423 5099 3503 5145 an
3534 5085 3610 5144 R.
3644 5085 3713 5144 Ρ.
3743 5087 3825 5147 M.
3859 5087 3972 5149 Fr.

683 5166 920 5229 Nicolai
965 5169 1166 5231 nostri
1210 5168 1457 5232 humeri
1503 5168 1882 5242 sufﬁcerent,
1916 5172 2028 5249 qui
2059 5176 2270 5236 tantus
2319 5189 2396 5237 eo
2434 5193 2666 5254 genere
2707 5181 2773 5242 in
2808 5189 3027 5245 sancto
3063 5181 3305 5246 Thoma
3354 5184 3552 5246 videri
3606 5183 3838 5260 voluit;
3899 5187 3968 5250 in

681 5282 812 5345 quo
846 5266 1056 5328 tamen
1090 5283 1190 5329 res
1224 5267 1576 5346 expeditior
1609 5266 1747 5340 fuit,
1783 5283 1897 5328 nec
1931 5267 2071 5346 ipsa
2101 5284 2356 5348 prorsus
2390 5283 2448 5335 ὲν
2480 5285 2785 5356 ἀδυνάτοις,
2826 5297 2970 5342 cum
3014 5281 3149 5345 fere
3190 5289 3438 5347 exstent
3487 5291 3550 5348 et
3591 5285 3669 5348 ad
3699 5303 3966 5350 manum

681 5365 830 5438 sint,
862 5381 1024 5443 quos
1063 5371 1352 5429 auctores
1387 5367 1592 5428 citavit
1621 5374 1875 5428 sanctus
1900 5367 2196 5443 Thomas,
2229 5380 2291 5433 et
2319 5391 2591 5452 quorum
2625 5397 2775 5444 usus
2808 5381 3162 5470 laboribus;
3193 5401 3486 5465 magnam
3521 5403 3671 5452 vero
3709 5396 3964 5470 partem

686 5464 1144 5544 desiderentur,
1175 5485 1446 5550 quorum
1475 5470 1816 5532 sententias
1844 5474 2156 5553 excerpsit
2182 5476 2507 5542 Maximus.
