4216 6438
257 344 361 407 725

251 560 340 596 ται
367 549 560 601 ποιεῖν.

324 635 535 707 Ὠσπερ
562 638 623 691 τὸ
664 639 765 730 τῆς
793 640 939 730 ζωῆς
966 644 1117 708 τέλος
1160 649 1302 720 ἀρχὴ
1362 651 1591 710 θανάτου
1641 659 1789 713 ἐστὶν
1815 702 1829 725 ,

249 725 422 823 οὕτως
471 731 565 781 καὶ¹
608 728 702 823 τοῦ
732 733 851 784 κατ’
880 725 1083 807 ἀρετὴν
1123 739 1324 810 δρόμου
1370 745 1403 815 ἠ
1438 747 1645 815 στάσις,
1687 753 1831 823 ἁρχὴ

248 816 342 867 τοῦ
371 819 512 871 κατὰ
541 820 739 875 κακίαν
760 823 970 891 γίνεται
1001 827 1226 899 δρόμου.

320 911 767 966 Δυσεπίτευκτονη
809 916 910 984 μὲν
975 914 1113 972 εἶναι
1164 923 1264 991 τὴν
1312 925 1551 997 ἀρετὴν,
1619 932 1831 1000 μυρίοις

252 998 440 1068 ἱδρῶσι
495 1003 589 1055 καλ⁵
618 1004 797 1069 πόνοις
832 1009 1034 1079 σπουδῇ
1084 1013 1179 1064 καὶ
1216 1017 1450 1087 καμάτῳ
1494 998 1656 1087 μόγις
1697 998 1829 1075 κατ-

250 1089 621 1161 ορθουμένην,
670 1096 821 1165 παρά
850 1099 949 1168 τῆς
1004 1100 1156 1165 θείας
1193 1104 1413 1177 Γραφῆς
1455 1107 1831 1180 ἐδιδάχθημεν.

318 1271 620 1337 Χρυσοστ.
664 1275 824 1328 -Εί
878 1276 976 1347 γάρ
1023 1279 1130 1333 τῶν
1171 1280 1268 1336 ἐπὶ
1312 1283 1416 1353 γῆς
1464 1286 1766 1357 ἀνθρώπων
1805 1290 1834 1342 ό

251 1360 607 1430 παραϐαίνων
622 1364 745 1427 τοὺς
764 1365 983 1435 νόμους,
1014 1370 1386 1442 ἀπαραίτητον
1411 1376 1702 1443 ὑφίσταται
1732 1380 1833 1448 τὴν

250 1452 474 1507 κόλασιν
498 1471 512 1485 ’
548 1457 702 1528 πόσῳ
761 1459 963 1529 μᾶλλον
1008 1462 1303 1534 ἀφορήτοις
1343 1468 1693 1539 ἐκδοθήσεται
1740 1472 1834 1542 βα-

250 1544 461 1609 σάνοις,
532 1550 561 1600 ὁ
618 1549 713 1602 τοῦ
770 1553 1096 1623 ἐπουρανίου
1150 1556 1422 1611 Δεσπότου
1502 1561 1709 1615 ἀθετῶν
1764 1564 1835 1617 τά

250 1639 649 1708 προστάγματα
666 1658 682 1707 ;

321 1729 533 1800 Ὠσπερ
601 1732 695 1785 ἐπὶ
742 1734 841 1803 τῆς
879 1733 1112 1806 κιθάρας
1164 1737 1263 1790 οὑκ
1315 1742 1478 1809 ἀρκεῖ
1528 1741 1688 1808 μόνον
1738 1742 1832 1795 ἐπὶ

1548 372 1715 433 LOCI
1759 377 2079 440 COMMUN
2089 384 2193 443 ES.

255 454 450 516 πόνους
471 456 781 525 φεύγοντες,
804 460 893 514 δια
922 462 1022 533 τὴν
1045 464 1104 532 ἐξ
1126 466 1304 523 αὐτῶν
1329 471 1830 551 εὑφημίαναίροῦν-
1861 495 1905 551 Α

1934 499 2138 560 Spualll
2163 490 2425 557 virtutes,
2448 492 2690 550 nominis
2721 496 2997 563 claritate,
3035 516 3201 572 quam
3226 518 3507 579 praestant,

1932 578 2001 632 ad
2034 593 2129 631 eas
2173 579 2433 637 colendas
2457 584 2701 640 animum
2726 592 3164 647 accommodant.

2003 670 2478 736 Quemadmodum
2522 679 2649 733 vita:
2683 678 2829 744 ﬁnis,
2878 683 3075 739 mortis
3137 686 3355 743 initium
3384 700 3508 758 est;

1934 763 2015 817 sic
2051 773 2107 818 et
2137 765 2364 820 virtutis
2394 782 2559 824 cursu
2591 770 2815 829 inducta
2861 775 3042 843 quies,
3070 779 3190 833 vitii
3220 795 3422 839 cursus
3447 800 3513 841 ac

1935 857 2231 922 pravitatis
2267 857 2553 914 inchoatio
2586 872 2690 917 est.

2007 946 2277 1003 Virtutem
2316 966 2433 1006 rem
2487 963 2682 1022 paratu
2750 956 3028 1013 diﬁicilem
3078 976 3147 1016 ex
3206 962 3512 1034 Scripturis

1933 1038 2104 1092 sacris
2128 1038 2461 1109 didicimus,
2516 1060 2681 1114 quam
2736 1047 3047 1107 innumeris
3108 1054 3414 1111 sudoribus
3447 1072 3511 1113 ac

1934 1127 2220 1185 laboribus
2248 1171 2263 1195 ,
2315 1133 2714 1205 diligentiaque
2763 1152 2827 1193 ac
2880 1139 3277 1212 defatigatione
3303 1183 3320 1211 ,
3358 1147 3511 1202 omni

1932 1218 2172 1288 denique
2198 1233 2397 1277 conatu
2433 1226 2736 1282 obnitendo
2767 1243 2911 1298 aegre
2944 1232 3193 1300 impleas.

2002 1309 2269 1380 Chrysost.
2292 1342 2362 1351 —
2386 1314 2599 1384 Siquis
2636 1327 2987 1375 terrenorum
3038 1323 3327 1379 hominum
3360 1326 3517 1397 leges

1935 1404 2358 1472 transgreditur,
2386 1419 2497 1460 non
2530 1407 2757 1477 eﬁ'ugiet
2783 1412 2919 1479 quin
2962 1426 3180 1481 poenam
3214 1416 3505 1483 sustineat;

1932 1499 2142 1556 quanto
2178 1493 2353 1562 magis
2376 1494 2825 1555 intolerabilibus
2875 1501 3180 1556 tradendus
3218 1504 3509 1573 suppliciis

1933 1590 2039 1646 est,
2068 1584 2161 1650 qui
2193 1585 2460 1640 caelorum
2492 1587 2712 1643 Domini
2742 1600 3016 1662 praecepta
3051 1594 3379 1650 violaverit?

2004 1760 2165 1813 Velut
2195 1761 2251 1814 in
2280 1762 2512 1829 cithara,
2535 1764 2685 1820 haud
2723 1766 2859 1822 satis
2885 1776 2972 1823 est
3000 1776 3061 1823 ut
3086 1768 3141 1823 in
3183 1783 3292 1823 una
3325 1767 3527 1824 solum

251 1822 384 1887 μιᾶς
415 1823 612 1893 νευρᾶς
643 1825 744 1895 τὴν
775 1825 1041 1896 μελῳδίαν
1069 1826 1419 1899 ἐργάζεσθαι,
1473 1832 1607 1887 ἀλλά
1652 1834 1831 1897 πάσας

1935 1850 2146 1906 chorda
2175 1862 2508 1909 concentum
2536 1856 2688 1919 edas,
2724 1858 2821 1912 sed
2868 1874 3063 1915 omnes
3108 1874 3403 1915 numerose
3424 1868 3507 1913 at—

246 1911 463 1965 ἐπιέναι
487 1913 569 1966 δεῖ
602 1916 739 1984 μετὰ
774 1917 982 1987 ῥυθμοῦ
999 1918 1093 1971 τοῦ
1128 1920 1519 1991 προσήκοντος,
1563 1925 1705 1979 οὕτω
1736 1926 1829 1979 καὶ

247 2005 344 2056 ἐπὶ
398 2004 498 2073 τῆς
558 2007 700 2059 κατά
752 2009 851 2078 τὴν
895 2009 1072 2079 ψυχὴν
1101 2011 1323 2084 ἀρετῆς,
1376 2016 1471 2067 οὑκ
1507 2017 1667 2085 ἀρκεῖ
1698 2020 1829 2087 ἡμῖν

247 2093 414 2164 νόμος
448 2095 527 2159 εἰς
550 2098 823 2167 σωτηρίαν
851 2095 952 2165 εἷς,
982 2100 1118 2156 ἀλλὰ
1144 2102 1224 2156 δεῖ
1245 2105 1451 2169 πάντας
1480 2107 1677 2171 αὑτοὺς
1691 2109 1829 2177 μετά

244 2186 535 2254 ἀκριϐείας
565 2189 877 2255 φυλάττειν.

320 2277 413 2346 Μὴ
446 2278 625 2332 τοίνυν
683 2280 954 2353 λέγωμεν,
980 2285 1062 2338 ὃτι
1086 2286 1116 2338 ὁ
1143 2285 1294 2340 δεῖνα
1328 2287 1487 2356 φύσει
1517 2288 1707 2354 κακὸς,
1735 2290 1828 2343 καὶ

242 2371 276 2422 ό
298 2370 443 2424 δεῖνα
465 2372 622 2439 φύσει
651 2374 832 2438 καλός.
877 2375 940 2429 Ei
971 2376 1081 2447 γάρ
1120 2376 1281 2447 φύσει
1309 2378 1532 2446 ἀγαθὸς,
1568 2379 1827 2434 οὐδέποτε

242 2460 538 2531 δυνήσεται
588 2466 842 2531 γενέσθαι
891 2468 1063 2531 κακός
1106 2483 1119 2498 ⁸
1176 2469 1272 2522 καὶ
1329 2471 1378 2521 εί
1426 2470 1584 2538 φύσει
1636 2474 1827 2539 κακὸς,

244 2552 502 2605 οὐδέποτε
530 2556 815 2625 γενήσεται
845 2557 1066 2625 ἀγαθός.

320 2646 434 2714 uox
461 2647 720 2715 ὑπομένει
752 2648 815 2702 τὸ
836 2650 1028 2714 σκότος
1053 2650 1153 2721 τὴν
1171 2651 1264 2705 τοῦ
1293 2653 1472 2722 φωτὸς
1490 2654 1794 2724 παρουσίαν
1810 2672 1824 2685 θ

242 2737 310 2788 οὑ
338 2738 490 2800 νόσος
514 2739 700 2807 ὑγείας
730 2741 1099 2813 ὲπιλαδούσης
1127 2744 1343 2798 ἵσταται
1366 2760 1380 2774 ·
1405 2744 1506 2798 οὑκ
1529 2745 1742 2819 ὲνεργεῖ
1761 2747 1827 2800 τά

246 2828 397 2898 πάθη
430 2830 528 2899 τῆς
555 2832 824 2900 ἀπαθείας
849 2833 1155 2904 παρούσης.

329 3006 650 3079 Ἐλευθέραν
706 3005 846 3063 εἶναι
904 3012 1172 3083 προσήκει
1228 3015 1430 3078 παντὸς
1512 3017 1678 3085 φόϐου
1728 3018 1825 3089 τὴν

242 3098 466 3169 ἀρετήν.
511 3100 828 3155 Ἀδέσποτον
851 3101 960 3173 γάρ
991 3104 1164 3175 ἀρετὴ
1190 3105 1283 3158 καί
1325 3105 1590 3173 ἑκούσιον,
1621 3110 1822 3173 παντὸς

242 3192 414 3261 φόϐου
447 3194 541 3245 καὶ
572 3192 823 3264 ἀνάγκης
853 3194 1159 3266 ἐλεύθερον.

312 3287 429 3339 υὺκ
455 3285 601 3339 ἔστιν
625 3287 791 3356 ἄλλην
824 3287 1024 3351 κακίας
1052 3287 1308 3359 γέννησιν
1338 3291 1663 3362 ὲννοῇσαι,ἢ
1694 3293 1822 3361 ἀρε-

240 3378 342 3447 τῆς
368 3377 661 3431 ἀπουσίαν.

310 3467 688 3533 Φίλωνοᾳ-
726 3468 833 3523 Τοῦ
862 3469 1068 3538 φαύλου
1114 3469 1281 3542 ἔτερα
1319 3471 1420 3541 μὲν
1457 3472 1529 3526 τά
1569 3472 1817 3545 ὲνθύμια,

240 3560 407 3631 ἕτερα
435 3563 493 3616 δὲ
534 3563 600 3616 τά
628 3564 869 3634 ῥήματα,
900 3563 1058 3617 άλλαι
1087 3564 1144 3616 δὲ
1189 3565 1248 3617 αἱ
1292 3565 1519 3635 πράξεις
1543 3582 1558 3598 ο
1588 3567 1821 3638 διάφορα

240 3653 299 3707 δὲ
323 3655 501 3708 πάντα
531 3656 625 3709 καὶ
657 3657 961 3726 μαχόμενα.

315 3747 529 3810 Κακίας
561 3746 741 3813 ἔξοδος
784 3747 988 3819 ἀρετῆς
1021 3747 1229 3802 εἴσοδον
1258 3750 1551 3820 ἐργάζεται
1584 3768 1598 3782 ο
1619 3752 1694 3816 ὡς
1727 3754 1821 3806 καὶ

240 3838 575 3902 τούναντίον,
605 3840 977 3903 ὑπεκστάντος
1002 3839 1212 3908 ἀγαθοῦ
1237 3840 1298 3894 τὸ
1333 3842 1623 3914 ἐφεδρεῦον
1653 3845 1820 3898 κακὸν

243 3930 643 4001 ἐπεισέρχεται.

309 4023 673 4091 Κλήμεντος.
718 4054 784 4066 -
826 4023 890 4077 Ἦ
934 4023 1045 4077 τῶν
1080 4022 1270 4077 κακῶν
1302 4024 1592 4097 ἀπαλλαγὴ
1641 4045 1817 4099 σωτη-

242 4113 367 4184 ρίας
396 4115 546 4167 ἐστὶν
569 4116 735 4187 ἀρχή.

322 4209 411 4270 Ὠς
461 4194 662 4274 ἔοικεν,
715 4210 748 4280 ἠ
799 4209 1115 4283 δικαιοσύνη
1144 4214 1489 4285 τετράγωνός
1518 4215 1684 4278 ἐστιν,
1726 4213 1815 4283 ἴση

237 4299 337 4352 καὶ
379 4300 542 4369 ὁμοία
576 4301 635 4353 ἐν
686 4301 849 4373 λόγῳ,
892 4304 952 4357 ἐν
1006 4306 1177 4378 ἔργῳ,
1216 4309 1277 4360 ὲν
1300 4307 1478 4376 ἀποχῇ
1513 4307 1717 4367 κακῶν,
1758 4307 1815 4358 ὲν

235 4388 481 4460 εὐποιία,
525 4390 585 4443 ὲν
607 4390 904 4463 τελειότητι
947 4399 1223 4467 γνωστικῇ
1256 4413 1270 4427 ο
1318 4395 1530 4466 οὐδαμῆ
1566 4394 1813 4464 οὐδαμῶς

236 4481 579 4553 χωλεύουσα.
603 4484 691 4537 ἵνα
722 4484 799 4555 μὴ
822 4484 1007 4551 ἄδικος
1036 4488 1132 4542 καὶ
1158 4488 1341 4551 άνισος
1380 4490 1542 4558 φανῇ.

302 4662 581 4732 Διδύμου.
616 4694 683 4705 —
712 4663 1056 4735 Σχηματίζου
1106 4666 1206 4736 τὴν
1264 4666 1486 4737 ἀρετὴν,
1526 4668 1625 4735 οὑχ
1670 4682 1815 4728 οπως

234 4754 547 4824 ἀπατήσῃς,
579 4753 695 4807 ἀλλ’
723 4755 874 4818 ὅπως
895 4754 1207 4825 ὡφελήσῃς.

307 4846 596 4902 Βασιλείαν
616 4844 752 4899 Θεοῦ
782 4846 1004 4899 λεκτέον
1032 4847 1130 4916 τὴν
1157 4848 1491 4902 κατάστασιν
1533 4849 1642 4901 τῶν
1678 4849 1817 4903 κατά

233 4941 360 5003 τοὺς
398 4938 573 5003 θείους
594 4938 793 5009 νόμους
813 4938 1161 5009 τεταγμένως
1196 4938 1472 5009 βιούντων.

297 5122 460 5176 Πᾶσα
498 5119 784 5191 πρακτικὴ
811 5119 982 5191 ἀρετὴ
1003 5121 1062 5174 ἐν
1097 5118 1177 5189 τῷ
1203 5117 1473 5187 γίνεσθαι,
1508 5120 1601 5173 καὶ
1638 5120 1736 5172 οὐκ
1759 5120 1817 5172 ἐν

230 5215 311 5287 τῷ
328 5215 634 5285 γεγονέναι,
672 5214 735 5267 τὸ
761 5210 900 5269 εἶναι
922 5214 1055 5285 ἔχει.

300 5308 548 5364 Νείλου.
577 5337 647 5348 -
684 5306 856 5377 Χαῖρε
912 5306 1011 5378 τὴν
1048 5307 1251 5379 ἀρετὴν
1292 5306 1453 5378 ἡνίκα
1516 5307 1811 5377 πράττεις·

230 5402 373 5457 ἀλλά
400 5401 478 5472 μὴ
501 5399 752 5471 ἐπαίρου,
787 5398 861 5469 μή
891 5415 1021 5452 ποτε
1050 5400 1111 5454 τὸ
1141 5400 1402 5469 ναυάγιον
1432 5402 1489 5454 ὲν
1530 5399 1609 5467 τῷ
1637 5399 1815 5467 λιμένι

231 5494 481 5566 γίνηται.
1176 5573 1179 5575 _

302 5585 629 5654 Κυρίλλου.
660 5616 729 5626 -
756 5586 877 5657 Χρὴ
908 5585 1006 5657 τὴν
1062 5584 1265 5656 ἀρετὴν
1300 5584 1375 5655 μὴ
1412 5581 1667 5653 χωλεύειν
1690 5583 1813 5635 καθ’

233 5678 515 5750 ἑκάτερον,
551 5678 666 5732 ἀλλ’
690 5678 835 5750 ἔργῳ
866 5678 960 5733 καὶ
987 5677 1129 5749 λόγῳ
1150 5676 1314 5749 ὀρθὴν
1342 5679 1433 5731 καὶ
1469 5676 1813 5747 ἀπηρτισμέ-

235 5786 334 5843 νην
363 5772 485 5824 κατ’
518 5771 805 5843 ἀμφότερα
846 5766 1006 5827 εἶναι.

1929 1956 2037 2008 que
2073 1942 2343 1997 decenter
2372 1946 2767 2012 percurreudae
2796 1954 2962 2002 sunt:
3013 1949 3097 2004 sic
3129 1958 3187 2003 et
3237 1948 3307 2003 ad
3336 1947 3507 2002 animi

1926 2032 2209 2098 virtutem,
2248 2046 2308 2091 ut
2360 2038 2595 2091 salutem
2653 2054 3081 2109 consequamur,
3106 2056 3218 2095 non
3253 2055 3364 2094 una
3417 2040 3517 2094 lex.

1928 2123 2152 2189 suilicit,
2172 2126 2269 2181 sed
2308 2141 2539 2183 necesse
2584 2135 2672 2183 est
2720 2138 2781 2182 ut
2831 2145 2927 2185 eas
2957 2144 3152 2186 omnes
3183 2137 3376 2185 exacte
3402 2126 3506 2181 oh-

1928 2231 2231 2272 servemus.

1997 2308 2077 2362 Ne
2104 2309 2274 2379 igitur
2298 2310 2582 2368 dicamus:
2615 2311 2774 2367 Hunc
2816 2322 3014 2368 natura
3049 2315 3281 2381 bonum,
3321 2319 3509 2376 illum-

1925 2415 2033 2469 que
2062 2410 2260 2455 natura
2291 2404 2514 2458 malum.
2536 2403 2593 2459 Si
2623 2404 2773 2459 enim
2799 2412 2995 2459 natura
3022 2405 3204 2461 bonus
3233 2417 3507 2477 est,nun-

1926 2507 2089 2562 quam
2146 2496 2325 2549 malus
2362 2495 2480 2550 ﬁeri
2522 2497 2776 2566 poterit;
2826 2503 2902 2561 et,
2941 2496 2989 2550 si
3050 2506 3249 2555 natura
3302 2502 3501 2566 malus,

1927 2596 2210 2651 nunquam
2239 2584 2333 2638 ﬁet
2362 2585 2562 2641 bonus.

1996 2674 2117 2728 Non
2146 2676 2425 2731 sustinent
2470 2677 2716 2733 tenebrae
2749 2679 2892 2734 lueis
2943 2679 3337 2749 praesentiam;
3392 2695 3504 2735 non

1927 2766 2157 2821 morbus
2182 2768 2459 2833 consistit,
2489 2768 2584 2823 ubi
2615 2769 2824 2824 sanitas
2853 2770 3078 2824 advenit
3117 2787 3132 2824 :
3176 2786 3288 2827 non
3315 2771 3520 2841 vigent.

1924 2856 2159 2912 aﬁectus
2179 2874 2245 2913 ac
2270 2860 2745 2928 perturbationes,
2776 2876 2903 2915 cum
2940 2861 3053 2915 illis
3092 2860 3323 2926 sedatis,
3355 2870 3505 2916 tran-

1926 2948 2083 3017 quilli
2107 2952 2232 3018 quis
2261 2951 2433 3005 animi
2461 2952 2713 3008 habitum
2740 2960 2941 3006 nactus
2971 2962 3081 3007 est.

1994 3040 2267 3095 Virtutem
2297 3041 2367 3096 ab
2402 3043 2552 3097 omni
2585 3051 2737 3096 metu
2758 3042 2993 3097 liberam
3043 3057 3167 3097 esse
3217 3043 3500 3101 convenit.

1927 3129 2024 3184 Est
2045 3132 2193 3185 enim
2226 3133 2404 3186 virtus
2429 3133 2545 3202 ipsa
2579 3132 2906 3188 servitutem
2942 3148 3212 3204 respuens
3237 3150 3303 3190 ac
3333 3150 3502 3206 spon-

1930 3230 2112 3282 tanea,
2138 3224 2207 3278 ab
2235 3225 2499 3292 omnique
2530 3232 2678 3279 metu
2713 3232 2773 3279 et
2804 3225 3134 3281 necessitate
3160 3227 3360 3281 soluta.

1993 3313 2152 3367 Nulla
2212 3315 2319 3369 alia
2348 3316 2471 3370 vitii
2522 3316 2679 3387 origo
2724 3316 3027 3387 excogitari
3066 3324 3272 3387 potest,
3333 3333 3501 3388 quam

1924 3404 2147 3459 virtutis
2170 3405 2442 3461 absentia.

1992 3493 2253 3550 Philonis.
2280 3527 2347 3537 —
2370 3497 2611 3567 lmprobi
2667 3497 2913 3553 hominis
2948 3512 3014 3553 ac
3042 3499 3174 3554 mali
3217 3499 3339 3555 alia:
3372 3511 3504 3556 sunt

1921 3587 2307 3655 cogitationes,
2353 3589 2575 3658 aliaque
2617 3589 2811 3655 verba,
2841 3598 3007 3663 atque
3056 3591 3181 3646 aliae
3211 3591 3497 3649 actiones:

1921 3675 2139 3731 diversa
2166 3678 2349 3732 omnia
2380 3694 2444 3733 ac
2470 3681 2793 3750 pugnantia.

1991 3767 2322 3824 Facessente
2359 3770 2517 3835 vitio,
2544 3770 2740 3825 virtuti
2787 3770 3071 3842 ingressus
3097 3771 3253 3841 531
3273 3781 3493 3841 praesta—

1922 3868 2042 3924 tur;
2081 3860 2438 3930 vicissimque
2469 3861 2615 3915 hono
2651 3862 2980 3927 excedente,
3028 3861 3312 3917 insidianti
3351 3864 3493 3918 malo

1920 3950 2170 4019 pervium
2202 3950 2263 4003 ﬁt
2293 3960 2355 4005 ut
2379 3952 2745 4021 ingrediatur.

1991 4040 2370 4098 Clementis.—
2393 4043 2435 4097 A
2472 4044 2633 4099 malis
2660 4043 2913 4109 liberari,
2955 4041 3179 4097 initium
3212 4054 3300 4099 est
3340 4046 3490 4101 salu-

1920 4132 2011 4186 tis.

1984 4224 2208 4280 iustitia
2234 4265 2249 4289 ,
2281 4233 2340 4279 ut
2383 4224 2602 4279 videtur
2624 4263 2640 4287 ,
2680 4223 3059 4295 quadrangula
3105 4234 3215 4291 est,
3253 4241 3354 4296 par
3385 4227 3494 4282 sci-

1918 4315 2050 4369 licet
2072 4324 2237 4384 atque
2270 4316 2470 4372 similis
2497 4316 2552 4369 in
2576 4330 2855 4379 sermone,
2888 4331 3079 4386 opere,
3106 4316 3444 4372 abstinentia
3466 4336 3497 4372 a

1918 4406 2098 4471 malis,
2155 4405 2211 4460 in
2257 4406 2647 4471 beneﬁcentia,
2710 4407 2766 4460 in
2829 4407 3078 4462 scientias
3132 4409 3495 4477 perfectione,

1846 4492 2072 4552 Dnulla
2105 4510 2338 4564 usquam
2401 4494 2616 4549 ratione
2670 4492 3029 4561 claudicans,
3084 4508 3155 4549 ne
3188 4494 3392 4564 injusta
3439 4504 3496 4550 et

1921 4583 2208 4652 inaequalis
2240 4583 2516 4638 videatur.

1989 4675 2310 4747 Didymi.——
2335 4677 2613 4732 Virtutem
2643 4676 2928 4743 simulato,
2959 4691 3071 4733 non
3109 4685 3169 4732 ut
3202 4676 3495 4743 fallas,sed

1920 4778 1981 4823 ut
2002 4768 2202 4837 prosis.

1989 4860 2236 4929 Regnum
2280 4859 2571 4924 caelorum,
2595 4872 2791 4912 eorum
2837 4866 3044 4913 statum
3088 4859 3265 4925 dicas,
3297 4860 3394 4929 qui
3427 4876 3495 4916 ex

1918 4953 2236 5008 divinorum
2292 4952 2475 5021 legum
2521 4951 2837 5005 rationibus
2866 4951 3175 5020 composite
3215 4952 3387 5008 vitam
3412 4952 3497 5007 in-
3606 4992 3609 4995 λ

1917 5045 2176 5098 stituunt.

1983 5132 2117 5198 Qua:
2152 5134 2205 5186 in
2238 5133 2453 5186 actione
2492 5130 2770 5195 consistit,
2794 5132 2971 5186 virtus
3002 5130 3185 5187 omnis
3211 5131 3265 5186 in
3300 5146 3368 5187 eo
3387 5144 3497 5199 est,

1916 5239 1980 5277 ac
2007 5238 2130 5277 esse
2166 5221 2353 5283 habet,
2385 5221 2535 5290 quod
2562 5220 2679 5284 ﬁat,
2709 5236 2819 5275 non
2849 5221 3001 5290 quod
3032 5220 3175 5276 facta
3201 5228 3308 5276 est.

1988 5313 2114 5368 Nili.
2138 5310 2413 5366 —-Gaude
2442 5310 2662 5365 interim
2689 5309 2821 5364 dum
2860 5310 3125 5365 virtutem
3164 5310 3335 5377 colis;
3362 5325 3495 5368 cave

1920 5414 2101 5459 tamen
2132 5403 2321 5457 animo
2368 5401 2653 5456 cxtollaris
2679 5440 2694 5465 ,
2752 5416 2821 5456 ne
2851 5399 2997 5455 fonte
3037 5400 3389 5472 naufragium
3439 5405 3493 5459 in

1918 5504 2081 5566 portu
2119 5495 2340 5549 feceris.

1985 5587 2193 5656 Cyrilli.
2219 5587 2493 5655 —0per-.c
2526 5584 2764 5653 pretium
2806 5584 3067 5639 virtutem
3101 5583 3154 5637 in
3200 5593 3496 5652 utramque

1917 5687 2127 5748 partem
2179 5693 2288 5732 non
2354 5675 2706 5741 claudicare,
2766 5675 2863 5729 sed
2925 5690 3093 5745 Opere
3124 5690 3187 5731 ac
3235 5689 3494 5731 sermone

1919 5775 2148 5835 rectam,
2180 5775 2343 5836 atque
2377 5764 2636 5834 utrinque
2666 5762 2964 5832 perfeaam
3000 5778 3124 5819 esse
