4216 6438
676 390 778 451 727

1833 377 1893 434 S.
1937 372 2222 434 ΜΑΧΙΜΙ
2263 369 2774 432 CONFESSORIS

3835 363 3943 424 798

747 499 937 550 Virtus
964 508 1160 562 aspera
1197 506 1302 551 εει,
1350 489 1636 556 arduaque
1687 487 1756 540 ad
1810 501 1934 540 eam
1967 487 2095 547 via;
2150 499 2293 538 nec;

2428 485 2667 554 Τραχεία
2706 485 2738 552 ἡ
2762 481 2957 552 ἀρετὴ,
2987 481 3080 532 καὶ
3102 479 3276 550 ὀρθῶς
3303 474 3456 547 οἶμος
3479 479 3568 530 ἐπ’
3591 478 3762 547 αὐτήν
3788 493 3802 506 ο
3843 479 3940 530 καὶ

676 587 782 642 nisi
810 587 974 654 longo
1000 583 1187 636 labore
1216 579 1320 633 sibi
1347 594 1469 632 eam
1504 579 1646 631 ullus
1676 578 1970 646 paraverit.

751 678 834 732 Ex
857 675 1126 730 Panibus.
1147 702 1213 711 —
1229 673 1482 737 Quatuor
1503 670 1669 723 rebus
1702 669 1976 738 polluitur
2000 669 2254 720 animus:

680 764 1093 824 obambulando
1159 778 1260 832 per
1313 763 1594 818 civitatem
1634 802 1648 825 ,
1703 775 1806 814 nec
1836 759 2030 813 oculos
2072 767 2259 810 custo-

681 855 916 919 diendo,
958 869 1083 908 cum
1120 852 1449 906 mulieribus
1496 850 1610 903 ullo
1660 864 1886 918 prorsus
1933 846 2097 900 modo
2123 862 2260 899 con-

683 947 1029 1011 suescendo;
1060 946 1332 1000 nobilium
1363 944 1419 995 in
1448 942 1653 996 smnio
1680 940 1979 994 amicitiam
2003 938 2258 999 colendo;

685 1057 747 1094 ac
778 1039 1002 1094 demum
1028 1037 1283 1092 carnales
1312 1049 1648 1102 congressus
1695 1045 1945 1098 vanaque
1986 1028 2262 1097 colloquia

682 1129 986 1199 diligendo.

761 1222 1365 1289 Plutarchi.—lgn0t:e
1398 1219 1640 1279 virtutis,
1677 1215 1822 1269 haud
1851 1229 2015 1269 secus
2043 1227 2108 1266 ac
2142 1211 2262 1266 auri

685 1315 892 1370 defessi
930 1311 1194 1383 splendor
1231 1327 1344 1364 non
1370 1310 1611 1363 videtur.

757 1489 851 1545 Uti
884 1488 954 1542 iis
986 1487 1082 1557 qui
1108 1485 1402 1541 laboribus
1425 1497 1630 1552 corpus
1663 1489 1943 1544 exercent,
1969 1479 2128 1533 cibus
2151 1482 2266 1544 ;sic

685 1591 744 1637 et
769 1581 950 1634 virtus
1008 1578 1118 1642 bis,
1154 1577 1250 1646 qui
1278 1576 1389 1629 sint
1415 1573 1647 1637 eruditi,
1675 1580 1901 1641 apparet
1931 1571 2138 1625 suavis.

757 1674 902 1736 Vita,
943 1671 1090 1725 haud
1126 1683 1289 1723 secus
1313 1683 1378 1720 ac
1409 1682 1691 1728 nummus,
1726 1665 1887 1717 initio
1926 1664 2262 1733 vituperium

688 1766 922 1822 habens.
949 1764 1156 1832 ubique
1183 1759 1430 1831 gentium
1459 1757 1693 1827 reproba
1721 1755 1980 1811 edicitur.

757 1858 970 1914 Cuncta
1003 1826 1331 1910 tte-existima
1364 1826 1571 1911 facere,
1609 1858 1669 1902 ut
1719 1850 1816 1917 qui
1866 1848 2145 1904 neminem
2182 1847 2264 1900 la-
2301 1826 2344 1881 Β

691 1961 826 2003 teas.
871 1949 1008 2002 Nam
1035 1945 1141 2000 etsi
1173 1944 1239 1998 ad
1267 1955 1509 2012 presens
1545 1939 1843 2006 celaveris,
1890 1949 2082 2010 postea
2106 1939 2269 1993 inno—

691 2049 890 2094 tesces.

760 2132 898 2186 Cum
929 2147 1057 2185 eum
1085 2129 1311 2199 quidam
1343 2129 1546 2196 injuria
1571 2129 1870 2191 affecisset,
1928 2139 2100 2193 seque
2143 2123 2270 2193 fuga

692 2222 1030 2292 proripiens,
1069 2222 1123 2274 in
1154 2236 1444 2274 occursum
1478 2222 1600 2290 ejus
1643 2221 1829 2273 venire
1860 2232 1969 2271 non
1999 2216 2267 2280 auderet;

693 2312 992 2382 aliquando
1024 2311 1244 2366 tandem
1302 2312 1360 2366 in
1406 2327 1532 2366 eum
1589 2310 1840 2365 incidens
1892 2327 1906 2364 :
1949 2309 2070 2364 Non
2096 2318 2160 2363 ut
2189 2317 2269 2371 tu,

697 2405 902 2474 inquit,
937 2419 1023 2457 me
1055 2404 1256 2472 lngias,
1282 2402 1462 2467 decet,
1486 2403 1582 2457 sed
1618 2411 1676 2456 ut
1703 2417 1806 2472 ego
1836 2413 1913 2466 te,
1940 2401 2142 2471 quippe
2175 2401 2272 2469 qui

697 2497 985 2564 improbus
1013 2495 1108 2548 sis.

769 2589 861 2641 Vir
893 2591 1124 2656 ignavus
1147 2597 1202 2642 et
1239 2587 1505 2648 imbellis,
1541 2603 1646 2642 nec
1696 2601 1822 2641 cum
1844 2603 1981 2641 cane
2005 2602 2113 2641 nec
2145 2602 2274 2641 cum

697 2681 854 2732 asino
882 2691 968 2733 est
994 2679 1428 2749 comparandus,
1457 2678 1669 2734 divitiis
1704 2679 1917 2734 scilicet
1957 2694 2023 2734 ac
2058 2679 2276 2734 deliciis

695 2772 972 2824 dilﬂuens.

764 2866 858 2919 Sic
885 2865 1071 2918 vivere
1103 2864 1350 2930 studeas,
1367 2873 1428 2918 ut
1451 2879 1632 2933 neque
1650 2879 1682 2917 a
1707 2864 2119 2933 potentioribus
2144 2879 2276 2918 con-

698 2957 989 3021 tcmnaris,
1014 2972 1118 3010 nec
1155 2956 1518 3010 inferioribus
1549 2955 1816 3010 terribilis
1839 2957 1936 3010 sis.

2360 576 2459 626 οὐκ
2489 574 2554 625 ἄν
2584 590 2664 634 τις
2690 573 2862 624 ἓλοιτο
2883 571 3089 640 ταύτην
3115 570 3236 639 δίχα
3264 571 3426 622 moveo
3460 568 3693 638 μακροῦ.

2444 666 2546 717 ἐκ
2574 663 2693 716 τῶν
2720 661 3016 729 Πατέρων.
3038 691 3108 702 —
3148 661 3244 712 Διά
3274 660 3554 729 τεσσάρων
3599 661 3943 731 πραγμάτων

2361 760 2396 826 ἠ
2419 756 2565 825 ψυχὴ
2599 753 2871 824 μιαίνεται
2893 770 2908 784 ⁸
2954 752 3033 822 τῷ
3059 754 3385 822 περιπατεῖν
3430 754 3489 804 ἐν
3520 753 3674 804 πόλει
3715 755 3810 807 καὶ
3865 754 3941 822 μὴ

2363 849 2658 917 φυλάσσειν
2672 849 2799 910 τοὺς
2818 846 3153 916 ὀφθαλμοὺς,
3183 845 3280 898 καὶ
3303 844 3383 914 τῷ
3401 846 3539 907 ὅλως
3562 845 3706 913 ἔχειν
3735 845 3943 912 γνῶσιν

2365 941 2504 1010 μετὰ
2564 940 2860 1008 γυναικῶν,
2910 941 3005 992 καὶ
3030 937 3111 1008 τῷ
3144 938 3289 1007 ἔχειν
3338 937 3527 1004 φιλίαν
3549 939 3687 1008 μετὰ
3715 938 3824 990 τῶν
3864 941 3945 991 ἑν-

2361 1034 2530 1097 δόξων
2555 1032 2649 1086 τοῦ
2677 1033 2905 1100 κόσμου,
2940 1031 3034 1082 καὶ
3071 1029 3152 1098 τῷ
3205 1031 3490 1098 ἀγαπῆσαι
3524 1030 3623 1091 τὰς
3671 1030 3942 1100 σαρκικὰς

2363 1126 2580 1196 ὁμιλίας
2605 1125 2700 1177 καὶ
2732 1123 3138 1194 ματαιολογίας.

2437 1214 2929 1283 Πλουτάρχου.-
2957 1213 3069 1281 Τῆς
3101 1211 3472 1279 ἀγνοουμένης
3504 1213 3705 1280 ἀρετῆς
3753 1209 3949 1280 ὥσπερ

2366 1307 2459 1360 τοῦ
2487 1302 2981 1374 κατορωρυγμένα)
3022 1301 3249 1371 χρυσίου
3289 1304 3324 1371 ἡ
3357 1302 3682 1380 λαμπρότης
3727 1302 3789 1354 οὐ
3822 1303 3947 1370 βλε-

2366 1416 2549 1452 πεται.

2448 1491 2512 1542 Ἥ
2537 1490 2637 1560 μὲν
2667 1488 2842 1560 τροφὴ
2859 1489 2971 1551 τοῖς
2995 1487 3434 1556 γυμναζομενοις
3452 1527 3468 1552 ,
3492 1488 3525 1556 ἠ
3549 1485 3608 1538 δὲ
3638 1486 3809 1556 ἁρετὴ
3837 1488 3952 1545 τοῖς

2367 1583 2825 1653 πεπαιδευμένοις
2843 1582 2996 1652 ἡδεῖα
3034 1580 3304 1648 φαίνεται.

2449 1678 2509 1730 '0
2527 1676 2641 1746 βίος
2671 1673 2924 1742 καθάπερ
2950 1672 3193 1741 νόμισμα
3213 1671 3526 1741 διαϐληθεὶς
3548 1670 3606 1723 ὲν
3623 1671 3842 1742 άρχαῐς,
3871 1670 3953 1731 είς

2374 1772 2552 1825 πάντα
2575 1769 2669 1821 τὸν
2696 1765 2904 1834 κόσμον
2933 1763 3193 1835 ἀδόκιμος
3219 1765 3448 1831 γίνεται.

2443 1862 2695 1914 Ἀπαντα
2749 1857 2898 1914 δόκει
2943 1860 3140 1918 ποιεῖν.
3186 1853 3262 1917 ὡς
3307 1853 3516 1924 μηδένα
3555 1854 3758 1918 λὴσων.
3840 1851 3956 1904 Καὶ

2371 1955 2479 2026 γὰρ
2506 1953 2573 2008 ἂν
2601 1953 2917 2026 παραυτίκα
2945 1950 3181 2024 κρύψῃς,
3213 1949 3438 2020 ὕστερον
3476 1947 3714 2019 ὁφθήσῃ.

2443 2139 2464 2168 ⁸
2511 2136 2825 2207 Ἀνθρώπου
2856 2133 3000 2197 τινὸς
3055 2132 3219 2187 αὑτὸν
3246 2131 3626 2200 ἀδικήσαντος,
3667 2127 3762 2181 καὶ
3795 2144 3954 2196 περι-

2373 2232 2669 2301 φεύγοντος
2733 2231 2830 2283 καὶ
2889 2228 3138 2298 άπαντᾷν
3196 2225 3610 2295 αἰσχυνομένου,
3674 2219 3960 2290 συντυχὼν

2373 2326 2520 2389 ἅπαξ
2567 2319 2738 2377 εἶπενο
2789 2322 2865 2376 Οὐ
2897 2320 2956 2374 σὲ
2991 2319 3096 2390 χρὴ
3135 2319 3236 2390 ἐμὲ
3283 2318 3529 2387 φεύγειν,
3559 2315 3674 2367 ἀλλ’
3714 2314 3814 2384 ὲμὲ
3872 2315 3957 2378 σὲ,

2375 2415 2578 2484 φαῦλον
2599 2415 2749 2469 δντα.

2445 2596 2560 2648 Οὐκ
2597 2595 2710 2646 ἔστι
2739 2593 2898 2654 κυνὸς
2922 2591 3171 2657 ἀντάξιος
3202 2588 3311 2642 οὐδ’
3339 2588 3461 2641 δνου
3506 2587 3677 2647 δειλὸς
3702 2585 3839 2655 ἀνὴρ
3862 2584 3961 2637 καὶ

2376 2687 2624 2748 ἄναλκις,
2683 2685 2787 2738 ὑπὸ
2833 2683 3066 2736 πλούτου
3117 2683 3213 2735 καὶ
3266 2681 3539 2751 μαλακίας
3591 2676 3958 2748 διερρυηκώς.

2446 2863 2634 2924 Οὕτως
2683 2863 2784 2930 ζῇν
2839 2859 3124 2930 προαιροῦ,
3172 2860 3249 2922 ὡς
3277 2877 3413 2928 μητε
3436 2877 3546 2910 των
3572 2859 3964 2927 δυνατωτέρων

2379 2951 2860 3023 καταφρονεῖσθαι,
2915 2952 3056 3019 μήτε
3099 2950 3211 3012 τοῖς
3263 2948 3675 3016 ὑποδεεστέροις
3732 2947 3963 3018 φοδερδς

2378 3064 2538 3100 ειναι.

766 3130 928 3200 532
953 3130 1221 3184 Demosth.
1242 3161 1310 3170 —-
1332 3131 1814 3197 Quemadmodum
1863 3129 2084 3194 domus,
2118 3140 2275 3200 puto,

2450 3139 2710 3205 Δημοσθ.
2750 3164 2820 3175 --
2843 3134 3057 3203 Ὥσπερ
3083 3131 3281 3195 οἰκίας,
3309 3126 3484 3200 οἶμαι,
3522 3130 3615 3182 καὶ
3658 3127 3844 3180 πλοίου
3869 3127 3969 3180 καὶ

693 3233 745 3276 e'
781 3223 985 3288 navigii
1015 3233 1072 3276 et
1104 3232 1432 3276 cmterorum
1480 3225 1671 3278 talium
1720 3225 1882 3279 bases
1931 3224 2274 3278 ﬁrmissimas

2380 3231 2487 3284 τῶν
2517 3231 2692 3284 ἄλλων
2741 3229 2848 3280 τῶν
2911 3227 3192 3290 τοιούτων,
3224 3225 3295 3288 τά
3342 3223 3592 3277 κάτωθεν
3643 3222 3970 3291 ἰσχυρότερα

693 3329 815 3368 esse
840 3313 1102 3367 convenit
1130 3329 1145 3364 :
1178 3312 1258 3366 sic
1284 3313 1567 3366 actionum
1620 3313 1928 3382 primordia
1975 3322 2033 3368 et
2076 3311 2275 3366 funda-

697 3411 882 3456 menta
914 3418 1045 3456 vera
1065 3403 1326 3471 justaque
1355 3417 1478 3456 esse
1512 3402 1692 3456 decet.

769 3494 1048 3550 Clitarchi.
1073 3525 1139 3532 —
1163 3493 1282 3546 Non
1321 3493 1521 3564 quovis
1569 3493 1732 3547 modo
1781 3494 2041 3547 virtutem
2072 3491 2275 3546 habere

696 3587 905 3638 bonum
939 3584 1236 3649 existima;
1271 3585 1368 3638 sed
1401 3585 1890 3653 quemadmodum,
1929 3600 1996 3640 ac
2023 3599 2126 3655 pro
2149 3583 2276 3654 qui—

697 3680 802 3732 bus
826 3679 988 3733 decet
1014 3676 1104 3730 illa
1140 3678 1336 3733 fultum
1369 3694 1510 3733 esse.

768 3771 1044 3825 Virtutem
1075 3769 1120 3822 si
1154 3771 1345 3835 habes,
1396 3771 1582 3824 omnia
1619 3771 1791 3826 habes
1819 3790 1830 3824 :
1857 3783 1915 3826 at
1964 3773 2012 3827 si
2058 3773 2276 3836 vitium,

699 3881 769 3918 ne
798 3865 1040 3932 teipsum
1078 3863 1324 3931 quidem.

772 3955 1040 4008 Socrates.
1083 3953 1312 4006 —Cum
1367 3955 1660 4023 quemdam
1707 3971 1775 4010 ex
1833 3956 2124 4025 discipulis
2167 3957 2283 4010 suis

699 4045 1188 4100 animadvertisset
1222 4045 1336 4113 agri
1359 4047 1583 4114 quidem
1611 4049 2026 4112 studiosiorem,
2048 4048 2284 4103 actionis

700 4156 836 4194 vero
862 4138 1232 4207 negligentem
1261 4153 1274 4187 :
1309 4136 1457 4191 Heus
1487 4146 1566 4201 tu,
1621 4139 1832 4208 inquit,
1877 4141 2004 4194 vide
2044 4155 2114 4194 ne
2148 4140 2282 4193 dum

702 4247 895 4298 agrum
955 4231 1210 4284 cicurare
1257 4229 1384 4293 vis,
1447 4230 1693 4284 animum
1745 4239 1902 4286 tuum
1956 4231 2107 4287 sinas
2153 4231 2286 4287 εσθ-

706 4338 841 4374 ται-ι.

776 4416 916 4470 Cum
976 4415 1122 4471 idem
1170 4415 1537 4470 intellexisset
1563 4415 1859 4483 quemdam
1893 4431 1959 4468 ex
1995 4416 2285 4470 familiari-

2376 3321 2518 3376 εἶναι
2550 3324 2632 3376 δεῖ
2653 3338 2667 3351 ·
2705 3321 2848 3374 οὕτω
2879 3319 2974 3373 καὶ
2993 3319 3104 3372 τῶν
3130 3318 3384 3389 πράξεων
3416 3317 3515 3380 τὰς
3544 3315 3720 3386 ἀρχὰς
3752 3314 3847 3368 καὶ
3865 3313 3970 3376 τὰς

2378 3415 2688 3476 ὑποθέσεις,
2716 3413 2936 3484 ἀληθεῖς
2973 3411 3067 3465 καὶ
3095 3411 3333 3472 δικαίας.

2450 3505 2838 3572 Κλειτάρχου.
2861 3533 2931 3542 -
2951 3500 3044 3569 Μὴ
3075 3501 3134 3553 τὸ
3165 3499 3310 3568 ἔχειν
3333 3498 3537 3580 ἀρετὴν
3565 3497 3730 3550 καλὸν
3755 3494 3973 3569 νόμιζε⁹

2379 3596 2515 3652 ἀλλὰ
2548 3597 2607 3649 τὸ
2632 3597 2707 3659 ὼς
2737 3594 2818 3647 δεῖ
2843 3593 2936 3647 καὶ
2965 3592 3105 3661 ὑπὲρ
3133 3585 3208 3645 ὧν
3233 3591 3335 3644 δεῖ.

2465 3777 2691 3848 Ἀρετὴν
2743 3775 2842 3846 μὲν
2882 3775 3042 3845 ἔχων,
3093 3773 3270 3827 πάντα
3303 3771 3475 3837 ἕξεις’
3507 3771 3706 3824 κακίαν
3736 3770 3816 3835 δὲ,
3853 3767 3976 3822 οὐδὲ

2386 3869 2633 3924 σεαυτόν.
3833 3872 3842 3879 -

2453 3963 2796 4032 Σωκράτης.
2841 3993 2911 4004 --
2955 3960 3306 4030 Θεασάμενός
3353 3979 3476 4014 τινα
3545 3959 3658 4011 τῶν
3709 3956 3977 4027 μαθητῶν

2384 4054 2580 4134 αὑτοῦ,ι
2611 4054 2706 4106 τοῦ
2749 4054 2847 4124 μὲν
2895 4051 3067 4123 ἀγροῦ
3114 4051 3565 4122 ἐπιμελούμενον,
3588 4051 3690 4120 τῆς
3718 4047 3976 4119 πράξεως

2383 4148 2440 4202 δὲ
2491 4146 2814 4217 ἀμελοῦνταο
2878 4146 3039 4215 Ὅρα,
3089 4137 3135 4195 ὦ
3175 4139 3350 4206 οὗτος,
3391 4143 3518 4212 ἔφη,
3560 4142 3634 4212 μὴ
3681 4141 3774 4193 τὸν
3803 4137 3979 4209 ἀγρὸν

2387 4241 2736 4314 ἐξημερῶσαι
2762 4239 3104 4310 βουλόμενος,
3133 4238 3232 4309 τὴν
3252 4237 3430 4308 ψυχὴν
3459 4236 3757 4307 άγριὼσῃς.

2463 4415 2815 4486 Καταμαθὼν
2850 4414 2909 4466 δέ
2961 4431 3084 4468 τινα
3126 4413 3235 4466 τῶν
3262 4411 3556 4480 γνωρίμων
3600 4406 3980 4462 ἐσπουδακότα

703 4507 827 4569 bus,
856 4507 1050 4561 sedulo
1080 4507 1380 4561 admodum
1434 4504 1798 4574 ellingendam
1857 4506 2150 4577 imaginem
2177 4509 2282 4563 sibi

2388 4511 2536 4572 ὅπως
2575 4505 2723 4576 αὐτῷ
2743 4507 2783 4575 ἠε
2807 4503 2971 4556 εἰκὼν
2994 4504 3152 4573 ὁμοία
3173 4503 3422 4573 γένηται,
3471 4501 3610 4571 πρδς
3629 4499 3796 4552 αὑτὸν
3829 4498 3978 4560 εἶπε,

706 4599 945 4654 similem
971 4613 1188 4662 curare,
1248 4597 1485 4652 actionis
1537 4611 1670 4650 vero
1719 4597 1928 4652 cultum
1962 4599 2284 4668 negligere:

705 4691 812 4753 Tu,
852 4690 1054 4760 inquit,
1085 4689 1266 4759 eﬂingi
1297 4688 1399 4743 tibi
1446 4687 1687 4757 lapidem
1721 4688 1960 4743 similem
1991 4689 2289 4759 diligenter

707 4783 940 4844 curasti,
973 4798 1076 4836 nec
1105 4782 1216 4836 ulla
1251 4781 1352 4836 tibi
1379 4782 1525 4836 ratio
1547 4787 1654 4846 est,
1682 4796 1753 4835 ne
1782 4782 1900 4850 ipse
1936 4781 2107 4850 lapidi
2137 4781 2291 4836 simi-

705 4875 778 4930 lis
815 4873 1097 4927 clﬁciaris.

778 4964 1339 5018 Demonact.—.l|los
1385 4963 1610 5033 probris
1661 4963 1997 5027 incessebat,
2026 4965 2119 5034 qui
2170 4980 2294 5019 cor-

711 5071 912 5124 porum
961 5071 1150 5109 curam
1208 5063 1454 5123 agentes,
1508 5053 1612 5124 ipsi
1661 5054 1875 5124 seipsos
1912 5055 2292 5124 negligerent;

711 5150 918 5219 quippe.
975 5148 1070 5216 qui
1131 5145 1392 5200 domibus
1436 5145 1783 5216 diligentiam
1833 5145 2094 5210 habeant,
2123 5146 2294 5201 nihil-

712 5253 820 5308 que
848 5237 1171 5291 domesticis
1204 5253 1353 5291 cura:
1384 5237 1727 5306 impendant.
1985 5241 1991 5248 '

787 5327 1073 5382 Democrit.
1097 5357 1166 5366 —
1188 5325 1392 5382 Liucas
1431 5327 1700 5383 certiores
1762 5343 1884 5382 esse
1916 5335 2173 5397 oportet;
2210 5343 2300 5382 ac-

718 5421 899 5476 tiones
926 5421 1396 5492 przeclarissimas.

790 5536 812 5566 ’
839 5535 999 5590 Forte
1035 5535 1277 5590 Socratis
1300 5535 1405 5590 hoc
1438 5536 1667 5591 dictum.

2395 4605 2468 4657 Σὺ
2493 4604 2642 4666 ὅπως
2678 4603 2779 4672 μέν
2815 4617 2897 4652 σοι
2925 4598 2954 4648 ὁ
2981 4597 3128 4659 λίθος
3151 4596 3338 4666 δμοιος
3365 4595 3590 4663 γένηται
3611 4591 3976 4654 ἐσπούδακαςο

2393 4696 2543 4758 ὅπως
2584 4692 2642 4746 δὲ
2675 4692 2752 4763 μὴ
2780 4690 2944 4754 αὐτὸς
2994 4687 3128 4756 λίθῳ
3157 4687 3345 4756 ὅμοιος
3368 4685 3525 4755 γένῃ,
3552 4682 3616 4736 οὑ
3641 4681 3978 4754 φροντίζεις.

2471 4962 2813 5033 Δημώνακτ.
2845 4990 2913 5000 -
2941 4955 3082 5018 Τοὺς
3123 4955 3232 5008 τῶν
3290 4951 3560 5023 σωμάτων
3612 4949 3990 5021 ἐπιμελουμέ-

2399 5077 2544 5124 νους,
2597 5054 2807 5110 ἑαυτῶν
2831 5053 2888 5105 δὲ
2917 5048 3258 5120 ἀμελοῦντας
3287 5043 3581 5108 ὠνείδιζεν,
3625 5043 3699 5105 ὡς
3728 5043 3842 5095 τῶν
3883 5043 3996 5111 μὲν

2394 5152 2560 5205 οῐκων
2613 5143 3095 5218 ἐπιμελουμένους,
3120 5139 3230 5192 τῶν
3261 5139 3318 5192 δὲ
3347 5137 3574 5191 ἐνοίκων
3616 5132 3991 5203 ἀμελοῦντας.

2467 5329 2780 5397 Δημόκριτ.
2812 5355 2880 5365 -
2907 5324 3021 5386 Τὰς
3051 5323 3151 5394 μὲν
3167 5319 3430 5392 γραμμὰς
3448 5315 3860 5387 ἀσφαλεστέρας
3888 5313 3998 5384 (ι’),

2398 5423 2496 5484 τὰς
2520 5421 2576 5474 δὲ
2608 5419 2837 5490 πράξεις
2871 5412 3261 5486 λαμπροτέρας
3288 5411 3430 5481 ἔχειν
3457 5409 3556 5464 δεῖ.

2228 5605 2467 5663 NOTAE.

789 5763 894 5834 (Ι)
938 5763 1044 5829 Τὰς
1089 5764 1204 5833 μὲν
1250 5764 1519 5835 γραμμὰς
1564 5762 2041 5832 ἀσφαλεστέρας.
2096 5764 2292 5822 Lineas

2380 5763 2488 5832 icit,
2512 5777 2633 5834 qua:
2667 5772 2793 5820 sunt
2849 5757 3119 5834 principia
3163 5754 3716 5823 demonstrationum,
3739 5750 3998 5810 maxime
