4216 6438
260 363 362 427 7‘20

1562 356 1729 418 LOCI
1768 354 2088 419 COMMUN
2102 362 2206 422 ES.

3406 368 3508 427 730

327 478 465 530 θεοῦ
494 476 646 542 ἄξιόν
700 491 761 527 σε
819 474 1059 544 ποιήσει,
1086 470 1148 525 τὸ
1206 471 1371 540 μηδὲν
1428 470 1648 534 ἀνάξιον
1676 469 1884 526 αὑτοῦλ

2023 471 2257 541 Dignum
2302 485 2352 530 te
2393 478 2505 532 Deo
2540 477 2765 543 elﬁcies,
2802 479 2897 533 ubi
2930 479 3071 535 nihil
3121 494 3191 536 eo
3223 481 3509 554 indignum

261 570 545 640 πράττειν.

333 662 497 727 Βίας.
522 689 594 701 —
613 657 771 713 Οὕτω
789 655 967 728 πειρῶ
978 654 1098 725 ζῇν,
1123 653 1200 717 ὡς
1222 652 1317 708 καὶ
1340 652 1524 720 ὀλίγον
1548 651 1643 704 καὶ
1668 648 1837 704 πολὺν

263 754 453 825 χρόνον
481 749 833 821 βιωσόμενος.

333 844 565 900 Λάκων.
602 872 673 884 -—-
713 841 910 895 Λάκων
946 836 1281 909 ἐρωτηθεὶς,
1332 833 1476 889 διατί
1534 832 1841 904 ἀτείχιστος

1938 563 2157 619 feceris.

2010 654 2349 713 Μαι-δίο
2377 660 2537 715 stude
2571 660 2777 729 vivere,
2810 670 2876 717 ut
2922 672 2981 719 et
3040 678 3244 733 paucos
3287 663 3429 729 dies,
3458 673 3515 721 et

1940 751 2135 820 longos
2171 766 2349 806 annos
2378 752 2654 809 victurus.

2011 843 2492 900 Lucam—Lacon
2557 845 2950 917 interrogatus,
2992 861 3095 902 cur
3130 847 3329 917 Sparta
3372 861 3514 904 moe-

264 941 413 991 ἐστιν
439 938 473 1006 ή
506 933 753 1005 Σπάρτη·
800 932 894 1002 Μὴ
942 928 1165 1001 ψεύδου,
1207 928 1334 1000 ἔφη’
1373 925 1704 997 τετείχισται
1730 924 1841 996 γὰρ

1969 936 2109 991 nibus
2138 936 2322 991 cincta
2362 953 2471 993 non
2496 945 2647 993 esset
2676 954 2689 989 :
2723 938 2974 1003 Falleris,
3007 927 3216 1008 inquit;
3248 938 3514 994 manium

266 1032 389 1094 ταῖς
406 1029 516 1082 τῶν
531 1027 827 1082 οἰκούντων
856 1026 1099 1094 ἀρεταῖς.

336 1142 641 1214 Διογένης.
678 1171 750 1183 —
790 1138 1183 1201 Ὀνειδίσαντος
1231 1131 1380 1205 αὐτῷ
1427 1148 1595 1198 τινος,
1653 1130 1731 1192 ὡς
1761 1130 1844 1193 είς

267 1234 617 1305 ἀκαθάρτους
644 1231 845 1294 τόπους
874 1227 1207 1299 εἰσέρχεται,
1234 1223 1363 1295 εφη·
1422 1221 1537 1276 Καὶ
1580 1222 1611 1274 6
1668 1219 1845 1289 ἥλιος,

266 1326 385 1380 ἀλλ’
414 1325 477 1378 οὐ
505 1323 797 1395 μιαίνεται.

340 1441 604 1497 Λίνδιον.
634 1468 707 1481 -
750 1434 1048 1493 Εὐσέϐειαν
1083 1434 1166 1488 δεῖ
1213 1431 1507 1503 φυλάσσειν
1530 1446 1547 1461 ο
1604 1425 1848 1488 πολίταις

268 1536 340 1588 τὰ
390 1532 641 1604 βέλτιστα
688 1526 1112 1601 συμϐουλεύειν
1178 1522 1378 1595 ήδονῆς
1428 1519 1702 1591 οκρατεῖνο
1756 1517 1849 1587 βίᾳ.

1944 1031 2069 1086 loco
2095 1030 2303 1087 civium
2333 1033 2637 1088 virtutibus
2664 1033 2847 1087 cincta
2880 1042 2986 1089 est.

2015 1141 2301 1212 Diogenes.
2333 1142 2574 1219 -—7Cum
2628 1144 2859 1216 quidam
2906 1145 2958 1199 ei
2990 1145 3200 1215 probro
3249 1152 3518 1211 verteret,

1946 1234 2097 1303 quod
2144 1235 2197 1289 in
2236 1236 2356 1291 loca
2418 1236 2711 1291 inhonesta
2746 1238 3027 1292 intraret:
3061 1238 3131 1293 Et
3164 1238 3273 1303 sol,
3313 1235 3519 1307 inquit,

1948 1326 2145 1390 intrat,
2177 1342 2283 1382 nec
2316 1335 2501 1383 tamen
2538 1330 2971 1385 contaminatur.

1952 1532 1961 1539 -
2025 1440 2218 1495 Lindii.
2239 1471 2310 1480 —
2332 1441 2615 1497 Servanda
2646 1443 2825 1512 pietas
2853 1452 2969 1509 est;
3022 1442 3362 1499 consulenda
3386 1441 3524 1498 civi-

1952 1533 2057 1587 bus
2082 1549 2205 1602 quae
2235 1533 2446 1603 optima
2475 1534 2630 1600 sint;
2658 1533 2912 1604 voluptas
2947 1534 3262 1612 domanda;
3291 1550 3389 1604 per
3408 1534 3524 1588 vim

272 1623 443 1696 μηδὲν
493 1621 754 1695 πράττειν
789 1637 805 1651 ο
836 1618 930 1673 τὸν
977 1616 1073 1671 τοῦ
1120 1616 1294 1686 δήμου
1346 1612 1541 1683 ἐχθρὸν
1594 1609 1855 1699 πολέμιον

1969 1626 2089 1680 ιίὶιίι
2116 1627 2390 1697 agendum
2415 1644 2430 1693 ;
2457 1628 2633 1683 hostis
2664 1628 2955 1683 habendus
2982 1630 3077 1698 qui
3119 1609 3312 1699 populi
3343 1627 3528 1683 inimi-

270 1715 516 1787 νομίζειν
540 1731 555 1745 ο
586 1712 805 1777 οἰκέτας
837 1709 1136 1783 μεθύοντας
1167 1706 1244 1778 μὴ
1285 1705 1537 1768 κολάζειν
1560 1702 1642 1756 ἐί
1669 1701 1727 1755 δὲ
1752 1698 1847 1772 μή,

269 1810 450 1877 δόξεις
473 1808 773 1877 παροινεῖν.

345 1922 721 1990 Λυκούργου.
748 1946 823 1961 —
855 1914 1173 1987 Λυκοῦργος
1218 1912 1248 1966 6
1300 1908 1625 1980 νομοθέτης,
1660 1905 1725 1960 τὸ
1752 1904 1850 1977 μὲν

271 2014 575 2085 ἀξιόχρεων
612 2010 726 2065 τῶν
753 2007 1058 2079 ἀνθρώπων
1105 2005 1211 2076 ἔφη
1240 2004 1299 2058 ἐν
1326 2004 1394 2073 τῇ
1408 2001 1570 2071 οὐσία
1598 1997 1813 2052 κεῖσθαι
1833 2012 1848 2026 ·

272 2109 339 2162 τὸ
362 2107 419 2160 δὲ
443 2105 781 2174 ἀξιόπιστον,
812 2104 871 2157 ὲν
894 2106 1007 2167 τοῖς
1032 2101 1278 2173 τρόποις.

350 2226 724 2295 Πυθαγόρου.
748 2249 818 2262 -—
838 2220 1146 2292 ⁴Ιιιλήδονον,
1162 2213 1562 2287 φιλοσώματον,
1593 2207 1855 2295 φιλοχρή-

283 2336 455 2392 ματον
490 2294 587 2372 καὶ
633 2313 880 2384 φιλόθεον
905 2310 998 2364 τὸν
1044 2307 1229 2372 αὐτὸν,
1265 2306 1530 2362 ἀδύνατον
1582 2294 1743 2355 εἶναι.
1796 2296 1857 2351 '0

279 2388 392 2483 κὰρ
414 2409 692 2481 φιλήδονος
708 2406 924 2467 πάντως
978 2400 1075 2456 καὶ
1107 2398 1482 2469 φιλοσώματος
1501 2411 1517 2426 ο
1555 2394 1585 2447 6
1708 2388 1857 2483 φιλο-

285 2481 564 2572 ῥιτέματος,
600 2496 821 2559 πάντως
867 2494 962 2548 καὶ
1007 2490 1414 2561 φιλοχρήματος
1428 2501 1443 2516 ·
1472 2486 1502 2538 6
1519 2483 1577 2537 δὲ
1599 2481 1861 2552 φιλοχρή-

287 2612 481 2665 ματος,
511 2591 573 2657 ἐξ
598 2590 847 2658 ἀνάγκης
883 2585 980 2640 καὶ
1006 2585 1195 2647 ἄδικος
1218 2599 1236 2616 ο
1276 2583 1307 2635 6
1327 2580 1389 2635 δὲ
1421 2577 1626 2641 ἄδικος,
1657 2577 1738 2640 είς
1763 2573 1862 2647 μὲν

284 2686 424 2739 Θεὸν
451 2682 688 2748 ἀνόσιος,
710 2682 791 2744 εἰς
821 2678 881 2732 δὲ
915 2675 1206 2747 ἄνθρωπον
1234 2673 1572 2747 παράνομος.

360 2854 482 2941 Ὠν.
504 2856 601 2911 τοῦ
643 2854 893 2923 σώματος
919 2848 1256 2941 ἀπαλλαγεὶς
1283 2846 1346 2901 ού
1379 2846 1545 2916 δεήσῃ
1573 2882 1589 2907 ,
1636 2843 1894 2931 ἐκείνων,

292 2932 624 3019 καταφρόνει
649 2946 869 2998 πάντων
886 2958 900 2973 ·
926 2940 1022 2995 καὶ
1051 2932 1128 2996 ὧν
1149 2937 1486 3005 ἀπαλλαγεὶς
1513 2936 1712 3006 δεήσῃ,
1731 2933 1867 3004 πρὸς

288 3044 470 3102 ταῦτα
494 3059 577 3095 σοι
604 3037 928 3108 ἀσκουμένφ
953 3034 1089 3089 Θεὸν
1131 3030 1441 3102 παρακάλει
1471 3029 1718 3099 γίνεσθαι
1744 3028 1866 3081 συλ-

291 3138 562 3209 λήπτορα.

362 3220 961 3292 Διοὸιῖῳου.--Πάντες
987 3217 1263 3289 ἄνθρωποι
1287 3214 1376 3269 διὰ
1400 3212 1503 3284 τὴν
1521 3215 1619 3282 τῆς
1647 3210 1865 3279 φύσεως

292 3319 604 3379 ἀσθένειαν,
639 3313 813 3384 βιοῦσι
836 3310 935 3381 μὲν
961 3307 1249 3378 ἀκαριαῖόν
1266 3322 1319 3359 τι
1350 3305 1515 3376 μέρος
1544 3303 1638 3357 τοῦ
1668 3302 1867 3365 παντὸς

294 3411 523 3473 αἰῶνος·
574 3402 996 3472 τετελευτήκασι
1037 3399 1094 3453 δὲ
1143 3399 1254 3464 πᾶν
1289 3397 1382 3450 τὸν
1408 3395 1632 3467 ὕστερον
1656 3395 1864 3465 χρόνον.

296 3504 409 3557 Καὶ
436 3500 551 3564 τοῖς
587 3496 687 3569 μὲν
734 3496 792 3548 ὲν
818 3492 896 3565 τῷ
937 3492 1038 3563 ζῇν
1070 3488 1238 3561 μηδὲν
1277 3486 1554 3555 ἀξιόλογον
1604 3483 1866 3555 πράξασι.

297 3594 415 3664 ἅμα
464 3592 585 3653 ταῖς
627 3586 737 3641 τῶν
784 3584 1055 3656 σωμάτων
1102 3580 1387 3639 τελευταῖς
1436 3576 1868 3645 συναποθνήσκει

296 3686 389 3741 καὶ
412 3683 482 3737 τὰ
513 3681 651 3736 ἄλλα
678 3678 856 3733 πάντα
890 3672 1034 3730 κατὰ
1059 3672 1153 3728 τδν
1181 3671 1318 3743 βίον
1347 3672 1461 3734 τοῖς
1486 3669 1542 3723 δὲ
1570 3669 1640 3721 δι’
1668 3667 1870 3738 ἀρετὴν

296 3771 817 3844 περιποιησαμένοις
866 3766 1053 3832 δόξαν,
1108 3765 1165 3819 αἱ
1228 3762 1457 3834 πράξεις
1511 3762 1720 3815 ἅπαντα
1777 3760 1872 3812 τὸν

295 3869 473 3924 αἰῶνα
501 3862 961 3937 μνημονεύονται,
990 3854 1351 3927 διαϐοώμεναι
1378 3853 1458 3924 τῷ
1485 3852 1746 3921 θειοτάτῳ
1774 3851 1872 3919 τῆς

297 3959 541 4031 ἱστορίας
567 3957 798 4027 στόματι
816 3955 859 4010 ³.

380 4050 718 4119 Ὑπερίδου.
750 4074 823 4090 --
846 4046 940 4100 Δεῖ
975 4043 1067 4099 τὸν
1101 4043 1306 4113 ἀγαθὸν
1350 4039 1774 4106 ἐπιδείκνυσθαι,
1814 4041 1875 4093 ὲν

302 4145 404 4217 μὲν
440 4145 554 4207 τοῖς
594 4141 774 4210 λόγοις
797 4178 814 4205 ,
862 4138 901 4194 ἃ
948 4138 1172 4209 φρονεῖ·
1221 4137 1281 4190 ὲν
1319 4135 1375 4188 δὲ
1415 4135 1530 4198 τοῖς
1582 4134 1762 4204 εργοις
1784 4176 1799 4199 ,
1839 4133 1877 4187 ἃ.

300 4239 468 4292 ποιεῖ.

386 4327 657 4397 ἰττὰχου
677 4327 966 4397 φιλοσόφ.
995 4354 1064 4367 -
1096 4324 1237 4389 Τοὺς
1263 4324 1500 4393 ἀγαθοὺς
1528 4324 1639 4379 τῶν
1664 4320 1874 4394 ἀνθρώι

301 4438 446 4485 πων,
480 4419 617 4473 Θεοῦ
643 4435 699 4472 τι
728 4418 895 4489 μέρος
920 4418 1087 4488 ἔχειν.
1798 4413 1802 4417 “

1954 1731 2055 1773 cus
2093 1717 2198 1781 sit;
2234 1734 2343 1772 non
2378 1719 2853 1789 plectendivservi
2901 1720 3083 1787 ebrii;
3128 1720 3337 1791 alioqui
3382 1719 3529 1776 desi-

1876 1798 1927 1860 B
1955 1825 2094 1880 pere
2125 1808 2243 1887 ipse
2262 1809 2526 1865 videaris.

2024 1884 2274 1993 Lycurgi.
2337 1951 2407 1962 -—
2456 1920 2740 1993 Lycurgus
2792 1884 3077 1992 legislator
3137 1922 3404 1979 honorem
3467 1936 3532 1977 ac

1955 2012 2281 2082 dignitatem
2332 2011 2481 2082 apud
2521 2011 2788 2067 homines
2841 2010 2900 2066 in
2951 2012 3151 2081 opibus
3197 2012 3359 2068 sitam
3408 2027 3533 2068 esse

1957 2105 2172 2171 aiebat;
2227 2102 2485 2159 ﬁduciam
2514 2111 2699 2159 autem
2731 2104 2787 2159 in
2826 2104 3096 2160 moribus.

2025 2217 2491 2291 Pythagora—Ut
2517 2216 2666 2272 idem
2714 2217 3019 2287 voluptatis
3065 2225 3233 2287 atque
3284 2215 3538 2286 corporis

1958 2327 2024 2368 ac
2046 2311 2295 2382 pecunia:
2318 2311 2527 2382 Deique
2550 2319 2766 2365 amator
2792 2310 2886 2375 sit,
2913 2310 3068 2364 nullo
3102 2310 3266 2364 modo
3292 2308 3412 2364 lieri
3434 2324 3537 2379 po-

1963 2412 2088 2459 test.
2114 2404 2253 2460 Nam
2288 2404 2590 2474 voluptatis
2628 2419 2844 2469 amans,
2886 2394 3032 2458 idem
3082 2410 3141 2457 et
3167 2417 3372 2473 corpus
3392 2408 3540 2457 amet

1961 2510 2189 2551 necesse
2223 2502 2346 2561 est;
2403 2504 2461 2549 et
2517 2494 2613 2565 qui
2647 2510 2857 2565 corpus
2887 2503 3056 2559 amat,
3088 2493 3237 2548 idem
3270 2493 3544 2549 continuo

1961 2592 2019 2641 et
2053 2585 2345 2655 pecuniam
2382 2602 2396 2638 :
2434 2584 2531 2654 qui
2560 2595 2745 2641 autem
2793 2586 3110 2656 pecuniam,
3170 2584 3317 2639 idem
3348 2600 3543 2640 neces-

1963 2677 2111 2733 sario
2127 2684 2186 2731 et
2207 2675 2448 2746 iniustus
2470 2682 2590 2741 est;
2615 2674 2855 2746 iniustus
2877 2685 3086 2740 autem,
3110 2673 3269 2744 533
3288 2675 3346 2729 in
3368 2672 3545 2728 Deum

1963 2766 2191 2837 quidem
2220 2766 2447 2836 impius,
2472 2765 2531 2819 in
2560 2764 2819 2842 homines
2857 2771 3044 2818 autem
3076 2763 3303 2833 iniquus
3332 2770 3437 2818 est.

2034 2856 2252 2923 Quibus
2316 2871 2556 2927 corpore
2625 2856 2840 2910 solutus
2907 2870 3018 2909 non
3097 2851 3411 2923 indigebis,
3481 2867 3546 2906 ea

1965 2956 2166 3003 cuncta
2192 2953 2518 3001 contemne:
2540 2945 2744 3016 quibus
2767 2952 2949 2999 autem
2982 2951 3114 2997 tunc
3138 2942 3403 3011 temporis
3424 2956 3551 3011 ege-

1964 3040 2073 3105 bis,
2118 3040 2320 3094 horum
2365 3038 2467 3093 tibi
2512 3038 2665 3093 cultu
2701 3035 2994 3102 laboranti,
3039 3035 3213 3091 Deum
3237 3033 3553 3105 adiutorem

1895 3133 1940 3193 α
1971 3138 2168 3201 prmsto
2210 3129 2328 3183 fore
2377 3142 2527 3197 roga.

2037 3220 2373 3275 Diodori.—
2404 3217 2715 3273 Mortalium
2760 3230 2935 3287 genus
2982 3228 3146 3271 omne
3205 3212 3278 3268 ob
3342 3219 3567 3273 natura:

1969 3309 2429 3375 imbecillitatem,
2479 3309 2740 3379 exiguum
2773 3305 3051 3376 quoddam
3091 3298 3435 3360 momentum
3469 3312 3553 3356 to-

1971 3403 2078 3459 tius
2112 3404 2215 3459 aevi
2260 3403 2315 3457 in
2346 3401 2455 3457 vita
2486 3401 2717 3466 durant;
2748 3399 3029 3469 reliquum
3056 3412 3192 3453 vero
3220 3404 3396 3451 totum
3424 3410 3553 3466 spa-

1970 3499 2109 3552 tium
2154 3506 2332 3552 morte
2362 3494 2612 3566 occupati
2643 3495 2850 3565 iacent.
2884 3491 2954 3546 Et
2979 3491 3090 3575 illis
3122 3505 3276 3555 sane,
3301 3490 3397 3559 qui
3419 3488 3552 3543 dum

1967 3591 2224 3647 viverent
2249 3588 2390 3643 nihil
2426 3585 2677 3660 praeclari
2708 3592 3019 3655 gesserunt,
3043 3581 3239 3639 eodem
3271 3596 3397 3636 cum
3427 3596 3556 3635 cor-

1969 3699 2105 3755 pore
2166 3681 2323 3738 obitu
2382 3678 2567 3734 omnia
2610 3692 2831 3748 pessum
2881 3684 3034 3730 eunt.
3083 3673 3188 3741 Qui
3233 3688 3389 3738 vero,
3446 3687 3558 3743 qua

1973 3772 2144 3829 functi
2187 3772 2394 3825 virtute
2424 3776 2574 3833 sunt,
2607 3766 2837 3837 gloriam
2875 3764 2983 3820 sibi
3028 3768 3449 3833 compararunt,
3484 3760 3555 3814 il-

1973 3869 2157 3922 lorum
2203 3863 2451 3918 actiones
2492 3875 2592 3931 per
2630 3873 2794 3914 omne
2838 3871 3041 3920 aevum,
3082 3854 3435 3910 divinissimo
3473 3852 3558 3907 hi-

1975 3957 2159 4013 storiae
2214 3970 2310 4009 ore
2363 3952 2705 4015 celebrante,
2760 3947 3363 4004 commemorabuntur.

2048 4047 2351 4119 Hyperidis.
2373 4074 2442 4084 ——
2460 4043 2652 4098 Virum
2704 4041 2933 4104 bonum,
2973 4054 3096 4110 qua:
3119 4036 3306 4103 sentit,
3341 4033 3555 4101 verbis;

1977 4157 2097 4213 quae
2136 4154 2273 4196 vero
2322 4137 2472 4202 facit,
2504 4148 2672 4206 opere
2703 4132 2999 4190 ostendere
3022 4135 3202 4187 decet.

2048 4319 2285 4375 Hittaclu'
2317 4316 2630 4396 ρήίιοεορήὶ.
2653 4344 2715 4355 -
2732 4314 2913 4369 Bonos
2938 4313 3112 4379 viros,
3139 4307 3238 4365 Dei
3264 4304 3559 4379 quamdam

1982 4423 2193 4481 partem
2237 4407 2441 4461 habere
2473 4405 2655 4460 decet.

388 4473 750 4580 Ἀριστοτέλῖ
875 4473 1012 4563 θεοῦ
1043 4508 1146 4580 μέν
1168 4510 1286 4563 ἐστι
1314 4507 1577 4579 πράττειν
1617 4506 1655 4561 ἃ.
1693 4505 1880 4576 βούλε-

1985 4473 2002 4481 ’
2053 4498 2523 4557 Aristotel.—Dei
2570 4503 2675 4562 est,
2723 4510 2847 4565 quae
2893 4493 3031 4549 velit
3071 4504 3232 4563 agere
3270 4484 3562 4543 :hominis

306 4620 432 4659 ταιο
461 4600 752 4674 ἀνθρώπου
783 4602 863 4667 δὲ,
891 4601 961 4656 τὰ
992 4601 1182 4655 δέοντα
1214 4600 1609 4672 προθυμεῖσθαι
1638 4598 1737 4669 (g).

390 4695 1052 4765 Ἀντιφάνους.-Ὀταν
1086 4693 1336 4762 εὐπορῶν
1364 4709 1448 4756 τις
1476 4691 1678 4762 αἰσχρὰ
1709 4692 1884 4762 πράτ-

303 4806 375 4861 τῃ
405 4788 729 4860 πράγματα,
755 4788 809 4842 τί
830 4787 1036 4842 τούτων
1059 4787 1420 4858 ἀπορήσαντα
1449 4785 1684 4857 πράξειν
1712 4802 1882 4856 προσ-

302 4879 472 4950 δοκεῖς

378 5037 403 5073 ⁸
444 5037 665 5109 Frigida
713 5037 831 5093 haec
889 5048 1102 5092 merces
1137 5035 1445 5107 saepiusque
1484 5034 1816 5093 frustranea.

1983 4603 2167 4650 autem
2210 4606 2332 4663 quae
2375 4588 2542 4644 oﬂicii
2588 4602 2654 4642 ac
2701 4586 2937 4641 honesta
2987 4593 3138 4650 sunt,
3180 4578 3489 4653 providere.

2054 4685 2431 4754 Antiphan.—
2458 4680 2515 4735 Si
2545 4679 2670 4749 quis
2709 4679 2767 4732 in
2820 4692 3009 4732 rerum
3043 4671 3379 4730 abundantia
3406 4678 3567 4737 turpe

1985 4775 2192 4847 aliquid
2234 4771 2497 4835 admittit,
2523 4769 2658 4839 quid
2691 4769 2751 4825 in
2792 4768 3025 4841 penuria
3068 4767 3349 4843 viventem
3402 4772 3560 4815 com-

1990 4875 2287 4929 missurum
2335 4864 2656 4937 putaveris?

1884 5166 2093 5224 NOTAE

304 5318 824 5407 geometriearunji,‘1
841 5329 964 5407 quae
1005 5311 1273 5368 certiores
1316 5320 1462 5407 sunt.
1490 5310 1625 5393 Nam
1656 5319 1716 5393 et
1741 5311 1887 5367 linea

306 5380 493 5458 ipsum
516 5390 602 5444 es’t
623 5386 770 5458 quod
798 5380 1006 5458 βαλϐὶς,
1029 5397 1284 5447 carceres,
1310 5380 1455 5437 unde
1478 5381 1681 5453 aurigae
1703 5382 1758 5436 in
1783 5390 1893 5437 sta-

349 5464 403 5517 io
431 5455 658 5517 cursum
687 5455 1064 5526 auspicantur.

388 5532 467 5603 (ς)
502 5530 578 5585 Τὰ
615 5520 1317 5603 δέοις-ταπροθυμεῒσθαι.
1352 5520 1519 5587 Quasi
1550 5521 1689 5603 velle
1713 5530 1775 5603 et
1804 5521 1890 5575 in-

311 5591 518 5659 choare
537 5615 605 5653 cx
626 5597 787 5652 nobis
806 5595 879 5650 sit
896 5591 921 5660 ς’
934 5591 1196 5663 operibus
1214 5607 1346 5663 vero
1366 5591 1666 5663 praestatio,
1687 5607 1717 5645 a
1742 5593 1857 5663 Deo,
1878 5610 1891 5645 :

313 5672 466 5744 quod
514 5671 692 5739 ipsum
740 5661 1027 5744 hauserint
1051 5661 1349 5744 Pelagiani,
1378 5676 1474 5744 seu
1505 5662 1730 5744 illorum
1764 5662 1894 5744 reli-

316 5732 485 5814 quiae,
514 5732 583 5814 ἐκ
622 5736 862 5794 οωιιοείε
902 5732 1357 5814 philosophorum
1403 5732 1669 5814 fontibus,
1698 5732 1898 5801 quibus

319 5801 432 5871 non
462 5801 597 5869 satis
624 5801 1112 5881 perspecta—gratim
1129 5801 1334 5886 Qbristi
1354 5802 1608 5873 mysteria
1631 5817 1736 5874 qua
1762 5818 1897 5873 pra:-

2043 5319 2227 5365 aratur
2255 5308 2532 5369 voluntas,
2555 5312 2615 5358 ut
2636 5302 2715 5358 sic
2744 5301 2947 5373 cogitet
2967 5298 3035 5373 τὰ
3058 5297 3265 5363 δέοντα,
3290 5312 3419 5373 qua!
3440 5314 3573 5355 vere

2039 5387 2228 5434 onesta
2262 5378 2376 5432 sint
2400 5385 2457 5431 et
2489 5374 2556 5428 ad
2590 5369 2837 5428 salutenf
2853 5371 3186 5432 conducant,
3212 5369 3362 5422 nulla
3390 5369 3443 5423 in
3471 5386 3573 5425 no-

1993 5451 2101 5514 bis,
2126 5447 2283 5519 quasi
2323 5463 2394 5519 ex
2421 5444 2602 5507 nobis,
2635 5457 2828 5519 eoru_m
2874 5440 3151 5519 facultate,
3182 5445 3243 5491 ut
3266 5438 3575 5519 proﬁtetur

1996 5508 2227 5590 magnus
2260 5517 2448 5590 gra_ti:e
2482 5511 2983 5590 assertor_Paulus.
3025 5508 3220 5578 Jejune
3261 5508 3426 5590 Gesn.
3458 5525 3576 5590 qua:

1997 5575 2127 5659 οριᾶ
2156 5575 2299 5643 ειιηῖ.
2337 5582 2659 5659 Exponendi
2715 5575 3213 5659 Patres,__quorum
3260 5575 3438 5659 allinis
3488 5578 3573 5632 lo-

1998 5646 2206 5727 q'ucndi
2236 5646 2465 5727 modus,
2484 5663 2543 5708 ut
2568 5667 2692 5707 cum
2721 5651 2915 5727 gratia,
2947 5646 3152 5727 illaque
3172 5646 3448 5703 excitante
3478 5663 3575 5727 ve-

2001 5715 2202 5784 limus:
2231 5743 2339 5797 qua
2381 5715 2663 5797 voluntate
2693 5715 2762 5797 ad
2811 5722 3018 5797 majora
3058 5715 3156 5772 Dei
3200 5731 3451 5787 munera,
3487 5715 3573 5789 ip-

2001 5814 2226 5870 samque
2250 5790 2490 5869 'gratiam
2522 5790 2749 5864 perfecti
2779 5790 2967 5861 operis
2990 5802 3378 5861 prmparemur.
