4216 6438
694 352 791 414 731

1082 555 1158 609 De
1198 558 1479 625 prudentia
1532 568 1580 611 et
1643 557 1883 611 consilio.

767 642 928 697 Eccli.
974 661 1058 708 XL,
1088 646 1177 699 25.
1198 677 1267 685 -
1285 648 1495 701 Aurum
1528 655 1582 702 et
1606 657 1895 719 argentum
1919 657 2162 704 statuent
2184 661 2276 716 pe-

694 735 792 788 des
834 754 845 787 :
900 745 956 790 et
1004 752 1172 805 super
1203 749 1498 808 utrumque
1542 740 1835 793 consilium
1868 738 2168 809 praestabit.

768 826 930 879 Eccli.
982 844 1113 892 χχιι,
1168 830 1254 884 l9.
1278 860 1347 869 ——
1368 830 1759 885 Loramentum
1792 832 2031 901 ligneum
2056 829 2277 900 colliga-

697 927 811 971 tum
858 918 1115 984 aedilicio,
1150 922 1205 975 in
1231 923 1595 977 concussione
1636 940 1748 977 non
1783 924 2117 978 dissolvetur
2150 940 2163 976 :
2197 923 2278 977 sic

694 1008 914 1063 animus
952 1012 1311 1066 confirmatus
1341 1013 1396 1066 in
1436 1014 1652 1068 consilii
1691 1014 2020 1080 rationibus,
2044 1013 2101 1068 in
2136 1022 2276 1069 tem-

694 1112 828 1165 pore
860 1116 971 1153 non
1018 1101 1357 1177 formidabit.

765 1189 954 1244 Basilii
998 1192 1051 1244 in
1082 1193 1400 1263 principium
1439 1193 1685 1248 Proverb.
1710 1225 1779 1234 —
1799 1194 2011 1265 Duplex
2052 1204 2137 1251 εει
2157 1195 2278 1261 ejus

694 1299 862 1352 quam
894 1283 1069 1337 Graeci
1111 1285 1373 1356 φρόνησιν
1402 1286 1595 1340 dicunt
1625 1285 1747 1356 (nos
1777 1286 2151 1357 prudentiam)
2180 1301 2277 1358 ge-

694 1391 820 1429 nus.
853 1376 973 1429 Alia
1004 1374 1153 1428 enim
1179 1384 1264 1429 est
1293 1376 1585 1445 prudentia
1620 1392 1684 1431 ac
1712 1377 2001 1447 sagacitas,
2023 1392 2129 1445 qua
2152 1376 2301 1445 quis»

692 1480 797 1519 suo
847 1467 1141 1521 commodo
1191 1475 1369 1531 cavet,
1419 1482 1484 1521 ac
1530 1466 1637 1521 sibi
1691 1468 1949 1531 consulit,
1996 1467 2147 1521 velut
2194 1475 2278 1521 est

691 1555 989 1623 serpentis,
1023 1557 1155 1610 dum
1180 1565 1347 1625 eaput
1374 1571 1535 1611 suum
1569 1570 1787 1622 servat;
1822 1557 1938 1611 haec
1964 1572 2121 1622 vero,
2156 1572 2276 1611 mo~

693 1659 816 1698 rum
841 1638 1091 1715 quaedam
1123 1648 1368 1703 versutia
1404 1648 1645 1711 videtur,
1675 1649 1786 1702 cito
1816 1648 2106 1703 inveniens
2127 1649 2275 1718 quod

694 1734 748 1787 in
784 1750 899 1787 rem
935 1750 1088 1789 suam
1133 1736 1430 1800 conducat,
1476 1751 1541 1790 ac
1579 1736 1947 1806 simpliciores
1969 1736 2273 1805 decipiens,

1862 358 1922 415 S.
1960 356 2247 415 MAXIMI
2288 354 2796 416 CONFESSORIS

1308 464 1540 521 SERMO
1591 467 1654 521 ΙΙ.
2304 475 2352 529 Δ

3863 354 3970 416 ’132

2989 467 3207 521 ΛΟΓΟΣ
3247 469 3303 521 B'
3324 468 3368 524 ⁸.

2700 561 2836 628 Περὶ
2879 560 3231 629 φρονήσεως
3256 562 3354 615 καὶ
3381 561 3647 629 βουλῆς.

2455 650 2632 717 Σιρὰχ
2662 650 2744 718 μ’.
2777 679 2847 689 -
2877 649 3113 719 Χρυσίον
3146 651 3240 703 καὶ
3289 650 3553 721 ἀργύριον
3606 650 3964 719 ὲπιστήσουσι

2380 742 2566 804 πόδας,
2600 740 2694 794 καὶ
2728 741 2869 812 ὑπὲρ
2893 742 3183 813 ἀμφότερα
3210 742 3373 811 βουλὴ
3400 742 3755 811 εὐδοκιμήσει
3786 742 3886 807 (li).

2449 835 2632 901 Σιρὰχ
2665 833 2779 897 xﬁ'.
2815 860 2887 874 --
2928 833 3251 903 Ἱμάντωσις
3291 832 3475 903 ξυλίνη
3529 833 3593 901 (i)
3636 831 3958 901 ἐνδεδεμένη

2378 927 2458 987 είς
2504 925 2813 994 οἰκοδομὴν,
2870 926 2928 979 έν
2977 924 3189 994 σεισμῷ
3239 924 3302 977 οὐ
3348 923 3769 993 διαλυθήσεταιο
3816 921 3962 975 οὕτω

2380 1017 2579 1087 καρδία
2637 1017 3007 1087 έστηριγμὲνη
3069 1016 3161 1068 ἐπὶ
3210 1015 3535 1086 διανοήμασι
3591 1013 3824 1084 βουλῆς,
3904 1014 3963 1064 ἐν

2379 1105 2557 1176 καιρῷ
2580 1106 2641 1158 οὐ
2667 1105 2949 1159 δειλιάσει.

2453 1196 2803 1249 Βασίλειον.
2830 1193 3155 1249 -Διπλοῦν
3205 1196 3324 1249 ἔστι
3376 1192 3439 1246 τὸ
3490 1193 3587 1261 τῆς
3646 1192 3963 1261 φρονήσεως

2379 1288 2572 1359 ὄνομα.
2610 1287 2676 1340 Ἥ
2718 1286 2818 1358 μὲν
2859 1286 2970 1357 γάρ
3000 1285 3085 1348 τίς
3113 1287 3231 1339 ἐστι
3266 1282 3573 1355 φυλακτικὴ
3609 1281 3704 1335 τοῦ
3755 1283 3962 1335 οίκείου

2382 1376 2749 1447 συμφέροντος
2774 1420 2790 1444 ,
2835 1376 2925 1429 οἵα
2955 1376 2989 1445 ή
3018 1374 3113 1428 τοῦ
3156 1374 3333 1443 ὄφεως
3359 1373 3457 1444 τὴν
3484 1371 3727 1442 κεφαλὴν
3764 1370 3963 1423 ἑαυτοῦ

2382 1466 2802 1537 συντηροῦντοςο
2844 1468 2880 1539 ἡ
2930 1466 2989 1521 δέ
3031 1483 3114 1530 τις
3163 1465 3342 1518 ἔοικεν
3387 1462 3528 1517 εἶναι
3568 1462 3965 1533 κακεντρέχεια

2377 1559 2599 1627 τρόπων
2626 1598 2639 1620 ,
2668 1557 2837 1625 ὀξέως
2864 1558 2922 1612 τὸ
2951 1558 3082 1612 ίδιον
3123 1558 3403 1620 λυσιτελὲς
3437 1556 3831 1626 ὲξευρίσκουσα
3868 1554 3964 1606 καὶ

2380 1649 2807 1722 συναρπάζουσα
2836 1650 2966 1713 τοὺς
2995 1650 3446 1720 ἀκεραιοτέρουςο
3474 1647 3636 1701 ὁποία
3681 1642 3751 1717 ἦν
3792 1647 3827 1716 ἠ
3865 1643 3962 1698 τοῦ

2380 1740 2664 1811 οἰκονόμου
2692 1744 2791 1811 τῆς
2819 1739 3059 1804 ἀδικίας.
3100 1740 3166 1793 Ἢ
3194 1740 3250 1794 δὲ
3280 1739 3489 1811 ἀληθὴς
3531 1739 3812 1808 φρόνησις,
3844 1735 3963 1788 διά-

691 1827 874 1893 qualis
902 1837 1022 1881 erat
1048 1828 1219 1897 iniqui
1251 1830 1402 1883 illius
1427 1802 1833 1898 dispensatoris
1860 1827 2021 1897 (Luc.
2055 1802 2163 1892 xvi,
2195 1829 2272 1898 8).

2386 1802 2582 1903 γνωσίς
2612 1802 2867 1886 ὲστίτῶν
2895 1849 2955 1886 τε
2988 1831 3259 1902 ποιητέων
3287 1802 3384 1883 καί
3428 1829 3488 1883 οὐ
3532 1827 3801 1897 ποιητέων
3822 1843 3836 1855 ·
3866 1820 3901 1898 ᾗ
3936 1828 3965 1879 ὁ

692 1917 833 1970 Vera
862 1927 1045 1973 autem
1095 1921 1419 1988 prudentia,
1462 1931 1611 1975 certa
1652 1920 1853 1990 judieii
1901 1921 2143 1991 cognitio
2170 1930 2274 1988 est,

2384 1920 2790 1985 ἐπακολουθῶν,
2828 1921 3084 1974 οὐδέποτε
3111 1920 3191 1991 τῷ
3218 1918 3425 1989 ὀλέθρῳ
3450 1920 3551 1988 τῆς
3581 1916 3778 1978 κακίας
3805 1932 3964 1985 περιο

689 2023 885 2061 eorum
934 2025 1056 2077 quae
1085 2011 1296 2080 agenda
1321 2022 1527 2065 suntet
1551 2027 1674 2081 qua:
1708 2028 1817 2065 non
1841 2011 2082 2081 agenda;
2108 2028 2275 2081 quam

2386 2010 2715 2081 πειρήσεται.
2756 2009 2815 2063 ’0
2843 2010 3025 2063 τοίνυν
3058 2010 3196 2062 νοῶν
3220 2009 3415 2077 λόγους
3448 2009 3787 2078 φρονήσεως,
3814 2002 3961 2058 οἶδεν

691 2100 784 2167 qui
820 2110 1109 2169 sequatur,
1138 2103 1260 2156 vitii
1297 2118 1581 2171 nunquam
1616 2102 1926 2172 conligetur
1957 2103 2148 2157 exitio.
2174 2104 2278 2169 Qui

2386 2102 2521 2164 τίνες
2582 2102 2682 2171 μὲν
2729 2100 3184 2169 σοφισματὼδεις,
3242 2101 3388 2162 τίνες
3442 2100 3500 2152 δὲ
3550 2100 3598 2150 οἱ
3655 2097 3796 2150 κατά
3849 2096 3965 2166 βίον

692 2191 860 2259 igitur
871 2192 1033 2264 535
1050 2194 1307 2265 intelligit
1320 2210 1607 2252 sermones
1620 2195 1927 2265 prudentia:
1942 2196 2124 2265 (Prov.
2145 2212 2182 2259 ι,
2200 2197 2278 2265 5),

2386 2192 2639 2261 πρακτέοι
2692 2192 2789 2246 καὶ
2834 2192 2905 2245 τὰ
2944 2192 3197 2262 βέλτιστα
3238 2192 3374 2262 ἡμῖν
3412 2189 3829 2259 ὑποτιθέμενον
3869 2189 3966 2239 καὶ

691 2283 848 2336 novit
885 2284 1112 2352 quinam
1135 2286 1367 2355 eaptiosi
1398 2286 1730 2355 fallacesque
1762 2286 2051 2349 exsistant,
2074 2302 2139 2340 ac
2161 2287 2283 2355 qui-

2386 2286 2453 2347 ὼς
2480 2284 2701 2354 δόκιμος
2732 2284 3068 2354 τραπεζίτης
3093 2324 3109 2350 ,
3144 2284 3207 2336 τὸ
3242 2283 3341 2352 μὲν
3368 2282 3532 2336 καλὸν
3577 2280 3817 2346 καθέξει,
3854 2279 3967 2332 ἀπὸ

691 2386 817 2424 nam
861 2372 988 2427 vita:
1025 2374 1313 2443 disciplina
1364 2375 1609 2439 tenendi,
1643 2385 1701 2429 et
1727 2375 1823 2444 qni
1857 2376 2069 2444 optima
2105 2375 2282 2429 docu-

2386 2377 2433 2429 δὲ
2461 2378 2662 2441 παντὸς
2695 2376 2867 2441 είδους
2898 2374 3139 2447 πονηροῦ
3169 2374 3454 2444 ἀφέξεται.

693 2474 883 2519 menta
932 2467 1171 2521 tradant.
1211 2468 1497 2540 Tanquam
1542 2468 1712 2539 igitur
1755 2468 1932 2523 solers
1962 2469 2391 2532 nummularius,
2442 2470 2593 2541 quod
2662 2477 2748 2525 est
2790 2469 3003 2525 bonum
3060 2468 3290 2533 tenebit,
3357 2474 3415 2522 et
3472 2466 3541 2520 ab
3581 2465 3731 2520 omni
3778 2465 3967 2534 specie

692 2556 821 2609 mali
869 2572 926 2611 se
960 2557 1284 2613 abstinebit.

764 2646 1029 2718 Theologi.
1052 2679 1123 2688 —
1144 2649 1249 2715 Qui
1288 2650 1438 2705 enim
1464 2651 1745 2720 serpentis
1772 2653 1826 2707 in
1859 2652 2006 2706 malo
2034 2652 2283 2722 pruden-

2470 2656 2528 2710 Ὀ
2571 2655 2680 2729 γὰρ
2707 2656 2769 2710 τὸ
2805 2655 2900 2709 τοῦ
2927 2656 3109 2726 ὄφεως
3133 2656 3399 2725 φρόνιμον
3432 2653 3561 2721 περὶ
3592 2652 3651 2705 τὸ
3687 2650 3878 2713 κακὸν,
3908 2645 3977 2701 τό

694 2740 851 2805 tiam,
889 2755 954 2795 ae
998 2742 1272 2797 columbae
1321 2744 1379 2797 in
1412 2744 1560 2799 bono
1603 2745 2017 2814 simplicitatem
2059 2747 2285 2815 copula-

2387 2765 2448 2800 τε
2476 2748 2574 2817 τῆς
2600 2750 2930 2817 περιστερᾶς
2956 2748 3216 2817 ἀκέραιον
3242 2746 3370 2814 περὶ
3394 2744 3456 2798 τὸ
3482 2743 3651 2797 καλὸν
3674 2739 3971 2810 ἀναμίξας,

695 2832 859 2894 verit,
905 2832 951 2885 is
977 2848 1159 2903 neque
1192 2834 1547 2904 prudentiam
1575 2836 1627 2890 in
1653 2837 1783 2891 mali
1812 2836 2089 2891 vafritiem
2118 2837 2289 2891 animi

2386 2837 2508 2891 οὔτε
2538 2838 2600 2891 τὸ
2626 2840 2889 2910 φρόνιμον
2911 2838 3064 2891 ἐάσει.
3098 2835 3409 2907 κακουργὸν
3439 2833 3720 2903 γενέσθαι,
3751 2830 3880 2884 οὔτε
3910 2830 3979 2881 τὸ

690 2924 832 2977 verti
870 2924 1035 2989 sinet,
1076 2941 1179 2981 nec
1221 2927 1638 2996 simplicitatem
1676 2929 1731 2982 in
1761 2926 2121 2983 dementiam.

2386 2927 2593 2981 ἁπλοῦν
2624 2930 2873 2998 ἀνόητον.

762 3015 1029 3088 Chrysost.
1050 3019 1284 3113 -Ιῗοιιε
1309 3028 1365 3074 ει
1409 3035 1610 3090 parens
1654 3019 1925 3113 radixque
1948 3020 2281 3088 prudentiae,
2311 3056 2353 3113 ο

690 3106 871 3163 virtus
914 3118 1036 3174 est;
1090 3108 1173 3162 uti
1223 3110 1471 3164 vicissim
1518 3110 1701 3164 omnis
1730 3108 2055 3179 improbitas
2094 3124 2162 3163 ex
2196 3109 2282 3162 in-

2386 3110 2421 3178 ἡ
2453 3109 2655 3178 ἀρετή’
2683 3107 2871 3176 ὥσπερ
2905 3107 3003 3160 καὶ
3043 3108 3194 3159 πᾶσα
3242 3101 3479 3172 πονηρία
3526 3099 3585 3164 ὲξ
3626 3097 3814 3159 ἀνοίας
3859 3095 3984 3164 ἔχει

691 3201 952 3271 sipientia
990 3216 1055 3258 ac
1086 3201 1364 3257 dementia
1393 3202 1665 3272 originem
1698 3201 1889 3265 habet,
1922 3201 2286 3269 quemadmo-

2386 3200 2484 3269 τὴν
2516 3199 2713 3270 ἀρχὴν,
2744 3198 2933 3269 ὥσπερ
2975 3198 3042 3267 δὴ
3089 3197 3185 3250 καὶ
3213 3197 3242 3248 ὁ
3273 3194 3568 3265 Προφήτης
3612 3189 3811 3259 φησιν’
3850 3188 3985 3241 Οὐκ

692 3293 827 3348 dum
877 3295 1047 3347 etiam
1081 3295 1161 3348 ait
1189 3294 1469 3363 PrOpbeta
1508 3311 1523 3347 :
1551 3294 1669 3348 Non
1693 3305 1769 3348 est
1809 3296 2014 3348 sanitas
2044 3296 2099 3347 in
2128 3310 2288 3345 carne

2388 3278 2567 3344 ἐστιν
2611 3292 2778 3355 ἵασις
2818 3290 2889 3343 ἐν
2924 3287 2998 3355 τῇ
3054 3287 3238 3356 σαρκί
3289 3303 3430 3354 μου,
3476 3282 3595 3336 ἀπὸ
3650 3279 3987 3348 προσώπου

694 3400 835 3448 mea,
906 3404 939 3439 a
979 3385 1113 3453 facie
1168 3388 1491 3456 insipientia:
1552 3403 1681 3441 mea:
1731 3387 1896 3456 (Psal.
1952 3402 2154 3450 xxxv",
2207 3388 2285 3447 4).

2389 3382 2500 3451 τῆς
2542 3382 2898 3451 ἀφροσύνης
2938 3398 3080 3450 μου.
3152 3379 3213 3431 '0
3262 3378 3318 3430 δὲ
3372 3376 3625 3445 ἐνάρετος
3676 3372 3770 3426 καὶ
3813 3369 3989 3440 φόϐον

695 3478 933 3532 Virtutis
978 3486 1162 3531 autem
1210 3478 1394 3531 cultor
1436 3493 1501 3532 ac
1545 3477 1643 3531 Dei
1694 3478 1893 3532 timore
1944 3477 2143 3541 fretus,
2171 3490 2289 3530 om-

2389 3475 2525 3529 Θεοῦ
2552 3475 2711 3545 ἔχων,
2746 3475 2964 3528 πάντων
3008 3472 3127 3525 ἐστι¹
3172 3467 3556 3537 συνετώτερος.
3600 3464 3693 3517 Διὸ
3742 3464 3838 3516 καί
3892 3462 3989 3526 τίς

696 3570 851 3624 nium
890 3568 1362 3640 prudentissimus
1400 3578 1508 3624 est.
1555 3569 1772 3625 Idcirco
1821 3570 1990 3623 etiam
2041 3569 2120 3622 ait
2167 3567 2290 3638 qui-

2392 3584 2578 3638 φησινο
2624 3567 2807 3636 Ἀρχὴ
2838 3566 3057 3635 σοφίας
3085 3565 3267 3634 φόϐος
3305 3560 3548 3629 Κυρίου.

696 3662 823 3717 dam
859 3679 872 3715 :
906 3662 1127 3715 Initium
1146 3662 1425 3731 sapientiae
1458 3663 1619 3716 timor
1642 3660 1853 3715 Domini
1895 3659 2087 3731 (Eccli.
2122 3676 2160 3727 ι,
2188 3660 2287 3725 16;

698 3754 842 3812 Psal.
879 3770 965 3819 cx,
1004 3754 1114 3825 ιο).

772 3851 992 3921 lgiiatii.
1030 3879 1101 3890 -—
1137 3849 1242 3916 Qui
1292 3849 1525 3919 perfecti
1582 3849 1738 3915 estis,
1790 3848 2041 3919 perfecta
2091 3848 2287 3918 sapite.

2478 3848 2783 3918 ‘lrrarlov.
2814 3876 2880 3887 —
2908 3846 3121 3899 Τέλειοι
3144 3844 3318 3907 ὄντες,
3348 3841 3535 3895 τέλεια
3572 3838 3849 3909 φρονεῖτε.
3884 3835 3995 3887 Θέ-

700 3943 841 3998 Dum
883 3944 1033 3998 enim
1083 3943 1270 3997 velitis
1310 3942 1452 3997 bene
1499 3957 1684 4014 agere,
1718 3952 1917 4012 praesto
1948 3950 2035 3997 est
2063 3942 2210 3998 Deus
2233 3950 2290 3996 ut

2394 3940 2545 3993 λουσι
2576 3939 2684 4010 γὰρ
2714 3938 2842 4009 ὑμῖν
2866 3931 2927 3990 εὖ
2958 3936 3221 4006 πράττειν
3251 3933 3317 4003 (j)
3342 3973 3357 3997 ,
3406 3930 3538 3993 Θεὸς
3568 3929 3786 3998 ἕτοιμος
3820 3928 3902 3989 είς
3927 3924 4001 3977 τὸ

699 4037 821 4107 ejus
857 4036 1031 4105 ipsius
1076 4036 1392 4090 facultatem
1420 4044 1668 4116 prastct.
2094 4044 2099 4049 '

2396 4033 2681 4104 παρέχειν.

774 4128 1069 4182 Plutarchi.
1093 4127 1505 4191 —Prudentia,
1556 4143 1668 4182 non
1702 4142 2027 4197 corporum,
2070 4127 2168 4183 sed
2204 4143 2293 4181 re-

2456 3019 2824 3084 Χρυσοστ.-
2838 3015 2998 3085 Πηγῆ
3030 3014 3122 3068 καὶ
3149 3014 3334 3083 μήτηρ
3356 3011 3451 3065 καὶ⁵
3468 3009 3594 3080 ῥίζα
3620 3008 3940 3078 φρονήσεως
3958 3046 3975 3068 ,

2469 4123 2811 4191 Πλουτάρχ.
2848 4152 2916 4162 -
2954 4123 3017 4175 Ἦ
3068 4120 3355 4190 φρόνησις,
3395 4116 3457 4168 οὐ
3513 4112 3807 4183 σωμάτων,
3850 4109 4002 4165 ἀλλὰ

702 4234 828 4273 rum
853 4219 1338 4288 negotiorumque,
1377 4217 1705 4288 priusquam
1738 4217 1793 4271 in
1826 4217 1935 4271 illis
1970 4217 2137 4271 homo
2164 4231 2290 4269 ver-

2399 4215 2742 4286 πραγμάτων
2775 4215 2897 4283 ὄψις
2933 4212 3051 4266 ἐστὶ
3078 4254 3093 4277 ,
3126 4211 3256 4280 πρὶν
3293 4211 3351 4262 ὲν
3393 4207 3577 4267 αὐτοῖς
3606 4200 3864 4272 γενέσθαι
3901 4200 4007 4253 τὸν

702 4321 880 4377 setur,
926 4321 1259 4381 conspectus
1300 4321 1414 4375 est;
1467 4309 1656 4365 futura
1707 4309 1986 4379 dispicere
2020 4307 2290 4378 praebens,

2399 4306 2708 4376 ἄνθρωπον·
2740 4307 2889 4369 ὅπως
2915 4305 3115 4375 ἄριστα
3137 4302 3401 4373 χρήσεται
3424 4299 3537 4359 τοῖς
3572 4294 3863 4375 ἀπαντῷσι
3891 4294 4003 4346 καὶ

704 4412 790 4471 ut,
814 4420 939 4459 cum
964 4406 1331 4467 oceurrerint,
1362 4404 1432 4459 iis
1465 4414 1655 4474 postea
1684 4404 1895 4473 optime
1925 4412 2131 4457 utatur.
2162 4400 2290 4458 Cor-

2404 4399 2897 4471 προστυγχὰνουσι,
2925 4398 3239 4467 παρέχουσα
3260 4391 3576 4445 διασκοπεῖν
3590 4388 3652 4440 τὸ
3670 4386 3889 4456 μέλλον.
3914 4384 4005 4436 Τὸ

706 4510 813 4566 pus
854 4494 1003 4550 enim
1031 4504 1160 4549 ante
1196 4495 1376 4549 solum
1409 4494 1693 4550 oculatum
1728 4503 1854 4558 est;
1900 4502 2053 4548 retro
2086 4502 2290 4558 autem,

2411 4492 2509 4563 μὲν
2538 4487 2633 4546 οὖν
2666 4489 2860 4561 σῶμα,
2891 4488 3081 4560 πρόσω
3128 4502 3231 4539 που
3263 4484 3424 4555 μόνον
3458 4479 3803 4550 ὠμμάτωται
3823 4493 3840 4509 ·
3884 4478 4012 4539 τοῖς

776 4633 803 4669 ⁵
826 4635 927 4694 Εει
954 4636 1010 4693 in
1038 4636 1206 4693 Gesn.
1236 4636 1454 4691 Stobazo
1488 4650 1538 4701 c,
1565 4636 1655 4691 29.
1700 4651 1751 4705 p.
1782 4635 1870 4690 95.

2239 4723 2468 4781 ΝΟΤᾹΞ.

781 4888 859 4958 (Ιι)
910 4888 1113 4952 Bauli)
1154 4886 1561 4958 εὐδοκιμήσει.
1607 4888 1745 4942 Sixt.
1782 4887 2172 4955 εὐδοκιμεῖται,
2202 4898 2290 4958 eo:

2396 4882 2571 4958 [inpar
2632 4883 2776 4958 moli
2828 4876 3770 4958 :edilicii‘judicatur.__Nec_ayu_d
3816 4878 4023 4958 voluit

708 4947 1052 5018 dem'sensu,
1082 4947 1142 5011 ut
1170 4967 1301 5012 sunt
1328 4947 1473 5009 idem
1495 4957 1778 5025 deponens
1798 4967 1854 5010 et
1882 4947 2175 5025 neutrum;
2202 4952 2290 5005 ubi

2403 4947 2563 5025 Suiitl.
2593 4967 2717 5005 cum
2739 4954 2840 5025 _ita
2874 4947 3122 5025 exponit,
3150 4954 3313 5025 seu;
3358 4950 3529 5025 ξύλων
3575 4947 4032 5018 ἐμϐαλλομένων

712 5043 825 5082 non
855 5028 996 5079 bene
1047 5026 1271 5081 Sixtinte
1325 5021 1581 5095 interprf
1609 5027 1901 5081 Consilium
1948 5027 2073 5079 bene
2104 5023 2290 5095 placet1

2403 5024 2460 5074 ὲν
2483 5024 2593 5095 τοῖς
2613 5022 3034 5095 οἰκοδομήμασι,
3061 5021 3343 5095 Colligatio
3371 5021 3635 5095 lignorum
3660 5028 3707 5070 et
3735 5035 4030 5079 asserum,

715 5116 781 5151 ac
806 5098 849 5151 si
879 5097 1364 5177 εεεειείιδοκεῖιται,
1393 5092 1538 5177 quod
1564 5096 1703 5150 forte
1734 5097 1936 5177 legerit
1957 5092 2140 5177 iulg...
2168 5093 2298 5173 dum
2405 5108 2521 5161 qua?
2547 5093 2600 5177 ἕρ
2631 5092 3243 5177 ωάὶῇεὶἱδηίιιιιιίαηιωεςο
3272 5093 3581 5177 iaciuntur;
3628 5104 4035 5177 nec‘necessc.

716 5177 774 5221 ει
799 5168 913 5236 ipse
940 5164 1214 5220 consilium
1244 5161 1626 5235 beneplacitum
1655 5161 1855 5219 reddit.
1889 5161 2086 5219 Melius
2113 5164 2301 5236 igitur,
2407 5178 2530 5236 cum
2557 5161 2718 5215 Porta
2748 5163 3057 5236 intelligere
3083 5164 3149 5218 de
3172 5163 3336 5236 lignis
3362 5161 3828 5236 quibusparictes
3858 5175 4041 5236 egim-

718 5228 969 5317 clarebit,
1005 5237 1306 5317 prwstnbit,
1347 5228 1567 5305 majoris
1614 5238 1746 5317 erit3
1783 5252 1906 5317 quae
1955 5228 2305 5317 apertissima
2412 5233 2730 5317 mittuntur,
2782 5242 2843 5317 et
2875 5228 2954 5317 ⁹ιιῐ
2988 5232 3136 5317 δέσιν
3169 5228 3283 5317 ετῶν
3322 5228 3519 5317 τοίχων
3564 5228 3835 5317 legatlius.
3884 5228 4037 5317 l-\'on

719 5308 876 5361 vocis
907 5299 1057 5360 notio
1082 5314 1190 5368 est,
1219 5306 1335 5375 ipsa
1361 5299 1469 5359 un'a
1495 5299 2087 5360 cornmoda.'Menoch.
2116 5302 2303 5357 Cousi-
2413 5303 2561 5357 cnim
2598 5302 2723 5367 hoc,
2750 5303 2843 5375 sed
2874 5302 3008 5375 illud
3044 5302 3377 5375 slendemum
3411 5299 3609 5375 ﬁrmat,
3645 5307 3705 5375 ut
3727 5313 3852 5375 _nee
3878 5307 4035 5375 ,ιρι-υ

723 5377 855 5431 lium
895 5366 1512 5447 approbatumiPrudens
1556 5378 1699 5447 enim
1735 5375 2033 5447 consilium,
2078 5390 2213 5426 auro
2256 5390 2290 5425 ε.

2418 5388 2489 5426 rte
2536 5384 2687 5447 motu
2736 5374 3051 5447 dcjiciatur.
3096 5372 3348 5447 Illud‘év
3392 5367 3570 5447 καιρῷ
3614 5368 3676 5447 ος)
3723 5366 4043 5447 δειλιάσει,

725 5437 1344 5517 ανθεηιόριξωειαὺὶίὶω
1388 5455 1483 5499 est.
1528 5446 1717 5517 Tigur.
1752 5445 2047 5500 Prudentia
2084 5453 2311 5513 utraque
2409 5442 2555 5517 quod
2601 5437 2819 5517 cst,_in'
2845 5452 3098 5517 tempore,
3129 5443 3222 5517 sul:
3254 5443 3428 5509 ipsum
3456 5437 3750 5517 periculum
3787 5437 4046 5517 ejusque

2412 5508 2552 5574 alea,
2580 5528 2693 5566 non
2722 5514 2863 5567 bene
2889 5508 3058 5568 Gesn.
3098 5508 3510 5579 nulloAtempore
3542 5508 3910 5579 pertimescat.

2485 5583 2543 5652 (j
2566 5581 2880 5655 χθέλουονι
2900 5585 3013 5655 γὰρ
3035 5583 3180 5651 ὑμῖν
3208 5577 3283 5655 εὖΔ
3301 5574 3602 5655 reparatis.
3632 5576 3700 5629 Et
3732 5576 3825 5655 llic
3850 5574 4043 5655 lgna-

2414 5645 2544 5718 tiu‘s',
2568 5645 2643 5708 'dc
2671 5645 2951 5725 desiderio
2971 5645 3106 5709 boni
3134 5645 3354 5723 aperis;
3374 5651 3532 5720 cujus
3566 5649 3713 5701 lleus
3755 5645 4050 5725 l'alcttlta-

2415 5714 2804 5805 temlprmstet,
2850 5724 2972 5795 ipso
3016 5714 3264 5794 aucto-re,
3296 5731 3351 5779 et
3386 5714 3459 5777 ιη’
3491 5725 3736 5790 Oportet,
3786 5714 4054 5773 deside;

2414 5805 2688 5855 tantibus.

726 5515 1213 5571 commendabilior.

795 5587 863 5656 '(i)
904 5585 1247 5653 Ἰμὰι-τωσις
1278 5587 1519 5651 ξυλίνη.
1553 5588 1721 5642 Recte
1747 5588 1907 5655 Vulg.
1935 5584 2311 5656 Loramentum

734 5655 981 5727 ligneum,
1014 5656 1323 5727 colligatum
1350 5659 1403 5710 in
1428 5657 1770 5725 fundamento
1793 5657 2037 5726 wtliﬁcii;
2066 5665 2125 5709 ιιι
2148 5655 2309 5727 signi-

734 5724 925 5797 ﬁcetur
950 5724 1260 5781 sermonem
1290 5744 1409 5781 esse
1430 5724 1503 5781 de
1533 5744 1597 5782 ea
1629 5724 1903 5797 lignorum
1927 5735 2080 5781 strue
2105 5733 2162 5781 et
2187 5724 2315 5797 sub-

735 5796 989 5860 scudum,
1035 5813 1156 5867 qua:
1204 5797 1561 5854 fundamento
1609 5796 1829 5868 jacitur,
1877 5798 1970 5853 ubi
2017 5808 2161 5854 terra
2199 5796 2314 5867 ipsa
