4216 6438
238 359 331 418 73:}

1532 366 1698 423 LOCI
1732 364 1878 421 COM
1891 366 1936 422 Μ
1949 367 2048 424 UN
2056 368 2165 424 ES.

3365 357 3469 419 ’734

238 468 288 519 δὲ
340 466 583 529 ὄπισθεν,
640 467 837 537 τυφλόν
879 470 1045 522 ἐστιν.
1080 468 1144 522 Ἠ
1192 469 1248 522 δὲ
1297 471 1525 533 διάνοια,
1580 474 1674 525 καὶ
1727 475 1791 524 τὰ
1822 474 1903 529 At

1822 474 1869 529 A
1897 488 2098 526 etcum
2124 482 2226 526 est.
2262 470 2429 526 Menti
2459 485 2593 523 vero
2626 478 3022 539 comparatum,
3063 482 3128 523 ea
3158 467 3321 522 etiam
3349 484 3468 536 quae

240 558 607 628 παρῳχημένα
636 558 857 627 βλέπειν
880 560 946 628 τῇ
976 560 1167 629 μνήμῃ
1195 559 1461 627 πέφυκεν.

308 649 531 719 ’Ἄφρων
555 648 869 719 αὐθημερὸν
903 648 1215 717 ἐξαγγέλλει
1247 650 1422 720 ὀργὴν
1447 650 1634 705 αὐτοῦ.

310 847 425 910 Πᾶς
461 845 689 917 ἄφρων,
724 846 885 911 εὐθὺς
918 848 1011 901 καὶ
1054 847 1393 918 μικρόψυχος
1436 850 1541 921 (Ιί)·
1585 852 1648 905 οὺ
1698 853 1805 923 γάρ

243 938 354 989 ἐστι
382 938 602 1005 πάγιος.

311 1048 332 1079 ⁸
365 1048 431 1100 Ei’
456 1048 586 1101 ποτέ
611 1066 735 1103 τινα
768 1049 1014 1119 ἑώρακεν
1049 1051 1451 1120 ἁμαρτάνοντα,
1481 1052 1656 1124 ἐλεγεο
1681 1057 1807 1128 Μή·

247 1154 370 1191 ποτε
398 1139 491 1191 καὶ
516 1138 629 1207 ἐγὼ
657 1140 884 1210 τοιούτῳ
916 1142 1215 1211 περιπέσω.

251 1320 267 1372 ί
312 1228 683 1300 Μενάνδρου.
710 1261 783 1271 -
805 1231 1056 1286 Ἀπαντα
1092 1232 1254 1287 δοῦλα
1293 1232 1386 1288 τοῦ
1415 1236 1634 1306 φρονεῖν
1672 1235 1805 1291 καθ-

272 1338 481 1372 σταται.

272 1338 481 1375 σταται.

314 1433 697 1503 Βουλευόμενοι
731 1434 1153 1505 παραδείγματα
1191 1434 1473 1491 ποιοῦνται
1503 1438 1811 1508 παρεληλυ-

247 1521 376 1575 θότα
400 1524 510 1576 τῶν
539 1522 863 1593 μελλόντων.
880 1524 955 1578 Τὸ
980 1524 1090 1594 γάρ
1117 1524 1347 1592 ἀφανὲς,
1371 1526 1436 1579 ὲκ
1450 1526 1543 1580 τοῦ
1570 1528 1808 1600 φανεροῦ

245 1613 506 1685 ταχίστην
530 1613 640 1683 ἔχει
662 1614 761 1686 τὴν
781 1615 1092 1684 διάγνωσιν.

1906 564 2183 631 praeterita
2230 574 2360 618 sunt
2410 563 2675 617 memoria
2716 577 2965 615 cernere.

1982 652 2132 706 Prov.
2166 670 2261 717 im,
2314 655 2400 710 l6.
2438 654 2797 721 —lnsipiens
2832 653 3025 706 eadem
3076 650 3166 705 die
3221 648 3475 727 enuntiat

1906 759 2042 798 Iram
2093 760 2270 799 suam.

1974 834 2133 888 Prov.
2176 851 2287 899 xw,
2317 835 2712 890 Sil—Omnis
2758 832 3045 902 insipiens,
3085 832 3262 901 palam
3306 830 3473 885 etiam

1908 924 2105 993 pusillo
2121 925 2307 979 animo
2327 934 2413 979 est
2439 944 2454 980 :
2479 940 2592 979 non
2610 925 2755 980 enim
2783 922 2974 977 ﬁrmus
2990 929 3045 975 et
3066 921 3282 996 stabilis
3308 930 3411 975 est.

1976 1033 2033 1089 Si
2066 1036 2289 1104 quando
2338 1036 2578 1105 aliquem
2621 1041 2939 1105 peccantem
2990 1030 3475 1090 animadverteret,

1908 1124 2131 1179 dicebat
2160 1143 2174 1180 :
2222 1126 2303 1182 Ne
2346 1135 2404 1181 et
2432 1140 2538 1196 ego
2564 1127 2622 1181 in
2669 1125 2775 1178 tale
2802 1122 3086 1192 quidpiam
3122 1118 3384 1173 incidam.

1977 1215 2532 1271 Menandri—Nihil
2583 1229 2696 1269 non
2743 1214 2952 1285 servire
2998 1211 3146 1281 cogit
3190 1209 3296 1264 sibi
3326 1223 3476 1291 pru-

1908 1304 2119 1360 dentia.

1977 1437 2031 1493 Is
2063 1437 2159 1507 qui
2181 1438 2287 1492 init
2310 1437 2625 1501 consilium,
2654 1452 2776 1507 qua:
2800 1440 2932 1491 sunt
2964 1431 3270 1501 praeterita,
3293 1444 3481 1484 exem-

1909 1531 1999 1599 pla
2030 1529 2138 1583 sibi
2170 1528 2485 1583 futurorum
2512 1529 2662 1583 facit.
2685 1527 2841 1594 Quod
2871 1524 3021 1581 enim
3053 1523 3349 1577 obscurum
3372 1527 3478 1582 est,

1908 1637 1976 1676 ex
2014 1636 2081 1675 eo
2115 1620 2261 1690 quod
2311 1631 2397 1676 est
2444 1619 2795 1675 manifestum
2848 1614 3139 1673 celerrime
3185 1610 3482 1682 diiudicari

1910 1726 1975 1767 ac
2009 1711 2251 1766 discerni
2280 1719 2481 1779 potest.

308 1787 666 1857 ’1σοκράτ.-
680 1789 739 1845 '0
759 1793 946 1857 κακῶς
962 1794 1264 1866 διανοηθεὶς
1283 1795 1542 1866 περὶτῶν
1563 1796 1807 1861 οἰκείων,
1844 1824 1885 1878 Β

1844 1824 1885 1878 Β
1978 1801 2250 1857 Isocratis.
2271 1801 2464 1867 —Qui
2493 1801 2561 1855 de
2591 1799 2709 1856 suis
2740 1799 2908 1853 rebus
2937 1796 3079 1850 male
3103 1794 3319 1858 statuit,
3344 1808 3482 1847 nun-

246 1878 500 1932 οὐδέποτε
532 1881 714 1944 καλῶς
747 1881 1092 1952 βουλεύσεται
1126 1887 1255 1957 περὶ
1286 1885 1395 1939 τῶν
1423 1882 1738 1956 ἀλλοτρίων.

323 1968 631 2039 Κλειτάρχ.
665 2002 736 2012 -
773 1972 837 2026 Ἦ
872 1976 1024 2045 ἰσχὺς
1056 1975 1154 2030 τοῦ
1190 1975 1441 2046 σώματος
1480 1976 1555 2046 μὴ
1582 1975 1816 2043 γινέσθω

245 2061 347 2131 τῆς
376 2060 553 2131 ψυχῆς
580 2060 833 2118 ἀσθένεια
852 2080 869 2097 ο
904 2066 1058 2135 ἰσχὺν
1082 2065 1139 2118 δὲ
1171 2065 1352 2135 ψυχῆς
1373 2105 1388 2129 ,
1430 2064 1692 2136 φρόνησιν
1730 2064 1815 2117 νό-

252 2153 399 2222 μιζε.

320 2245 662 2315 Δημώνακτ.
692 2277 759 2290 -
800 2249 891 2303 Ἔν
919 2247 1221 2317 ἀλλοτρίας
1255 2247 1659 2320 παραδείγμασι
1691 2246 1817 2301 παί-

246 2335 370 2390 δευε
412 2342 658 2403 σεαυτὸν,
687 2340 779 2395 καὶ
802 2339 1151 2409 ἀπαθὴςοτῶν
1179 2338 1366 2392 κακῶν
1395 2338 1517 2410 ἔσῃ.

333 2430 792 2498 Ἀριστείδου.-
812 2432 886 2485 Τὸ
916 2432 1016 2502 μὲν
1043 2432 1197 2502 νικᾷν
1224 2433 1283 2484 ὲν
1306 2434 1426 2494 ταῖς
1464 2428 1681 2500 μάχαις,
1721 2429 1815 2483 καὶ

248 2518 362 2579 τοῖς
424 2518 648 2586 φαύλοις
701 2518 964 2582 πολλάκις
1014 2519 1403 2591 περιγίνεταιο,
1446 2519 1709 2590 φρονήσει
1762 2518 1818 2570 δὲ

251 2608 347 2662 καὶ
372 2608 534 2681 σοφίᾳ
562 2611 785 2681 κρατεῖν
804 2609 1084 2677 δύνασθαι,
1123 2610 1284 2681 μόνον
1312 2610 1432 2664 ἐστὶ
1454 2610 1563 2663 τῶν
1596 2608 1819 2663 εἰδότων

252 2696 621 2765 βουλεύεσθαι.

324 2788 735 2856 Fatum—2w?
742 2786 956 2857 ρονέστι
964 2804 1054 2857 ρον
1067 2780 1221 2858 οἴμαι
1236 2786 1332 2841 τοῦ
1352 2787 1488 2857 μετὰ
1501 2785 1597 2839 τοῦ
1614 2785 1819 2849 πάθους

252 2878 526 2946 ἐγκαλεῖν,
548 2878 611 2932 τὸ
635 2880 763 2949 πρὶν
792 2878 986 2932 παθεῖν
1008 2877 1348 2946 φυλάξασθαι
1368 2875 1462 2930 τοῦ
1494 2877 1569 2947 μὴ
1598 2876 1817 2931 παθεῖν.

325 3052 1054 3124 Δημοκράτ.--Φρονήσεως
1081 3052 1262 3121 ἔργον,
1279 3052 1582 3122 μέλλουσαν
1604 3050 1819 3105 ἀδικίαν

1915 1908 2078 1963 quam
2125 1893 2323 1949 alienis
2354 1893 2496 1947 bene
2535 1889 2899 1947 consuluerit.

1985 1981 2560 2038 Clitarchi.—-Robur
2606 1980 2859 2051 corporis
2931 1991 3064 2032 cave
3118 1972 3288 2029 animi
3328 1970 3454 2025 inlir

1915 2074 2079 2127 mitas
2123 2074 2195 2126 sit
2227 2091 2240 2126 :
2276 2073 2448 2127 animi
2500 2082 2686 2127 autem
2714 2070 2896 2124 robur
2931 2075 3097 2135 atque
3144 2063 3254 2117 vim
3289 2068 3483 2130 reputa

1915 2164 2284 2233 prudentiam.
2715 2207 2725 2217 .

1985 2254 2294 2308 Demonact.
2330 2285 2401 2294 —
2428 2253 2641 2308 Alienis
2681 2258 2733 2307 te
2776 2248 3043 2319 exemplis
3090 2244 3334 2311 erudito,
3385 2258 3489 2297 ncc

1914 2346 2219 2423 quidquam
2257 2345 2386 2399 mali
2439 2345 2690 2414 patieris.

1985 2437 2253 2492 Aristidis.
2273 2466 2345 2475 —
2365 2436 2593 2489 Vincere
2625 2435 2682 2488 in
2713 2432 2940 2503 praaliis,
2982 2429 3149 2483 etiam
3196 2423 3485 2495 improbis,

1916 2541 2294 2597 saepenumero
2324 2522 2594 2594 contingit
2620 2542 2634 2578 :
2661 2521 2954 2594 prudentia
2980 2534 3111 2585 vero
3136 2526 3195 2572 et
3220 2514 3488 2585 sapientia

1917 2634 2078 2689 posse
2123 2619 2370 2682 vincere,
2408 2615 2465 2670 id
2500 2614 2727 2670 demum
2754 2626 2948 2667 eorum
2996 2618 3103 2674 est,
3138 2606 3234 2677 qui
3259 2604 3492 2660 consilio

1917 2707 2158 2761 valeant.

1991 2796 2150 2868 535
2170 2795 2382 2852 Caii.—
2394 2790 2729 2848 Prudentius
2749 2789 3010 2852 arbitror,
3027 2786 3345 2857 priusquam
3366 2795 3494 2838 eve-

1920 2888 2086 2951 nerit,
2129 2900 2326 2940 cavere
2359 2898 2428 2938 ne
2469 2882 2672 2937 malum
2713 2878 2957 2943 eveniat,
2996 2891 3162 2948 quam
3204 2881 3490 2945 postquam

1920 2977 2192 3043 evenerit,
2242 2974 2377 3030 illud
2419 2987 2703 3028 accusare.

1994 3052 2722 3124 DeniocraL—Prudentia:
2770 3075 2973 3115 munus
3017 3065 3123 3124 est,
3162 3071 3326 3127 quam
3370 3056 3495 3125 quis

256 3145 615 3216 φυλάξασθαιθ
650 3143 983 3215 ἀναλγησίας
1017 3142 1078 3212 (ί)
1107 3141 1186 3207 δὲ,
1219 3140 1513 3212 γενομένης
1557 3140 1635 3211 μὴ
1678 3140 1822 3211 ἀμύ-
1846 3161 1890 3217 c

1846 3161 1890 3217 (Ξ
1924 3163 2181 3218 illaturus
2206 3160 2279 3213 sit
2310 3157 2566 3228 iniuriam
2600 3168 2829 3218 cavere;
2857 3149 3111 3219 stuporis.
3127 3156 3335 3213 autem,
3368 3162 3495 3201 cum

255 3236 471 3293 νασθαι.

325 3330 624 3394 Σόλωνος.
645 3354 715 3366 -
739 3323 1086 3396 Συμόούλευε
1103 3360 1120 3387 ,
1151 3321 1227 3393 μὴ
1250 3322 1317 3376 τὰ
1341 3321 1552 3392 ἣδιστα,
1581 3321 1718 3376 ἀλλά
1748 3322 1825 3407 τά

253 3420 475 3493 ἄριστα.
674 3459 679 3464 .

342 3511 716 3579 Ἐπικτήτου.
748 3540 818 3553 -
848 3505 1114 3562 Βουλεύου
1149 3505 1320 3560 πολλά
1353 3504 1484 3578 περὶ
1515 3504 1606 3558 τοῦ
1643 3505 1823 3573 λέγειν

254 3621 309 3657 τι
344 3602 379 3673 ἦ
406 3603 692 3673 πράττειν⁸
723 3600 785 3654 οὐ
836 3599 946 3670 γάρ
975 3596 1119 3663 list;
1164 3596 1345 3652 ἄδειαν
1385 3594 1823 3651 ἀνακαλέσασθαι

252 3696 325 3750 τὰ
346 3694 606 3765 λεχθέντα
632 3692 667 3764 ἢ
697 3690 1030 3764 πραχθέντα.

326 3789 572 3852 Βίας.-
587 3786 661 3838 Τὸ
685 3784 784 3855 μὲν
815 3782 1034 3855 ἰσχυρὸν
1063 3780 1142 3852 τῷ
1176 3778 1389 3851 σώματι
1410 3779 1684 3847 γενέσθαι,
1720 3778 1822 3847 φύ-

256 3895 399 3942 σεως
422 3878 611 3948 ἔργον
644 3876 706 3929 τὸ
725 3875 784 3930 δὲ
809 3874 990 3943 λέγειν
1015 3872 1085 3926 τὰ
1114 3870 1461 3942 συμφέροντα
1488 3873 1554 3942 τῇ
1580 3870 1822 3942 πατρίδι,

252 3968 438 4040 ψυχῆς
465 3967 594 4021 ἴδιον
622 3965 716 4019 καὶ
737 3965 1070 4034 φρονήσεως.

340 4061 401 4113 .0
434 4057 596 4121 αὐτὸς
621 4055 940 4128 ἐρωτηθεὶς,
977 4054 1061 4119 τίς
1089 4056 1310 4129 ἄριστος
1334 4055 1656 4127 σύμϐουλος,
1684 4054 1786 4126 εφη
1806 4073 1819 4085 .

260 4152 329 4204 ὐ
365 4149 577 4220 καιρός.

327 4241 473 4304 Τοὺς
508 4239 806 4311 φρονίμους
843 4237 999 4305 ελεγι
1044 4237 1246 4308 μᾶλλον
1276 4236 1380 4291 ὑπὸ
1413 4237 1524 4291 τῶν
1552 4239 1822 4310 ἀφρόνων,

252 4336 290 4406 ἢ
314 4334 449 4396 τοὺς
469 4332 707 4403 ἄφρονας
736 4330 843 4384 ὑπὸ
867 4329 976 4383 τῶν
1009 4328 1289 4400 φρονίμων
1312 4328 1638 4397 ὠφελεῖσθαι
1656 4346 1671 4362 ·
1701 4331 1825 4383 τού-ι

253 4442 389 4486 τους
429 4424 530 4495 μὲν
572 4423 680 4494 γὰρ
730 4419 1097 4490 φυλάττεσθαι
1122 4419 1223 4484 τὰς
1262 4420 1484 4474 ἐκείνων
1516 4422 1821 4492 ἁμαρτίας·

1924 3254 2071 3309 illata
2112 3251 2206 3314 sit,
2247 3265 2355 3303 non
2411 3246 2603 3301 ulcisci
2645 3260 2711 3298 ac
2758 3242 3038 3311 depellere

1992 3337 2568 3397 Solonis.-—Consulc
2602 3349 2714 3390 non
2753 3349 2876 3404 quae
2914 3329 3315 3403 iucundissima
3344 3336 3495 3394 sunt,

1924 3430 2020 3487 sed
2070 3444 2193 3500 quae
2235 3428 2462 3497 Optima.
2543 3437 2549 3443 ’
2612 3493 2619 3505 ⁸

1993 3521 2331 3592 Epicteti.,—
2355 3517 2585 3572 Multum
2631 3516 2899 3580 delibera,
2951 3512 3077 3569 eum
3117 3509 3251 3581 quid
3308 3509 3498 3563 dicen-

1923 3612 2055 3669 dum
2096 3620 2191 3666 aut
2221 3611 2491 3682 agendum
2520 3602 2789 3663 habtieris
2825 3605 2976 3659 :‘nec
3018 3603 3167 3658 enim
3198 3610 3259 3655 ut
3288 3616 3351 3655 ea
3376 3616 3497 3669 qua!

1924 3705 2070 3761 dicta
2108 3704 2319 3759 laetave
2358 3702 2583 3765 fuerint,
2623 3714 2873 3763 revoces,
2905 3696 2996 3751 tibi
3033 3690 3270 3749 liberum
3296 3692 3422 3745 erit.

1995 3795 2222 3850 Biantis.
2247 3826 2317 3833 —
2337 3793 2585 3848 Robusto
2618 3800 2674 3846 et
2701 3789 2908 3845 valenti
2939 3803 3059 3842 esse
3101 3799 3353 3854 corpore,
3401 3798 3498 3835 na-

1925 3898 2062 3943 tura:
2110 3901 2312 3940 munus
2342 3892 2426 3939 est
2461 3901 2474 3937 :
2508 3883 2694 3938 dicere
2727 3891 2913 3936 autem
2947 3894 3011 3933 ea
3037 3893 3157 3948 qua:
3178 3876 3367 3946 patria:
3394 3873 3501 3928 uti-

1924 3978 1999 4033 lia
2034 3977 2166 4041 sint,
2205 3975 2263 4029 id
2310 3973 2479 4028 animi
2524 3972 2812 4043 proprium
2853 3978 2938 4024 est
2969 3983 3034 4022 ac
3068 3965 3391 4036 prudentiae.

1993 4070 2141 4125 Idem
2181 4068 2572 4136 interrogatus,
2626 4065 2753 4133 quis
2799 4062 3043 4131 optimus
3071 4064 3218 4113 esset
3240 4054 3498 4110 consilia-

1925 4161 2043 4215 rius
2090 4157 2401 4227 :Tempus,
2462 4154 2659 4224 inquit.

1991 4250 2301 4306 Prudentes
2347 4247 2567 4303 dicebat
2611 4245 2785 4317 magis
2818 4242 3027 4314 aliquid
3060 4241 3129 4296 ab
3179 4239 3501 4311 impruden-

1929 4341 2097 4404 tibus,
2138 4355 2302 4410 quam
2348 4338 2731 4409 imprudentes
2768 4352 2798 4389 a
2838 4331 3202 4405 prudentibus
3250 4330 3503 4383 utilitatis

1931 4437 2149 4499 captare
2186 4447 2199 4482 :
2233 4429 2338 4484 llOS
2387 4429 2534 4483 enim
2580 4428 2801 4481 illorum
2859 4438 3057 4479 cavere
3103 4432 3319 4484 errata;
3383 4420 3506 4472 illos

255 4489 506 4579 ἐκείνους
532 4489 592 4568 si
608 4553 624 4579 ,
776 4512 983 4566 τούτων
1011 4511 1087 4584 μὴ
1124 4510 1412 4582 μιμεῖσθαι
1437 4489 1824 4584 κατορθῶσεις.
1861 4489 1903 4543 υ

1801 4530 1824 4566 7-
1861 4489 1903 4543 υ
1933 4529 2118 4577 autem
2149 4536 2260 4575 non
2295 4520 2504 4575 imitari
2533 4521 2734 4574 horum
2763 4517 3000 4572 virtutes
3034 4530 3099 4569 ac
3126 4522 3273 4568 recte
3304 4511 3466 4565 facta.

327 4606 425 4658 Δεῖ
467 4604 558 4657 τὸν
589 4602 794 4671 ἀγαθὸν
826 4601 1024 4675 ἀνδρα,
1056 4602 1366 4674 μεμνῆσθαι
1394 4603 1494 4674 μὲν
1535 4603 1643 4657 τῶν
1670 4620 1826 4673 γενο-

258 4694 466 4767 μένων,
496 4694 760 4764 πράττειν
790 4694 848 4747 δὲ
887 4693 957 4747 τά
992 4692 1291 4748 ἐνεστῶτα·
1326 4695 1452 4765 περὶ
1479 4693 1537 4748 δὲ
1564 4693 1672 4750 τῶν
1704 4696 1828 4767 μελ-

253 4785 464 4841 λόντων
491 4785 904 4857 ἀσφαλίζεσοαι.

327 4905 355 4939 ⁸
384 4904 551 4960 Deest
571 4903 816 4961 auctoris
838 4914 1061 4960 nomen.

2006 4610 2199 4663 Virum
2231 4610 2439 4664 bonum
2470 4610 2630 4664 decet
2660 4605 2944 4677 pragterita
2977 4601 3241 4658 memoria
3284 4607 3503 4657 tenere:

1933 4716 2055 4770 quae
2078 4700 2366 4768 praesentis
2407 4699 2671 4770 temporis
2699 4698 2811 4753 sint
2854 4709 3059 4767 agere;
3101 4707 3165 4749 ac
3191 4690 3392 4747 futuris
3420 4690 3504 4743 di-

1935 4791 2167 4861 ligenter
2214 4790 2551 4861 prospicere.

1772 4978 2003 5036 NOTAE.

332 5129 407 5199 (k)
437 5127 635 5194 Εὐθὺς
656 5127 757 5199 καὶ
782 5129 1175 5199 μικρόψυχος.
1205 5127 1338 5199 Ejus
1359 5128 1511 5185 vocis
1538 5130 1645 5185 hoc
1670 5145 1835 5185 sensu

246 5197 578 5267 exemplum
611 5205 695 5252 est
726 5197 782 5250 in
811 5197 976 5250 Thes.
1012 5197 1161 5250 Istud
1204 5197 1336 5267 satis
1378 5208 1662 5267 apertum;
1696 5215 1760 5254 ac
1791 5201 1835 5254 si

247 5272 414 5325 dicat
427 5266 452 5321 Ξ
481 5266 701 5331 Statim,
720 5267 1101 5338 citraomnem
1123 5266 1633 5338 ambagem’pusillo
1656 5270 1839 5324 animo

245 5349 365 5394 est.
397 5338 515 5392 Nec
556 5339 697 5391 forte
725 5336 875 5406 aliud
902 5336 975 5391 sit
1018 5344 1112 5390 aut
1140 5336 1597 5406 respiciat,‘quod
1628 5339 1718 5393 hic
1751 5339 1838 5393 di-

247 5420 442 5474 cetur,
466 5421 631 5473 quam
619 5405 797 5533 pared
824 5416 909 5462 est
934 5406 1096 5486 Prov.
1119 5422 1229 5470 xxv,
1251 5406 1339 5459 29.
1358 5408 1415 5460 ὐ
1446 5405 1503 5461 δὲ
1523 5408 1841 5479 ὀλιγόψυχος

247 5484 268 5533 ί
276 5477 475 5533 Schol.
513 5494 613 5533 μικ
721 5493 868 5533 υγος.
893 5475 1040 5533 αυοά
1070 5475 1214 5529 Idem
1236 5476 1339 5533 est)
1368 5478 1600 5533 ίσγυοῶς
1626 5478 1834 5533 ἄφρων.

378 5493 475 5531 ιοι.
513 5494 613 5546 μικ

247 5484 475 5603 S‘Scliol.
513 5484 868 5599 μικρόψἳέοῆ
893 5484 1040 5559 quod
1070 5484 1214 5561 idem
1236 5484 1339 5546 est)
1368 5484 1600 5560 ἰσχυρῶς
1626 5484 1834 5545 ἄφρων.

303 5546 633 5601 usillanimis
658 5563 726 5617 va
783 5563 810 5617 ε
849 5562 1131 5617 insipiens.
1155 5546 1314 5617 Etrut
1349 5547 1582 5617 ειιειηιιε
1612 5548 1834 5617 Patrum

250 5617 598 5673 sententiam
644 5616 992 5677 existimem,
1043 5616 1165 5686 qui,
1194 5616 1289 5669 illo
1337 5616 1660 5686 respexerit,
1710 5616 1839 5672 facit

250 5689 407 5742 ratio
428 5687 709 5756 adjuncta,
738 5686 799 5756 οὐ
828 5686 935 5754 γάρ
958 5686 1072 5756 ἐστι
1098 5685 1314 5751 πάγιος,
1346 5685 1463 5739 Non
1491 5688 1629 5740 enim
1652 5686 1836 5755 ﬁrmus

252 5766 357 5812 aut
378 5754 627 5813 constans
649 5764 750 5822 est;
777 5755 832 5810 in
852 5770 960 5827 qua
992 5754 1106 5826 ipsa
1130 5758 1432 5827 respexerit
1462 5756 1598 5813 illud
1620 5757 1810 5814 Siraeb

721 5493 868 5560 ιρςος,
893 5475 1040 5559 quod
1070 5475 1214 5560 idem
1236 5476 1339 5560 est)
1368 5478 1600 5560 ἰσχυρῶς

1948 5131 2008 5185 ’0
2038 5130 2094 5203 δὲ
2118 5132 2306 5203 ἄφρων
2322 5128 2399 5192 ὡς
2430 5127 2625 5198 σελήνη
2640 5123 2960 5203 ’ἀλλοιοῦται
2981 5139 3153 5203 _xxvu,
3185 5120 3507 5203 i_l._.LStult_i_t_s'

1937 5210 1995 5254 ut
2030 5192 2480 5263 luna'imitatur;
2509 5192 2654 5267 quod
2686 5211 2754 5249 ex
2785 5195 2874 5267 illa
2906 5194 3073 5267 animi
3105 5192 3509 5267 pusillitate__illi

1938 5270 2208 5339 provenit.
2245 5261 2662 5339 Hiatus,q'u_en1
2692 5265 2901 5339 notavit
2943 5262 3107 5317 Gesn.
3145 5261 3329 5339 nullus
3371 5262 3511 5315 alius

1937 5332 2172 5403 videtur,
2222 5354 2387 5407 quam
2428 5332 2581 5407 quod
2625 5334 2905 5407 Sapientis
2949 5346 3172 5407 nomen,
3220 5332 3380 5407 cujus
3426 5341 3512 5385 est

1938 5400 2175 5478 sequens
2202 5400 2494 5470 sententia,
2520 5400 2807 5469 excide—rit,
2831 5402 2977 5473 quod
3008 5401 3063 5455 in
3092 5401 3179 5456 his
3205 5400 3370 5455 nimis
3393 5414 3511 5455 cre-

1940 5479 2100 5617 br”;
2129 5486 2579 5617 earumqlac.
2619 5542 2834 5617 Excidit
2860 5555 2940 5617 Aea
2979 5555 3083 5593 vox
3123 5539 3288 5617 _G_esn.
3335 5539 3510 5617 inter-

1939 5608 2100 5688 preti.
2130 5618 2226 5672 Est
2254 5608 2381 5670 vero
2403 5608 2633 5669 allectus
2657 5629 2753 5682 per
2784 5611 3057 5665 defectum
3082 5608 3512 5688 vitiosus,_velut

1942 5676 2241 5742 indolentia
2290 5694 2346 5739 ct
2386 5695 2598 5753 stupor,
2651 5676 2775 5738 cum
2814 5696 2917 5735 nec
2961 5676 3509 5753 suadente__rationc,

1944 5759 2053 5814 ullo
2084 5757 2291 5814 doloris
2316 5763 2409 5811 aut
2443 5747 2811 5810 miserationis
2836 5765 2999 5806 sensu
3030 5748 3157 5818 quis
3184 5747 3437 5803 allicitur.
