4216 6438
188 389 294 453 737

1506 377 1678 442 ωσι
1714 372 2155 436 COMMUNES.

3350 372 3463 437 738

263 499 481 574 Νεκρδς
512 500 573 556 οὑ
606 497 990 572 στεφανοῦται.
1022 494 1211 561 Οὐδεὶς
1237 493 1444 557 δίκαιος
1473 490 1541 546 δι’
1576 490 1772 544 ἀδυνα-

1948 486 2203 541 Mortuus
2232 500 2436 542 corona
2484 501 2596 542 non
2634 485 2899 541 donatur.
2949 484 3124 540 Nemo
3169 484 3354 555 justus
3395 499 3464 539 eo

190 593 326 664 μίαν
354 592 550 648 κακοῦ.

259 688 357 742 Δεῖ
401 682 495 742 οῦν
561 685 654 739 τὸν
695 683 819 739 νοῦν
860 683 1050 752 ὥσπερ
1099 679 1222 735 τινά
1270 677 1614 751 κυϐερνήτην
1663 674 1777 729 ἀνω

189 780 503 851 καθήμενον
536 778 649 833 τῶν
676 777 888 840 παθῶν,
918 777 1014 829 καὶ
1039 772 1205 827 οἱονεὶ
1240 771 1416 843 πλοίῳ
1442 770 1545 840 τῆς
1572 770 1777 840 σαρκὸς

189 874 458 928 ἐπιϐάντα
476 889 491 904 ·
520 872 618 927 καὶ
655 870 936 943 ἐμπείρως
961 869 1090 933 τοὺς
1116 867 1410 939 λογισμοὺς
1437 863 1630 934 ὥσπερ
1661 863 1778 916 οἶα-

187 984 294 1029 κας
333 967 814 1037 περιστρέφοντα,
858 964 1197 1016 καταπατεῖν
1247 959 1511 1029 γενναίως
1561 956 1632 1010 τά
1686 954 1779 1009 κύο

192 1071 378 1126 ματα·
420 1054 759 1124 ὑψηλότερον
800 1051 859 1105 δὲ
909 1050 1234 1120 διαμένοντα
1281 1047 1376 1102 καὶ
1417 1044 1777 1117 δυσπρόσιτον

188 1142 323 1195 δντα
350 1143 465 1204 τοῖς
489 1139 743 1206 πάθεσιν,
773 1136 1028 1210 μηδαμοῦ
1066 1138 1164 1208 τῆς
1192 1137 1288 1191 ἀπ’
1318 1135 1500 1190 αὐτῶν
1529 1132 1774 1204 πικρίας,

190 1232 387 1305 ὥσπερ
418 1233 605 1305 ἀλμης
629 1230 803 1297 τινὸς,
838 1227 1317 1301 ἀναπίμπλασθαι.

273 1516 600 1587 Θεολόγου.
635 1543 706 1556 -
746 1513 1000 1568 Σύνοικον
1044 1508 1207 1583 αίροῦ
1253 1508 1377 1581 μηδ’
1411 1507 1640 1579 ἀδελφὺν
1679 1509 1779 1579 ρᾳ-

190 1611 653 1771 δἱιιξεπέκκαυμο.
672 1697 783 1770 γάρ
804 1695 909 1767 τῆς
944 1695 1102 1750 νόσου
1133 1693 1188 1748 τί
1215 1692 1299 1748 δεῖ
1321 1692 1568 1763 βλέπειν;

270 1880 544 1952 Κρεῖσσον
572 1874 819 1949 κατηφὶς
844 1869 999 1947 ἦθος,
1024 1873 1059 1946 ἢ
1091 1872 1487 1944 τεθρυμμὲνον.

271 2056 461 2127 Μύρον
492 2055 699 2126 δοχεῖον
732 2054 939 2123 σαπρὸν
968 2051 1031 2105 οὑ
1066 2049 1401 2104 πιστεύεται.

274 2147 411 2203 Οὑτε
436 2146 569 2217 φλὸξ
596 2146 748 2217 μένει
771 2144 872 2216 τῆς
895 2143 1026 2214 ὑλης
1048 2140 1459 2212 δαπανηθείσης
1476 2181 1491 2205 ,
1538 2138 1675 2193 ἀλλά
1706 2137 1786 2208 τῷ

194 2240 495 2294 ἀνάπτοντι
544 2236 980 2308 συναπέρχεται·
1036 2234 1162 2288 οὑτε
1210 2233 1470 2303 λογισμὸς
1531 2228 1787 2301 ἐμπαθὴς

196 2333 495 2404 ὑφίσταται
524 2329 928 2402 μαραινομένου
963 2327 1059 2381 τοῦ
1091 2324 1537 2397 ὑπεκκαύματος.

285 2509 596 2580 Ὀφθαλμδς
638 2505 919 2578 πορνεύων
952 2505 1013 2559 οὑ
1044 2503 1311 2574 φυλάσσει
1339 2502 1441 2573 τὴν
1468 2499 1787 2573 παρθενίαν.

198 2601 429 2654 Γλώσσα
481 2598 824 2669 πορνεύουσα
879 2595 958 2668 τῷ
995 2593 1219 2666 πονηρῷ
1282 2592 1562 2663 μίγνυται.
1623 2590 1791 2654 Πόδες

199 2694 418 2747 ἄτακτα
470 2692 745 2762 βαίνοντες
788 2688 1150 2744 ἐκκαλοῦνται
1180 2685 1338 2740 νόσον
1366 2684 1402 2757 ἢ
1433 2683 1682 2737 κίνδυνον
1712 2681 1792 2752 τῷ

201 2783 306 2853 νῷ.
338 2780 730 2853 Παρθενευέτω
758 2781 856 2835 καὶ
900 2781 936 2852 ἡ
980 2779 1217 2833 διάνοια·
1252 2776 1329 2849 μὴ
1359 2774 1648 2847 ῥεμϐέσθω
1696 2773 1793 2828 καὶ

200 2875 525 2930 πλανάσθω.
578 2872 671 2944 Μὴ
721 2871 928 2935 τύπους
966 2872 1025 2924 ὲν
1074 2871 1244 2940 ἑαυτῇ
1275 2867 1489 2938 φερέτω
1534 2863 1791 2937 πονηρῶν

204 2967 576 3037 πραγμάτων.
613 2964 724 3017 Καὶ
756 2965 785 3017 ὁ
816 2962 1008 3027 τύπος,
1041 2962 1209 3031 μέρος
1243 2960 1501 3031 πορνείας
1531 2957 1669 3013 έστί.
1698 2957 1791 3029 Μὴ

203 3055 622 3111 εἰδωλοποιείτω
657 3056 725 3126 τῇ
754 3054 903 3125 ψυχῇ
932 3052 1001 3106 τὰ
1034 3051 1359 3123 μισούμενα.

280 3236 581 3303 Χρυσοστ.
621 3264 691 3275 -
719 3230 926 3301 Χλεύη,
953 3230 1023 3284 τά
1071 3228 1172 3301 μὲν
1195 3232 1293 3301 τῆς
1321 3228 1669 3292 παιδοποιίας
1698 3228 1789 3298 δρ-

200 3344 349 3397 γανα
374 3327 563 3397 τηρεῖν
592 3324 860 3395 παρθένα,
898 3322 995 3393 τὴν
1020 3322 1076 3375 δὲ
1115 3322 1369 3389 γλῶσσαν
1399 3321 1476 3392 μὴ
1499 3323 1687 3392 τηρεῖν
1705 3335 1719 3349 ·
1752 3319 1785 3390 ἢ

200 3418 303 3491 τὴν
332 3416 587 3487 γλῶσσαν
624 3415 723 3485 μὲν
748 3416 958 3484 τηρεῖν,
989 3414 1090 3485 τὴν
1116 3414 1175 3467 δὲ
1203 3413 1396 3485 ὅρασιν
1429 3412 1464 3484 ἢ
1489 3412 1589 3483 τὴν
1616 3410 1788 3483 ἀκοὴν

200 3511 239 3581 ἢ
272 3512 374 3574 τὰς
403 3509 591 3581 χεῖρας
618 3508 693 3578 μὴ
716 3509 906 3577 τηρεῖν
925 3522 941 3538 ·
970 3504 1005 3575 ἢ
1040 3503 1214 3560 ταῦτα
1246 3505 1346 3575 μὲν
1374 3502 1520 3575 ἔχειν
1566 3503 1661 3557 καὶ
1690 3519 1789 3573 τη-

203 3604 323 3673 ρεῖν
358 3600 625 3671 παρθὲνα,
650 3600 751 3671 τὴν
777 3598 836 3652 δὲ
875 3598 1105 3670 καρδίαν
1136 3598 1212 3669 μὴ
1244 3597 1451 3669 τηρεῖν,
1479 3596 1597 3651 ἀλλ’
1633 3598 1786 3653 ἑται-
1825 3596 1837 3624 '

204 3687 455 3761 ρίζεσθαι
482 3688 639 3759 τύφῳ
673 3688 768 3743 καὶ
794 3686 972 3759 θυμῷ.

271 3872 369 3943 Μὴ
422 3870 929 3943 καταμαλάττωμεν
958 3871 1120 3942 ὴμῶν
1171 3870 1271 3943 τὴν
1302 3870 1491 3942 ίσχὺν,‹
1529 3871 1664 3943 μηδὲ
1695 3871 1790 3927 εκ-

201 3965 501 4035 κόπτωμεν
528 3962 600 4017 τὰ
627 3962 798 4035 νεῦρα
824 3966 947 4027 ταῖς
973 3963 1213 4034 ὁμιλίαις
1245 3964 1490 4029 ταύταις.
1540 3964 1652 4018 Καὶ
1675 3963 1787 4035 γὰρ

201 4055 418 4125 ἀφατος
445 4052 543 4108 καὶ
571 4052 741 4125 πολλὴ
769 4057 889 4118 ταῖς
923 4053 1124 4126 ψυχαῖς
1150 4056 1308 4127 ἡμῶν
1335 4055 1586 4111 ἐντεῦθεν
1616 4058 1789 4130 είσρεῖ

201 4146 395 4201 κακία.
443 4144 509 4199 Τί
536 4145 666 4217 γάρ,
716 4145 767 4198 εί
812 4146 908 4200 καὶ
957 4147 1037 4219 μὴ
1084 4145 1491 4218 αἰσθανώμεθα,
1519 4150 1587 4221 τῇ
1632 4148 1788 4220 φιλίᾳ

206 4238 538 4310 μεθύοντεςς
562 4236 736 4292 Τοῦτο
764 4238 875 4310 γὰρ
902 4239 1037 4293 αὐτὸ
1068 4240 1288 4293 πάντων
1316 4240 1432 4293 ἐστὶ
1460 4239 1784 4307 δεινότατον,

202 4334 288 4385 ὅτι
317 4331 443 4386 οὑδὲ
478 4331 635 4402 ἴσμεν
670 4332 821 4396 ὅπως
848 4332 1292 4403 ἑκνευριζόμεθα,
1328 4332 1423 4386 καὶ
1448 4333 1621 4404 κηροῦ
1651 4350 1787 4388 παν⁴

202 4423 296 4486 τὸς
324 4422 591 4494 γινόμεθα
612 4420 1012 4494 μαλακώτεροι.
1042 4422 1309 4494 Καθάπερ
1345 4424 1454 4495 γάρ
1486 4440 1573 4487 τις
1599 4422 1788 4478 λέοντα

1876 578 2100 633 nomine
2148 578 2296 647 quod
2332 578 2537 632 malum
2567 578 2750 633 facere
2785 591 2897 631 non
2941 582 3143 645 potest.

1948 669 2186 724 Mentem
2240 669 2411 741 igitur
2459 668 2640 734 decet,
2670 667 2824 723 velut
2854 665 3150 735 quemdam
3186 663 3462 735 guberna-

1878 769 2078 823 torem,
2121 760 2229 814 alte
2283 759 2456 814 animi
2511 756 3025 828 perturbationibus
3063 771 3127 809 ac
3174 754 3464 809 adeelibus

1877 852 2247 921 superiorem,
2288 852 2554 921 velutque
2606 850 2886 921 navigium
2932 862 3156 902 carnem
3194 861 3462 900 conscen-

1878 945 2124 1009 dentem,
2169 944 2645 1015 cogitationesque
2691 958 2755 997 ac
2798 942 3044 996 rationes
3069 939 3222 993 velut
3261 937 3464 1007 guber-

1878 1039 2075 1092 nacula
2108 1036 2303 1091 dextre
2344 1037 2749 1098 moderantem,
2800 1034 2998 1087 ﬂuctus
3051 1044 3320 1102 generose
3354 1029 3466 1082 cal-

1878 1143 2039 1195 care;
2078 1127 2384 1197 altioreque
2416 1127 2546 1183 sede
2570 1125 2955 1216 constitutam,
2989 1122 3270 1191 nullisque
3302 1119 3465 1174 facile

1878 1220 2398 1291 perturbationibus
2443 1206 2741 1282 accessam,
2785 1216 2935 1271 nulla
2980 1216 3049 1269 ab
3090 1215 3173 1269 eis
3202 1206 3465 1268 amaritti-

1879 1312 2031 1376 dine,
2069 1320 2333 1381 tanquam
2391 1296 2686 1379 salsuginis
2730 1308 2968 1379 quadam
3018 1304 3220 1375 repleri
3270 1318 3464 1374 asper-

1880 1406 2025 1475 gine.

1955 1496 2222 1567 Theologi.
2251 1525 2322 1535 —
2343 1492 2816 1550 Contubernalcm
2849 1490 2949 1546 tibi
2980 1504 3050 1545 ne
3096 1486 3322 1558 quidem
3356 1484 3467 1540 fra-

1883 1600 2024 1646 trem
2058 1588 2219 1643 facile
2265 1586 2495 1659 deligas.

1951 1680 2231 1747 Quorsum
2286 1679 2436 1733 enim
2495 1674 2845 1748 aegritudinis
2908 1673 3216 1752 fomentum
3274 1669 3464 1724 videre

1881 1774 2124 1832 attinet?

1955 1866 2153 1921 Melius
2213 1875 2299 1922 est
2359 1862 2643 1935 ingenium
2697 1874 3022 1923 morosum,
3077 1870 3242 1927 quam
3295 1853 3468 1909 fracta

1886 1960 2172 2017 mollities.
2577 1974 2583 1982 ·
2686 2019 2690 2023 η
2997 1994 3003 2005 .
3107 1954 3123 1974 ”

1958 2048 2119 2120 537
2144 2047 2374 2104 Putrido
2413 2046 2529 2102 vasi
2561 2042 3067 2119 non,committitur
3100 2050 3464 2110 unguentum.

1958 2142 2149 2211 Neque
2181 2140 2398 2195 ﬂamma
2437 2146 2724 2209 permanet
2762 2144 3040 2204 assumpta
3059 2135 3333 2196 materia;
3372 2132 3467 2185 sed

1887 2250 2013 2290 cum
2049 2250 2117 2290 eo
2149 2233 2398 2289 abscedit
2439 2230 2588 2301 quod
2632 2212 3002 2291 accendebat;
3044 2224 3469 2279 neclibidinosa

1886 2327 2142 2384 consistit
2165 2325 2449 2397 cogitatio,
2472 2315 2885 2378 emarccscente
2904 2318 3069 2389 atiluc
3090 2318 3316 2397 extrito,
3334 2315 3469 2386 quid

1890 2416 1970 2471 illi
1999 2392 2261 2471 fomenti;
2276 2423 2417 2467 erat.
2832 2448 2833 2451 η
3161 2392 3178 2411 “

1957 2503 2062 2571 Qui
2086 2503 2462 2559 cxfornicatur
2484 2501 2698 2564 oculus,
2718 2499 3097 2571 virginitatem
3123 2512 3234 2577 non
3264 2506 3467 2553 servat.

1888 2596 2022 2664 Quae
2047 2603 2440 2665 constupratur
2469 2594 2688 2664 lingua,
2730 2608 2856 2648 cum
2888 2593 3034 2647 malo
3056 2591 3339 2645 miscetur.
3382 2589 3473 2643 ln-

1890 2686 2235 2756 compositus
2256 2686 2461 2756 pedum
2494 2686 2766 2750 incessus,
2791 2683 3045 2738 morbum
3069 2682 3255 2736 animo
3290 2696 3474 2735 arces-

1890 2775 1967 2830 sit
2008 2784 2105 2831 aut
2131 2774 2464 2846 periculum.
2522 2774 2685 2829 Casta
2738 2773 2810 2828 sit
2837 2788 2902 2827 ac
2949 2772 3104 2842 virgo
3148 2771 3265 2841 ipsa
3301 2769 3472 2824 aliimi

1891 2861 2155 2932 cogitatio
2186 2879 2199 2915 :
2239 2877 2352 2916 non
2409 2862 2482 2917 sit
2533 2876 2668 2933 vaga
2698 2877 2764 2916 ac
2805 2860 3142 2915 errabunda.
3178 2860 3255 2914 Ne
3282 2875 3471 2914 rerum

1892 2955 2161 3008 malarum
2187 2953 2395 3008 formas
2442 2954 2499 3008 in
2524 2969 2583 3009 se
2611 2963 2896 3022 congerat.
2952 2952 3049 3007 Est
3077 2960 3134 3007 et
3164 2951 3338 3007 forma
3370 2949 3473 3005 ob-

1887 3049 2143 3119 iectaque
2195 3047 2431 3124 species,
2482 3046 2840 3103 seortationis
2902 3062 3050 3117 pars.
3121 3047 3201 3101 Ne
3256 3061 3471 3109 corum,

1818 3140 2019 3218 cquae
2064 3139 2196 3193 odio
2227 3139 2528 3203 habentur,
2572 3138 2902 3221 eiiingantur
2934 3138 3119 3193 animo
3156 3138 3472 3193 simulacra.

1969 3230 2237 3301 Chrysa“.
2295 3261 2368 3271 —
2415 3230 2732 3285 Ridiculum
2783 3238 2871 3285 est
2940 3232 3210 3301 genitales
3251 3232 3474 3302 quidem

1896 3322 2147 3392 corporis
2175 3332 2363 3391 partes
2391 3331 2571 3377 castas
2597 3337 2841 3408 scrvare,
2867 3323 3110 3393 linguam
3139 3340 3273 3377 vero
3298 3325 3474 3394 negli-

1893 3430 2023 3486 gere
2050 3433 2062 3469 :
2090 3424 2186 3480 aut
2215 3415 2456 3486 linguam
2504 3414 2729 3485 quidem
2784 3430 3007 3471 servare
3040 3432 3257 3485 puram,
3297 3417 3475 3471 visunt

1894 3523 2030 3563 vero
2062 3507 2147 3562 vel
2178 3505 2429 3561 auditum
2458 3515 2554 3560 aut
2578 3522 2772 3560 manus
2800 3522 2909 3560 non
2953 3522 3205 3573 scrvare;
3231 3515 3328 3561 aut
3361 3508 3476 3562 lucc

1868 3600 2120 3671 quidem
2171 3598 2376 3653 habere
2419 3613 2484 3654 ac
2520 3614 2746 3654 servare
2785 3613 2944 3669 pura,
2983 3612 3079 3654 cor
3126 3608 3311 3653 autem
3363 3614 3474 3655 non

1896 3706 2139 3757 servare,
2159 3690 2256 3746 sed
2279 3704 2449 3761 prope
2471 3678 2797 3746 sc'ortatiuui
2822 3700 2950 3763 typo
2970 3692 3245 3762 superbia:
3268 3692 3476 3764 iraeque

1896 3782 2208 3854 indulgere.
2330 3782 2343 3805 ‘
2969 3800 2975 3810 ι

1965 3874 2047 3931 Ne
2081 3874 2252 3945 igitur
2273 3874 2423 3930 vires
2448 3883 2671 3928 nostras
2689 3874 3212 3941 emolliamus,neve
3230 3874 3319 3931 his
3346 3892 3480 3932 con-

1893 3966 2176 4038 gressibus
2226 3981 2326 4020 nos
2357 3966 2510 4036 ipsos
2551 3980 2901 4019 enervemus.
2947 3965 3177 4021 Multum
3212 3967 3383 4031 enim,
3410 3975 3477 4039 ‘et

1891 4063 2158 4128 quantum
2170 4056 2262 4111 vix
2276 4054 2463 4111 verbis
2476 4053 2706 4123 exprimi
2720 4053 3052 4122 potest,hinc
3064 4054 3261 4110 animis
3274 4056 3479 4111 nostris

1891 4148 2011 4203 vitil
2028 4147 2208 4203 inﬂuit
2221 4162 2286 4202 ac
2298 4146 2608 4217 pravitatis.
2624 4145 2766 4211 Quid
2781 4149 2951 4210 enim,
2971 4145 3074 4200 etsi
3086 4161 3195 4200 non
3208 4146 3478 4201 sentimus

1890 4257 2005 4313 pra:
2016 4241 2258 4297 amicitia
2269 4239 2411 4295 ebrii
2427 4239 2451 4292 ?
2465 4239 2580 4293 lloc
2595 4238 2744 4292 enim
2762 4237 2941 4308 ipsum
2958 4238 3117 4308 longe
3134 4237 3477 4308 estgravissi-

1892 4350 2066 4399 mum,
2087 4334 2234 4404 quod
2256 4348 2358 4389 nec
2372 4333 2579 4388 scimus
2590 4332 2815 4403 quidem
2836 4320 3477 4401 quemadmodum'cner-

1891 4441 2106 4492 vemur,
2152 4425 2415 4496 omnique
2447 4440 2573 4481 cera
2606 4425 2886 4480 molliores
2924 4423 3240 4479 reddamur.
3266 4422 3476 4490 Quem-

204 4514 415 4586 γαῦρον
461 4514 557 4569 καὶ
612 4512 874 4585 βλοσυρὸν
926 4511 1129 4581 λαϐὼν,
1184 4510 1304 4569 εῐτα
1334 4516 1640 4587 ἀποκείρας
1686 4516 1785 4587 μὲν

1889 4517 2185 4574 admodum
2206 4516 2354 4572 enim
2372 4516 2417 4572 si
2445 4516 2571 4587 quis
2595 4514 2895 4587 superbum
2924 4512 3473 4584 trucemqueleonem

203 4608 306 4676 τὴν
359 4605 562 4678 κόμην,
595 4604 801 4661 ἀνελὼν
847 4605 906 4660 δὲ
935 4606 1062 4669 τοὺς
1092 4605 1330 4671 ὀδόντας,
1380 4607 1473 4660 καὶ
1521 4608 1788 4681 περιελὼν

203 4697 335 4761 τοὺς
362 4695 583 4767 ὄνυχος,
628 4695 854 4767 αἰσχρὸν
899 4698 1047 4751 ποιεῖ
1085 4696 1182 4751 καὶ⁵
1228 4698 1656 4767 καταγέλαστον,
1694 4702 1789 4754 κα)⁵

205 4789 440 4853 παιδίοις
472 4787 965 4859 εὐκαταγώνιστον,
995 4789 1088 4844 τὸν
1110 4790 1343 4862 φοϐερὸν
1368 4791 1459 4845 καὶ
1492 4792 1787 4864 ἀφόρητον,

205 4881 304 4935 καὶ
338 4881 451 4935 ἀπὸ
501 4881 663 4951 μόνου
695 4879 791 4935 τοῦ
840 4881 1191 4953 βρυχήματος
1226 4881 1295 4935 τά
1324 4882 1502 4936 πάντα
1547 4872 1785 4936 ’σείοντα-

205 4973 349 5026 οῦτω
389 4971 455 5044 δὴ
488 4974 584 5027 καὶ
615 4966 797 5037 αὗται,
846 4973 1053 5033 πάντας
1081 4974 1240 5037 ὅσους
1275 4973 1371 5027 ἐὰν
1402 4972 1661 5039 λάϐωσιν,
1695 4974 1787 5028 εὑ-

206 5063 507 5135 χειρώτους
537 5062 616 5135 τῷ
643 5062 878 5134 διαϐόλῳ
904 5061 1158 5116 ποιοῦσι·
1193 5064 1634 5135 μαλακωτέρους,
1663 5064 1788 5135 θερ-

209 5158 495 5228 μοτέρους,
525 5155 935 5227 ἀναισχύντους.
969 5157 1250 5228 ἀνοήτους,
1278 5157 1626 5227 ἀκροχόλους,
1653 5157 1787 5227 θρα-

208 5252 343 5315 σεῖς,
398 5249 685 5322 ἀκαίρους,
734 5250 1020 5319 ἀγεννεῖς,
1069 5251 1322 5320 ἀπηνεῖς,
1372 5249 1785 5321 δουλοπρεπεῖς,

206 5340 618 5411 ἀνελευθέρους,
651 5342 899 5413 ἰταμοὺς.
933 5340 1237 5412 φλυάρους·
1275 5341 1368 5394 καὶ
1398 5341 1584 5407 ἀπλῶς
1610 5342 1790 5397 πάντα

208 5436 273 5491 τά
307 5436 598 5504 γυναικεῖα
640 5433 788 5505 πάθη
835 5434 905 5488 τά
956 5430 1331 5517 διεφθαρμένα
1365 5433 1652 5506 φέρουσαι,
1709 5436 1791 5497 εἰς

209 5529 302 5601 τὴν
341 5527 554 5581 τούτων
601 5527 1070 5599 ἐναπομάττονται
1094 5526 1294 5598 ψυχήν.
1338 5526 1646 5598 ’Λμήχανον
1678 5527 1788 5597 γὰρ

214 5621 301 5676 τὸν
329 5620 554 5689 γυναικὶ
574 5620 926 5674 συνοικοῦντα
955 5619 1097 5689 μετά
1122 5617 1468 5689 συμπαθείας
1494 5619 1785 5691 τοσαύτης,

214 5711 309 5765 καὶ
336 5714 461 5777 ταῖς
492 5713 719 5767 ἐκείνων
751 5713 1181 5784 ὲνστρεφὸμενον
1206 5714 1469 5783 ὁμιλίαις,
1502 5713 1578 5783 μὴ
1618 5714 1789 5784 ἀγύρ-

211 5821 311 5879 την
340 5808 463 5863 τινά
510 5804 673 5874 εἶναι,
719 5809 811 5863 καὶ
844 5808 1100 5878 ἀγοραῖον
1146 5808 1240 5863 καὶ
1281 5806 1621 5880 συρφετώδη.
1670 5809 1788 5863 Κᾶν

1898 4612 2129 4683 ceperit,
2160 4621 2391 4680 tumque
2420 4609 2652 4665 detonsa
2681 4609 2837 4681 juba,
2877 4608 2929 4662 ei
2962 4607 3155 4662 dentes
3169 4606 3477 4661 excusserit

1896 4719 2219 4775 unguesque
2234 4703 2518 4767 evulscrit,
2541 4701 2844 4757 deformem
2856 4714 2983 4755 eum
3002 4714 3066 4752 ac
3080 4690 3474 4775 deridiculum,

1897 4763 2145 4865 ipsisque
2169 4793 2358 4863 pueris
2388 4763 2550 4847 facile
2576 4790 2997 4862 expugnabilem
3018 4763 3220 4852 reddit,
3244 4788 3337 4858 qui
3369 4798 3479 4842 ter-

1897 4884 2077 4939 ribilis
2106 4899 2169 4939 ac
2200 4883 2565 4939 intolerabilis
2591 4890 2758 4947 esset,
2789 4883 3017 4952 soloque
3059 4880 3244 4951 rugitu
3279 4889 3478 4936 cuncta
3509 4869 3515 4878 ’

1896 4985 2169 5047 quateret.
2202 4976 2292 5031 Sic
2313 4985 2371 5031 et
2396 4976 2535 5040 istae,
2560 4989 2925 5045 quoscunque
2954 4972 3226 5042 ceperint,
3255 4971 3480 5026 diabolo

1901 5066 2187 5121 dedititios
2236 5066 2450 5144 faciunt
2480 5081 2544 5121 ac
2573 5065 2872 5129 obnoxios;
2893 5062 3192 5133 molliores,
3211 5066 3479 5120 calentio-

1902 5174 2011 5223 res,
2031 5157 2399 5227 impudentes,
2422 5157 2731 5221 dementes,
2758 5166 3018 5212 extrema:
3047 5157 3174 5214 bilis
3205 5157 3476 5222 homines,

1898 5250 2155 5313 audaces,
2191 5250 2563 5320 importunos,
2594 5250 2844 5321 ignavos,
2880 5249 3140 5313 immites,
3169 5250 3477 5304 servili-iu-

1897 5344 2081 5415 genio,
2116 5343 2432 5407 illiberalcs,
2478 5358 2765 5413 procaces,
2818 5358 3060 5414 nugaces
3093 5357 3476 5412 :prorsusquc

1897 5435 2198 5490 muliebres
2229 5449 2421 5489 omnes
2460 5433 2693 5489 allectus
2721 5434 3040 5497 aﬂ‘erentes,
3072 5429 3306 5489 istorum
3354 5435 3477 5488 ani-

1897 5529 2001 5585 mis
2023 5528 2367 5598 imprimunt.
2392 5525 2537 5582 Fieri
2563 5528 2711 5582 enim
2739 5543 2847 5582 non
2882 5535 3083 5597 potest,
3118 5535 3177 5581 ut
3216 5527 3309 5596 qui
3349 5543 3475 5581 cum

1897 5621 2229 5677 mulieribus
2282 5627 2433 5674 tanta
2485 5635 2703 5673 morum
2758 5618 3170 5690 all‘ectuumque
3219 5628 3478 5675 versatur

1898 5712 2328 5776 necessitudine,
2351 5712 2683 5783 illarumque
2697 5713 3084 5781 congressibus
3105 5728 3168 5767 ac
3188 5712 3480 5782 colloquiis

1902 5807 2098 5871 utitur,
2152 5822 2259 5860 non
2303 5808 2373 5859 sit
2404 5806 2703 5861 circulator
2745 5805 2969 5874 quidam
3018 5813 3075 5859 et
3128 5804 3480 5860 circumfora-
