4216 6438
721 363 824 424 739

1860 366 1921 421 ὃ.
1963 362 2244 421 ΜΛΧΙΜΙ
2284 364 2792 427 CONFESSORIS

3864 380 3968 441 740

720 488 859 527 neus
877 474 1110 544 vilisque
1138 490 1168 528 c
1200 476 1354 529 turba
1384 474 1772 527 homunculus.
1803 474 1936 527 Nam
1964 475 2066 527 etsi
2099 475 2291 543 loqua-
2320 483 2361 535 Α

2320 483 2361 535 Α
2393 478 2502 547 γὰρ
2538 478 2842 548 φθέγγηται
2883 496 2957 545 τι,
3004 481 3182 535 πάντα
3235 482 3342 535 ἀπὸ
3374 474 3482 536 τῶν
3527 486 3688 537 ἱστῶν
3733 486 3965 539 καὶτῶν

722 576 832 627 tur,
864 567 999 619 nihil
1057 566 1160 618 nisi
1222 566 1292 618 de
1339 566 1464 618 telis
1515 565 1762 633 lanisque
1800 566 2079 633 loquetur,
2140 564 2285 633 quod

719 658 1018 712 verborum
1060 659 1222 729 538
1265 659 1620 713 muliebrium
1654 660 1792 713 fucis
1852 660 2005 713 velut
2064 661 2287 714 tinctam

721 750 1094 819 infcctamque
1121 751 1361 819 linguam
1397 752 1568 805 habet
1624 770 1636 805 :
1681 754 1796 805 sive
1855 751 2021 806 iaciat
2054 752 2285 820 aliquid,

720 840 998 893 serviliter
1030 842 1325 894 admodum
1352 842 1403 895 id
1430 842 1579 905 facit,
1610 858 1775 911 quam
1826 844 2018 912 procul
2049 858 2079 897 a
2129 842 2291 897 Chri-

720 930 896 982 stiana
934 930 1236 985 abscedens
1278 932 1642 1001 ingenuitate,
1704 948 1806 987 nec
1845 934 1913 987 ad
1968 935 2132 988 ullam
2171 949 2291 987 ma-

721 1035 955 1086 gnorum
989 1037 1281 1075 munerum
1310 1031 1475 1091 atque
1498 1024 1770 1077 virtutum
1793 1023 2136 1078 iunctionem
2185 1025 2295 1077 uti-

722 1107 809 1159 lis.

792 1197 948 1266 Greg.
1001 1198 1155 1270 Nyss.
1206 1230 1275 1239 —
1323 1200 1587 1255 Dominus
1620 1202 1813 1257 beatos
1847 1201 2132 1271 praedicat,
2180 1218 2292 1256 non

721 1286 817 1355 qui
859 1295 1011 1340 extra
1081 1304 1301 1341 omnem
1370 1291 1841 1358 perturbationem
1909 1291 2104 1345 vivunt
2160 1292 2292 1361 (non

722 1378 871 1432 enim
896 1378 1013 1432 ﬁeri
1040 1387 1239 1447 potest,
1272 1390 1331 1432 ut
1355 1381 1408 1433 in
1437 1383 1640 1434 carnali
1677 1382 1787 1435 vita
1814 1397 1877 1435 ac
1914 1390 2152 1444 terrena,
2178 1382 2292 1450 spi-

724 1466 939 1519 ritalem
980 1470 1205 1521 omnino
1268 1468 1546 1536 nullisque
1610 1469 1903 1523 obnoxiam
1956 1486 2021 1525 ac
2063 1484 2293 1524 summa:

724 1558 1143 1626 tranquillitatis
1170 1560 1334 1612 vitam
1367 1559 1638 1629 agamus),
1669 1562 1763 1614 sed
1786 1562 1881 1629 qui
1909 1561 1976 1614 ad
2009 1562 2292 1616 naturales

722 1652 1089 1721 appetitiones
1118 1661 1281 1721 atque
1310 1651 1539 1705 allectus
1570 1666 1711 1721 aegre
1742 1652 2000 1722 Ienteque
2030 1667 2292 1707 movean-

724 1750 836 1795 tur.

2392 566 2553 634 ἐρίων
2604 566 2913 634 φθέγξεται,
2946 568 3046 637 τῆς
3096 570 3343 642 γλώττης
3387 574 3551 626 αύτοῦ
3596 578 3663 644 τῇ
3720 577 3964 644 ποιότητι

2392 656 2503 709 τῶν
2529 658 2857 723 γυναικείων
2893 659 3341 731 ἀναχρωσθείσης
3374 666 3637 733 ῥημάτων
3658 682 3671 695 ’
3708 666 3806 718 κᾶν
3836 671 3965 735 ποιῇ

2391 762 2465 809 τιν
2522 748 2660 816 μετά
2709 747 2907 819 πολλῆς
2960 751 3118 803 τοῦτο
3168 753 3459 823 ἐργάζεται
3515 754 3963 825 ὁουλοπρεπείας,

2393 840 2581 910 πόρρω
2607 841 2711 911 τῆς
2740 846 2853 906 τοῖς
2890 844 3238 914 Χριστιανοῒς
3280 849 3603 919 πρεπούσης
3652 850 3965 919 ἐλευθερίας

2393 932 2586 985 ἑαυτὸν
2614 934 2926 999 ἀποικίσας,
2958 938 3052 989 καὶ
3076 938 3197 990 οὐδὲ
3226 939 3363 1007 πρὸς
3390 940 3542 992 οὐδὲν
3567 942 3677 993 τῶν
3713 942 3969 1009 μεγάλων

2393 1024 2831 1096 κατορθωμάτων
2863 1030 3152 1099 γενόμενος
3179 1032 3469 1102 χρήσιμος.

2464 1198 2649 1265 Γρηγ.
2694 1198 2968 1266 Νύσσης.
2997 1229 3067 1242 -—-
3096 1203 3407 1274 Μακαρίζει
3437 1206 3465 1258 ὀ
3504 1206 3725 1276 Κύριος,
3753 1209 3815 1259 ού
3842 1211 3968 1270 τοὺς

2394 1282 2500 1347 ἔξω
2525 1286 2731 1349 πάθους
2767 1288 3109 1358 βιοτεύοντας
3154 1294 3237 1362 (οὐ
3270 1295 3381 1363 γὰρ
3415 1295 3641 1348 δυνατὸν
3672 1300 3728 1349 ὲν
3776 1299 3965 1350 ύλώὸει

2395 1374 2509 1446 ζωῇ
2555 1378 2646 1429 τὸν
2688 1379 2851 1432 άῦλον
2904 1380 3131 1435 καθόλου
3179 1385 3272 1436 καὶ
3323 1386 3510 1457 ἀπαθῆ
3552 1388 3967 1457 κατορθωθῆναι

2396 1466 2557 1534 βίον),
2593 1468 2729 1523 ἀλλὰ
2780 1472 2916 1542 πρὸς
2960 1472 3061 1535 τὰς
3108 1472 3209 1543 τῆς
3255 1474 3469 1542 φύσεως
3509 1478 3691 1547 ὁρμὰς
3726 1479 3967 1547 βραδέως

2394 1557 2489 1610 καὶ
2517 1559 2850 1631 δυσκινήτως
2876 1563 3117 1632 ἔχοντας.

789 1832 951 1887 Omni
979 1834 1138 1901 plane
1168 1832 1301 1893 vitio
1322 1832 1478 1903 quasi
1506 1847 1630 1886 esea
1653 1832 1899 1902 quaedam
1917 1841 2168 1903 prostans
2191 1848 2291 1887 νο·
2320 1816 2365 1873 Β

2320 1816 2365 1873 Β
2466 1821 2653 1890 Πάσης
2684 1823 2858 1887 ὅντως
2888 1825 3085 1889 κακίας
3117 1821 3227 1881 οἶόν
3266 1845 3317 1882 τι
3345 1830 3539 1900 δέλεαρ
3571 1832 3605 1900 ή
3630 1831 3790 1901 ἠδονὴ
3828 1850 3962 1903 προ-

724 1925 925 1993 luptas,
954 1924 1269 1993 cupidiores
1298 1925 1516 1978 animos
1550 1923 1604 1977 in
1637 1925 1965 1994 perditionis
1983 1925 2143 1980 lacile
2187 1924 2290 1979 ha-

721 2029 869 2066 mum
912 2013 1098 2066 trahit.

790 2104 1093 2159 Clememis.
1128 2130 1198 2144 -—-
1228 2106 1512 2175 Virginum
1542 2107 1827 2175 corruptio
1854 2106 2117 2176 velutquc
2168 2116 2288 2161 stu-

719 2196 899 2264 pratio
928 2195 1156 2259 dicitur,
1193 2196 1395 2250 nedum
1424 2198 1703 2261 seortatio,
1747 2214 1937 2252 verum
1992 2200 2157 2252 etiam
2191 2199 2291 2252 im-

718 2298 937 2341 matura
962 2298 1121 2342 a:tate
1149 2289 1414 2352 eloeatio;
1447 2304 1595 2353 cum,
1626 2299 1681 2343 ut
1714 2289 1786 2343 ita
1814 2290 2015 2349 dicam,
2062 2291 2150 2343 vel
2174 2290 2289 2359 ipsa

721 2396 752 2433 a
798 2395 878 2443 se,
926 2381 1011 2433 Vel
1060 2396 1089 2434 a
1135 2380 1482 2449 parentibus,
1548 2380 1840 2435 immatura
1885 2382 2001 2436 viro
2049 2383 2289 2436 colloca-

721 2481 831 2522 tur.

790 2560 875 2613 Ea:
905 2559 1175 2613 Patribus.
1214 2590 1282 2600 —
1312 2561 1499 2615 Rebus
1517 2570 1755 2631 quatuor
1795 2563 2057 2617 seortatio
2086 2564 2287 2617 excita-

720 2660 842 2715 tur;
874 2650 981 2704 cibi
1011 2660 1280 2719 potusque
1306 2650 1624 2718 saturitate;
1648 2651 1825 2707 somni
1858 2654 2145 2716 satietate;
2175 2652 2288 2706 otio

714 2752 776 2798 et
807 2743 931 2797 lusu
958 2743 1216 2811 inanique
1248 2743 1587 2811 garrulitate,
1647 2757 1713 2798 ac
1746 2742 2025 2813 superﬂuo
2053 2745 2286 2798 vestium

716 2843 939 2888 ornatu.

791 3005 921 3059 Nili.
960 3035 1030 3046 —
1066 3006 1307 3061 Remove
1329 3020 1360 3061 a
1389 3006 1623 3075 conjuge
1654 3014 1743 3059 tua
1778 3003 2095 3058 eunuchum
2136 3002 2287 3056 Sma-

718 3099 978 3169 ragdum;
998 3114 1123 3153 nam
1143 3098 1245 3153 etsi
1269 3098 1501 3167 geminis
1523 3096 1758 3152 testibus
1780 3094 2012 3148 inferius
2031 3103 2288 3148 exsectos

2396 1911 2678 1983 6ληθεῖσα,
2731 1915 2968 1980 εὐκόλως
3012 1919 3111 1982 τάς
3170 1920 3481 1991 λιχνοτέρας
3536 1922 3714 1991 ψυχὰς
3772 1926 3867 1977 ἐπὶ
3907 1926 3968 1977 τὸ

2394 1998 2691 2071 ἄγκιστρον
2717 2004 2816 2073 τῆς
2842 2006 3115 2071 ἀπωλείας
3142 2011 3449 2080 ἐφέλκεται.

2468 2096 2839 2165 Κλήμεντος.
2877 2127 2941 2140 -
2975 2102 3270 2173 Παρθένων
3300 2108 3475 2178 φθορά
3510 2111 3747 2179 λέγεται,
3780 2104 3844 2168 ού
3874 2118 3968 2185 μύ-

2396 2204 2485 2240 νον
2527 2190 2774 2259 πορνεία,
2818 2193 2953 2247 ἀλλὰ
2986 2196 3078 2247 καὶ
3114 2198 3145 2263 ἡ
3180 2197 3285 2266 πρὸ
3309 2200 3501 2267 καιροῦ
3531 2202 3739 2267 ἔκδυσις
3762 2222 3776 2235 ο
3811 2207 3964 2271 ὅταν,

2394 2277 2469 2340 ὡς
2499 2280 2697 2344 εἰπεῖν,
2728 2282 2906 2354 ἄωρος
2930 2284 3123 2356 ἐκδοθῇ
3140 2286 3217 2356 τῷ
3234 2288 3408 2359 ἀνδρὶ,
3434 2292 3550 2359 ἦτοι
3580 2294 3671 2363 ἀφ’
3692 2296 3910 2365 ἑαυτῆς,
3930 2299 3963 2364 ἦ

2396 2370 2547 2441 παρὰ
2573 2372 2679 2425 τῶν
2711 2374 2934 2442 γονέων.

2478 2549 2571 2603 Ἐκ
2601 2549 2719 2604 τῶν
2751 2552 3045 2621 Πατέρων.
3080 2584 3144 2594 —-
3178 2557 3276 2609 Διά
3308 2558 3589 2629 τεσσάρων
3623 2561 3966 2630 πραγμάτων

2393 2639 2666 2711 ἐγείρεται
2712 2644 2745 2713 ἡ
2798 2645 3047 2715 πορνεία,
3097 2647 3161 2698 ὲκ
3192 2647 3286 2700 τοῦ
3328 2654 3521 2716 φαγεῖν
3568 2654 3661 2702 καὶ
3696 2656 3840 2703 πιεῖν
3885 2655 3966 2714 εἰς

2394 2731 2740 2801 πλησμονήν
2774 2734 2867 2788 καὶ
2914 2737 2943 2788 ὁ
2985 2736 3147 2805 κόρος
3175 2738 3269 2791 τοῦ
3311 2739 3503 2801 ὕπνου,
3560 2742 3655 2792 καὶ
3688 2742 3747 2793 τὸ
3776 2744 3968 2811 ἀργεῖν

2394 2822 2488 2872 καὶ
2510 2821 2727 2883 παίζειν
2756 2824 2849 2875 καὶ
2876 2822 3227 2892 ἀργολογεῖν·
3259 2827 3356 2879 καὶ
3382 2830 3410 2880 ὁ
3438 2829 3825 2898 καλλωπισμὸς
3851 2833 3967 2883 τῶν

2395 2909 2644 2976 ἱματίων.

2463 3003 2701 3056 Νείλου.
2737 3033 2805 3044 -
2848 3002 3181 3076 ’Δπὸστησον
3216 3007 3327 3061 ἀπὸ
3354 3008 3452 3077 τῆς
3483 3010 3716 3079 συμϐίου
3749 3028 3843 3064 σου
3872 3012 3968 3065 τὸν

2395 3092 2648 3161 εὐνοῦχον
2684 3093 3001 3162 Σμάραγδον
3022 3111 3036 3125 ·
3066 3096 3167 3148 κᾶν
3202 3098 3310 3166 γὰρ
3342 3097 3523 3169 δοκοίη
3550 3100 3658 3151 τῶν
3689 3102 3837 3153 κάτω
3882 3104 3967 3154 δι·-

717 3164 958 3255 videtur,
1015 3191 1181 3245 habet
1229 3164 1408 3243 tamen
1457 3187 1646 3242 nescio
1701 3186 1977 3255 quomodo
2036 3164 2357 3254 geminosc

2315 3164 2357 3221 (δ
2386 3183 2573 3252 δύμων
2612 3183 3004 3255 ἐκτετμῆσθαι,
3032 3186 3145 3242 ἀλλ’
3175 3164 3290 3243 ἀνω
3310 3190 3423 3260 ἔχει
3482 3164 3539 3242 ὲν
3578 3192 3656 3262 τῷ
3688 3193 3966 3265 προσώπῳ

718 3284 777 3337 in
808 3284 945 3338 facie
975 3284 1185 3346 oculos,
1216 3281 1312 3351 qui
1346 3279 1643 3333 libidinose
1678 3277 1995 3347 inspiciant,
2040 3277 2288 3345 malaque

714 3376 827 3443 jam
860 3374 1177 3429 testimonia
1214 3388 1277 3427 ac
1307 3385 1556 3426 rumores
1579 3371 1877 3425 asciscant.

788 3466 999 3537 Cyrilli.
1043 3497 1096 3506 —
1130 3466 1287 3520 Fumi
1312 3466 1506 3527 instar,
1537 3473 1631 3517 aut
1658 3462 1824 3519 etiam
1851 3461 2019 3516 veluti
2056 3474 2290 3528 vapores

717 3561 967 3630 quidam,
1020 3560 1313 3613 insitarum
1373 3558 1430 3611 in
1481 3557 1642 3611 nobis
1694 3556 2041 3623 voluptatum
2103 3554 2291 3621 vigent

718 3652 1016 3720 appetitus.
1079 3649 1186 3704 Sed
1234 3648 1329 3718 qui
1387 3657 1703 3717 temperans
1760 3654 1926 3715 atque
1983 3644 2144 3698 fortis
2180 3653 2287 3707 est,

718 3750 903 3796 mutus
927 3740 1169 3802 cohibet,
1221 3754 1324 3793 nec
1371 3738 1605 3793 ulterius
1638 3736 1772 3791 sinit
1826 3733 2106 3805 progredi,
2160 3733 2292 3787 atl‘e-

719 3842 981 3901 ctumque
1008 3831 1189 3885 adhuc
1236 3830 1566 3885 imbecillem
1616 3828 1774 3883 facile
1822 3826 2157 3897 comprimit.
2186 3824 2291 3892 Qui

719 3931 906 3977 autem
961 3923 1141 3991 segnis
1184 3930 1249 3975 ac
1280 3921 1563 3991 negligens
1609 3928 1716 3984 est,
1764 3919 2009 3974 admittit
2066 3916 2290 3988 quidem

721 4013 1117 4065 subnascentes
1140 4012 1451 4079 voluptates
1482 4011 1634 4064 velut
1657 4010 1834 4063 nudas
1864 4010 2048 4063 adhuc
2089 4009 2294 4079 cogita-

719 4106 901 4159 tiones
928 4121 941 4156 :
973 4104 1299 4172 permittens
1332 4118 1464 4158 vero
1489 4103 1544 4157 in
1576 4102 1746 4157 latum
1772 4102 2055 4172 progredi,
2076 4116 2291 4156 summe

718 4196 970 4258 arduam,
997 4208 1060 4247 ac
1102 4208 1170 4247 ne
1204 4194 1296 4246 vix
1328 4193 1556 4262 quidem
1602 4192 1976 4257 eluctabilem,
2026 4192 2293 4246 resisten-

718 4285 849 4338 tiam
876 4284 1139 4339 olfendet.
1171 4282 1275 4350 Qui
1310 4284 1459 4338 enim
1483 4285 1595 4354 jam
1634 4284 1815 4337 victus
1859 4290 1944 4337 est
1966 4298 2031 4337 ac
2068 4297 2295 4352 supera-

720 4386 832 4441 tus,
855 4390 1078 4429 suarum
1108 4374 1319 4428 arbiter
1361 4374 1708 4428 voluntatum
1733 4388 1843 4427 non
1882 4380 1967 4427 est
2001 4388 2015 4426 :
2040 4372 2175 4441 quin
2198 4386 2295 4441 po-

2392 3290 2509 3335 πως
2541 3274 2667 3335 τοὺς
2697 3274 2951 3345 διδύμους
2996 3277 3329 3347 ὀφθαλμοὺς,
3361 3282 3628 3346 ἐμπαθῶς
3659 3284 3965 3351 ἐμϐλέπονο

2388 3381 2509 3427 τας,
2542 3366 2636 3418 καὶ
2667 3366 3095 3437 ἐπισυρομένους
3121 3369 3219 3439 ήδη
3255 3372 3498 3442 πονηρὰς
3529 3374 3856 3443 μαρτυρίας.

2461 3457 2786 3526 Κυρίλλου.
2816 3489 2888 3499 -
2919 3461 3143 3515 Καπνοῦ
3184 3461 3360 3532 δίκην,
3409 3464 3441 3533 ἢ
3486 3467 3579 3518 καὶ
3601 3465 3788 3537 ὥσπερ
3818 3468 3967 3531 τινὲς

2390 3550 2554 3619 ἀτμοὶ
2594 3549 2703 3603 τῶν
2750 3552 3007 3621 ἐμφύτων
3042 3554 3245 3624 ἡδονῶν
3296 3556 3611 3626 ἀνίσχουσιν
3638 3560 3697 3611 ὲν
3744 3560 3875 3629 ἡμῖν
3907 3565 3967 3613 ai

2390 3643 2619 3715 ὀρέξεις.
2664 3645 2803 3697 Ἀλλ’
2829 3649 2857 3699 ὁ
2893 3647 2992 3716 μὲν
3024 3647 3257 3719 σώφρων
3286 3650 3381 3702 καὶ
3419 3652 3687 3715 νεανικὸς,
3736 3654 3971 3722 ἐπιτιμᾷ,

2391 3737 2502 3797 τοῖς
2535 3735 2825 3805 κινήμασι,
2856 3737 2950 3789 καὶ
2990 3737 3304 3808 περαιτέρω
3336 3740 3617 3810 προελθεῖν
3650 3743 3750 3795 οὐκ
3790 3745 3854 3812 ἑᾷ
3875 3759 3887 3771 °
3920 3738 3971 3810 ᾧ

2392 3825 2488 3879 καὶ
2532 3826 2761 3897 ἀδρανὲς
2797 3826 2858 3880 ὃν
2884 3827 2963 3880 ἔτι
2994 3828 3056 3881 τὺ
3103 3830 3273 3895 πάθος
3301 3833 3529 3902 ἥττηται
3566 3834 3764 3904 ῥαδίως
3789 3852 3803 3866 ο
3847 3835 3876 3888 ό
3906 3837 3968 3889 δὲ

2394 3916 2639 3988 ῥᾴθυμος
2688 3919 2782 3971 καὶ
2837 3920 3310 3991 κατημελημένος,
3363 3925 3661 3994 εἰσδέχεται
3717 3927 3815 3994 μὲν
3867 3930 3987 3991 τὰς

2392 4010 2500 4063 τῶν
2541 4010 2742 4079 ἡδονῶν
2774 4011 2949 4080 ἀρχὰς
2980 4012 3054 4073 ὡς
3083 4014 3292 4076 ἐννοίας
3320 4014 3401 4066 ἔτι
3439 4016 3630 4083 ψιλάςο
3666 4019 3970 4087 ἐπιτρέψας

2392 4102 2448 4154 δὲ
2479 4100 2761 4171 προελθεῖν
2789 4102 2869 4164 είς
2894 4101 3116 4167 πλάτος,
3151 4104 3585 4176 δυσχερεστάτην
3617 4107 3839 4176 εὑρήσει
3868 4112 3971 4178 τὴν

2392 4192 2706 4245 ἀντίστασιν
2737 4196 2833 4263 (ο).
2880 4193 2940 4246 ’0
2966 4194 3073 4264 γὰρ
3104 4196 3374 4265 προαλοὺς
3404 4198 3500 4250 καὶ
3527 4202 3967 4269 προηττημένος,

2394 4282 2452 4333 ού
2480 4280 2589 4333 τῶν
2623 4282 2768 4335 ἰδίων
2792 4284 2941 4335 ἐστὶν
2984 4284 3306 4354 θελημάτων
3352 4287 3588 4357 Κύριοςο
3636 4290 3922 4344 ὑπόκειται
3952 4294 3967 4322 ⁸

2392 4373 2450 4429 δὲ
2497 4372 2698 4443 μᾶλλον
2774 4374 3024 4447 καθάπερ
3074 4378 3181 4430 τινὶ
3214 4378 3484 4450 Βαρϐάρῳ
3541 4380 3620 4451 τῷ
3675 4384 3965 4453 νικήσαντι

718 4468 849 4529 tius,
885 4482 989 4521 ceu
1012 4465 1259 4521 Barbaro
1279 4464 1497 4521 cuidam
1513 4464 1713 4520 victori
1726 4464 1950 4520 οπεοιυὶ
1968 4471 2135 4535 atque
2156 4462 2293 4518 vitio
2324 4499 2369 4554 ο
2395 4462 2575 4517 πάθει.

714 4558 984 4630 subjacet.

1354 4624 1657 4679 Menandri.

853 4740 1083 4795 Castitas
1108 4740 1315 4795 virtutis
1344 4738 1769 4809 promptuarium
1820 4746 1916 4792 est.

780 4830 1061 4888 Jamblichi
1084 4846 1148 4885 ea:
1178 4828 1430 4900 Epistolis
1454 4829 1519 4881 de
1550 4830 1815 4883 castitate.
1840 4858 1910 4867 —
1938 4828 2126 4883 Virtus
2165 4841 2282 4883 om-

2988 4621 3355 4691 Μενάνδρου.

2536 4732 2779 4800 Ταμεῖόν
2807 4734 2978 4787 ἐστιν
3009 4734 3224 4803 ἀρετῆς
3271 4737 3309 4803 ἡ
3341 4740 3727 4807 σωφροσύνη.

2474 4825 2805 4894 Ἰαμόλίχου
2847 4827 2916 4889 ἐξ
2964 4826 3342 4881 Ἐπιστολῶν
3363 4831 3495 4899 περὶ
3534 4834 3975 4902 σωφροσύνης·

2012 4966 2247 5023 νΑῐιικΕ
2285 4966 2694 5023 LECTIONES.

784 5065 804 5097 ¹
834 5064 975 5118 ἄλλ.
1029 5062 1400 5116 ὑποκείσεται.

2232 5148 2468 5208 NOTAE.

778 5249 1347 5325 (ο)Δυσχερεο’τάτην
1373 5246 1615 5325 εύρήσει
1638 5247 1755 5314 τὴν
1773 5246 2150 5325 ἀντίστασιν.
2176 5246 2289 5301 Ma-

716 5316 797 5380 lui
830 5316 1324 5381 hane'lectionem,
1360 5319 1517 5386 cujus
1545 5326 1603 5372 et
1629 5332 1825 5387 sensus
1850 5316 2070 5381 clarior,
2097 5332 2283 5387 quam,

716 5404 778 5450 ot
805 5392 921 5455 alii,
954 5391 1238 5445 ἀντίδοσιν.
1270 5389 1619 5457 Signiﬁcatur
1660 5386 1829 5440 ardua
1858 5394 2091 5457 etpene
2122 5386 2290 5441 insu-

716 5462 979 5535 perabilis
1003 5460 1299 5535 affectuum
1329 5455 1659 5518 resistentia,
1678 5471 1817 5535 cum
1844 5455 1968 5535 quis
1988 5457 2099 5525 jam
2130 5457 2288 5510 adul-

718 5525 802 5587 ξος
838 5540 1070 5586 conatur
1102 5530 1423 5597 exstirpare,
1461 5542 1630 5595 seque
1677 5526 1795 5597 illis
1834 5525 2101 5597 eximere,
2151 5541 2290 5595 pene

717 5604 930 5672 captiva
950 5595 1386 5672 voluntate,'nec
1411 5598 1543 5672 satis
1570 5596 1654 5672 sui
1682 5596 1912 5672 arbitra;
1936 5595 2291 5672 δυσχερεστά-

716 5665 815 5741 την
842 5671 1127 5731 ἀντίδοσιν,
1163 5668 1307 5737 quod
1339 5666 1563 5741 exponit
1595 5666 1762 5741 Gesn.
1808 5665 2171 5741 difﬁcillimum
2205 5682 2289 5741 re-

720 5735 975 5803 medium;
1000 5735 1194 5793 vereor
1232 5755 1300 5791 ne
1342 5735 1549 5791 medice
1584 5735 1755 5804 inagis
1792 5750 1952 5803 quam
1987 5735 2289 5804 theologice

2396 5248 2608 5303 dictum
2652 5248 2723 5321 ab
2769 5262 2837 5303 eo
2862 5248 2977 5321 _sit.
3022 5248 3290 5302 ἀντίδοτον
3336 5250 3764 5321 remediumdsit,
3814 5257 3985 5321 quasi

2394 5328 2587 5373 contra
2612 5319 2814 5372 malum
2844 5318 3030 5372 datum
3057 5326 3151 5372 aut
3180 5334 3490 5384 venenum;
3518 5319 3783 5382 ἀντίδοσις
3818 5318 3991 5376 fatri-

2386 5390 2566 5460 butio;
2612 5390 2779 5460 vices;
2822 5388 3156 5460 ἀντιδοθείσά
3204 5390 3497 5460 παρθένου,
3543 5388 3707 5458 Greg.
3752 5392 3989 5460 virginis

2389 5458 2500 5511 loco
2524 5458 2673 5512 data.
2713 5458 2812 5512 Hic
2847 5472 2979 5528 ergo
3023 5457 3856 5528 reddam,diﬁicillimam’rvicevn
3890 5463 3992 5514 in-

2387 5529 2573 5597 veniat,
2596 5542 2659 5580 ac
2691 5542 2832 5596 pene
2866 5526 3318 5595 insuperabileln,
3353 5526 3450 5596 pro
3492 5544 3556 5582 ea
3605 5527 3987 5597 indulgentia,

2388 5612 2493 5667 qua
2517 5596 2751 5651 allectus
2776 5597 3022 5663 vitiaquc
3052 5598 3291 5665 primum
3323 5599 3451 5651 sivit
3482 5613 3728 5651 crescere
3755 5596 3809 5652 et
3840 5600 3991 5653 ado-

2390 5668 2616 5729 lescere,
2650 5676 2814 5736 atque
2844 5668 2981 5720 altas
3009 5667 3193 5720 animo
3223 5667 3436 5731 radices
3463 5683 3643 5737 agere.
