4216 6438
220 411 323 476 761

1525 407 1694 469 LOCI
1733 408 2171 472 COMMUNES.

3363 421 3470 486 742

216 553 288 570 —-
321 525 476 578 Πᾶσα
508 523 609 594 μὲν
645 522 816 594 ἀρετη
861 520 923 574 τὸ
951 519 1251 590 θνητοειδὲς
1278 520 1389 574 πᾶν
1428 519 1707 590 ἀτιμάζει,
1737 522 1792 574 τὸ

1900 521 1988 575 nis
2030 521 2300 590 quidquid
2354 523 2586 578 mortale
2647 524 2859 595 aliquid
2910 524 3116 592 refert,
3181 530 3467 601 repudiat;

215 620 275 672 δὲ
309 619 579 674 ἀθάνατον
617 614 943 678 ἀσπάζεται.
977 613 1120 664 Πολὺ
1149 611 1207 664 δὲ
1237 611 1603 682 διαφερόντως
1630 613 1663 680 ἠ
1691 628 1796 664 σω⁴

217 709 465 780 φροσύνη
500 707 704 775 ταύτην
733 705 849 774 ἔχει
879 704 976 775 τὴν
1001 703 1254 774 σπουδὴν,
1278 703 1375 757 ἆτε
1403 703 1468 771 δὴ
1500 703 1600 766 τὰς
1627 720 1796 774 προσ-

214 801 454 872 ηλούσας
483 799 561 869 τῷ
612 797 826 867 σώματι
869 795 970 866 τὴν
999 795 1176 865 ψυχὴν
1207 794 1397 865 ἡδονάς
1427 794 1793 865 ἀτιμάζουσα,

219 893 319 946 καὶ
358 894 415 944 ὲν
467 891 653 958 ἁγνοῖς
692 887 917 958 βάθροις
964 885 1201 956 βεϐῶσα,
1254 884 1328 948 ὣς
1371 902 1501 954 φησι
1546 885 1794 939 Πλάτων.

214 983 344 1045 Πῶς
371 982 480 1051 γάρ
525 982 559 1050 ἡ
595 977 919 1050 σωφροσύνη
965 977 1206 1038 τελείους
1244 977 1391 1046 ἡμᾶς
1433 976 1496 1028 οὐ
1542 977 1706 1038 ποιεῖ,
1733 976 1795 1028 τὸ

214 1072 404 1135 ἀτελὲς
461 1072 558 1124 καίΙ
619 1069 866 1140 ἐμπαθὲς
911 1067 1034 1120 ὅλον
1089 1065 1182 1134 ἀφ’
1224 1066 1381 1135 ἡμῶν
1429 1065 1790 1136 ὲΕορίζουσιε

217 1165 414 1234 Γνοίης
453 1164 498 1217 δ’
531 1163 598 1217 ἂν
631 1163 706 1225 ὼς
748 1160 906 1213 τοῦτο
939 1158 1112 1222 οὕτως
1145 1159 1276 1228 ἔχει,
1307 1157 1398 1210 τὸν
1435 1156 1796 1228 Βελλεροφόν-

215 1272 318 1324 την
344 1254 627 1322 ἐννοήσας,
663 1251 740 1313 ὡς
791 1248 930 1319 μετὰ
970 1251 1070 1319 τῆς
1104 1250 1463 1318 κοσμιότητος
1496 1264 1794 1315 συναγωνι-

216 1344 465 1414 ζόμενος,
498 1343 598 1413 τὴν
626 1341 910 1410 Χίμαιραν
941 1340 1038 1391 καὶ
1064 1339 1123 1392 τὸ
1175 1339 1442 1408 θηριῶδες
1470 1339 1562 1391 καὶ
1605 1339 1795 1408 ἄγριον

217 1436 313 1488 καὶ
339 1435 616 1504 ἀνήμερον
646 1431 812 1500 φῦλον
841 1431 950 1483 πᾶν
980 1430 1210 1482 ἀνεῖλεν.
1248 1429 1424 1492 Ὄλως
1460 1427 1566 1498 γάρ
1602 1429 1634 1498 ὴ
1677 1428 1789 1479 τῶν

218 1526 410 1580 παοῶν
440 1526 676 1594 ἄμετρος
708 1521 1037 1592 ἐπικράτεια
1081 1520 1202 1573 οὐδὲ
1224 1521 1545 1590 ἀνθρώπους
1568 1519 1791 1590 ἀφίησιν

217 1616 356 1673 εῖναι
401 1619 527 1680 τοὺς
559 1615 914 1685 ἀνθρώπους,
961 1613 1098 1683 πρὸς
1125 1613 1182 1665 δὲ
1229 1611 1324 1683 τὴν
1373 1612 1655 1680 ἀλόγιστον
1690 1611 1792 1664 αύ-

217 1711 340 1771 τοὺς
373 1709 526 1759 emt
561 1707 721 1774 φύσιν
755 1704 851 1758 καί⁸
884 1701 1127 1773 θηριώδη
1157 1703 1251 1755 καὶ
1283 1705 1538 1756 ἄτακτον.

1891 611 2037 680 quod
2076 627 2210 665 vero
2234 614 2544 667 immortale
2578 625 2683 679 est,
2727 616 2781 669 id
2811 617 3185 686 amplectitur.
3219 619 3325 673 Sed
3360 637 3473 690 pra:

1893 703 2124 770 reliquis
2145 703 2344 757 eximie
2370 707 2598 760 castitas
2621 706 2727 760 hoc
2760 707 2945 761 studio
2974 715 3234 775 tenetur;
3267 711 3472 779 quippe

1891 806 2013 859 qua:
2036 792 2349 860 voluptates
2373 808 2470 847 seu
2495 794 2757 849 libidines
2790 796 3035 850 animum
3059 799 3284 867 corpori
3319 799 3476 853 addi—

1892 891 2081 936 eentes
2109 890 2455 952 aspernetur,
2488 893 2546 938 et
2576 886 2631 939 in
2687 886 2855 940 castis
2905 887 3154 953 sedibus,
3187 900 3246 942 ut
3279 900 3473 944 auctor

1891 982 1976 1026 est
2007 974 2183 1038 Plato,
2209 975 2361 1029 lirma
2394 977 2681 1032 consistat.
2719 977 2824 1044 Qui
2848 979 2997 1033 enim
3054 994 3152 1032 nos
3189 979 3351 1050 539
3379 996 3473 1035 ca--

1893 1062 2052 1117 stitas
2084 1065 2361 1132 perfectos
2384 1081 2496 1119 non
2523 1068 2737 1130 reddat,
2770 1083 2895 1122 cum
2950 1069 3219 1139 quidquid
3268 1071 3466 1140 imper-

1893 1152 2098 1207 fectum
2125 1164 2230 1220 est,
2261 1155 2508 1225 vitioque
2545 1157 2762 1212 haerens
2790 1174 2853 1212 ac
2887 1159 3274 1224 libidinosum,
3300 1176 3331 1214 a
3375 1177 3472 1214 no-

1893 1244 1981 1297 bis
2013 1247 2382 1301 exterminet?
2411 1251 2592 1317 Atque
2655 1250 2760 1304 hoc
2806 1250 2878 1303 ita
2938 1265 2996 1305 se
3049 1251 3256 1306 habere
3309 1251 3471 1306 lacile

1896 1335 2191 1404 intelligas,
2217 1339 2263 1392 si
2295 1339 2784 1409 Bellerophontem
2839 1341 3280 1398 consideraveris
3329 1359 3472 1412 quo-

1897 1428 2062 1480 modo
2087 1431 2340 1484 castitate
2385 1433 2589 1486 comite
2632 1441 2984 1497 concertans,
3034 1433 3361 1489 Chimaeram
3389 1435 3473 1490 fe—

1899 1535 2132 1588 rumque
2152 1536 2326 1589 genus
2347 1538 2512 1578 omne
2532 1532 2590 1577 et
2615 1533 2829 1594 agreste
2860 1534 3025 1594 atque
3049 1526 3259 1579 immite
3291 1535 3476 1581 sustu-

1899 1611 2045 1664 lerit.
2078 1612 2316 1667 Omnino
2343 1615 2494 1668 enim
2521 1615 2818 1670 aﬂ‘ectuum
2845 1631 2941 1669 seu
2960 1616 3252 1670 libidinum
3278 1616 3473 1672 immo-

1898 1701 2024 1755 dica
2048 1703 2134 1757 vis
2162 1718 2224 1757 ac
2255 1705 2512 1772 victoria,
2547 1721 2617 1761 ne
2646 1705 2899 1761 homines
2931 1706 3158 1775 quidem
3215 1707 3472 1763 homines

214 1815 338 1852 esse
369 1799 526 1862 sinit,
586 1795 684 1851 sed
743 1794 798 1848 in
862 1793 1156 1848 brutorum
1205 1786 1550 1862 ferinamque
1604 1807 1668 1846 ac
1708 1791 2080 1846 inordinatam
2127 1809 2227 1850 eos
2273 1794 2540 1860 indolem,
2591 1797 2863 1851 exstincta
2927 1797 3052 1852 luce
3083 1797 3318 1852 rationis
3361 1807 3472 1853 tra-

280 1985 549 2054 Μὲμνησο
580 1981 742 2052 λιμοῦ
776 1981 872 2036 καὶ
913 1981 1128 2051 δίψουςο
1161 1978 1336 2034 ταῦτα
1386 1979 1494 2049 γὰρ
1533 1977 1790 2032 δύνανται

1965 1977 2073 2030 Fac
2112 1977 2212 2031 tibi
2257 1977 2434 2034 fames
2471 1985 2528 2034 et
2581 1981 2705 2034 sitis
2736 1983 2792 2035 in
2823 1992 3066 2038 mentem
3101 1983 3321 2037 veniat:
3356 1983 3471 2038 haec

213 2073 472 2145 μεγάλως
509 2074 621 2136 τοῖς
655 2069 1012 2142 σωφροσύνην
1039 2069 1348 2124 διώκουσιν.

286 2251 394 2304 Ἕκ
414 2248 533 2304 τῶν
553 2247 1242 2319 Ἀριστοτγοππουμμῶν
1261 2245 1484 2318 (p).—K
1495 2247 1648 2318 ρατεί
1676 2245 1796 2315 ἡδο-

207 2342 335 2412 νῆς,
368 2343 467 2412 οὐχ
508 2344 538 2395 ὁ
566 2344 924 2412 ἀπεχόμενος,
976 2339 1092 2394 ἀλλ’
1125 2340 1154 2393 ὁ
1207 2340 1487 2411 χρώμενος
1543 2338 1663 2408 μὲν,
1719 2337 1794 2407 μὴ

206 2431 690 2504 προεκφερὸμενος
717 2431 775 2484 δέ
793 2447 809 2462 ·
839 2431 1028 2504 ὥσπερ
1052 2431 1149 2484 καὶ
1181 2431 1308 2503 νηὸς
1354 2431 1450 2484 καὶ
1481 2432 1668 2496 ἵππου,
1695 2429 1794 2499 ούχ

201 2527 236 2578 ό
270 2525 350 2594 μὴ
381 2523 684 2594 χρώμενος,
716 2522 832 2576 ἀλλ’
873 2523 902 2574 ὁ
939 2523 1191 2594 μετάγων
1215 2523 1350 2576 ὅπου
1382 2521 1649 2592 βούλεται.

295 2703 564 2756 Ἠσαίου.
605 2731 673 2743 —
717 2702 992 2773 Ἠγοῦμαι
1043 2703 1308 2773 μεγίστην
1354 2697 1494 2754 εἶναι
1532 2702 1641 2755 τῶν
1685 2701 1794 2754 λει-

204 2792 508 2862 τουργιῶν,
533 2793 594 2846 τὸ
625 2793 748 2847 καθ’
777 2795 993 2864 ἡμέραν
1024 2793 1138 2863 βίον
1167 2794 1395 2864 κόσμιον
1415 2796 1508 2847 καὶ
1538 2793 1794 2864 σώφρονα

204 2885 498 2954 παρέχειν.

283 2974 544 3040 Σωκράτ.
576 3005 644 3016 ——
671 2975 746 3028 Τδ
780 2974 880 3044 μὲν
908 2974 1046 3044 πῦρ,
1089 2975 1119 3026 ὁ
1146 2974 1369 3043 ἄνεμος,
1398 2974 1489 3027 τὸν
1514 2973 1570 3026 δὲ
1590 2973 1788 3042 ἔρωτα,

206 3065 242 3134 ἠ
285 3065 542 3134 συνήθεια
573 3065 813 3118 ἐκκαίει.

295 3153 644 3221 Ἀλέξων-ὄρ.
689 3183 759 3193 -
795 3153 1189 3225 Αίχμαλὼτους
1225 3152 1407 3206 λαϐὼν
1435 3153 1534 3214 τάς
1563 3154 1790 3223 Δαρείου

199 3244 542 3315 θυγατέρας,
578 3243 768 3314 ἐπειδὴ
816 3242 1198 3296 συνεϐούλευον
1231 3241 1380 3312 αύτῷ
1411 3245 1462 3295 oi
1492 3243 1655 3312 φίλοι,
1697 3245 1788 3294 εὐ-

1896 2063 2044 2117 enim
2073 2063 2375 2132 plurimum
2393 2065 2580 2120 valent
2601 2066 2656 2121 in
2681 2067 2750 2123 iis
2780 2066 2880 2139 qui
2901 2069 3211 2124 castitatem
3258 2079 3474 2126 sectan-

1899 2162 2007 2206 llll‘.

1971 2243 2052 2297 Ea:
2087 2233 2344 2316 Aristippi
2365 2248 3109 2318 sententiis.—-Voluptatem
3135 2249 3330 2314 vincit,
3361 2265 3474 2306 non

1895 2335 1990 2403 qui
2011 2334 2272 2399 abstinet,
2310 2335 2406 2390 sed
2425 2336 2519 2406 qui
2553 2337 2731 2395 utitur
2757 2339 3009 2409 quidem,
3045 2349 3102 2395 et
3132 2356 3246 2396 non
3264 2341 3470 2398 eifuse:

1895 2427 2038 2482 sicut
2067 2437 2126 2482 et
2149 2442 2346 2482 navem
2371 2435 2428 2483 et
2447 2443 2653 2498 equum
2679 2431 2843 2501 regit,
2876 2447 2986 2486 non
3009 2433 3100 2502 qui
3136 2447 3247 2487 non
3273 2434 3471 2497 utitur,

1896 2516 1994 2572 sed
2023 2518 2117 2587 qui
2166 2517 2430 2574 transfert
2459 2533 2523 2574 ac
2551 2519 2708 2575 ducit
2763 2535 2875 2590 quo
2898 2521 3209 2577 collibitum
3245 2523 3298 2579 ei
3349 2523 3472 2580 fue-

1895 2607 1990 2661 rit.
3001 2669 3008 2676 .

1964 2697 2098 2752 Isai.
2135 2726 2208 2738 -
2237 2698 2532 2754 Maximum
2562 2700 2804 2777 arbitror
2830 2702 3080 2758 omnium
3129 2718 3251 2760 esse
3279 2719 3474 2760 mune-

1896 2804 2041 2855 rum,
2065 2789 2194 2845 vitaa
2243 2791 2459 2860 pudicae
2489 2806 2556 2847 ac
2608 2800 2773 2848 castae
2815 2791 2937 2864 (seu
2967 2793 3191 2866 sobriae)
3222 2795 3473 2865 quotidie

1894 2877 2175 2946 specimen
2209 2878 2482 2946 praebere.

1961 2967 2220 3022 Socratis.
2267 2999 2340 3008 —
2367 2970 2554 3040 Ignem
2606 2981 2808 3029 ventus
2853 2975 3157 3035 exsuscitat
3188 2993 3473 3037 :amorem

1893 3051 2077 3111 autem
2095 3060 2441 3114 consuetudo
2464 3061 2788 3118 inﬂammat.

1962 3149 2288 3204 Alexander.
2327 3181 2401 3190 —
2423 3151 2563 3207 Cum
2593 3153 2840 3224 captivas
2875 3157 2933 3211 in
2978 3153 3251 3227 potestate
3303 3160 3474 3218 habe-

1894 3247 1981 3290 ret
2028 3239 2176 3292 Darii
2232 3239 2400 3306 ﬁlias,
2431 3242 2595 3312 eique
2628 3244 2796 3300 amici
2855 3247 3179 3314 suaderent,
3229 3253 3472 3322 utquod

200 3309 432 3392 ειδάσιν
460 3337 647 3400 οὔσαις
694 3309 886 3398 αύταῖς
932 3333 1288 3403 συγγενέσθαι
1314 3349 1327 3362 ·
1351 3309 1618 3404 Ἀἰσχρὸη
1658 3335 1780 3402 ἔφη,

1895 3328 2129 3396 eleganti
2179 3327 2360 3384 forma
2415 3309 2622 3399 essent,
2675 3348 2800 3389 cum
2841 3335 2926 3390 eis
2971 3309 3408 3409 congrederetur
3452 3361 3469 3399 ι

200 3431 393 3492 ἐστὶν,
441 3427 642 3496 ἄνδρας
698 3427 1068 3494 νικήσαντας,
1126 3424 1233 3478 ὑπὸ
1292 3423 1568 3492 γυναικῶν
1623 3425 1788 3493 ἡττη-

199 3521 394 3573 θῆναι.

241 3539 541 3672 ηἰέιαύτδς
570 3609 650 3672 είς
688 3606 980 3678 Ἰλλυριοὺς
1014 3605 1482 3678 παραγενόμενος,
1517 3607 1575 3658 ἒν
1599 3605 1676 3677 τῷ
1695 3606 1788 3660 τοῦ

199 3702 328 3766 Διὸς
387 3699 559 3771 βωμῷ
611 3697 844 3752 κατιδὼν
883 3698 1120 3767 γυναῖκα
1158 3697 1349 3750 κάλλει
1397 3697 1786 3767 διαφέρουσαν,

199 3793 505 3862 ἐκπλαγεὶς
561 3791 732 3860 αὐτῆς
797 3791 896 3860 τὴν
958 3789 1295 3860 εὐμορφίαν,
1373 3789 1539 3841 πολὺν
1598 3791 1788 3859 χρόνον

199 3887 424 3940 ἐθεᾶτο·
474 3883 570 3938 τοῦ
621 3883 678 3936 δὲ
750 3881 1145 3952 Ἠφαιστίωνος
1195 3882 1460 3946 εἰπόντος,
1516 3882 1599 3934 ὃτι
1641 3882 1787 3945 εἰκός

200 3983 324 4034 ἐστι
353 3975 696 4049 παραλαϐεῖν
723 3975 894 4046 αὐτὴν
921 3973 1226 4046 ἐρωμένην,
1265 3973 1390 4044 ἔφη,
1442 3973 1552 4027 Καὶ
1576 3973 1694 4037 πῶς
1723 3975 1783 4028 ού

197 4069 396 4133 δεινὸν,
442 4069 492 4121 εἰ
531 4069 581 4121 oi
629 4065 807 4120 ἄλλων
852 4065 1126 4136 ἀκρασίας
1174 4063 1423 4129 κολάζειν
1450 4064 1782 4136 βουλόμενοι,

196 4163 550 4225 δουλεύοντες
599 4159 897 4231 ἀκρασίαις
938 4158 1044 4212 ὑπὸ
1101 4156 1212 4210 τῶν
1266 4156 1424 4220 ἐκτὸς
1480 4157 1783 4228 ἀνθρώπων

197 4252 550 4326 φωραθῶμεν
566 4268 583 4318 ;

272 4343 646 4414 Κλειτάρχου
666 4373 735 4384 -
761 4341 936 4395 Φιλῶν
958 4340 994 4396 ἃ
1013 4341 1087 4412 μὴ
1111 4341 1210 4407 δεῖ,
1241 4340 1302 4394 οὐ
1334 4340 1579 4411 φιλήσεις
1605 4339 1641 4394 ἃ
1677 4340 1780 4398 δεῖ.

210 4438 566 4509 ’Λπλήρωτον
584 4434 707 4506 ξγάρ
733 4435 768 4505 ἡ
809 4431 1097 4502 ἐπιθυμία,
1127 4431 1218 4487 διὰ
1248 4432 1408 4486 τοῦτο
1434 4432 1528 4486 καὶ
1554 4433 1777 4502 ἄπορον.

267 4612 574 4684 Διογένης.
605 4641 673 4651 -
697 4609 880 4664 Δεινὸν
902 4609 1108 4677 ἔλεγεν,
1141 4609 1190 4662 εί
1217 4608 1266 4661 oi
1299 4608 1400 4679 μὲν
1427 4608 1657 4679 ἀθληταὶ
1685 4609 1779 4664 καὶ
1810 4645 1854 4700 D

1893 3416 2075 3484 Turpe
2102 3416 2266 3483 foret,
2295 3419 2496 3488 inquit,
2521 3421 2568 3476 si
2583 3421 2832 3478 virorum
2860 3425 3122 3495 victores,
3145 3445 3180 3485 a
3215 3433 3469 3490 mulieri-

1891 3507 1995 3560 bus
2021 3523 2123 3562 nos
2157 3509 2304 3563 vinci
2333 3510 2703 3581 contingeret.

1960 3597 2109 3650 Idem
2135 3613 2260 3652 cum
2321 3600 2378 3654 in
2410 3600 2626 3671 Illyrios
2667 3604 2931 3671 venisset,
2965 3622 3031 3664 ac
3084 3609 3143 3664 in
3194 3611 3349 3670 Jovis
3371 3629 3469 3670 ara

1889 3691 2182 3746 mulierem
2206 3693 2378 3747 forma
2409 3703 2766 3764 praastantem
2796 3698 3298 3771 animadvertisset,
3343 3708 3466 3778 ejus

1889 3791 2119 3852 stupens
2155 3784 2648 3853 pulchritudinem,
2696 3787 2793 3842 diu
2831 3793 3102 3859 spectavit
3150 3811 3162 3846 :
3227 3811 3466 3868 cumque

1888 3872 2245 3942 llaiphestion
2270 3875 2501 3942 diceret,
2526 3893 2746 3947 aequum
2784 3895 2906 3936 esse
2936 3890 2996 3936 ut
3043 3884 3211 3955 cujus
3277 3901 3465 3944 amore

1887 3962 2149 4020 incensus
2179 3975 2347 4032 esset,
2397 3982 2520 4022 eam
2551 3970 2831 4039 acciperet
2859 3973 3117 4040 :Annon,
3147 3977 3346 4050 inquit,
3378 3981 3464 4035 in-

1886 4055 2272 4125 dignissimum
2292 4074 2569 4131 graveque
2593 4061 2755 4129 foret,
2784 4071 2847 4118 ut
2865 4067 2960 4136 qui
2995 4068 3051 4122 in
3088 4071 3323 4128 aliorum
3378 4075 3463 4129 iu-

1885 4147 2283 4203 continentiam
2367 4153 2808 4211 animadvertere
2866 4160 3144 4228 velimus,
3218 4164 3319 4234 ipsi
3378 4168 3462 4221 in—

1885 4241 2242 4295 continentiae
2286 4243 2495 4298 servire
2524 4245 2594 4300 ab
2650 4249 2858 4304 exteris
2893 4250 3467 4321 deprehenderentur.

1955 4329 2235 4386 Clitarehi.
2265 4363 2336 4372 —
2370 4333 2426 4389 Si
2460 4351 2583 4404 qua:
2620 4353 2732 4392 non
2757 4339 2916 4395 decet
2953 4358 3126 4411 amas,
3153 4362 3276 4416 quae
3302 4334 3460 4405 decet

1886 4434 2000 4473 non
2028 4435 2202 4475 amas.
2232 4421 2522 4492 Cupiditas
2541 4427 2690 4482 enim
2722 4429 3097 4502 inexplebilis,
3139 4452 3204 4491 ac
3250 4438 3460 4495 idcirco

1882 4518 1939 4563 et
1973 4525 2146 4580 egena
2181 4521 2285 4566 est.

1955 4601 2235 4673 Diogenes.
2255 4606 2476 4662 -Rem
2495 4608 2774 4681 indignam
2800 4628 2922 4669 esse
2945 4615 3186 4682 dicebat,
3218 4621 3457 4679 athletas

193 4706 249 4758 oi.
282 4703 602 4773 κιθαρῳδοὶ,
636 4702 872 4772 γαστρὸς
901 4702 994 4754 καὶ
1019 4700 1222 4771 ἡδονῶν
1259 4702 1574 4772 κρατοῦσιν,
1607 4705 1655 4757 οἱ
1679 4705 1779 4775 μὲν

1886 4703 1941 4748 et
1968 4695 2304 4751 citharoedos
2322 4699 2503 4768 gulam
2530 4701 2753 4758 vincere
2779 4720 2844 4759 ac
2872 4708 3202 4778 voluptates,
3229 4713 3366 4766 alios
3397 4724 3458 4770 ut

191 4797 297 4864 τῆς
326 4795 510 4864 φωνῆς
540 4795 699 4864 χάριν
723 4811 738 4825 ο
771 4795 820 4845 oi
848 4791 924 4855 δὲ,
959 4792 1056 4844 τοῦ
1098 4789 1348 4861 σώματος
1376 4808 1388 4821 ·
1425 4794 1798 4866 σωφροσύνης

191 4881 252 4934 δὲ
278 4883 463 4946 ἕνεκα,
494 4881 669 4944 οὐδεὶς
701 4880 904 4935 τούτων
932 4882 1354 4950 καταφρονήσει.

1887 4787 2030 4852 voci,
2075 4789 2217 4844 alios
2267 4801 2328 4844 ut
2359 4795 2578 4862 corpori
2607 4796 2837 4866 ejusque
2891 4800 3080 4880 robori
3123 4805 3454 4862 consulant:

1885 4879 2163 4933 neminem
2192 4897 2328 4937 vero
2348 4889 2729 4956 temperantia:
2749 4905 2916 4946 causa
2949 4879 3013 4947 ac
3040 4895 3309 4952 castitatis
3339 4897 3455 4954 haec

1884 4979 2176 5026 contemne
2185 4988 2264 5027 ΓΟ.

1704 5099 1934 5157 ΝΟΤίΕ.

267 5235 344 5307 (p)
380 5235 480 5287 Ἐκ
510 5230 628 5286 τῶν
664 5225 1327 5307 ’Λριστργ-νοππουμίὶξν.
1350 5227 1771 5307 Monstrumlioc

189 5299 350 5360 vocis
383 5302 598 5359 librarii
631 5299 912 5371 imperitia
937 5308 1166 5371 ortum,
1228 5299 1312 5371 sic
1359 5300 1768 5371 emendandum

234 5385 412 5438 utem,
455 5375 552 5426 Ἐκ
585 5368 1096 5442 τῶν”Αριστίππου
1117 5368 1354 5442 γνωμῶν
1375 5384 1387 5396 ο
1423 5369 1540 5442 cui”
1561 5370 1616 5424 in
1646 5371 1772 5426 Sto-

234 5393 412 5438 utem,
457 5393 552 5426 Ἐκ
585 5393 694 5426 των
751 5393 1096 5442 Δριστιππυυ
1117 5393 1354 5438 ’γνωμων
1376 5393 1386 5396 ‘
1423 5393 1512 5422 cur
1561 5393 1616 5424 Ill
1646 5393 1770 5426 ato-

188 5393 296 5500 Baei
325 5444 578 5500 editione
603 5443 721 5497 haec
746 5439 1022 5496 sententia
1057 5454 1121 5493 ac
1148 5439 1404 5507 superior
1454 5439 1770 5506 tribuatur;

192 5517 252 5570 in
279 5514 502 5569 Maximi
528 5526 799 5575 seorsum,
852 5509 995 5564 forte
1040 5507 1238 5563 melius
1289 5519 1379 5576 (ex
1418 5508 1521 5562 viri
1559 5511 1770 5567 scilicet

189 5587 382 5655 genio)
412 5585 527 5638 hazc
553 5597 682 5655 una.
713 5581 1002 5655 Hominem
1037 5578 1310 5655 describit
1335 5579 1489 5655 Sllid.
1529 5581 1768 5655 philoso—

193 5649 372 5725 phum
402 5654 753 5725 Socraticum
786 5653 846 5704 ὲν
874 5652 1007 5725 πᾶσι
1036 5649 1136 5720 τὴν
1162 5649 1358 5725 ήιδονὴν
1382 5652 1768 5725 ἀσπασάμενον

191 5719 291 5778 καὶ
307 5725 585 5793 ἐπίχαριν.
611 5721 712 5787 Qui
736 5723 790 5774 in
828 5721 1066 5793 omnibus
1095 5719 1439 5793 '_voluplalcnt
1490 5721 1764 5790 amplexus

190 5799 286 5860 sil,
311 5813 376 5848 ac
409 5790 498 5864 qui
526 5794 738 5863 festivus
772 5800 924 5846 esset.
952 5791 1055 5856 Qui
1080 5790 1160 5845 sic
1182 5804 1310 5859 ergo
1341 5792 1569 5845 allectus
1593 5804 1759 5852 esset,

1871 5239 2146 5320 σωφρονα,
2168 5249 2571 5322 temperantem,
2608 5255 2836 5322 castum,
2865 5239 3077 5322 habuit,
3096 5267 3203 5304 non
3223 5254 3317 5322 qui
3336 5271 3453 5310 om—

1869 5311 2000 5388 nino
2027 5319 2375 5394 temperaret,
2403 5313 2499 5394 sled
2535 5314 2636 5394 qui
2671 5318 2892 5394 modum
2918 5311 3155 5394 aliquem
3194 5311 3446 5394 velupta-

1870 5377 1942 5458 tis
1969 5377 2205 5460 teneret.
2234 5381 2353 5460 Quo
2377 5377 2891 5460 altior'Cln-istiana
2926 5377 3301 5460 philosophia,
3326 5377 3450 5450 lvi—r-

1868 5448 2157 5516 giuitatem
2183 5452 2463 5532 omnibus.
2499 5456 2740 5535 praefert,
2773 5473 2894 5526 quae
2925 5448 3040 5528 ipsa
3086 5448 3447 5535 σωφροσύνης

1870 5534 2067 5600 arcem
2088 5529 2303 5583 tenens,
2331 5524 2603 5581 castitatis
2631 5524 2960 5594 supremum
3001 5524 3444 5600 genum-nullum

1876 5587 2131 5644 admittat
2162 5606 2528 5646 venereorum
2581 5587 2761 5653 usum.
2789 5615 2885 5652 seu
2913 5587 3084 5654 animi
3136 5587 3195 5655 in
3223 5619 3284 5656 ea
3311 5587 3446 5660 cum

1874 5673 2118 5734 sensum,
2154 5661 2424 5734 quidquid
2447 5679 2648 5734 corpus
2671 5668 2850 5722 adhuc
2883 5671 3138 5730 animale,
3175 5674 3258 5728 vel
3311 5689 3447 5729 con-

1873 5730 2119 5798 cupiscat
2145 5731 2228 5786 vel
2252 5732 2509 5801 patiatur.
