4216 6438
704 356 809 423 743

1834 366 1895 426 S.
1938 366 2222 427 ΜΛΧῙΜΙ
2255 369 2764 432 (ῙΟΝΕΕΞΒΟΒῘΞ

3844 376 3951 439 7M

771 470 1082 525 Demonact.
1108 501 1177 513 -—-
1199 471 1460 527 Nonnulli
1481 472 1804 531 civitatibus
1819 476 2199 542 dominantur,
2214 486 2268 531 et

2443 483 2780 548 Δημώνακτ.
2810 513 2878 524 —-
2908 478 3086 537 Ἔνιοι
3127 486 3329 541 πόλεων
3353 486 3453 555 μὲν
3482 486 3826 554 δεσποςουσι,
3847 506 3949 557 γυ-

704 560 1031 615 tnulieribus
1053 562 1324 617 serviunt.

772 655 1083 724 Antiphont.
1113 654 1305 720 —Qui
1334 656 1537 726 turpia,
1574 657 1687 711 sive
1722 657 1888 721 mala,
1922 673 2027 712 nec
2053 658 2274 713 deside-

704 746 844 798 ravit
870 760 1049 813 neque
1089 746 1288 817 tetigit,
1316 762 1425 801 non
1452 758 1537 803 est
1566 758 1877 819 temperans
1904 768 1916 801 :
1953 750 2088 803 nihil
2122 752 2271 805 enim

700 844 784 889 est
818 836 974 905 cujus
1009 835 1209 901 victor,
1239 839 1584 893 moderatum
1613 854 1673 894 se
1703 849 1761 894 et
1783 848 1993 894 castum
2015 841 2271 909 prmbue-

704 927 793 979 rit.

772 1017 935 1089 540
960 1018 1208 1088 Epicteti.
1247 1049 1316 1058 —
1344 1018 1511 1073 Liber
1536 1036 1647 1074 non
1672 1029 1779 1085 est,
1799 1022 1892 1091 qui
1923 1036 1982 1075 se
2018 1021 2133 1091 ipse
2157 1037 2269 1077 non

697 1110 968 1163 continet.

769 1199 1061 1270 Pgthagor.
1093 1230 1161 1239 —
1187 1199 1282 1254 Vis
1337 1201 1506 1254 animi
1549 1217 1577 1255 a
1645 1202 2161 1270 perturbationibus
2208 1218 2272 1258 ac

698 1290 990 1345 aﬂ'ectibus
1021 1291 1204 1355 vacui,
1232 1292 1596 1361 temperantia
1622 1303 1707 1347 est
1731 1308 1795 1347 ac
1828 1294 2129 1347 sobrietas:
2154 1296 2271 1348 haec

696 1380 845 1432 enim
881 1380 974 1433 lux
997 1388 1081 1434 est
1105 1379 1275 1433 animi
1304 1379 1359 1432 in
1389 1379 1803 1448 tranquiilitatis
1823 1381 1930 1449 jam
1958 1395 2084 1433 arce
2131 1394 2268 1434 con-

695 1469 899 1523 stituti.

766 1561 988 1616 Servire
1036 1561 1351 1626 aﬂectibus,
1391 1574 1488 1614 seu
1524 1559 1699 1625 vitiis,
1739 1563 1960 1630 gravius
1988 1569 2073 1615 est
2103 1576 2267 1632 quam

695 1653 943 1722 tyrannis
978 1670 991 1705 :
1030 1668 1132 1707 nec
1154 1653 1302 1706 enim
1339 1650 1458 1705 ﬁeri
1487 1658 1671 1719 potest
1703 1661 1764 1705 ut
1787 1652 1833 1705 is
1880 1652 2020 1706 liber
2051 1652 2144 1714 sit,
2173 1652 2267 1722 qui

692 1743 984 1797 all‘ectibus
1021 1752 1188 1812 atque
1217 1742 1369 1797 vitiis
1391 1742 1584 1808 servit,
1623 1724 1934 1811 eorumque
1980 1744 2266 1798 dominatu

693 1837 984 1903 premitur.

763 1927 1052 1999 Sophoclis.
1106 1956 1177 1967 —
1220 1926 1404 1995 Turpe
1466 1935 1554 1980 est
1611 1925 1846 1995 turpiter
1914 1927 2101 1982 vivere
2162 1927 2265 1994 iis,

689 2023 783 2089 qui
818 2022 958 2073 bene
990 2018 1107 2072 nati
1139 2018 1440 2071 honestave
1475 2015 1583 2071 orti
1620 2016 1881 2085 pregenie
1911 2025 2062 2071 sunt.

761 2112 1155 2165 Demosthenes.
1187 2140 1255 2149 —
1300 2109 1490 2173 Decet,
1522 2119 1583 2161 ut
1624 2108 1719 2176 qui
1765 2109 1988 2177 sapiens
2032 2118 2117 2164 est
2165 2110 2271 2164 hoc

687 2204 952 2269 enitatur,
975 2208 1039 2255 ut
1058 2201 1330 2255 rationem
1357 2215 1577 2270 semper
1596 2198 1961 2269 cupiditatum
1983 2200 2269 2255 victricem

689 2296 866 2364 iisque
899 2294 1243 2367 superiorem
1277 2301 1523 2363 praestet,

760 2386 1076 2441 Demetrius.
1126 2413 1197 2424 —
1253 2383 1566 2436 Demetrius
1626 2383 1926 2438 Phalereus
2001 2383 2270 2439 honestos

688 2478 1077 2533 adolescentes
1122 2474 1308 2530 aiebat
1363 2474 1512 2528 domi
1568 2484 1825 2545 parentes
1878 2477 2122 2531 revereri
2169 2476 2270 2531 dc-

687 2572 856 2636 berc;
888 2570 945 2625 in
1001 2570 1091 2624 via
1118 2582 1332 2633 omnes,
1360 2574 1423 2620 ut
1470 2568 1706 2637 quisque
1743 2584 1803 2623 se
1842 2568 2112 2624 obtulerit
2146 2587 2159 2624 :
2210 2568 2267 2623 in

684 2657 987 2713 solitudine
1006 2656 1241 2726 seipsos.

755 2747 1043 2800 Menedem.
1075 2776 1146 2786 —
1182 2745 1560 2811 Menedemus,
1589 2761 1716 2800 cum
1766 2746 2090 2802 adolescens
2140 2748 2266 2818 qui-

688 2838 818 2892 dam
847 2838 1080 2891 dixisset
1105 2853 1362 2906 magnum
1394 2852 1539 2901 esse,
1566 2853 1760 2891 eorum
1816 2849 2126 2908 compotem
2150 2838 2268 2893 ﬁeri

680 2945 807 2998 quae
834 2929 963 2999 quis
989 2928 1292 2994 desideret,
1346 2929 1659 2998 respondit,
1710 2929 1888 2983 multo
1934 2929 2114 2999 majus
2143 2943 2266 2983 esse

683 3021 823 3075 nihil
857 3020 1199 3085 desiderare,
1261 3034 1455 3074 eorum
1499 3035 1625 3090 quas
1681 3036 1792 3076 non
1815 3020 2050 3076 deceant
2090 3034 2268 3090 exque

684 3113 906 3167 honesti
940 3114 1157 3167 ratione
1183 3114 1315 3168 sint.

2375 572 2519 636 ναιξὶ
2544 573 2600 626 δὲ
2625 574 2953 626 δουλεύουσι.

2458 664 2799 733 Ἀντιφῶντ.
2844 696 2913 706 -
2964 664 3153 731 Ὅστις
3198 667 3255 719 δὲ
3296 668 3405 721 τῶν
3452 670 3714 739 αἰσχρῶν,
3766 673 3800 742 ἢ
3837 671 3949 724 τῶν

2374 755 2593 820 κακῶν,
2648 758 2784 827 μήτε
2835 757 3175 829 ἐπεθύμησε,
3240 762 3377 829 μήτε
3425 760 3635 830 ἥψατο,
3685 762 3786 815 οὐκ
3829 762 3948 814 ἔστι

2375 848 2610 917 σώφρων
2629 866 2643 879 ·
2679 849 2741 904 οὺ
2793 848 2902 921 γὰρ
2930 849 3043 903 ἐσθ’
3075 852 3199 904 ὅτου
3229 854 3533 922 κρατήσας,
3566 853 3726 918 αὐτὸς
3755 854 3948 907 ἑαυτὸν

2372 941 2599 1010 κόσμιον
2630 942 2947 1010 παρέχεται.

2456 1032 2838 1103 Ἐπικτήτου.
2885 1062 2956 1075 -
3010 1034 3201 1097 Οὐδεὶς
3253 1035 3571 1107 ἐλεύθερος,
3622 1035 3816 1092 ἑαυτοῦ
3869 1036 3947 1105 μὴ

2372 1123 2608 1194 κρατῶν.

2440 1215 2810 1284 Πυθαγόρου.
2857 1244 2929 1255 —
2968 1214 3156 1285 Ῥώμη
3196 1216 3375 1287 ψυχῆς
3417 1216 3683 1283 ἀπαθοῦς,
3728 1234 3945 1288 σωφρο-

2373 1304 2528 1376 σύνη.
2560 1305 2711 1377 Αὕτη
2737 1306 2849 1377 γὰρ
2877 1306 3055 1376 ψυχῆς
3084 1306 3333 1370 ἀπαθοῦς
3357 1308 3473 1376 φῶς
3500 1310 3666 1361 ἐστιν.

2439 1566 2720 1620 Δουλεύειν
2746 1567 2945 1620 πάθεσι
2967 1567 3346 1640 χαλεπώτερον
3370 1569 3404 1640 ἢ
3428 1570 3726 1640 τυράννοις.
3766 1568 3949 1621 Ἐλεύ-

2371 1658 2526 1728 θερον
2557 1658 2817 1711 ἀδύνατον
2846 1653 2986 1712 εἶναι
3014 1657 3106 1711 τὸν
3128 1659 3326 1713 πάθεσι
3360 1658 3700 1714 δουλεύοντα.
3725 1658 3818 1711 καὶ
3842 1659 3950 1710 ὑπὸ

2369 1749 2560 1804 παθῶν
2590 1750 2978 1820 κρατούμενον.

2438 1924 2843 1994 Σοφοκλέους.
2874 1920 2944 1966 —F
2967 1928 3076 1997 Ζῇν
3103 1927 3326 1998 αἰσχρὸν
3354 1928 3597 2000 αἰσχρῶς
3628 1931 3739 1992 τοῖς
3765 1928 3948 1991 καλῶς

2369 2018 2661 2088 πεφυκόσι.

2438 2114 2698 2178 Δημοσθ.
2739 2138 2810 2151 -
2842 2113 2936 2164 Δεῖ
2984 2111 3078 2165 τὸν
3107 2106 3167 2165 εῦ
3204 2112 3526 2182 φρονοῦντα,
3564 2112 3656 2165 τὸν
3686 2113 3951 2183 λογισμὸν

2367 2203 2459 2258 ἀεὶ
2487 2204 2597 2257 τῶν
2620 2205 2927 2273 ἐπιθυμιῶν
2950 2206 3184 2277 κρείττω
3213 2206 3509 2278 πειρᾶσθαι
3539 2209 3733 2260 ποιεῖν.

2438 2380 2787 2450 Δημήτριος.
2806 2409 2879 2421 -
2896 2394 3210 2454 Δημητριος
3241 2384 3270 2435 ὸ
3290 2383 3590 2453 Φαληρεὺς,
3614 2385 3741 2447 τοὺς
3763 2384 3952 2441 ἀστεί-

2368 2490 2467 2537 ους
2502 2469 2627 2525 εῐπε
2658 2472 2770 2525 τῶν
2803 2473 2963 2536 νέων,
2994 2474 3052 2526 ἐν
3097 2474 3195 2544 μὲν
3231 2476 3352 2538 ταῖς
3383 2476 3583 2538 οίκίαις
3614 2476 3746 2538 τοὺς
3771 2478 3953 2542 γονεῖς

2368 2566 2777 2619 δεῖναίδεῖσθαιο
2810 2568 2868 2619 ἐν
2895 2566 2954 2618 δὲ
2987 2569 3053 2637 τῇ
3079 2567 3202 2638 ὀδῷ,
3225 2569 3351 2631 τοὺς
3386 2567 3741 2631 ἀπαντῶντας
3761 2584 3773 2596 ·
3806 2569 3865 2620 ἐν
3890 2569 3953 2621 δὲ

2359 2658 2488 2720 ταῖς
2523 2655 2805 2726 ἐρημίαις,
2843 2656 3091 2718 ἐαυτούς.

2440 2749 2807 2816 Μενέδημος.
2859 2777 2929 2790 -
2966 2749 3309 2820 Μενέδημος,
3342 2748 3625 2802 νεανίσκου
3674 2748 3818 2810 τινὸς
3873 2749 3957 2799 εἰσ

2370 2840 2586 2903 πόντος,
2626 2839 2785 2905 Μέγα
2820 2839 2939 2891 ἐστὶ
2987 2839 3050 2891 τὸ
3080 2843 3262 2909 τυχεῖν
3312 2833 3389 2894 ὧν
3430 2842 3495 2895 ἄν
3547 2857 3633 2903 τις
3679 2840 3953 2908 ἐπιθυμῇ,

2368 2925 2541 2983 εἶπεν·
2577 2928 2763 2998 nono
2793 2928 2979 2997 μεῖζόν
3012 2931 3128 2983 ἐστι
3160 2930 3222 2983 τδ
3247 2930 3419 3000 μηδὲν
3455 2930 3739 2999 ἐπιθυμεῖν
3766 2923 3842 2983 ὧν
3874 2929 3957 2999 μὴ

2368 3022 2471 3077 δεῖ.

752 3203 899 3257 Bias.
931 3233 1002 3244 —-
1035 3203 1163 3258 Bias
1196 3204 1464 3259 Prieneus
1492 3184 1720 3258 beatum.
1765 3217 1893 3257 eum
1918 3202 2141 3258 dicebat
2170 3201 2266 3271 qui

2440 3195 2693 3261 Βίας.--
2715 3194 2849 3259 Βίας
2878 3197 2909 3249 ὁ
2935 3194 3224 3266 Πριηνεὺς,
3252 3189 3395 3249 εἷπε·
3430 3196 3714 3265 Μακάριος
3741 3197 3895 3249 ἐστιν
3926 3196 3958 3248 ὁ

680 3295 841 3350 dives
867 3304 1035 3359 esset,
1065 3304 1121 3349 et
1153 3295 1357 3363 Optatis
1380 3294 1696 3365 potiretur:
1732 3308 1861 3346 eum
1919 3303 2101 3348 tamen
2132 3291 2267 3346 bea-

685 3385 883 3439 tiorem
914 3398 1059 3448 esse,
1086 3383 1183 3453 qui
1216 3384 1355 3438 nihil
1378 3392 1597 3454 optaret
1622 3391 1717 3436 aut
1740 3392 1991 3452 cuperet.

752 3496 972 3551 Xanthi.
995 3526 1066 3536 —
1093 3496 1351 3552 Xanthus
1395 3496 1639 3567 sapiens,
1676 3512 1802 3551 cum
1829 3495 2145 3551 adulterum
2163 3511 2265 3567 pro

684 3588 901 3643 foribus
953 3587 1210 3643 formosae
1254 3587 1509 3643 mulieris
1570 3587 1801 3642 vidisset
1833 3607 1846 3641 :
1878 3588 2008 3653 Istc,
2060 3586 2263 3658 inquit,

684 3680 911 3735 brevem
939 3680 1278 3749 voluptatem
1306 3679 1501 3749 grandi
1534 3678 1781 3749 periculo
1803 3679 1962 3733 emit.

756 3768 1037 3823 Chariclei.
1066 3800 1135 3809 -—
1162 3770 1427 3825 Amorum
1460 3781 1737 3841 aspectus,
1770 3771 2008 3826 amantis
2048 3788 2263 3828 memo-

685 3859 824 3913 riam
860 3859 1087 3925 excitat,
1117 3861 1344 3931 visaque
1393 3860 1609 3932 species
1659 3861 1905 3916 animum
1944 3862 2267 3929 inﬂammat,

2371 3286 2640 3350 πλουτῶν,
2673 3290 2769 3341 καὶ
2801 3283 2878 3341 ὧν
2922 3288 3186 3358 ἐπιθυμεῖ
3211 3288 3503 3343 ἀπολαύων
3522 3306 3536 3320 ·
3570 3290 3600 3342 ὁ
3630 3288 3687 3342 δὲ
3722 3289 3800 3359 μὴ
3830 3290 3960 3342 ἐπι-

2372 3375 2580 3445 θυμῶν,
2613 3375 3043 3447 μακαριώτερος.

2441 3489 2696 3544 Ξὰνθου.
2755 3521 2825 3531 -
2877 3490 3081 3553 Ξάνθος
3131 3492 3160 3543 ὁ
3221 3490 3418 3559 σοφὸς,
3469 3490 3804 3561 θεασάμενος
3860 3491 3960 3544 ἐπὶ

2372 3578 2565 3650 θύραις
2596 3580 2907 3650 εὐπρεποῦς
2945 3579 3207 3648 γυναικὸς
3250 3581 3419 3651 ἄνδρα
3448 3581 3789 3651 οἰκοφθόρον,
3821 3582 3955 3652 ἔφη·

2371 3664 2540 3734 Οὗτος
2571 3671 2767 3741 ἡδονὴν
2794 3671 2998 3742 μικρὰν
3029 3671 3251 3724 ὠνεῖται
3280 3670 3502 3742 μεγάλῳ
3528 3671 3787 3741 κινδύνῳ.

2441 3763 2811 3832 Χαρικλείας.
2848 3794 2917 3804 -
2956 3763 3022 3816 Ἥ
3074 3764 3184 3834 γὰρ
3219 3762 3329 3815 τῶν
3373 3763 3655 3834 ἐρωτικῶν
3699 3763 3957 3817 ἀντίϐλε-

2363 3855 2479 3926 ψις,
2515 3856 2824 3927 ὑπόμνησις
2859 3855 2954 3910 τοῦ
2985 3856 3285 3927 πάσχοντος
3310 3856 3539 3924 γίνεται,
3590 3859 3685 3909 καὶ
3718 3857 3961 3923 ἀναφλέ-

684 3951 839 4004 vclut
874 3951 987 4021 igni
1016 3953 1279 4008 materies
1316 3952 1621 4009 fomentum
1660 3954 1877 4009 effecta.
1936 3954 2268 4025 Cupiditatis

2373 3964 2452 4016 γει
2483 3947 2584 4018 τὴν
2630 3946 2875 4002 διάνοιαν
2923 3948 2959 4018 ἡ
2988 3948 3107 4011 θέα,
3157 3947 3411 4019 καθάπερ
3460 3946 3562 4018 θλη
3609 3949 3745 4019 πυρὶ
3794 3964 3959 4015 γενο-

685 4039 834 4094 enim
867 4040 1196 4111 fomentum,
1227 4043 1532 4099 amatorius
1564 4059 1747 4099 sermo
1765 4053 1872 4101 est.

1288 4421 1521 4476 SERMO
1578 4422 1664 4479 IV.

1111 4510 1189 4567 De
1210 4514 1518 4585 fortitudine
1548 4532 1609 4569 ac
1631 4516 1836 4571 robore.

759 4601 950 4657 Matth.
970 4619 1079 4671 xvr,
1102 4604 1195 4660 24.
1217 4635 1286 4645 -
1306 4605 1362 4659 Si
1381 4607 1507 4675 quis
1530 4608 1649 4662 vult
1672 4609 1866 4664 venire
1894 4619 2020 4679 post
2039 4626 2147 4676 me,
2172 4611 2269 4666 ab-

687 4704 853 4765 neget
885 4698 1268 4768 semetipsum,
1310 4711 1366 4753 et
1394 4700 1548 4754 tollat
1599 4714 1820 4755 erucem
1854 4717 2032 4768 suam,
2072 4711 2131 4758 et
2183 4720 2270 4759 sc-

686 4795 895 4854 quatur
926 4802 1036 4842 me.

758 4877 918 4933 Prov.
950 4896 1061 4946 ut,
1088 4881 1176 4937 50.
1214 4913 1284 4922 —
1306 4883 1425 4938 Non
1478 4894 1564 4940 est
1588 4886 1800 4941 homini
1826 4886 2119 4957 sapientia,
2157 4902 2269 4940 non

683 4979 774 5023 est
800 4968 1091 5033 fortitudo,
1111 4989 1223 5027 non
1246 4982 1332 5028 est
1361 4975 1657 5030 consilium
1689 4991 1873 5031 coram
1908 4976 2161 5031 Domino.

758 5105 781 5137 ⁸
840 5105 899 5159 In
946 5105 1113 5160 Gesn.
1173 5106 1412 5161 Stobteo.

2367 4037 2504 4110 μένη
2540 4038 2895 4111 ὑπέκκαυμα.
2934 4038 3301 4111 ’Υπικκαυμα
3331 4041 3443 4111 γὰρ
3474 4038 3769 4110 ἐπιθυμίας
3793 4038 3960 4105 λόγος

2365 4132 2646 4206 ἐρωτικός.

2996 4425 3219 4479 ΛΟΓΟΣ
3255 4426 3331 4478 Δ’.

2727 4516 2868 4585 Περὶ
2908 4516 3190 4585 ἀνδρείας
3226 4515 3323 4569 καί
3362 4515 3593 4585 ἰσχύος.

2448 4611 2600 4665 Mati.
2634 4614 2732 4674 ις’.
2767 4637 2837 4648 -
2862 4607 2933 4662 Εἴ
2947 4625 3033 4671 τις
3070 4607 3198 4679 θέλῃ
3224 4605 3399 4659 ὀπίσω
3424 4624 3529 4677 μου
3555 4603 3751 4669 ἐλθεῖν,
3775 4605 3962 4677 ἀπαρ-

2373 4697 2631 4772 νησάσθω
2660 4697 2870 4766 ἐαυτὸν,
2906 4697 3001 4752 καὶ
3035 4697 3221 4770 ἀράτω
3248 4697 3341 4751 τὸν
3371 4695 3603 4768 σταυρὸν
3628 4696 3823 4761 αὑτοῦ,
3865 4700 3963 4750 καὶ

2374 4786 2737 4846 ἀκολουθείτω
2770 4808 2881 4862 μοι.

2430 4888 2698 4953 ’Παροιμ.
2740 4890 2852 4939 xa’.
2886 4914 2955 4923 —
2985 4883 3098 4937 υύκ
3128 4882 3276 4936 εστιν
3311 4880 3583 4953 ἀνθρώπῳ
3623 4880 3811 4950 σοφία,
3838 4881 3963 4935 οὐδὲ

2377 4974 2524 5029 ἔστιν
2541 4974 2782 5046 ἀνδρεία,
2811 4974 2931 5029 οὐδὲ
2962 4974 3077 5029 ἔστι
3109 4973 3273 5045 βουλὴ
3294 4972 3578 5027 κατέναντι
3614 4972 3826 5044 Κυρίου
3857 4974 3963 5045 (q).

2201 5177 2433 5234 ΝΟΤᾹΞ.

763 5328 1183 5402 ((1)Κςιτέι·αντι
1214 5332 1456 5398 Κυρίου.
1510 5331 1656 5386 Bene
1690 5332 1950 5402 estquod
2001 5333 2267 5390 Maximus

690 5414 875 5453 veram
907 5399 1200 5453 Seniorum
1249 5401 1560 5455 versionem
1600 5399 1863 5473 servavit,
1924 5418 2022 5473 per
2069 5406 2256 5459 omnia

691 5480 981 5536 Hebraicis
1012 5497 1361 5547 ocousonam,
1392 5493 1512 5541 mm
1552 5470 1681 5564 ’σιώ
1729 5501 1779 5539 a-
1808 5470 1939 5556 quo—
1958 5502 2059 5542 nec
2102 5489 2264 5559 Vulg.

690 5564 900 5622 dill'ert,
941 5574 1129 5618 contra
1163 5565 1448 5641 Dominum
1495 5568 1708 5627 :-idem
1743 5570 1901 5641 enim
1933 5570 2011 5624 illi
2061 5574 2265 5641 passim

688 5650 752 5711 ea
777 5649 879 5686 vox
906 5650 969 5711 ac
1000 5652 1200 5711 eorum,
1226 5639 1286 5711 in
1331 5647 1635 5711 conspectu,
1665 5639 1769 5711 vel
1808 5642 1975 5711 etiam
2010 5639 2123 5711 pra:
2176 5644 2269 5697 illo

688 5706 920 5783 ejusque
958 5704 1139 5783 habita
1187 5707 1420 5783 ratione.
1457 5710 1523 5763 At
1547 5708 1677 5778 quid
1718 5709 1871 5783 illud
1906 5704 2043 5783 πρὸς
2096 5714 2267 5783 ἀσεϐῆ

690 5776 844 5841 apud
895 5776 1144 5831 inminui.
1174 5778 1319 5831 (ιιιοά
1356 5784 1413 5830 et
1438 5776 1663 5834 secutus
1713 5776 2014 5835 Arabicus?
2060 5776 2262 5837 Vellem

2375 5334 2588 5411 doceri,
2614 5337 2776 5411 unde
2796 5337 2905 5411 illis
2947 5339 3031 5411 sic
3053 5336 3237 5411 claris,
3286 5336 3405 5392 haec
3445 5347 3554 5411 tam
3606 5341 3959 5411 remotag(et

2376 5406 2602 5479 quidem
2632 5408 2787 5479 olim)
2822 5408 3320 5479 subdri.potuerint,
3350 5408 3572 5477 quando
3626 5411 3799 5465 etiam
3829 5406 3970 5464 (Ias-

2377 5477 2567 5549 sianus
2594 5480 2675 5549 sic
2725 5477 2877 5549 legit.
2925 5478 3081 5549 Num,
3113 5480 3177 5530 τὸ
3229 5479 3393 5540 σέϐας
3443 5488 3751 5549 posuerant
3799 5483 3852 5532 οἱ
3909 5480 3969 5534 0'

2379 5547 2529 5615 quod
2551 5548 2662 5604 illis
2693 5549 2754 5602 τὸ
2779 5547 2955 5612 Θεῖον,
3002 5548 3159 5603 velut
3208 5550 3375 5603 etiam
3414 5547 3583 5603 Paulo
3640 5551 3768 5605 Act.
3828 5566 3970 5617 xvu,

2382 5618 2726 5691 σεϐάσματα,
2771 5634 2928 5691 sacra
2976 5619 3594 5691 suutJAtheniensium
3649 5635 3976 5691 eorumque

2384 5689 2633 5765 numina,
2663 5705 2729 5743 ac
2762 5689 2967 5765 quibus
2996 5689 3337 5765 adhibebant
3378 5690 3769 5765 cul_tum_,_siv_e
3822 5689 3978 5747 alias

2380 5759 2679 5815 simulacra
2701 5767 2877 5824 erant,
2909 5761 3025 5816 sive
3055 5759 3201 5815 nuda
3236 5771 3417 5817 urente
3474 5760 3977 5833 intelligebautur,
