4216 6438
244 400 354 467 745

1558 399 1723 457 LOCI
1765 399 2205 459 COMMUN-ES.

3395 400 3501 462 756

310 512 509 575 Ἵππος
542 510 890 582 ἑτοιμάζεται
919 512 997 574 εἰς
1027 509 1239 580 ἡμέραν
1282 507 1519 580 πολέμου
1541 527 1555 540 ·
1592 510 1742 578 παρὰ
1772 510 1826 562 δὲ

2005 509 2195 576 Equus
2222 514 2565 574 przeparatur
2619 504 2686 557 ad
2717 503 2863 559 diem
2890 503 3051 568 belli;
3083 505 3178 559 sed
3207 520 3237 558 a
3268 506 3503 563 Domino

238 604 449 673 Κυρίου
479 602 721 672 βοήθεια.

310 696 495 763 Σιρὰχ
535 701 627 763 ιγ’.
666 726 737 736 --
780 694 1134 764 Ίσχυροτέρω
1174 710 1269 745 σου
1332 694 1406 764 μὴ
1459 693 1727 746 κοινώνει.
1761 693 1824 743 Τί

239 787 561 855 κοινωνήσει
596 784 769 855 χύτρα
812 785 947 856 πρὸς
979 784 1215 853 λέϐητα;
1250 782 1389 855 αὕτη
1436 785 1822 855 προσκρούσει,

244 879 343 933 καὶ
375 879 518 947 αὕτη
548 895 677 930 συντ
683 876 991 949 ριϐήσεται.

324 968 455 1036 Ἔφ.
497 967 573 1032 ς’.
603 996 674 1008 -
716 964 1041 1019 Ἐνδύσασθε
1063 964 1162 1035 τὴν
1193 964 1497 1017 πανοπλίαν
1513 966 1670 1027 Θεοῦ,
1690 967 1828 1035 πρὸς

239 1059 305 1113 τὸ
350 1058 612 1112 δύνασθαι
661 1057 806 1127 ὑμᾶς
855 1057 1045 1126 στῆναι
1085 1057 1222 1126 πρὸς
1274 1057 1371 1120 τὰς
1417 1056 1698 1127 μεθοδείας
1732 1058 1825 1110 τοῦ

238 1149 513 1214 διαϐόλου,
541 1166 597 1203 κ.
623 1166 676 1203 τ.
718 1151 766 1203 ἑ.

316 1241 661 1295 Βασιλειόυ.
716 1270 785 1280 -
826 1240 1126 1307 Ὑπένεγκε
1183 1240 1367 1292 τοίνυν
1445 1242 1545 1294 οὐκ
1600 1241 1828 1304 ἀπαθῶς

241 1331 357 1385 οὐδ’
384 1331 749 1402 ἀναισθήτως.
801 1332 897 1394 Τίς
926 1331 1036 1402 γάρ
1068 1331 1260 1401 μισθὸς
1287 1334 1655 1402 ἀναλγησίαςς
1714 1334 1828 1388 ἀλλ’

240 1424 522 1487 ἐπιπόνως
554 1424 652 1494 μὲν
699 1424 794 1475 καὶ
824 1424 920 1476 σὺν
946 1424 1206 1493 ἀλγηδόσι
1239 1424 1463 1495 μυρίαις
1488 1466 1502 1489 ,
1557 1427 1698 1495 πλὴν
1728 1426 1830 1479 ὑπ-

240 1515 473 1584 ένεγκε,
510 1514 701 1586 ὥσπερ
738 1532 824 1579 τις
851 1518 1103 1584 γενναῖος
1130 1517 1464 1587 ἀγωνιστὴς,
1529 1518 1629 1587 τὴν
1676 1520 1831 1587 ἰσχὺν

243 1608 347 1660 καὶ
374 1607 473 1678 τὴν
503 1608 788 1677 ἀνδρείαν,
822 1608 883 1661 οὐ
916 1607 1079 1677 μόνον
1113 1610 1178 1662 ὲκ
1202 1609 1297 1663 τοῦ
1326 1609 1550 1663 τύπτειν
1575 1610 1703 1673 τοὺς
1734 1611 1830 1663 ἁν-

238 1698 547 1761 τιπάλους,
605 1698 742 1752 ἀλλὰ
794 1700 892 1753 καὶ
946 1701 1010 1753 ὲκ
1057 1699 1153 1753 τοῦ
1202 1698 1409 1770 φέρειν’
1441 1700 1686 1772 στερρῶς
1735 1702 1832 1765 τάς

241 1789 379 1859 παρ’
430 1790 611 1843 αὐτῶν
668 1790 884 1861 πληγάς
937 1790 1422 1862 ἐπιδεικνύμενος·
1493 1793 1588 1844 καὶ
1644 1792 1832 1865 ῶσπερ

1928 608 2013 650 est
2046 598 2331 650 auxilium.

1999 684 2162 738 Ecrli.
2205 702 2315 745 xm,
2349 687 2401 737 5.
2430 715 2499 723 —
2531 685 2765 739 Fortiori
2794 697 2846 740 te
2877 702 2945 741 ne
2998 688 3074 741 sis
3100 686 3304 740 socius.
3358 686 3501 753 Quid

1928 776 2355 829 communicabit
2384 776 2491 829 olla
2534 791 2659 829 cum
2706 776 2932 829 lebete?
2974 778 3088 845 ipsa
3127 776 3413 846 impinget.
3447 785 3504 831 et

1932 869 2048 936 ipsa
2083 866 2394 920 coliidetnr.

2000 961 2193 1029 Ephes.
2225 960 2421 1021 v1.15.
2471 990 2542 1000 —
2582 960 2859 1013 Assumite
2891 969 3227 1011 armaturam
3272 960 3388 1021 Dei,
3447 967 3507 1012 ut

1931 1053 2159 1121 possitis
2182 1060 2331 1106 stare
2366 1051 2634 1106 adversus
2661 1051 2890 1106 insidias
2925 1050 3157 1115 diaboli,
3178 1059 3236 1104 et
3278 1067 3401 1119 qua:
3423 1066 3509 1107 se-

1934 1155 2201 1213 quuntur.

2004 1234 2160 1305 541
2193 1234 2406 1288 Basilii.
2439 1265 2506 1273 —
2535 1233 2757 1289 Sustine
2784 1234 2977 1303 igitur,
3008 1252 3120 1289 non
3144 1235 3326 1288 omnis
3349 1234 3507 1289 dolo-

1934 1323 2012 1377 ris
2039 1340 2238 1395 expers
2268 1327 2493 1381 nullove
2541 1341 2708 1379 sensu
2745 1341 2758 1377 :
2785 1341 2909 1395 quae
2943 1327 3090 1379 enim
3146 1341 3358 1379 merces
3390 1326 3513 1394 ejus

1934 1416 2182 1483 stuporis
2205 1430 2269 1469 ac
2304 1414 2665 1468 indolentiee?
2700 1412 2797 1468 sed
2834 1415 3089 1483 quamvis
3115 1428 3239 1466 cum
3263 1430 3509 1467 azrumna

1936 1505 2299 1574 plurimisque
2326 1504 2597 1559 molestiis
2617 1520 2682 1558 ac
2712 1504 3022 1567 doloribus,
3052 1505 3265 1558 sustine
3290 1514 3506 1566 tamen;

1936 1594 2021 1647 uti
2055 1595 2270 1647 scilicet
2297 1603 2561 1648 strenuus
2588 1604 2849 1659 certator,
2878 1608 2988 1647 non
3022 1595 3200 1648 solum
3248 1595 3511 1648 czedcndo

1937 1686 2306 1750 adversarios,
2370 1686 2756 1741 fortitudinem
2810 1686 3093 1756 roburque
3150 1688 3507 1756 spectandum

1938 1778 2168 1848 praebet,
2218 1793 2415 1831 verum
2446 1778 2614 1833 etiam
2676 1778 2894 1833 fortiter
2948 1779 3198 1843 ferendo,
3253 1795 3390 1849 quas
3438 1779 3509 1834 ab

239 1897 332 1944 τις
360 1880 705 1951 κυϐερνήτης
767 1882 932 1950 σοφὸς
983 1883 1078 1936 καὶ
1108 1882 1389 1953 ἀτάραχος
1431 1883 1536 1936 ὑπὸ
1564 1883 1664 1952 τῆς
1695 1884 1833 1951 ἄγαν

1934 1870 2057 1924 aliis
2076 1870 2356 1939 acceperit
2383 1871 2573 1939 plagas
2601 1887 2615 1923 :
2645 1869 2779 1924 item
2816 1880 2875 1924 ut
2901 1871 3239 1939 gubernator
3287 1871 3507 1935 doctus,

242 1973 378 2042 περὶ
426 1972 519 2025 τὸν
564 1972 735 2026 πλοῦν
783 1974 1120 2044 ἐμπειρίας,
1175 1973 1344 2044 ὀρθὴν
1375 1977 1468 2028 καὶ
1500 1976 1833 2030 ἀϐάπτιστον

244 2062 344 2115 καὶ
388 2063 591 2127 παντὸς
621 2064 894 2134 χειμῶνος
936 2064 1280 2135 ὑψηλοτέραν
1310 2065 1407 2135 τὴν
1436 2066 1613 2136 ψυχὴν
1638 2066 1835 2120 διασώ-

240 2156 381 2219 ζων.

321 2247 641 2314 Θεολόγου.
664 2275 736 2285 -
766 2246 982 2318 Θάρσος
1024 2248 1121 2300 καὶ
1151 2246 1353 2318 θράσος
1378 2288 1392 2311 ,
1446 2249 1549 2301 κᾶν
1580 2251 1690 2311 τοῖς
1720 2249 1835 2301 ὀνό-

250 2353 387 2405 μασι
416 2339 733 2407 πλησιάζει,
764 2341 1014 2407 πλεῖστον
1045 2341 1291 2412 ἀλλήλων
1320 2346 1386 2414 τῇ
1412 2343 1639 2413 δυνάμει
1664 2344 1836 2415 κεχώ-

246 2447 438 2499 ρισται
467 2447 479 2459 ·
540 2432 790 2503 ἀνδρείαν
835 2450 897 2486 τε
943 2429 1085 2487 εἷναί
1135 2452 1316 2504 φαμεν
1366 2436 1461 2489 καὶ
1493 2437 1833 2507 ἀνανδρείαν.

246 2522 325 2574 To
374 2523 472 2591 μὲν
520 2523 629 2594 γὰρ
685 2526 744 2576 ἐν
790 2528 903 2588 τοῖς
942 2526 1265 2596 τολμητέοις
1293 2527 1539 2599 θαρρεῖν,
1588 2528 1836 2599 ἀνδρείας

246 2611 425 2676 ἐστὶν,
448 2612 636 2685 ὥσπερ
657 2614 717 2667 τὸ
740 2615 1013 2683 ὑφίεσθαι,
1038 2617 1263 2681 δειλίας.
1288 2612 1362 2671 Οὗ
1387 2618 1442 2670 δὲ
1470 2618 1651 2671 πλεῖον
1674 2622 1700 2672 ὁ
1724 2620 1837 2671 κίν-

246 2703 429 2770 δυνος,
480 2708 646 2777 ὁμόσε
687 2711 886 2778 χωρεῖν
933 2709 1030 2762 καὶ
1061 2709 1386 2776 ὠθίζεσθαι,
1438 2711 1573 2765 άλλὰ
1606 2711 1681 2783 μὴ
1708 2729 1838 2766 κατ-

254 2796 498 2864 έχεσθαι,
530 2798 815 2869 θράσεως,
866 2800 1055 2869 ὥσπερ
1086 2800 1147 2852 τὸ
1174 2801 1480 2873 ὑποχωρεῖν
1517 2802 1836 2871 ἀσφαλείας.

326 3140 633 3206 Χρυσοστ.
663 3170 730 3179 -
761 3141 900 3193 Οὔτε
929 3142 1315 3211 παραιτεῖσθαι
1342 3143 1426 3196 δεῖ
1450 3145 1574 3208 τοὺς
1599 3145 1836 3212 ἀγῶνας,

252 3230 379 3282 οὔτε
434 3231 575 3300 πρὸς
621 3231 845 3295 τούτους
891 3234 1182 3303 ἑπιπηδᾷν.
1240 3234 1398 3288 Οὖτω
1430 3237 1537 3305 γάρ
1582 3238 1675 3290 καὶ
1706 3239 1837 3308 ἡμῖν

250 3322 288 3389 ἡ
332 3322 456 3391 νίκη
512 3321 870 3393 λαμπροτέρα
902 3323 1057 3377 ἔσται
1083 3363 1097 3387 ,
1152 3324 1245 3377 καὶ
1278 3326 1312 3394 ἡ
1343 3325 1482 3394 ἧττα
1508 3326 1586 3396 τῷ
1608 3327 1837 3395 διαϐόλῳ

255 3413 789 3484 καταγελαστοτέρα.
853 3414 1213 3477 Ἐλκυθέντας
1262 3415 1361 3484 μὲν
1410 3416 1518 3487 γὰρ
1574 3418 1837 3485 γενναίως

255 3505 485 3557 ἑστάναι
513 3518 525 3531 ·
587 3505 663 3573 μὴ
704 3504 1074 3574 καλουμένους
1118 3504 1176 3557 δὲ
1200 3534 1235 3568 ,-
1270 3506 1569 3577 ἡσυχάζειν
1610 3510 1706 3563 καὶ
1748 3511 1838 3564 τὸν

256 3596 454 3666 καιρὸν
486 3595 809 3666 ἀναμένειν,
859 3595 972 3648 τῶν
999 3595 1222 3663 ἀγαθῶν
1247 3612 1260 3627 υ
1323 3598 1409 3649 ἵνα
1441 3600 1535 3651 καὶ
1559 3600 1619 3652 τὸ
1645 3601 1835 3653 ἀκενό-

250 3686 438 3754 δοξον,
475 3689 570 3741 καὶ
597 3686 657 3740 τδ
685 3689 937 3757 γενναῖον
962 3685 1380 3757 ὲπιδειξὼμεθα.

330 3952 671 4020 Σωκράτης.
719 3982 785 3992 -
839 3950 1188 4021 Θεασάμενος
1238 3952 1336 4015 τὰς
1384 3953 1495 4006 τῶν
1534 3955 1838 4024 Κορινθίων

258 4048 476 4119 πόρτας
530 4046 767 4117 ἰσχυρῶς
818 4044 1229 4116 κεκλεισμένας,
1280 4046 1405 4116 ἔφη’
1458 4046 1549 4117 Μὴ
1582 4051 1838 4115 γυναῖκες

256 4140 452 4193 ἐνθάδε
482 4136 830 4191 κατοικοῦσιν
848 4154 863 4201 ;
1816 4200 1823 4205 _

332 4228 971 4298 Μενάνδρου.-Ἰσχὺς
998 4227 1123 4281 νοῦν
1150 4228 1249 4281 οὐκ
1276 4227 1495 4299 ἔχουσα,
1527 4230 1683 4301 τάφῴ
1710 4233 1835 4295 τοὺς

260 4320 649 4387 ἐμπίπτοντας
676 4315 1063 4388 παραδίδωσιν.

345 4407 697 4474 Ἀλέξανδρ.
741 4409 776 4460 ό
812 4406 1134 4471 βασιλεύς.
1159 4434 1232 4447 -
1280 4400 1446 4470 Οὗτος
1484 4408 1827 4478 παρακαλού-

1936 1957 2209 2028 longoque
2245 1958 2537 2028 navigandi
2574 1973 2677 2011 usu
2710 1959 3016 2023 interritus,
3056 1968 3324 2025 erectum,
3384 1962 3512 2015 nul-

1936 2051 2098 2120 [aque
2128 2050 2493 2119 procellarum
2525 2050 2576 2103 vi
2600 2051 2884 2116 obrutum,
2911 2052 2981 2105 ab
3013 2052 3163 2106 omni
3192 2061 3514 2123 tempestate

1936 2141 2299 2195 excelsnorem
2335 2155 2562 2195 servans
2584 2142 2851 2194 animum.

2009 2231 2271 2301 Theologi.
2300 2261 2370 2270 —
2406 2230 2655 2285 Audaeia
2687 2230 2972 2299 animique
3012 2233 3309 2299 prtesentia
3335 2241 3391 2287 et
3429 2242 3514 2288 te-

1938 2320 2186 2385 meritas,
2216 2320 2321 2374 etsi
2346 2318 2661 2374 Crzecarum
2687 2333 2885 2372 vocum
2904 2320 3271 2375 similitudine
3296 2320 3517 2394 (θάρσος

1937 2419 1990 2464 el
2012 2410 2234 2479 θράσος)
2257 2410 2438 2463 vicina
2470 2418 2621 2469 sunt.
2676 2423 2858 2463 rerum
2886 2418 3067 2463 tamen
3090 2410 3400 2480 signiﬁcatu
3425 2413 3516 2468 in-

1940 2510 2026 2557 ter
2054 2518 2112 2557 se
2159 2503 2462 2572 plurimum
2502 2500 2748 2563 distant;
2808 2510 2973 2571 atque
3021 2502 3258 2556 alterum
3288 2504 3514 2572 quidem

1939 2595 2322 2651 fortitudinem
2375 2610 2498 2649 esse
2555 2592 2814 2656 dicimus,
2863 2595 3097 2647 alterum
3128 2595 3423 2664 ignaviam.
3458 2596 3517 2651 In

1938 2688 2143 2758 quibus
2201 2687 2349 2741 enim
2394 2685 2732 2748 audendum,
2771 2684 2972 2739 fiducia
3028 2687 3129 2748 uti,
3176 2686 3519 2745 fortitudinis

1938 2787 2058 2845 est;
2086 2780 2167 2832 uti
2193 2786 2388 2832 contra
2420 2777 2641 2841 cedere,
2669 2775 3002 2831 timiditatis.
3036 2776 3141 2833 Ubi
3172 2786 3357 2837 autem
3398 2796 3516 2835 ma-

1932 2872 2025 2940 jus
2047 2878 2131 2924 est
2154 2870 2484 2938 periculum,
2515 2877 2707 2923 contra
2733 2877 2915 2923 tamen
2938 2868 3019 2923 ire
3039 2877 3096 2923 et
3134 2870 3368 2935 irruere,
3411 2887 3518 2929 nec

1940 2976 1998 3015 se
2030 2960 2318 3015 continere
2356 2974 2421 3014 ac
2443 2959 2749 3023 retrahere,
2785 2958 3115 3013 temeritatis
3138 2968 3244 3025 est,
3277 2961 3355 3015 uti
3386 2978 3517 3030 pru-

1941 3051 2145 3105 dentiae
2166 3052 2440 3121 just-aeque
2466 3051 2765 3113 cautionis,
2798 3065 2856 3105 se
2880 3050 3212 3105 subducere.

2010 3138 2277 3208 Chrysost.
2339 3168 2407 3177 —
2478 3138 2668 3207 Neque
2731 3137 3151 3193 detrectandum
3210 3149 3514 3211 certamen,

1944 3246 2125 3298 neque
2160 3230 2215 3283 in
2250 3229 2304 3282 id
2345 3237 2551 3283 temere
2578 3228 2925 3283 irruentium.
2954 3228 3045 3283 Sic
3075 3230 3223 3285 enim
3258 3242 3315 3286 et
3339 3234 3517 3291 victo-

1944 3321 2027 3382 ria
2052 3329 2237 3375 nostra
2265 3320 2452 3374 futura
2489 3320 2857 3388 splendidior,
2886 3330 2942 3375 et
2963 3321 3092 3376 victi
3132 3323 3341 3379 diaboli
3391 3342 3519 3397 pro-

1944 3413 2105 3468 brum
2134 3413 2339 3482 majore
2376 3413 2491 3466 risu
2514 3411 2925 3482 exeipiendum.
2953 3411 3093 3467 Cum
3144 3414 3293 3470 enim
3347 3420 3521 3473 trahi-

1945 3520 2088 3569 mur,
2115 3518 2315 3573 magno
2344 3519 2409 3558 ac
2424 3504 2644 3559 excelso
2670 3503 2857 3559 animo
2881 3506 3221 3573 consistere;
3254 3522 3362 3563 non
3390 3524 3520 3579 pro-

1943 3603 2167 3650 vocatos
2198 3602 2405 3657 autem,
2436 3594 2612 3664 quieti
2635 3594 2862 3650 studere
2889 3611 2953 3650 ac
2991 3604 3208 3667 tempus
3234 3611 3521 3669 exspecta-

1945 3701 2025 3748 re,
2054 3685 2107 3738 id
2138 3700 2271 3740 vero
2300 3700 2493 3739 eorum
2548 3693 2654 3750 est,
2687 3686 2783 3755 qui
2817 3685 2989 3740 fortes
3037 3702 3103 3741 ac
3129 3691 3341 3744 strenui
3373 3692 3514 3756 sint;

1945 3787 2004 3829 ut
2033 3784 2091 3827 et
2112 3775 2297 3829 inanis
2320 3775 2509 3844 gloria:
2532 3775 2710 3829 labem
2748 3775 3020 3842 eluamus,
3054 3792 3119 3833 ac
3136 3778 3317 3836 virilis
3345 3783 3516 3839 animi

1945 3866 2116 3919 robur
2145 3864 2521 3920 ostendamus.

2013 3956 2272 4011 Socrates.
2317 3987 2389 3996 —
2438 3956 2800 4027 Conspicatus
2849 3956 3263 4015 Corinthiorum
3328 3972 3517 4033 portas

1944 4046 2128 4101 valide
2165 4047 2451 4103 obseratas
2497 4048 2706 4113 :Num,
2757 4048 2960 4119 inquit,
3001 4051 3262 4109 mulieres
3286 4055 3379 4110 hic
3418 4056 3517 4112 ha-

1947 4137 2157 4190 bitant?

2013 4228 2313 4283 Menandri.
2349 4259 2417 4267 —
2445 4228 2634 4282 Robur
2662 4230 2883 4284 .mentis
2928 4246 3121 4287 carens
3159 4234 3391 4304 judicio,
3456 4236 3509 4293 in

1943 4336 2084 4391 quos
2113 4321 2392 4385 inciderit,
2419 4321 2672 4390 sepulcro
2708 4323 2891 4377 tradit.

2014 4412 2319 4465 Alexander
2340 4427 2451 4465 rex.
2476 4412 2679 4477 —llic,
2709 4428 2834 4467 cum
2860 4416 3025 4471 amici
3053 4417 3414 4477 hortarentur
3453 4433 3515 4480 ut

261 4515 426 4570 μενος
491 4497 599 4551 ὑπὸ
641 4496 751 4550 τῶν
797 4495 967 4566 φίλων
1016 4496 1207 4559 νυκτὸς
1252 4497 1536 4552 ἐπιθέσθαι
1582 4502 1695 4561 τοῖς
1743 4519 1833 4553 πο-

1945 4512 2110 4557 noctu
2132 4504 2320 4558 hostes
2342 4504 2734 4574 aggrederetur
2770 4522 2784 4558 :
2810 4506 2929 4561 Non
2949 4517 3054 4575 est,
3080 4509 3281 4579 inquit,
3302 4516 3513 4584 regium

257 4591 493 4661 λεμίοις,
521 4585 698 4642 εἶπεν·
724 4590 800 4642 Οὐ
830 4588 1102 4659 βασιλικόν
1130 4590 1245 4642 ἐστι
1267 4589 1518 4643 κλέπτειν
1540 4590 1639 4659 τὴν
1661 4591 1838 4661 νίκην.

331 4681 687 4750 Θεασάμτνος
724 4680 781 4733 δέ
826 4697 950 4736 τινα
983 4681 1273 4751 ὁμώνυμον
1302 4680 1468 4734 αὐτοῦ
1495 4682 1665 4735 δειλὸν
1689 4683 1837 4744 ὄντα,

258 4772 389 4841 ἔφη·
427 4771 723 4838 Νεανίσκε,
779 4772 810 4842 ἢ
860 4771 921 4824 τὸ
954 4771 1123 4841 ὄνομα
1154 4770 1400 4836 ἄλλαξον,
1435 4771 1467 4843 ἢ
1498 4772 1588 4825 τὸν
1614 4775 1835 4846 τρόπον.

1945 4594 2230 4649 victoriam
2256 4594 2450 4649 furari.

1988 4686 2146 4739 ‘Viso
2174 4693 2355 4739 autem
2382 4685 2641 4755 quopiam
2670 4686 2864 4742 eodem
2905 4705 2968 4744 ac
3003 4690 3117 4760 ipse
3148 4694 3391 4759 nomine,
3420 4698 3513 4766 qui

1949 4780 2129 4825 tamen
2168 4771 2398 4840 ignavus
2416 4781 2563 4826 esset
2600 4772 2999 4843 :Adolescens,
3028 4782 3129 4843 ait.
3160 4792 3254 4836 aut
3289 4801 3513 4853 nomen,

1946 4872 2040 4916 aut
2062 4877 2247 4917 mores
2273 4873 2506 4919 mutato.

1794 4994 2026 5049 ΝΟΤΑΕ.

264 5113 421 5184 velut
474 5111 610 5184 ipse_
628 5109 851 5179 Ignotus
880 5109 1098 5184 illorum
1126 5109 1283 5184 deus,
1311 5112 1467 5180 cujus
1512 5114 1831 5184 religionem

262 5183 330 5239 ad
361 5179 561 5238 verum
581 5180 756 5252 Deum
781 5179 975 5252 traxit
1020 5179 1349 5252 Apostolus;
1380 5179 1586 5252 nempe
1620 5179 1716 5239 'sic
1740 5187 1836 5242 ad-

262 5252 661 5307 umbrantibus
691 5249 827 5302 viris
847 5248 1273 5315 sapientissimis
1314 5248 1533 5305 nomen'
1548 5253 1641 5306 Dei
1669 5263 1839 5311 tetra-

259 5329 636 5392 grammaton,
666 5318 820 5392 quod
867 5315 1227 5392 Hebraeorum
1266 5319 1457 5392 religio
1489 5322 1679 5376 efferri
1725 5342 1835 5381 non

259 5387 395 5445 sinit
418 5390 660 5462 ac_legi;
689 5387 1039 5462 redduntque
1071 5387 1172 5455 ipsi
1202 5387 1406 5462 passim
1433 5406 1569 5445 voce
1598 5394 1801 5462 Κύριος
1820 5438 1833 5460 ,

262 5462 313 5516 id
345 5468 436 5514 est
470 5458 765 5522 Dominus;
787 5459 1116 5527 qnandoque
1142 5459 1307 5512 etiam
1344 5462 1511 5514 certis
1557 5458 1838 5519 characte4

262 5531 425 5584 ribus
452 5537 510 5583 et
534 5528 682 5599 notis
710 5527 1052 5599 depingitur,
1076 5528 1228 5581 velut
1252 5529 1305 5581 in
1354 5529 1606 5599 Procopii
1651 5533 1832 5598 Esaia,

264 5615 402 5670 quas
434 5598 626 5675 nescio
642 5614 709 5651 an
738 5597 924 5675 fucum
952 5597 1131 5675 facere
1153 5597 1546 5675 potuerint,_ut_
1559 5602 1637 5655 sic
1665 5606 1834 5675 ἀσεϐῆ

263 5667 364 5738 pro
402 5684 472 5722 eo
518 5668 795 5789 legeretur
842 5667 903 5720 τὸ
959 5667 1118 5738 πρὸς,
1152 5668 1206 5721 in
1236 5676 1383 5722 tanta
1431 5671 1550 5740 ejus
1585 5667 1835 5742 proposil

264 5737 435 5789 tionis
462 5736 826 5789 amnitudine
848 5752 974 5789 cum
1023 5738 1318 5789 accusandi
1381 5754 1531 5789 casu.
1585 5743 1831 5789 innoan

264 5736 435 5811 tionis
462 5736 826 5811 amplitudine
848 5736 1339 5811 cum_'_accusandi_
1381 5736 1531 5803 casu,
1578 5736 1832 5811 junctum

254 5807 459 5878 ἀσεϐῆ,
501 5807 664 5861 aliter
686 5807 869 5861 malim
893 5822 958 5860 ac
986 5806 1168 5861 Nobil.
1202 5824 1268 5862 ex
1303 5806 1595 5879 Cassiano,
1631 5822 1691 5868 ut
1720 5829 1830 5870 non

587 5898 860 5962 Ρηιιοι..
895 5899 1011 5963 Gn.
1047 5899 1204 5963 XCI.

1931 5121 2096 5189 apud.
2130 5121 2225 5174 sed
2253 5122 2510 5175 adversus
2530 5130 2583 5175 et
2613 5128 2797 5175 contra
2832 5122 3108 5191 signiﬁcet
3134 5139 3148 5185 ;
3186 5130 3246 5175 ut
3270 5123 3364 5187 sit,
3396 5124 3515 5181 Non

1933 5201 2006 5261 est
2038 5193 2147 5244 viro
2181 5193 2467 5259 sapientia,
2492 5208 2594 5244 non
2638 5200 2713 5245 est
2739 5194 3018 5261 fortitudo,
3080 5209 3186 5246 non
3225 5203 3300 5246 est
3336 5200 3513 5250 consi-

1935 5260 2063 5313 lium
2086 5261 2335 5313 adversus
2368 5262 2631 5331 impium;
2666 5260 2777 5329 quo
2809 5264 3024 5317 scilicet
3050 5262 3118 5315 ab
3141 5277 3210 5316 eo
3251 5278 3309 5317 se
3351 5272 3509 5321 tuea-

1936 5341 2042 5391 tur,
2069 5331 2311 5398 satisque
2336 5332 2667 5405 illi_cautum
2711 5332 2947 5405 sitlnisi
3005 5332 3105 5386 Dei
3152 5333 3382 5405 auxilio)
3414 5336 3514 5390 ad-

1935 5416 2128 5454 versus
2152 5415 2278 5470 eum
2304 5418 2315 5453 :
2351 5401 2444 5469 qui
2473 5416 2672 5454 sensus
2702 5402 2946 5470 optimus
2980 5411 3086 5467 est,
3130 5401 3229 5455 sed
3270 5418 3336 5456 ex
3363 5401 3515 5460 'aliis

1935 5469 2222 5523 Hebraicis
2248 5479 2465 5533 erutus,
2507 5486 2672 5538 quam
2700 5469 3022 5532 habeamus,
3088 5471 3363 5540 siquidem
3406 5474 3515 5530 fuit

1946 5540 2391 5612 isaSenioribus
2418 5542 2759 5612 productus;
2794 5542 2875 5596 vel
2927 5542 3030 5596 nisi
3087 5542 3355 5612 glossema
3402 5554 3509 5609 est,

1942 5619 2085 5664 etex
2113 5612 2357 5681 margine
2383 5611 2436 5664 in
2482 5618 2691 5683 textum
2725 5611 3274 5683 irrepsit,ipsamque
3327 5622 3512 5669 textus

1942 5696 2124 5734 veram
2154 5681 2648 5754 vocemgextrusit,
2693 5683 2841 5754 quod
2901 5681 3208 5753 praisertim
3272 5699 3513 5754 sequens

1942 5766 2155 5815 versus,
2185 5753 2302 5824 ejus
2333 5752 2477 5807 clare
2508 5767 2701 5807 sensus
2722 5752 2811 5807 sit.

3122 5910 3201 5972 Ωιι
