4216 6438
718 396 818 464 ’151
1886 382 1945 440 S.
1988 374 2272 438 MAXIMI
2313 373 2383 433 CC

2313 373 2821 435 CONFESSORIS
3867 377 3972 441 752

790 508 998 564 Basilii.
1023 538 1091 545 —
1112 504 1213 571 Qui
1249 517 1427 558 veram
1455 500 1725 571 justitiam
1766 512 1877 551 non
1906 495 2065 564 prius
2094 493 2279 547 animo
2314 494 2355 548 Α

2314 494 2355 548 Α
2456 491 2803 545 Βασιλείου.
2823 519 2891 529 -
2920 479 2987 537 ⁸0
3009 487 3102 560 τὴν
3132 488 3304 559 ἀληθῆ
3342 486 3686 557 δικαιοσύνην
3724 487 3799 557 μὴ
3832 487 3972 557 ἔχων

724 602 1017 672 repositam
1045 598 1231 660 habet,
1261 594 1356 649 sed
1384 601 1479 647 aut
1516 600 1812 661 corruptus
1834 587 2044 642 divitiis
2074 595 2178 651 est,
2198 593 2294 640 aut

2399 580 2941 651 προεναποκειμένην
2967 579 3034 650 τῇ
3065 579 3234 650 ψυχῇ,
3267 577 3382 631 ἀλλ’
3406 577 3439 646 ἢ
3463 578 3711 647 χρήμασι
3726 577 3974 646 διεφθαρ-

722 668 984 747 amicitia:
1015 689 1306 757 indulget,
1356 692 1453 739 aut
1480 684 1724 754 potentia
1770 680 2032 742 ﬂectitur,
2081 685 2294 733 rectum

2400 672 2580 743 μένος,
2618 674 2651 743 ἢ
2687 672 2838 743 φιλίᾳ
2869 671 3246 742 χαριζόμενος,
3277 669 3312 740 ἢ
3344 669 3512 738 ἔχθρᾳ
3543 668 3906 757 ἀμυνόμενος,
3936 668 3970 738 ἢ

716 783 987 856 judicium
1011 779 1260 850 proferre
1284 795 1394 834 non
1428 786 1629 847 potest.

790 956 1012 1013 Justitia
1038 965 1125 1010 est
1158 954 1398 1017 habitus,
1433 952 1578 1022 quo-.l
1609 949 1808 1020 cuique
1844 964 1910 1003 ex
1950 946 2148 1000 merito
2181 952 2288 1007 est,

721 1050 998 1105 tribuens.
1027 1046 1141 1101 Hoc
1170 1055 1352 1100 autem
1406 1042 1672 1112 consequi
1713 1039 1876 1112 5M
1910 1037 2147 1093 arduum
2190 1043 2295 1096 cst,

722 1156 849 1196 cum
894 1140 1010 1205 alii,
1040 1153 1150 1209 quo
1197 1136 1452 1194 laborant
1496 1135 1715 1189 defectu
1764 1130 2095 1201 prudentiae,
2148 1125 2297 1197 quod

722 1231 923 1300 cuique
949 1244 1166 1298 aequum
1200 1229 1273 1282 sit
1304 1226 1554 1280 invenire
1588 1240 1698 1277 non
1735 1221 1980 1292 possint;
2019 1218 2113 1274 alii
2139 1232 2297 1280 vero,

723 1324 928 1391 quibus
975 1328 1234 1377 tenentur
1288 1318 1549 1373 humanis
1580 1316 1915 1377 aﬂ‘ectibus,
1968 1314 2061 1384 jus
2107 1312 2300 1379 fasque

724 1412 1003 1466 aboleant.

797 1502 974 1557 Thcol.
1000 1512 1138 1556 orat.
1163 1500 1246 1556 l9.
1262 1499 1439 1553 —-Ira2
1457 1497 1552 1551 Dei
1571 1496 1757 1551 faecem
1776 1494 1906 1565 (Isa.
1924 1509 1994 1553 ιι.
2012 1491 2303 1561 i7)quam-

726 1593 852 1646 dam
881 1599 938 1645 et
970 1590 1249 1645 credimus
1282 1594 1338 1642 et
1373 1583 1654 1645 audimus,
1687 1583 1794 1636 hoc
1814 1576 2304 1635 estcommotionis

728 1684 993 1753 reliquias
1012 1681 1280 1736 adversus
1292 1693 1407 1742 eos,
1426 1677 1519 1747 qui
1538 1691 1601 1730 ea
1619 1674 1771 1744 digni
1786 1680 1937 1737 sunt;
1959 1667 2303 1740 quandoqui-

728 1780 853 1834 dem
867 1778 1012 1833 Deus
1025 1776 1295 1830 ultionum
1309 1771 1574 1826 Dominus
1589 1766 1759 1837 (Psai.
1782 1781 1929 1827 xcm,
1949 1764 2023 1833 1).
2043 1760 2304 1828 Quamvis

2396 763 2682 833 δυναστείᾳ
2719 761 3160 830 δυσωπούμενος,
3208 760 3271 813 τὸ
3307 761 3481 829 κρῖμα
3519 756 3874 811 κατευθύνειν
3909 756 3974 809 ού

2398 854 2637 909 δύναται.

2468 943 2789 1012 Δικαιοσύνη
2817 943 2963 996 εστὶν
2992 940 3103 1007 ἕξις
3128 940 3506 1011 ἀπονεμητικὴ
3528 938 3622 993 τοῦ
3650 940 3767 993 κατ’
3791 938 3970 1003 ἀξίαν.

2398 1038 2745 1108 Δυσθήρατον
2784 1035 2843 1090 δὲ
2868 1034 3047 1099 τοῦτο,
3081 1034 3190 1087 τῶν
3217 1034 3316 1103 μὲν
3349 1032 3437 1086 διά
3469 1032 3531 1085 τδ
3565 1032 3687 1102 περὶ
3717 1030 3817 1102 τὴν
3843 1032 3975 1101 φρό-

2399 1146 2554 1201 νησιν
2584 1127 2797 1191 ἐλλιπὲς
2832 1129 2930 1196 οὐχ
2967 1126 3329 1195 εὑρισκόντων
3363 1125 3579 1195 ἑκάστῳ
3606 1124 3879 1193 διανεῖμαι
3915 1123 3977 1176 τδ

2401 1223 2548 1274 ῖσον·
2606 1220 2713 1274 τῶν
2766 1219 2825 1272 δὲ
2875 1219 2962 1272 διὰ
3021 1217 3085 1271 τὸ
3130 1215 3565 1289 προκατέχεσθαι
3616 1215 3723 1269 ὑπὸ
3786 1213 3977 1267 παθῶν

2401 1313 2759 1384 ἀνθρωπίνων
2789 1310 3159 1380 ἀφανιζόντων
3186 1309 3248 1363 τὸ
3273 1310 3505 1363 δίκαιον.

2475 1485 2794 1554 Θεολόγου.
2812 1512 2882 1523 -
2901 1479 3035 1534 Θεοῦ
3065 1480 3163 1551 μὲν
3187 1478 3360 1550 ὀργῆς
3387 1476 3613 1547 τρυγίαν
3634 1473 3753 1528 τινά
3787 1474 3859 1543 (υ)
3884 1472 3979 1525 καὶ

2404 1574 2756 1643 πιστεύομεν,
2784 1572 2876 1626 καὶ
2901 1571 3173 1640 ἀκούομεν
3192 1585 3204 1599 ’
3231 1570 3293 1622 τὸ
3322 1569 3528 1637 λεῖμμα
3564 1566 3666 1633 τῆς
3704 1565 3847 1618 κατά
3870 1563 3978 1615 τῶν

2402 1665 2568 1730 ἀξίων
2599 1665 2889 1734 κινήσεως,
2924 1661 3111 1730 ἐπειδὴ
3139 1659 3272 1723 Θεὸς
3294 1659 3628 1729 ἑκδικήσεων
3657 1656 3881 1727 Κύριος.
3915 1655 3979 1707 El

2404 1759 2511 1828 γάρ
2538 1757 2632 1810 καὶ
2676 1755 2847 1808 κλίνει
2890 1753 2978 1806 διὰ
3017 1750 3429 1821 φιλανθρωπίαν
3474 1748 3539 1801 ὲκ
3574 1745 3667 1799 τοῦ
3700 1744 3979 1813 ἀποτόμου

727 1868 875 1923 enim
897 1884 961 1923 ex
992 1883 1088 1921 sua
1120 1863 1458 1933 benignitate
1484 1876 1548 1915 ac
1580 1856 1871 1913 clementia
1902 1871 1970 1909 ex
2004 1853 2299 1907 severitate
2337 1833 2376 1887 Β

2337 1833 2376 1887 Β
2406 1849 2541 1918 πρὸς
2563 1849 2623 1901 τὸ
2648 1846 2947 1915 ἐνδόσιμον,
2972 1844 3101 1898 *ἀλλ’
3128 1843 3189 1896 οὐ
3216 1843 3324 1895 πᾶν
3362 1840 3636 1910 συγχωρεῖ
3656 1839 3770 1899 τοῖς
3802 1837 3976 1905 ἀμαρ-

727 1959 796 2014 ad
820 1958 1134 2013 facilitatem
1158 1964 1214 2011 et
1236 1953 1452 2008 veniam
1476 1950 1722 2014 inclinet,
1740 1945 2098 2018 peccantibus
2119 1954 2301 1999 tamen

730 2066 840 2105 non
860 2049 1044 2103 omnia
1064 2046 1318 2117 ignoscit,
1346 2060 1415 2099 ne
1449 2042 1785 2110 benignitate
1806 2039 2112 2093 deteriores
2146 2034 2297 2091 fiant.

798 2138 1069 2209 Clirysost.
1095 2167 1165 2176 —
1198 2137 1363 2199 Deus,
1407 2149 1509 2188 nec
1543 2132 1610 2186 de
1646 2131 1908 2186 omnibus
1950 2128 2006 2181 in
2041 2127 2143 2181 hac
2190 2127 2301 2181 vita

726 2228 897 2299 exigit
926 2242 1137 2298 poenas,
1178 2242 1247 2281 ne
1281 2223 1708 2280 resurrectionis
1741 2236 1894 2290 Spem
1920 2218 2171 2289 abjicias,
2201 2232 2303 2272 nec

727 2319 999 2391 judicium
1054 2317 1175 2374 fore
1230 2324 1556 2387 exspectes,
1606 2328 1730 2367 cum
1774 2312 1867 2367 hic
1922 2309 2108 2364 cuncti
2157 2310 2303 2379 justa

731 2415 1203 2471 animadversione
1256 2413 1526 2467 rationein
1578 2409 1810 2463 reddant
1862 2426 1875 2459 :
1939 2421 2040 2460 nec
2110 2414 2305 2460 contra

735 2504 960 2574 impune
994 2504 1178 2559 omnia
1225 2502 1379 2557 abire
1430 2502 1602 2565 sinit,
1649 2515 1718 2553 ne
1780 2512 1975 2551 rursus
2024 2495 2308 2565 putaveris

733 2594 1004 2665 quidquid
1033 2609 1215 2648 rerum
1251 2603 1336 2648 est
1364 2592 1514 2647 nulla
1548 2590 1661 2661 regi
1694 2587 2066 2659 providentia.

804 2684 1026 2754 Nysaea.
1055 2714 1124 2723 —
1152 2683 1366 2738 Justum
1396 2680 1492 2736 Dei
1516 2680 1809 2752 judicium,
1860 2692 1961 2748 pro
1992 2692 2059 2731 eo
2091 2692 2156 2731 ac
2188 2675 2304 2730 dis-

735 2774 900 2846 positi
949 2788 1143 2829 sumus
1196 2783 1253 2829 et
1304 2772 1525 2836 aﬂecti,
1584 2771 1761 2841 ipsum
1805 2770 2193 2840 componitur;
2244 2784 2308 2824 ac

732 2867 918 2936 qualia
972 2881 1001 2921 a
1062 2864 1225 2921 nobis
1266 2864 1513 2934 profecta
1562 2862 1807 2927 fuerint,
1865 2862 1991 2916 talia
2040 2862 2201 2917 nobis
2240 2878 2307 2917 ex

733 2957 1012 3011 similibus
1035 2956 1277 3011 vicissim
1303 2957 1421 3025 ipso
1450 2965 1675 3009 auctore
1708 2954 2060 3023 proveniunt.

807 3044 1048 3115 Evagrii.
1102 3074 1174 3083 —
1210 3043 1385 3100 Judex
1435 3044 1702 3112 iniquus,
1753 3043 2125 3097 contaminata
2179 3057 2311 3096 con-

734 3135 989 3190 scientia.

806 3228 1015 3300 Cyrilli.
1046 3260 1115 3269 —
1143 3228 1406 3299 Quisquis
1438 3243 1536 3297 per
1571 3228 1831 3299 injuriam
1882 3228 2097 3282 heditur
2121 3269 2135 3292 ,
2171 3242 2311 3282 mm-

738 3336 870 3377 rens
895 3322 1082 3375 animo
1111 3320 1415 3389 dolensque
1445 3320 1703 3374 aduritur
1748 3338 1760 3372 :
1791 3335 2027 3389 cumque
2066 3319 2311 3388 seipsum

739 3409 955 3474 ulcisci,
986 3420 1083 3465 aut
1110 3409 1164 3463 in
1188 3424 1405 3479 aequum
1435 3408 1770 3464 descendere
1797 3423 1907 3462 non
1940 3409 2135 3474 liceat,
2165 3407 2313 3477 quod

739 3502 1005 3556 nimirum
1066 3500 1316 3555 lazdentis
1354 3499 1687 3568 quandoque
1737 3514 1934 3553 manus
1983 3501 2311 3569 prtevaleat,

740 3592 982 3647 caelestis
1021 3593 1077 3647 in
1111 3592 1284 3648 malos
1316 3590 1428 3645 odii
1462 3590 1749 3644 stimulum
1788 3590 1857 3644 ad
1903 3604 2063 3658 opem
2098 3589 2202 3644 sibi
2233 3589 2314 3642 fe-

742 3683 966 3738 rendam
996 3684 1273 3753 implorat.

811 3775 1078 3830 Platom‘s.
1102 3805 1172 3815 —-
1199 3776 1302 3841 Qui
1334 3776 1543 3830 nemini
1577 3774 1709 3829 facit
1737 3774 2017 3846 injuriam,
2046 3774 2247 3843 dignus
2269 3772 2315 3825 is

742 3867 968 3937 quidem
1001 3876 1087 3922 est
1120 3875 1181 3921 ut
1203 3867 1408 3946 honori
1443 3866 1712 3921 habeatur
1741 3883 1754 3918 :
1793 3864 1888 3935 qui
1923 3878 2063 3919 vero
2096 3878 2192 3918 eos
2223 3861 2317 3932 qui

745 3957 960 4027 injurias
980 3956 1257 4022 studeant,
1295 3957 1495 4011 hedera
1532 3971 1644 4010 non
1686 3956 1851 4019 sinit,
1893 3955 2180 4024 plusquam
2214 3955 2313 4008 du-

743 4046 875 4115 plici
910 4061 1022 4115 pra:
1060 4045 1154 4099 illo
1208 4047 1420 4100 honore
1465 4044 1667 4115 dignus
1718 4044 1905 4099 fuerit.
1948 4044 2043 4098 llle
2084 4056 2318 4113 namque

745 4136 931 4202 unius,
965 4137 1069 4191 iste
1095 4137 1330 4191 aliorum
1362 4137 1602 4206 plurium
1636 4137 1810 4190 instar
1838 4136 2074 4191 exsistit.

814 4226 906 4281 Sic
929 4228 1077 4281 enim
1106 4228 1388 4291 existimo,
1415 4236 1470 4281 et
1501 4243 1587 4280 me
1612 4237 1663 4281 et
1706 4236 1757 4280 te
1787 4228 2037 4296 aliosque
2063 4226 2317 4281 homines

2405 1942 2679 2005 τάνουσιν,
2712 1938 2800 1992 ἴνα
2835 1938 2910 2008 μὴ
2926 1939 2994 2007 τῇ
3033 1933 3361 2006 χρηστότητι
3382 1931 3600 2002 χείρους
3628 1930 3909 1997 γίνωνται.

2476 2109 3011 2184 Χρυσοστ.--Οὔτε
3053 2110 3261 2171 πάντας
3288 2104 3541 2160 ’ἐνταῦθα
3579 2104 3801 2158 ἀπαιτεῖ
3828 2101 3980 2170 δίκην

2406 2211 2435 2262 ὁ
2459 2208 2613 2271 Θεὸς,
2645 2206 2730 2259 ἵνα
2763 2203 2838 2275 μὴ
2877 2201 3131 2271 ἀωγνῷς
3171 2199 3270 2267 τὴν
3301 2199 3619 2260 ἀνάστασιν,
3666 2196 3763 2250 καὶ
3817 2194 3981 2248 ἀπλ-

2409 2300 2574 2371 πίσῃς
2603 2298 2703 2369 τὴν
2738 2295 2945 2367 κρίσιν,
2982 2293 3201 2346 πάντων
3239 2289 3473 2345 ἐνταῦθα
3500 2288 3753 2342 διδόντων
3788 2285 3979 2353 λόγον·

2407 2389 2531 2443 οὔτε
2586 2386 2766 2441 πάντα
2806 2385 3027 2455 ἀφίεται
3076 2380 3386 2452 ἀτιμωρητὶ
3438 2378 3715 2443 ἀπελθεῖν,
3771 2377 3861 2431 ἵνα
3909 2374 3986 2445 μὴ

2408 2480 2569 2535 πάλιν
2592 2476 2904 2549 ἀπρονόητα
2927 2469 3066 2529 εἶναι
3099 2473 3276 2526 πάντα
3309 2471 3557 2542 νομίσῃς.

2489 2657 2599 2713 Τοῦ
2626 2652 3073 2722 Νύσσης.-Ἢ
3117 2649 3209 2704 τοῦ
3261 2647 3396 2703 Θεοῦ
3438 2642 3825 2715 δικαιοκρισία,
3866 2644 3987 2705 ταῖς

2413 2750 2707 2821 ἡμετέραις
2740 2744 3044 2800 διαθέσεσιν
3062 2739 3430 2810 ὲξομοιοῦται’
3461 2738 3553 2791 καὶ
3578 2729 3667 2789 οἷά
3685 2750 3791 2804 περ
3819 2731 3889 2785 ἂν
3916 2730 3986 2784 τὰ

2411 2844 2542 2913 παρ’
2571 2840 2729 2912 ἡμῶν
2747 2835 2805 2912 ᾖ,
2836 2836 3059 2891 τοιαῦτα
3091 2835 3222 2905 ἡμῖν
3265 2834 3329 2886 ἐκ
3362 2830 3470 2884 τῶν
3493 2828 3696 2900 ὁμοίων
3722 2826 3988 2894 ἀντιπαρο

2410 2932 2617 2985 ἑγεται.
3174 2920 3181 2929 ’

2578 2951 2617 2985 ι.

2439 2951 2792 3089 χῗιζαγρίου.
2810 3044 2881 3057 -
2898 3014 3116 3076 Ἀδικος
3144 3008 3423 3080 δικαστὴς,
3450 3003 3839 3078 μεμολυσμένη
3862 3018 3989 3055 συνο
4029 3017 4037 3026 '

2413 3115 2637 3183 εἰδησις.

2482 3219 2997 3292 Κυρίλλου.-ῐιᾶς
3010 3199 3057 3270 ’ὁ
3071 3216 3442 3284 ἀδικούμενος,
3462 3207 3865 3279 καταφλέγεται
3892 3203 3992 3275 μὲν

2414 3315 2520 3368 ὑπὸ
2541 3313 2749 3381 λύπης’
2780 3308 3095 3379 ἀμύνασθαι
3135 3306 3191 3358 δὲ
3233 3305 3333 3357 οὐκ
3364 3303 3507 3371 ἔχων
3536 3301 3571 3371 ἢ
3602 3299 3690 3352 διά
3714 3297 3821 3359 τῶν
3858 3296 3991 3349 ῐσων

2416 3404 2584 3457 ἐλθεῖν
2618 3402 2719 3470 (π),
2751 3399 2863 3452 ἐσθ’
2892 3399 2980 3451 ὅτε
3009 3395 3095 3450 διὰ
3116 3394 3177 3448 τὸ
3196 3392 3464 3464 ἡττᾶσθαι
3491 3390 3592 3460 τῆς
3623 3388 3718 3443 τοῦ
3742 3384 3993 3441 ἀδικοῦν-

2415 3512 2503 3556 τος
2521 3493 2722 3564 χειρὸς,
2747 3491 2846 3558 τῆς
2868 3487 3073 3544 ἀνωθεν
3098 3483 3490 3557 μισοπονηρίας
3510 3482 3572 3535 τὸ
3590 3480 3815 3550 κέντρον
3837 3477 3994 3531 καλεῖ

2419 3586 2554 3655 πρὸς
2580 3581 2920 3650 ἐπικουρίαν.

2489 3781 2912 3843 Πλάτωνος.-
2928 3775 3120 3844 Τίμιος
3152 3769 3253 3840 μὲν
3276 3769 3340 3839 δὴ
3365 3770 3460 3822 καὶ
3487 3769 3515 3821 ὁ
3540 3766 3744 3837 μηδένα
3768 3766 3991 3820 ἀδικῶνσ

2420 3877 2447 3927 ὁ
2469 3876 2526 3928 δὲ
2554 3872 2677 3943 μηδ’
2706 3868 3017 3938 ἐπιτρέπων
3040 3865 3153 3924 τοῖς
3185 3858 3464 3914 ἀδικοῦσιν
3489 3856 3717 3921 ἀδικεῖν,
3770 3856 3932 3909 πλέον
3959 3855 3994 3925 ἢ

2420 3962 2708 4023 διπλασίας
2752 3958 2918 4027 τιμῆς
2966 3954 3114 4017 ἄξιος
3145 3949 3373 4002 ἐκείνου.
3411 3948 3471 4000 '0
3520 3946 3618 4017 μὲν
3651 3945 3761 4016 γὰρ
3802 3945 3943 4009 ἑνὸς,
3967 3946 3996 3997 δ

2420 4056 2476 4109 δὲ
2510 4051 2719 4107 πολλῶν
2739 4048 2986 4115 ἀντάξιος
3010 4044 3232 4114 ἑτέρων.

2522 4244 2648 4297 two)
2677 4227 2784 4297 γὰρ
2822 4224 2887 4293 δὴ
2932 4216 3103 4291 οἶμαι,
3164 4218 3258 4270 καὶ
3284 4220 3409 4286 ἔμε,
3440 4216 3534 4268 καὶ
3593 4229 3673 4275 σε,
3733 4211 3829 4263 καὶ
3872 4210 3998 4272 τοὺς

746 4316 803 4370 in
855 4318 949 4371 illa
997 4333 1118 4373 esse
1158 4318 1452 4381 sententia,
1498 4327 1557 4372 ut
1609 4317 1855 4373 deterius
1895 4332 2016 4372 esse
2055 4317 2322 4372 ducamus
2353 4350 2397 4406 ο

2353 4350 2397 4406 D
2426 4323 2619 4385 ἄλλους
2642 4318 2985 4389 ἀνθρώπους,
3026 4312 3088 4365 τὸ
3122 4309 3330 4364 ἀδικεῖν
3354 4307 3449 4359 τοῦ
3480 4302 3783 4406 ἀδικεῖσθαι
3805 4302 3998 4355 κάκιον

746 4409 1004 4479 injuriam
1026 4408 1227 4475 facere,
1251 4424 1415 4479 quam
1440 4410 1725 4480 accipere;
1749 4418 1933 4463 etnon
1949 4407 2082 4462 dare
2104 4422 2319 4477 pcenas,

747 4515 912 4570 quam
942 4500 1096 4555 dare.

2428 4411 2717 4484 ἡγεῖσθαι·
2746 4407 2839 4460 καὶ
2868 4406 2928 4456 τὸ
2962 4402 3037 4474 μὴ
3066 4401 3266 4454 διδόναι
3290 4398 3467 4467 δίκην,
3507 4395 3598 4449 τοῦ
3631 4392 3856 4448 διδόναι.

2282 4590 2513 4651 NOTAE.

748 4681 1013 4751 amnique
1082 4680 1341 4749 allegoria
1407 4681 1481 4734 ait
1575 4681 1782 4751 Psaltes
1818 4677 2031 4751 _regius
2093 4695 2104 4729 :
2155 4677 2321 4732 Periit

749 4748 1002 4805 memoria
1028 4748 1351 4804 corum’cmn
1376 4752 1586 4811 sonitu;
1619 4750 1774 4817 quasi
1810 4748 2023 4817 fragore
2066 4762 2162 4815 per
2220 4763 2321 4801 au.

751 4836 839 4873 ras
867 4821 1149 4889 dissipata,
1189 4835 1299 4873 non
1329 4819 1384 4872 in
1409 4819 1489 4871 eis
1532 4816 1722 4889 silens,
1761 4833 1923 4889 sensu
1957 4816 2317 4889 Gesneriano.

823 4889 895 4957 (υ)
939 4885 1192 4955 Τρὺγίαν
1213 4889 1362 4942 nni.
1424 4889 1516 4942 Sic
1564 4888 1766 4956 passim
1798 4885 2320 4957 Scriptura__expri-

750 4962 851 5013 mit
880 4954 981 5012 irai
1022 4954 1117 5011 Dei
1156 4958 1455 5027 reliquias;
1490 4954 1580 5011 uti
1602 4958 1746 5017 Psal.
1780 4971 1923 5018 κων,
1949 4963 2005 5007 et
2033 4954 2201 5027 alibi;
2223 4971 2321 5009 e0-

749 5045 858 5097 que
885 5028 1124 5097 respexit
1175 5024 1339 5095 Gre’g.
1378 5028 1466 5097 cui
1507 5028 1648 5097 male
1702 5033 1963 5097 conatus__
1990 5024 2319 5097 medicinam

750 5094 955 5159 facere,
977 5094 1269 5150 medicina:
1300 5094 1581 5164 'spiritalis
1614 5095 1785 5156 rudis,
1825 5094 2071 5164 medicus
2119 5094 2324 5149 Gesne-

752 5183 868 5227 rus,
903 5166 1033 5220 dum
1085 5180 1206 5219 eam
1256 5163 1445 5217 vocem
1496 5178 1630 5217 voce
1686 5163 2000 5231 τραχύτητα
2053 5164 2321 5217 mutavit.

752 5237 959 5290 Divina:
988 5237 1082 5305 iri;
1138 5236 1495 5305 asperitatem.
1558 5232 1652 5305 τὸ,
1700 5232 1915 5302 λῆμμα,
1976 5232 2030 5285 in
2080 5231 2329 5305 Gregorii

752 5273 1278 5371 ἔὰἷίἱὲψεέἴλεῖῖῖἕῗ
1295 5273 1915 5372 ’ἱιῖιἰἶέ’ί”νεὲεᾶἱιιι’ὲὶἒξ”’Ἶῖ
1918 5309 1937 5354 ι
1977 5273 2068 5355 'é'si
2084 5273 2330 5371 Whl'éi

754 5391 863 5438 xu,
891 5377 943 5439 4,
981 5375 1171 5443 sicque
1194 5372 1310 5442 ipse
1330 5371 1404 5427 ex
1427 5373 1691 5427 memoria
1720 5372 1954 5426 forsitan
2005 5371 2315 5443 scripserit,

753 5460 878 5499 cum
923 5440 1096 5512 magis
1138 5440 1329 5511 λῆμμα
1363 5443 1771 5511 Scripturarum
1823 5457 1945 5505 usu,
1977 5457 2094 5512 pro
2134 5440 2321 5493 divina

753 5510 1228 5569 animadversione
1251 5510 1519 5572 Sumatur.
1553 5512 1699 5580 quod
1725 5512 1927 5580 passim
1974 5510 2130 5580 Vulg.
2165 5526 2319 5563 onus.

754 5584 864 5661 Nec
892 5597 1115 5661 necesse
1150 5597 1275 5637 cum
1314 5583 1482 5661 Qesn.
1540 5579 1753 5661 mutare
1778 5581 1947 5661 λῆμα,
1980 5579 2125 5661 quod
2155 5579 2320 5634 etiam

754 5654 898 5708 inter
923 5654 1029 5706 alia
1052 5653 1188 5707 iram
1218 5666 1282 5707 ac
1307 5653 1534 5720 juStitia:
1560 5652 1856 5706 vindictam
1885 5649 2177 5721 significat.

826 5725 903 5789 (ατ)
944 5724 1010 5776 Ἢ
1031 5722 1125 5777 διὰ
1146 5722 1261 5777 τῶν
1295 5723 1447 5776 ἴσων
1477 5722 1695 5776 ἐλθεῖν.
1726 5721 1911 5786 Quasi,
1978 5722 2096 5789 pari
2150 5728 2319 5773 marte

755 5796 1050 5862 conﬂigere,
1089 5796 1210 5848 etin
1238 5809 1445 5864 a'qmim
1481 5794 1690 5859 venire;
1726 5790 1901 5846 hostis
1952 5790 2008 5845 in
2036 5804 2163 5844 eum
2192 5804 2318 5859 par-

2424 4690 2505 4735 tes
2537 4678 2830 4732 sustinere.
2864 4672 3104 4725 Auctore
3155 4680 3394 4733 namque
3445 4662 3645 4725 Nonio,
3696 4662 4001 4735 flanimea-

2419 4733 2533 4805 tuin
2561 4756 2635 4800 est
2664 4750 3074 4813 wquamentum,
3101 4736 3441 4813 findeliostes
3468 4735 3612 4795 dicti,
3636 4733 3725 4801 qui
3752 4748 3818 4784 ea:
3844 4747 4001 4813 {aqua

2419 4802 2582 4873 causa
2606 4802 3074 4887 pugaamineunt.
3101 4806 3263 4861 Nonii
3297 4806 3464 4874 igitur
3510 4818 3664 4887 mens
3695 4813 3803 4887 est:
3836 4802 4001 4882 hostis

2420 4871 2618 4944 venire.
2641 4871 2711 4938 ab
2734 4882 2923 4941 hostio,
2951 4878 3005 4931 id
3038 4884 3123 4931 est
3149 4871 3339 4945 aequo;
3353 4889 3421 4928 eo
3447 4871 3593 4945 quod
3617 4871 3711 4945 qui
3747 4871 3912 4945 alteri
3936 4885 4002 4945 se

2420 4939 2568 5013 bello
2595 4939 2926 5022 opponit,wi_s
2957 4939 3247 5022 minimum
3280 4945 3367 5022 vel
3390 4939 3617 5022 usq—uatis
3648 4941 3740 5022 sit,
3768 4940 3856 4993 vel
3880 4939 4003 4993 talis

2426 5012 2530 5083 sibi
2562 5012 2993 5078 vidéatur.Hinc
3025 5012 3338 5070 dimicaturi
3370 5014 3633 5067 dicuntur
3673 5012 3741 5083 in
3789 5026 4001 5083 mquam

2426 5079 2759 5150 descendere.
2817 5090 2936 5143 Liv.
2999 5101 3097 5149 vn,
3144 5084 3325 5138 Primo
3378 5083 3589 5136 credere
3648 5081 3838 5150 duces!
3874 5079 4003 5134 Gal-

2432 5148 2625 5225 Lirim,
2654 5178 2761 5215 non-
2782 5148 3118 5213 descensurOs
3141 5157 3196 5207 in
3230 5150 3757 5225 mquam_Roina_no_s.
3797 5148 4003 5225 Trans-

2432 5218 2540 5290 late
2569 5218 2777 5287 Séneca
2809 5231 2846 5282 l.
2878 5243 2929 5281 XI
2984 5226 3062 5279 De
3096 5218 3405 5285 ben.c.'15,
3427 5221 3845 5290 Benignissimus
3878 5218 3999 5287 fuit,

2432 5303 2797 5370 descenditque
2815 5300 2870 5352 in
2893 5303 3196 5370 (equum,_et
3222 5294 3452 5370 detrusit
3489 5291 3694 5370 muneri
3721 5304 3820 5341 suo
3835 5304 4001 5370 fom-

2428 5392 2550 5445 pain
2570 5389 2587 5425 :
2610 5362 2853 5445 nec'alio
2877 5362 3088 5445 spectat
3126 5362 3315 5445 Cyrilli
3350 5362 3587 5445 phrasis,
3608 5373 3806 5445 quam
3831 5362 3998 5445 Qesn.

2422 5426 2559 5498 ﬁniit
2586 5439 2878 5503 intellexit,
2907 5426 3160 5504 dumpar
3174 5426 3298 5504 ραι-ί
3314 5426 3550 5494 reddere,
3570 5426 3831 5504 reddidit.
3853 5426 4001 5482 Con-

2421 5513 2591 5568 scntit
2618 5512 2773 5565 locus
2795 5499 3261 5577 evangelicus,'de
3291 5518 3416 5573 rege
3449 5499 3817 5577 commissum
3862 5510 4003 5576 pra;—

2420 5564 2587 5647 l‘i'uin,
2620 5564 2719 5650 qui
2749 5564 2967 5650 paceni
3010 5564 3187 5650 rogat,
3230 5588 3334 5628 nec
3354 5564 3493 5625 Vvult
3546 5569 3690 5650 bello
3734 5564 4001 5650 espériri,

2420 5634 2693 5707 dum'no'n
2722 5634 2845 5705 lice'
2877 5662 2975 5718 per
3009 5634 3347 5709 facultatem,
3376 5650 3437 5697 ut
3457 5654 3618 5710 pares
3646 5638 3793 5693 hosti
3811 5634 4005 5703 copias

2421 5724 2643 5779 educat.
