4216 6438
732 365 837 429 755
1920 363 1979 422 S.
2023 360 2311 422 MAXIMI
2348 361 2860 425 CONFESSORIS
3897 362 4003 425 756

731 485 853 524 eius
890 486 1010 524 smn
1040 472 1189 524 velut
1212 484 1287 523 res
1320 483 1544 531 sonans.
1579 479 1675 524 aut
1699 468 2013 539 cymbalum
2042 468 2305 523 tinniens.
2338 471 2383 527 Α

2338 471 2383 527 Α
2412 470 2609 541 χαλκὸς
2673 470 2844 540 ἠχῶν,
2902 470 2933 541 ἢ
3000 469 3279 541 κύμϐαλον
3341 467 3631 531 ἀλαλάζον.
3703 472 3811 522 Kal
3872 471 3998 538 μετ’

732 559 799 613 Et
832 559 995 629 paulo
1033 568 1168 629 post.
1231 558 1287 613 Si
1326 558 1667 613 distribuero
1718 559 1775 613 in
1810 558 1966 613 cibos
1995 572 2189 613 omnes
2235 556 2312 611 l‘a-

2416 562 2660 630 ὀλίγονο
2716 560 2840 613 Ἐάν
2880 560 3120 630 ψωμίσω
3166 560 3346 614 πάντα
3394 558 3463 612 τὰ
3521 560 3836 628 ὑπάρχοντά
3878 577 3993 629 μοι,

730 651 965 705 cultates
989 666 1159 714 meas,
1191 660 1248 705 et
1284 650 1570 705 tradidero
1604 665 1809 719 corpus
1850 666 2033 704 meum
2066 692 2080 714 ,
2125 658 2185 702 ut
2220 664 2311 703 ar-

2414 656 2509 707 καὶ
2550 652 2778 723 παραδῷ
2812 653 2874 706 τὸ
2914 652 3076 722 σῶμά
3111 670 3214 723 μου
3242 652 3330 706 ἵνα
3376 650 3744 721 καυθήσομαι,
3774 651 3996 720 ἀγάπην

729 742 911 805 deam,
940 743 1268 798 charitatem
1295 752 1479 797 autem
1537 758 1647 797 non
1673 742 1944 807 habuero,
1998 742 2135 797 nihil
2162 756 2308 796 sum.

1428 758 1479 795 m
1537 758 1647 797 non
1673 742 1944 807 habuero,
1998 742 2135 797 nihil
2162 756 2308 796 sum.
2414 746 2470 799 δὲ
2508 746 2582 815 μὴ
2613 744 2742 815 ἔχω,
2772 743 2927 798 οὐδέν
2948 746 3087 813 ειμι.

799 833 955 886 Prov.
986 851 1151 898 xxvu,
1202 836 1255 889 6.
1288 865 1358 875 —
1385 834 1661 889 Fideliora
1691 844 1822 889 sunt
1852 835 2083 889 vulnera
2118 833 2308 899 amici,

2483 840 2728 905 Παροιμ.
2770 834 2877 895 κζ’.
2898 866 2968 877 --
2990 833 3440 906 Ἀξιοπιστότερα
3490 833 3783 907 τραύματα
3815 832 3994 900 φίλου,

725 940 889 995 quam
918 925 1080 997 55.6
1102 936 1407 997 spontanea
1446 928 1637 982 oscula
1673 927 1905 981 inimici.

1722 927 1905 981 nimici.
2414 928 2716 1001 ἢὲκοὺσια,
2751 928 3033 998 φιλήματα
3059 926 3155 980 τοῦ
3189 922 3387 997 ὲχθροῦ

797 1016 954 1071 Prov.
994 1034 1139 1081 xxix,
1170 1019 1221 1072 5.
1254 1050 1324 1058 —
1350 1018 1455 1083 Qui
1504 1020 1564 1073 in
1622 1018 1818 1073 faciem
1849 1015 2015 1071 amici
2064 1014 2151 1071 sui
2194 1024 2313 1071 rete

2485 1025 2733 1089 Παροιμ,
2762 1023 2870 1074 κθ.
2889 1021 3062 1082 --⁹ος
3084 1017 3562 1089 παρασκευάζεται
3584 1018 3676 1070 ἐπὶ
3705 1018 3996 1089 πρόσωπον

728 1119 903 1177 parat.
938 1108 993 1161 id
1028 1109 1261 1177 pedibus
1292 1110 1409 1164 suis
1441 1109 1673 1164 inducit.

2412 1110 2510 1166 τοῦ
2540 1108 2735 1164 ἑαυτοῦ
2764 1108 2920 1177 φίλου
2955 1109 3194 1173 δίκτυον,
3232 1108 3521 1178 περιὸαλεῖ
3557 1110 3691 1163 αὐτὸ
3720 1112 3832 1173 τοῖς
3871 1111 3998 1162 tau-

2447 1206 2509 1258 οὖ
2538 1204 2717 1259 ποσίν.

2412 1222 2463 1258 τε

798 1286 959 1342 Prov.
994 1305 1141 1351 xvm,
1168 1290 1219 1342 l.
1248 1318 1320 1328 ——
1362 1287 1768 1343 Excusationes
1818 1284 2117 1356 praetendit
2174 1284 2260 1338 vir
2295 1326 2310 1349 ,

2412 1222 2509 1258 του
2538 1222 2717 1259 ποσιν.

2484 1301 2730 1367 Παροιμ.
2796 1268 3428 1365 ιη’μ-ῐιροφασίξεταυ
3480 1292 3617 1365 ἀνὴρ
3674 1292 3999 1362 βουλόμενος

727 1380 823 1450 qui
857 1381 974 1434 vult
1004 1380 1261 1436 recedere
1286 1381 1355 1434 ab
1380 1380 1575 1435 amicis
1605 1378 1742 1433 suis.

1446 1380 1575 1434 micis
1605 1378 1742 1433 suis.
2415 1386 2753 1458 χωρισθῆναι
2780 1384 2890 1439 ἀπὸ
2919 1384 3111 1453 φίλων.

798 1470 956 1524 Prov.
987 1486 1073 1534 xv,
1104 1471 1189 1540 lfl.
1222 1500 1291 1509 —-
1316 1469 1512 1523 Melius
1550 1477 1633 1523 est
1658 1466 1839 1538 excipi
1888 1466 2139 1522 oleribus
2184 1479 2312 1519 cum

2487 1482 2734 1547 Παροιμ.
2778 1476 3239 1545 ιε’.-Κρεῖσσον
3289 1472 3540 1543 ξενισμδς
3572 1471 3827 1542 λαχάνων
3862 1471 3998 1541 πρὸς

728 1561 973 1614 amicitia
1009 1570 1065 1616 et
1088 1562 1283 1631 gratia,
1331 1576 1494 1630 quam
1524 1560 1825 1615 vitulorum
1863 1567 2162 1629 apparatus
2186 1572 2312 1611 cum

2416 1569 2600 1639 φιλίαν
2654 1568 2749 1621 καί⁸
2817 1566 3015 1639 χάριν,
3093 1566 3127 1636 ἢ
3200 1564 3503 1634 παράθεσις
3574 1564 3790 1634 μόσχων
3860 1562 4000 1631 μετὰ

730 1652 1044 1708 inimicitia.

974 1652 1044 1707 ia.
2415 1659 2639 1731 ἔχθρας.

800 1745 965 1799 Εεσιὶ.
992 1761 1121 1809 xxu,
1149 1744 1238 1797 Q5.
1266 1773 1336 1782 —
1379 1742 1606 1796 Mittens
1663 1741 1905 1811 lapidem
1947 1740 2005 1795 in
2038 1737 2310 1801 volatilia,
2348 1801 2390 1819 κ

2348 1801 2390 1819 ,,
2487 1750 2670 1819 Σιρὰχ
2733 1746 3177 1814 κβ.-Βάλλων
3237 1746 3384 1800 λίθον
3441 1763 3525 1809 τις
3584 1746 3681 1799 ἰπὶ
3752 1747 3998 1805 πετεινὰ.

726 1837 901 1905 abigit
932 1836 1068 1891 illa:
1116 1845 1195 1900 ct,
1238 1834 1332 1904 qui
1376 1801 1735 1889 conviciatur.
1780 1833 1963 1889 amico
1990 1874 2005 1898 ,
2057 1829 2315 1887 dissolvit
2348 1801 2390 1862 Β

2348 1801 2390 1862 Β
2421 1801 2670 1897 ὲπῐσοδεῖ
2722 1801 2863 1896 ἇς]τᾶ
2883 1856 2898 1871 ·
2977 1801 3072 1894 καὶ
3146 1838 3421 1903 ὀνειδίζων
3492 1801 3679 1908 φίλον,
3757 1801 4000 1892 διαλύσει

726 1929 1052 1983 amicitiam.

963 1944 1052 1982 im.
2422 1935 2628 1991 φιλίαν.

801 1955 1052 1983 ιιυιιιδιιι.

797 2019 965 2073 Εεειί.
997 2036 1089 2085 vn,
1118 2017 1207 2073 20.
1238 2049 1307 2058 —
1339 2017 1419 2073 Ne
1448 2016 1692 2073 amicum
1719 2018 1829 2074 levi
1870 2035 1937 2074 ex
1965 2033 2133 2074 causa
2162 2032 2313 2074 com-
2422 1955 2458 2007 φ

2521 1955 2537 1987 ι
2577 1955 2629 1990 ν.

2422 1955 2675 2097 φιέἳῐκίκ
2732 2025 2986 2096 ζ’.-Μὴ
3053 2024 3291 2097 άλλάξῃς
3353 2023 3507 2093 φίλον
3581 2023 3771 2076 ἕνεκεν
3843 2022 3999 2076 ἀδια-

727 2112 1049 2168 mutaveris.
2420 2121 2612 2191 φόρου.

801 2203 964 2257 Εεείί.
1004 2222 1074 2269 vr,
1126 2206 1213 2261 14.
1259 2235 1327 2245 —
1357 2206 1586 2261 Amicus
1628 2204 1846 2269 ﬁdelis,
1898 2203 2174 2274 protectio
2221 2218 2313 2258 va-

2492 2212 2673 2282 Σιρὰχ
2708 2212 2783 2278 ς’.
2811 2212 3046 2275 -Φίλος
3096 2209 3287 2274 πιστὸς
3326 2209 3507 2279 σκέπη
3543 2207 3813 2280 κραταιά·
3863 2208 3893 2260 ὀ
3940 2204 4001 2259 δὲ

726 2295 838 2350 lida
875 2314 888 2350 :
925 2306 982 2351 et
1026 2298 1119 2367 qui
1154 2298 1369 2354 invenit
1416 2299 1594 2361 illum,
1632 2295 1849 2351 invenit
1883 2296 2239 2350 thesaurum.

1632 2295 1849 2351 invenit
1883 2296 2239 2350 lhesauwm-
2420 2304 2596 2375 εὑρὼν
2627 2304 2811 2370 αὐτὸν,
2840 2296 2968 2374 εὗρε
2994 2302 3288 2376 θησαυρόν.

798 2390 968 2444 Eccli.
1004 2406 1076 2452 Ix,
1112 2392 1197 2446 Ην.
1232 2422 1302 2430 -
1343 2390 1423 2446 Ne
1477 2390 1835 2458 derelinquas
1886 2388 2125 2443 amicum
2163 2386 2311 2441 anti-

2492 2396 2675 2466 Σιρὰχ
2718 2396 2982 2468 θ’.-Μὴ
3028 2395 3401 2466 ὲγκαταλίπῃς
3452 2394 3604 2462 φίλον
3652 2392 3915 2465 ἀρχατονο
3974 2391 4004 2441 δ

725 2499 896 2553 quum
934 2500 945 2535 :
984 2498 1159 2537 novus
1188 2482 1339 2537 enim
1368 2496 1479 2535 non
1509 2480 1591 2535 illi
1628 2478 2035 2549 comparandus
2062 2486 2168 2532 est.

1942 2478 2035 2533 ius
2062 2486 2168 2532 est.
2419 2490 2528 2561 γὰρ
2555 2488 2872 2561 πρόσφατος
2899 2489 2999 2542 οὐκ
3040 2487 3185 2542 ἐστιν
3218 2488 3413 2557 ἐπίσης
3438 2484 3607 2554 αὐτῷ.

798 2573 961 2628 Εσείο.
995 2591 1069 2637 vi,
1112 2574 1198 2627 15.
1243 2603 1314 2613 -
1365 2572 1515 2627 Nihil
1561 2581 1646 2629 est
1700 2587 1811 2641 quo
1877 2570 2060 2626 ﬁdelis
2097 2570 2311 2625 amicus

2498 2579 2673 2649 Σιρὰχ
2719 2586 2792 2645 ς’.
2812 2580 3056 2633 -Φίλου
3092 2578 3285 2632 πιστοῦ
3315 2579 3416 2631 οὐκ
3450 2577 3597 2631 ἐστιν
3622 2574 4004 2644 ἀντάλλαγμα,

728 2667 1029 2734 pcrmutari
1080 2664 1254 2735 possit
1297 2679 1311 2716 :
1364 2678 1468 2718 nec
1529 2670 1615 2718 est
1670 2660 2000 2732 ponderatio
2045 2660 2313 2716 bonitatis

2067 2660 2313 2716 ιοηίιέῑῖε
2419 2673 2513 2727 καὶ
2541 2673 2643 2727 οὐκ
2671 2672 2821 2726 ἔστιν
2849 2671 3087 2743 σταθμὸς
3113 2672 3214 2741 τῆς
3248 2669 3510 2739 καλλονῆς
3547 2668 3732 2722 αὑτοῦ.

728 2758 899 2811 illius.

798 2848 1004 2902 Basilii.
1038 2878 1107 2887 —
1136 2848 1214 2902 Ex
1246 2846 1314 2901 iis
1350 2846 1447 2915 qui
1500 2843 1741 2913 improbi
1774 2852 1905 2898 sunt
1940 2857 2004 2897 ac
2041 2842 2309 2912 imperiti,

2490 2849 2835 2902 Βασιλείου.
2854 2848 3128 2909 -Οὐδεὶς
3159 2846 3411 2917 πονηρῶν
3440 2844 3535 2898 καὶ
3564 2843 3791 2913 ἀμαθῶν
3826 2842 4007 2911 φίλος.

728 2942 941 2995 amicus
970 2955 1037 2993 ne
1077 2956 1221 2993 unus
1256 2938 1496 2992 exsistit.
1528 2937 1717 3005 Neque
1745 2934 1892 2990 enim
1920 2933 2182 2989 amicitiae
2213 2934 2314 2988 ho-

2421 2939 2555 2993 Οὑδὲ
2581 2938 2691 3008 γάρ
2721 2939 2908 2991 πίπτει
2941 2938 3000 2991 τὸ
3024 2936 3207 3006 φιλίας
3238 2936 3424 2995 καλὸν.
3458 2937 3537 2999 είς
3566 2932 3854 3005 μοχθηρὰν
3886 2933 4011 2987 διάο

731 3043 916 3087 neslas
947 3032 1096 3086 cadit
1129 3031 1181 3084 in
1229 3046 1459 3100 pravum
1504 3029 1791 3091 animum;
1847 3024 1995 3096 quod
2042 3025 2312 3079 nimirum

2422 3031 2605 3084 θεσινο
2634 3031 2771 3083 διότι
2804 3030 2958 3083 οὐδὲν
2989 3029 3216 3099 αἰσχρὸν
3250 3029 3343 3082 καὶ
3376 3028 3718 3097 ἀνάρμοστον
3747 3027 3830 3089 είς
3865 3043 4012 3096 συμ-

733 3123 871 3175 nihil
937 3132 1097 3191 turpe
1143 3137 1208 3175 ac
1267 3120 1669 3174 iuconciunum
1733 3116 1971 3171 transire
2020 3115 2198 3187 possit
2253 3116 2311 3169 in
2343 3154 2385 3212 Ο

2346 3154 2385 3212 c
2421 3124 2627 3191 φωνίαν
2661 3122 2884 3175 δύναται
2932 3123 3183 3190 χωρῆσαι
3225 3120 3426 3188 φιλίας.
3472 3120 3546 3172 Τὸ
3583 3118 3691 3189 γάρ
3723 3121 3922 3181 κακὸν,
3948 3118 4011 3170 οὑ

732 3212 991 3267 amicitia:
1020 3227 1375 3267 consensum.
1410 3209 1607 3264 Malum
1635 3208 1783 3262 enim
1813 3208 2017 3262 nedum
2049 3208 2197 3262 bono
2218 3206 2317 3261 ad-
2352 3206 2385 3212 ⁷

2352 3206 2385 3212 ⁷
2420 3212 2499 3283 τῷ
2546 3211 2738 3283 ἀγαθῷ
2796 3211 3038 3266 ἐναντίον
3097 3210 3214 3264 ἐστὶ
3277 3210 3459 3282 μόνον,
3524 3211 3662 3265 ἀλλὰ
3720 3209 3816 3262 καὶ
3878 3209 4014 3262 αίρτδ

736 3314 1009 3362 versatur.
1050 3302 1146 3356 sed
1179 3311 1231 3355 ct
1255 3303 1433 3370 ipsum
1461 3300 1566 3354 sibi
1594 3299 1939 3353 contrarium
1973 3306 2082 3353 est.
2423 3304 2622 3374 ἑαυτῷ,

806 3397 939 3462 Quae
971 3397 1040 3450 ab
1070 3395 1265 3448 amicis
1296 3402 1445 3458 sunt,
1480 3391 1583 3449 etsi
1616 3390 1833 3463 injuriae
1864 3392 2187 3462 conjuncta,
2228 3399 2313 3445 to-

1997 3400 2187 3455 uncta,
2228 3399 2313 3445 ιο⁶
2493 3397 2575 3450 Τὰ
2608 3396 2757 3467 παρά
2788 3394 2981 3463 φίλων,
3015 3395 3121 3449 κᾶν
3152 3393 3311 3466 ὕϐρις
3336 3389 3395 3467 ᾖ,
3430 3395 3658 3466 φορητά.

738 3487 990 3543 lcrabilia
1020 3487 1319 3541 exsistunt.

809 3578 1072 3649 Theologi.
1120 3607 1191 3618 —
1219 3578 1402 3632 Bonos
1452 3590 1674 3647 semper
1720 3575 1901 3645 pluris
1948 3573 2119 3629 facito
2152 3588 2318 3643 quam

2496 3575 2892 3645 Θεολόγου.--
2922 3574 3037 3626 Ἀεὶ
3091 3572 3334 3644 προτίμα
3365 3572 3493 3637 τοὺς
3524 3573 3725 3636 καλοὺς
3770 3571 3890 3625 τῶν
3939 3569 4015 3640 μὴ

739 3671 934 3724 malos.
2424 3665 2627 3720 καλῶν.

813 3763 1078 3819 ἒίιιὶοτυιιι
1117 3761 1162 3817 si
1193 3760 1372 3816 utaris
1396 3756 1829 3822 necessitudine,
1857 3770 2089 3826 prorsus
2115 3763 2173 3810 et
2201 3770 2321 3809 ma-

2081 3771 2089 3809 i
2115 3763 2173 3810 et
2201 3770 2321 3809 ma-
2494 3758 2701 3821 Κακοῖς
2728 3755 2774 3810 δ’
2798 3756 3024 3828 ὁμιλῶν,
3059 3754 3155 3810 καὶ
3184 3755 3353 3821 κάκδς
3386 3756 3605 3820 πάντως
3626 3754 3746 3827 ἔσῃ.

742 3857 825 3910 lus
855 3855 986 3909 eris.

808 3946 1044 4008 Cuncta,
1084 3943 1224 3999 facta
1276 3945 1557 4015 dictaque,
1595 3943 1840 3999 amicitia
1879 3956 2053 4012 prone
2082 3939 2225 3995 feret
2258 3956 2323 3994 ac

2275 3956 2323 3994 ιο
2495 3935 2682 3991 Πάντα
2710 3936 2849 3989 οίσει
2881 3935 3054 4005 φιλία,
3086 3935 3181 3989 καὶ
3206 3936 3487 4005 πάσχουσα
3512 3934 3609 3988 καὶ
3634 3934 3940 3988 ἀκούουσα.

741 4038 1065 4094 sustinebit.

812 4136 1045 4189 Praestat
1071 4132 1368 4189 concordia
1398 4131 1534 4187 vitio
1547 4131 1844 4201 conjuncta
1864 4144 2045 4199 exque
2062 4126 2321 4191 libidine,

2498 4114 2785 4185 Κρείσσων
2822 4114 3107 4185 ὲμπαθοῦς
3156 4112 3413 4184 ὁμονοίας
3456 4113 3493 4183 ἠ
3530 4112 3672 4165 ὑπὲρ
3724 4112 4018 4177 εὐσεϐείας

742 4226 967 4297 pietatis
996 4240 1129 4295 ergo
1160 4224 1459 4279 conﬂatum
1492 4222 1822 4277 divortium.

1063 4240 1129 4295 go
1160 4224 1459 4279 conﬂatum
1492 4222 1822 4277 divortium.
2425 4208 2728 4270 διάστασις·

814 4319 1199 4391 lmproborum
1254 4318 1431 4373 noxia:
1501 4326 1634 4372 sunt
1681 4312 2105 4385 congressiones
2153 4309 2325 4380 (quod
2476 4390 2479 4391 ν

2498 4297 2860 4366 Βλαδεραὶ,αἱ
2884 4298 3023 4367 πρὸς
3051 4296 3179 4360 τοὺς
3222 4296 3426 4359 κακοὺς
3461 4295 3744 4350 συνουσίαι
3768 4311 3785 4326 ο
3818 4295 4020 4365 ἐπειδὴ

742 4428 939 4481 nempe
969 4427 1034 4466 ea
1061 4410 1146 4464 lex
1175 4408 1450 4465 sociandae
1475 4408 1735 4463 amicitiae
1772 4406 1866 4469 sit,
1904 4412 1966 4459 ut
1986 4419 2183 4459 eorum
2228 4403 2324 4472 qui

2428 4390 2594 4460 νόμος
2650 4382 2806 4451 οὗτος
2862 4388 3043 4459 φιλίας
3100 4387 3169 4441 δι’
3230 4386 3551 4458 ὁμοιότητος
3598 4386 3850 4456 πέφυκεν
3906 4388 4023 4449 τοῖς

743 4502 835 4555 illa
874 4477 1336 4569 coniunguntur,
1385 4497 1663 4553 similibus
1713 4495 1968 4551 moribus
2022 4492 2322 4561 coalescat)
2358 4486 2402 4541 Ι)

2360 4480 2855 4550 υσυναπτομένοις
2912 4478 3258 4546 ἐγγίνεσθαι·
3313 4478 3365 4530 ot
3423 4479 3578 4549 μῖσος
3624 4479 3684 4531 ἐν
3723 4477 3806 4548 τῷ
3862 4478 4025 4548 βάθει

740 4593 837 4663 qui
863 4567 1122 4647 videlicet
1148 4591 1255 4645 alta
1304 4589 1497 4645 odium
1540 4603 1725 4645 mente
1769 4589 2116 4650 retinentes,
2172 4584 2325 4639 velut

2428 4571 2790 4643 κατέχοντες,
2852 4570 3042 4641 ἀγάπῃ
3110 4567 3414 4622 δεικνύουσι
3469 4570 4025 4640 κατακεχρωσμένην

742 4662 1043 4736 dilectione
1074 4679 1301 4734 tinctam
1346 4678 1606 4734 amicitiae
1626 4678 1923 4748 quamdam
1969 4678 2325 4747 praetendunt

2425 4668 2527 4739 τὴν
2554 4666 2897 4735 ἐπιφάνειαν,
2927 4663 3071 4718 κατὰ
3086 4662 3183 4727 τὰς
3204 4662 3442 4731 ὑφάλους
3467 4663 3696 4735 πέτρας,
3724 4663 3785 4715 αἳ
3823 4662 4029 4733 βραχεῖ

742 4773 1018 4841 speciem;
1051 4770 1196 4824 haud
1227 4786 1389 4824 secus
1450 4785 1515 4825 ac
1547 4786 1677 4825 saxa
1708 4770 1813 4824 sub
1861 4768 2023 4839 aquis
2072 4767 2324 4831 latentia,

2430 4756 2585 4811 ὕδατι
2628 4755 3061 4825 καλυπτόμεναι,
3106 4753 3278 4807 κακὸν
3321 4753 3688 4825 ἀπροαίρετον
3717 4755 3834 4817 τοῖς
3874 4754 4027 4824 άφυ-

742 4876 982 4931 quorum
1038 4860 1219 4930 capita
1272 4859 1471 4928 exigua
1528 4868 1671 4913 tecta
1721 4874 1864 4927 aqua
1895 4898 1910 4922 ,
1961 4858 2325 4928 improvisum

1282 4859 1471 4928 exigua
1528 4868 1671 4913 tecta
1721 4874 1864 4927 aqua
1895 4898 1910 4922 ,
1961 4858 2325 4928 improvisum
2428 4847 2649 4910 λάκτοις
2684 4845 2947 4914 γίνονται.

742 4955 1005 5009 damnum
1035 4952 1275 5007 incautis
1311 4952 1574 5006 aﬂ‘crunt.

814 5050 890 5133 ,11)
918 5047 1096 5129 eo_qui
1125 5044 1298 5128 maius
1327 5047 1416 5127 sit,
1444 5044 1577 5098 nihil
1610 5060 1847 5125 unquam
1881 5042 2015 5133 boni
2057 5042 2321 5133 reti-alteris.
2436 5056 2479 5107 κ

2213 5045 2321 5096 τῆς.
2436 5051 2638 5133 [Saxo-1';
2659 5052 2805 5133 acup;
2827 5048 3047 5133 drfpgc
3068 5048 3153 5117 μή
3186 5061 3330 5101 ποτε
3360 5043 3878 5133 χρηστέὴ-πᾶθῃς,

818 5113 1027 5181 Quaerit
1055 5118 1193 5173 enim
1222 5118 1432 5188 ueniam
1458 5130 1662 5188 eorum.
1688 5130 1805 5183 quae
1826 5114 1881 5165 in
1945 5113 2051 5166 vita
2080 5113 2202 5182 egit.
2436 5125 2483 5176 Ζ

2080 5113 2202 5182 egit.
2436 5121 2615 5188 Ζητεῖ
2766 5114 2854 5173 ὧν
2874 5113 3128 5182 ,ϐέϐίὼᾶιε
3143 5113 3518 5188 dumpar
3541 5114 3728 5182 ἔχειν.

817 5188 1051 5255 Corpora
1088 5202 1315 5260 namque
1340 5184 1459 5260 ioco
1478 5202 1571 5237 con
1569 5185 1894 5253 junguntur,
2441 5197 2482 5247 Τ

2441 5184 2518 5247 Td
2548 5184 2667 5260 μὲίο
2688 5184 2813 5260 ,γὰρ
2852 5188 3095 5257 σώματα
3130 5184 3292 5251 Idam
3327 5185 3733 5260 συνάπτεται,

821 5259 997 5312 Animi
1024 5266 1198 5310 autem
1218 5258 1409 5329 spiritu
1451 5263 1804 5329 cooptantur._
2134 5325 2143 5329 _
2184 5325 2192 5329 _
2228 5326 2236 5329 _
2442 5265 2486 5315 Ψ

2134 5325 2143 5329 _
2184 5325 2192 5329 _
2228 5326 2236 5329 λ
2442 5255 2638 5329 Ψυχαὶ
2673 5255 2740 5311 δὲ
2760 5255 3052 5326 πνεύματι
3074 5255 3568 5329 συγαρμόζονζαι.

817 5329 1114 5383 Inimicitia:
1153 5323 1364 5401 noscito.
1381 5327 1656 5387 terminos,
1690 5323 1863 5376 nullo:
1888 5339 2011 5378 vero
2036 5325 2303 5379 amicitiis.
2440 5332 2482 5383 ἰ

1994 5340 2011 5375 )
2036 5325 2303 5379 amicitiis.
2440 5323 2694 5398 ’ἔχθρας
2720 5323 3196 5396 ὅρουςγίνωσκε,
3228 5323 3433 5395 φιλίας
3458 5324 3526 5377 δέ
3551 5325 3659 5393 μή·

816 5419 988 5472 Nemo
1019 5426 1202 5470 tamen
1237 5414 1518 5469 existimet
1565 5413 1621 5466 in
1644 5428 1708 5467 ea
1745 5428 1830 5466 me
1862 5427 1987 5467 esse
2026 5413 2327 5478 sententia,

2508 5419 2713 5488 Μηδεὶς
2746 5416 2942 5469 οἰέσθω
2971 5433 3038 5485 με
3067 5415 3267 5483 λέγειν,
3312 5414 3394 5467 ὅτι
3425 5414 3606 5468 πᾶσαν
3630 5415 3866 5485 είρήνην
3889 5415 4037 5482 ἀγα-

750 5520 809 5565 u‘.
832 5524 1050 5563 omnem
1078 5521 1271 5578 pacem
1298 5504 1735 5559 amplectendam
1770 5503 1931 5575 547
1984 5519 2105 5560 esse
2148 5505 2325 5559 dicam

2436 5509 2637 5579 πητέον
2683 5503 2839 5575 (οἶδα
2886 5504 3015 5576 γὰρ,
3054 5504 3244 5575 ῶσπερ
3290 5504 3483 5558 στάσιν
3519 5505 3644 5558 τινὰ
3704 5505 4032 5574 βελτίστην,

751 5599 899 5671 (novi
948 5598 1095 5652 enim
1142 5596 1225 5651 uti
1258 5595 1553 5650 dissidium
1595 5594 1873 5665 quoddam
1920 5596 2215 5664 Optimum,
2247 5595 2328 5649 sic

2431 5600 2574 5654 οὕτω
2596 5601 2695 5653 καὶ
2724 5599 3140 5670 βλαϐερωτάτην
3160 5596 3459 5667 ὁμόνοιαν),
3491 5596 3629 5651 ἀλλὰ
3644 5597 3744 5668 τήν
3768 5614 3824 5649 τε
3856 5595 4039 5669 καλὴν

748 5703 799 5749 et
822 5695 1175 5750 concordiam
1197 5695 1795 5755 exitiosissimaml,scd
1824 5709 1945 5745 cam
1965 5692 2188 5747 demum
2205 5709 2325 5762 qua:

1896 5709 1945 5745 m
1965 5692 2188 5747 demum
2205 5709 2325 5762 qua:
2433 5695 2526 5746 καὶ
2566 5692 2660 5745 ἐπὶ
2694 5691 2863 5762 καλῷ,
2897 5692 2983 5745 za‘:
3019 5689 3137 5758 Θεῷ
3167 5688 3561 5742 συνάπτουσαν.

751 5791 976 5847 honeste
1026 5802 1105 5845 est
1136 5832 1148 5856 ,
1195 5791 1386 5861 reique
1424 5790 1667 5845 houcsla‘
1705 5800 1899 5860 gratia,
1936 5805 1997 5841 ειν
2046 5804 2166 5857 qum
2199 5790 2309 5843 Deo
2346 5788 2662 5860 conjungat.
