4216 6438
254 363 355 423 757

1559 366 1725 427 LOCI
1764 365 2196 427 COMMUNES.

3385 369 3492 429 758

324 477 625 540 Χρυσοστ.
665 499 728 513 -
771 472 984 543 Ὠσπερ
1012 472 1159 542 ψυχὴ
1192 472 1321 527 ἄνευ
1346 472 1598 542 σώματος
1643 474 1704 525 οὺ
1729 490 1825 526 κα·
1856 490 1869 531 Α

2001 473 2269 542 Chrysost.
2301 504 2368 513 —-
2406 473 2476 528 Ut
2498 473 2679 528 anima
2704 472 2820 528 sine
2852 487 3083 544 corpore
3119 487 3232 526 non
3266 484 3494 528 vocatur

252 561 426 616 λεῖται
447 564 750 633 ἄνθρωπος,
791 562 914 616 οὑδὲ
949 558 1018 633 ἦν
1059 562 1217 632 σῶμα
1245 563 1373 616 ἄνευ
1402 563 1581 632 ψυχῆς
1602 577 1617 592 ·
1655 561 1828 625 οὕτως

273 654 377 706 sat
420 652 610 721 ἀγάπη
641 653 774 721 πρὸς
807 652 959 716 Θεὸν,
1008 653 1103 705 ἐὰν
1141 653 1216 724 μὴ
1260 652 1360 725 ἔχῃ
1400 653 1689 706 ἀκόλουθον
1737 653 1829 706 καὶ

273 746 356 814 τὴν
401 745 537 816 πρὸς
585 744 679 796 τιν
716 743 942 812 πλησίον
991 745 1230 814 ἀγάπην.

332 837 498 889 Οὐδὲν
523 835 774 906 ὁμονοίας
803 837 938 888 ἴσον.
980 835 1037 887 ὐ
1075 834 1183 907 γὰρ
1213 831 1312 901 εἷς,
1349 835 1638 899 πολλοστὸς
1683 838 1830 888 ἐστιν

261 927 457 992 οὕτως.
482 928 580 981 ’Δν
605 927 713 998 γὰρ
737 927 1003 998 δμὸψυχοι
1031 920 1132 980 ὦσι
1171 927 1315 997 δύοῆ
1345 928 1492 991 δέκα,
1525 927 1704 980 οὐκέτι
1749 922 1828 991 εἷς

259 1021 409 1072 ἐστιν
439 1021 467 1072 ὁ
515 1013 617 1082 εἷς,
661 1016 796 1070 ἀλλά
821 1017 1195 1072 δεκαπλασίων
1218 1019 1446 1080 ἕκαστος
1474 1017 1650 1070 αὐτῶν
1684 1017 1828 1086 γίνε-

259 1129 345 1163 ται
369 1127 383 1140 ·
433 1111 527 1164 καὶ
553 1110 805 1181 εὑρήσεις
833 1110 891 1162 ὲν
916 1113 1028 1173 τοῖς
1078 1111 1210 1164 δέκα
1258 1109 1350 1162 τὸν
1375 1110 1489 1173 ἕνα,
1528 1110 1621 1163 καὶ
1651 1112 1708 1160 ἐν
1751 1108 1829 1178 τῷ

255 1199 340 1252 ἑνὶ
370 1200 495 1262 τοὺς
523 1199 671 1252 δέκα.
705 1198 824 1252 Κᾶν
841 1198 1068 1268 ἐχθροὺς
1093 1198 1286 1267 ἔχωσιν
1334 1201 1390 1250 ἐν
1423 1198 1501 1268 τῷ
1545 1199 1626 1250 ἐνὶ
1660 1215 1829 1266 προσο

256 1285 460 1349 ϐαλὼν,
505 1289 561 1340 ὲν
587 1288 704 1350 τοῖς
761 1287 896 1340 δέκα
945 1285 1288 1356 προσϐαλὼν,
1323 1286 1497 1348 οὕτως
1526 1286 1825 1341 ἁλίσκεται.

270 1374 576 1447 Ἠτίόρησεν
613 1379 644 1429 ὁ
673 1373 774 1441 εἷς,
814 1377 932 1431 ἀλλ’
960 1378 1061 1430 οὐκ
1089 1378 1234 1431 ἐστιν
1263 1379 1322 1430 ὲν
1361 1378 1592 1448 ἀπορίᾳο
1617 1377 1693 1446 τῷ
1721 1377 1829 1446 γὰρ

260 1464 467 1532 μείζονι
512 1464 665 1535 μέρει
717 1467 779 1517 τὸ
838 1465 1077 1534 ἀποροῦν
1129 1466 1497 1528 συσκιάζεται.
1561 1465 1829 1529 Ἕκαστος

265 1556 462 1607 τούτων
512 1557 683 1608 εἴκοσι
723 1559 912 1626 χεῖρας
965 1557 1080 1626 ἔχει
1129 1558 1222 1610 καὶ
1260 1558 1462 1610 εἴκοσιν
1497 1557 1828 1626 ὀφθαλμοὺς,

256 1647 353 1697 καὶ
382 1646 550 1708 πόδας
583 1645 868 1708 τοσούτους
889 1687 903 1708 ,
937 1648 1030 1700 καὶ
1072 1647 1248 1718 ψυχάς
1276 1648 1427 1701 δέκα.
1457 1649 1529 1700 Οὐ
1563 1649 1671 1718 γὰρ
1719 1648 1831 1710 τοῖς

256 1737 453 1789 ἑαυτοῦ
477 1738 805 1806 μόνον,ἀλλὲι
835 1739 927 1792 καὶ
951 1741 1068 1802 τοῖς
1088 1739 1309 1793 ἐκείνων
1332 1739 1617 1809 ἐργάζεται
1632 1741 1827 1792 πάντα.

257 1826 320 1877 Ei
368 1825 425 1878 δὲ
457 1805 550 1879 καὶ
589 1826 783 1881 ἑκατὸν
812 1827 1048 1895 γένοιτο,
1098 1828 1159 1881 τὸ
1192 1828 1320 1881 αὐτὸ
1351 1805 1502 1882 ἐσται
1545 1829 1723 1881 πάλιν.
1774 1827 1831 1880 Ὀ
1862 1805 1904 1859 Β

255 1917 421 1980 αὐτὸς
449 1918 542 1971 καὶ
573 1920 636 1973 ὲν
664 1919 888 1990 Περσίδι
915 1921 1010 1974 καὶ
1058 1921 1117 1974 ὲν
1162 1919 1350 1990 Ῥώμῃ
1376 1918 1596 1972 δύναται
1649 1912 1790 1971 εἶναι
1814 1935 1828 1948 ο

254 2007 352 2060 καὶ
384 2008 521 2078 ὅπερ
557 2007 719 2077 φύσις
751 2009 814 2061 οὐ
841 2007 1084 2074 δύναται,
1116 2010 1150 2079 ἠ
1178 2009 1367 2079 ἀγάπη
1415 2009 1658 2062 δύναται.
1707 2008 1832 2061 Ἐὰν

256 2090 356 2147 οὖν
374 2095 577 2164 χιλίους
605 2096 735 2168 ἔχῃς
779 2097 970 2166 φίλους
1012 2097 1386 2168 ἧδισχιλίους,
1434 2099 1685 2167 ἐννόησον
1729 2098 1830 2150 ποῦ

257 2187 422 2240 πάλιν
449 2188 823 2259 ὑπερϐήσεται
851 2190 918 2243 τὰ
947 2191 1051 2258 τῆς
1084 2191 1384 2260 δυνάμεως.
1427 2190 1501 2243 Τὸ
1541 2192 1648 2260 γὰρ
1698 2189 1831 2244 Οαυ-

259 2279 466 2345 μαστὸν
486 2279 644 2332 τοῦτό
661 2281 798 2346 ἐστι,
836 2280 899 2333 τὸ
927 2281 1193 2351 χιλιοστὸν
1211 2283 1434 2351 ποιῆσαι
1467 2283 1580 2336 ἕνα.
1616 2281 1833 2334 Βέλτιον

254 2371 363 2439 γὰρ
393 2370 526 2440 ἡμῖν
571 2369 865 2442 σϐεσθῆναι
909 2371 1001 2424 τὸν
1030 2372 1208 2442 ἥλιον,
1238 2371 1271 2442 ἢ
1327 2371 1496 2441 φίλων
1525 2373 1835 2444 ἀποστερη-

256 2459 440 2528 θῆναι.
495 2461 685 2515 Πολλοὶ
722 2463 832 2533 γὰρ
882 2463 976 2516 τὸν
1024 2463 1174 2534 ἥλιον
1226 2463 1483 2534 ὁρῶντες,
1545 2465 1604 2517 ὲν
1660 2465 1834 2533 σκότῳ

256 2551 403 2604 ιίσίο
437 2552 609 2622 φίλων
649 2553 706 2606 δὲ
755 2553 1132 2624 εὐποροῦντες,
1179 2555 1290 2609 οὐδ’
1324 2555 1390 2609 ἂν
1431 2557 1490 2608 ὲν
1528 2555 1704 2625 oues:
1736 2557 1831 2623 γέο

257 2657 455 2697 νοιντο.
495 2644 659 2696 Οὐδὲν
680 2644 809 2715 γὰρ,
831 2645 982 2700 οὐδὲν
1009 2646 1109 2716 τῆς
1135 2648 1354 2717 ἀγάπης
1377 2646 1709 2718 γλυκύτερον
1738 2648 1833 2712 γέ-

256 2749 403 2785 νοιτο
427 2733 512 2788 ἄν.
566 2735 632 2787 Τί
677 2735 786 2806 γάρ
812 2737 912 2789 οὐκ
951 2738 1018 2790 ἂν
1049 2738 1349 2806 ἐργάσαιτο
1404 2737 1556 2807 φίλος
1581 2739 1832 2808 γνήσιοςς

259 2825 439 2891 πόσην
486 2826 583 2892 μὲν
621 2826 722 2880 οὐκ
768 2827 836 2882 ἂν
875 2828 1227 2898 ὲμποιήσειεν
1281 2829 1509 2898 ἡδονὴνς
1562 2829 1736 2898 πόσην
1779 2832 1835 2883 δὲ

262 2911 572 2980 ὠφέλειανς
621 2914 796 2983 πόσην
828 2915 1162 2983 ἀσφάλειαν;
1221 2918 1326 2971 κᾶν
1369 2919 1593 2989 μυρίους
1633 2922 1836 2985 θησαυ-

265 3003 400 3073 ροὺς
445 3004 627 3075 εἴπῃς,
681 3005 834 3059 οὐδὲν
873 3005 1126 3072 ἀντάξιον
1178 3008 1406 3078 γνησίου·
1441 3009 1595 3076 φίλου
1633 3009 1833 3080 εὕροις.

1929 563 2116 626 homo,
2150 579 2254 618 nec
2305 565 2548 619 vicissim
2596 578 2798 634 corpus
2823 565 2942 619 sine
2965 564 3148 618 anima
3196 581 3212 616 :
3261 565 3341 617 sic
3392 580 3496 619 nec

1928 653 2169 709 charitas
2201 652 2425 723 quidem
2451 655 2505 708 in
2532 655 2728 719 Deum,
2761 654 2868 709 nisi
2896 655 3061 710 etiam
3100 654 3358 709 comitem
3399 655 3467 708 ha

1928 741 2055 796 beat
2080 742 2406 797 eharitatem
2444 743 2502 798 in
2535 745 2870 814 proximum.

1999 833 2147 886 Nihil
2199 834 2508 889 concordize
2536 851 2636 903 par
2685 836 2852 904 eique
2885 834 3338 903 comparandum.
3391 834 3495 888 Per

1927 940 2046 980 eam
2079 924 2224 978 enim
2261 925 2356 994 qui
2390 939 2532 978 unus
2555 934 2660 984 est,
2685 923 2741 977 in
2775 925 2920 979 hunc
2946 925 3170 978 modum
3208 922 3262 975 in
3295 922 3497 976 multos

1927 1014 2184 1070 edicitur.
2209 1015 2263 1070 Si
2281 1015 2427 1069 enim
2449 1015 2560 1069 duo
2581 1023 2676 1069 aut
2705 1015 2894 1070 decem
2917 1031 3027 1069 uno
3047 1014 3231 1068 animo
3256 1013 3502 1077 fuerint;

1931 1121 2075 1160 unus
2105 1106 2248 1158 haud
2285 1107 2524 1174 amplius
2555 1122 2701 1161 unus
2733 1115 2840 1169 est,
2869 1106 2964 1161 sed
3001 1105 3235 1174 quisque
3277 1103 3498 1157 illorum

1929 1197 2194 1266 decuplex
2227 1197 2510 1263 redditur;
2567 1197 2927 1267 olfendesqne
2975 1197 3030 1250 in
3063 1196 3254 1250 decem
3299 1209 3493 1256 unum,

1929 1296 2093 1355 atque
2129 1286 2182 1339 in
2232 1302 2343 1339 uno
2387 1287 2601 1341 decem.
2667 1286 2826 1352 Quod
2857 1284 2905 1340 si
2937 1285 3126 1338 hostes
3168 1283 3278 1338 illis
3325 1281 3498 1350 aliqui

1929 1379 2061 1440 sint,
2099 1378 2191 1446 qui
2220 1394 2344 1431 cum
2369 1393 2481 1432 uno
2509 1393 2840 1447 congressus
2885 1377 3090 1438 fuerit,
3122 1374 3312 1428 decem
3353 1373 3500 1442 ipsos

1932 1469 2252 1538 impetierit,
2280 1469 2446 1537 inque
2469 1483 2596 1522 eum
2625 1467 2848 1522 modum
2877 1467 3152 1520 vincetur.
3177 1465 3312 1534 Eget
3334 1477 3499 1527 unus,

1931 1578 2033 1618 nec
2071 1571 2252 1617 tamen
2281 1571 2521 1632 egestate
2564 1561 2880 1630 premitur:
2923 1558 3115 1630 maiori
3149 1559 3297 1611 enim
3347 1563 3502 1626 parte

1931 1661 1988 1706 et
2019 1666 2253 1706 numero
2287 1661 2502 1721 egestas
2531 1650 2830 1720 obtegitur.
2876 1648 3118 1717 Quisque
3154 1647 3372 1701 illorum
3417 1643 3502 1696 vi-

1933 1743 2067 1814 ginti
2110 1742 2367 1796 manibus
2409 1742 2672 1811 praeditus
2695 1751 2780 1796 est
2808 1782 2822 1805 ,
2872 1738 3181 1809 vigintique
3210 1737 3388 1790 oculis
3439 1751 3503 1789 ac

1937 1835 2160 1890 totidem
2188 1833 2444 1904 pedibus,
2493 1831 2796 1900 decemque
2835 1828 3144 1883 anin‘tabus.
3194 1827 3315 1881 Non
3355 1825 3503 1880 enim

1930 1925 2046 1980 suis
2081 1934 2315 1988 tantum,
2342 1923 2437 1978 sed
2471 1930 2529 1978 et
2561 1921 2791 1975 aliorum
2820 1929 3020 1974 cuneta
3065 1915 3328 1971 membris
3377 1929 3508 1983 ope-

1932 2029 2086 2073 ratur
2111 2034 2175 2072 ac
2202 2017 2436 2071 viribus.
2477 2016 2572 2070 Sin
2601 2022 2785 2068 autem
2817 2012 2984 2067 etiam
3016 2019 3238 2064 centum
3275 2006 3505 2069 fuerint,

1932 2109 2077 2163 idem
2105 2122 2298 2161 rursus
2326 2106 2626 2176 continget.
2661 2103 2810 2158 Idem
2848 2117 2974 2157 cum
3011 2101 3064 2155 in
3098 2097 3346 2160 Perside,
3385 2107 3502 2150 tum

1933 2201 2120 2253 Romae
2153 2213 2275 2253 esse
2309 2196 2516 2267 poterit
2548 2215 2561 2250 :
2593 2194 2853 2266 quodque
2898 2200 3094 2248 natura
3131 2205 3240 2244 non
3281 2195 3506 2258 potest,

1934 2291 1986 2345 id
2018 2290 2243 2346 dilectio
2273 2289 2613 2360 pmstiterit.
2649 2287 2704 2342 Si
2732 2288 2902 2356 igitur
2930 2285 3186 2339 millenos
3209 2296 3307 2336 seu
3339 2279 3510 2334 etiam

1937 2382 2021 2437 bis
2058 2383 2311 2436 millenos
2358 2380 2569 2436 amicos
2606 2387 2803 2434 nactus
2825 2377 3019 2440 fueris,
3063 2374 3241 2445 cogita
3271 2387 3383 2441 quo
3416 2370 3513 2425 de-

1934 2491 2084 2530 mum
2139 2474 2429 2544 potestatis
2483 2472 2816 2528 excellentia
2861 2469 3121 2526 evaserit.
3188 2464 3304 2520 Hoc
3361 2463 3509 2518 enim

1933 2579 2202 2620 summam
2230 2564 2396 2619 habet
2424 2562 2869 2625 admirationem,
2901 2558 3048 2629 quod
3076 2571 3221 2612 unus
3250 2556 3306 2609 in
3329 2553 3514 2608 mille-

1934 2671 2036 2709 nos
2087 2663 2374 2724 augeatur.
2433 2653 2722 2707 Praastaret
2763 2647 3040 2717 exstingui
3099 2642 3262 2698 nobis
3316 2640 3511 2704 solem,

1933 2761 2098 2815 quam
2130 2744 2330 2800 amicis
2356 2742 2564 2797 orbari.
2592 2740 2808 2796 Etenim
2838 2739 3020 2802 multi,
3053 2749 3181 2792 eum
3213 2732 3390 2788 solem
3426 2729 3514 2784 vi-

1937 2837 2122 2898 deant,
2153 2835 2208 2889 in
2236 2833 2483 2889 tenebris
2516 2848 2812 2888 versantur
2847 2849 2859 2884 :
2892 2838 2969 2893 at,
3026 2826 3122 2896 qui
3167 2824 3371 2879 multos
3413 2820 3516 2874 ha-

1938 2928 2070 2979 bent
2096 2926 2327 2987 amicos,
2353 2925 2388 2977 ii
2420 2941 2487 2978 ne
2511 2925 2564 2977 in
2597 2923 2906 2992 angustiam
2938 2918 3163 2989 quidem
3194 2911 3515 2970 inciderint.

1937 3016 2081 3071 Nihil
2105 3017 2278 3079 enim,
2307 3015 2448 3068 nihil
2483 3015 2674 3084 utique
2704 3012 3001 3068 dilectione
3030 3009 3201 3079 possit
3230 3020 3352 3060 esse
3389 3019 3520 3057 sua-

263 3096 377 3149 Καὶ
409 3097 660 3168 καθάπερ
685 3095 754 3150 τά
782 3097 1010 3170 λαμπρά
1041 3099 1151 3152 τῶν
1182 3101 1450 3171 σωμάτων
1476 3101 1635 3164 ἄνθος
1665 3103 1834 3172 ἀπορο
1868 3157 1869 3168 η

1939 3105 2083 3158 vius.
2106 3103 2248 3169 Quid
2283 3103 2432 3158 enim
2463 3119 2574 3157 non
2599 3101 2800 3157 efficiat
2825 3116 2996 3155 verus
3039 3097 3291 3152 amicus?
3337 3109 3516 3163 quam

267 3189 356 3256 ῥεῖ
381 3188 456 3258 (ι)
507 3187 645 3259 πρὸς
673 3190 801 3251 τοὺς
849 3189 1076 3258 πλησίον
1103 3191 1301 3253 τόπους
1319 3206 1334 3221 ⁶
1365 3189 1507 3243 οὕτω
1536 3192 1629 3244 καὶ
1673 3191 1836 3259 φίλοι.

257 3271 345 3340 οἷς
382 3276 478 3330 ἐὰν
508 3277 891 3347 παραγένωται
931 3277 1136 3340 τόποις,
1184 3277 1391 3332 ἑαυτῶν
1419 3279 1580 3349 χάριν
1621 3280 1835 3346 ἀφιᾶσι.

1944 3197 2282 3264 voluptatem
2318 3209 2427 3248 non
2467 3193 2706 3248 ali‘erat?
2761 3207 2927 3260 quam
2977 3191 3272 3245 utilitatem
3298 3187 3322 3240 2
3353 3200 3518 3255 quam

1943 3285 2351 3340 securitatem?
2403 3285 2498 3337 Vel
2541 3283 2586 3336 si
2635 3284 2883 3346 inﬁnitos
2928 3283 3218 3337 thesauros
3259 3277 3466 3334 dixeris
3500 3315 3516 3340 ,

264 3367 537 3439 Κρεῖσσον
581 3367 692 3439 γὰρ
754 3368 813 3422 ὲν
871 3367 1049 3446 σκότῳ
1097 3367 1333 3438 διάγειν,
1399 3368 1437 3440 ἢ
1482 3369 1650 3440 φίλων
1698 3366 1838 3427 εἶναι

1941 3375 2082 3431 nihil
2119 3375 2266 3446 quod
2314 3390 2438 3430 cum
2462 3390 2594 3430 vero
2639 3375 2820 3430 amico
2859 3372 3163 3442 comparari
3198 3369 3393 3440 possit,
3428 3367 3518 3421 in-

264 3456 458 3527 Χωρίς·
1943 3468 2181 3521 veneris.
2245 3466 2310 3519 Et
2366 3465 2832 3535 quemadmodum
2917 3461 3209 3533 splendida
3281 3472 3518 3528 corpora

262 3559 525 3604 ornatum
556 3549 846 3619 quemdam
867 3550 936 3605 ad
962 3550 1141 3607 lucem
1165 3551 1484 3607 dill‘undunt
1549 3553 1602 3606 in
1670 3553 2008 3610 circumfusa
2071 3573 2135 3612 ac
2189 3556 2370 3610 vicina
2423 3557 2588 3612 loca:
2632 3556 2712 3610 sic
2745 3555 2906 3609 amici
2955 3553 3272 3621 ubicunque
3315 3547 3515 3604 versati

264 3639 498 3704 fuerint,
545 3657 615 3695 ex
644 3656 702 3696 se
729 3641 960 3713 gratiam
993 3657 1056 3698 ac
1120 3643 1448 3698 suavitatem
1512 3644 1744 3714 spirant.
1817 3646 2056 3702 Proinde
2089 3648 2260 3702 satius
2295 3656 2380 3702 est
2424 3648 2478 3701 in
2526 3645 2768 3700 tenebris
2823 3644 3070 3709 versari,
3114 3657 3280 3714 quam
3325 3637 3522 3695 amicis

267 3748 503 3802 privari.

340 3824 528 3889 Γρηγ.
550 3821 824 3888 Νύσσης.
855 3850 925 3867 -ι-
951 3821 1163 3892 ’Ὢσπερ
1197 3822 1264 3877 τά
1285 3823 1458 3892 εὐώδη
1483 3824 1590 3877 τῶν
1618 3825 1843 3895 ἀρωμά-

2024 3820 2243 3891 Gregor.
2270 3821 2424 3891 Nysa.
2479 3849 2548 3860 —
2583 3819 3054 3886 Quemadmodum
3119 3819 3351 3875 odorata
3395 3837 3523 3876 aro-

267 3930 401 3976 των,
448 3912 550 3982 τῆς
600 3912 734 3974 ίδίας
795 3912 1047 3976 εὐπνοίας
1107 3913 1198 3966 τὸν
1250 3915 1654 3985 παρακείμενον
1710 3917 1845 3988 ἀέρα

1951 3915 2304 3975 mata,suavi,
2329 3929 2492 3983 quam
2509 3913 2745 3983 spirant,
2775 3913 3096 3983 fragrantia,
3117 3914 3521 3969 circumfusum

274 4004 465 4076 πλήρη
525 4001 804 4068 ποιοῦσιν,
841 4001 1013 4066 οὕτως
1068 4003 1260 4070 ἀνδρὸς
1308 4004 1515 4073 ἀγαθοῦ
1575 4007 1844 4077 παρουσία

274 4095 405 4159 τοὺς
447 4094 614 4158 πέλας
643 4093 897 4163 ὀνίνησιν.

349 4185 674 4253 Εὑαγρίου.
707 4214 776 4224 —
828 4184 1078 4259 Ἀγάπη,
1117 4187 1186 4240 τά
1228 4187 1629 4258 φλεγμαίνοντα
1684 4190 1846 4261 μόρια

275 4275 371 4330 τοῦ
406 4275 581 4340 θυμοῦ
606 4275 919 4345 θεραπεύει.

347 4369 636 4432 Φίλωνος.
661 4396 732 4407 -
757 4367 911 4419 Φίλον
941 4368 1194 4438 ἡγητέον,
1221 4369 1312 4423 τὸν
1348 4369 1564 4443 βοηθεῖν
1598 4374 1690 4427 καὶ
1719 4374 1846 4428 ἀντ-

275 4461 506 4529 ανελεῖν
539 4458 808 4524 ἐθέλοντα,
848 4457 948 4511 κᾶν
977 4459 1050 4529 μὴ
1073 4459 1323 4531 δύνηται.

366 4638 465 4693 Ἐκ
496 4639 699 4710 χρυσοῦ
733 4640 991 4711 ποτηρίου
1023 4638 1199 4693 πίνειν
1232 4640 1543 4712 φάρμακον,
1579 4643 1674 4696 καὶ
1705 4645 1854 4715 παρά

277 4731 438 4803 φίλου
456 4730 764 4800 ἀγνώμονος
793 4748 856 4783 συ
863 4729 1120 4799 μϐουλίσν
1137 4731 1453 4801 λαμϐάνειν,
1471 4735 1662 4788 ταυτὸν
1687 4736 1854 4791 ἐστιν.

349 4825 530 4895 Σκεύη
567 4825 665 4894 μὲν
696 4825 766 4878 τᾶ
806 4824 990 4892 καινὰ,
1033 4825 1316 4896 κρείττονα
1339 4841 1353 4855 ·
1395 4825 1550 4896 φιλία
1578 4827 1656 4894 δὲ,
1691 4829 1858 4898 ἡπα-

277 4917 541 4986 λαιοτέρα

352 5012 421 5066 υἱ
442 5012 539 5080 μὲν
562 5011 625 5062 ὲκ
650 5010 750 5079 τῆς
793 5012 896 5080 γῆς
929 5008 1134 5080 καρποὶ
1161 5009 1284 5062 κατ’
1311 5010 1555 5064 ἐνιαυτόν
1575 5027 1588 5040 ·
1617 5011 1666 5064 οἱ
1703 5011 1759 5066 δὲ
1788 5013 1852 5065 ἐκ

277 5104 383 5174 τῆς
413 5103 615 5172 φιλίας,
645 5101 784 5156 κατὰ
823 5102 996 5155 πάντα
1027 5100 1213 5170 καιρὸν
1245 5099 1486 5169 φύονται.

358 5195 553 5248 Πολλοὶ
572 5195 758 5264 φίλους
785 5194 1096 5266 αἱροῦνται,
1142 5192 1204 5245 οὐ
1248 5193 1374 5256 τοὺς
1418 5192 1693 5261 ἀρίστους,
1721 5193 1856 5255 ἀλλὰ

284 5286 416 5351 τοὺς
439 5285 804 5349 πλουτοῦντας

1952 4018 2136 4058 aerem
2165 4003 2442 4070 complent
2474 4019 2488 4056 :
2526 4003 2606 4057 sic
2637 4003 2740 4056 viri
2785 4002 2916 4056 boni
2970 4002 3264 4072 prresentia
3303 4002 3522 4060 vicinos

1950 4096 2241 4152 commodo
2265 4095 2450 4149 allicit.

2024 4187 2188 4259 548
2235 4186 2472 4256 Evagrii.
2519 4216 2590 4226 —
2637 4186 2875 4242 Dilectio
2923 4184 3289 4241 inﬂammatas
3324 4200 3390 4241 ac
3436 4194 3525 4244 tu-

1953 4291 2166 4339 mentes
2194 4284 2288 4337 ira:
2315 4290 2501 4352 partes
2532 4291 2711 4337 curat.

2024 4374 2287 4429 Philonis.
2323 4403 2390 4413 —
2416 4374 2554 4427 Eum
2591 4373 2827 4426 amicum
2876 4371 3191 4426 existimare
3234 4369 3522 4434 debemus,

1955 4467 2050 4534 qui
2080 4467 2274 4537 juvare
2328 4464 2617 4534 vicemque
2661 4462 2968 4533 rependere
3017 4461 3190 4532 cupit,
3238 4461 3344 4515 etsi
3381 4475 3524 4531 prte-

1886 4558 1933 4611 ι)
1959 4564 2101 4609 stare
2128 4571 2238 4608 non
2267 4555 2462 4623 possit.

2027 4645 2130 4712 Qui
2163 4647 2231 4700 ab
2267 4645 2520 4715 improbo
2544 4644 2722 4699 amico
2769 4644 3065 4700 consilium
3111 4642 3353 4712 accipit,
3381 4641 3526 4697 idem

1955 4740 2104 4803 facit,
2137 4755 2199 4793 ac
2229 4739 2323 4808 qui
2349 4755 2418 4793 ex
2452 4753 2623 4793 aureo
2657 4737 2859 4807 poculo
2886 4751 3163 4790 venenum
3196 4734 3376 4789 bibit.‘

2026 4830 2161 4884 Vasa
2185 4828 2408 4898 quidem
2443 4844 2606 4892 nova,
2633 4827 2918 4882 veteribus
2950 4827 3369 4896 praestantiora:
3393 4825 3529 4880 ami-

1955 4921 2087 4976 citia
2115 4935 2242 4974 vero
2268 4935 2380 4989 quo
2408 4919 2706 4981 vetustior,
2747 4934 2814 4973 eo
2839 4919 3056 4972 melior.

2033 5013 2218 5065 Terra:
2244 5009 2428 5080 fruges
2454 5009 2685 5079 singulis
2711 5008 2892 5070 annis,
2943 5016 2996 5062 at
3029 5006 3289 5062 amicitia:
3314 5005 3530 5061 fruetus

1962 5102 2112 5156 omni
2142 5109 2446 5154 nascuntur
2480 5107 2824 5168 tempestate.

2033 5189 2187 5245 Multi
2218 5188 2429 5244 amicos
2456 5188 2559 5242 sibi
2592 5187 2861 5258 deligunt,
2893 5203 3006 5242 non
3039 5186 3135 5256 qui
3166 5185 3359 5256 optimi
3392 5185 3525 5248 sint,

1963 5283 2058 5340 sed
2087 5283 2180 5340 oui
2208 5283 2528 5352 locupletes.

1805 5397 2030 5456 NOTAE.

363 5490 438 5562 (ι)
468 5491 673 5556 Ἄνθος
703 5489 968 5562 ἁπορῤεμῒ.
1010 5489 1176 5555 Quasi
1209 5488 1309 5545 flos
1335 5489 1618 5562 (splendor
1630 5488 1856 5562 scilicet

286 5559 500 5628 acili—1x)
543 5569 790 5622 ornatus,
845 5559 971 5614 inde
1028 5568 1213 5613 manat
1256 5569 1312 5614 et
1349 5559 1570 5614 deﬂuit.
1629 5560 1856 5612 Exstant

290 5635 412 5688 hac
445 5631 642 5700 partim
667 5631 786 5697 ejus
809 5629 970 5684 Hom.
1003 5629 1039 5682 2
1085 5631 1142 5682 in
1171 5629 1192 5683 ι
1241 5630 1308 5684 ad
1333 5631 1526 5684 Thess.
1565 5629 1725 5700 Forte
1744 5629 1855 5700 illa-

291 5698 478 5758 ximns
499 5715 567 5754 ex
594 5701 761 5755 variis
791 5700 951 5765 locis,
975 5700 1122 5755 hunc
1160 5701 1239 5754 sic
1278 5701 1552 5766 lloridnm,
1603 5698 1855 5752 amicitia:

292 5784 530 5836 tessera,
551 5771 920 5826 concinnavit.
949 5769 1118 5826 Aﬂine
1153 5780 1236 5826 est
1263 5770 1395 5826 illud
1418 5769 1677 5840 Eschyli,
1700 5768 1853 5825 initio

1962 5489 2296 5550 Promethei,
2357 5488 2430 5541 Τὸ
2462 5487 2554 5540 σὺν
2608 5484 2718 5555 γὰρ
2774 5483 2964 5546 ἄνθος,
2997 5482 3298 5555 παντέχνου
3359 5480 3533 5552 πυρὸς

1964 5560 2144 5617 σέλας.
2174 5558 2274 5612 Uhi
2299 5559 2426 5612 Sch.
2459 5559 2552 5611 τὸν
2577 5552 2782 5624 κόσμον
2802 5554 3053 5623 exponit.
3109 5552 3242 5624 Flos
3268 5561 3389 5624 tuus
3419 5556 3536 5624 (or-

1962 5639 2123 5752 qatus
2143 5630 2352 5768 sci‘ilicct
2377 5643 2443 5684 ac
2461 5625 2664 5698 cultus)
2685 5621 2824 5698 ignis
2841 5621 3079 5680 omnium
3101 5621 3322 5691 artiﬁcis
3345 5621 3528 5692 splen-

1963 5719 1976 5751 σ
1999 5717 2059 5753 or
2088 5717 2149 5754 ac
2205 5717 2236 5752 ιι
2262 5715 2375 5769 gor.
