4216 6438
716 384 825 449 759

721 610 830 662 que
865 608 975 646 non
1023 593 1336 657 videantur,
1368 593 1530 648 amici
1571 602 1752 647 tamen
1804 604 1935 648 sunt
1972 612 1986 648 :
2033 596 2299 665 sapientis

721 685 888 753 igitur
909 684 1146 752 partium
1181 684 1273 749 sit,
1302 692 1363 738 ut
1391 701 1841 756 unumquemque
1869 689 2111 741 noverit.

790 778 995 831 Eorum
1047 778 1290 834 cavenda
1338 781 1581 835 amicitia
1637 790 1762 847 est,
1811 800 2050 853 quorum
2098 798 2302 855 anceps

719 868 939 921 animus
962 878 1049 922 est
1077 885 1143 923 ac
1173 870 1429 926 aﬂ’ectus.

790 958 1061 1013 Isocratis.
1088 991 1160 999 —
1180 962 1401 1015 Amicos
1428 964 1656 1028 ascisce,
1691 981 1799 1018 non
1827 980 2022 1018 omnes
2061 966 2155 1035 qui
2180 983 2299 1020 am-

720 1051 893 1114 biant,
928 1051 1023 1107 sed
1062 1066 1159 1106 eos
1190 1052 1285 1120 qui
1326 1052 1547 1123 ingenio
1595 1066 1690 1111 tuo
1745 1072 1808 1110 ac
1859 1057 2117 1112 moribus
2160 1074 2299 1113 con-

721 1154 943 1214 gruattt.

790 1232 1065 1302 Ejusdem.
1099 1266 1168 1274 —
1201 1237 1493 1293 Neminem
1541 1237 1781 1293 amicum
1824 1239 2117 1303 adhibeas,
2163 1239 2300 1307 quin

720 1322 877 1391 prius
903 1323 1247 1393 inquisieris,
1279 1345 1387 1399 qua
1434 1330 1647 1383 ratione
1680 1331 2067 1400 superioribus
2111 1331 2303 1385 amicis

721 1426 853 1464 usus
884 1412 973 1466 sit.
1009 1414 1276 1470 Existima
1310 1417 1458 1472 enim
1490 1433 1617 1472 eum
1654 1419 1818 1472 talem
1852 1418 2018 1471 etiam
2071 1434 2201 1489 erga
2237 1428 2288 1473 te

719 1501 989 1567 futurum,
1021 1507 1202 1574 qualis
1226 1523 1353 1575 erga
1385 1508 1510 1563 illos
1531 1508 1726 1563 fuerit.

788 1592 961 1648 Lente
993 1598 1289 1652 amicitiam
1341 1599 1516 1665 inito;
1546 1602 1639 1655 ubi
1663 1611 1846 1656 autem
1882 1602 2108 1666 inieris,
2163 1603 2300 1655 ami-

720 1697 818 1736 cus
851 1700 1207 1752 perseverare
1254 1691 1497 1745 studeto.
1564 1691 1740 1761 Eque
1798 1693 1947 1747 enim
2009 1703 2170 1762 turpe
2218 1702 2302 1747 est

722 1774 934 1826 nullum
982 1778 1220 1830 amicum
1272 1778 1500 1843 habere,
1548 1782 1848 1849 pluresque
1885 1780 2028 1835 alios
2074 1797 2139 1835 ex
2178 1781 2301 1836 aliis

721 1866 931 1919 amicos
956 1883 1019 1921 ac
1054 1869 1271 1923 sodales
1299 1881 1537 1923 mutare.

803 1956 939 2010 Vera
999 1959 1243 2012 amicitia
1295 1961 1397 2013 tria
1446 1962 1796 2030 potissimum
1847 1970 2083 2033 quaerit,
2120 1963 2301 2017 virtu-

723 2058 855 2109 tem,
918 2057 977 2101 ut
1006 2049 1344 2117 honestum;
1391 2055 1851 2109 consuetudinem
1887 2070 1983 2108 seu
2020 2054 2309 2108 familiari-

723 2148 911 2203 tatem,
947 2150 1005 2194 ut
1052 2142 1400 2211 jucundum;
1461 2162 1525 2200 ac
1571 2158 1851 2216 postremo
1877 2163 2074 2212 usum,
2110 2158 2171 2201 ut
2202 2162 2303 2200 ne-

723 2234 1044 2288 cesmrium.
1072 2234 1251 2305 Equo
1287 2240 1436 2291 enim
1468 2240 1655 2293 animo
1684 2239 1976 2294 habendus
1998 2239 2130 2293 dum
2156 2239 2304 2310 judi-

726 2333 811 2376 cat
839 2341 852 2387 ;
883 2324 1233 2393 gaudendum
1261 2330 1584 2397 prarsentia;
1607 2340 1685 2393 et,
1717 2331 1763 2385 si
1790 2346 1943 2397 eges,
1969 2331 2258 2385 utendum.

798 2415 1094 2471 Plutarchi.
1121 2450 1192 2459 —
1234 2419 1372 2490 Equi
1418 2421 1721 2477 bonitatem
1772 2423 1922 2477 bello
1964 2424 2301 2494 probamus:

728 2506 890 2559 amici
923 2523 1055 2562 vero
1088 2508 1250 2563 ﬁdem
1281 2512 1447 2566 rebus
1471 2513 1741 2568 adversis.

799 2597 917 2650 Non
949 2599 1108 2653 decet
1143 2602 1365 2667 fratres,
1414 2614 1472 2658 ut
1517 2606 1705 2660 lances
1742 2606 1797 2659 in
1844 2615 2081 2671 statera,
2130 2620 2306 2661 a.tero

728 2688 1042 2756 bumiliato,
1077 2694 1311 2748 alterum
1349 2697 1562 2750 extolli.

797 2779 983 2836 Comis
1006 2785 1266 2838 munibus
1313 2790 1476 2851 estof;
1509 2786 1576 2840 iis
1603 2802 1737 2840 vero
1765 2787 1859 2856 qui
1886 2787 2079 2856 optimi
2130 2796 2261 2841 sunt
2289 2831 2303 2854 ,

731 2871 922 2926 utitor.
944 2873 1035 2927 Sic
1063 2875 1211 2929 enim
1236 2877 1347 2930 illis
1376 2878 1560 2947 gravis
1594 2894 1704 2933 non
1736 2880 1872 2944 eris,
1905 2880 2140 2949 istisque
2165 2880 2307 2933 ami-

731 2980 830 3019 Cus
869 2966 1150 3022 elﬁcicris.

796 3057 1021 3111 Amicos
1049 3070 1242 3128 parato
1267 3102 1281 3125 ,
1341 3076 1452 3115 non
1501 3060 1835 3131 quibuscum
1866 3061 2307 3131 jueundissime,

729 3154 823 3205 sed
862 3154 1193 3220 quibuscum
1227 3156 1433 3223 optime
1468 3156 1639 3208 vivas.

798 3241 883 3293 Ex
921 3242 1100 3295 Dionis
1139 3242 1329 3297 Clariis.
1359 3272 1425 3282 —
1456 3244 1602 3308 Quot
1632 3245 1840 3299 amicos
1890 3243 2193 3312 paraveris,
2227 3250 2309 3295 tot

727 3333 916 3386 ocitlns
942 3334 1191 3397 habebis,
1214 3336 1415 3405 quibus
1435 3352 1557 3405 qua!
1577 3337 1714 3390 velis
1750 3336 1937 3389 videas
1966 3353 1978 3387 :
2008 3343 2089 3387 tat
2122 3349 2309 3397 aures,

728 3426 927 3491 quibus
949 3442 1070 3495 qua!
1096 3427 1275 3491 decet,
1302 3428 1495 3483 audias
1528 3446 1539 3481 :
1567 3439 1647 3482 tot
1674 3437 1909 3492 mentes,
1932 3427 2135 3496 quibus
2151 3426 2219 3481 de
2246 3426 2315 3480 iis

728 3532 849 3584 qme
864 3518 1179 3573 conducunt
1194 3529 1369 3574 tecum
1394 3522 1579 3575 animo
1595 3521 1901 3575 deliberare
1919 3535 1981 3574 ac
1998 3519 2313 3573 consultare

732 3611 927 3672 possis.
961 3608 1077 3663 Non
1112 3612 1262 3665 enim
1287 3613 1451 3667 aliter
1483 3628 1541 3667 se
1572 3613 1737 3666 habet
1773 3612 2014 3680 plurium
2041 3610 2307 3674 amicitia,

729 3715 891 3764 quam
908 3700 1057 3755 sicui
1084 3700 1232 3754 Deus
1253 3718 1421 3755 unum
1440 3717 1641 3771 corpus
1662 3702 1890 3755 habenti
1923 3701 2087 3772 549
2112 3700 2314 3754 multas

731 3790 887 3842 duret
913 3790 1145 3855 animas,
1183 3806 1304 3860 qua:
1338 3807 1531 3847 omnes
1572 3792 1651 3846 illi
1689 3792 2049 3861 providerent
2082 3806 2147 3845 ac
2178 3805 2314 3844 con-

733 3882 1002 3933 suit-rent.

801 3972 1073 4025 Aristotel.
1100 4000 1166 4013 σ-
1194 3972 1453 4027 Parandze
1482 3972 1665 4041 potius
1691 3972 1979 4027 facultates
2008 3972 2311 4028 amicorum

732 4078 920 4127 causa,
946 4080 1111 4133 quam
1143 4063 1305 4117 amici
1334 4080 1520 4116 earum
1553 4063 1745 4133 gratia.

809 4244 877 4306 Is,
898 4256 1021 4294 eum
1052 4238 1129 4292 illi
1162 4238 1366 4308 probro
1387 4248 1715 4303 verteretur,
1735 4241 1879 4307 quod
1906 4253 2028 4292 cum
2053 4239 2315 4307 improbis

734 4340 1048 4389 versaretur
1081 4349 1094 4385 :
1130 4330 1249 4395 Ille,
1275 4331 1473 4400 inquit,
1499 4330 1740 4400 optimus
1765 4330 2012 4385 medicus
2035 4338 2139 4394 est,
2161 4330 2255 4399 qui
2283 4345 2314 4383 a

736 4426 964 4496 reliquis
993 4423 1274 4493 depositus
1298 4422 1547 4491 suscipit.

803 4518 953 4573 Idem
969 4516 1167 4579 aiebat,
1187 4514 1400 4584 placere
1418 4513 1675 4568 omnibus
1700 4527 1816 4568 rem
1857 4526 2067 4569 summe
2088 4510 2314 4566 arduam
2346 4513 2390 4569 D

735 4624 876 4665 €550.

804 4700 1069 4755 Socrates.
1100 4729 1171 4739 —
1216 4698 1321 4765 Qui
1372 4695 1668 4753 amicitiam
1713 4692 1941 4757 violant,
1976 4692 2078 4746 etsi
2124 4704 2314 4745 eorum

736 4793 829 4861 qui
860 4792 971 4847 laesi
1001 4792 1201 4862 injuria
1228 4799 1377 4855 sunt,
1404 4790 1665 4845 ultionem
1684 4786 1937 4849 vitariut,
1967 4783 2111 4838 haud
2135 4793 2315 4837 tamen

738 4900 903 4953 quam
934 4885 1079 4939 Deus
1112 4884 1366 4937 illaturus
1395 4882 1466 4936 sit
1491 4879 1769 4949 depellent
1795 4891 2035 4947 poenam.

810 4975 1127 5045 lmportune
1151 4991 1335 5029 amare
1366 4972 1594 5043 perinde
1621 4971 1692 5026 sit
1715 4978 1879 5039 atque
1903 4965 2315 5023 odisse.Verum

740 5068 976 5122 amicum
1003 5066 1055 5119 in
1086 5066 1243 5119 malis
1268 5082 1335 5119 ne
1362 5065 1574 5117 timeas.

810 5158 960 5213 Idem
1000 5173 1066 5211 ex
1103 5157 1294 5211 Crmso
1337 5160 1717 5225 percontatus,
1752 5150 1885 5221 quid
1931 5151 2317 5220 praestantissi-

743 5266 894 5303 mum
931 5265 999 5303 ex
1044 5263 1214 5317 regno
1257 5254 1404 5301 esset
1439 5250 1800 5309 consecutus;
1843 5241 2047 5310 illoque
2089 5256 2317 5311 respon-

745 5344 930 5404 dente,
965 5349 1026 5393 ut
1068 5340 1257 5393 hostes
1297 5336 1674 5397 ulcisceretur,
1708 5343 1764 5388 et
1805 5333 2011 5387 amicos
2050 5332 2319 5387 beneﬁcio

746 5434 987 5487 alliceret
1020 5450 1032 5484 :
1069 5431 1303 5497 Quanto,
1330 5428 1528 5497 inquit,
1556 5425 1874 5498 jucundius,
1903 5425 1947 5480 si
1981 5433 2036 5479 et
2066 5424 2189 5479 illos
2221 5424 2318 5480 tibi

745 5526 955 5581 amicos
987 5523 1353 5579 reddidisses?

819 5615 1123 5670 Democriti.
1142 5643 1213 5655 ——
1237 5615 1354 5669 Non
1381 5629 1538 5684 posse
1568 5613 1755 5667 amicis
1779 5612 2057 5682 epitulari,
2085 5611 2277 5679 inopize
2305 5627 2317 5661 :

748 5709 896 5763 nolle
944 5717 1163 5775 autem,
1224 5706 1509 5777 pravitatis
1570 5705 1737 5759 animi
1796 5714 2003 5759 certum
2060 5702 2318 5756 indicium

750 5809 850 5855 Νι.

1888 391 1949 447 S.
1989 388 2273 448 MAXIMI
2312 390 2821 451 CONFESSORIS

792 502 945 555 Multi
971 517 1097 555 cum
1130 501 1422 556 videantur
1443 503 1630 565 amici,
1664 503 1827 556 amici
1846 520 1954 558 non
1982 514 2147 571 sunt;
2172 506 2298 574 qui-
2328 512 2374 568 Α

3872 394 3981 455 τοι

2476 507 2668 559 Πολλοὶ
2709 506 2992 569 ὠκοῦντες
3035 502 3174 559 ε’ναι
3228 508 3394 575 φίλοι.
3442 506 3541 558 οὐκ
3591 508 3720 559 εξείο
3774 509 3875 575 καὶ,
3915 512 3977 560 (οὐ

2402 598 2705 664 δοκοῦντες,
2738 599 2845 650 είσί
2865 615 2879 628 ο
2912 596 3083 666 σοφοῦ
3112 595 3204 650 (ὧν
3225 602 3344 651 ἐστι
3372 599 3659 665 γινώσκειν
3691 599 3943 652 ἕκαστον.

2470 775 2695 841 Φεύγειν
2748 774 2829 827 δεῖ
2873 774 2973 843 τὴν
3026 772 3250 842 φιλίαν,
3293 767 3534 826 ὧντινων
3579 772 3878 842 ἀμφίϐολος
3943 773 3979 842 ἡ

2401 867 2661 929 διάθεσις.

2483 956 2766 1023 Ἰσοκρὰτ.
2798 984 2867 994 -
2892 952 3081 1015 won;
3129 951 3266 1017 κτῶ,
3311 953 3388 1022 μὴ
3427 952 3636 1014 πάντας
3681 952 3811 1013 τοὺς
3853 950 3980 1020 βου-

2401 1046 2681 1117 λομένους,
2707 1046 2843 1099 ἀλλὰ
2863 1046 2990 1108 τοὺς
3013 1045 3110 1113 τῆς
3143 1044 3244 1109 σῆς
3272 1044 3489 1113 φύσεως
3504 1042 3687 1107 ἀξίους
3708 1043 3889 1104 ὄντας.

2479 1229 2590 1283 Τοῦ
2617 1227 2824 1281 αὐτοῦ.
2865 1259 2933 1268 -
2970 1224 3189 1294 Μηδένα
3231 1224 3386 1292 φίλον
3417 1222 3596 1286 ποιοῦ,
3640 1222 3771 1291 πρὶν
3794 1221 3860 1273 ἂν
3890 1222 3981 1287 ἑξ-

2402 1319 2602 1387 ετάσης
2623 1316 2740 1379 πῶς
2774 1316 3041 1385 κέχρηται
3070 1317 3182 1377 τοῖς
3218 1314 3485 1384 πρότερον
3519 1310 3713 1379 φίλοις.
3746 1309 3974 1372 Ἕλπιζε

2402 1409 2509 1478 γὰρ
2542 1410 2704 1462 αὑτὸν
2729 1409 2822 1461 καί
2872 1409 3000 1478 περὶ
3023 1407 3082 1458 σὲ
3129 1404 3383 1474 γενέσθαι
3426 1402 3691 1464 τοιοῦτον,
3733 1395 3845 1463 οἷος
3880 1402 3979 1451 καὶ

2403 1518 2468 1553 πε
2477 1500 2531 1569 {ﬁt
2552 1500 2794 1563 ἐκείνως
2814 1500 3056 1567 γέγονεν.

2474 1592 2722 1662 Βῳδέως
2769 1591 2868 1659 μὲν
2914 1589 3069 1658 φίλος
3114 1589 3288 1657 γίνου·
3338 1584 3629 1654 γενόμενος
3684 1581 3764 1646 δὲ,
3805 1580 3982 1649 πειρῶ

2401 1684 2694 1753 διαμένειν.
2745 1681 2977 1751 Ὁμοίως
2999 1681 3109 1751 γὰρ
3137 1682 3363 1748 αἰσχρὸν
3398 1676 3601 1746 μηδένα
3633 1674 3783 1744 φίλον
3808 1673 3982 1741 ἔχειν,

2404 1778 2500 1829 καὶ
2533 1773 2763 1835 πολλοὺς
2790 1772 3042 1841 ἑταίρους
3075 1769 3484 1839 μεταλλάττειν.

2487 1950 2551 2003 Ἦ
2590 1948 2818 2019 ἀληθινὴ
2834 1947 2984 2016 φιλία
3012 1945 3155 2017 τρίαι
3173 1943 3329 2013 ζητοῖ
3355 1941 3618 2012 μάλισταο
3634 1939 3734 2009 τὴν
3753 1936 3980 2007 ἀρετὴν,

2405 2043 2479 2104 ὡς
2512 2040 2714 2093 καλόν·
2768 2039 2866 2091 καί
2925 2038 3025 2106 τὴν
3076 2035 3386 2104 συνήθειαν,
3434 2032 3511 2095 ὡς
3554 2030 3653 2101 ἡδύ
3685 2046 3702 2060 ο
3755 2029 3851 2081 καὶ
3878 2028 3981 2095 τὴν

2404 2133 2616 2202 χρείαν,
2666 2130 2745 2192 ὡς
2797 2128 3113 2195 ἀναγκαῖον.
3162 2128 3256 2177 Δεῖ
3303 2122 3413 2194 γὰρ
3451 2120 3812 2185 ἀποδέξασθαι
3852 2117 3983 2187 κρί-

2406 2240 2593 2287 ναντα,
2627 2223 2723 2274 καὶ
2746 2221 2956 2291 χαίρειν
2987 2217 3236 2279 συνόντα,
3262 2217 3356 2269 καὶ
3377 2214 3612 2285 χρῆσθαι
3636 2213 3911 2281 δεόμενον.

2477 2411 2813 2478 Πλουτάρχ.
2861 2438 2931 2449 —-
2973 2408 3171 2461 Ἵππου
3220 2405 3319 2475 μὲν
3377 2401 3577 2473 ἀρετὴν
3626 2402 3684 2452 ὲν
3722 2397 3983 2466 πολέμῳ,

2408 2506 2561 2577 φίλου
2584 2504 2642 2556 δὲ
2671 2502 2855 2555 πίστιν
2879 2502 2937 2552 ὲν
2961 2498 3159 2568 ἀτυχία
3192 2498 3473 2564 κρίνομεν.

2479 2596 2553 2648 Οὐ
2602 2594 2711 2663 χρὴ
2768 2590 2860 2643 τὸν
2905 2589 3136 2655 ἀδελφὸν
3192 2584 3446 2653 καθάπερ
3516 2581 3828 2649 πλάστιγγα
3895 2578 3987 2649 ῥέ-

2409 2702 2533 2737 πειν
2562 2686 2641 2745 εἰς
2668 2680 2997 2743 τούναντίον,
3015 2675 3319 2745 ὑψουμένου
3346 2671 3771 2739 ταπεινούμενον
3795 2670 3985 2722 αὐτόν.

2492 2776 2691 2837 Ἡδέως
2746 2773 2845 2843 μὲν
2883 2771 2972 2840 έχε
3017 2768 3152 2839 πρὸς
3182 2768 3449 2827 ἅπαντας,
3483 2762 3600 2833 χρῶ
3630 2761 3687 2814 δὲ
3715 2761 3826 2823 τοῖς
3868 2758 3990 2828 βελ-

2409 2869 2632 2929 τίστοις.
2672 2865 2828 2917 Οῦτω
2858 2863 2991 2931 γὰρ,
3030 2862 3142 2922 τοῖς
3184 2859 3285 2927 μὲν
3308 2856 3410 2908 οὐκ
3443 2853 3688 2922 ἀπεχθὴς
3721 2852 3843 2920 ἔσῃ,
3875 2853 3990 2909 τοῖς

2407 2960 2464 3012 δὲ
2499 2958 2649 3025 φίλος
2679 2955 2905 3021 γενήσῃ.

2478 3046 2670 3106 Φίλους
2692 3042 2826 3105 κτῶ,
2854 3041 2928 3110 μὴ
2961 3037 3081 3109 μεθ’
3106 3030 3181 3091 ὧν
3207 3036 3399 3105 ἥδιστα
3421 3029 3830 3100 συνδιατρίψῃς,
3853 3026 3992 3082 ἀλλὰ

2416 3134 2533 3205 μεθ’
2567 3127 2641 3185 ὧν
2670 3133 2887 3201 ἄριστα.

2497 3227 2599 3277 Ἐκ
2632 3224 2750 3275 τῶν
2791 3221 3012 3283 Δίωνος
3050 3212 3290 3282 Χρειῶν.
3339 3240 3401 3251 —-
3468 3209 3733 3270 Ὀπόσους
3778 3204 3889 3275 γὰρ
3920 3204 3993 3258 ἄν

2411 3314 2549 3390 τις
2572 3314 2905 3385 κεκτημένος
2943 3308 3212 3380 ἑταίρους,
3238 3303 3515 3364 τοσούτοις
3558 3302 3661 3390 μὲν
3691 3298 3994 3390 ὀφθαλμοῖς

2412 3412 2449 3465 ἃ
2484 3386 2727 3478 βούλεται
2780 3405 2903 3475 ὁρᾷ,
2954 3399 3246 3459 τοσαύταις
3272 3394 3331 3447 δὲ
3362 3393 3551 3454 ἀκοαῖς
3579 3389 3615 3443 ἃ.
3643 3389 3726 3441 δεῖ
3772 3386 3992 3445 ἀκούει,

2414 3501 2703 3562 τοσαύταις
2736 3499 2793 3551 δὲ
2829 3492 3093 3550 διανοίαις
3135 3489 3427 3542 διανοεῖται
3454 3484 3585 3554 περὶ
3632 3482 3741 3535 τῶν
3781 3495 3996 3549 συμφε-

2419 3595 2639 3666 ρόντων.
2676 3588 2929 3658 Διαφέρει
2957 3585 3066 3655 γὰρ
3094 3582 3268 3643 οὐδὲν,
3300 3579 3334 3647 ἢ
3359 3577 3413 3629 εἴ
3442 3594 3521 3646 τῳ
3559 3573 3693 3636 Θεὸς
3722 3572 3780 3624 ἓν
3826 3571 3995 3639 σῶμα

2417 3662 2616 3756 έχοντι,
2648 3681 2847 3742 πολλὰς
2887 3677 3064 3747 ψυχὰς
3101 3674 3324 3738 ἔδωκεν,
3359 3669 3574 3729 ἁπάσας
3607 3666 3748 3733 ὑπὲρ
3778 3662 3994 3717 ἐκείνου

2418 3774 2848 3850 προνοουμένας.

2499 3953 2862 4025 Ἀριστοτέλ.
2902 3981 2973 3991 -——
3013 3948 3284 4017 Χρήματα
3334 3939 3609 3995 ποιεῖσθαι
3653 3934 3853 4006 μᾶλλον
3881 3932 3995 3985 τῶν

2417 4052 2585 4121 φίλων
2635 4049 2797 4100 ’ἑνεκα
2858 4043 3148 4113 προσήκει,
3198 4038 3232 4107 ἢ
3284 4038 3411 4097 τοὺς
3452 4033 3639 4101 φίλους
3689 4027 3796 4081 τῶν
3857 4042 3969 4094 χρη

2420 4144 2625 4212 μάτων.

2486 4226 2657 4294 Οὗτος
2698 4228 3091 4297 ὀνειδιζόμενος
3136 4226 3219 4278 ὅτι
3272 4222 3531 4291 πονηροῖς
3582 4212 3995 4283 συνδιατρίϐει,

2429 4325 2689 4386 Ἐκεῖνος,
2743 4320 2869 4390 ἔφη,
2928 4318 3149 4389 ἄριστος
3197 4312 3379 4384 ίατρός
3412 4312 3581 4374 ἐστιν,
3631 4307 3691 4369 ὃς
3724 4306 3854 4367 τοὺς
3888 4303 3999 4357 ὑπὸ

2417 4418 2636 4471 πάντων
2676 4410 3135 4481 ἀπεγνωσμένους
3176 4404 3568 4473 ἀναλαμϐάνει.

2504 4509 2560 4560 Ὀ
2588 4506 2747 4568 αὐτὸς
2778 4504 2985 4570 ἔλεγεν,
3016 4502 3097 4553 ὅτι
3128 4499 3189 4552 τὸ
3211 4498 3379 4550 πᾶσιν
3408 4494 3605 4563 ἀρέσαι
3631 4488 4000 4559 δυσχερέστα-

2419 4603 2511 4655 τόν
2546 4602 2716 4652 ἐστιν.

2490 4688 2826 4757 Σωκράτης.
2875 4715 2942 4726 -
2982 4684 3048 4735 Oi
3088 4681 3274 4750 φιλίαν
3332 4672 3841 4747 παραθεωροῦντες,
3893 4668 3998 4722 κᾶν

2417 4782 2516 4852 τὴν
2548 4783 2612 4833 ἐκ
2659 4779 2770 4831 τῶν
2830 4776 3171 4845 ἠδικημένων
3196 4770 3476 4839 ἐκφύγωσι
3518 4766 3827 4837 τιμωρίανο
3879 4760 3998 4817 ἀλλ’

2419 4871 2513 4927 οῦν
2546 4889 2611 4939 γε
2639 4869 2738 4939 τὴν
2758 4870 2839 4921 ’ἐκ
2872 4865 3009 4920 Θεοῦ
3037 4865 3308 4935 τιμωρίαν
3340 4861 3402 4914 ού
3431 4856 3835 4929 διακρούονται.

2489 4964 2667 5017 Φιλεῖν
2700 4962 2964 5028 ἀκαίρως,
2983 4958 3097 5011 ίσον
3115 4957 3233 5009 ἐστὶ
3255 4954 3350 5007 τοῦ
3379 4953 3580 5024 μισεῖν.
3597 4948 3755 5002 Φίλον
3773 4945 3998 5016 γνήσιον

2421 5058 2480 5109 ἐν
2504 5058 2692 5116 κακοῖς
2726 5054 2799 5124 μὴ
2823 5050 3010 5120 φοϐοῦ.

2503 5147 2561 5199 Ὀ
2596 5145 2756 5208 αὐτὸς
2804 5140 3094 5211 ἐπερωτῶν
3124 5139 3377 5208 Κροῖσον,
3410 5134 3461 5188 τί
3508 5131 3661 5203 παρᾶ
3688 5130 3790 5199 τῆς
3838 5128 3994 5199 βασι-

2421 5237 2571 5301 λείας
2620 5236 2744 5306 έσχε
2784 5232 3143 5304 τιμιώτατον
3183 5227 3301 5283 εἶτα
3333 5227 3541 5281 ἐκείνου
3570 5222 3878 5294 εἰρηκότος,
3922 5218 3997 5272 Τὸ

2421 5330 2547 5391 τοὺς
2595 5326 2823 5398 ἐχθροὺς
2883 5321 3181 5394 μετελθεῖν,
3238 5320 3333 5372 καὶ
3401 5317 3593 5386 φίλους
3650 5313 3994 5386 εὐεργετεῖν

2425 5422 2583 5489 Πόσῳ
2629 5419 2861 5489 μᾶλλον,
2897 5417 3000 5486 ἔφη
3029 5455 3045 5480 ,
3092 5416 3448 5485 χαριέστερον
3492 5409 3778 5478 ἐποίησας,
3808 5406 3859 5457 εί
3905 5399 4000 5458 καὶ

2423 5511 2646 5572 τούτους
2680 5510 2761 5572 είς
2782 5508 2963 5577 φιλίαν
3005 5505 3456 5576 μετετρόπωσας.

2495 5599 2807 5669 Δημοκρίτ.
2867 5628 2935 5637 ——
3005 5598 3077 5650 Τὸ
3136 5596 3211 5666 μὴ
3295 5591 3553 5648 δύνασθαι
3619 5588 3836 5662 βοηθεῖν
3884 5586 3996 5649 τοῖς

2428 5694 2635 5763 φίλοις.
2687 5691 2967 5762 ἀπορίας,
3017 5688 3079 5743 τὸ
3131 5688 3187 5741 δὲ
3250 5686 3323 5760 μὴ
3393 5683 3727 5757 βούλεσθαι,
3802 5677 3998 5739 κακίας

2426 5787 2743 5855 τεκμήριον.
