4216 6438
245 360 348 426 761

1547 384 1714 445 LOG!
1753 386 2072 447 COMMUN
2083 391 2189 449 ES.

3378 393 3491 460 762

318 476 704 546 Κλειτάρχου.
740 509 808 521 -—
846 483 1080 539 Σεαυτοῦ
1110 487 1177 541 τά
1205 489 1532 562 ἀτυχήματα
1582 493 1689 548 τῶν
1729 496 1815 566 φί-

1870 510 1889 558 ι
1986 497 2260 552 Clitarchi.
2283 495 2351 538 +-
2375 499 2519 553 Tuas
2542 501 2879 556 calamitates
2899 501 3203 557 amicorum
3227 517 3348 558 esse
3376 508 3493 561 exi-

243 565 355 618 λων
382 567 517 636 ἡγοῦ
542 584 556 598 ο
593 569 701 624 τῶν
726 571 783 624 δὲ
813 574 959 628 ίδίων
983 577 1380 650 εὐτυχημάτων
1405 582 1674 639 κοινώνει.

317 656 774 728 Τελευτησάντων
795 663 905 719 τῶν
935 667 1128 736 φίλων,
1160 671 1381 743 θρηνεῖν
1415 675 1514 744 μὲν
1533 677 1631 730 οὐκ
1654 677 1814 746 εὐγε-

240 747 336 811 νές
356 763 371 779 ·
408 753 658 820 προνοεῖν
679 754 736 808 δὲ
755 756 864 810 τῶν
884 760 1124 826 οἰκείων,
1157 764 1434 834 ἐπιμελές.

315 842 724 900 [idtum—0x3
763 848 830 903 τὰ
871 853 1129 922 χρήματα
1183 855 1348 924 φίλοι,
1397 858 1515 914 ἀλλ’
1569 859 1618 912 οἱ
1662 860 1816 929 φίλοι

241 932 525 1002 χρήματα.
561 937 674 990 Καὶ
717 941 973 1009 χρήματα
1029 945 1160 1014 μὲν,
1213 947 1396 1015 φιλίαν
1441 948 1694 1003 οὐδέποτε
1748 950 1815 1003 ἂν

239 1023 561 1092 ἐργάσαιτο,
592 1027 782 1100 ῶσπερ
819 1031 939 1085 οὐδὲ
969 1035 1002 1104 ή
1031 1035 1102 1106 γῆ
1141 1036 1275 1092 Θεόν
1298 1055 1311 1069 '
1371 1039 1522 1108 φιλία
1586 1040 1644 1094 δὲ
1689 1042 1816 1111 χρή-

241 1129 394 1202 ματα
425 1115 624 1186 ῥαδίως
672 1120 938 1191 κτήσαιτο
984 1123 1201 1200 [κτίσ.],
1233 1129 1484 1202 καθάπερ
1528 1132 1623 1185 καὶ
1679 1133 1814 1196 Θεὸς

239 1217 368 1269 γηνο

317 1293 528 1386 Ὥσπερ
569 1299 825 1368 μέλιτταν
859 1306 918 1358 οὐ
949 1306 1038 1362 διά
1084 1311 1145 1363 τδ
1172 1311 1398 1383 κέντρον
1447 1317 1642 1386 μισεῖς,
1675 1316 1811 1370 ἀλλά

236 1383 328 1478 uti:
509 1389 737 1478 Δκαρπὸν
776 1396 1073 1463 τημελεῖςο
1127 1400 1274 1454 οὕτω
1337 1383 1459 1456 καὶή
1497 1405 1650 1474 φίλον
1673 1445 1688 1469 ,
1735 1406 1809 1478 μὴ

234 1471 310 1564 δι’
370 1474 660 1548 ἐπίπληξιν
716 1480 1118 1558 ἀποστραφῇς,
1154 1489 1290 1544 ἀλλά
1333 1491 1422 1546 διὰ
1463 1471 1562 1564 τῆν
1595 1471 1809 1549 εὖνοι-αν

230 1562 448 1631 ἀγάπα.

311 1656 501 1722 Ὅστις
561 1661 715 1730 φίλον
763 1665 1103 1738 λυπούμενον
1139 1670 1360 1740 ἔφυγεν,
1407 1673 1529 1728 οὐδὲ
1569 1673 1666 1728 τοῦ
1691 1675 1810 1746 χαί-

233 1756 423 1813 ροντος
452 1748 748 1808 ἀπολαύειν
774 1755 947 1820 ἄξιος.

830 1887 1206 1958 Μενάνδρου.

473 1993 674 2069 φιλεῖν
701 1994 798 2069 δεῖ
816 1997 1020 2069 (inﬁxa)
1045 1998 1444 2069 μισήσοντας.

338 2060 450 2137 {fat
471 2060 706 2137 μισέειιν
724 2060 923 2137 ὡς’-καὶ
949 2060 1344 2137 pthiam-tae.

334 2128 573 2210 ξρυονὸς
585 2132 719 2210 per:
733 2133 858 2189 οἵδε
870 2128 1483 2210 ῥοὲιμιάζεσθαιίπυρὶ,

440 2198 834 2279 πρὸςζφίτιους
859 2205 912 2279 δ’
933 2198 1138 2261 cauata
1160 2209 1341 2277 καιρῷ
1367 2198 1645 2279 xplicatm.

435 2267 1014 2350 καφῷεύτυέοᾷντα
1051 2267 1628 2350 κολακὲξύ’ων’φίλον,

334 2341 554 2409 Καιροῦ
594 2341 1106 2414 φίλοςῖπέφυκεν,
1144 2348 1281 2418 οὐχὶ
1303 2341 1655 2421 τοιῗςοίλου.

299 2469 380 2522 Οὐ
409 2471 677 2544 πρότερον
699 2473 990 2547 ἀληθινοὺς
1017 2478 1208 2549 φίλους
1238 2484 1461 2554 κτῆσαι,
1515 2485 1648 2556 πρὶν
1677 2485 1800 2549 τοὺς

223 2558 465 2627 φαύλως
490 2564 818 2640 ἀποδιώξῃς.

293 2652 563 2708 Οὐδέποτε
601 2653 852 2728 ὠρέχθην
895 2663 1010 2726 τοῖς
1034 2664 1253 2728 πολλοῖς
1281 2664 1558 2736 ἀρέσκειν.
1589 2667 1658 2719 ’Δ
1699 2667 1798 2736 μὲν

215 2743 331 2813 γὰρ
361 2745 590 2809 ἐκείνοις
638 2748 896 2818 ἡρεσκεν,
925 2752 1026 2805 οὐκ
1054 2753 1259 2822 ἔμαθον
1289 2769 1305 2785 ⁸
1345 2753 1384 2810 ἃ.
1410 2754 1458 2808 δ’
1503 2757 1653 2827 ᾔδειν
1683 2757 1794 2826 ἐγὼ
1823 2771 1832 2802 τ

221 2835 444 2902 μακρὰν
463 2833 530 2902 ἦν
559 2838 660 2904 τῆς
701 2841 924 2894 ἐκείνων
953 2843 1267 2908 διαθέσεως.

289 2923 627 2991 Σωκράτης.
663 2955 733 2967 —
764 2930 826 2981 Οί
853 2930 1119 2999 ἀδελφοὺς
1148 2937 1455 3004 παριόντες,
1486 2939 1581 2992 καὶ
1607 2940 1796 3005 ἄλλους

215 3010 405 3079 φίλους
431 3012 737 3084 ζητοῦντες,
765 3021 1140 3093 παραπλήσιοι
1183 3025 1289 3079 είσι
1310 3028 1422 3090 τοῖς
1445 3027 1546 3098 τὴν
1586 3030 1794 3083 ἑαυτῶν

213 3105 322 3174 γῆν
377 3106 530 3172 ἐῶσι,
588 3109 687 3180 τὴν
747 3110 804 3165 δὲ
855 3113 1140 3184 ἀλλοτρίαν
1192 3117 1517 3185 γεωργοῦσι.

287 3199 551 3262 Κριτίου.
583 3229 654 3242 ι-
685 3203 876 3266 Ὅστις
905 3207 1018 3267 τοῖς
1053 3206 1229 3272 φίλοις
1256 3208 1432 3260 πάντα
1459 3209 1598 3277 πρὸς
1623 3211 1786 3279 χάριν

212 3287 476 3354 πράσσων
503 3287 702 3358 ὁμιλεῖ,
736 3289 833 3360 τὴν
862 3293 1179 3362 παραυτίκα
1208 3293 1404 3365 ἡδονὴν
1428 3294 1629 3367 ἔχθραν
1653 3297 1789 3351 καθ’

212 3371 427 3444 ίστησιν
464 3377 545 3438 είς
573 3375 798 3451 ὕστερον
833 3381 1051 3450 χρόνον.

282 3489 653 3546 Πολυαίνου.
687 3521 756 3532 —-
786 3493 937 3563 Ὀσῳ
963 3493 1031 3547 ἂν
1067 3495 1250 3551 πλεῖον
1284 3497 1668 3570 εὐεργετήσεις
1695 3501 1787 3556 τδν

221 3576 400 3646 φίλον,
454 3583 695 3652 τοσούτῳ
732 3584 934 3654 μᾶλλον
987 3585 1048 3638 τὸ
1083 3586 1282 3640 σαυτοῦ
1317 3589 1598 3661 συμφέρον
1631 3593 1787 3662 ποιή-

212 3684 348 3732 σεις.
393 3669 843 3743 ’Δντεπιστρέφει
901 3675 1010 3744 γὰρ
1061 3676 1224 3729 πάλιν
1290 3679 1372 3741 είς
1447 3681 1594 3750 ἡμᾶς
1645 3683 1678 3752 ή
1726 3682 1786 3748 ἐξ

211 3760 438 3814 ἐκείνων
471 3761 676 3816 εὖνοια.

281 3853 588 3920 Κυψέλου.
621 3854 886 3920 -Φίλοις
921 3858 1207 3928 εὐτυχοῦσι
1254 3858 1349 3912 καὶ
1394 3862 1686 3934 ἀτυχοῦσιν
1708 3907 1722 3931 ,
1753 3867 1783 3919 ὁ

210 3943 376 4006 αὐτὸς
402 3943 536 3997 ῐσθι.

288 4035 665 4102 Ἐπικτήτου.
701 4069 768 4078 -
805 4040 1030 4108 Φεύγειν
1084 4042 1165 4094 δεῖ
1199 4048 1386 4102 κακῶν
1441 4049 1632 4119 φιλίαν
1687 4054 1780 4105 καὶ

207 4126 433 4194 ἀγαθῶν
462 4128 683 4198 ἔχθραν.

271 4218 444 4283 Σέξτ.
482 4249 553 4260 -
577 4221 668 4293 Μὴ
693 4224 869 4296 κτήσῃ
897 4227 1071 4294 φίλον,
1095 4221 1141 4296 ᾧ
1173 4229 1246 4301 μὴ
1271 4229 1451 4286 πάντα
1478 4232 1774 4297 πιστεύεις.

271 4396 493 4463 Κύρου.
531 4427 602 4437 -
633 4399 954 4469 Πέμψαντος
988 4403 1139 4474 αὐτῷ
1181 4422 1328 4469 τινος
1351 4408 1558 4478 κόσμον
1584 4410 1775 4476 πολὺν,

1919 589 2080 643 stima
2117 607 2129 642 :
2163 599 2284 644 tuas
2312 603 2494 645 autem
2527 593 2916 661 prosperitates
2943 594 3025 648 eis
3052 597 3420 650 communica.

1988 681 2229 733 Mortuos
2254 682 2457 736 amicos
2485 683 2671 750 lugere
2701 682 2843 736 haud
2870 692 2957 738 est
2978 698 3333 752 generosum;
3366 700 3491 764 pro-

1915 771 2103 826 videre
2129 781 2312 826 autem
2342 773 2677 838 domesticis,
2703 773 2996 844 diligentia:
3021 784 3124 828 est.

1985 859 2297 915 Catonis.—
2308 864 2427 918 Non
2446 864 2651 919 divitia:
2665 865 2847 926 amici,
2875 865 2971 920 sed
2989 866 3150 920 amici
3164 866 3392 922 divitiae.
3419 867 3488 920 Et

1915 950 2120 1007 divitia:
2141 953 2364 1022 quidem
2382 971 2658 1024 nunquam
2699 955 2992 1009 amicitiam
3017 957 3271 1022 fecerint,
3288 960 3364 1012 uti
3382 974 3485 1013 nec

1916 1047 2064 1094 terra
2090 1043 2260 1097 Deum
2297 1061 2310 1097 :
2341 1044 2578 1100 amicitia
2603 1060 2735 1100 vero
2756 1045 2917 1099 facile
2942 1045 3159 1102 divitias
3187 1050 3480 1118 paraverit,

1915 1132 2378 1200 quemadmodum
2404 1143 2462 1188 et
2487 1135 2632 1190 Deus
2661 1144 2887 1190 terram.

1983 1305 2054 1361 Ut
2077 1321 2231 1374 apem
2261 1314 2487 1377 propter
2510 1308 2764 1362 aculeum
2787 1324 2896 1362 non
2925 1309 3112 1375 odisti,
3139 1311 3232 1364 sed
3262 1323 3484 1383 propter

1911 1396 2150 1452 fructum
2181 1397 2332 1453 foves
2359 1415 2423 1454 ac
2447 1399 2584 1454 colis
2618 1417 2632 1453 :
2668 1400 2751 1455 sic
2782 1409 2838 1454 et
2865 1402 3098 1454 amicum
3131 1416 3261 1457 cave
3288 1404 3482 1474 objur-

1910 1489 2145 1560 gationis
2169 1489 2463 1545 acerbitate
2486 1491 2733 1546 offensus
2757 1493 3046 1558 averseris,
3068 1492 3165 1548 sed
3186 1493 3351 1566 dilige
3371 1512 3478 1568 qua

1911 1589 1965 1634 te
1991 1580 2373 1635 benevolentia
2399 1581 2548 1637 colit.

1980 1667 2083 1734 Qui
2119 1670 2286 1725 rebus
2319 1671 2572 1752 tristibus
2603 1675 2837 1740 amicum
2873 1676 3103 1749 fugerit,
3126 1695 3307 1752 neque
3337 1679 3480 1736 laetis

1912 1773 1975 1813 ac
2003 1758 2112 1813 illis
2139 1749 2412 1830 gaudente
2441 1762 2640 1834 dignus
2665 1777 2750 1821 est
2778 1769 2966 1836 potiri.

2550 1895 2849 1951 Menandri.

1905 2002 1991 2080 §ic
2018 2005 2393 2080 ἀπείρηται-ε,
2419 2014 2478 2062 ut
2505 2010 2594 2080 qui
2615 2010 2734 2080 odio
2761 2010 2992 2066 habituri
3016 2014 3140 2080 sint,

1844 2098 1852 2107 ι
1903 2073 2090 2147 Sicque
2118 2075 2316 2139 odisse,
2339 2085 2396 2129 ut
2425 2073 2640 2147 qui-sint
2667 2078 2920 2134 amaturi.

1901 2145 2345 2217 gummguidem
2373 2145 2494 2216 igne
2523 2148 2740 2217 probari
2769 2151 3051 2215 consuevit,

1901 2211 2322 2288 ljenwolentiant
2339 2211 2472 2288 _véro
2496 2211 2621 2286 erga
2651 2220 2846 2272 amicos
2876 2211 3079 2288 tempus
3106 2218 3369 2288 explorat.

1903 2280 2006 2364 Qui
2027 2284 2202 2364 amico.
2218 2284 2493 2364 adulatur,
2516 2280 2616 2354 quo
2642 2296 2874 2364 tempore
2899 2280 3084 2364 [aristis
3109 2280 3260 2346 rebus
3281 2295 3468 2364 utitur,

1900 2350 1953 2404 Is
1983 2354 2230 2421 temporis
2259 2355 2458 2408 amicus
2489 2350 2586 2422 est,
2619 2372 2724 2409 non
2749 2350 2932 2412 'amici.

1972 2489 2182 2544 Incerti.
2215 2478 2286 2529 4-
2319 2490 2491 2545 Veros
2525 2491 2733 2548 amicos
2769 2509 2839 2549 ne
2879 2495 3034 2565 prius
3069 2505 3280 2567 parato,
3305 2512 3471 2569 quam

1899 2580 2063 2635 falsos
2088 2580 2384 2650 fugaveris.

1967 2672 2256 2742 Nunquam
2288 2673 2451 2743 vulgo
2481 2674 2700 2742 placere
2732 2676 2964 2746 expetii;
3000 2693 3124 2733 nam
3161 2680 3324 2752 55o
3348 2696 3471 2751 quae

1897 2759 2005 2815 illis
2027 2761 2266 2830 placent,
2287 2777 2396 2816 non
2422 2762 2590 2817 didici
2620 2780 2634 2818 :
2663 2779 2784 2834 quae
2809 2776 2992 2822 autem
3014 2769 3163 2835 novi,
3183 2770 3255 2824 ab
3275 2785 3471 2827 eorum

1897 2847 2055 2917 longe
2079 2849 2382 2906 abhorrent
2408 2852 2628 2907 animis.

1964 2936 2227 2992 Socrates.
2257 2970 2325 2980 --
2352 2940 2456 3007 Qui
2490 2943 2822 3011 posthabitis
2859 2945 3157 3014 fratribus,
3183 2951 3323 3006 alios
3362 2951 3468 3008 sibi

1894 3028 2102 3082 amicos
2129 3040 2344 3098 parant,
2375 3032 2480 3087 illis
2508 3035 2717 3091 similes
2746 3047 2896 3102 sunt,
2923 3039 3018 3108 qui
3049 3054 3181 3110 agro
3206 3055 3310 3096 suo
3334 3041 3472 3136 teli-

1813 3157 1862 3219 c
1894 3121 2252 3219 cto‘alienum
2272 3123 2498 3219 ‘colunt.

1961 3209 2135 3266 Critii.
2162 3241 2234 3251 —
2264 3212 2367 3278 Qui
2402 3230 2528 3269 cum
2560 3211 2753 3272 amicis
2787 3217 2860 3273 ita
2891 3227 3165 3286 versatur,
3190 3227 3253 3275 ut
3283 3223 3468 3280 omnia

1888 3300 1954 3354 ad
1979 3301 2206 3370 gratiam
2231 3303 2414 3369 faciat,
2436 3305 2482 3359 is
2505 3315 2830 3374 praesentem
2850 3310 3181 3379 voluptatem
3207 3313 3263 3367 in
3284 3321 3468 3384 postc-

1887 3406 2008 3445 rum
2034 3391 2377 3448 inimicitiam
2400 3393 2551 3450 facit.

1952 3501 2211 3574 Polymni.
2232 3533 2303 3545 --
2327 3504 2448 3570 Quo
2473 3506 2631 3576 plura
2653 3508 2714 3562 in
2743 3509 2984 3564 amicum
3006 3512 3311 3570 contuleris
3335 3529 3462 3569 mu-

1884 3607 2039 3658 nera,
2061 3607 2128 3648 eo
2157 3594 2330 3664 magis
2357 3595 2473 3664 ipse
2500 3597 2611 3681 tuis
2634 3598 2944 3656 rationibus
2966 3605 3267 3660 studueris.
3285 3605 3464 3665 Vicis-

1884 3685 1986 3739 sim
2017 3684 2164 3738 enim
2193 3699 2388 3739 eorum
2418 3685 2486 3740 ad
2517 3700 2620 3741 nos
2643 3686 3026 3746 benevolentia
3053 3693 3372 3751 revertitur.

1950 3859 2180 3930 Cypseli.
2207 3892 2279 3902 —
2305 3861 2514 3917 Amicis
2544 3862 2690 3918 idem
2720 3871 2844 3919 esto
2870 3864 3066 3923 faustis
3093 3868 3263 3926 rebus
3289 3879 3463 3943 atque

1882 3950 2158 4006 infaustis.

1949 4042 2196 4111 Epicteti.
2229 4073 2299 4082 —
2340 4044 2621 4114 Fugienda
2662 4047 2935 4101 maiorum
2978 4048 3240 4117 amicitia,
3276 4051 3459 4108 bono-

1877 4147 2110 4202 rumque
2139 4135 2384 4189 cavenda
2415 4135 2730 4190 inimicitia.

1950 4222 2116 4279 Sexti.
2147 4257 2217 4266 ——
2250 4227 2329 4282 Ne
2361 4227 2598 4282 amicum
2634 4229 2736 4284 tibi
2769 4231 3118 4299 adhibueris,
3143 4232 3235 4289 cui
3266 4232 3456 4292 omnia

1876 4331 1984 4370 non
2014 4317 2216 4372 credis.

1946 4403 2088 4475 Cyri.
2113 4436 2183 4445 —
2208 4405 2346 4462 Cum
2377 4408 2598 4499 adJeum
2623 4411 2846 4481 quidam
2876 4410 3153 4482 ingentem
3182 4409 3454 4469 mundum

201 4483 399 4539 δέδωκε
431 4489 544 4550 τοίς
593 4487 788 4556 φίλοις.
836 4491 1160 4562 Ἐρωτηθεὶς
1214 4493 1291 4558 δὲ,
1344 4489 1486 4549 διατι
1526 4499 1624 4567 οὐχ
1670 4499 1770 4552 ὑπ·
1802 4491 1832 4545 Π

1872 4497 2133 4562 misisset,
2154 4499 2348 4555 amicis
2378 4483 2590 4558 tribuit.
2615 4502 2865 4573 Cumque
2892 4518 2960 4557 ex
2988 4519 3056 4558 eo
3083 4511 3452 4573 quaereretur,

199 4575 442 4629 ελείπετο
473 4578 640 4648 αὐτῷ,
671 4578 806 4650 ἔφη·
837 4581 959 4634 Ὅτι
983 4578 1044 4634 τδ
1072 4583 1171 4652 μὲν
1200 4584 1332 4654 ἐμὸν
1382 4585 1542 4657 σῶμα
1580 4589 1680 4642 ούκ
1703 4589 1768 4643 ἂν

196 4666 416 4721 δύναιτο
440 4671 576 4722 πᾶσι
587 4669 798 4733 τούτοις
811 4672 1134 4741 κοσμεῖσθαι
1161 4691 1175 4706 ·
1201 4677 1389 4742 φίλους
1413 4677 1472 4730 δὲ
1493 4695 1768 4750 κεκοσμη-

198 4759 396 4828 μένους
419 4761 582 4830 ὁρῶν,
622 4762 882 4832 μέγιστον
915 4764 1143 4835 ἐμαυτῷ
1205 4766 1407 4836 κόσμον
1439 4768 1765 4824 ἀποκεῖσθαι

192 4849 354 4914 δόξω.

267 4942 480 5010 Τίμων.
535 4970 608 4986 -
665 4942 942 5013 Τίμωνοό
991 4945 1416 5024 μισάνθρωπος,
1467 4950 1764 5022 ἐρωτηθεὶς

188 5028 332 5083 διατί
366 5031 575 5095 πάντας
598 5032 920 5103 ἀνθρώπους
955 5039 1124 5106 μισεῖ,
1156 5027 1298 5091 εἷπε·
1336 5040 1482 5093 Διότι
1505 5044 1632 5106 τοὺς
1663 5043 1765 5114 μὲν

190 5122 466 5192 πονηροὺς
501 5123 740 5191 εὐλόγως
772 5127 951 5196 μισῶο
1011 5128 1138 5194 τοὺς
1181 5130 1240 5184 δὲ
1281 5129 1528 5201 λοιποὺς,
1579 5136 1663 5189 ὃτι
1698 5137 1761 5190 οὐ

189 5212 414 5282 μισοῦσι
441 5214 567 5278 τοὺς
595 5217 887 5290 πονηρούς.

265 5385 524 5454 Ῥωμύλ.
546 5419 620 5430 -
654 5388 935 5461 Ῥὠμυλος
967 5392 1366 5466 ἐγκαλούμενος
1395 5399 1476 5452 ὃτι
1509 5404 1760 5472 πονηροὶς

185 5477 497 5545 ἀνθρώποις
516 5479 784 5548 σύνεστιν,
808 5483 934 5556 ἔφη’
956 5487 1067 5539 Καὶ
1088 5489 1137 5540 οἱ
1163 5489 1336 5560 ἰατροὶ
1357 5493 1467 5554 τοῖς
1491 5495 1756 5546 νοσοῦσιν·

189 5568 306 5622 ἀλλ’
336 5568 492 5622 αὐτοὶ
522 5569 879 5639 ὑγιαίνουσιν.

267 5660 607 5732 Ἀντίγονος
653 5667 969 5733 Βασιλεύς.
1009 5665 1262 5736 -Οὗτος
1285 5673 1425 5726 θύων
1457 5680 1562 5738 τοῖς
1594 5675 1754 5742 θεοῖς,

186 5752 386 5825 ηὔχετο
421 5755 711 5825 φυλάττειν
766 5759 930 5814 αὑτὸν
978 5762 1082 5817 ἀπὸ
1137 5763 1247 5816 τῶν
1270 5765 1567 5820 δοκούντων
1612 5764 1754 5822 εἶναι

1873 4602 1975 4640 cur
2014 4587 2135 4656 ejus
2173 4589 2276 4642 sibi
2322 4589 2460 4644 nihil
2507 4591 2842 4661 reliquisset,
2879 4591 2955 4645 ait
2999 4608 3013 4644 :
3064 4591 3204 4656 Quia
3247 4607 3456 4662 corpus

1872 4692 2053 4731 meum
2085 4679 2232 4732 omni
2262 4679 2366 4735 hoc
2394 4681 2602 4736 mundo
2631 4684 2816 4736 ornari
2847 4698 2957 4735 non
2989 4682 3162 4751 possit
3192 4700 3206 4735 :
3241 4684 3454 4739 amicos

1872 4781 2055 4824 autem
2105 4771 2236 4825 dum
2283 4789 2351 4828 eo
2398 4783 2622 4830 ornatos
2675 4775 2927 4840 intueor,
2971 4777 3268 4830 maximum
3311 4778 3448 4834 mihi

1871 4873 2118 4916 ornatum
2149 4865 2452 4934 repositum
2481 4883 2602 4922 esse
2629 4868 2906 4923 existimo.

1941 4952 2188 5007 Timonis.
2223 4984 2294 4993 ——
2333 4955 2530 5009 Timon
2585 4957 2697 5019 ille,
2731 4957 2940 5026 qui.ab
2984 4957 3113 5012 odio
3160 4957 3446 5014 hominum

1867 5035 2071 5093 Graecis
2112 5037 2296 5094 dictus
2337 5049 2424 5096 est
2463 5043 2900 5113 Μισάνθρωπος,
2936 5043 3303 5115 interrogatus
3345 5063 3448 5101 cur

1868 5146 2059 5185 omnes
2096 5131 2304 5188 odisset
2340 5134 2591 5188 homines
2631 5152 2644 5187 :
2683 5134 2844 5200 Quia,
2877 5135 3075 5206 inquit,
3104 5138 3301 5192 merito
3337 5139 3442 5193 im-

1866 5221 2073 5290 probos
2118 5221 2248 5289 odi;
2296 5223 2542 5293 reliquos
2588 5233 2798 5291 autem,
2827 5226 2957 5295 quia
3003 5215 3287 5298 improbos
3327 5245 3438 5285 non

1865 5312 2124 5368 oderunt.

1935 5405 2167 5460 Romuli.
2191 5439 2261 5446 —
2289 5407 2579 5470 Romulus,
2605 5422 2732 5462 cum
2767 5407 2820 5463 ei
2855 5409 3074 5463 crimini
3108 5418 3436 5476 verteretur,

1865 5498 2010 5568 quod
2045 5515 2170 5553 cum
2206 5500 2474 5568 improbis
2495 5509 2812 5555 versaretur
2840 5517 2854 5554 :
2883 5501 2952 5554 Et
2985 5501 3208 5566 medici,
3237 5503 3433 5572 inquit,

1863 5605 1987 5645 cum
2016 5592 2264 5660 aggrotis;
2295 5591 2389 5645 sed
2417 5591 2517 5660 ipsi
2545 5593 2663 5646 sani
2688 5601 2836 5645 sunt.

1934 5681 2225 5751 Antigonus
2250 5698 2358 5736 rex.
2385 5714 2452 5722 -—
2483 5682 2581 5737 llic
2607 5697 2732 5736 cum
2757 5681 2868 5737 diis
2890 5683 3224 5747 immolaret,
3243 5681 3434 5736 orabat

1866 5784 1924 5825 ut
1971 5787 2027 5825 se
2079 5787 2108 5825 a
2155 5771 2426 5826 simulatis
2479 5769 2666 5826 amicis
2712 5781 3018 5828 servarent.
3065 5773 3430 5829 Percontaate
