4216 6438
732 356 839 417 τδτι

1922 359 1981 419 S.
2025 361 2314 422 MAXIMI
2351 361 2862 424 CONFESSORIS

3894 374 4000 436 τοι

734 482 866 519 vero
912 466 1127 535 aliquo,
1170 465 1530 533 quamobrem
1584 466 1689 521 tale
1732 465 1865 536 quid
1917 466 2241 539 cmagitaret
2291 488 2303 523 :

2412 473 2601 541 φίλων.
2675 470 3089 544 Πυνθανομὲνου
3146 475 3202 529 δέ
3238 494 3379 539 τινος
3408 518 3424 542 ,
3473 478 3563 530 διὰ
3617 480 3777 533 ποίαν
3816 484 4000 537 αἰτίαν

731 555 911 622 Quod,
939 555 1139 624 inquit,
1164 556 1354 609 hostes
1384 571 1509 609 cum
1537 571 1831 627 cognosco,
1858 572 2051 613 caveo.

804 734 1125 787 Alexander.
1151 765 1220 774 -——
1249 734 1499 799 Quodam
1534 744 1898 804 percontante
1932 738 2154 793 ubinam
2191 741 2314 796 the-

730 840 930 879 sauros
976 825 1236 891 haberet,
1278 827 1703 882 submonstrans
1744 830 1955 884 amicos
2001 849 2013 883 :
2060 830 2121 886 In
2158 832 2311 898 istis,

738 920 937 987 inquit.

800 1011 1033 1066 Libanii.
1057 1044 1127 1053 —
1154 1013 1557 1069 Gratulandum
1592 1016 1807 1083 amicis,
1839 1025 1978 1082 tum,
2011 1034 2137 1075 cum
2169 1020 2312 1075 bene

731 1119 796 1157 ac
830 1120 1097 1175 prospere
1126 1122 1251 1159 cum
1288 1106 1399 1160 illis
1427 1108 1639 1177 agitur;
1673 1109 1751 1162 uti
1778 1118 1834 1163 et
1866 1111 2033 1168 rebus
2061 1113 2314 1167 tristibus

733 1195 849 1251 illis
877 1197 1304 1252 condolendum.

799 1288 932 1354 Quae
962 1304 1026 1343 ex
1063 1291 1258 1344 amicis
1295 1292 1348 1346 in
1384 1295 1593 1349 amicos
1626 1296 1851 1351 offensa
1885 1296 2218 1366 proveniunt
2248 1312 2312 1351 ac

737 1381 981 1451 injuri-te,
1031 1382 1188 1452 longe
1239 1394 1431 1440 curatu
1486 1387 1739 1443 difficiles
1789 1399 1947 1453 sunt,
1995 1392 2311 1459 majoraque

733 1488 895 1540 quam
930 1489 1052 1542 qu:e
1093 1474 1439 1530 inimicorum
1480 1480 1778 1545 exsistunt,
1816 1482 2060 1535 conflant
2090 1481 2307 1534 damna.

800 1563 1075 1617 Pisoniuni
1110 1566 1310 1621 Dionis.
1337 1599 1406 1607 —
1436 1568 1555 1635 Quo
1602 1572 1728 1639 quis
1780 1573 1987 1626 amicos
2046 1572 2310 1625 fortiores

728 1656 931 1719 reddit,
968 1673 1035 1711 eo
1063 1660 1171 1713 illis
1194 1660 1391 1714 fortior
1414 1663 1619 1717 evadit.

2417 562 2674 632 τοιαύτην
2721 562 2889 633 εὐχὴν
2940 565 3199 628 ποιεῖται,
3257 564 3399 634 ἔφη.
3440 568 3716 632 ὀτιτοίις
3764 570 3998 641 ἐχθροὺς

2417 655 2700 721 γινώσκων
2730 655 3099 724 φυλάσσομαι.

2500 740 2845 810 Ἀλέξανδρ.
2878 772 2949 782 -
3003 744 3328 815 Ἐρωτηθεὶς
3382 747 3488 799 ύπὸ
3527 766 3694 812 τινος,
3721 750 3831 803 Ποῦ
3868 753 3997 816 τοὺς

2415 833 2725 905 θησαυροὺς
2778 834 2963 905 Εχεις;
3017 835 3198 901 δείξας
3230 838 3359 900 τοὺς
3419 838 3647 908 φίλους,
3706 840 3812 912 ἔφη
3843 884 3858 905 .
3904 846 3995 897 Ἐν

2412 944 2641 989 τούτοις.

2486 1020 2790 1075 Λιϐανίου.
2814 1052 2887 1062 —
2913 1020 3246 1092 Συγχαίρειν
3270 1021 3379 1093 χρὴ
3414 1026 3529 1088 τοῖς
3586 1027 3762 1095 φίλοις
3814 1028 3995 1090 καλῶς

2416 1113 2769 1182 πράττουσιν,
2802 1113 2878 1177 ὡς
2910 1114 3006 1167 καὶ
3032 1114 3324 1182 συναλγεῖν
3351 1116 3737 1186 λυπουμένοις.

2483 1291 2549 1343 Δί
2579 1291 2642 1341 ἐκ
2666 1289 2837 1359 φίλων
2863 1291 2942 1353 είς
2970 1289 3161 1358 φίλους
3190 1290 3483 1361 γενόμεναι
3515 1293 3704 1359 λύπαι,
3729 1295 3993 1365 690059.”:-

2415 1399 2605 1434 πεντοι
2659 1380 2781 1434 λίαν
2838 1382 3200 1450 τυγχάνουσι,
3230 1382 3327 1435 καὶ
3363 1383 3585 1452 μείζους
3613 1385 3720 1438 τῶν
3781 1387 3993 1457 ἐχθρῶν

2413 1473 2594 1541 ἔχουσι
2616 1473 2712 1534 τὰς
2742 1474 3028 1542 ἐπηρείας.

2482 1566 2913 1619 Πεισωνιανοῦ.
2947 1566 3186 1631 Δίωνος.
3212 1594 3283 1606 -
3311 1566 3465 1637 Ὀσῳ
3493 1567 3537 1619 δ’
3574 1569 3640 1621 ἀν
3674 1570 3716 1600 ⁸³
3748 1586 3835 1633 τις
3865 1573 3992 1633 τοὺς

2412 1658 2600 1727 φίλους
2630 1658 3011 1728 ἰσχυροτέρους
3035 1660 3199 1723 ποιεῖ,
3230 1652 3390 1722 οὗτος
3424 1661 3775 1735 ισχυρὸτερος
3808 1664 3993 1716 αὐτῶν

2413 1768 2641 1820 γινεται.

796 1834 927 1899 Qua:
951 1835 1233 1890 calamitas
1258 1847 1412 1890 extra
1439 1837 1739 1893 amicitiam
1767 1854 1873 1891 non
1908 1838 2307 1895 intolerabilis?

2424 1808 2435 1820 -
2484 1842 2619 1894 Ποία
2672 1842 2771 1911 μὲν
2805 1842 3062 1913 συμφορὰ
3105 1844 3228 1913 δίχα
3282 1844 3464 1913 φιλίας
3512 1846 3615 1897 οὐκ
3676 1846 3990 1915 ἁφόρητος;

726 1928 856 1992 Qum
882 1927 1115 1980 felicitas
1138 1943 1249 1981 non
1275 1926 1573 1997 injucunda
1603 1930 1829 1983 semotis
1857 1930 2083 1985 amicis?

798 2018 1035 2072 Facilius
1058 2018 1397 2073 calamitates
1417 2020 1806 2074 acerbissimas
1830 2037 1954 2075 cum
1985 2021 2141 2092 551
2168 2022 2304 2076 ami-

726 2110 807 2161 eis
834 2109 1003 2173 feras,
1030 2126 1193 2178 quam
1226 2110 1378 2164 solus
1411 2112 1807 2180 prosperitates
1835 2114 2119 2169 maximas.

798 2203 933 2255 Eum
960 2204 1106 2272 juste
1141 2205 1509 2259 miserrimum
1533 2206 1744 2276 judico,
1771 2207 1864 2275 qui
1900 2207 1952 2260 in
1982 2207 2221 2264 miseriis
2248 2217 2305 2265 et

725 2294 1384 2359 ealamitatibusmullos
1429 2297 1597 2349 habet
1638 2297 1733 2365 qui
1787 2299 2084 2361 lzetentur,
2144 2301 2311 2355 rebus

727 2396 912 2439 autem
942 2388 1204 2441 secundis
1229 2389 1323 2457 qui
1355 2404 1461 2442 una
1486 2388 1815 2455 delectetur,
1842 2392 2141 2445 neminem.

796 2479 901 2544 Qui
949 2480 1143 2535 amicis
1182 2481 1436 2551 largitur,
1471 2482 1635 2535 simul
1678 2481 1926 2550 quidem,
1961 2492 2020 2536 ut
2059 2484 2153 2553 qui
2198 2484 2310 2537 lar-

727 2570 930 2637 giatur,
964 2571 1149 2626 dando
1188 2573 1525 2639 delectatur;
1567 2573 1729 2627 simul
1769 2587 1925 2635 vero,
1960 2581 2018 2627 ut
2057 2573 2151 2643 qui
2194 2573 2309 2643 ipse

726 2663 998 2732 acquirat.

1322 2850 1552 2905 SERMO
1592 2852 1699 2906 VII.

1294 2943 1366 2995 De
1400 2943 1748 3014 eleemosyna.

794 3037 989 3092 Matth.
1014 3052 1069 3099 ν,
1092 3037 1145 3089 7.
1173 3065 1244 3074 —
1276 3036 1428 3090 Beati
1464 3036 1875 3101 misericordes,
1904 3035 2166 3105 quoniam
2204 3030 2307 3103 ipsi

730 3127 1166 3184 misericordiam
1194 3136 1628 3196 consequentur.

800 3224 957 3277 Deut.
986 3240 1074 3287 xv,
1105 3224 1190 3276 ll.
1214 3254 1284 3263 -—-
1315 3222 1433 3275 Non
1464 3222 1645 3275 deerit
1674 3236 1885 3291 pauper
1913 3220 1980 3272 de
2018 3227 2185 3273 terra.
2222 3216 2307 3270 ld-

730 3318 883 3369 circo
913 3329 1015 3385 ego
1048 3314 1307 3383 praecipio
1337 3313 1433 3366 tibi
1464 3314 1693 3367 verlnnn
1728 3311 1873 3366 istud
1903 3294 2095 3365 dicens
2122 3327 2133 3362 :
2166 3309 2309 3378 Ape-

732 3408 880 3461 ricns
907 3405 1123 3475 aperies
1148 3420 1341 3459 manus
1374 3415 1496 3458 tuas
1525 3404 1677 3458 fratri
1714 3413 1807 3457 tuo
1838 3402 2090 3473 pauperi.

799 3581 895 3635 Job
933 3597 1077 3646 xxix,
1114 3580 1200 3636 15.
1232 3611 1302 3619 -
1336 3579 1541 3634 Oculus
1583 3580 1659 3633 fui
1703 3596 1995 3647 caecorum,
2024 3598 2121 3652 pes
2155 3583 2310 3638 clau-

731 3674 931 3727 dorum
960 3690 972 3726 :
1001 3687 1105 3742 ego
1132 3686 1283 3726 eram
1310 3681 1467 3739 pater
1490 3671 1879 3726 invalidorum.

803 3764 959 3817 Prov.
993 3779 1080 3827 Ill,
1109 3762 1163 3816 5.
1198 3792 1268 3801 -
1299 3762 1672 3831 Eleemosyna:
1705 3770 1761 3815 et
1796 3760 1930 3815 fides
1964 3777 2030 3815 ne
2067 3771 2117 3816 te
2150 3762 2311 3817 dese-

734 3868 857 3913 rant
900 3878 912 3913 :
965 3859 1126 3928 alliga
1171 3873 1265 3913 cas
1304 3873 1470 3927 supra
1514 3858 1716 3911 collum
1763 3867 1939 3923 tuum,
1970 3868 2025 3912 et
2062 3858 2313 3915 invenies

733 3952 987 4021 gratiam.

807 4045 943 4098 Dan.
975 4060 1046 4107 IV,
1072 4043 1161 4097 24.
1188 4074 1256 4082 -
1290 4042 1516 4097 Peccata
1552 4050 1642 4096 tua
1674 4040 2043 4112 eleemosynis
2075 4041 2310 4106 redime,

733 4144 789 4189 ct
815 4134 1135 4202 iniquitates
1165 4140 1287 4187 tuas
1315 4131 1766 4187 miserationibus
1793 4147 2118 4202 pauperum.

812 4315 974 4369 Errli.
1000 4332 1077 4379 ιιι,
1100 4314 1188 4367 55.
1211 4342 1282 4352 ——
1300 4312 1482 4383 lgnem
1510 4312 1793 4366 ardentem
1817 4312 2129 4383 cxstinguet
2150 4328 2312 4384 aqua,
2348 4338 2394 4397 ο

737 4418 793 4463 ct
815 4408 1164 4474 elcemosyna
1196 4404 1439 4474 expiabit
1466 4412 1709 4473 peccata.

811 4498 972 4552 Ereti.
992 4514 1063 4558 tv,
1082 4497 1134 4550 8.
1154 4528 1221 4535 —
1241 4496 1448 4550 lnclina
1470 4497 1604 4549 nihil
1630 4507 1850 4565 gravate
1874 4496 2102 4566 pauperi
2126 4512 2315 4551 aurem

740 4599 910 4649 tuam,
935 4598 992 4642 et
1017 4588 1291 4657 responde
1321 4587 1375 4641 ei
1406 4588 1460 4641 in
1494 4588 1723 4641 lenitate
1754 4587 2000 4656 paciﬁca.

808 4680 971 4733 Ereti.
1001 4696 1091 4743 xu,
1119 4680 1171 4732 4.
1202 4709 1270 4717 -
1296 4679 1371 4732 Da
1399 4679 1512 4748 pio,
1535 4687 1593 4731 et
1623 4694 1690 4733 ne
1716 4680 2029 4748 susceperis
2057 4688 2311 4748 peccato-

740 4787 851 4823 rem
883 4788 894 4822 :
927 4770 1153 4824 benefac
1176 4769 1394 4833 humili,
1423 4778 1479 4824 et
1506 4786 1575 4824 ne
1606 4768 1824 4824 dederis
1854 4770 2043 4839 impio.

814 4861 977 4914 I'Irrti.
1000 4878 1142 4923 xxix,
1166 4861 1249 4915 l5.
1274 4893 1343 4901 —
1364 4862 1644 4917 Conclude
1664 4862 2066 4932 eleemosynam
2091 4862 2143 4915 in
2166 4861 2323 4915 cellis

743 4955 874 5012 tuis.
895 4962 949 5007 et
972 4952 1087 5006 hzec
1109 4961 1268 5004 eruet
1290 4960 1343 5005 te
1364 4952 1432 5004 ab
1452 4952 1600 5003 mnni
1624 4952 1787 5012 malo,
1807 4960 1863 5005 et
1881 4966 2049 5020 super
2075 4952 2318 5005 lanceam

746 5044 960 5099 roboris
981 5042 1248 5097 adversus
1276 5041 1561 5095 inimicum
1591 5056 1691 5110 pro
1724 5050 1773 5094 te
1807 5042 2092 5110 pugnabit.

825 5221 985 5275 Errli.
1014 5236 1175 5280 xxxv.
1200 5217 1290 5273 26.
1316 5249 1386 5257 —
1410 5217 1669 5287 Speciosa
1696 5216 2073 5271 misericordia
2103 5216 2157 5270 in
2191 5225 2333 5272 tem-

2414 1932 2540 1988 ποία
2563 1932 2619 1985 δὲ
2647 1932 2869 2003 εὐτυχία
2901 1934 3073 2004 χωρὶς
3098 1935 3268 2004 φίλων
3305 1938 3405 1989 οὐκ
3434 1936 3671 2007 ἄχαρις

2492 2024 2650 2093 Ῥᾷον
2684 2023 2749 2075 ἀν
2781 2040 2866 2085 τις
2896 2024 3189 2095 συμφορὰν
3219 2026 3615 2096 χαλεπωτάτην
3662 2024 3822 2096 φέρει
3853 2027 3997 2095 μετὰ

2413 2118 2603 2187 φίλων,
2636 2116 2668 2186 ἢ
2705 2117 2865 2185 μόνος
2902 2116 3159 2185 εὐτυχίαν
3187 2119 3289 2187 τὴν
3320 2118 3609 2188 μεγίστην.

2494 2208 2733 2261 Ἐκεῖνον
2762 2206 3093 2261 ἀθλιώτατον
3123 2208 3292 2279 κρίνω
3310 2210 3555 2273 δικαίως,
3573 2209 3631 2272 ὃς
3666 2212 3725 2263 ἐν
3750 2211 3853 2279 μὲν
3868 2212 3989 2273 ταῖς

2410 2296 2717 2363 συμφοραῖς
2752 2294 3037 2357 πλείστους
3064 2294 3177 2365 ἔχει
3203 2299 3333 2359 τοὺς
3379 2297 3745 2366 ἐφηδομένους
3776 2340 3795 2364 ,
3846 2299 3906 2349 ὲν
3932 2298 3990 2350 δὲ

2408 2388 2531 2447 ταῖς
2561 2384 2841 2454 εὐτυχίαις
2865 2376 3057 2439 οὐδένα
3084 2386 3178 2439 τὸν
3206 2387 3592 2458 συνηδόμενον.

2489 2477 2549 2528 Ὀ
2582 2480 2695 2538 τοῖς
2733 2476 2907 2544 φίλοις
2950 2478 3335 2549 χαριζόμενος,
3384 2479 3501 2551 ἅμα
3530 2480 3630 2549 μὲν
3658 2479 3733 2541 ὡς
3758 2478 3987 2548 χαριζό-

2412 2586 2572 2640 μενος
2603 2570 2790 2640 ἥδεται
2814 2569 3022 2638 διδοὺς,
3059 2570 3176 2641 ἀμα
3205 2570 3260 2624 δὲ
3287 2571 3362 2633 ὡς
3394 2570 3557 2634 αὐτὸς
3587 2570 3895 2641 κτώμενος.

2998 2844 3215 2895 ΛΟΓΟΣ
3252 2844 3305 2892 Ζ’
3348 2843 3413 2891 η.

2908 2929 3050 2997 Περὶ
3080 2930 3519 2997 ἐλεημοσύνης.

2334 2986 2378 3045 c
2482 3026 2668 3078 Ματθ.
2721 3020 2786 3075 ε’,
2838 2986 3295 3091 -Μακάριοῖοἱ
3348 2986 3665 3089 ἐλεημονες,
3710 3017 3791 3071 ὅτι
3840 3016 3997 3071 αὐτοὶ

2412 3112 2824 3182 ἐλεηθήσονται.

2482 3207 2650 3257 Δευτ.
2679 3210 2763 3258 ιε’.
2809 3232 2876 3242 -
2904 3202 2977 3253 Οὐ
3014 3200 3088 3271 μὴ
3115 3200 3317 3272 ἐκλίπῃ
3359 3199 3546 3270 ἐνδεὴς
3588 3200 3697 3253 ἀπὸ
3721 3201 3823 3270 τῆς
3866 3201 3995 3270 γῆς.

2413 3298 2511 3351 Διά
2539 3296 2699 3349 τοῦτο
2727 3294 2839 3362 ἐγώ
2870 3311 2954 3347 σοι
2984 3293 3303 3362 ἐντέλλομαι
3330 3292 3391 3346 τὸ
3414 3293 3566 3364 ῥῆμα
3591 3292 3772 3356 τοῦτο,
3794 3292 3993 3359 λέγων,

2426 3388 2683 3457 Ἀνοίγων
2709 3386 2938 3451 ἀνοίξεις
2963 3386 3065 3447 τὰς
3090 3384 3281 3455 χεῖράς
3304 3401 3399 3437 σου
3433 3383 3511 3454 τῷ
3539 3383 3756 3454 ἀδελφῷ
3791 3401 3888 3435 σου
3918 3382 3999 3453 τῷ

2414 3494 2629 3542 πενητι.

2496 3567 2628 3622 Ἰὼϐ
2671 3569 2778 3620 κθ’.
2814 3597 2887 3607 —
2918 3566 3227 3637 Ὀφθαλμδς
3268 3566 3418 3636 ήμην
3477 3564 3715 3634 τυφλῶν,
3766 3565 3905 3628 ποὺς
3939 3564 4000 3616 δὲ

2414 3660 2626 3733 χωλῶν·
2663 3658 2775 3728 ἐγὼ
2802 3660 2951 3730 ἥμην
2991 3659 3177 3730 πατὴρ
3202 3658 3483 3712 ἀδυνάτων
3513 3659 3613 3725 (α).

2487 3757 2734 3822 Παροιμ.
2805 3758 2879 3821 τ’.
2931 3782 3001 3791 -
3037 3750 3437 3819 Ἐλεημοσύναι
3514 3750 3607 3801 καὶ
3661 3747 3847 3810 πίστις
3926 3747 4003 3818 μὴ

2415 3844 2820 3899 ἐκλειπέτωσάν
2852 3858 2933 3896 σε·
2966 3843 3171 3913 έφαψαι
3199 3842 3257 3895 δὲ
3288 3840 3462 3904 αὑτὰς
3494 3842 3587 3893 ἐπὶ
3610 3840 3687 3910 σῷ
3715 3839 4001 3910 τραχήλῳ,

2416 3943 2512 3995 καὶ
2542 3942 2793 4012 εὑρήσεις
2833 3939 3015 4010 χάριν.

2487 4036 2625 4086 Aur.
2688 4031 2757 4086 δ’.
2808 4063 2879 4072 -
2936 4033 3050 4095 Τάς
3125 4030 3407 4103 ἁμαρτίας
3480 4032 3539 4082 ἐν
3596 4026 4003 4098 ἐλεημοσύναις

2416 4126 2713 4197 λύτρωσαι,
2753 4126 2851 4179 καὶ
2878 4124 2977 4188 τὰς
3025 4125 3260 4194 ἀνομίας
3292 4140 3389 4176 σου
3434 4124 3495 4175 ὲν
3538 4121 3851 4189 οἰκτιρμοῖς
3902 4135 4005 4171 πε-

2416 4218 2611 4286 νήτων.

2488 4307 2671 4374 Σιρὰχ
2717 4311 2786 4374 τ’.
2812 4305 3015 4377 -Πῦρ
3044 4306 3439 4376 φλογιζὸμενον
3466 4301 3799 4357 κατασϐέσει
3830 4299 4003 4370 ὕδωρ,

2420 4397 2515 4451 καὶ
2543 4396 2881 4468 ἐλεημοσύνη
2914 4397 3259 4463 ὲξιλάσκεται
3292 4395 3586 4465 ἁμαρτίας.

2491 4485 2677 4556 Σιρὰχ
2706 4487 2776 4541 δ’.
2803 4489 2998 4540 κλῖνον
3036 4485 3237 4557 πτωχῷ
3263 4484 3491 4547 ἀλύπως
3541 4484 3603 4535 τὺ
3633 4478 3727 4546 οὖς
3760 4499 3879 4548 σου,
3910 4481 4009 4535 καὶ

2419 4578 2749 4648 ἁποκρίθητι
2778 4577 2927 4648 αὐτῷ
2966 4579 3024 4631 ὲν
3052 4577 3327 4647 πραΰτητι
3370 4574 3644 4644 εἰρηνικά.

2493 4672 2673 4738 Σιρὰχ
2702 4670 2801 4734 ιβ’.
2834 4671 2933 4731 Δὸς
2959 4669 3037 4739 τῷ
3075 4667 3312 4733 εὐσεϐεῖ,
3352 4669 3445 4719 καὶ¹
3488 4666 3562 4736 μὴ
3589 4665 3881 4721 ἀντιλαὸοὖ
3913 4664 4009 4718 τοῦ

2420 4761 2845 4832 ἀμαρτωλοῦσεῦ
2875 4762 3099 4831 ποίησον
3131 4760 3395 4830 ταπεινῷ,
3428 4759 3523 4811 καὶ
3551 4757 3626 4829 μὴ
3660 4756 3766 4827 δῷς
3794 4756 4007 4810 ἀσεϐεῖ.

2494 4852 2679 4923 Σιρὰχ
2709 4853 2815 4909 κθ”.
2857 4852 3185 4921 Σύγκλεισον
3229 4849 3600 4921 ἐλεημοσύνην
3640 4849 3697 4900 ὲν
3743 4851 3859 4910 τοῖς
3913 4866 4014 4901 τα-

2426 4945 2598 5017 μείοις
2634 4962 2747 5009 σου,
2776 4944 2871 4995 καὶ
2930 4941 3069 5012 αὕτη
3125 4958 3186 4994 σε
3221 4939 3482 5005 ὲξελεῖται
3512 4941 3578 4992 ἐκ
3626 4936 3810 5006 πάσης
3844 4936 4018 4990 κολά-

2425 5055 2563 5100 σεως
2590 5035 2956 5107 [κακώσεως],
2989 5035 3083 5088 καὶ
3132 5032 3275 5103 ὑπὲρ
3318 5031 3446 5101 δόρυ
3496 5029 3669 5099 ἀλκῆς
3718 5027 4015 5081 κατέναντι

2421 5126 2617 5195 ἐχθροῦ
2661 5125 2959 5195 πολεμήσει
2989 5123 3132 5193 ὑπὲρ
3176 5122 3290 5176 σοῦ.

2494 5216 2675 5283 ripa;
2703 5219 2809 5269 λε’.
2874 5216 3087 5285 Ὥραῖον
3133 5213 3281 5277 ἔλεος
3315 5213 3373 5265 ὲν
3410 5209 3591 5282 καιρῷ
3643 5207 3903 5279 θλίψεως,
3934 5208 4019 5272 ὡς

747 5329 879 5383 pore
906 5311 1235 5374 aﬂlictionis,
1270 5310 1414 5365 sicut
1441 5310 1615 5363 nubes
1639 5309 1838 5379 pluvia:
1865 5309 1920 5362 in
1950 5316 2197 5377 tempore
2222 5308 2327 5362 sic-

2423 5307 2614 5376 νεφέλη
2639 5307 2796 5360 ύετοῦ
2824 5309 2883 5359 ὲν
2908 5305 3087 5377 καιρῷ
3130 5304 3416 5377 ἀϐροχίας.

748 5404 952 5459 citatis.

2034 5467 2272 5523 VARUE
2301 5463 2704 5521 LECTIONES.

827 5567 873 5599 “
924 5567 1023 5629 ’ος
1083 5564 1131 5618 δ’
1181 5565 1267 5619 ἀν.
1346 5564 1390 5597 ⁸⁸
1432 5564 1493 5619 in
1531 5563 1696 5621 Gesn.
1731 5562 1950 5618 Stobaeo
1979 5564 2067 5629 '76,
2105 5563 2159 5617 in
2195 5561 2434 5617 Antonio
2478 5563 2567 5615 Ἦ.

2283 5656 2512 5712 NOTAE.

828 5732 906 5797 (α)
938 5730 1136 5798 Πατὴρ
1157 5727 1489 5784 ἀδυνάτων.
1530 5728 1696 5784 Faedo
1736 5729 1935 5784 mendo
1965 5728 2127 5783 Gesn.
2158 5738 2308 5782 utra-

757 5816 863 5871 que
888 5801 1148 5866 editione,
1168 5799 1278 5872 πῦρ
1296 5799 1589 5865 ἀδυνάτων,
1607 5800 1750 5870 quod
1777 5800 1928 5870 pueri
1948 5800 2310 5857 cxscribcntis

2418 5728 2497 5781 sic
2522 5725 2822 5780 brcviatam
2856 5736 3047 5778 vocem
3070 5722 3161 5793 sit.
3190 5722 3350 5778 Patre
3380 5727 3529 5779 certe
3551 5730 3715 5793 egent
3764 5716 4012 5783 inﬁrmi,

2420 5813 2481 5853 ac
2507 5798 2658 5853 velut
2692 5794 2945 5866 orphani,
2972 5808 3079 5849 non
3106 5792 3249 5865 igne.
