4216 6438
255 418 357 484 τ65

1546 415 1714 474 LOCI
1756 414 2073 473 COMMUN
2084 415 2189 471 ES.

3384 405 3493 470 766

321 537 661 592 Πασιλείου.
694 566 763 575 -
792 533 1111 600 Πλεονεξίας
1145 527 1284 596 εἶδος
1316 533 1377 585 τὸ
1412 531 1813 601 χαλεπώτατον,

1984 529 2197 585 Basilii.
2222 546 2291 566 —
2315 527 2571 581 Avaritiae
2594 538 2768 596 genus
2796 524 3185 594 gravissimum
3211 530 3315 589 est,
3336 538 3405 579 ne
3427 540 3491 579 ea

255 632 393 699 μήτε
424 628 530 681 τῶν
556 626 932 697 φθειρομένων
967 623 1307 694 μεταδιδόναι
1334 625 1447 685 τοῖς
1486 621 1743 677 ἐνδεέσιν.
1794 694 1797 697 ἢ

323 706 623 779 Τοσούτους
656 719 884 779 ἀδικεῖς,
912 718 1060 779 ὅσοις
1091 715 1352 787 παρέχειν
1380 715 1637 783 ηδύνασο.

317 813 637 881 Θεολόγου.
663 841 734 850 -——
772 810 846 862 Τὸ
885 803 943 862 εὖ
979 810 1153 873 ποεῖν,
1181 808 1277 861 τοῦ
1303 809 1539 877 πάσχειν
1565 805 1818 878 τιμιώτε-

252 922 365 974 ρον,
400 903 496 957 καὶ
530 898 1127 971 περισπουδαστότερον
1156 899 1385 981 κέρδους
1409 898 1575 963 ἕλεος.

318 1082 587 1151 Κρεῖττον
607 1077 816 1149 μυρίων
834 1077 1042 1130 παίδων
1057 1075 1270 1146 πατέρα
1293 1073 1821 1146 προσαγορεύεσθαι,

1920 622 2142 693 quidem
2170 635 2293 689 qua:
2320 627 2558 688 pereunt
2582 616 2777 687 egenis
2807 617 3099 685 impartiri.

1989 712 2092 767 Tot
2121 709 2327 781 injuria
2355 707 2553 773 alli'cis,
2578 714 2715 778 quot
2742 708 2930 777 largiri
2962 707 3211 775 potuisti.

1989 800 2251 871 Theologi.
2293 830 2364 840 -—
2410 799 2664 854 Nobilius
2703 808 2787 854 est
2833 798 3163 873 beneﬁcium
3207 805 3489 867 praastare,

1919 907 2086 962 quam
2122 893 2407 962 accipere;
2450 890 2916 961 expetibiliorque
2954 890 3112 944 lucro
3147 890 3494 960 eleemosyna

1919 989 2023 1036 est.

1990 1073 2221 1126 Praestat
2256 1068 2646 1126 innumerabili
2690 1071 2881 1126 sobole
2940 1054 3242 1126 liberorum
3284 1078 3496 1139 patrem

248 1172 283 1240 ἦ
320 1172 549 1241 μυρίους
584 1169 858 1239 στατῆρας
888 1167 1033 1237 ἒχειν
1061 1168 1119 1221 ἐν
1147 1166 1437 1237 βαλαντίῳ.
1468 1166 1549 1219 Τὰ
1581 1166 1680 1236 μὲν
1712 1165 1821 1236 γάρ

1927 1164 2174 1227 vocitari,
2202 1178 2365 1232 quam
2395 1176 2630 1217 numero
2658 1162 2977 1230 superiores
3005 1169 3235 1215 stateres
3267 1158 3321 1212 in
3350 1157 3499 1213 locu-

251 1263 514 1332 χρήματα
544 1259 894 1329 καταλείψεις
926 1257 1184 1323 ἐνταῦθα,
1215 1258 1313 1312 καὶ⁴
1344 1257 1419 1328 μὴ
1450 1257 1779 1327 βουλόμενος
1802 1273 1817 1286 ο

249 1356 349 1426 τὴν
373 1355 431 1409 δὲ
462 1355 555 1407 ἐπὶ
586 1357 700 1419 τοῖς
729 1353 958 1423 ἀγαθοῖς
988 1354 1169 1425 ἔργοις
1203 1352 1517 1423 φιλοτιμίαν
1550 1353 1822 1421 άποκομίυ

1921 1254 1991 1309 lis
2021 1254 2246 1308 habere.
2275 1253 2409 1307 Nam
2441 1253 2730 1324 pecunias,
2758 1253 2896 1306 velis
2928 1253 3095 1315 nolis,
3120 1266 3238 1305 mvo
3271 1251 3375 1304 hoc
3411 1267 3500 1303 re-

1923 1348 2142 1416 linques
2170 1361 2183 1398 :
2215 1343 2444 1416 gloriati:
2467 1360 2602 1399 vero
2629 1360 2695 1399 ac
2722 1343 3181 1425 magnificentiam
3207 1341 3365 1411 552
3398 1342 3498 1394 bo-

250 1425 366 1508 σεις
388 1444 526 1514 πρὸς
554 1444 645 1498 τὸν
674 1443 980 1514 Δεσπότην·
1013 1444 1144 1497 ὅταν
1191 1443 1364 1516 δῆμος
1399 1443 1519 1506 ὅλος
1574 1443 1671 1496 ἐπὶ
1720 1441 1816 1496 τοῦ

1927 1454 2121 1494 norum
2160 1425 2390 1507 operuin
2429 1436 2648 1492 deferes
2678 1435 2748 1490 ad
2785 1431 3111 1500 Domin’um;
3167 1441 3300 1487 tunc
3333 1434 3498 1485 nimi-

252 1536 439 1590 κοινοῦ
482 1536 687 1608 Κριτοῦ
724 1536 1090 1607 παριστάντες
1118 1553 1198 1601 σε,
1227 1536 1433 1606 τροφέα
1458 1535 1554 1588 καὶ
1602 1535 1824 1606 εὐεργέ-

1922 1547 2069 1597 rum,
2099 1547 2224 1587 cum
2256 1531 2437 1619 omnis
2470 1530 2769 1586 multitudo
2803 1529 2907 1619 sub
2941 1528 3254 1608 communis
3290 1522 3499 1581 Iudicis

250 1642 371 1692 την,
405 1624 503 1679 καὶ
534 1598 721 1679 ίπάντα
772 1598 842 1680 τά
885 1624 986 1694 τῆς
1027 1598 1437 1693 φιλανθρωπίας
1474 1598 1824 1698 ἀποκαλιῖισιν

1927 1624 2213 1694 praesentia
2260 1598 2604 1690 circtimfusi,
2642 1632 2699 1679 te
2730 1601 2981 1677 ciborum
3026 1621 3372 1687 aliorumque
3398 1619 3499 1671 bo—

248 1716 489 1786 όνόματα
510 1732 523 1747 ο
559 1716 691 1778 Θεὸς
731 1715 886 1771 ἐσται
918 1719 947 1770 ό
998 1716 1394 1786 ἀποδεχόμενος
1416 1734 1430 1746 ·
1457 1715 1684 1783 ἄγγελοι
1733 1716 1825 1768 εύ-

247 1807 594 1878 φημοῦντεςο
619 1809 669 1861 οἱ
698 1808 809 1862 άπὸ
834 1806 1067 1870 κτίσεως
1094 1808 1372 1879 ἄνθρωποι
1398 1808 1820 1879 μακαρίζοντες

1924 1730 2121 1769 norum
2150 1729 2402 1784 promum
2429 1715 2691 1781 condum,
2733 1724 2792 1770 et
2839 1727 3183 1784 quaecunque
3214 1725 3502 1780 propensae

1927 1804 2287 1859 humanitatis
2310 1803 2536 1858 nomina
2568 1814 2718 1868 sunt,
2744 1791 3184 1881 cdmpellabunt;
3208 1802 3355 1855 Deus
3382 1801 3502 1868 pla-

246 1899 379 1965 δόξα
414 1899 655 1965 αίὼνιος,
712 1900 967 1969 στέφανοι
1016 1900 1387 1971 δικαιοσύνης,
1436 1899 1684 1970 βασιλεία
1716 1898 1823 1953 τῶν

1928 1895 2050 1950 cide
2090 1894 2316 1949 habebit
2359 1910 2425 1949 ac
2460 1895 2748 1963 suscipiet,
2780 1895 2957 1963 angeli
2997 1895 3214 1948 cantico
3253 1894 3502 1947 celebra-

242 1990 492 2060 οὐρανῶν
520 1987 685 2055 ἆθλός
712 2008 796 2045 σοι
829 1991 1008 2046 ἔσται.

318 2255 762 2327 Σκορπιζόμενος
790 2258 820 2310 ό
853 2254 1106 2323 πλοῦτος,
1150 2258 1273 2313 καθ’
1308 2259 1367 2313 ὃν
1405 2260 1435 2312 ό
1472 2260 1677 2331 Κύριος
1702 2262 1826 2314 ἐπι-

240 2348 507 2402 τάττεται
535 2348 761 2420 τρόπον,
791 2348 1004 2419 πέφυκε
1029 2351 1372 2421 παραμένειν
1397 2367 1411 2381 ο
1463 2353 1825 2424 συνεχόμενος

239 2440 326 2502 δὲ,
354 2439 795 2511 ἁλλοτριοῦσθαι.
830 2441 957 2495 Ἐὰν
988 2441 1308 2509 φυλάσσεις,
1360 2425 1461 2497 ούκ
1514 2443 1693 2513 ἔχεις·
1729 2444 1826 2497 ἐὰν

238 2530 300 2585 δὲ
339 2532 683 2602 σκορπίσεις,
716 2532 820 2586 οὐκ
856 2532 1166 2597 άπολέσεις.
1202 2536 1626 2604 Ἐσκόρπισεν,
1644 2535 1828 2590 ἔδωκε

241 2622 374 2689 τοῖς
421 2622 667 2691 πένησι.

312 2805 500 2858 Καλὸν
528 2804 782 2875 ἐντάφιον
814 2806 851 2876 ἡ
880 2805 1162 2863 εὐσέϐεια.
1193 2806 1412 2871 Πάντας
1453 2807 1824 2878 περιϐαλόμε-

240 2908 335 2954 νος
370 2889 597 2944 ἇπελθε.
622 2893 839 2944 Οίκεῖον
868 2894 1077 2961 κόσμον
1097 2895 1191 2948 τδν
1215 2897 1443 2949 πλοῦτόν
1466 2914 1558 2950 σου
1578 2898 1822 2967 ποίησονο

240 2983 336 3052 ἔχε
372 2981 536 3035 αὐτὸν
573 2981 713 3052 μετὰ
737 2984 992 3038 σεαυτοῦ.
1029 2984 1291 3056 Πείσθητι
1321 2985 1505 3049 καλῶς
1533 2987 1827 3058 συμὸούλῳ

1928 1987 2087 2051 bunt,
2117 1986 2211 2055 qui
2246 2001 2278 2040 a
2310 1984 2503 2040 mundi
2539 1992 2666 2039 ortu
2695 1983 2964 2065 exstitere
2994 1982 3248 2035 homines
3283 1981 3502 2035 beatmn

1926 2078 2309 2149 praedicabunt
2340 2093 2355 2130 :
2385 2077 2612 2131 claritas
2638 2068 2865 2137 aeterna,
2890 2067 3121 2144 justitia:
3154 2087 3381 2135 corona,
3413 2086 3503 2125 re-

1925 2184 2093 2241 gnum
2117 2169 2407 2231 ccelorum,
2434 2179 2525 2223 tua
2553 2181 2772 2237 merces.
2793 2175 2962 2221 erunt
2985 2174 3042 2221 et
3064 2163 3308 2236 pueritia.

1995 2260 2210 2314 Divitias
2256 2260 2302 2313 si
2351 2258 2768 2328 dispergantur,
2825 2274 2934 2327 qua
2980 2258 3193 2311 ratione
3240 2259 3503 2312 Dominus

1926 2350 2258 2405 documento
2284 2349 2483 2414 tradit;
2496 2365 2562 2404 ex
2593 2349 2775 2404 indole
2801 2350 3004 2404 habent
3030 2357 3090 2403 ut
3114 2358 3499 2417 permaneant;

1926 2442 2013 2498 sin
2045 2450 2230 2497 autem
2262 2442 2675 2504 contineantur,
2707 2450 2769 2495 ut
2800 2441 2856 2495 in
2886 2441 3128 2495 alienum
3156 2442 3247 2510 jus
3277 2456 3340 2494 ac
3374 2457 3503 2510 pos-

1926 2533 2231 2593 sessionem
2277 2542 2585 2588 transeant.
2625 2532 2684 2587 Si
2732 2548 2952 2594 servas,
2988 2550 3097 2587 non
3144 2533 3407 2597 habebis;
3456 2533 3501 2587 si

1926 2623 2277 2693 disperseris,
2300 2637 2413 2677 non
2442 2623 2683 2678 amittes.
2709 2621 2997 2694 Dispersit,
3019 2622 3161 2676 dedit
3188 2622 3503 2693 pauperibus

1927 2712 2097 2784 (Psal.
2124 2728 2228 2775 CXI,
2253 2710 2331 2782 9).
3312 2719 3325 2737 ⁴

1996 2802 2295 2859 Pulchrum
2334 2802 2520 2865 funus,
2546 2802 2745 2873 pietas.
2777 2803 2881 2859 Ubi
2923 2804 3142 2858 cunctis
3180 2802 3502 2858 indumenta

1926 2892 2251 2961 praabueris,
2287 2891 2532 2946 discede.
2568 2892 2717 2947 Tuas
2744 2891 2848 2946 tibi
2873 2906 3009 2963 opes
3048 2901 3202 2946 tuum
3233 2891 3503 2946 mundum

1927 2982 2095 3036 facito
2129 2999 2141 3034 :
2178 2997 2304 3036 eum
2342 2982 2440 3035 tibi
2478 2982 2621 3037 habe
2657 2974 2940 3037 comitem.
2964 2982 3189 3045 Christi,
3214 2983 3308 3052 qui
3337 2991 3390 3038 te
3416 2982 3503 3037 di-

238 3073 322 3143 τῷ
360 3070 714 3143 ὰγαπήσαντί
756 3088 817 3124 σε
860 3071 1103 3143 Χριστῷ,
1152 3072 1230 3144 τῷ
1278 3073 1347 3127 δι’
1381 3075 1529 3146 ἡμᾶς
1576 3075 1824 3145 πτωχεύ-

1927 3072 2080 3138 lexit,
2105 3073 2338 3126 consilio
2374 3073 2633 3142 prteclare
2663 3070 2997 3143 obsequere";
3028 3074 3122 3143 qui
3150 3084 3378 3145 propter
3403 3090 3503 3131 nos

242 3181 430 3230 σαντι,
460 3164 529 3218 ἵν’
557 3165 722 3235 ἡμεῖς
750 3166 818 3235 τῇ
858 3164 1073 3217 ἐκείνου
1102 3165 1350 3235 πτωχείᾳ
1401 3166 1822 3235 πλουτήσωμεν.

1927 3178 2136 3233 egenus
2167 3164 2345 3219 factus
2376 3176 2482 3228 est,
2510 3174 2571 3219 ut
2600 3167 2721 3237 ejus
2755 3167 2860 3236 ipsi
2896 3166 3082 3237 inopia
3115 3168 3317 3224 divites
3348 3183 3502 3225 esse»-

312 3365 639 3430 Θεολότου.
667 3389 736 3401 -
782 3359 1181 3431 Ἐλεημοσύνη,
1231 3361 1265 3431 η
1321 3361 1505 3431 πάσης
1542 3362 1827 3443 άπηλλαγ-

240 3456 384 3527 μόνη
406 3454 621 3518 ἀδικίας
644 3452 833 3524 ’,αὓτη
865 3451 1042 3506 πάντα
1065 3452 1285 3522 καθαρὰ
1316 3456 1483 3507 ποιεῖ.
1522 3453 1695 3507 Τοῦτο
1731 3455 1828 3508 καὶ

235 3546 504 3618 νηστείας
558 3544 767 3615 βέλτιον
799 3544 895 3599 καὶ
948 3543 1250 3614 χαμευνίας
1276 3560 1290 3575 ο
1347 3544 1596 3613 καίτοιγε
1644 3532 1829 3599 ἐκεῖνα

239 3636 634 3708 μοχθηρότερα
686 3636 782 3690 καὶ
837 3634 1239 3706 ἐπιπονώτερα,
1284 3634 1403 3688 ἀλλ’
1440 3636 1581 3706 αὓτη
1628 3636 1825 3707 κερδα-

236 3730 516 3800 λεωτέρα,
574 3725 836 3799 χρωτίζει
906 3726 1106 3799 ψυχὴν,
1165 3726 1439 3792 λεπτύνει,
1508 3728 1678 3799 καλὴν
1729 3729 1826 3782 καὶ

234 3821 459 3893 ὡραίαν
498 3821 661 3874 ποιεῖ.

329 4020 546 4072 Ἐκεῖνα
582 4016 721 4086 μόνα
772 4016 1135 4088 κερδήσομεν,
1166 4016 1268 4070 ὅσα
1317 4015 1385 4070 ἂν
1428 4018 1546 4071 ἐκεῖ
1579 4018 1827 4088 προπέμο

229 4111 463 4179 ψωμεν.
506 4107 723 4160 Ἐκεῖνα
746 4106 884 4175 μόνα
913 4105 1064 4158 ἐστὶν
1091 4105 1362 4177 ἡμέτερα,
1393 4107 1494 4159 ὅσα
1526 4107 1624 4177 τῆς
1649 4108 1826 4179 ψυχῆς

226 4205 364 4255 ἐστι
397 4197 832 4269 κατορθώματα,
887 4196 1227 4268 ἐλεημοσύνη
1275 4199 1373 4251 καὶ
1401 4198 1785 4269 φιλανθρωπία
1808 4215 1821 4230 ·

226 4294 307 4347 οὐ
340 4291 455 4360 γάρ
484 4289 712 4343 δυνατὸν
740 4289 1000 4361 χρήματα
1023 4287 1263 4342 λαϐόντα
1285 4288 1547 4342 ἀπελθεῖν
1574 4305 1587 4317 ·
1625 4289 1826 4358 μᾶλλον

220 4382 296 4436 δὲ
352 4381 453 4434 καὶ
495 4377 912 4449 προπέμψωμεν
951 4379 1111 4442 αὐτὰ,
1156 4376 1299 4431 ὥστε
1341 4378 1631 4449 ἑτοιμάσαι
1678 4379 1808 4449 ἡμῖν

223 4472 457 4544 σκηνὴν
492 4472 555 4524 ἐν
573 4471 693 4533 ταῖς
720 4469 968 4532 αἰωνίαις
1002 4470 1213 4539 μοναῖς.

327 4672 741 4744 Ἕλεημοσύνης
790 4672 980 4743 χωρὶς,
1043 4673 1295 4745 ἄκαρπος
1350 4675 1384 4744 ἡ
1439 4674 1608 4745 ψυχή.
1642 4674 1826 4728 Πάντα

212 4767 544 4837 ἀκάθαρτα
590 4764 798 4833 ταύτης
848 4764 1041 4834 χωρὶς,
1110 4765 1289 4819 πάντα
1343 4765 1600 4834 ἀνόνητα.
1655 4763 1827 4817 Τοῦτό

211 4851 458 4926 ὲστινῷ
488 4855 803 4923 ἐξισοῦσθαι
834 4856 1114 4926 δυνάμεθα
1144 4856 1223 4927 τῷ
1264 4856 1403 4927 Θεῷ,
1441 4855 1503 4910 τό
1531 4858 1701 4909 ἐλεεῖν
1732 4856 1827 4910 καὶ

207 4950 564 5019 οἰκτείρειν.
593 4948 763 5002 ὀταν
784 4942 879 5001 οὖν
907 4947 1065 5002 τοῦτο
1100 4948 1176 5018 μὴ
1222 4947 1456 5018 ἔχωμεν,
1487 4948 1582 5002 τοῦ
1616 4949 1819 5013 παντὸς

1858 4534 1901 4588 D

1928 3268 2050 3307 mus
2076 3253 2141 3323 (ll
2167 3252 2295 3308 Cor.
2317 3270 2431 3318 vnt,
2454 3254 2532 3325 9).

1997 3367 2259 3437 Theologi.
2289 3398 2363 3410 —
2393 3342 2758 3441 Eleemosyna’
2783 3370 2864 3439 ab
2905 3372 3053 3426 omni
3092 3371 3353 3427 immunis
3393 3371 3504 3426 ini.

1927 3458 2139 3528 quitate
2169 3469 2367 3515 cuncta
2397 3460 2601 3515 munda
2629 3462 2778 3516 facit.
2807 3462 2933 3517 Ηαιο
2961 3472 3017 3518 et
3041 3463 3251 3534 jejunio
3275 3472 3332 3519 et
3356 3463 3504 3518 nuda

1928 3544 2097 3603 humo
2132 3550 2429 3607 cubatione
2468 3543 2818 3625 ιιι-ωειθῇιίον
2850 3564 2963 3621 est;
3005 3570 3073 3611 ac
3111 3556 3240 3611 licet
3273 3555 3365 3610 illa
3396 3555 3501 3609 du-

1928 3642 2093 3697 rioris
2149 3644 2259 3698 sint
2310 3645 2615 3716 disciplina:
2670 3649 3047 3718 majoremque
3101 3649 3349 3711 laborem
3400 3648 3500 3702 ha-

1928 3735 2111 3800 beant,
2140 3738 2312 3806 major
2338 3747 2519 3793 tamen
2552 3740 2913 3811 eleemosynte
2943 3741 3155 3795 utilitas
3188 3749 3300 3803 est;
3336 3739 3503 3792 nimi-

1928 3840 2050 3878 rum
2085 3826 2271 3879 colore
2305 3826 2550 3880 animum
2590 3827 2810 3893 imbuit,
2847 3828 3107 3884 subtilem
3141 3828 3343 3891 reddit,
3376 3828 3502 3896 pul-

1926 3916 1992 3972 ch
2002 3932 2122 3970 rum
2155 3933 2217 3970 ac
2242 3917 2541 3971 formosum
2566 3919 2717 3974 facit.
3116 3906 3124 3920 ’

1995 4030 2091 4084 llla
2143 4030 2411 4085 duntaxat
2461 4032 2614 4085 lucro
2662 4032 3109 4102 reportabimus,
3158 4045 3504 4101 quaecunque

1927 4120 2057 4175 illuc
2116 4119 2569 4191 prazmiserimus.
2623 4123 2721 4177 Illa
2780 4123 3049 4178 duntaxat
3100 4132 3291 4177 nostra
3343 4131 3502 4184 sunt,

1926 4227 2271 4282 quaecunque
2324 4214 2492 4268 animi
2543 4214 2778 4296 virtutes
2829 4221 2959 4271 sunt
3011 4230 3076 4269 ac
3130 4224 3280 4269 recte
3331 4194 3503 4275 facta,

1925 4304 2274 4374 eleemosyna
2301 4305 2515 4360 scilicet
2540 4314 2598 4360 et
2623 4305 2960 4360 humanitas.
2988 4305 3179 4375 Neque
3206 4306 3354 4360 enim
3387 4304 3505 4359 ﬁeri

1926 4403 2108 4464 potest
2137 4404 2200 4450 ut
2224 4396 2460 4465 sumptis
2491 4397 2696 4466 opibus
2728 4398 2936 4452 mundo
2967 4399 3221 4454 excedas.
3246 4397 3509 4465 Quinimo

1927 4486 2092 4540 etiam
2118 4485 2215 4540 has
2236 4487 2654 4555 praemittamus,
2677 4496 2741 4542 ut
2762 4488 2829 4543 iis
2852 4489 3015 4544 nobis
3039 4491 3093 4544 in
3117 4477 3342 4549 aztérnis
3363 4489 3508 4542 sedi-

1929 4574 2034 4629 bus
2060 4575 2475 4631 tabernaculum
2498 4593 2779 4648 paremus.

1996 4690 2147 4744 Citra
2184 4693 2589 4762 eleemosynam
2624 4692 2969 4750 infructuosa
3004 4694 3185 4749 anima
3221 4701 3308 4748 est
3340 4711 3353 4746 :
3390 4693 3511 4746 sine

1929 4781 2041 4843 illa,
2068 4789 2265 4836 cuncta
2291 4782 2604 4849 immunda,
2638 4785 2849 4841 nullius
2874 4787 3048 4856 frugis
3071 4786 3327 4840 universa
3358 4794 3508 4838 sunt.

1927 4872 2003 4926 Ea
2034 4888 2121 4926 res
2143 4879 2248 4937 est,
2276 4889 2387 4942 qua
2409 4874 2523 4928 Deo
2547 4876 2757 4943 aequari
2782 4878 2934 4941 licet,
2961 4888 3022 4931 ut
3050 4892 3248 4946 nempe
3275 4876 3515 4929 eleemo-

1927 4963 2076 5033 synis
2092 4965 2412 5021 studeamus
2435 4980 2497 5019 ac
2522 4966 2879 5020 miseratione
2903 4968 3139 5034 imponsi
3171 4967 3363 5019 simus.
3393 4964 3511 5019 Non

205 5037 697 5109 ἀπεστερήμεθα.
735 5040 850 5093 Οὐκ
880 5033 1058 5101 εἶπεν,
1101 5039 1229 5091 Ἐὰν
1279 5041 1613 5111 πιστεύσητε
1647 5040 1826 5111 ὅμοιοί

204 5137 370 5189 ἐστε
408 5130 493 5199 τῷ
522 5130 698 5202 Πατρὶ
734 5130 910 5200 ὑμῶν.
966 5130 1080 5185 Ούκ
1136 5126 1310 5196 εἶπεν,
1346 5131 1472 5186 Ἐὰν
1518 5132 1825 5203 παρθενεύ-

206 5240 376 5293 σητε
402 5240 417 5253 ο
454 5221 593 5274 ἀλλὰ
619 5222 673 5274 τί
697 5238 713 5288 ;
747 5224 1005 5276 Γίνεσθε
1036 5224 1428 5293 οἰκτίρμονες,
1451 5223 1532 5289 ὡς
1565 5226 1598 5277 ὀ
1625 5222 1825 5291 Πατὴρ

204 5314 416 5385 ὑμῶν
446 5314 481 5366 ὁ
518 5311 591 5365 ἐν
614 5312 738 5379 τοῖς
758 5311 1283 5381 οὐρανοῖς.Ἕλεον
1312 5311 1444 5383 γὰρ,
1470 5312 1627 5382 φησι,
1651 5311 1822 5377 θέλω,

203 5404 335 5461 καὶ
374 5405 453 5458 οὐ
480 5405 725 5458 θυσίαν.

278 5511 415 5569 Ὠν
446 5515 749 5586 βουλόμεθα
768 5520 953 5589 τυχεῖν
978 5517 1130 5589 παρὰ
1156 5516 1252 5571 τοῦ
1282 5517 1442 5581 Θεοῦ,
1465 5517 1669 5570 τούτων
1696 5517 1827 5586 πρό-

200 5626 397 5683 τεροι
432 5608 781 5677 μεταδιδόναι
830 5612 945 5673 τοῖς
990 5609 1221 5681 πλησίον
1264 5609 1572 5681 ὀφείλομεν,
1626 5610 1723 5661 Ἂν
1772 5607 1828 5661 δὲ

207 5704 369 5766 τοὺς
411 5700 646 5769 πλησίον
674 5700 879 5754 τούτων
912 5703 1331 5773 άποστερῶμεν,
1360 5701 1477 5765 πῶς
1502 5700 1706 5753 τούτοιν
1739 5716 1828 5753 τυ-

211 5800 355 5869 χεῖν
394 5792 724 5864 βουλόμεθα.
780 5793 1091 5863 Μακάριίι,
1135 5795 1320 5866 φησιν,
1380 5800 1429 5851 ci
1482 5793 1823 5864 ἐλεήμονες,

1927 5053 2063 5108 dixit
2100 5070 2113 5106 :
2149 5054 2206 5107 Si
2232 5055 2633 5124 jejunaveritis,
2673 5053 2886 5109 similes
2918 5056 3075 5109 eritis
3108 5057 3286 5109 Patris
3317 5056 3512 5109 vestri.

1925 5145 2044 5199 Non
2079 5143 2222 5197 dixit
2256 5160 2272 5196 :
2311 5142 2368 5198 Si
2402 5142 2780 5213 virginitatem
2805 5144 3118 5209 colueritis;
3147 5145 3240 5198 sed
3293 5163 3305 5197 :
3339 5145 3516 5198 Estote

1928 5237 2322 5300 misericordes,
2365 5237 2499 5289 sicut
2548 5234 2714 5289 Pater
2759 5244 2928 5290 vester
2968 5235 3186 5289 curiatis
3218 5236 3514 5289 misericors

1926 5332 2001 5377 est
2032 5324 2169 5395 (Luc
2192 5341 2264 5389 γι,
2291 5324 2405 5393 36).
2439 5322 2866 5379 Misericordiam
2912 5323 3083 5387 enim,
3126 5322 3353 5392 inquit,.
3374 5322 3513 5387 volo,

1927 5424 1976 5468 et
2000 5433 2102 5469 non
2125 5414 2444 5483 sacriﬁcium
2472 5414 2638 5485 (Osee
2660 5433 2733 5480 vt,
2767 5416 2828 5480 6;
2858 5414 3048 5468 Matth.
3078 5429 3150 5475 lx,
3179 5414 3286 5480 l3).

1997 5526 2129 5592 Quae
2158 5542 2186 5579 a
2213 5527 2328 5580 Deo
2354 5529 2627 5598 consequi
2652 5529 2929 5589 volumus,
2956 5526 3073 5580 haec
3098 5527 3258 5595 prius
3288 5540 3515 5582 necesse

1927 5626 2013 5672 est
2047 5624 2107 5670 ut
2138 5615 2405 5685 proximis
2443 5616 2852 5687 impendamus.
2879 5614 2976 5669 Sin
3015 5621 3195 5667 autem
3238 5611 3518 5681 proximos

1932 5709 2037 5763 illis
2075 5723 2262 5761 carere
2308 5706 2466 5777 553
2514 5709 2824 5773 siveritnus,
2858 5704 3136 5776 quomodo
3176 5703 3291 5758 haec
3333 5718 3362 5757 a
3406 5702 3518 5757 Deo

1931 5785 2190 5867 conchui
2228 5798 2526 5854 volumus!
2555 5796 2728 5865 Beati,
2762 5796 2958 5867 inquit,
2990 5793 3366 5857 misericordes,
3394 5806 3508 5861 quia
