4216 6438
214 406 322 471 τ69

1526 400 1691 459 LOCI
1730 402 1938 460 COMM
1948 400 2164 461 UNES.

3344 408 3450 470 770

213 520 504 575 ἐλλείπειν.
542 516 615 571 οὐ
647 516 755 586 γὰρ
783 516 812 568 ὁ
849 514 924 585 μὴ
951 513 1219 582 δυνηθεὶς,
1274 512 1388 565 ἀλλ’
1418 514 1445 566 ὁ
1481 514 1555 585 μὴ
1588 515 1780 585 βουλη-

1884 529 2112 583 prorsus
2153 523 2431 583 prmstare.
2460 513 2577 566 Non
2618 514 2767 568 enim
2809 514 2899 568 ille
2941 517 2993 567 in
3034 517 3191 586 culpa
3230 531 3335 586 est,
3359 525 3455 592 qui

218 610 331 671 θεὶς
360 607 634 667 ὑπαίτιος.

279 696 444 751 Γενοῦ
483 696 559 767 τῷ
592 696 823 767 πλησίον
881 693 1231 765 τιμιώτερος,
1282 695 1346 747 ἐκ
1401 694 1498 745 τοῦ
1546 695 1783 763 φανῆναι

212 788 593 860 χρηστότερος.
637 787 803 841 Γενοῦ
848 786 927 858 τῷ
979 785 1265 857 ἀτυχοῦντι
1321 786 1462 852 θεὸς,
1499 786 1589 839 τὸν
1632 787 1782 840 ἔλεον

209 878 307 934 τοῦ
335 880 473 934 Θεοῦ
506 881 871 951 μιμούμενος.

283 972 730 1043 Συμμετρεῖσθαι
786 970 869 1022 δεῖ
909 968 986 1039 τῷ
1032 968 1342 1038 αἰτουμένῳ
1393 968 1492 1038 τὴν
1542 970 1779 1039 αἴτησιν.

219 1067 458 1137 ὐμοίως
508 1064 617 1135 γάρ
668 1062 867 1115 ἄτοπον
899 1062 1051 1131 παρά
1094 1061 1291 1131 μικροῦ
1328 1061 1543 1130 μεγάλα
1578 1061 1782 1129 ζητεῖν,

210 1156 306 1208 καί
333 1153 485 1225 παρὰ
509 1150 746 1223 μεγάλου
768 1150 961 1221 μικρά.
992 1150 1065 1203 Τὸ
1089 1149 1186 1220 μὲν
1209 1149 1318 1220 γὰρ
1340 1151 1598 1220 ἄκαιρον·
1625 1152 1686 1202 τὸ
1705 1150 1781 1216 δὲ,

212 1245 602 1317 σμικρολόγον.
1673 1312 1683 1326 ,

281 1340 585 1405 Χρυσοστ.
618 1365 689 1375 --
726 1334 900 1387 Ὅταν
933 1330 1233 1403 διαθρέψῃς
1261 1331 1355 1383 τὸν
1388 1331 1620 1399 πένητα,
1656 1347 1785 1383 σαυ-

208 1430 309 1484 τὸν
340 1429 528 1499 νόμιζε
556 1428 888 1496 διατρέφειν.
925 1426 1163 1495 Τοιαύτη
1192 1426 1300 1495 γὰρ
1328 1427 1361 1494 ὴ
1396 1424 1489 1476 τοῦ
1521 1424 1786 1493 πράγμα-

212 1536 308 1583 τος
339 1518 525 1586 φύσις,
566 1518 628 1583 ἐξ
656 1518 817 1589 ἡμῶν
850 1519 932 1581 είς
988 1519 1133 1587 ἡμᾶς
1170 1518 1479 1587 μεταχωρεῖ
1528 1515 1599 1567 τὰ
1649 1515 1787 1568 διδό-

432 1696 762 1769 φοόηθῶμεν
816 1696 1105 1764 δικαστὴν,
1145 1696 1252 1765 πρὸ
1288 1693 1382 1747 τοῦ
1433 1693 1785 1764 δικαστηρίου

208 1794 311 1860 τὴν
347 1794 505 1862 χεῖρα
560 1788 936 1861 προτείνοντα.
1000 1789 1093 1858 Μὴ
1143 1786 1473 1857 φοϐηθῶμεν
1524 1785 1787 1856 δικαστὴν

210 1884 316 1937 οὐκ
354 1880 695 1952 ἀρνούμενον
727 1881 790 1933 τὸ
820 1879 1027 1934 λαϐεῖν.

284 1973 494 2044 Πολλῆς
517 1973 765 2041 ἀλογίας,
792 1971 961 2042 ἀγρὸν
980 1970 1080 2053 μέν
1104 1969 1425 2041 βουλόμενον
1447 1968 1786 2041 ὠνήσασθαι,

207 2066 310 2137 τὴν
339 2064 574 2137 εὔφορον
624 2065 728 2135 γῆν
778 2062 1090 2130 ἐπιζητεῖν·
1157 2061 1389 2132 οὐρανοῦ
1422 2061 1482 2114 δὲ
1534 2062 1655 2115 ἀντί
1684 2060 1789 2128 γῆς

118 2142 121 2149 ’
208 2154 603 2226 προκειμένου,
639 2156 815 2224 παρὸν
843 2152 962 2204 ἐκεῖ
996 2150 1308 2220 κτήσασθαι
1334 2151 1556 2221 χωρίον,
1601 2150 1789 2220 μένειν

206 2248 305 2302 ἐπὶ
327 2247 427 2317 τῆς
466 2246 590 2316 γῆς,
615 2245 713 2297 καὶ
742 2242 852 2296 τῶν
887 2244 953 2296 ὲκ
982 2241 1190 2311 ταύτης
1227 2242 1522 2311 ἀνέχεσθαι
1550 2242 1748 2296 πόνων.

279 2339 468 2405 Γρηγ.
512 2336 790 2401 Νύσσης.
817 2364 887 2374 --
938 2333 997 2387 Ὀ
1059 2332 1261 2404 πτωχῷ
1298 2334 1657 2403 κοινωνήσας,
1707 2335 1788 2397 εἰς

207 2430 307 2499 τὴν
341 2427 534 2499 μερίδα
561 2425 657 2479 τοῦ
693 2425 761 2479 δι’
788 2427 939 2496 ἡμᾶς
970 2424 1385 2495 πτωχεύσαντος
1404 2425 1597 2479 ἑαυτὸν
1618 2441 1788 2478 κατα-

208 2521 423 2588 στήσει.

279 2608 527 2663 Νείλου.
545 2637 613 2648 ——
646 2605 916 2676 Καθάπερ
948 2603 1080 2659 ίδιόν
1104 2606 1221 2657 ἐστι
1249 2603 1343 2657 τοῦ
1376 2605 1553 2674 φωτὸς
1582 2605 1645 2659 τὸ
1670 2622 1785 2673 φω-

205 2698 406 2764 τίζειν,
437 2697 614 2761 οὕτως
646 2698 777 2752 ίδιον
816 2696 955 2752 Θεοῦ
988 2697 1052 2751 τὸ
1081 2696 1250 2750 ἐλεεῖν
1281 2697 1374 2751 καὶ
1397 2697 1687 2768 οἰκτείρειν
1716 2697 1784 2750 τά

207 2792 390 2844 οἰκεῖα
416 2789 736 2859 πλάσματα.

284 2883 398 2938 Τοῦ
454 2883 629 2951 ἁγίου
680 2881 1003 2951 [εἰρηναίου
1050 2879 1122 2933 ἐκ
1169 2879 1283 2948 τῆς
1340 2880 1491 2948 πρὸς
1520 2878 1786 2945 Βίκτωρα

204 2970 563 3038 ἐπιστολῆς.
594 2976 766 3024 -Ἑν
888 2974 953 3024 ἄν
989 2989 1073 3032 τις
1103 2972 1321 3024 δύναιτο
1367 2968 1427 3024 εὖ
1474 2974 1647 3025 ποιεῖν
1674 2974 1786 3033 τοῖς

207 3061 463 3132 πλησίον,
515 3061 609 3115 καὶ
635 3061 696 3113 οὐ
745 3062 909 3124 ποιεῖ,
960 3058 1257 3130 ἀλλότριος
1288 3059 1389 3130 τῆς
1439 3062 1659 3130 ἀγάπης
1689 3060 1784 3114 τοῦ

208 3152 420 3223 Κυρίου
454 3150 866 3222 νομισθήσεται.

280 3245 568 3308 Φίλωνος.
595 3274 665 3283 -
702 3242 956 3305 Τοιοῦτος
984 3242 1134 3311 γίνου
1169 3244 1299 3313 περί
1332 3242 1459 3305 τοὺς
1483 3240 1608 3304 σοὺς
1633 3240 1778 3294 οἰκέ-

205 3351 331 3400 τας,
363 3329 475 3388 οἷον
499 3333 632 3405 εὔχῃ
662 3335 745 3387 σοὶ
766 3333 856 3385 τδν
884 3332 1019 3386 Θεὸν
1045 3331 1321 3399 γενέσθαι.
1338 3333 1425 3393 Ὠς
1452 3332 1562 3401 γάρ
1588 3332 1772 3384 ἀκούοι

208 3445 336 3499 μεν,
361 3424 814 3495 ἀκουσθησόμεθα
848 3425 954 3477 ὑπὸ
987 3424 1082 3478 τοῦ
1114 3422 1250 3477 Θεοῦ
1269 3440 1282 3453 ·
1324 3423 1416 3476 καί
1442 3422 1519 3486 ὡς
1542 3422 1777 3493 ὁρῶμεν,

204 3517 597 3589 ὀραθησόμεθα
665 3516 755 3569 ὑπ’
818 3514 1006 3569 αὐτοῦ.
1070 3516 1504 3586 Προενέγκωμεν
1548 3511 1642 3568 οὖν
1685 3516 1779 3567 τοῦ

206 3612 364 3663 ἐλέου
393 3610 481 3663 τὸν
518 3608 664 3661 ἔλεον
691 3607 786 3679 (b),
821 3607 909 3659 ἵνα
945 3606 1025 3676 τῷ
1065 3608 1236 3678 ὁμοίῳ
1260 3607 1322 3660 τὸ
1356 3608 1781 3676 ὅμοιον-ἀντιλά-

214 3704 299 3756 ϐω
306 3717 421 3771 μεν.

279 3792 544 3859 Δημοσθ.
571 3819 640 3830 -—
676 3788 898 3842 Δίκαιόν
921 3790 1070 3842 ἐστιν
1100 3788 1267 3842 ἐλεεῖν
1286 3826 1301 3850 ,
1328 3788 1389 3841 οὐ
1418 3788 1545 3850 τοὺς
1567 3789 1779 3852 ἀδίκους

204 3881 321 3936 τῶν
359 3879 699 3950 ἀνθρώπων,
748 3881 885 3934 ἀλλά
929 3881 1056 3943 τοὺς
1089 3879 1241 3949 παρὰ
1274 3878 1431 3947 λόγον
1458 3879 1780 3951 δυστυχοῦν-

205 3990 330 4036 τας.

279 4063 486 4117 Βίαντ.
508 4092 580 4101 -
597 4061 725 4122 Βίας
751 4061 968 4130 θανάτῳ
995 4059 1202 4130 μέλλων
1231 4058 1614 4124 καταδικάζειν
1637 4059 1777 4125 τινὰ,

206 4155 533 4224 ἐδάκρυσεν.
570 4151 831 4215 Εἰπόντος
873 4152 930 4204 δέ
953 4169 1118 4217 τινος,
1149 4150 1213 4204 Τί
1246 4150 1455 4216 παθὼν,
1486 4151 1651 4214 αὐτὸς
1681 4168 1780 4206 κα·-

205 4245 517 4310 ταδικάζων
552 4244 796 4309 κλαίεις;
842 4238 1017 4297 εἶπεν·
1046 4244 1169 4298 Ὅτι
1208 4243 1505 4312 ἀναγκαῖόν
1535 4243 1672 4311 ἐστι,
1712 4245 1778 4315 τῇ

211 4338 314 4410 μὲν
353 4338 516 4404 φύσει
551 4336 611 4390 τὸ
643 4334 926 4407 συμπαθὲς
959 4334 1271 4402 ἀποδοῦναι,
1299 4334 1379 4405 τῷ
1403 4336 1461 4392 δὲ
1504 4336 1652 4408 νόμῳ
1683 4336 1781 4408 τὴν

204 4431 407 4501 ψῆφονι

1885 620 1995 658 non
2026 606 2218 668 valuit,
2249 605 2343 658 sed
2375 605 2467 673 qui
2501 605 2696 657 noluit.

1955 695 2087 748 Esto
2131 695 2383 764 proximo
2426 694 2768 760 honoratior,
2803 710 2869 748 ex
2918 710 2986 749 eo
3027 698 3171 765 quod
3218 699 3458 754 videaris

1886 787 2194 857 benignior.
2222 786 2354 840 Esto
2380 784 2479 845 illi,
2501 786 2593 853 qui
2622 785 2870 840 adversis
2898 785 3269 854 conﬂictatur,
3295 790 3453 854 deus,

1885 877 1979 931 Dei
2012 877 2787 943 misericordipmxarmnlatus.

1960 970 2037 1022 Ad
2068 970 2337 1023 rationem
2363 967 2483 1036 ejus
2510 982 2540 1020 a
2563 982 2672 1037 quo
2699 968 2925 1036 petitur,
2954 968 3291 1025 moderanda
3317 972 3460 1040 peti-

1887 1058 1965 1112 tio
2001 1068 2105 1113 est.
2132 1058 2307 1128 Aique
2338 1058 2488 1112 enim
2528 1058 2827 1112 absurdum
2867 1068 2952 1113 est
2986 1075 3016 1113 a
3057 1075 3226 1129 parvo
3264 1077 3459 1130 magna

1887 1168 2153 1221 quaerere,
2176 1161 2340 1220 atque
2366 1167 2396 1204 a
2422 1166 2619 1221 magno
2640 1166 2827 1220 parva.
2851 1153 2989 1206 Illud
3013 1156 3160 1208 enim
3191 1155 3461 1227 intempe-

1887 1244 2088 1298 stivum
2106 1284 2119 1307 _.
2153 1244 2256 1295 hoc
2281 1257 2409 1296 vero
2435 1241 2721 1296 sordidum
2751 1241 2937 1296 fuerit.

1957 1334 2222 1406 Chrysost.
2249 1365 2319 1373 —
2353 1316 2487 1387 cum
2532 1348 2832 1404 pauperem
2870 1334 3072 1404 pascis,
3106 1336 3344 1406 teipsum
3384 1337 3458 1391 ali

1886 1427 2222 1482 existimato.
2253 1425 2402 1479 Talis
2436 1425 2583 1479 enim
2626 1436 2710 1480 est
2750 1426 2914 1495 hujus
2955 1426 3030 1479 rei
3072 1436 3292 1491 natura,
3329 1439 3459 1482 uta

1886 1518 2049 1572 nobis
2086 1517 2143 1570 in
2184 1530 2288 1571 nos
2331 1523 2612 1571 transeant
2645 1532 2711 1571 ae
2746 1517 3088 1583 redundent,
3124 1534 3247 1588 qua:
3288 1518 3457 1574 dede—

1888 1609 2079 1661 rimus.

1958 1696 2107 1751 Nihil
2135 1697 2378 1767 judicem
2403 1709 2738 1763 metuamus,
2762 1700 2855 1769 qui
2886 1707 3014 1754 ante
3041 1699 3308 1769 judicium
3334 1715 3463 1770 por-

1890 1786 2017 1857 rigit
2038 1802 2260 1841 manum
2288 1805 2301 1841 :
2325 1790 2463 1843 nihil
2481 1790 2722 1859 judicem
2746 1799 3077 1857 metuamus,
3095 1791 3191 1861 qui
3212 1792 3463 1862 accipere

1890 1894 2000 1932 nou
2031 1886 2270 1933 recusat.
2314 1876 2315 1879 “

1958 1969 2124 2024 Valde
2176 1985 2207 2024 a
2256 1970 2468 2025 ratione
2514 1970 2754 2025 alienum
2798 1981 2915 2035 est,
2957 1986 3085 2025 eum
3128 1974 3223 2041 qui
3271 1989 3463 2042 agrum

1888 2075 2073 2116 emere
2110 2063 2264 2128 velit,
2302 2077 2492 2132 agrum
2541 2062 2777 2117 feracem
2823 2064 3106 2132 requirere
3156 2081 3170 2116 :
3213 2066 3463 2134 cceloque

1888 2150 2006 2205 vice
2042 2159 2204 2206 terra:
2234 2153 2543 2223 pr0posito,
2567 2169 2690 2208 eum
2726 2154 2781 2207 in
2816 2169 2882 2208 eo
2916 2170 3105 2224 agrum
3144 2170 3465 2224 comparare

1886 2242 2069 2307 liceat,
2097 2244 2154 2297 in
2185 2253 2332 2300 terra
2361 2260 2586 2300 manere
2613 2261 2677 2300 ac
2703 2246 2822 2315 ejus
2851 2246 3070 2301 labores
3094 2246 3392 2303 sustinere.

1958 2335 2114 2406 Greg.
2139 2336 2293 2407 Nysa.
2315 2366 2386 2377 --
2406 2336 2511 2403 Qui
2537 2353 2709 2406 egeno
2732 2340 3121 2403 communicat,
3146 2340 3203 2394 in
3226 2341 3347 2411 ejus
3369 2341 3465 2410 qui

1888 2435 2117 2493 propter
2166 2441 2271 2480 nos
2292 2441 2500 2497 egenus
2528 2427 2703 2484 factus
2758 2428 2930 2499 cst’(ll
2954 2428 3081 2483 Cor.
3106 2446 3216 2497 vm,
3239 2430 3317 2500 9),
3340 2446 3465 2487 sese

1888 2523 2101 2584 partem
2129 2517 2381 2572 collocat;

1956 2606 2087 2661 Nili.
2109 2638 2179 2648 —
2201 2609 2272 2665 Ut
2298 2610 2435 2665 lucis
2460 2610 2747 2681 proprium
2776 2621 2861 2667 est
2891 2610 3233 2679 illuminare;
3259 2612 3339 2668 sic
3364 2612 3463 2669 Dei

1887 2697 2177 2767 proprium
2207 2709 2295 2755 est
2318 2715 2546 2755 suorum
2576 2715 2807 2772 operum
2837 2702 3110 2758 misereri.

1955 2876 2014 2931 S.
2044 2876 2238 2931 Irenwi
2268 2893 2331 2931 ex
2363 2880 2513 2948 epist.
2548 2880 2619 2934 ad
2650 2880 2924 2935 Victorem.
2954 2911 3022 2923 -—
3053 2880 3312 2948 Quanditt
3338 2884 3465 2953 quis

1888 2969 1944 3023 in
1972 2970 2232 3025 facultate
2262 2970 2429 3024 habet
2453 2980 2513 3026 ut
2537 2973 2800 3042 proximis
2828 2973 3163 3037 benefaciat,
3186 2986 3289 3028 nec
3312 2973 3461 3040 facit,

1885 3059 2101 3113 alienus
2131 3076 2158 3113 a
2190 3061 2407 3115 Domini
2432 3062 2727 3117 dilectione
2750 3063 3137 3118 azstimahitur.

1959 3235 2216 3289 Philonis.
2246 3267 2315 3277 —-
2336 3238 2519 3292 Talem
2554 3249 2606 3294 te
2633 3239 2850 3295 famulis
2878 3241 2987 3296 tuis
3011 3228 3215 3312 pmbe,
3242 3248 3462 3315 qualem

1889 3325 1987 3378 tibi
2029 3327 2198 3379 Deum
2239 3336 2415 3396 optas.
2442 3329 2512 3383 Ut
2550 3331 2697 3383 enim
2740 3332 3018 3396 audimus,
3046 3349 3076 3387 a
3118 3335 3229 3388 Deo
3268 3337 3462 3391 audie-

1886 3432 2042 3481 mur;
2074 3426 2130 3470 et
2159 3426 2221 3471 ut
2251 3419 2519 3483 videmus,
2546 3420 2771 3475 videndi
2807 3422 2876 3476 ab
2908 3438 2977 3477 eo
3007 3439 3217 3480 sumus.
3245 3427 3461 3482 Miseri-

1887 3509 2131 3563 cordiam
2180 3510 2344 3578 igitur
2392 3510 2786 3581 misericordia:
2828 3530 3219 3586 praerogemus,
3257 3530 3318 3574 ut
3358 3536 3461 3590 pro

1886 3600 2051 3654 simili
2080 3600 2240 3669 555
2270 3602 2447 3657 simile
2475 3604 2825 3673 recipiamus.

1955 3794 2225 3850 Demosth.
2254 3827 2323 3836 -—
2345 3797 2581 3868 Equum
2617 3808 2776 3855 estut
2801 3803 3183 3872 misereamur,
3209 3822 3318 3863 non
3352 3809 3460 3865 iui-

1885 3903 2116 3957 quorum
2151 3889 2435 3942 hominum
2462 3905 2524 3943 ac
2559 3888 2955 3960 i'mprohorum,
2990 3899 3084 3951 sed
3132 3914 3328 3955 eorum
3364 3906 3460 3973 qui

1888 3979 2039 4032 nullo
2069 3994 2171 4032 suo
2201 3988 2356 4033 reatu
2374 3996 2438 4035 ac
2460 3980 2719 4037 immeriti
2746 3985 2799 4039 in
2830 3986 2987 4042 malis
3014 4002 3323 4048 versantur.

1963 4066 2187 4131 Biantis.
2213 4099 2281 4108 ——
2304 4069 2427 4123 Bias
2449 4072 2668 4141 capitali
2698 4076 2987 4143 quemdam
3012 4083 3284 4136 sententia
3301 4084 3461 4138 dam-

1886 4169 2135 4222 naturus,
2190 4162 2243 4215 in
2308 4160 2495 4216 fletum
2546 4167 2747 4235 erupit.
2806 4169 3045 4238 Rogatus
3101 4182 3316 4241 autem,
3364 4176 3464 4247 qui

1890 4252 1945 4312 id
1969 4253 2281 4320 accidisset,
2306 4265 2367 4310 ut
2398 4256 2491 4325 qui
2528 4256 2694 4329 judex
2741 4259 2978 4327 sederet,
3039 4263 3154 4335 ipse
3202 4265 3410 4339 lugeret
3444 4286 3461 4327 :

1887 4349 2045 4415 Quia,
2075 4349 2270 4417 inquit,
2289 4357 2496 4403 natura:
2520 4352 2762 4419 quidem,
2787 4364 2848 4409 ut
2888 4358 3311 4423 miserationem,
3358 4364 3465 4436 legi

1896 4459 2042 4505 vero,
2064 4438 2388 4497 sententiam
2421 4453 2481 4497 ut
2501 4446 2829 4512 tribuamus,
2864 4465 3084 4513 necesse
3114 4468 3217 4508 ρει.

280 4522 542 4577 Φωκίων.
564 4553 629 4565 --
652 4521 812 4577 Οὔτε·
845 4523 906 4587 ἐξ
958 4522 1104 4593 ἰεροῦ
1149 4522 1330 4593 βωμὸν
1354 4565 1369 4585 ,
1418 4522 1542 4576 οὔτε
1584 4524 1650 4577 ἐκ
1686 4525 1783 4594 τῆς

1959 4534 2252 4589 Phocionis.
2283 4565 2352 4575 —
2374 4537 2487 4592 Nec
2513 4554 2580 4592 ex
2613 4540 2816 4609 templo
2845 4557 2958 4610 ara,
2997 4560 3099 4599 nec
3126 4562 3193 4600 ex
3226 4547 3467 4607 humano

204 4612 559 4685 ἀνθρωπίνης
585 4614 799 4684 φύσεως
826 4615 1150 4687 ἀφαιρετέον
1174 4614 1264 4667 τὸν
1302 4613 1470 4668 ἔλεον.

277 4708 594 4773 Δημοκριτ.
632 4705 925 4774 Ἰσοκράτ.
953 4707 1052 4760 καί
1090 4704 1470 4773 Ἐπικτήτου.
1500 4734 1552 4747 -
1603 4705 1786 4771 Ξένοις

209 4794 522 4866 μεταδίδου,
568 4794 803 4859 καὶτοῖς
830 4795 1105 4866 δεομένοις
1152 4797 1216 4848 ὲκ
1248 4794 1355 4848 τῶν
1383 4795 1571 4848 ὄντων’
1614 4798 1642 4849 ό
1677 4798 1786 4869 γὰρ

209 4884 291 4956 μὴ
320 4885 500 4950 διδοὺς
528 4884 785 4958 δεομένῳ,
821 4886 940 4940 οὐδὲ
966 4887 1127 4950 αὐτὸς
1145 4886 1374 4957 λήψεται
1404 4887 1675 4957 δεόμενος.

284 4996 529 5067 Πειρατῇ
567 5014 675 5050 τινι
707 4998 1001 5068 ἐμπεσόντι
1032 4999 1111 5062 εἰς
1137 5000 1234 5070 τὴν
1260 5000 1384 5070 γῆν,
1416 5004 1509 5055 καί
1543 5002 1787 5072 διαφθει-

210 5085 435 5155 ρομένῳ
475 5086 762 5155 χειμῶνος,
812 5087 1154 5157 περιϐόλαιόν
1204 5105 1285 5152 τις
1343 5090 1504 5160 ἄρας,
1534 5090 1784 5155 δέδωκεν,

208 5177 308 5230 καὶ
337 5177 418 5240 εἰς
450 5176 550 5248 τὴν
591 5177 769 5231 οἰκίαν
800 5178 1130 5248 εἰσαγαγὼν,
1168 5179 1236 5233 τὰ
1277 5179 1404 5250 ὲξῆς
1436 5182 1614 5235 πάντα
1642 5199 1782 5254 παρ-

209 5266 396 5338 έσχεν.
446 5267 789 5332 Ὀνειδισθεὶς
834 5270 895 5323 δὲ
927 5272 1032 5324 ὑπό
1066 5287 1235 5337 τινος,
1262 5273 1342 5327 ὅτι
1363 5274 1488 5336 τοὺς
1519 5276 1788 5346 πονηροὺς

1884 4642 2083 4697 genere
2110 4627 2347 4682 tollenda
2369 4629 2747 4685 misericordia
2772 4642 2877 4688 est.

1957 4718 2255 4781 Democriti,
2274 4719 2521 4773 Isocratis
2545 4729 2596 4775 et
2625 4721 2869 4792 Epicteti.
2904 4755 2974 4765 —
2997 4725 3310 4798 Peregrinis
3364 4731 3464 4785 tri-

1882 4808 1988 4864 bue
2012 4824 2075 4864 ac
2100 4811 2287 4879 egenis
2308 4827 2372 4864 ex
2399 4822 2490 4866 tua
2509 4812 2762 4887 facultate
2795 4832 2808 4867 :
2848 4816 3105 4884 quienitn
3142 4822 3323 4889 egenti
3354 4838 3465 4878 non

1885 4899 2158 4963 tribuerit,
2190 4915 2258 4953 ne
2286 4900 2401 4970 ipse
2428 4902 2649 4970 quidem
2676 4904 2927 4974 accipiet,
2960 4922 3084 4960 cum
3113 4909 3346 4979 eguerit.

1964 5011 2099 5067 Cum
2134 5012 2325 5081 piratae
2351 5014 2567 5068 cuidam
2603 5015 2658 5069 in
2694 5027 2895 5071 terram
2920 5020 3114 5087 ejeeto,
3161 5035 3223 5073 ac
3254 5029 3467 5091 tempe-

1897 5111 2037 5157 state
2060 5102 2402 5171 naufragium
2447 5120 2631 5172 passo,
2683 5105 2953 5172 quisqiam
3004 5116 3214 5160 vestem
3270 5121 3466 5165 contu-

1897 5190 2071 5251 lisset,
2090 5198 2250 5257 atque
2270 5190 2322 5242 iu
2346 5189 2570 5243 domum
2594 5191 2914 5256 induxisset,
2936 5195 3195 5265 omnique
3210 5196 3468 5269 deinceps

1898 5277 2236 5331 humanitate
2261 5290 2591 5347 prOSecutus
2621 5290 2766 5337 esset
2791 5300 2805 5347 ;
2840 5285 3206 5353 exprobrante
3226 5291 3462 5358 quodam

1737 5428 1968 5487 NOT/E.

288 5561 366 5632 (ὁ)
403 5562 856 5632 Προενέγκωμεν
904 5564 1011 5617 τοῦ
1080 5565 1256 5618 ἐλέου
1300 5564 1408 5617 τὸν
1465 5564 1661 5618 ἔλεον.
1691 5563 1785 5620 Sic

213 5632 477 5705 emendo,
522 5634 669 5705 quod
721 5642 841 5687 erat
876 5635 1351 5705 προσενέγκωμεν,
1396 5634 1542 5688 facili
1589 5634 1783 5689 scriba:

214 5702 407 5782 lapsu._
425 5701 694 5782 Sicplana
722 5701 1059 5758 constructio
1087 5701 1150 5758 ac
1176 5701 1406 5770 sensus;
1441 5719 1635 5782 nempe
1663 5719 1782 5782 esse

214 5772 686 5839 misericordiam,
751 5789 913 5842 quam
972 5789 1341 5844 prwrogamus
1419 5772 1783 5845 eleemosynis

1891 5583 2218 5654 pauperum,
2247 5572 2406 5641 quasi
2438 5577 2792 5654 semen.eju_s,
2820 5592 2981 5654 quam
3011 5594 3041 5654 a
3070 5579 3183 5654 Deo
3208 5593 3307 5633 nos
3334 5595 3469 5633 con-

1890 5649 2176 5716 secuturos
2214 5658 2521 5716 speramus,
2549 5646 2653 5716 _ac'
2678 5647 2826 5702 velut
2858 5646 3033 5703 fenori
3085 5650 3265 5703 datam
3299 5665 3467 5716 pecu-

1890 5708 2058 5773 niam,
2091 5708 2259 5779 quani
2305 5708 2514 5769 fructu
2546 5714 2934 5773 innumerabili
2958 5719 3014 5772 in
3052 5721 3192 5774 casio
3233 5708 3467 5789 recipia-

1891 5793 2031 5833 mus.
