4246 6438
722 358 819 424 771

1868 350 1928 409 S.
1971 344 2258 408 MAXIMI
2296 342 2807 404 CONFESSORIS

3879 337 3985 401 ’ῖτὲ

723 472 869 542 quod
898 474 951 527 in
970 470 1264 526 sceleratos
1292 464 1555 522 beneficia
1595 461 1900 518 conferret:
1930 461 2050 516 Non
2077 458 2311 524 homini,
2338 462 2387 520 Α

2308 494 2311 516 ,
2338 462 2387 520 Α
2416 456 2716 526 εὐεργετεῖ·
2753 457 2830 510 Οὐ
2872 455 2962 508 τὸν
3006 424 3314 526 ἄνθρωπον,
3342 455 3472 524 ἔφη,
3501 452 3637 506 ἀλλά
3684 450 3747 504 τδ
3777 451 3985 522 ἀνθρὼ-

728 566 925 634 inquit,
951 561 1047 618 scd
1071 563 1322 615 humana:
1346 557 1446 627 ipsi
1466 554 1772 612 conditioni
1830 554 2102 613 hormrem
2155 550 2306 604 hunc

1198 572 1322 613 lana:
1346 557 1446 627 ipsi
1466 554 1772 612 conditioni
1830 554 2102 613 homrem
2155 550 2306 604 hunc
2407 566 2564 604 πινυν
2584 550 2875 622 τετίμηκα.

729 656 1111 800 Ιωὲλτίνίειεω.
1137 740 1283 795 —ln
1302 748 1451 793 terra
1476 734 1791 806 peregrina,
1811 730 1958 803 quod
1980 728 2172 784 venale
2200 734 2305 790 est,

2477 732 3099 803 Χαρικλείας.-Ξ.ένῃ
3148 732 3206 784 ὲν
3261 733 3355 801 γῇ,
3400 730 3464 782 τὸ
3516 728 3617 799 μὲν
3644 727 3822 787 ῶνιον,
3858 723 3993 776 σπάι

728 835 1415 905 nescientibuspretiosum
1467 842 1771 898 earumque
1802 834 1889 881 est
1932 820 2127 893 :quod
2173 832 2307 873 vero

2408 839 2521 877 νιον
2552 826 2663 888 τοῖς
2702 824 3013 892 ἀγνοοῦσιν·
3055 825 3116 879 τὸ
3160 824 3217 877 δὲ
3251 822 3593 893 αἰτούμενον,
3626 816 3994 889 εὐμετάδοτον

730 938 971 1000 rogatur,
1012 928 1065 983 id
1102 927 1261 981 facile
1297 930 1557 995 praestant
1584 920 1681 991 qui
1712 924 1844 974 sunt
1895 910 2303 970 misericordes.

1322 1094 1558 1152 SERMO
1593 1093 1731 1150 Vill.

1130 1184 1207 1238 De
1250 1183 1593 1251 beneﬁcentia
1632 1190 1682 1236 et
1708 1181 1905 1251 gratia.

801 1280 933 1336 Luc.
953 1295 1026 1341 v1,
1067 1279 1230 1331 5L—
1256 1276 1414 1331 Sicut
1432 1274 1600 1330 vultis
1629 1281 1691 1327 ut
1723 1272 1928 1327 faciant
1952 1270 2111 1327 vobis
2145 1271 2329 1327 homi-

732 1386 853 1436 nes,
880 1379 1052 1429 etvos
1074 1368 1235 1423 facite
1258 1367 1382 1421 illis
1417 1366 1695 1421 similiter.

802 1464 831 1519 I
851 1463 1013 1517 Joan.
1037 1478 1115 1526 ιιι,
1146 1460 1199 1515 6.
1224 1458 1412 1525 --Qui
1436 1456 1568 1511 facit
1595 1456 1824 1520 bonum,
1846 1470 1914 1509 ex
1936 1455 2048 1510 Deo
2076 1462 2197 1509 est:
2227 1453 2322 1524 qui

730 1562 919 1611 autem
962 1552 1167 1606 malum
1195 1550 1344 1613 facit,
1372 1550 1545 1603 Deum
1571 1562 1681 1601 non
1712 1548 1874 1602 vidit.

804 1644 971 1700 Eccli.
996 1659 1110 1709 VIII,
1145 1643 1304 1696 i8.——
1325 1640 1520 1695 Melius
1544 1639 1774 1694 verbum
1802 1638 2028 1699 bonum,
2051 1649 2215 1705 quam
2229 1633 2328 1688 da-

732 1747 852 1794 tum
891 1754 904 1791 :
930 1752 1111 1793 sermo
1135 1737 1312 1790 bonus
1332 1747 1497 1803 supra
1525 1732 1753 1785 donum.

805 1829 973 1884 Eccli.
1009 1844 1136 1890 xvn,
1174 1825 1261 1889 16.
1285 1854 1356 1865 -—-
1382 1822 1626 1879 Gratiam
1680 1816 1921 1873 hominis
1961 1823 2023 1871 ut
2060 1813 2326 1886 pupillam

732 1922 881 1977 oculi
920 1925 1269 1974 conservato.

805 2007 977 2063 Eccli.
1012 2022 1089 2070 ιιι,
1116 2005 1215 2059 54.
1239 2032 1309 2046 —-—
1333 2001 1439 2069 Qui
1474 2000 1703 2073 gratiam
1725 1998 1916 2064 refert,
1948 1998 2004 2054 in
2039 2007 2323 2069 posterum

734 2117 958 2173 quoque
987 2100 1043 2154 in
1083 2098 1351 2155 memoria
1373 2096 1649 2161 habetur;
1674 2101 1732 2149 et
1760 2092 1817 2146 in
1863 2101 2113 2163 tempore
2162 2103 2325 2145 casus

736 2196 825 2253 sui
844 2193 1089 2248 inveniet
1116 2190 1546 2243 ﬁrmamentum.

808 2282 1018 2338 Basilii.
1042 2311 1114 2321 —
1132 2275 1609 2347 Quemadmodum
1633 2273 1801 2338 oculi,
1831 2270 1980 2343 quod
2013 2270 2172 2326 valde
2223 2267 2326 2324 ad-

735 2375 881 2448 iacet
904 2374 1080 2443 iisque
1111 2371 1432 2441 impositum
1458 2376 1560 2431 est,
1588 2382 1701 2421 non
1730 2365 1941 2431 vident,
1998 2364 2097 2419 sed
2134 2366 2327 2418 neces-

737 2467 884 2521 saria
914 2464 1198 2519 moderata
1233 2460 1482 2531 quaedam
1517 2458 1782 2513 distantia
1819 2465 1910 2512 est
1945 2473 1959 2509 :
1993 2456 2076 2511 sic
2109 2467 2329 2525 quoque

738 2556 1003 2613 videntur
1042 2552 1243 2623 ingrati
1288 2549 1459 2605 animi
1514 2546 1809 2619 praeteritae
1865 2547 2056 2618 gratia
2104 2558 2330 2601 sensum

741 2650 1026 2722 percipere
1048 2646 1106 2701 in
1132 2644 1403 2699 honorum
1431 2640 1855 2707 abalienatione.

813 2739 1174 2810 Tlieologi.—
1200 2734 1454 2802 Quandiu
1500 2732 1760 2789 secundis
1816 2730 1998 2785 ventis
2054 2728 2276 2800 navigas
2312 2766 2330 2794 ,

742 2841 969 2882 manum
999 2824 1184 2895 praebe
1210 2822 1482 2893 naufrago
1520 2839 1534 2877 :
1568 2821 1701 2877 dum
1733 2836 1869 2875 vero
1920 2821 2059 2875 bene
2114 2819 2214 2875 tibi
2245 2828 2332 2874 est

743 2918 1031 2986 aluuisque
1080 2914 1309 2979 divitiis,
1367 2913 1632 2969 auxiliare
1672 2912 1773 2976 illi,
1814 2912 1908 2982 qui
1949 2912 2004 2966 in
2042 2912 2203 2967 malis
2224 2921 2331 2968 est.

818 3008 982 3079 556
1009 3006 1184 3060 Homo
1236 3006 1375 3059 nihil
1396 3014 1504 3058 tam
1549 3004 1645 3057 Dei
1671 3004 1986 3071 divinaeque
2012 3001 2217 3055 indolis
2237 3000 2338 3055 ha-

749 3099 863 3165 bet,
895 3113 1059 3169 quam
1084 3105 1145 3151 ut
1170 3096 1311 3149 bene
1345 3092 1549 3156 faciat;
1585 3108 1901 3163 quanquam
1936 3093 2077 3147 alter
2112 3091 2338 3162 majori-

2404 918 2522 980 τοῖς
2551 918 2784 974 ελεοῦσι.

3009 1093 3227 1148 ΛΟΓΟΣ
3264 1094 3325 1146 Η¹
3344 1091 3388 1123 ¹⁵

2742 1186 2882 1255 Περὶ
2910 1186 3259 1254 εὐεργεσίας
3284 1183 3381 1239 καὶ
3416 1181 3678 1252 χάριτος.

2495 1284 2678 1333 Λουκ.
2712 1278 2792 1343 ς’.
2818 1306 2892 1320 -
2913 1276 3115 1340 Καθὼς
3134 1276 3348 1330 ἐθέλετε
3382 1276 3469 1328 ἵνα
3496 1272 3728 1326 ποιῶσιν
3756 1270 3887 1339 ὑμῖν
3909 1267 4005 1321 ἇν-

2423 1368 2651 1442 θρωποι,
2678 1371 2777 1423 καὶ
2805 1369 2963 1440 ὑμεῖς
2994 1369 3199 1421 ποιεῖτε
3235 1366 3421 1429 αὐτοῖς
3454 1363 3675 1434 ὁμοίως.

2491 1465 2554 1516 A'
2614 1460 2833 1516 Ἰωάνν.
2890 1468 2961 1530 γ’.
2992 1490 3062 1502 —-
3098 1460 3160 1513 ὐ
3182 1457 3551 1528 ἀγαθοποιῶν,
3602 1457 3669 1510 ὲκ
3723 1454 3823 1510 τοῦ
3863 1454 4006 1508 Θεοῦ

2422 1555 2586 1608 ἐστιν·
2616 1558 2646 1609 ὀ
2673 1554 2731 1608 δὲ
2763 1553 3111 1618 κακοποιιῖιν,
3142 1553 3242 1623 οὐχ
3281 1551 3493 1622 ἑώρακε
3522 1549 3614 1604 τδν
3641 1549 3795 1603 Θεόν.

2498 1642 2690 1711 Σιρὰχ
2744 1648 2842 1709 ιη’.
2867 1671 2940 1681 -
2960 1642 3232 1711 Κρεῖσσον
3255 1642 3284 1694 ό
3314 1638 3472 1708 λόγος
3506 1636 3732 1707 ἀγαθὸς.
3766 1637 3802 1708 ἢ
3831 1635 4005 1698 δόσις·

2421 1733 2626 1802 ἀγαθὸς
2662 1733 2819 1801 λόγος
2863 1733 3006 1805 ὑπὲρ
3029 1732 3190 1804 δόμα.

2497 1823 2681 1894 Σιρὰχ
2714 1823 2874 1885 ιζ’.-
2890 1826 3065 1896 Χάριν
3090 1824 3402 1896 ἀνθρώπου,
3432 1824 3509 1888 ὡς
3540 1822 3710 1893 κόρην
3727 1818 4012 1889 ὀφθαλμοῦ

2432 1920 2792 1991 συνεήρησον.

2501 2012 2684 2080 Σιρὰχ
2722 2008 2834 2080 .17".
2868 2040 2938 2052 —
2978 2010 3036 2065 ὀ
3072 2009 3459 2072 ἀνταποδιδοὺς
3488 2009 3741 2079 χάριτας.
3803 2005 4017 2075 μέμνη-

2430 2121 2523 2158 ται
2551 2105 2648 2158 καὶ
2680 2106 2761 2167 εἰς
2788 2104 2861 2157 τά
2894 2103 3032 2173 μεςά
3076 2101 3248 2157 ταῦτα
3280 2104 3373 2171 (c)°
3410 2103 3505 2157 καὶ
3546 2104 3606 2155 ἂν
3642 2098 3822 2171 καιρῷ
3868 2096 4018 2150 πτώ-

2433 2212 2573 2259 σεως
2594 2194 2764 2249 αὑτοῦ
2792 2195 3015 2267 εὑρήσει
3040 2196 3341 2266 στήριγμα.

2502 2287 2851 2343 Βασιλείαν.
2882 2318 2952 2329 -
2981 2288 3194 2358 ’Ὥσπερ
3221 2287 3331 2358 γάρ
3377 2286 3425 2339 οι
3457 2282 3749 2353 ὀφθαλμοὶ,
3778 2281 3842 2334 τὸ
3877 2280 4022 2348 ἄγαν

2435 2374 2836 2451 προσκείμενον
2876 2377 2976 2449 οὐχ
3014 2377 3237 2448 ὁρῶσιν,
3265 2376 3402 2431 ἀλλά
3451 2375 3663 2428 δέονται
3696 2370 4021 2442 συμμέτρου

2433 2469 2581 2533 τινὸς
2624 2469 3009 2532 ἀποστάσεως·
3044 2466 3189 2523 οὕτω
3240 2468 3335 2522 καὶ
3388 2467 3447 2521 αἱ
3512 2464 3801 2535 ἀχάριστοι
3852 2461 4025 2531 ψυχαὶ

2438 2562 2683 2617 ἐοίκασιν
2711 2564 2772 2617 ὲν
2790 2564 2860 2634 τῇ
2887 2560 3324 2634 ἀπαλλοτριὼσει
3350 2560 3459 2615 τῶν
3491 2557 3715 2627 ἀγαθῶν
3740 2556 3842 2625 τῆς
3874 2570 4022 2624 παρ-

2435 2652 2696 2723 ελθούσης
2727 2654 2949 2726 χάριτος
2980 2654 3431 2709 ὲπαισθάνεσθαι.

2512 2746 2832 2815 Θεολόγου.
2872 2775 2943 2785 -
2990 2746 3136 2809 Ἕως
3190 2745 3346 2807 πλεῖς
3400 2742 3460 2807 ἐξ
3494 2741 3707 2814 οὐρίας,
3764 2739 3844 2810 τῷ
3893 2755 4028 2791 ναυ-

2442 2834 2666 2902 αγοῦντι
2696 2835 2783 2899 δὸς
2814 2837 2995 2907 χεῖραο
3027 2836 3132 2898 ἕως
3156 2835 3213 2889 δὲ
3243 2834 3486 2898 εὐεκτεῖς
3519 2834 3615 2887 καὶ
3642 2833 3916 2895 πλουτεῖς,
3951 2829 4030 2895 τῷ

2440 2926 2847 2980 κακοπαθοῦντι
2885 2926 3173 2997 βοήθησον.

2511 3015 2678 3070 οὐδὲν
2703 3015 2877 3080 οὕτως
2898 3015 2975 3079 ὡς
3016 3015 3079 3068 τὸ
3109 3011 3169 3069 εὖ
3199 3016 3376 3068 ποιεῖν
3396 3012 3689 3083 ἄνθρωπος
3720 3010 3834 3082 ἔχει
3864 3008 4030 3064 Θεοῦῒ

2443 3106 2547 3161 κᾶν
2587 3109 2616 3161 ό
2664 3107 2764 3178 μὲν
2801 3105 2997 3178 μείζω,
3041 3106 3070 3158 ό
3099 3106 3160 3159 δὲ
3189 3106 3399 3161 ιλάττω
3426 3105 3715 3176 εὐεργετῇ,
3742 3103 4029 3173 ἑκάτερος,

750 3191 873 3254 bus,
908 3190 1047 3244 alter
1076 3186 1383 3241 minoribus
1412 3184 1470 3239 in
1500 3184 1665 3239 rebus
1686 3186 1805 3255 ejus
1835 3184 2114 3254 specimen
2172 3183 2335 3239 exhi-
2364 3233 2409 3290 ϐ

1744 3201 1805 3290 lis
1835 3184 2114 3290 ερεείηιθῐι
2172 3183 2335 3239 θιῒιί·
2364 3233 2409 3290 c
2443 3194 2621 3270 οἶμαι,
2649 3198 2790 3254 κατά
2813 3198 2914 3270 τὴν
2937 3198 3133 3252 ἑαυτοῦ
3170 3197 3421 3268 δύναμιν.

749 3282 899 3345 beat,
926 3290 1160 3350 uterque
1190 3281 1455 3335 nimirum
1484 3296 1586 3350 pro
1612 3295 1711 3335 sua
1733 3281 2011 3335 facultate.

836 3373 1027 3444 Chrys.
1058 3402 1130 3413 —
1160 3371 1561 3427 Benefaciendo
1594 3373 1767 3428 Deum
1804 3381 1861 3428 te
1891 3371 2097 3428 imitari
2150 3370 2339 3427 existi-

752 3474 919 3522 malo.

824 3556 1024 3611 Multos
1055 3555 1329 3622 videmus,
1364 3565 1492 3626 post
1511 3564 1737 3625 accepta
1768 3541 2060 3622 beneﬁcia,
2103 3555 2183 3611 sic
2204 3569 2340 3610 con-

756 3657 1005 3703 temnere
1030 3647 1409 3717 utmancipia,
1447 3662 1477 3701 a
1500 3648 1704 3716 quibus
1737 3647 1854 3702 haec
1882 3648 1939 3701 in
1991 3663 2088 3703 eos
2139 3648 2341 3703 collata

758 3755 1011 3805 munera,
1041 3750 1098 3795 et
1121 3738 1361 3795 frontem
1391 3739 1659 3796 adversus
1690 3754 1787 3795 eos
1810 3755 2096 3810 caperare.

830 3938 977 3996 Bene
997 3939 1106 3995 illis
1132 3938 1417 4004 faciamus,
1442 3940 1537 4009 qui
1563 3955 1633 3995 ne
1659 3940 2171 4010 sentiuntquidem,
2203 3942 2339 4012 quid

761 4048 792 4088 a
822 4033 984 4088 nobis
1007 4032 1282 4101 accipiant
1328 4031 1576 4087 muneris
1625 4049 1638 4085 :
1686 4039 1747 4086 ut
1803 4047 1909 4086 nec
1952 4033 2194 4098 laudem,
2243 4048 2347 4089 nec

762 4123 986 4195 quidvis
1010 4123 1160 4177 aliud
1185 4132 1537 4193 reponentes,
1585 4124 1898 4178 mercedem
1955 4124 2164 4194 aliquid
2195 4125 2352 4179 dete-

765 4224 909 4268 rant.
947 4212 1084 4267 Cum
1114 4212 1265 4267 enim
1289 4214 1430 4267 nihil
1472 4229 1540 4269 ex
1592 4215 1912 4273 hominibus
1953 4215 2351 4285 acceperimus,

766 4305 973 4375 majora
1008 4320 1038 4357 a
1072 4305 1185 4359 Deo
1215 4320 1641 4374 consequemur.

841 4391 1056 4447 Sufficit
1084 4392 1231 4446 haud
1268 4408 1392 4448 raro
1412 4394 1529 4465 ipsa
1551 4396 1822 4462 voluntas,
1850 4404 1912 4449 ut
1931 4410 2186 4465 magnum
2218 4411 2357 4466 prae-

765 4488 941 4535 stetur
971 4482 1198 4535 bonum.

2518 3379 2822 3446 Χρυσοστ.
2854 3406 2918 3416 ν-
2952 3376 3295 3448 Εὐεργετῶν,
3327 3376 3517 3448 νόμιζε
3549 3379 3838 3450 μιμεῖσθαι
3878 3379 4034 3435 Θεόν.

2532 3558 2783 3630 Ὀρῶμεν
2816 3558 3047 3622 πολλοὺς
3072 3559 3181 3612 τῶν
3211 3559 3535 3631 ἀνθρώπιον,
3569 3560 3709 3630 μετά
3749 3561 3853 3625 τάς
3879 3563 4041 3631 εὐερ-

2452 3650 2662 3719 γεσίας,
2717 3651 2969 3722 καθάπερ
3018 3651 3371 3722 ἀνδραπόδων
3423 3651 3596 3716 οὕτως
3647 3654 4041 3725 ὑπερορῶντας

2453 3745 2565 3798 τῶν
2610 3744 3113 3815 εὐεργετησάντων,
3156 3745 3251 3798 καὶ
3297 3746 3398 3809 τάς
3449 3744 3623 3816 ὀφρῦς
3665 3745 4041 3799 ἀνασπώντων

2456 3837 2575 3891 κατ’
2609 3836 2810 3890 αὐτῶν.

2530 3928 2924 3999 Εὐεργετῶμεν
2958 3931 3085 3991 τοὺς
3131 3928 3269 3998 μηδὲ
3305 3928 3736 3999 αἰσθανομένους
3772 3929 3858 3983 ὅτι
3892 3930 4046 4001 εὐερ-

2457 4019 2763 4089 γετοῦνται,
2799 4019 2888 4072 ἵνα
2921 4018 2995 4090 μὴ
3028 4018 3384 4082 ἀντιδιδόντες
3412 4019 3543 4089 ἡμῖν
3588 4019 3682 4073 τὸν
3731 4019 3979 4079 ἔπαινον,
4009 4022 4043 4092 ἢ

2457 4114 2485 4166 ὃ
2530 4130 2584 4164 τι
2616 4112 2838 4181 δήποτε,
2885 4108 3265 4164 έλαττὼσωσιν
3300 4112 3438 4181 ἡμῖν
3488 4111 3582 4165 τὸν
3618 4111 3833 4180 μισθόν.
3872 4112 4049 4167 Ὅταν

2461 4207 2573 4276 γὰρ
2603 4205 2771 4275 μτδὲν
2811 4203 2964 4274 παρά
3008 4202 3313 4275 ἀνθρώπων
3346 4202 3628 4274 λάϐωμεν,
3662 4204 3786 4257 τότε
3819 4204 4050 4274 μείζονα

2463 4317 2537 4352 πα
2548 4297 2615 4369 ρά
2646 4296 2783 4350 Θεοῦ
2808 4294 3114 4366 ληψόμεθα.

2550 4389 2736 4461 ’Λρκεί
2784 4386 3054 4458 πολλαχοῦ
3100 4388 3196 4442 καὶ
3248 4388 3573 4459 προαίρεσις
3625 4389 3772 4459 μέγα
3820 4390 4050 4459 ποιῆσαι

2466 4483 2688 4552 ἀγαθόν.

840 4574 961 4629 Νοιι
986 4573 1127 4629 bene
1155 4574 1283 4628 facit
1314 4575 1409 4645 qui
1437 4575 1579 4629 bene
1616 4575 1770 4639 facit,
1818 4578 1913 4631 sed
1943 4577 2059 4646 ipse
2113 4593 2345 4636 munere
2383 4588 2424 4641 D

2383 4588 2424 4641 D
2525 4579 2640 4631 Οὐκ
2679 4568 2740 4630 εὖ
2776 4577 2922 4629 ποιεῖ
2961 4576 2989 4628 ό
3037 4568 3096 4627 εὖ
3143 4572 3333 4638 ποιῶν,
3366 4571 3483 4625 ἀλλ’
3522 4566 3581 4627 εὖ
3629 4573 3829 4643 πάσχει
3861 4574 4050 4635 αὑτὲς.

769 4663 1011 4720 donatur
1044 4666 1331 4735 magisque
1366 4665 1698 4720 beneficium
1730 4668 1957 4737 accipit,
1986 4684 2098 4722 non
2130 4670 2361 4729 tribuit:

772 4742 952 4827 niajns
989 4756 1138 4810 enim
1167 4757 1244 4810 illi
1277 4767 1590 4827 acceptum,
1630 4774 1795 4827 quam
1829 4758 2018 4812 datum
2072 4762 2359 4816 accrescit.

774 4848 886 4903 Deo
910 4848 1113 4918 quippe
1154 4847 1591 4911 feneratur,non
1616 4849 1975 4903 hominibus:
2010 4865 2145 4920 opes
2176 4862 2361 4923 auget,

774 4955 885 4993 non
926 4941 1127 4995 minuit
1151 4959 1167 4995 ι
1193 4941 1392 4995 minuit
1415 4957 1570 5007 vero,
1599 4941 1705 4995 nisi
1732 4940 1967 5009 minuat,
1988 4942 2095 4997 nisi
2124 4941 2362 4998 dederit.

2474 4670 2569 4723 καὶ
2613 4669 2985 4738 εὑεργετεῖται
3039 4663 3261 4733 μᾶλλον,
3313 4662 3415 4716 οὐκ
3456 4662 3759 4732 εὐεργετεῖ.
3809 4663 4056 4726 Μείζονα

2469 4761 2581 4831 γὰρ
2612 4758 2881 4829 λαμϐάνει
2912 4756 2945 4827 ἢ
2979 4754 3188 4809 δίδωσι.
3219 4753 3340 4824 Θεῷ
3377 4754 3485 4825 γάρ
3525 4753 3781 4818 δανείζει,
3824 4755 3926 4807 οὐκ
3960 4755 4048 4807 ἀνι

2469 4849 2731 4921 θρώποιςο
2773 4844 2927 4911 αΰξει
2957 4846 3049 4898 τὸν
3079 4844 3331 4910 πλοῦτον,
3368 4845 3429 4897 οὐ
3479 4847 3641 4914 μειοῖ’
3676 4847 3823 4915 μειοῖ
3844 4844 3923 4909 δὲ,
3960 4846 4058 4897 ἐὰν

2473 4941 2549 5014 μὴ
2581 4939 2884 5011 ἐλαττώσῃ,
2914 4938 3009 4997 ἐὰν
3054 4938 3130 5010 μὴ
3167 4937 3260 5008 δῷ.

2094 5078 2329 5135 VARIIE
2360 5076 2767 5136 LECTIONES.

858 5165 902 5199 "
936 5166 996 5221 In
1034 5165 1201 5221 Gesn.
1236 5163 1455 5220 Stoban
1489 5167 1576 5219 77.

2345 5258 2574 5315 NOTAE.

858 5348 927 5415 (c)
962 5346 1265 5416 Μέμνηται
1289 5347 1387 5401 καὶ
1413 5350 1501 5412 εις
1525 5351 1597 5403 τὰ
1630 5349 1781 5416 μετὰ
1802 5350 2011 5406 ταῦτα.
2047 5351 2216 5406 Recte
2245 5366 2365 5405 mo-

788 5431 881 5473 net
909 5418 1096 5492 Nobil._
1125 5416 1261 5492 illud
1289 5418 1567 5492 μέμνηται
1594 5420 1761 5474 videri
1792 5422 2021 5491 positum
2074 5424 2226 5491 quasi
2248 5438 2373 5492 pas-

786 5492 911 5550 sive,
945 5487 1501 5561 quasiiinhmemoria
1548 5498 1669 5561 est;
1733 5487 1801 5544 et'
1843 5487 2127 5554 sententia,
2172 5487 2373 5561 inquit,

784 5556 981 5639 optime
1019 5560 1163 5639 ﬁuit.
1190 5556 1282 5638 Sic
1308 5567 1457 5639 certe
1498 5559 2023 5639 accipit‘Maximus,
2068 5562 2158 5616 cui
2193 5556 2372 5639 palam

785 5627 953 5684 Gesn.
981 5627 1091 5682 vim
1120 5627 1272 5689 facit,
1309 5628 1437 5703 dum
1463 5627 1668 5703 reddit,
1696 5631 1880 5703 futura
1914 5648 2121 5702 quoque
2158 5627 2374 5703 cogitat,

789 5712 835 5753 et
871 5704 925 5753 in
962 5709 1227 5771 posterum
1246 5701 1515 5770 prospicit.
1550 5701 1608 5755 In
1633 5701 1966 5769 quibusdam
2023 5701 2184 5756 codd.
2215 5701 2377 5771 poni-

793 5780 901 5835 tur,
934 5768 1040 5825 Καὶ
1069 5768 1273 5841 Κύριος
1334 5768 1723 5836 ἀνταποδιδοὺς
1766 5774 2015 5842 χάριτας,
2076 5768 2374 5843 μέμνηται.

2476 5350 2545 5405 Et
2597 5348 2849 5401 Dominus
2893 5345 3127 5417 reddens
3178 5346 3400 5417 gratias,
3439 5344 3715 5408 meminit;
3772 5343 4061 5417 nimir_nm,

2472 5422 2856 5487 eleemosynm.
2892 5415 2957 5487 In,
2988 5415 3148 5485 Vulg.
3179 5413 3373 5487 ilostra
3427 5423 3512 5467 est
3558 5428 3702 5487 nova
3735 5423 3879 5467 sent.
3920 5413 4061 5487 Deus

2475 5485 2781 5561 prospector
2805 5494 2879 5540 est
2911 5486 3048 5555 ejus,
3070 5486 3360 5561 qaireddit
3424 5485 3659 5561 gratiam
3691 5501 3710 5538 :
3739 5495 3797 5561 ει
3826 5486 4064 5537 meminit

2476 5552 2679 5632 'ejus'in
2706 5552 3023 5632 posteram.
3080 5552 3215 5632 Male
3246 5552 3441 5632 etiam
3470 5554 3676 5632 omissa
3733 5552 3914 5632 Gesn._
3958 5570 4066 5632 vox

2477 5623 2667 5691 αὑτοῦ,
2704 5623 2818 5693 ipsa
2846 5629 2899 5681 in
2946 5627 3082 5681 Sixt.
3144 5626 3475 5686 desiderata,
3529 5623 3626 5678 sed
3684 5640 3850 5693 quam
3901 5624 4069 5679 habet

2478 5700 2616 5754 Max.
2648 5693 2957 5768 ltahuitque
2981 5698 3140 5769 Vulg.
3178 5698 3309 5752 dum
3345 5695 3547 5759 reddit,
3598 5693 3662 5747 In
3706 5703 3949 5765 tempore
3975 5710 4064 5749 ca-

2476 5788 2563 5824 SNS
2589 5787 2691 5825 sui.
