4246 6438
193 380 306 448 7Ἷὶ

1510 379 1676 438 LOCI
1717 379 2039 439 COMMUN
2052 379 2155 438 ES.

3357 383 3467 445 774

265 492 568 561 Χρυσοστ.
602 521 670 531 —
711 489 770 542 Ὀ
801 490 898 561 μὲν
923 489 1138 560 πρῶτον
1182 490 1508 558 εὐεργετῶν,
1540 492 1781 564 φανερὰν
1814 499 1853 551 Α

1814 499 1853 551 Α
1956 491 2222 560 Clirysost.
2258 521 2322 530 -ο
2356 491 2459 558 Qui
2523 493 2675 561 prior
2733 492 3061 548 benelicium
3120 493 3358 560 confert,
3419 499 3465 550 is

194 583 557 639 ἐπιδείκνυται
599 581 1106 652 τὴν,χρηστότητα’
1143 580 1172 632 ὀ
1215 581 1272 634 δὲ
1302 582 1707 653 εὐεργετηθεὶς,
1744 584 1772 635 ὃ

191 696 244 731 τι
284 679 351 732 ἂν
383 674 589 746 ἀποδῷ,
631 674 904 744 ὀφείλημα
958 672 1305 737 ἀποδίδωσιν,
1335 675 1397 727 οὐ
1445 675 1607 746 χάριν
1638 676 1775 728 ἁπο-

190 770 424 823 τίθεται.
1025 771 1028 779 ’

261 861 614 929 Κλήμεντος
651 858 900 929 Ῥώμης.
925 891 994 902 -
1021 862 1097 914 Οὐ
1124 859 1333 916 δίκαιόν
1355 860 1474 913 ἔστι
1501 859 1596 912 τοῦ
1619 859 1774 917 δεδω-

190 948 349 1010 κότος
386 947 930 1018 ἐγκαταλειφθέντος.
961 949 1031 1004 τὰ
1054 949 1279 1004 δοθέντα
1303 949 1641 1021 παραμένειν
1659 951 1774 1010 τοῖς

189 1039 526 1110 ἀγνώμοσιν.

267 1130 381 1183 Τοῦ
421 1131 698 1197 Νύσσης.
740 1159 810 1172 —-
847 1129 910 1183 '0
939 1128 1174 1200 θελήσας
1225 1129 1286 1182 τὸ
1338 1127 1546 1196 ἀγαθὸν
1587 1129 1771 1199 μόνον,

189 1221 454 1284 κωλυθεὶς
506 1221 564 1274 δὲ
592 1222 729 1292 πρὸς
769 1220 831 1274 τὸ
870 1221 1035 1274 καλὸν
1071 1220 1149 1292 τῷ
1194 1223 1268 1290 μὴ
1317 1220 1600 1280 δύνασθαι.
1651 1220 1772 1273 κατ’

189 1313 344 1366 οὐδὲν
388 1311 704 1364 ἐλαττοῦται
738 1310 838 1380 τῆς
873 1311 1055 1381 ψυχῆς
1093 1309 1350 1375 διαθέσει,
1391 1292 1487 1364 sub
1537 1310 1627 1363 διὰ
1663 1309 1774 1363 τῶν

192 1406 372 1475 ἔργων
396 1405 495 1475 τὴν
522 1403 748 1475 γνώμην
773 1403 1066 1470 δείξαντος.

259 1587 483 1641 Φίλων.
512 1617 581 1629 --
611 1586 778 1640 Οὐδὲν
804 1584 952 1640 οὕτω
999 1584 1280 1654 εὐάγωγον
1327 1586 1408 1650 είς
1434 1583 1666 1651 εὔνοιαν,
1699 1584 1775 1650 ὡς

187 1681 223 1750 ἡ
259 1680 372 1732 τῶν
401 1679 866 1750 εὐεργετημάτων
909 1679 1181 1750 εὐφημία.

260 1772 432 1824 Πλέον
469 1772 679 1840 ἀγάπα,
725 1769 968 1842 βασιλεῦ,
1007 1773 1132 1834 τοὺς
1161 1769 1463 1842 λαμϐάνειν
1493 1769 1644 1842 παρὰ
1676 1767 1770 1821 σοῦ

1884 589 2076 646 aperte
2103 579 2504 648 benignitatem
2565 583 2794 652 prodit:
2828 584 3098 639 henelicio
3148 595 3334 639 autem
3391 587 3469 639 al—

1881 669 2061 723 l'ectus
2101 669 2372 739 quidquid
2437 673 2778 736 reddiderit,
2819 673 3068 729 debitum
3118 675 3322 740 reddit,
3355 690 3468 729 non

1881 759 2112 828 gratiam
2135 762 2375 829 reponit.
2500 746 2502 748 V
3329 780 3338 788 ‘

1952 852 2238 906 Clementis
2271 854 2517 909 Romani.
2542 856 2790 911 ——l~laud
2824 871 3044 926 aequum
3087 867 3193 921 est,
3259 872 3327 912 eo
3371 856 3466 926 qui

1883 941 2040 997 dedit
2068 945 2362 1010 derelicto,
2395 961 2520 1016 qua:
2544 948 2671 1002 data
2697 955 2848 1014 sunt,
2898 947 3046 1018 apud
3083 948 3330 1018 ingratos
3377 963 3468 1001 re-

1881 1050 2130 1090 manere.

1933 1127 2396 1198 'Nysscn.—Qui
2447 1130 2627 1184 solum
2674 1133 2860 1186 animo
2895 1132 3103 1186 bonum
3147 1132 3467 1195 destinavit,

1882 1234 1967 1282 ac,
1997 1233 2108 1288 qua
2133 1219 2352 1274 laborat
2395 1220 2798 1287 imbecillitate,
2856 1224 3158 1292 quominus
3209 1223 3468 1278 honesta-

1885 1318 1995 1363 tem
2029 1309 2180 1363 illam
2231 1311 2544 1364 eniteretur
2575 1311 2894 1380 prohibitus
2931 1323 3036 1378 est,
3082 1313 3130 1367 is
3183 1313 3323 1366 nihil
3360 1312 3465 1366 nii~

1881 1399 2039 1453 noris
2064 1410 2152 1454 est
2178 1415 2241 1454 ea
2289 1401 2459 1455 animi
2489 1401 2990 1469 aﬂ'ectione,ouan.-
3022 1403 3118 1472 qui
3139 1404 3308 1457 rebus
3332 1403 3467 1473 ipsis

1881 1493 2223 1546 voluntatem
2253 1494 2517 1550 ostendit.

1953 1577 2210 1639 Philonis.
2243 1615 2314 1626 —
2345 1586 2494 1641 Nihil
2518 1601 2676 1657 seque
2712 1587 3157 1644 benevolentiam
3179 1591 3462 1656 conciliat,

1884 1687 1949 1728 ac
1985 1676 2384 1734 beneﬁciorum
2418 1689 2572 1748 grata
2596 1681 3073 1736 commemoratio.

1955 1765 2201 1820 Plustibi
2223 1767 2495 1838 diligendi
2519 1771 3112 1842 sungimperator,qui
3140 1774 3240 1828 abs
3269 1783 3320 1827 te
3338 1791 3468 1844 sup-

184 1863 425 1933 χάριτας
479 1862 844 1931 ἱκετεύοντας,
890 1864 1035 1934 ἢπερ
1070 1863 1198 1926 τούς
1235 1863 1633 1927 σπουδάζοντας
1663 1860 1769 1914 δωο
1808 1852 1850 1908 Β

1808 1852 1850 1908 Β
1881 1855 2052 1926 plices
2081 1857 2288 1928 gratias
2317 1867 2534 1928 petunt,
2561 1869 2728 1928 'quam
2767 1864 2863 1933 qui
2903 1881 3132 1920 munera
3167 1867 3267 1921 tibi
3300 1868 3467 1921 ollcr-

188 1956 321 2026 ρεάς
351 1968 436 2009 σοι
473 1955 828 2026 προσφέρειν.
859 1954 988 2017 Τοῖς
1017 1955 1119 2026 μὲν
1153 1953 1261 2023 γὰρ
1290 1953 1573 2023 ὀφειλέτης
1607 1954 1770 2022 ἀμοι-

186 2047 292 2116 ιῆς
321 2045 674 2101 καθίσταταιο
727 2048 779 2102 οῑ
826 2045 885 2100 δέ
916 2062 1011 2098 σου
1053 2043 1143 2098 τὸν
1168 2043 1454 2114 ὀφειλέτην
1485 2045 1769 2114 ποιήσουσι

183 2139 280 2193 τὸν
308 2138 685 2209 οίκειούμενον
714 2139 783 2190 τὰ
815 2139 896 2200 είς
935 2135 1136 2200 αὐτοὺς
1168 2136 1454 2205 γινόμενα,
1480 2136 1575 2188 καὶ
1606 2135 1768 2204 ἀμει-

186 2231 423 2303 ϐόμενον
462 2228 700 2299 ἀγαθαῖς
730 2227 1070 2284 ἀντιδόσεσιν
1107 2228 1198 2282 τὸν
1235 2225 1625 2298 φιλάνθρωπόν
1673 2242 1768 2278 σου

187 2323 416 2375 σκοπόν.

259 2410 376 2464 Τοῦ
415 2408 628 2475 αὐτοῦ,
657 2409 777 2463 άλλ.
829 2411 1052 2464 Πλουτ.
1086 2437 1156 2448 -
1193 2407 1260 2461 Ἦ
1289 2407 1449 2479 χάρις
1505 2407 1697 2477 ὥσπερ
1732 2407 1766 2476 ἡ

186 2502 416 2573 σελήνη,
451 2503 579 2556 ὅταν
605 2502 785 2556 τελεία
817 2500 1066 2572 γένηται,
1087 2500 1208 2553 τότε
1246 2498 1393 2570 καλὴ
1427 2497 1698 2567 φαίνεται.

256 2597 573 2666 Δημοκρίτ.
599 2627 674 2638 -—
700 2596 823 2668 Θεῷ
853 2597 1039 2667 ὅμοιον
1079 2595 1193 2668 ἔχει
1229 2597 1258 2648 ὁ
1299 2594 1607 2666 ἄνθρωπος,
1637 2594 1768 2648 ὅταν

181 2689 244 2742 τδ
276 2684 340 2742 εὖ
373 2691 548 2742 ποιεῖν
586 2688 663 2760 μὴ
692 2687 1100 2758 καηλεύηταισ
1128 2686 1228 2740 καὶ
1246 2684 1310 2738 τὸ
1332 2686 1646 2756 εὐεργετεῖν
1673 2684 1768 2739 καὶ⁸

180 2781 246 2833 τὺ
272 2780 590 2852 ἀληθεύειν.

265 2874 330 2926 '0
371 2874 682 2956 ab'cbc‘lbthv
710 2891 834 2930 τινα
865 2876 1174 2948 προχείρως
1213 2878 1349 2930 πᾶσι
1380 2873 1764 2956 χαριζόμενον,

182 2961 281 3015 καὶ
342 2953 723 3028 ἀνεξετάστως
783 2969 1256 3036 ὑπηρετούμενον,
1311 2968 1536 3030 Κακῶς.
1589 2953 1763 3029 εἶπεν,

181 3052 434 3116 ἀπόλοιο,
472 3053 558 3106 ὃτι
591 3053 690 3118 τὰς
733 3053 982 3126 Χάριτας
1013 3055 1320 3127 παρθένους
1344 3055 1534 3122 οὔσας,
1562 3055 1767 3126 πόρνας

184 3141 477 3212 ἐποίησας.

1881 1964 1940 2004 re
1963 1949 2212 2004 student.
2247 1948 2346 2004 liis
2373 1949 2523 2003 enim
2548 1950 2847 2006 reddenda:
2880 1957 3021 2010 vicis
3044 1972 3172 2010 reus
3194 1957 3462 2020 ellieeris;

1879 2041 1959 2095 illi
1977 2055 2112 2095 vero
2127 2056 2255 2095 eum
2275 2041 2375 2095 tibi
2392 2040 2708 2096 debitorem
2743 2042 3115 2114 obstringent,
3153 2046 3247 2115 qui
3269 2047 3322 2099 in
3347 2050 3465 2101 suis

1876 2144 2156 2198 numerat,
2179 2147 2301 2202 quae
2344 2131 2400 2186 ia
2433 2133 2558 2189 illos
2594 2134 2924 2200 contuleris,
2977 2136 3187 2206 quique
3237 2139 3467 2206 eptimis

1877 2224 2423 2280 remunerationibns
2451 2225 2837 2282 misericordia
2894 2229 3284 2297 procliviorem
3343 2232 3466 2286 ani-

1876 2329 2028 2370 mum
2053 2325 2210 2371 tuum
2235 2317 2545 2372 donaturus
2567 2319 2661 2374 sit.

1947 2407 2225 2478 Ejusdem,
2261 2412 2332 2464 al.
2370 2408 2678 2465 Plutarchi.
2725 2441 2796 2451 —
2841 2409 3054 2477 Gratia,
3107 2412 3254 2468 haud
3302 2430 3467 2470 secus

1877 2514 1942 2555 ac
1972 2501 2124 2566 luna,
2152 2517 2280 2556 cum
2309 2504 2553 2572 perlecta
2579 2504 2782 2571 fuerit,
2816 2515 2948 2562 tunc
2981 2507 3216 2577 pulchra
3245 2508 3414 2563 lucet.

1945 2593 2233 2648 Democrit.
2257 2626 2327 2635 —
2360 2597 2475 2652 Deo
2498 2597 2682 2653 simile
2714 2597 2884 2654 habet
2912 2599 3078 2654 homo
3130 2599 3461 2656 benefacere

1877 2684 1968 2755 (si
2005 2687 2170 2741 modo
2193 2687 2300 2742 hoc
2323 2688 2501 2758 ipsum
2533 2705 2646 2744 non
2694 2691 3091 2764 eauponetur),
3140 2691 3460 2748 benelicen-

1875 2777 2121 2850 tiamque
2151 2795 2217 2835 ac
2253 2783 2546 2838 veritatem
2580 2783 2790 2852 colere.

1945 2867 2093 2922 Idem
2124 2883 2249 2923 eum
2276 2863 2764 2927 ahimadvertisset
2784 2871 3082 2943 quemdam
3115 2873 3461 2942 quibuslibet

1875 2959 2119 3026 proclive
2139 2960 2331 3031 largiri
2346 2977 2413 3016 ac
2442 2963 2830 3032 suppeditare,
2865 2965 3126 3034 nullaque
3147 2965 3344 3036 judicii
3371 2981 3458 3021 ra-

1876 3049 2024 3103 tione
2046 3049 2332 3120 obsequiis
2360 3053 2599 3108 eﬂ‘usum
2634 3072 2646 3107 :
2681 3055 2839 3119 Male,
2877 3057 3077 3126 inquit,
3108 3073 3327 3127 pereas,
3358 3059 3456 3130 qui

1873 3139 2110 3206 Gratias,
2135 3157 2259 3211 quae
2281 3143 2526 3213 virgines
2555 3145 2687 3208 sint,
2721 3152 3048 3204 meretrices
3073 3147 3347 3204 cﬂ‘eceris.

255 3205 816 3302 Moozlwoc.—Tb
857 3236 957 3308 μὲν
999 3238 1079 3298 είς
1124 3237 1422 3308 ἀχάριστον
1463 3234 1764 3302 ἀναλῶσαι,
1794 3205 1840 3264 C

1794 3205 1840 3264 C
1939 3229 2100 3303 557
2133 3205 2466 3290 Diosc/tionis.
2510 3267 2581 3278 —
2621 3205 2682 3291 ln
2718 3238 2994 3309 ingratum
3021 3239 3304 3310 quidpiam
3323 3256 3454 3296 con-

179 3325 504 3397 ὲπιζήμιον·
534 3325 597 3379 τὸ
629 3326 688 3379 δὲ
717 3328 796 3390 είς
822 3327 1144 3398 εὐχάριστον
1179 3326 1253 3399 μὴ
1299 3326 1599 3390 ἀναλῶσαι,
1638 3326 1768 3396 βλα-

179 3417 370 3472 ϐεοόν.

251 3437 558 3575 ῗίέιέτωνος.
581 3539 654 3552 --
686 3509 752 3562 Οἱ
784 3507 972 3564 πολλοὶ
994 3509 1102 3562 τῶν
1135 3508 1464 3581 ἀνθρώπων,
1503 3507 1639 3579 πρὸς
1665 3507 1766 3578 μὲν

177 3602 281 3664 τὰς
314 3600 588 3670 τιμωρίας
608 3602 976 3673 ἑτοιμοτέρως
1001 3601 1207 3672 ἔχουσι·
1233 3601 1372 3672 πρὸς
1397 3601 1455 3656 δὲ
1475 3601 1576 3665 τὰς
1604 3601 1766 3673 εὐερ-

177 3688 381 3756 γεσίας
417 3689 514 3742 καὶ
544 3689 750 3757 φιλίας,
793 3690 1024 3754 ὑπτίως.

267 3781 618 3850 Ἀλέξανδρ.
649 3813 718 3822 -
753 3782 1081 3855 Ξενοκράτει
1117 3783 1198 3857 τῷ
1243 3785 1523 3856 φιλοσόφῳ
1559 3785 1763 3855 πεντή-

176 3888 354 3924 κοντα
375 3871 614 3925 τάλαντα
645 3872 890 3942 πέμψας,
929 3873 1006 3937 ὡς
1029 3874 1129 3927 οὐκ
1167 3874 1406 3940 ἐδέξατο,
1441 3876 1516 3946 μὴ
1554 3875 1762 3928 δεῖσθαι

176 3966 390 4036 φήσας,
425 3964 722 4034 ἑρώτησεν,
758 3967 806 4018 εί
857 3966 992 4036 μηδὲ
1035 3966 1185 4034 φίλον
1219 3966 1334 4038 ἔχει
1381 3968 1758 4038 Ξενοκράτης·

187 4054 353 4122 Ἐμοὶ
388 4052 520 4124 γὰρ,
563 4055 690 4123 ἔφη,
737 4054 890 4122 μόλις
916 4055 951 4111 ὸ
995 4058 1223 4127 Δαρείου
1251 4056 1481 4121 πλοῦτος
1525 4057 1604 4120 είς
1637 4059 1763 4121 τούς

174 4145 374 4214 φίλους
406 4145 658 4215 ἤρκεσεν.

253 4237 416 4300 Τινδς
447 4237 504 4291 δὲ
545 4236 653 4291 τῶν
696 4238 862 4293 αὐτοῦ
910 4239 1083 4308 φίλων
1126 4241 1451 4310 αἰτήσαντος
1480 4242 1644 4297 αὐτὸν
1681 4244 1762 4306 είς

173 4332 392 4400 προῖκα
424 4329 528 4399 τῆς
566 4329 856 4402 θυγατρὸς,
876 4331 1131 4386 ἐκέλευσε
1160 4335 1499 4403 πεντήκοντα
1525 4336 1762 4388 τάλαντα

171 4421 390 4475 λαϐεῖν’
442 4420 609 4473 αὐτοῦ
651 4421 710 4475 δὲ
753 4423 1049 4494 φήσαντος,
1096 4425 1255 4479 ἱκανὰ
1302 4424 1442 4479 εἶναι
1473 4425 1630 4488 δέκα,
1669 4428 1761 4481 Σοὶ

1869 3321 2038 3387 ferre,
2088 3323 2456 3393 damnosum;
2512 3343 2624 3382 non
2666 3338 2854 3385 autem
2895 3331 3151 3386 conferre
3211 3333 3266 3387 in
3296 3348 3424 3388 eum

1867 3419 1962 3482 qui
1981 3421 2172 3482 gratus
2207 3416 2300 3481 sit,
2337 3418 2586 3474 noxium.

1937 3501 2174 3561 Catonis.
2234 3537 2306 3548 —
2351 3509 2508 3565 Multi
2576 3511 2864 3571 hominum
2926 3517 2996 3572 ad
3067 3518 3450 3574 ulciscendum

1867 3596 2306 3666 promptissimi,
2369 3599 2438 3654 ad
2504 3604 2816 3670 praestanda
2879 3615 3066 3662 autem
3122 3625 3352 3664 munera
3393 3619 3452 3666 et

1866 3685 2141 3753 amicitias
2168 3689 2544 3746 conciliandas
2583 3694 2884 3749 tardissimi
2918 3687 3073 3753 sunt.

1933 3779 2261 3834 Alexander.
2285 3812 2354 3822 —
2389 3782 2528 3838 Cum
2559 3784 2856 3843 Xenocrati
2914 3790 3246 3862 philosopho
3281 3795 3448 3863 quin-

1864 3873 2125 3942 quaginta
2159 3875 2361 3929 talenta
2387 3877 2649 3940 misisset,
2698 3881 2855 3949 isque
2894 3883 3262 3953 repudiasset,
3297 3887 3447 3957 quod

1863 3965 1969 4018 sibi
1996 3981 2137 4033 opus
2177 3981 2301 4021 esse
2332 3979 2591 4038 negaret;
2634 3984 2988 4040 percontatus
3012 3964 3134 4040 cst,’
3167 3995 3298 4034 num
3348 3997 3450 4038 nec

1863 4057 2101 4110 amicum
2153 4057 2495 4116 Xenocrates
2537 4063 2768 4120 haberet
2800 4083 2815 4119 :
2852 4067 2984 4121 Mihi
3014 4069 3186 4135 enim,
3244 4073 3445 4143 inquit,

1861 4148 1952 4201 vix
1992 4150 2136 4204 Darii
2175 4167 2306 4220 gaza
2342 4153 2398 4206 in
2436 4155 2645 4210 amicos
2680 4156 2983 4214 sufﬁceret.

1930 4237 2068 4292 Cum
2105 4240 2329 4309 quidam
2383 4243 2686 4298 amicorum
2729 4246 2786 4302 in
2845 4247 2971 4304 ﬁlia:
3002 4251 3187 4307 dotem
3232 4255 3444 4324 aliquid

1862 4330 1932 4384 ab
1970 4346 2037 4386 eo
2064 4333 2332 4401 petiissct,
2366 4335 2769 4410 quinquaginta
2801 4343 3006 4397 talenta
3033 4345 3202 4415 jussit
3248 4364 3446 4405 nume-

1863 4425 2005 4490 rari;
2047 4425 2139 4481 illo
2189 4435 2374 4484 autem
2424 4430 2645 4487 dicente
2691 4433 2884 4489 decem
2926 4439 3061 4493 satis
3095 4456 3258 4495 esse:
3295 4442 3441 4510 Tibi,

175 4515 304 4584 μὲν»
337 4513 467 4584 ἔφη.
505 4513 710 4581 λαθεῖν,
745 4515 868 4584 ἐμοὶ
896 4516 951 4570 δὲ
988 4516 1088 4588 οὐχ
1123 4518 1285 4572 ἱκανὰ
1310 4515 1449 4573 εἶναι
1478 4518 1610 4572 δέκα
1637 4519 1758 4574 δοῦ·
1792 4540 1836 4595 D

1792 4540 1836 4595 ι)
1865 4517 2064 4585 inquit,
2090 4519 2225 4573 satis
2250 4519 2440 4576 decem
2467 4524 2752 4594 accipere;
2789 4527 2925 4582 mihi
2945 4539 3131 4586 autem
3160 4549 3270 4589 non
3307 4538 3442 4592 satis

172 4623 290 4660 ναι.

262 4698 324 4751 Ὀ
355 4699 518 4762 αὐτὸς
553 4698 852 4771 πληρώσας
889 4698 1020 4752 ποτὲ
1058 4699 1260 4753 ὀστέων
1284 4699 1510 4764 πίνακα,
1541 4698 1758 4769 ἔπεμψε

170 4792 424 4859 Διογένει
463 4790 542 4862 τῷ
570 4791 794 4863 Κυνικῷ
841 4791 1136 4863 φιλοσόφῳ⁸
1175 4795 1203 4846 ὁ
1248 4792 1305 4846 δὲ
1345 4791 1543 4856 λαϐὼν,
1583 4789 1755 4857 εἶπεν,

171 4881 418 4937 Κυνικὸν
445 4881 547 4953 μὲν
577 4882 638 4936 τὸ
670 4883 886 4955 βρῶμα,
919 4884 980 4938 οὐ
1009 4883 1289 4955 βασιλικὸν
1320 4884 1377 4936 δὲ
1408 4884 1466 4938 τὸ
1492 4883 1685 4954 δῶρον.

257 5058 320 5112 '0
373 5059 536 5124 αὐτὸς
579 5056 757 5126 εἶπεν,
808 5063 910 5131 τῆς
949 5063 1119 5134 αὐτῆς
1170 5064 1448 5136 ἁμαρτίας
1502 5062 1664 5130 εἶναι,
1695 5066 1757 5119 τὸ

167 5152 381 5208 δ.δόναι
407 5147 489 5218 οἷς
532 5153 610 5224 μὴ
639 5154 739 5219 δεῖ,
769 5156 864 5208 καὶ
888 5155 948 5210 τὸ
983 5155 1058 5226 μὴ
1087 5156 1287 5211 διδόναι
1313 5155 1396 5220 οἷς
1422 5158 1523 5212 δεῖ.

241 5244 509 5313 Διογένης
554 5245 854 5317 ἐρωτηθεὶς
907 5246 1014 5299 ὑπό
1055 5263 1233 5310 τινος,
1272 5248 1361 5300 διὰ
1405 5250 1528 5301 τινα
1570 5249 1754 5302 αἰτίαν

164 5333 216 5385 οἱ
252 5330 558 5402 ἄνθρωποι,
597 5334 709 5398 τοῖς
758 5334 859 5404 μὲν
891 5337 1268 5406 προσαιτοῦσι,
1288 5336 1512 5390 διδόασι·
1549 5339 1660 5399 τοῖς
1691 5337 1749 5390 δὲ

165 5423 582 5493 φιλοσοφοῦσιν,
627 5424 900 5496 οὐδαμῶς,
933 5421 1254 5490 εῖπεν,⁶⁸οτι
1302 5430 1466 5500 χωλοὶ
1524 5430 1622 5500 μὲν
1658 5429 1753 5483 καὶ

162 5515 368 5584 τυφλοὶ
399 5513 532 5578 ἴσως
557 5514 836 5582 ἐλπίζουσι
867 5518 1147 5585 γενέσθαι,
1184 5520 1464 5591 φιλόσοφοι
1493 5521 1549 5574 δὲ
1593 5520 1676 5576 οὗ.

792 5633 1133 5687 Φιλιστίων.

352 5721 431 5790 τῇ
457 5721 744 5796 develat?
755 5724 1028 5796 κρεῖττόν
1058 5726 1230 5780 ἐστιν
1254 5728 1292 5796 ἢ
1319 5728 1588 5796 βροτοῖς,

237 5791 402 5856 Ἥτις
455 5793 672 5860 τόκους
703 5793 911 5848 δίδωσι
939 5795 1026 5864 μὴ
1060 5791 1440 5866 λυπουλιέιῖη.

1859 4609 2047 4664 decem
2082 4611 2235 4666 dare.

1930 4701 2076 4755 Idem
2129 4703 2342 4758 discum
2397 4706 2618 4762 ossibus
2675 4709 2900 4778 plenum
2957 4712 3186 4784 Diogeni
3235 4716 3443 4788 Cynico

1859 4792 2190 4863 philosopho
2240 4796 2429 4851 misit:
2478 4814 2588 4868 quo
2624 4812 2872 4871 accepto,
2914 4804 3029 4859 ait:
3066 4806 3162 4861 Est
3214 4809 3439 4877 quidem

1859 4883 2020 4940 cibus
2081 4887 2310 4957 cynicus
2362 4890 2487 4960 (qui
2549 4892 2762 4948 scilicet
2815 4909 3008 4950 canem
3063 4898 3301 4970 deccat).
3342 4904 3440 4958 sed

1858 4974 2062 5031 donum
2087 4978 2315 5034 minime
2354 4983 2586 5052 regium.

1927 5067 2076 5122 idem
2126 5069 2377 5124 dicebat:
2427 5072 2486 5125 In
2516 5073 2710 5125 eodem
2734 5076 3053 5140 ponendum
3101 5077 3255 5145 vitio,
3306 5083 3436 5139 dare

1858 5157 2118 5226 indignis,
2154 5168 2211 5212 et
2245 5160 2428 5229 dignis
2461 5175 2572 5215 non
2605 5162 2759 5216 dare.

1925 5249 2254 5317 Diogenesa
2311 5252 2547 5320 quodam
2600 5264 2823 5325 rogatus
2854 5259 2986 5328 quid
3045 5275 3220 5317 causa!
3266 5275 3433 5328 esset,
3536 5313 3539 5315 .

1855 5352 1954 5391 cur
2015 5339 2270 5395 homines
2316 5343 2586 5398 mendicis
2637 5344 2852 5411 darent,
2913 5349 3258 5419 philosophis
3305 5371 3435 5410 \ero

1856 5432 1991 5485 nihil
2022 5433 2392 5502 largircntur:
2427 5435 2584 5502 Quia,
2611 5438 2814 5506 inquit,
2841 5456 2898 5496 se
2933 5443 3161 5498 claudos
3186 5455 3434 5502 etcaeeos

1855 5523 1970 5580 fore
1991 5537 2310 5596 exspectare
2329 5537 2578 5597 possunt,
2596 5531 2954 5602 philosophos
2975 5543 3158 5589 autem
3182 5536 3426 5592 minime.

2495 5643 2789 5698 Philistio".

1929 5730 2157 5806 Brwstat
2189 5742 2364 5806 lerrw,
2393 5750 2554 5803 quam
2593 5737 2923 5800 mortalibus,
2966 5747 3204 5792 mutuum
3233 5739 3398 5806 dare;

1925 5801 2054 5866 Qua:
2079 5819 2182 5857 non
2221 5801 2413 5860 invita.
2438 5821 2630 5860 usuras
2660 5807 2844 5860 reddat
2867 5824 2929 5860 ac
2960 5809 3162 5878 fenora.
