4246 6438
1874 399 1934 457 S.
1978 396 2265 457 MAXIMI
2308 394 2819 455 CONFESSORIS

3886 385 3988 453 7'76

823 520 1061 587 gmdri.
1097 548 1164 557 -—
1191 514 1496 588 Lysander,
1522 526 1648 567 cum
1690 511 1742 565 ci
1780 509 2074 581 Dionysius
2108 518 2298 580 tyran-

2479 507 2786 573 Λυσάνδρ.
2817 535 2889 546 -
2927 492 3257 576 Λύσανδρος,
3298 501 3572 557 Διονυσίου
3602 498 3697 553 τοῦ
3721 498 3992 570 τυράννοι-

714 627 819 665 ῖηυδ
867 613 922 665 in
979 610 1215 664 filiarum
1273 623 1434 662 usum
1487 615 1670 660 vestes
1722 603 1997 672 pretiosas
2038 602 2301 662 misisset,

714 703 896 757 noluit
918 704 1198 770 accipere,
1226 699 1449 753 dicens:
1479 694 1669 750 Vereri
1699 708 1767 768 ne
1823 692 1919 747 illo
1952 700 2149 746 ornatu
2186 698 2303 743 tur-

716 793 903 861 piores
928 805 1006 845 ea:
1033 788 1383 843 viderentur.

786 881 991 944 Gratia,
1026 882 1073 935 si
1121 874 1255 950 quid
1302 876 1453 932 aliud
1512 875 1568 929 in
1621 874 1755 938 vita,
1798 872 2082 943 plerisque
2136 883 2302 939 quam

714 974 984 1031 citissime
1018 973 1331 1027 marcescit.

788 1067 1054 1119 Demosth.
1096 1096 1163 1105 —
1194 1063 1296 1129 Qui
1323 1076 1432 1115 non
1468 1066 1619 1114 recte
1654 1059 1814 1113 malis
1835 1066 2092 1120 utuntur,
2127 1068 2231 1108 nec
2257 1053 2304 1106 si

717 1158 962 1213 faustum
1018 1156 1228 1227 aliquid
1271 1170 1301 1209 a
1358 1154 1472 1208 Deo
1517 1153 1631 1207 illis
1679 1150 2002 1221 contigerit,
2070 1146 2304 1203 remini-

722 1262 978 1307 scunlur.

788 1345 989 1401 Aiebat
1044 1342 1221 1407 idem,
1269 1357 1397 1396 cum
1453 1340 1546 1411 qui
1598 1336 1929 1394 beneficium
1985 1332 2304 1395 contulerit,

719 1438 841 1507 ejus
895 1434 1185 1490 confestim
1232 1433 1438 1488 debere
1492 1430 1782 1486 oblivisci:
1838 1444 1969 1483 eum
2031 1440 2166 1481 vero
2210 1424 2307 1494 qui

720 1530 943 1599 accipit,
985 1528 1040 1582 in
1075 1538 1403 1599 perpetuum
1436 1525 1774 1580 meminisse.

794 1585 1341 1687 Illcractiti'Phlysici.
1393 1646 1465 1655 —
1522 1613 1848 1684 Opportuna
1899 1610 2100 1681 gratia,
2149 1585 2305 1677 quasi

719 1710 882 1766 cibus
908 1710 1037 1765 fami
1062 1708 1426 1773 conveniens,
1454 1706 1625 1761 animi
1658 1703 2025 1774 indigentiam
2053 1703 2232 1753 sanat.

1360 1902 1661 1957 Menandri.

723 2023 853 2075 Cum
901 2021 1039 2073 a!ius
1067 2017 1198 2071 nihil
1227 2017 1520 2087 quidquam
1561 2014 1797 2087 amplius
1813 2083 1822 2087 _
1847 2012 1977 2087 dare
2005 2008 2165 2087 uolet,

722 2092 939 2144 Partem
959 2090 1154 2158 accipe.
1183 2082 1306 2141 Prin
1335 2082 1395 2139 eo
1427 2088 1567 2158 enim
1597 2082 1663 2158 ut:
1689 2083 1822 2158 nihil
1852 2082 2104 2158 accipias,

727 2159 817 2213 νει
846 2161 1022 2213 minus
1049 2150 1310 2229 accipere,
1350 2157 1575 2227 majoris
1607 2154 1831 2226 aliquid
1858 2150 2315 2292 ιὶὺῖῃξὲἓῖἓτξριη-

1236 2408 1402 2480 553
1435 2406 1667 2463 SERMO
1707 2406 1797 2462 lx.

913 2518 990 2573 De
1021 2519 1339 2590 magistratu
1367 2534 1461 2572 seu
1491 2519 1738 2589 imperio,
1769 2524 1818 2571 et
1850 2524 2129 2587 potestate.

800 2608 968 2663 Eccti.
1007 2624 1198 2674 χχχιιι,
1229 2609 1321 2663 24.
1347 2638 1418 2648 —-
1447 2609 1526 2663 Ne
1557 2607 1781 2663 dederis
1800 2607 2073 2661 maculam
2100 2606 2156 2661 in
2194 2605 2312 2676 glo-

728 2701 866 2755 riam
898 2710 1082 2765 tuam;
1115 2710 1173 2755 et
1198 2701 1255 2754 in
1282 2700 1375 2755 die
1404 2699 1594 2770 gloria:
1622 2713 1692 2755 ne
1721 2698 2030 2754 extollaris.

799 2790 992 2845 Basilii
1018 2791 1175 2847 Hom.
1225 2792 1281 2845 in
1311 2792 1525 2845 initium
1551 2790 1804 2845 Prouerb.
1834 2820 1905 2831 ——
1934 2790 2184 2859 Regnum
2230 2797 2317 2843 est

727 2880 973 2951 legitima
1006 2882 1269 2951 prmfectu
1279 2898 1358 2937 ra.

800 2971 933 3037 Quae
955 2972 1123 3041 igitur
1147 2988 1178 3027 a
1209 2988 1340 3043 rege
1370 2972 1671 3028 traduntur
1715 2982 2016 3043 praecepta,
2058 2973 2153 3042 qui
2186 2987 2317 3027 vere

726 3079 792 3120 ea
811 3063 1012 3133 dignus
1041 3062 1115 3118 sit
1137 3064 1529 3132 appellatione,
1559 3064 1720 3134 longe
1747 3065 1991 3133 iegitima
2020 3071 2168 3129 sunt,
2198 3077 2319 3132 qm

731 3155 990 3209 nimirum
1019 3154 1073 3208 id
1103 3163 1379 3224 spectent,
1405 3153 1553 3224 quod
1594 3155 1811 3211 cunctis
1845 3156 2149 3209 univcrsim
2183 3154 2321 3208 utile

2409 596 2726 666 πέμψαντος
2757 595 2956 665 ἱμάτια
2980 596 3097 658 ταῖς
3121 594 3458 663 θυγατράσιν
3489 590 3656 645 αὐτοῦ
3679 589 3789 641 τῶν
3828 588 3993 640 πολυ-

2407 689 2599 753 τελῶν,
2647 688 2750 740 ob):
2794 683 3007 751 ἔλαϐεν,
3042 685 3236 755 εἰπὼν,
3281 684 3513 737 δεδιέναι
3570 682 3644 752 μὴ
3685 680 3773 734 διὰ
3822 678 3993 732 ταῦτα

2410 781 2614 849 μᾶλλον
2646 779 2873 850 αἰσχραὶ
2902 778 3167 848 φανῶσιν.

2490 872 2555 923 Ἠ
2588 871 2771 942 χάρις,
2796 872 2873 935 ὡς
2902 871 3057 925 οὐδὲν
3086 870 3215 925 ἄλλο
3247 872 3305 924 ἐν
3335 870 3457 941 βίῳ,
3497 870 3609 931 τοῖς
3650 866 3867 928 πολλοῖς
3898 865 3996 917 τά·

2406 980 2569 1034 χιστα
2599 964 2894 1033 γηράσκει.

2478 1057 2737 1124 Δημοσθ.
2767 1083 2839 1095 —
2864 1055 2927 1106 υἱ
2962 1054 3039 1125 μὴ
3079 1054 3419 1125 χρησάμενοι
3462 1054 3576 1115 τοῖς
3619 1050 3831 1120 καιροῖς
3871 1045 3996 1117 [κα-

2410 1148 2549 1217 κοῖς]
2578 1146 2776 1218 ὀρθῶς,
2808 1147 2929 1200 οὐδὲ
2950 1149 3000 1199 εἰ
3027 1146 3230 1216 συνέϐη
3263 1162 3315 1197 τι
3346 1145 3533 1206 αὐτοῖς
3554 1140 3705 1211 παρὰ
3727 1139 3822 1191 τοῦ
3859 1136 3996 1190 Θεοῦ

2410 1239 2667 1311 χρηστὸν,
2696 1254 2804 1309 μνη
2812 1238 3153 1309 μονεύουσιν.

2491 1331 2549 1384 '0
2567 1330 2731 1393 αὐτὸς
2757 1329 2964 1398 ἔλεγεν,
2989 1329 3096 1383 Τδν
3122 1330 3221 1399 μὲν
3244 1328 3454 1382 διδόντα
3482 1326 3664 1396 χάριν,
3688 1324 3796 1394 χρὴ
3815 1339 3997 1391 παρα-

2412 1420 2602 1491 χρῆμα
2653 1419 3136 1474 ὲπι).ανθάνεσθαι’
3200 1418 3296 1471 τὸν
3353 1418 3411 1470 δὲ
3461 1414 3851 1486 λαμϐάνοντα,
3906 1412 4001 1463 διὰ

2410 1510 2612 1573 παντὸς
2638 1511 2973 1580 μεμνῆσθαι.

2490 1602 2869 1670 Ἡρακλείτου
2920 1601 3211 1655 Φυσικοῦ.
3262 1632 3332 1643 -
3388 1601 3453 1653 Ἠ
3501 1597 3757 1668 εὔκαιρος
3814 1593 3997 1664 χάρις,

2410 1695 2553 1764 λιμῷ
2582 1693 2836 1765 καθάπερ
2864 1694 3042 1765 τροφὴ
3086 1694 3460 1765 ἁρμόττουσα,
3517 1691 3615 1761 τὴν
3672 1689 3771 1759 τῆς
3816 1685 4000 1756 ψυχῆς

2411 1782 2618 1837 ἔνδειαν
2649 1784 2816 1840 ἰᾶται.

3020 1897 3393 1966 Μενάνδρου.

2483 2012 2670 2080 Ὅταν
2716 2010 2920 2080 ἕτερός
2958 2025 3059 2064 σοι
3098 2011 3295 2080 μηδὲν
3326 2007 3541 2064 πλεῖον
3574 2006 3739 2080 διδῷ,

2482 2079 2655 2146 Δέξαι
2686 2083 2753 2135 τὸ
2780 2077 3013 2150 μόριον·
3042 2077 3149 2134 τοῦ
3173 2080 3399 2150 λαϐεῖν,
3420 2080 3532 2149 γὰρ
3567 2077 3782 2145 μηδὲν,

2489 2151 2562 2205 Τὸ
2586 2145 2799 2206 λιισεῖιὲ
2821 2145 3097 2215 ἔλαττον,
3128 2150 3343 2204 πλεῖον
3370 2145 3543 2202 ἕαται
3570 2163 3672 2201 σοι
3709 2145 3891 2199 πολὺ.

3007 2402 3230 2457 ΛΟΓυΣ
3264 2400 3321 2455 6'
3353 2402 3419 2453 ".

2716 2516 2858 2586 Περὶ
2900 2514 3095 2586 ἀρχῆς
3135 2516 3236 2570 καὶ
3269 2514 3558 2580 ἐξουσίας
3601 2514 3701 2583 (d).

2486 2607 2667 2678 Σιρὰχ
2705 2611 2822 2676 λη’.
2846 2607 3025 2677 -Μὴ
3057 2605 3165 2676 δῷς
3194 2605 3386 2677 μῶμον
3411 2605 3472 2658 ἐν
3492 2605 3558 2673 τῇ
3586 2602 3713 2672 δόξῃ
3754 2616 3874 2663 σου,
3910 2614 4006 2652 και

2375 2721 2381 2729 ’
2415 2703 2474 2755 ὲν
2497 2701 2687 2773 ἡμέρᾳ
2712 2698 2871 2770 δόξης
2897 2700 2973 2770 μὴ
3004 2700 3259 2769 ὲπαίρου.

2486 2790 2834 2845 Βασιλείου.
2869 2819 2939 2830 -
2972 2786 3230 2842 Βασιλεία
3251 2787 3399 2840 ἐστὶν
3434 2785 3657 2852 ἔννομος
3687 2780 4005 2836 ἐπιστασία.

2412 3000 2428 3012 -
2485 2968 2550 3018 Ai
2594 2960 2689 3018 οὗν
2716 2965 2869 3034 παρὰ
2901 2963 3167 3033 βασιλέως
3190 2963 3464 3029 διδόμεναι
3495 2960 3789 3023 ὑποθῆκαι,
3818 2957 3913 3005 τοῦ
3940 2967 4006 3017 γε

2416 3053 2632 3123 άληθῶς
2662 3053 2764 3122 τῆς
2804 3051 3182 3123 προσηγορίας
3211 3049 3415 3117 ταύτης
3442 3046 3619 3111 ἀξίου,
3650 3044 3787 3097 πολὺ
3822 3042 3885 3095 τὸ
3919 3044 4007 3094 v6-

2424 3162 2589 3215 μιμον
2618 3144 2823 3213 ἔχουσι,
2872 3143 2935 3196 τὸ
2979 3145 3132 3214 κοινῇ
3177 3144 3312 3194 πᾶσι
3360 3138 3635 3198 λυσιτελὲς
3680 3136 4004 3198 σκοποῦσαι,

728 3256 835 3309 est,
864 3261 976 3299 non
1015 3261 1137 3315 qua:
1160 3244 1229 3299 ad
1256 3245 1481 3314 privata:
1517 3245 1778 3299 utilitatis
1822 3258 2050 3313 scopum
2093 3258 2316 3313 compa-

2420 3238 2513 3290 καὶ
2534 3235 2653 3305 οὐχὶ
2684 3236 2821 3306 πρὸς
2852 3235 2944 3288 τὸν
2980 3234 3181 3289 σκοπὸν
3222 3234 3319 3302 τῆς
3351 3232 3485 3295 ιδίας
3516 3230 3785 3301 ὠφελείας
3812 3246 4006 3282 συντε-

729 3348 848 3393 rata
900 3339 1031 3393 sint.
1093 3335 1208 3392 Hoc
1260 3337 1411 3391 enim
1475 3345 1772 3407 tyrannum
1812 3335 1961 3389 inter
2018 3350 2318 3405 regemque

728 3429 942 3495 differt,
977 3429 1125 3500 quod
1150 3429 1240 3484 ille
1273 3429 1645 3499 undequaque
1679 3443 1779 3485 sua
1806 3436 1965 3498 parat
1998 3427 2317 3493 commoda;

730 3525 823 3579 hic
852 3539 1008 3589 vero,
1039 3537 1235 3578 eorum
1270 3521 1474 3591 quibus
1498 3530 1701 3590 prtucst
1722 3519 1954 3574 utilitati
1980 3519 2188 3573 studet.

803 3616 862 3672 Si
894 3632 984 3669 cor
1022 3616 1159 3685 regis
1185 3615 1242 3667 in
1274 3630 1438 3668 manu
1470 3612 1570 3666 Dei
1603 3619 1679 3666 est
1710 3612 1898 3683 (Prov.
1937 3627 2049 3676 XXI,
2078 3609 2155 3680 1),
2204 3623 2317 3662 non

734 3723 1021 3763 armorum
1067 3707 1291 3761 viillius
1340 3706 1656 3760 consultum
1708 3704 1874 3758 saluti
1922 3712 2028 3766 est,
2064 3702 2162 3757 sed
2208 3702 2323 3755 Deo

736 3798 816 3853 illi
853 3796 1082 3851 ductore
1116 3810 1182 3850 ac
1232 3794 1491 3865 praeside.
1530 3794 1629 3850 Est
1678 3804 1865 3847 autem
1916 3793 1972 3846 in
2014 3793 2109 3847 Dei
2153 3806 2322 3846 manu

736 3905 845 3945 non
873 3889 1077 3959 quivis,
1106 3890 1203 3944 sed
1231 3889 1329 3959 qui
1365 3888 1511 3958 regis
1540 3888 1954 3957 nuncupatione
1994 3887 2193 3957 (lignus
2216 3894 2319 3941 est.

808 4070 888 4125 Ex
919 4068 1188 4138 principis
1228 4067 1413 4122 indole
1452 4066 1710 4136 componi
1742 4065 2067 4135 plerumque
2115 4065 2325 4120 subditi

737 4158 969 4213 solent:
1016 4168 1079 4212 ut
1133 4157 1553 4226 qualescunque
1610 4154 1831 4211 tandem
1890 4154 2096 4210 fuerint
2132 4155 2327 4211 ducto—

739 4264 849 4315 res,
889 4248 1026 4304 tales
1054 4248 1149 4319 qui
1187 4248 1421 4318 imperio
1449 4255 1718 4319 reguntur
1753 4262 1980 4301 necesse
2010 4246 2083 4302 sit
2110 4262 2253 4302 esse.

812 4422 987 4479 Vetus
1015 4424 1292 4479 sententia
1342 4433 1448 4488 est,
1484 4423 1580 4494 qui
1610 4423 1803 4479 virtuti
1854 4424 2132 4489 studeant,
2179 4425 2327 4480 haud

740 4516 985 4573 libenter
1018 4526 1077 4571 ut
1125 4518 1505 4588 magistratum
1537 4516 1738 4571 adeant
1775 4515 2014 4586 adjicere
2056 4506 2325 4572 animum.

2420 3325 2710 3395 ταγμέναι.
2742 3325 2915 3377 Τοῦτο
2962 3325 3071 3394 γὰρ
3116 3323 3363 3393 διαφέρει
3411 3322 3675 3392 τύραννος
3711 3320 4006 3391 βασιλέως.

2421 3417 2503 3471 ὅτι
2531 3420 2560 3471 ὁ
2592 3417 2692 3488 μὲν
2725 3416 2786 3470 τὸ
2811 3415 3006 3471 ἑαυτοῦ
3034 3416 3373 3484 πανταχόθεν
3409 3416 3622 3468 σκοπεῖ·
3649 3416 3677 3467 ὁ
3704 3414 3782 3478 δὲ,
3805 3413 3867 3466 τὸ
3893 3416 4008 3478 τῶς

2423 3512 2747 3582 ἀρχομένοις
2774 3508 3052 3579 ὠφέλιμον
3096 3507 3399 3578 ἐκπορίζει.

2516 3603 2764 3668 Πιιροιιι.
2804 3596 2917 3652 κη’.
2953 3625 3023 3638 -
3052 3597 3115 3650 Εἰ
3157 3597 3373 3664 καρδία
3413 3596 3725 3661 ,βασιλέως
3751 3595 3823 3648 ἐν
3850 3612 4007 3663 χειρι

2426 3691 2598 3754 Θεοῦ,
2623 3693 2683 3745 οὑ
2714 3689 2949 3755 σώζεται
2974 3689 3064 3742 διὰ
3103 3687 3423 3759 ὁπλιτικτὴν
3461 3688 3712 3757 δύναμιν,
3748 3685 3887 3740 ἀλλὰ
3920 3686 4010 3739 διὰ

2424 3785 2524 3854 τὴν
2567 3782 2722 3837 θείαν
2766 3781 3163 3853 χειραγωγίαν.
3222 3780 3312 3832 Ἐν
3355 3779 3502 3850 χειρὶ
3555 3778 3610 3830 δὲ
3658 3776 3794 3830 Θεοῦ
3835 3780 4009 3840 ἐστιν,

2425 3876 2523 3946 οὐχ
2550 3856 2809 3945 δ’τυχὼν,
2852 3871 2968 3927 ἀλλ’
3008 3874 3037 3925 ὁ
3084 3870 3234 3935 ἄξιος
3273 3870 3372 3941 τῆς
3406 3867 3501 3921 τοῦ
3533 3867 3800 3939 βασιλέως
3833 3883 4011 3937 προσ-

2427 3964 2677 4036 ηγορίας.

2497 4057 2643 4129 Πρὸς
2686 4056 2750 4109 τὸ
2778 4054 2873 4110 τοῦ
2921 4056 3179 4127 ἄρχοντος
3217 4048 3348 4126 ἦθος
3387 4050 3718 4107 πλάττεσθαι
3766 4050 4013 4117 πέφυκεν

2428 4150 2504 4213 ὡς
2557 4150 2625 4201 τά
2664 4148 2835 4203 πολλὰ
2879 4149 2942 4201 τὸ
3018 4148 3356 4219 ἀρχόμενον·
3388 4145 3530 4199 ὥστε
3574 4143 3749 4198 ὁποῖοὶ
3787 4160 3920 4195 ποτε
3965 4144 4013 4194 οἱ

2429 4239 2654 4307 ἄγοντες
2691 4231 2816 4304 ὦσι,
2847 4237 3091 4293 τοιοῦτον
3134 4237 3350 4307 ἀνάγκη
3386 4236 3483 4288 καὶ
3521 4235 3581 4288 τὸ
3618 4229 4013 4304 ά[να]γόμενον

2429 4332 2589 4390 εἶναι.

2502 4425 2743 4489 Παλαιός
2801 4426 2918 4478 ἐστι
2962 4423 3138 4491 λόγος,
3188 4424 3314 4486 τοὺς
3361 4421 3562 4493 ἀρετῆς
3607 4418 4012 4491 μεταποιουμέ-

2434 4534 2580 4581 νους,
2619 4518 2737 4588 μεθ’
2770 4515 2965 4586 ἡδονῆς
3003 4514 3201 4577 αὐτοὺς
3244 4513 3321 4584 μὴ
3350 4512 3663 4567 ἐπιϐάλλειν
3688 4514 3906 4581 ἀρχαῖς.

813 4609 1079 4681 Tlicologi.
1110 4640 1165 4650 —
1206 4610 1344 4664 Cum
1398 4607 1611 4664 homini
1655 4607 1883 4663 difficile
1935 4607 2009 4663 sit
2054 4608 2198 4663 scire
2233 4625 2319 4679 pa-

2509 4610 2829 4678 Θεολόγου.
2865 4634 2935 4649 -—
2973 4605 3271 4677 Ἀνθρώπῳ
3304 4604 3543 4676 χαλεποῦ
3584 4604 3736 4667 ὄντος
3784 4603 3846 4656 τὸ
3880 4601 4015 4659 εἰδέ-

2039 4774 2275 4830 VARle
2308 4773 2605 4830 LECTION
2616 4773 2718 4828 ES.

818 4910 859 4940 "
900 4909 995 4962 Est
1028 4908 1082 4963 in
1116 4907 1283 4964 Gesn.
1320 4908 1540 4965 Stobzeo
1589 4911 1691 4964 155
1747 4917 1803 4964 et
1869 4910 1991 4976 154,
2052 4920 2162 4964 etc.

2233 5045 2463 5101 NOTAE.

818 5179 896 5248 (Α)
927 5179 1064 5247 Περὶ
1104 5180 1326 5250 Ἀρχῆς
1360 5181 1461 5236 καὶ
1508 5180 1817 5246 ἐξουσίας.
1870 5180 2071 5250 Incipit
2102 5183 2173 5236 ab
2226 5184 2331 5238 hoc

748 5236 1181 5321 seruirone'liber
1207 5236 1389 5308 ICITV.
1444 5251 1512 5306 de
1558 5236 1920 5316 'Ballesd'ens;
1956 5236 2073 5320 ipse
2107 5236 2331 5321 quoque

747 5320 1050 5392 ejusinitio
1078 5322 1529 5386 oblitteratus,ut
1556 5322 1778 5375 nonnisi
1821 5321 1889 5392 ab
1920 5320 2180 5392 Antigoni
2209 5320 2334 5376 sen-

750 5390 925 5444 tentia
949 5397 1005 5444 et
1032 5393 1286 5460 sequenti
1317 5392 1358 5446 E
1400 5392 1709 5447 aminondaa
1742 5391 1847 5461 legi
1904 5390 2184 5461 potuerit.
2238 5408 2335 5447 cu-

753 5461 840 5516 ius
867 5460 984 5514 haec
1000 5470 1171 5516 tanta.
1213 5478 1323 5516 una
1357 5409 1589 5516 autumn
1636 5462 1908 5516 duntaxat
1953 5473 2181 5516 excepta
2208 5478 2334 5516 sen-

749 5460 984 5540 jusbaac
1000 5470 1171 5540 tanta.
1213 5478 1323 5540 una
1357 5460 1589 5540 forsitan
1636 5460 1919 5540 duntaxat
1953 5473 2181 5540 excepta
2208 5478 2334 5540 sen-

754 5530 956 5593 tentia,
999 5530 1230 5587 Gesneri
1262 5548 1395 5588 cura
1421 5532 1653 5587 Maximo
1673 5534 1882 5598 ablata,
1939 5530 2181 5588 Antonio
2223 5534 2324 5586 tri-

754 5602 910 5673 buta,
943 5616 1111 5655 serm.
1152 5602 1206 5655 in
1233 5603 1448 5659 Stobaeo
1475 5604 1579 5658 155
1608 5612 1665 5659 et
1693 5604 2076 5673 sequentibus,
2129 5603 2333 5673 quibus

754 5671 871 5744 haec
898 5672 1006 5727 late
1064 5674 1296 5728 materia
1330 5684 1623 5739 tractatur,
1656 5683 1713 5729 et
1760 5671 1882 5744 quae
1907 5674 1976 5728 ad
2034 5671 2212 5728 bonos
2249 5676 2334 5728 vel

755 5742 1238 5822 malosprjncipes
1260 5760 1335 5822 _ac
1356 5760 1513 5816 reges
1557 5742 1837 5814 spectant;
1892 5760 2015 5815 qua:
2051 5745 2337 5822 _lllaximus

758 5826 869 5869 uno
908 5814 1067 5870 titulo
1095 5814 1493 5887 complexus'et
1520 5825 1845 5887 prosecutus
1873 5823 2012 5872 erat.
2051 5815 2337 5885 Tantaque

2440 5183 2530 5238 illa
2563 5197 2717 5252 seges
2738 5182 2989 5237 locorum
3014 5181 3315 5253 Scriptura:
3346 5196 3416 5239 at)
3440 5198 3508 5239 eo
3560 5183 3790 5240 collecta
3823 5185 3918 5250 sit,
3961 5195 4020 5241 nt

2439 5253 2542 5327 loci
2571 5253 2795 5327 Patrum
2820 5252 3319 5327 Basiliit'l‘heologi
3358 5265 3417 5309 et
3441 5254 3841 5327 Chrysostomi,
3889 5258 4018 5325 qui-

2441 5322 2545 5376 bus
2577 5323 2852 5393 prmeipue
2871 5323 2949 5377 illi
2979 5323 3224 5378 solemne
3249 5322 3449 5379 horum
3498 5322 3746 5380 locorum
3811 5322 4021 5381 doctri-

2440 5407 2568 5465 nam
2600 5392 3255 5465 moralem‘confirmare:
3289 5394 3590 5465 exquibus
3656 5410 3829 5464 pauca
3881 5396 4020 5451 deli-

2440 5462 2586 5535 babo
2613 5463 2888 5535 superiori
2938 5465 3282 5535 conjectura,
3317 5462 3419 5519 nc'
3446 5467 3529 5520 sic
3574 5462 3797 5535 jejunus
3847 5466 3903 5519 in
3939 5467 4022 5520 eis

2440 5532 2712 5587 Maximus
2737 5533 2921 5598 abeat,
2946 5532 3053 5602 per
3071 5533 3299 5589 Gesneri
3335 5536 3484 5589 illam
3529 5532 3589 5589 in
3614 5532 3742 5591 eum
3778 5537 4022 5589 molitio-

2441 5618 2602 5657 nem:
2646 5604 2701 5674 in
2751 5604 2978 5673 reliquis
3013 5605 3137 5674 vale
3184 5605 3333 5660 dicto
3377 5607 3737 5674 coniectum,
3775 5606 4016 5660 Ballesd.

2442 5689 2544 5747 ms.
2568 5672 2745 5747 codex
2780 5672 2898 5747 ipse
2933 5673 3098 5729 nobis
3142 5674 3254 5729 dux
3279 5677 3387 5747 erit
3423 5672 3723 5747 et'regula,
3779 5692 3887 5747 qua
3913 5677 4018 5730 sibi

2443 5744 3080 5816 Maximumreddamus,
3132 5760 3307 5816 eaque
3346 5744 3612 5802 duntaxat
3654 5744 4015 5811 ascribemus,

2443 5829 2565 5885 qua:
2602 5814 2648 5868 is
2678 5814 2757 5869 illi
2791 5815 2984 5870 tribuit
3017 5824 3180 5885 atque
3218 5814 3486 5872 Vindicat.
