4246 6438
736 374 843 436 779

1899 382 1958 441 S.
2000 383 2284 442 MAXIMI
2319 383 2831 447 CONFESSORIS

3886 390 3990 451 780

733 502 967 557 gnorum
1005 488 1282 552 misereri;
1338 504 1499 557 quam
1549 498 1772 560 propter
1825 492 2098 563 indignos,
2149 495 2314 549 etiam
2346 500 2389 556 Λ

2346 500 2389 556 Α
2419 494 2514 550 καὶ
2547 494 2622 566 μὴ
2642 496 2770 560 τοὺς
2798 496 2987 561 ἀξίους
3019 497 3344 567 ἀποστερεῖν
3374 498 3462 552 διὰ
3525 502 3654 565 τοὺς
3714 495 4015 568 ἀναξίους]

730 577 930 647 dignos
967 578 1246 631 frustrari.

742 703 744 705 ›
800 667 1067 722 Aristolcl.
1108 696 1174 707 -—
1216 668 1319 734 Qui
1374 668 1559 722 Inultis
1614 669 1732 738 ipse
1786 670 2154 727 formidabilis
2201 682 2303 734 est,

728 761 931 813 mullos
960 759 1238 813 formidat.

797 850 961 904 DeCet
986 852 1263 921 sapientes
1296 854 1670 922 magistratus,
1712 870 1822 909 non
1861 870 1961 925 pro
2016 858 2305 927 magistra-

726 949 815 994 tus
841 941 1014 1009 apice,
1066 941 1164 996 sed
1209 957 1311 1012 pro
1359 943 1628 998 virtutum
1679 946 1832 1000 cultu
1884 945 2303 1003 admirationem

724 1029 965 1094 habere;
1000 1046 1113 1099 quo
1160 1034 1377 1089 scilicet
1428 1044 1635 1090 mutata
1666 1038 1748 1092 eis
1802 1036 2046 1104 fortuna,
2106 1039 2304 1094 iisdem

726 1120 980 1175 laudibus
1014 1122 1392 1179 celebrentur.

791 1211 1065 1267 Isocratis.
1122 1245 1193 1255 —
1232 1214 1513 1273 Emularc
1575 1236 1684 1275 non
1748 1235 2024 1275 summum
2074 1222 2303 1292 adeptos

723 1302 1125 1371 magistratum,
1155 1306 1250 1361 sed
1301 1310 1397 1377 qui
1431 1312 1637 1380 optime
1662 1329 1763 1367 suo
1808 1313 2132 1383 magistratu
2178 1314 2302 1369 fun-

721 1401 940 1459 gantur.

792 1485 1094 1538 Pessimum
1148 1504 1276 1545 eum
1328 1492 1710 1562 magistratum
1757 1494 2000 1559 dicebat,
2043 1496 2298 1565 quicum

722 1576 953 1647 imperio
987 1582 1091 1636 sibi
1124 1598 1356 1651 prmesse
1386 1598 1495 1637 non
1523 1594 1728 1653 posset.

792 1668 956 1741 560
986 1671 1270 1725 Democrit.
1302 1660 1580 1725 --Ama'ri
1627 1675 1811 1743 potius
1862 1676 2000 1730 velis
2051 1676 2105 1729 in
2163 1676 2297 1740 vita,

721 1776 885 1829 quam
918 1762 1115 1815 metui:
1144 1777 1305 1830 quem
1341 1764 1488 1816 enim
1520 1778 1711 1818 omnes
1742 1775 2019 1829 metuunt,
2051 1766 2208 1820 timet
2243 1773 2301 1820 et

722 1848 836 1918 ipse
866 1864 1077 1903 onmes.

786 1938 892 2005 Qui
947 1942 1329 2011 magistratum
1390 1944 1551 2011 gerit,
1602 1945 1867 2000 adversus
1915 1957 2161 2016 tempora
2214 1963 2299 2002 re-

719 2046 953 2100 rumque
1001 2033 1433 2099 vicissitudines,
1483 2038 1751 2092 rationcm
1808 2039 2010 2093 habeat
2074 2054 2297 2094 necesse

716 2120 825 2185 sit;
854 2120 1120 2175 adversus
1151 2124 1466 2178 contrarios
1496 2140 1559 2179 ac
1589 2136 1967 2190 contumaces,
2007 2128 2294 2183 audaciam

713 2212 994 2282 animique
1026 2215 1410 2283 praesentiam;
1446 2232 1576 2287 erga
1608 2218 1850 2290 denique
1892 2219 2145 2275 subditos
2204 2222 2294 2275 be-

715 2304 1103 2359 nevolentiam.

783 2394 886 2459 Qui
917 2396 1043 2449 aliis
1077 2396 1452 2463 imperaturus
1486 2410 1593 2463 cst,
1625 2400 1790 2456 debet
1843 2400 1958 2471 ipse
2000 2403 2155 2473 prius
2188 2402 2293 2458 sibi

711 2485 1004 2553 imperare.

781 2578 1056 2634 Clitarclii.
1087 2609 1155 2618 —
1177 2577 1362 2635 Satius
1386 2588 1471 2635 est
1503 2578 1686 2635 stultis
1721 2594 1937 2650 parcre,
1989 2595 2154 2649 quam
2196 2580 2295 2635 im-

713 2685 930 2739 perare.

783 2760 1057 2831 Diogenes.
1097 2792 1166 2802 —
1199 2761 1440 2832 Rogatus
1473 2761 1939 2832 quemadmodum
1981 2763 2183 2833 aliquis
2240 2763 2295 2816 in

713 2851 933 2904 civitate
964 2866 1027 2905 ac
1062 2851 1345 2920 republica
1373 2860 1647 2922 poteSLate
1688 2861 1913 2905 utatur:
1943 2852 2104 2907 Velut
2146 2853 2291 2923 igne,

714 2944 911 3012 inquit,
962 2952 1021 2996 ut
1074 2958 1254 3012 nequc
1320 2958 1492 3013 prope
1556 2942 1859 2997 admodum
1921 2944 2171 3007 accedat,
2226 2960 2293 2999 ne

711 3042 1010 3099 exuratur;
1055 3050 1233 3104 neque
1291 3034 1455 3088 nimis
1506 3034 1700 3104 procul
1752 3033 2038 3099 abscedat,
2071 3049 2141 3088 ne
2197 3050 2295 3104 per

712 3122 832 3190 ejus
853 3124 1156 3178 absentiam
1185 3125 1378 3194 rigeat.

780 3211 923 3280 Cyri.
956 3243 1028 3251 —
1054 3214 1268 3267 Nemini
1301 3229 1425 3266 cum
1454 3214 1686 3283 imperio
1735 3230 1968 3284 pmesse
2010 3215 2289 3281 convenit,

711 3299 805 3367 qui
835 3315 944 3353 non
977 3301 1215 3356 subditis
1248 3303 1444 3356 melior
1476 3302 1567 3357 sit.

780 3387 1011 3443 Solonis.
1044 3422 1114 3430 —
1144 3392 1357 3462 Impera
1383 3391 1683 3446 dummodo
1717 3392 1873 3463 prius
1908 3408 2104 3462 parere
2153 3394 2295 3450 didi-

712 3480 890 3533 ceris:
941 3483 1035 3551 qui
1093 3484 1241 3537 enim
1295 3501 1485 3554 parere
1542 3484 1756 3551 didicit,
1817 3485 1865 3539 is
1912 3493 1970 3539 et
2023 3485 2293 3556 imperare

714 3582 853 3623 :.o\‘e
863 3572 951 3625 rit.

788 3663 1162 3733 Magistratum
1208 3664 1481 3732 adeptus,
1549 3666 1715 3719 nullis
1767 3667 1951 3734 pravis
2019 3666 2294 3722 ministris

715 3758 907 3813 utaris.
937 3754 1215 3824 Quidquid
1241 3754 1387 3809 enim
1422 3755 1499 3808 illi
1556 3755 1918 3824 deliquerint,
1952 3755 2008 3810 in
2048 3764 2101 3812 te
2132 3758 2293 3828 culpa

714 3846 1100 3911 transferetur,
1130 3859 1299 3914 penes
1326 3859 1492 3915 quem
1523 3854 1767 3914 potestas
1791 3845 1883 3899 sit.

781 3941 850 3997 Ut
885 3939 1101 4009 plebem
1128 3938 1311 3993 colere
1348 3937 1534 4000 debet,
1585 3937 1679 4006 qui
1734 3937 1789 3990 in
1828 3935 2165 3991 democratia
2213 3936 2290 4007 (id

712 4041 818 4097 est,
842 4040 987 4086 statu
1025 4028 1274 4099 populari
1305 4028 1588 4097 liberaque
1620 4026 1927 4096 republica)
1979 4027 2115 4081 vivit
2145 4045 2156 4080 :
2212 4029 2293 4083 sic

713 4130 769 4177 et
800 4120 893 4190 qui
926 4121 981 4172 in
1012 4117 1326 4173 monarchia
1358 4115 1483 4178 (sub
1508 4116 1671 4169 unius
1719 4115 1933 4170 scilicet
1958 4116 2289 4189 principatu)

718 4228 900 4283 regem
932 4209 1189 4264 admirari
1217 4223 1280 4264 ac
1306 4207 1532 4262 laudare
1557 4206 1839 4261 convenit.

778 4302 1105 4357 Cha‘remon.
1139 4332 1207 4339 —
1234 4300 1471 4355 Omnino
1504 4301 1682 4354 virtus
1729 4300 1901 4353 altum
1935 4316 2130 4370 sapere
2181 4317 2291 4356 non

713 4395 861 4448 sinit.

783 4484 1095 4553 Antigonus.
1134 4512 1202 4520 —
1246 4481 1554 4551 Antigonus
1608 4495 1702 4533 rex
1753 4488 2017 4533 matronae
2070 4480 2289 4534 cuidam
2324 4510 2366 4563 ο

716 4569 894 4639 ipsum
957 4570 1179 4624 beatum
1235 4567 1580 4636 praedicanti,
1647 4566 1703 4619 Si
1761 4567 1952 4629 scires,
2011 4568 2209 4636 inquit,
2259 4586 2293 4623 0

716 4668 910 4719 mater,
960 4663 1290 4724 quantoruni
1332 4652 1601 4705 malorum
1650 4664 1866 4718 pannus
1920 4646 2011 4701 hic
2064 4655 2297 4706 exsistat

2499 674 2850 742 Ἆριστοτέλ.
2881 702 2950 714 -
2984 673 3044 726 '0
3076 674 3291 739 πολλοῖς
3341 675 3572 747 φοϐερὸς
3614 677 3713 741 ὣν,
3766 679 3994 736 πολλοὺς

2417 763 2683 833 φοϐεῖται.

2482 856 2576 907 Δεῖ
2601 856 2727 918 τοὺς
2757 855 2883 909 νοῦν
2906 854 3130 926 ἔχοντας
3154 856 3264 911 τῶν
3296 857 3756 931 δυναστευόντωνι
3790 861 3866 931 μὴ
3905 862 3993 914 διὰ

2412 944 2510 1007 τὰς
2546 945 2744 1015 ἀρχὰς,
2786 945 2924 999 ἀλλὰ
2967 947 3057 1001 διὰ
3095 946 3194 1010 τὰς
3220 947 3421 1018 ἀρετὰς
3467 948 3867 1019 θαυμάζεσθαι,
3905 953 3994 1005 ἵνα

2411 1033 2578 1103 τύχης
2622 1036 3066 1107 μεταπεσούσης,
3099 1037 3211 1093 τῶν
3249 1038 3428 1094 αὐτῶν
3471 1040 3766 1111 ἐγκωμίων
3791 1042 3990 1105 ἀξιῶν-

2409 1142 2520 1181 ται.

2492 1217 2786 1288 Ἰσοκράτ.
2822 1249 2885 1262 -
2913 1219 3087 1289 Ζήλου
3118 1219 3193 1289 μὴ
3218 1220 3345 1284 τοὺς
3375 1221 3639 1293 μεγίστην
3658 1222 3834 1293 ἀρχὴν
3858 1240 3992 1294 κτη-

2410 1308 2701 1378 σαμένους,
2735 1310 2875 1364 ἀλλὰ
2922 1310 3049 1373 τοὺς
3087 1310 3288 1382 ἄριστα
3319 1314 3387 1382 τῇ
3421 1310 3672 1382 παρούσῃ
3709 1315 3993 1384 χρησαμέ-

2407 1416 2549 1463 νους.

2480 1490 2763 1545 Κάκιστον
2800 1492 2987 1561 ἔλεγεν
3030 1491 3270 1564 ἄρχοντα
3299 1489 3464 1550 εἶναι.
3502 1495 3594 1550 τὸν
3640 1496 3831 1569 ἄρχειν
3859 1500 3989 1553 ἑαυ-

2404 1580 2499 1636 τοῦ
2537 1582 2613 1652 μὴ
2641 1569 2958 1653 δυνάμενον.

2476 1675 2791 1743 Δημοκρίτ.
2817 1702 2894 1717 —
2919 1675 3163 1746 Ποθητὺς
3228 1670 3370 1731 εἶναι
3431 1678 3636 1748 μᾶλλον
3675 1681 3708 1751 ἢ
3760 1682 3987 1756 φοϐερῖς

2406 1766 2548 1820 κατὰ
2577 1767 2670 1820 τὸν
2709 1766 2827 1840 βίον
2858 1768 3125 1839 προαιροῦ
3148 1784 3161 1799 ·
3186 1770 3245 1822 ὃν
3274 1770 3386 1839 γὰρ
3422 1771 3624 1835 πάντες
3669 1772 3986 1840 φοϐοῦνται,

2332 1852 2373 1905 Β
2402 1858 2611 1923 πάντας
2638 1839 2910 1928 φοϐεῖται.

2473 1951 2581 2005 Τὸν
2601 1952 2843 2022 ἄρχοντα
2871 1952 2951 2004 δεῖ
2979 1952 3146 2023 ἔχειν,
3180 1952 3317 2023 πρὸς
3354 1954 3454 2024 μὲν
3485 1955 3612 2018 τοὺς
3636 1958 3864 2027 καιροὺς
3894 1957 3985 2011 λο-

2399 2044 2625 2115 γισμόν·
2678 2043 2818 2115 πρὸς
2859 2043 2916 2096 δὲ
2964 2045 3093 2107 τοὺς
3142 2044 3415 2109 ἐναντίους
3456 2045 3693 2116 τόλμαν·
3741 2046 3881 2116 πρὸς
3929 2047 3986 2103 δὲ

2398 2132 2526 2195 τοὺς
2553 2130 3026 2201 ὑποτεταγμένους
3047 2131 3281 2187 εὔνοιαν.

2467 2408 2561 2461 Δεῖ
2603 2409 2695 2463 τὸν
2751 2411 2959 2482 ἐτέρων
3012 2412 3280 2482 μέλλοντα
3321 2415 3531 2486 ἄρξειν,
3580 2416 3745 2471 αὐτὸν
3787 2417 3983 2471 ἑαυτοῦ

2396 2501 2666 2566 πρότερον
2690 2501 2900 2567 ἄρχειν.

2468 2587 2791 2656 Κλειτάρχ.
2823 2617 2891 2626 -
2910 2589 3179 2657 Κρεῖσσον
3209 2591 3478 2661 ἄρχεσθαι
3503 2595 3676 2647 τοῖσιν
3703 2596 3979 2667 ἀνοήτοις.

2381 2677 2430 2747 -ῆ
2459 2676 2668 2749 ἄρχειν.

2466 2764 2770 2835 Διογένης.
2797 2795 2869 2811 -—
2905 2767 3237 2839 Ἐρωτηθεὶς
3268 2769 3387 2833 πῶς
3412 2771 3480 2825 ἄν
3506 2787 3592 2835 τις
3622 2772 3979 2845 πολιτεύηται

2396 2855 2616 2927 ἐξουσίᾳ
2639 2858 2726 2927 (Γ).
2761 2857 2887 2929 ἔφη·
2917 2859 3189 2930 Καθάπερ
3242 2863 3400 2934 πυρὶ,
3462 2864 3604 2933 μήτε
3648 2865 3771 2920 λίαν
3810 2869 3979 2936 ἐγγὺς

2394 2945 2557 3013 εἶναι,
2614 2949 2702 3001 ἵνα
2755 2950 2830 3019 μὴ
2888 2954 3175 3023 κατακαῇ·
3209 2953 3347 3024 μήτε
3391 2954 3605 3026 πόρρω,
3641 2958 3731 3011 ἵνα
3777 2959 3852 3031 μὴ
3896 2963 3978 3029 ῥι-

2395 3052 2571 3108 γωσῃ.

2467 3213 2686 3278 Κύρου.
2717 3242 2789 3251 -
2823 3213 3048 3283 ’Δρχειν
3073 3214 3256 3269 οὐδενὶ
3286 3219 3579 3288 προσήκει,
3612 3218 3672 3282 ὃς
3703 3219 3766 3272 ού
3794 3220 3980 3289 κρείτ-

2395 3317 2504 3354 των
2532 3301 2650 3353 ἐστὶ
2680 3302 2792 3355 τῶν
2830 3304 3169 3374 ἀρχομένων.

2465 3396 2606 3447 Σολ.
2636 3421 2704 3433 -
2733 3395 2904 3466 Ἀρχε
2956 3396 3175 3467 πρῶτον
3230 3397 3417 3467 μαθὼν
3462 3397 3761 3469 ἄρχεσθαι·
3813 3399 3979 3469 ἄρχε-

2397 3484 2521 3538 σθαι
2553 3483 2662 3555 γὰρ
2691 3484 2900 3555 μαθὼν,
2931 3488 3121 3558 ἄρχειν
3150 3490 3440 3559 ἐπιστήσῃ.

2467 3661 2559 3724 Εἰς
2587 3662 2763 3733 ἀρχὴν
2798 3665 3187 3730 κατασταθεὶς,
3227 3666 3416 3738 μηδενὶ
3441 3665 3559 3737 χρῶ
3587 3666 3813 3740 πονηρῷ
3834 3668 3977 3740 πρὸς

2392 3751 2492 3815 τὰς
2540 3754 2859 3823 διοικήσεις.
2896 3750 3000 3809 Ὧν
3038 3759 3147 3829 γὰρ
3191 3758 3261 3812 ἂν
3318 3760 3530 3824 ἐκεῖνος
3580 3759 3841 3830 ἁμάρτοι,
3891 3759 3977 3813 σοὶ

2392 3843 2491 3906 τὰς
2517 3846 2697 3909 αἰτίας
2725 3847 2803 3916 τῷ
2831 3848 3052 3918 ἄρχοντι
3075 3850 3469 3921 ἐπιθήσουσιν.

2464 3937 2676 4008 Ὠσπερ
2700 3938 2792 3991 τὸν
2813 3940 3239 4013 ὲν⁹δημοκρατίᾳ
3268 3942 3708 4012 πολιτευόμενον,
3740 3941 3801 3995 τὸ
3836 3942 3975 4013 πλῆ-

2393 4029 2483 4092 θος
2507 4030 2590 4083 δεῖ
2613 4030 2971 4100 θεραπεύειν·
3001 4032 3145 4086 οὕτω
3178 4035 3276 4087 καὶ
3305 4034 3398 4087 τὸν
3444 4036 3503 4088 ὲν
3536 4034 3804 4104 μοναρχίᾳ
3840 4050 3976 4087 κατ-

2389 4121 2664 4188 οικοῦντα,
2697 4122 2788 4177 τὸν
2820 4125 3047 4194 βασιλέα
3077 4127 3348 4194 προσήκει
3375 4126 3700 4192 θαυμάζειν.

2460 4300 2774 4370 Χαιρέμον.
2797 4330 2865 4341 -
2891 4301 3069 4365 Ὀλως
3111 4302 3366 4371 κρεῖσσον
3396 4301 3497 4371 (g),
3525 4300 3625 4353 οὐκ
3657 4300 3723 4371 ἐᾷ
3750 4301 3975 4369 φρονεῖν

2393 4391 2557 4462 μέγα.

2479 4485 2770 4553 Ἀντίγον.
2801 4514 2871 4525 -
2913 4485 3220 4554 Ἀντίγονος
3342 4483 3620 4554 βασιλεὺς,
3672 4482 3810 4551 πρός
3854 4496 3976 4532 τινα

2398 4575 2811 4647 μακαρίζουσαν
2854 4577 3017 4631 αὑτὸν
3055 4575 3254 4647 γραῦν’
3314 4576 3377 4628 Εἰ
3416 4574 3589 4645 ⁴ᾕδεις,
3628 4572 3756 4641 ἔφη,
3787 4564 3834 4624 ὦ
3871 4572 3977 4642 μῆ-

2394 4683 2513 4735 τερ,
2559 4668 2701 4720 ὅσων
2740 4668 2931 4719 κακῶν
2974 4670 3092 4718 ἐστι
3130 4665 3291 4718 τοῦτο
3337 4666 3399 4719 τὸ
3453 4666 3639 4735 ῥάκος,
3684 4662 3868 4727 δείξας
3916 4662 3979 4716 τὸ

717 4750 988 4817 (diadema
1046 4745 1403 4815 monstrans).
1459 4745 1512 4797 in
1546 4752 1789 4797 SiCl‘COl‘t‘
1845 4741 2120 4810 jacentem
2187 4758 2302 4796 non

2264 4758 2302 4795 η
2398 4752 2656 4824 διάδημα,
2689 4755 2789 4807 οὐκ
2838 4754 2905 4808 ἂν
2933 4755 3031 4809 ἐπὶ
3055 4755 3294 4825 κοπρίας
3325 4755 3577 4808 κείμενον
3608 4756 3938 4817 ἐϐάστασας.

715 4840 954 4894 tolleres.

784 4930 1104 5001 Epaminon.
1128 4959 1198 4968 --
1215 4924 1625 4998 Epaminondas
1654 4920 1972 4986 Thebanus,
2004 4932 2300 4993 conspecto

2486 4927 2752 4996 Ἐπαμιν.
2776 4956 2845 4967 -
2881 4925 3296 4997 Ἐπαμινώνδας
3325 4928 3354 4979 ὁ
3380 4924 3619 4997 Θηϐαῖος
3652 4922 3777 4977 ίόὼν
3810 4940 3977 4994 στρα-

2229 5056 2461 5114 ΝΟΤΕ.

639 5213 643 5217 .
788 5163 872 5233 (f)
907 5160 1303 5227 Πολιτεύηται
1330 5157 1422 5211 ἐπ’
1466 5154 1750 5233 ρξουςίᾳ.
1794 5150 1964 5233 Quasi
2001 5164 2151 5233 cum
2195 5166 2292 5233 po-

713 5221 912 5290 tes‘t'a'te
944 5221 1200 5285 versetur
1227 5246 1253 5301 ;7
1282 5240 1340 5283 ct
1370 5236 1431 5280 ut
1466 5223 1798 5301 bene‘Gesn.
1818 5221 1918 5275 .illa
1959 5227 2165 5301 utatur.
2199 5221 2289 5276 Sic

711 5318 909 5372 nempe
943 5300 1293 5372 temperanda
1327 5294 1692 5357 consuetudo,
1744 5307 1813 5345 ne
1839 5294 2012 5372 quasi”
2040 5305 2106 5370 ως
2158 5305 2290 5372 con-

712 5359 924 5442 temptu
953 5359 1262 5443 periculum
1316 5376 1501 5443 creet;
1560 5359 2288 5443 nec.o_mnino_fugiendus

710 5429 1065 5510 conspectus,
1090 5457 1158 5494 ne
1186 5429 1495 5510 beneficiis:
1519 5433 1787 5510 principis
1815 5429 1959 5510 nihil
2013 5430 2286 5510 fovearis;

711 5499 863 5583 quod
887 5499 1393 5583 scilcdcclaratum
1454 5499 1681 5576 rigentis
1705 5499 2039 5570 metaphora
2073 5515 2172 5570 per
2196 5499 2290 5554 ab-

713 5580 943 5638 sentiam
977 5580 1128 5652 solis.
1243 5648 1271 5652 _
1353 5647 1362 5652 _
1428 5647 1441 5652 _
1746 5644 1760 5652 _
1824 5642 1860 5652 ,λ
1992 5640 2026 5652 ,,
2067 5640 2079 5652 ,

786 5653 859 5723 (g)
888 5651 1209 5717 Κρεῖιτσιιν.
1243 5647 1478 5723 Perinde
1505 5661 1567 5723 ea
1589 5660 1692 5723 vos
1730 5644 1798 5697 de
1824 5640 2287 5723 Deodiciqucat,

713 5734 770 5777 et
795 5711 871 5775 ‘Cl'c
902 5711 1126 5783 Virtute,
1161 5734 1263 5772 nec
1292 5718 1344 5770 in
1371 5728 1478 5771 tam
1538 5715 1689 5769 brevi
1741 5711 2289 5783 sententiaidiscerni

715 5794 876 5849 facile
898 5799 1097 5861 potest,
1116 5782 1228 5860 quo
1250 5804 1369 5843 eam
1389 5802 1551 5842 sensu
1574 5796 1766 5841 auctor
1791 5782 2091 5855 usurparit.
2125 5782 2290 5852 Equi-

2395 5155 2523 5235 dem
2549 5172 2675 5235 c_um_
2703 5156 2869 5235 Qesn.
2895 5156 3143 5235 proclive
3169 5155 3434 5235 virtutem
3481 5153 3725 5235 reddidi,
3744 5154 3835 5209 cui
3862 5168 3979 5235 rna-

2393 5226 2537 5282 ximc
2552 5226 2869 5305 Ainsidiatur
2897 5225 3195 5295 superbia,
3230 5241 3328 5294 per
3368 5227 3488 5305 eius
3519 5225 3686 5279 etiam
3732 5226 3980 5305 occasio-

2391 5311 2517 5351 nem
2548 5297 2853 5351 fomentum
2911 5294 3331 5359 suinens;cum
3398 5297 3542 5349 Deus
3595 5294 3854 5363 superbis
3893 5309 3979 5347 re-

2390 5366 2570 5429 sistat,
2607 5367 2867 5435 omniquc
2899 5367 3064 5420 modo
3092 5366 3160 5419 ab
3192 5366 3281 5419 illa
3306 5374 3510 5428 arceat,
3536 5365 3705 5435 etiam
3749 5364 3981 5435 permit-

2390 5436 2558 5490 tendo
2605 5433 2929 5514 al_ia_turpia
2971 5446 3027 5492 et
3074 5435 3284 5514 bellum
3340 5434 3825 5514 perturbationum
3853 5433 3979 5514 ;_de

2389 5521 2501 5574 quo
2542 5507 2776 5575 proinde
2816 5502 3022 5571 verius,
3070 5506 3131 5559 τὸ
3160 5502 3434 5576 κρεῖσσον,
3495 5519 3607 5576 non
3657 5503 3841 5557 sinere
3862 5502 3981 5576 _ho-

2388 5572 2595 5632 minem
2620 5577 2792 5630 altum
2814 5593 3031 5647 sapere,
3049 5572 3214 5655 quam
3232 5575 3301 5629 de
3312 5575 3522 5655 virtute
3544 5573 3646 5655 :“de
3663 5587 3771 5655 qua
3798 5572 3979 5626 solum

2386 5644 2898 5717 verum,quatenus
2925 5644 3184 5718 superbia
3209 5645 3372 5716 perit,
3416 5644 3733 5700 humilitate
3785 5656 3947 5697 serva

2391 5728 2480 5771 tur
2511 5734 2573 5774 ac
2596 5718 2927 5774 concrescit.
