4246 6438
285 406 377 466 781

1571 405 1735 464 LOCI
1775 407 2206 466 CUMMUNES.

3400 411 3504 471 782

281 511 501 566 τόπεδον
525 512 669 582 μέγα
696 512 790 567 καὶ
817 515 1000 581 καλὸν,
1032 513 1337 587 στρατηγὸν
1369 512 1469 566 οὐκ
1495 511 1617 581 ἕχον
1640 527 1654 543 ο
1700 513 1844 566 Ἡλί-
1875 521 1908 574 Α

1951 516 2155 584 ingenti
2183 517 2427 570 exercitu
2456 517 2759 586 proboque,
2797 530 2960 585 quem
2989 517 3285 583 imperator
3313 515 3513 573 deﬁce-

282 621 398 666 κον,
436 603 565 672 ἔφη,
588 603 775 673 θηρίον
804 605 1054 675 καφαλὴν
1078 606 1178 658 οὐκ
1215 605 1350 674 ἔχει.

350 694 669 748 Φιλίππου.
702 695 895 748 -Τὸν
933 695 1154 765 βασιλέα
1207 696 1289 750 δεῖ
1333 695 1716 766 μνημονεύειν,
1767 697 1846 749 ὅτι

281 785 566 856 ἄνθρωπος
596 785 671 838 ὢν
709 785 960 852 ἐξουσίαν
985 788 1208 857 εἴληφεν
1244 786 1479 858 [ἔλαϐεν]
1503 786 1740 851 ·ἰσόθεον,
1765 787 1849 839 ἵνα

280 873 620 943 προαιρῆται
670 875 770 945 μὲν
805 874 876 929 τά
912 875 1053 929 καλά
1083 876 1177 930 καὶ
1203 877 1344 942 θεῖα,
1382 877 1643 946 φρονήσει
1671 875 1727 928 δὲ
1757 879 1850 930 ἀν-

282 964 537 1038 θρωπίνῃ.
551 965 768 1036 χρῆται.

352 1054 415 1106 EE
467 1052 645 1122 βούλει
691 1054 790 1126 τὴν
851 1055 1032 1109 οίκίαν
1092 1051 1150 1110 εὖ
1199 1057 1486 1122 οἰκεῖσθαι,
1532 1057 1700 1127 μιμοῦ
1757 1059 1848 1112 τὸν

281 1145 629 1216 Σπαρτιάτην
691 1147 1033 1220 Λυκοῦργον.
1071 1152 1167 1202 ’⁵ον
1197 1149 1305 1220 γὰρ
1330 1145 1530 1221 τρόπον
1559 1152 1618 1204 ού
1644 1152 1846 1221 τείχεσι

282 1235 380 1306 τὴν
430 1236 584 1290 πόλιν
625 1237 882 1308 ἐφραξεν,
939 1239 1056 1293 ἀλλ’
1103 1242 1272 1310 ἀρετῇ
1326 1243 1455 1305 τοὺς
1507 1241 1850 1304 ἐνοικοῦντας

281 1327 596 1399 ὠχύρωσεν,
644 1329 740 1382 καὶ
782 1329 1074 1395 διαπαντὸς
1110 1333 1375 1403 ἐτήρησεν
1429 1333 1719 1403 ἐλευθέραν
1752 1332 1851 1403 τὴν

282 1419 472 1471 πόλιν
513 1418 683 1482 οὕτως
729 1420 824 1472 καὶ
868 1421 954 1486 σὺ,
993 1421 1070 1492 μὴ
1115 1423 1358 1494 μεγάλην
1387 1425 1557 1493 αὐτὴν
1587 1424 1849 1496 περίϐαλε

281 1509 376 1560 καὶ
401 1509 614 1579 τοίχους
647 1509 888 1580 ὑψηλοὺς
929 1513 1144 1578 ἀνίστα,
1175 1514 1310 1568 ἀλλὰ
1357 1516 1485 1578 τοὺς
1505 1516 1849 1580 ἐνοικοῦντας

278 1600 488 1670 εὐνοίᾳ,
517 1603 608 1654 καὶ
643 1602 839 1669 πίστει,
871 1604 966 1656 καὶ
994 1605 1146 1676 φιλίᾳ
1178 1606 1423 1676 στήριξε,
1465 1607 1558 1660 καὶ
1585 1609 1741 1662 οὐδὲν
1770 1611 1850 1672 εἰς

278 1691 450 1762 αὐτὴν
476 1692 841 1748 εἰσελεύσεται
867 1695 1155 1768 βλαϐερὸν,
1189 1699 1296 1752 οὐδ’
1325 1699 1392 1754 ἂν
1418 1700 1478 1752 τὸ
1501 1699 1723 1770 σύμπαν
1752 1704 1851 1772 τῆς

277 1781 480 1845 κακίας
508 1784 892 1854 παρατάξηται
922 1787 1128 1856 στίφος.

1953 615 2068 660 ret:
2097 605 2331 670 Quanta.
2370 607 2570 676 inquit,
2598 607 2773 660 bestia
2801 617 2968 675 caput
2993 621 3104 660 non
3131 605 3336 660 habet?

2019 693 2272 762 Philippi.
2317 723 2385 733 -—
2412 695 2526 748 Rex
2577 695 2891 747 meminisse
2937 694 3122 757 debet,
3173 693 3338 747 homo
3386 709 3513 748 eum

1950 779 2040 843 sit,
2070 796 2256 848 parem
2285 781 2394 834 Deo
2425 791 2748 849 potestatem
2793 779 3089 848 accepisse,
3123 789 3184 834 ut
3229 795 3350 849 quae
3377 796 3510 850 prae-

1951 873 2100 925 clara
2129 881 2258 926 sunt
2285 882 2450 940 atque
2477 871 2661 925 divina
2686 871 2871 924 animo
2893 870 3097 940 deligat
3120 886 3183 925 ac
3202 872 3507 926 constituat

1948 971 2006 1015 et
2039 963 2328 1031 prudentia
2362 972 2549 1017 utatur
2582 963 2835 1017 humana.

2021 1056 2077 1110 Si
2107 1056 2190 1108 vis
2215 1057 2437 1109 domum
2472 1054 2613 1108 bene
2655 1054 2911 1119 habitari,
2946 1054 3254 1125 Lycurgum
3297 1053 3518 1122 Sparta-

1951 1163 2081 1202 num
2112 1147 2347 1202 imitare.
2376 1146 2846 1212 Quemadmodum
2878 1147 3026 1202 enim
3063 1147 3153 1200 ille
3203 1161 3312 1200 non
3341 1145 3520 1220 “muris

1951 1241 2120 1296 cinxit
2149 1240 2366 1303 urbem,
2402 1240 2498 1294 sed
2522 1241 2725 1294 virtute
2761 1240 2968 1294 incolas
2991 1239 3308 1299 obvallavit,
3350 1238 3430 1292 sic
3459 1247 3514 1291 tu

1949 1314 2189 1402 quoque,
2218 1347 2288 1386 ne
2341 1346 2596 1401 magnum
2652 1332 2856 1384 atrium
2913 1331 3140 1400 eiugito,
3196 1344 3334 1384 neve
3378 1329 3519 1383 altos

1949 1424 2126 1496 excita
2158 1423 2420 1492 parietes,
2455 1423 2551 1477 sed
2575 1422 2679 1492 qui
2711 1421 2935 1476 domum
2968 1421 3219 1475 habitent
3272 1420 3518 1474 benevo-

1950 1514 2117 1568 lentia
2138 1523 2196 1568 et
2224 1512 2330 1568 fide
2351 1510 2408 1568 et
2427 1513 2667 1568 amicitia
2697 1512 2934 1576 firmato,
2993 1512 3244 1581 nihilque
3295 1511 3349 1566 in
3397 1525 3518 1564 eam

1952 1607 2176 1660 noxium
2204 1604 2360 1676 561
2409 1604 2778 1673 ingredietur,
2819 1603 2904 1657 vel
2964 1603 3010 1656 si
3058 1604 3238 1658 omnis
3298 1602 3522 1656 malitia:

1950 1709 2161 1749 cuneus
2191 1695 2399 1749 infensa
2432 1693 2550 1747 acie
2581 1701 2748 1762 petat.

347 1873 558 1943 Μηδεὶς
592 1876 702 1930 τῶν
739 1880 1018 1950 φρονίμων
1059 1881 1154 1934 τοῦ
1195 1883 1385 1953 ἄρχειν
1427 1883 1846 1955 ἀλλοτριούσθω.
1884 1861 1908 1915 ί

2023 1875 2192 1928 Nemo
2218 1873 2312 1942 qui
2357 1872 2626 1942 praeditus
2665 1872 2962 1942 prudentia
3019 1874 3118 1936 sis,
3165 1875 3522 1944 magistratus

276 1961 390 2014 Καὶ
421 1962 530 2034 γὰρ
559 1963 753 2030 ἀσεϐὲς
781 1966 842 2020 τὸ
870 1970 1125 2041 ἀποσπᾷν
1171 1972 1362 2025 ἐαυτὸν
1394 1973 1494 2044 τῆς
1524 1976 1634 2028 τῶν
1655 1975 1844 2044 δεομέ-

274 2071 381 2108 νων
409 2056 736 2128 εὐχρηστίας
756 2058 1089 2135 [εὐχαριστ.]
1118 2065 1215 2118 καὶ
1250 2065 1442 2133 ἀγενὲς
1480 2067 1540 2120 τὸ
1569 2070 1680 2131 τοῖς
1705 2070 1846 2136 φαύ-

274 2145 392 2210 λοις
422 2152 795 2220 παραχωρεῖν.
840 2151 1091 2224 ’Δνόητον
1116 2156 1226 2226 γὰρ
1249 2156 1309 2210 τὸ
1338 2158 1614 2212 αίοείσθαι
1659 2160 1847 2223 κακῶς

273 2237 542 2310 ἄρχεσθαι
582 2241 864 2315 μᾶλλον,ἢ
896 2244 1080 2310 καλῶς
1106 2246 1316 2318 ἄρχειν.

343 2419 524 2473 Δεινὸν
557 2421 653 2475 καὶ
680 2422 1067 2493 χαλεπώτατον
1097 2425 1222 2490 τοὺς
1259 2427 1476 2496 χείρους
1505 2429 1613 2481 τῶν
1638 2427 1845 2499 βελτιό·

270 2525 382 2562 νων
417 2512 626 2577 ἄρχειν,
666 2513 762 2562 καὶ
801 2515 929 2574 τοὺς
971 2517 1299 2584 ἀνοητέρους
1343 2519 1455 2576 τοῖς
1507 2519 1844 2584 φρονιμωτέ-

271 2614 392 2669 ροις
430 2599 804 2668 προστάττειν.

336 2688 630 2758 Εὐμένης.
653 2692 993 2764 -ιΕυμένης
1027 2695 1057 2748 ό
1085 2693 1336 2764 βασιλεὺς
1368 2695 1519 2764 ἔλεγε
1548 2701 1661 2761 τοῖς
1689 2698 1842 2751 ἀδελ-

270 2782 392 2849 φοῖς
422 2780 730 2848 διαπαντός
783 2785 906 2839 Ἐὰν
939 2785 1039 2855 μὲν
1069 2785 1148 2850 ὡς
1195 2785 1407 2856 βασιλεῖ
1439 2789 1841 2860 προσφέρησθε,

269 2871 346 2934 ὼς
397 2873 647 2942 ἀδελφοῖς
696 2876 824 2945 ὑμῖν
867 2877 1204 2948 χαρίσομαι·
1250 2879 1346 2933 ἐὰν
1390 2880 1448 2934 δὲ
1491 2882 1567 2944 ὡς
1605 2881 1840 2951 ἀδελφῷ,

268 2961 382 3030 ἐγὼ
414 2963 544 3032 ὑμῖν
566 2964 641 3027 ὠς
678 2964 950 3034 βασιλεύς.

338 3055 554 3121 Κότυς.
586 3057 761 3121 Κότυς
791 3061 819 3111 ό
862 3058 972 3112 τῶν
1017 3059 1251 3131 Θρᾳκῶν
1285 3060 1554 3131 βασιλεὺς,
1589 3062 1840 3132 Θηϐαίων

269 3145 684 3244 σεμνυνομένων
733 3149 815 3201 ὃτι
849 3151 1295 3220 Λακεδαιμονίων
1329 3153 1628 3221 ἡγήσαντο·
1673 3155 1836 3221 Ἐγὼ,
1868 3189 1908 3244 C

267 3237 470 3304 φησὶν,,
513 3235 735 3308 ἑώρακα
767 3239 1102 3310 χειμάῥρους
1143 3243 1402 3313 ποταμῶν
1461 3244 1683 3312 μείζους
1731 3247 1836 3298 τῶν

263 3325 509 3380 ἀεννάων
545 3329 891 3397 γενομένους,
925 3329 1038 3382 ἀλλ’
1065 3329 1245 3398 ὀλίγον
1276 3331 1484 3402 χρόνον.

350 3418 411 3470 ὐ
449 3419 610 3481 αὐτὸς
637 3421 958 3490 ἐρωτηθεὶς,
1000 3422 1117 3475 Τίνι
1147 3424 1582 3494 καταλιμπάνεις
1598 3427 1656 3478 τὸ
1684 3426 1838 3496 βασί-

262 3507 442 3574 λειον;
475 3509 597 3578 ἔφη’
629 3510 672 3562 Τ
674 3510 719 3579 ᾦ
744 3510 1040 3581 δυναμένῳ.

334 3599 554 3653 Φίλων.
589 3629 656 3640 --
678 3601 756 3669 Τῇ
788 3601 888 3670 μὲν
913 3602 1074 3673 οὐσία
1103 3602 1197 3656 τοῦ
1233 3603 1506 3675 σώματος,
1553 3605 1664 3670 ἴσος
1699 3622 1835 3660 παν-

259 3689 356 3752 τὸς
397 3689 685 3759 ἀνθρώπου
713 3694 741 3744 ό
776 3692 1061 3761 βασιλεύς·
1091 3697 1154 3766 τῇ
1203 3695 1422 3767 ἐξουσίᾳ
1460 3697 1518 3751 δὲ
1559 3698 1652 3752 τοῦ
1681 3699 1837 3765 ἀξιώ-

261 3792 461 3850 ματος,
511 3781 697 3851 ὅμοιός
730 3783 846 3835 ἐστι
885 3783 946 3836 τὸ
993 3785 1085 3838 ἐπὶ
1128 3785 1346 3840 πᾶντων
1393 3787 1530 3857 Θεῷ.
1565 3789 1679 3842 Οὐκ
1722 3790 1835 3858 ἔχει

257 3873 371 3943 γὰρ
402 3874 494 3926 ἐπὶ
519 3875 622 3944 γῆς
657 3875 825 3928 αύτοῦ
861 3876 1212 3948 ὑψηλότερον.
1262 3877 1382 3949 Χρὴ
1424 3879 1603 3933 τοίνυν
1635 3879 1727 3932 καὶ
1758 3881 1834 3944 ὡς

258 3963 457 4034 θνητὸν
500 3965 576 4035 μὴ
607 3965 954 4036 ἐπαίρεσθαι,
983 3966 1170 4031 καὶὼς
1210 3967 1342 4020 Θεὸν
1372 3969 1447 4038 μὴ
1492 3967 1830 4040 ὀργίζεσθαι.

259 4055 325 4108 El
354 4058 464 4125 γὰρ
497 4057 590 4109 καὶ
625 4057 792 4110 εἰκόνι
821 4057 973 4127 θεῖκῇ
1021 4059 1329 4130 τετίμηται,
1369 4061 1506 4114 ἀλλά
1554 4063 1649 4115 καὶ
1687 4064 1831 4116 κόνει

255 4143 416 4210 χοῖκῇ
466 4143 902 4210 συμπέπλεκται.
938 4149 1005 4198 δι’
1037 4146 1106 4219 ἧς
1135 4151 1512 4206 ἐκδιδάσκεται
1555 4156 1655 4224 τὴν
1689 4161 1826 4226 προς

255 4230 468 4294 πάντας
492 4229 768 4303 ἁπλότητα
799 4233 1158 4308 [ὁμοιότητα].

323 4407 705 4462 Μουσωνίου.
733 4438 803 4448 -
851 4410 1147 4482 Πειρατὲον
1203 4417 1645 4487 καταπληκτικὸν
1691 4422 1828 4491 μᾶλ-

1951 1982 2093 2021 onus
2118 1966 2381 2021 exeutito.
2416 1965 2637 2020 Etenim
2686 1964 2920 2034 impium
2950 1975 3054 2029 est,
3111 1967 3348 2038 teipsum
3387 1966 3521 2022 sub-

1949 2059 2179 2123 ducere,
2209 2074 2278 2113 ne
2331 2058 2401 2112 iis
2450 2058 2633 2128 prosis
2667 2058 2763 2128 qui
2814 2068 3066 2128 egeant;
3121 2058 3521 2129 degenerisque

1948 2152 2121 2206 animi
2179 2151 2353 2216 labes,
2402 2159 2464 2205 ut
2521 2150 2690 2207 cedas
2736 2149 2868 2214 illis,
2909 2149 3005 2218 qui
3056 2150 3184 2204 mali
3231 2151 3519 2205 exsistant.

1947 2243 2247 2298 Dementiae
2272 2257 2510 2313 namque
2533 2250 2639 2306 est,
2675 2241 2839 2296 malle
2873 2240 3014 2296 male
3048 2241 3284 2312 imperio
3333 2240 3519 2305 subdi,

1943 2347 2109 2401 quam
2147 2332 2242 2386 illo
2277 2332 2418 2387 bene
2451 2347 2708 2402 praeesse.

2015 2425 2205 2477 Dirum
2235 2425 2803 2490 molestissimumque
2833 2429 2942 2484 est,
2973 2420 3280 2476 deteriores
3324 2422 3514 2477 melio-

1946 2511 2102 2566 ribus
2118 2527 2374 2582 przecsse,
2399 2527 2461 2566 ac
2488 2513 2581 2582 qui
2609 2512 2983 2568 dementiores
2998 2521 3148 2577 sunt,
3191 2515 3521 2583 prudentio-

1941 2603 2094 2658 ribus
2111 2603 2325 2672 jubere.

2013 2695 2296 2750 Eumenes.
2322 2726 2392 2735 —
2439 2696 2714 2752 Eumenes
2746 2713 2841 2752 rex
2879 2697 3076 2752 crebro
3128 2698 3399 2752 fratribus
3437 2698 3519 2752 di-

1943 2801 2070 2842 cere
2109 2787 2357 2842 solebat:
2389 2787 2444 2843 Si
2471 2804 2558 2843 me
2590 2799 2652 2844 ut
2682 2805 2812 2859 rege
2840 2790 3096 2856 utamini,
3127 2804 3232 2861 ego
3262 2798 3518 2860 tanquam

1943 2878 2212 2933 fratribus
2275 2880 2608 2951 indulgebo:
2675 2880 2760 2936 sin
2815 2891 2998 2938 autem
3063 2892 3122 2936 ut
3169 2883 3360 2945 fratre,
3418 2896 3520 2952 ego

1943 2969 2099 3023 vobis
2135 2977 2194 3023 ut
2221 2985 2338 3024 rex.

2011 3059 2187 3131 Cotys.
2214 3092 2285 3102 --
2307 3062 2475 3133 Cotys
2500 3063 2776 3117 Thracum
2817 3078 2932 3127 rex,
2970 3062 3339 3133 gloriantibus
3372 3062 3516 3117 Tbe-

1943 3147 2100 3204 banis
2127 3150 2277 3218 quod
2320 3150 2752 3206 Lacedremoniis
2793 3152 3174 3221 imperarent:
3239 3151 3386 3214 Vidi,
3434 3153 3518 3206 in-

1941 3239 2083 3307 quit,
2115 3247 2394 3293 torrentes
2421 3241 2762 3309 pereunibus
2813 3241 2995 3297 fluviis
3037 3243 3272 3313 majores
3322 3243 3517 3306 factos.

1939 3326 2031 3378 sed
2066 3325 2133 3379 ad
2163 3325 2332 3380 breve
2374 3336 2608 3397 tempus.

2008 3417 2153 3471 Idem
2183 3416 2550 3488 interrogatus
2575 3420 2664 3475 cui
2693 3421 3031 3492 relinqueret
3054 3437 3244 3478 arcem
3275 3423 3516 3494 regiam:

1940 3505 2178 3570 Potenti,
2214 3508 2416 3577 inquit.
3538 3579 3549 3591 .

2005 3596 2264 3653 Philonis.
2284 3629 2353 3639 —
2377 3600 2640 3670 Corporis
2658 3602 2882 3672 quidem
2924 3603 3234 3661 substantia
3275 3620 3371 3661 rex
3397 3609 3514 3662 cui-

1940 3689 2020 3743 vis
2047 3690 2256 3744 homini
2292 3693 2520 3762 aequalis
2559 3703 2680 3749 est:
2714 3695 3000 3765 dignitatis
3045 3713 3178 3753 vero
3221 3707 3512 3768 potestate,

1936 3779 2068 3845 Deo,
2106 3782 2200 3851 qui
2223 3790 2307 3837 est
2335 3798 2503 3854 super
2531 3786 2717 3841 omnia
2745 3786 2917 3857 (Rom.
2956 3804 3032 3852 rx,
3060 3789 3138 3855 5),
3172 3790 3368 3846 similis
3408 3801 3510 3846 est.

1937 3867 2053 3925 Non
2078 3872 2224 3926 enim
2258 3873 2424 3929 habet
2462 3891 2628 3946 super
2674 3886 2896 3944 terram,
2932 3880 3027 3948 qui
3077 3881 3171 3936 illo
3224 3882 3514 3938 sublimior

1935 3963 2024 4017 sit.
2054 3962 2248 4034 Opera:
2276 3967 2511 4036 pretium
2540 3969 2730 4040 igitur,
2757 3981 2818 4025 ut
2840 3981 2898 4026 et
2933 3973 3089 4042 quasi
3123 3975 3370 4030 mortalis
3400 3991 3511 4030 non
3610 4011 3615 4017 -

1933 4056 2248 4121 extollatur,
2282 4067 2340 4112 et
2370 4069 2426 4114 ut
2458 4061 2621 4126 Deus,
2675 4061 2754 4116 ira
2795 4078 2906 4118 non
2957 4064 3283 4134 abripiatur.
3330 4067 3512 4133 Quan-

1933 4164 2098 4217 quam
2129 4149 2275 4204 enim
2298 4151 2485 4206 divina
2514 4153 2752 4224 imagine
2795 4157 3100 4213 honoratus
3128 4167 3232 4224 est,
3285 4170 3508 4216 terreno

1935 4249 2114 4294 tamen
2148 4242 2364 4310 pulveri
2389 4245 2683 4314 copulatus
2711 4256 2816 4311 est,
2863 4264 2973 4317 quo
3025 4248 3259 4304 docetur
3283 4266 3406 4309 esse
3448 4269 3506 4308 se

1931 4331 2190 4387 omnibus
2222 4335 2479 4390 similem.

1998 4423 2247 4480 Maeonii.
2281 4455 2347 4464 -—
2376 4426 2700 4483 Cenandum
2734 4439 2818 4485 est
2847 4439 2907 4486 ut
2946 4432 3184 4490 subditis
3215 4437 3506 4493 venerabi-

249 4495 346 4549 λον
397 4499 512 4560 τοῖς
557 4499 840 4570 ὑπηκόοις,
871 4501 904 4572 ἦ
948 4503 1180 4574 φοϐερὸν
1225 4505 1546 4576 θεωρεῖσθαι
1570 4526 1581 4539 ·
1616 4511 1696 4581 τῷ
1727 4514 1826 4582 μὲν
1861 4515 1902 4570 D

1937 4513 2054 4576 lior,
2089 4531 2253 4584 quam
2289 4519 2594 4573 terribilior
2640 4521 2894 4576 videare:
2944 4525 3105 4578 alteri
3130 4526 3280 4580 enim
3322 4528 3500 4583 bone—

247 4589 366 4660 γὰρ
405 4589 670 4661 σεμνότης
704 4590 785 4663 [τὸ
810 4594 1178 4668 σεμνότητος],
1211 4599 1290 4669 τῷ
1319 4598 1376 4651 δέ
1411 4600 1644 4670 ἀπήνεια
1690 4620 1831 4673 παρ-

244 4679 559 4735 ακολουθεῖ.

320 4792 636 4860 Δημοκρίτ.
663 4823 735 4832 -——
757 4792 974 4863 Πονηρά
1023 4793 1184 4862 φύσις
1219 4794 1467 4858 ἐξουσίας
1499 4796 1827 4867 ἐπιλαϐομέ-

245 4898 336 4954 νη,
369 4881 634 4952 δημοσίας
657 4883 1030 4954 ἀπεργάζεται
1064 4887 1363 4957 συμφοράς.

333 4997 666 5054 Ἀντισθέν.
697 5029 768 5038 —
796 4998 930 5051 Τότε
965 4999 1062 5062 τὰς
1097 4999 1278 5063 πόλεις
1314 4999 1649 5054 ἀπόλλυσθαι
1685 5017 1823 5071 συμ-

245 5088 448 5151 ϐαίνει,
482 5088 611 5140 ὅταν
652 5087 727 5157 μὴ
764 5088 1015 5142 δύνανται
1062 5091 1110 5142 oi
1154 5091 1484 5161 κρατοῦντες
1527 5093 1652 5154 τοὺς
1684 5091 1822 5162 φαύ-

241 5180 375 5242 λους
407 5180 472 5231 ἐκ
499 5179 606 5232 τῶν
635 5180 938 5234 σπουδαίων
968 5182 1282 5251 διακρίνειν.

329 5290 661 5368 Ἐπισφαλές
694 5292 1002 5362 μαινομένῳ
1031 5293 1213 5346 δοῦναι
1254 5296 1554 5368 μάχαιραν,
1597 5301 1693 5352 καὶ
1722 5316 1819 5368 μο-

243 5363 438 5454 χθηρῷ
465 5380 718 5451 δύναμιν.

314 5495 689 5563 Μενάνδρου.
741 5525 811 5537 —
866 5495 1100 5559 Πλοῦτος
1160 5497 1443 5567 ἀλόγιστος
1494 5501 1815 5571 προσλαϐὼν

241 5588 517 5654 ἐξουσίαν,
545 5585 786 5650 καὶτοὺς
815 5589 1028 5657 φρονεῖν
1054 5589 1343 5654 δοκοῦντας
1363 5593 1623 5664 ἀνοήτους
1653 5599 1812 5650 ποιεί.

312 5766 575 5833 Ammoni.
605 5793 657 5806 -
691 5763 765 5817 Τὸ
798 5763 906 5836 γὰρ
931 5759 989 5819 εὖ
1024 5766 1285 5837 πράττειν
1317 5769 1468 5840 παρὰ
1499 5771 1598 5842 τὴν
1632 5773 1812 5840 ἀξίαν,

1931 4605 2086 4657 statis
2113 4605 2374 4672 gravitas,
2406 4606 2574 4660 alteri
2611 4606 2868 4666 ferocitas
2899 4628 3086 4669 comes
3125 4625 3229 4670 est.

1996 4799 2278 4855 Democrit.
2328 4832 2396 4842 —
2429 4804 2635 4860 Pravus
2682 4821 2900 4861 animus
2949 4819 3171 4881 arrepta
3224 4820 3498 4882 potestate

1927 4890 2176 4958 publicas
2206 4893 2547 4951 calamitates
2571 4912 2636 4950 ae
2674 4898 2859 4952 clades
2898 4899 3075 4955 all'ert.

1997 5003 2222 5058 Antisth.
2253 5035 2322 5046 -—
2355 5006 2513 5062 Tune
2555 5009 2817 5065 nimirum
2846 5013 3010 5069 urbes
3035 5016 3306 5087 contingit
3354 5018 3498 5073 inte-

1924 5091 2055 5157 rire,
2083 5109 2206 5148 eum
2238 5095 2296 5159 ii,
2346 5098 2441 5166 qui
2501 5116 2681 5154 rerum
2717 5104 3023 5171 potiuntur,
3059 5109 3233 5164 malos
3261 5125 3292 5164 a
3336 5109 3497 5166 bonis

1922 5184 2238 5241 discernere
2263 5203 2370 5241 non
2397 5191 2597 5245 valent.

1991 5299 2060 5354 Ut
2085 5299 2294 5354 furioso
2314 5302 2576 5370 gladium,
2612 5306 2693 5358 sic
2725 5307 2975 5376 improbo
3022 5322 3351 5380 potestatem
3377 5325 3494 5372 tra-

1919 5388 2069 5451 dere,
2103 5390 2493 5457 periculosum.

1989 5501 2289 5557 illcnumlri.
2351 5535 2420 5544 ———
2474 5505 2766 5574 Opulentia
2814 5511 3043 5567 rationis
3089 5529 3278 5571 exsors
3329 5528 3491 5575 nacta

1919 5600 2269 5660 potestatem,
2298 5609 2394 5648 eos
2414 5596 2578 5651 etiam
2616 5597 2710 5666 qui
2747 5613 2941 5668 sapere
2975 5601 3328 5672 videbantur,
3355 5609 3492 5662 stul-

1920 5694 2002 5738 tos
2037 5684 2238 5740 reddit.

1989 5775 2258 5833 Demosth.
2290 5809 2358 5820 --
2383 5780 2519 5836 Nam
2559 5783 2708 5851 quod
2736 5786 2860 5855 quis
2887 5802 3050 5857 supra
3082 5804 3245 5859 quam
3275 5805 3340 5846 ex
3373 5789 3490 5846 suis
