4246 6438
741 400 844 458 783

1905 391 1969 448 S.
2010 386 2296 447 MAXIMI
2338 385 2847 448 CONFESSORIS

3905 394 4013 457 ’184

741 505 1054 560 rationibus
1078 502 1307 558 exsistat
1333 514 1598 570 prospere
1622 498 1756 569 agit,
1784 498 2005 552 occasio
2032 508 2140 562 est,
2169 507 2229 552 ut
2267 504 2325 551 et

2426 498 2652 567 ἀφορμὴ
2697 500 2794 551 τοῦ
2850 499 3036 563 κακῶς
3094 505 3315 571 φρονεῖν
3370 503 3522 574 παρά
3572 504 3672 575 τὴν
3723 502 3883 569 ἀξίαν
3930 506 4013 573 τε-

741 613 907 667 supra
937 612 1101 667 quam
1134 610 1201 650 ex
1236 593 1349 648 illis
1375 593 1654 655 videatur,
1689 591 1946 661 desipiat.

1268 728 1430 801 532
1465 727 1697 783 SERMO
1736 728 1805 783 Χ.

1081 841 1162 895 De
1198 843 1589 912 uituperatione
1625 851 1675 895 et
1713 842 2011 896 calumnia.

814 954 1002 1008 llatth.
1039 970 1093 1019 v,
1126 956 1211 1008 ll.
1244 984 1313 994 —
1342 952 1494 1007 Beati
1520 950 1703 1017 eritis,
1728 966 1855 1007 cum
1890 950 2093 1022 probra
2142 949 2197 1003 in
2232 963 2331 1004 vos

745 1042 1111 1113 conjecerint,
1144 1053 1204 1098 et
1238 1040 1517 1112 persecuti
1550 1055 1651 1095 vos
1700 1040 1931 1103 fuerint,
1974 1048 2032 1094 et
2080 1038 2333 1093 dixerint

742 1149 908 1188 omne
941 1134 1150 1189 malum
1196 1134 1431 1188 verbum
1492 1132 1792 1188 adversum
1849 1146 1949 1187 vos
1997 1131 2333 1186 mentientes

744 1237 978 1297 propter
1018 1242 1129 1281 me.

814 1318 843 1372 1
886 1317 1009 1373 Car.
1040 1334 1114 1381 tv,
1150 1318 1234 1371 ω.
1274 1346 1346 1357 -
1368 1317 1774 1380 Μοιριιίεἱιιιιιτ,
1814 1326 1873 1370 et
1905 1315 2327 1373 benedicimus:

745 1410 1219 1479 blasphemamur,
1259 1418 1317 1463 et
1352 1409 1734 1463 obsecramus.

815 1500 975 1554 Prov.
1006 1516 1060 1565 ι,
1087 1501 1176 1555 l8.
1202 1530 1269 1540 —
1291 1499 1567 1569 Operiunt
1600 1500 1949 1555 inimicitiam
1980 1501 2123 1555 labia
2150 1500 2329 1569 iusta:

743 1594 840 1661 qui
894 1602 1084 1647 autem
1150 1591 1444 1646 maledicta
1506 1590 1821 1661 proferunt,
1891 1590 2333 1660 insipientissimi

745 1693 901 1739 sunt.

817 1777 986 1831 Eccli.
1016 1792 1205 1839 ιιι-ιιι,
1242 1776 1326 1828 ll.
1356 1804 1425 1813 —
1456 1774 1552 1828 \‘ir
1573 1775 1887 1828 scelerosus
1913 1774 2161 1827 turbabit
2189 1771 2333 1826 ami-

744 1882 863 1931 cos,
891 1877 947 1921 et
977 1868 1123 1921 inter
1148 1866 1360 1921 medios
1394 1879 1586 1933 pacem
1633 1866 1959 1920 habentium
2012 1865 2181 1934 jacict
2237 1879 2332 1918 ca-

746 1959 1011 2013 lumniam
1065 1975 1078 2010 :
1114 1966 1174 2011 ut
1208 1959 1440 2011 materia
1462 1957 1605 2028 ignis
1631 1958 1711 2011 sic
1735 1957 2078 2012 exardescet.

816 2054 985 2109 Eccli.
1027 2070 1100 2115 ιι,
1139 2056 1190 2107 7.
1224 2084 1294 2093 —
1326 2054 1655 2123 Priusquam
1698 2054 2031 2123 interroges,
2082 2070 2151 2109 ne
2187 2056 2337 2109 vitu-

746 2161 910 2214 peres
938 2161 953 2206 ;
978 2144 1227 2214 intellige
1254 2143 1522 2213 primum,
1546 2153 1603 2199 ct
1631 2156 1761 2198 tunc
1784 2144 2025 2214 corripe.

818 2236 1032 2291 Basilii.
1065 2267 1134 2275 —
1167 2237 1286 2291 Non
1323 2237 1495 2291 verba
1547 2238 1662 2307 ipsa
1710 2237 1961 2292 dolorem
2011 2237 2219 2292 habent
2251 2238 2339 2292 in-

746 2340 962 2393 cutere,
999 2330 1095 2384 sed
1128 2340 1319 2383 nostra
1356 2332 1409 2383 in
1447 2345 1573 2384 cum
1599 2330 1696 2398 qui
1751 2330 2102 2384 conviciatur
2144 2344 2339 2399 super-

748 2423 840 2476 bia
870 2430 930 2475 et
960 2427 1340 2487 contemptus,
1369 2418 1684 2486 horumque
1712 2417 2062 2485 singulorum
2092 2421 2338 2487 cogitatu

749 2512 924 2566 animi
953 2509 1276 2580 pensitatio.

819 2604 1015 2659 Solent
1076 2618 1248 2673 prope
1297 2600 1514 2669 magnis
1580 2597 1968 2670 principibus,
2039 2599 2336 2655 illiberalia

751 2696 945 2751 istbtcc
977 2694 1245 2764 obsequia
1292 2692 1600 2752 adhzrrerc,
1637 2699 1698 2745 ut
1745 2705 1872 2745 cum
1907 2692 2135 2760 prOprio
2190 2691 2339 2745 bono

751 2799 1000 2849 careant,
1049 2802 1161 2857 quo
1210 2785 1603 2849 inclarescant,
1659 2799 1727 2838 ex
1768 2782 1970 2837 alienis
2011 2784 2171 2837 malis
2218 2783 2338 2853 ipsa

751 2897 873 2936 sese
913 2880 1329 2933 commendent.

824 2970 1091 3040 Thcologi.
1117 2999 1183 3008 —
1220 2968 1340 3023 Non
1393 2982 1589 3037 magna
1629 2982 1717 3020 res
1766 2976 1852 3020 est
1886 2966 2169 3034 corripere
2200 2982 2214 3018 :
2254 2974 2341 3019 est

751 3062 901 3115 enim
937 3060 1084 3115 istud
1122 3060 1468 3122 facillimum,
1509 3074 1572 3112 ac
1600 3067 1786 3129 potest
1817 3057 2001 3126 quivis
2035 3066 2334 3127 praestare:

754 3166 904 3211 tuam
934 3172 1067 3211 vero
1093 3155 1336 3209 vicissim
1372 3154 1705 3208 sententiam
1728 3159 2083 3220 mentemque
2105 3149 2334 3213 inferre,

754 3248 811 3303 id
838 3264 972 3302 vero
1004 3249 1105 3301 viri
1130 3246 1371 3316 religiosi
1400 3260 1464 3300 ac
1488 3245 1595 3299 cati
1622 3253 1726 3297 est.

825 3340 1057 3395 Praestat
1084 3338 1224 3393 male
1246 3337 1461 3400 audire,
1497 3350 1665 3405 quam
1706 3344 1766 3387 ut
1801 3332 2122 3388 maledicas.

825 3431 946 3486 Non
998 3430 1256 3500 vulgares
1305 3428 1485 3483 solum
1540 3427 1815 3491 homines,
1873 3424 1969 3479 sed
2027 3423 2122 3494 qui
2169 3424 2339 3479 etiam

755 3522 951 3595 optimi
974 3522 1105 3585 sint,
1136 3521 1361 3575 incessit
1390 3534 1627 3573 momus.

825 3611 1089 3680 Chrysost.
1113 3639 1182 3648 —
1210 3605 1685 3673 Quemadmodum
1718 3602 2109 3658 benedicentia
2136 3613 2193 3657 et
2224 3603 2341 3657 lau-

756 3702 908 3756 datio
971 3700 1231 3755 amicitia:
1292 3700 1450 3768 origo
1510 3707 1640 3759 est;
1694 3697 1773 3749 sic
1829 3694 2220 3749 maledicentia
2283 3706 2341 3751 et

758 3794 1057 3855 calumnia,
1090 3791 1397 3846 inimicitiae
1422 3788 1649 3857 odiique
1673 3802 1737 3840 ac
1767 3785 2039 3839 malorum
2084 3784 2339 3839 innume-

758 3886 1017 3939 rabilium
1056 3898 1256 3951 parens
1288 3897 1350 3935 ae
1381 3880 1526 3934 ratio
1554 3889 1661 3931 est.

829 3973 975 4029 Fieri
1006 3989 1115 4027 non
1143 3981 1347 4042 potest,
1372 3979 1432 4024 ut
1465 3969 1559 4039 qui
1586 3968 1791 4021 virtute
1819 3965 1989 4019 vitam
2016 3964 2335 4030 instituunt,

759 4067 831 4122 ah
862 4065 1127 4119 omnibus
1167 4063 1308 4117 bene
1344 4060 1595 4115 audiant.

831 4153 888 4207 Si
921 4152 998 4205 illi
1029 4152 1123 4221 qui
1156 4151 1309 4205 leves
1330 4158 1387 4204 et
1411 4149 1609 4202 inanes
1644 4144 1999 4199 narrationes
2028 4142 2336 4212 excipiunt,

762 4243 908 4299 haud
937 4243 1095 4297 facile
1122 4241 1339 4296 veniam
1382 4241 1493 4295 sint
1541 4238 1811 4301 habituri,
1849 4238 1945 4308 qui
2002 4237 2338 4292 calumniam

762 4345 986 4391 struunt
1037 4334 1451 4401 dctrahuntque
1506 4346 1572 4386 ac
1641 4330 1955 4385 maledictis
2014 4329 2336 4393 incessunt,

761 4444 926 4498 quam
948 4427 1325 4481 defensionem
1348 4424 1669 4479 habebunt?

832 4518 953 4573 Non
983 4516 1145 4571 nobis
1188 4531 1351 4584 grave
1379 4515 1452 4568 sit
1492 4513 1641 4582 quod
1686 4512 1830 4567 male
1884 4511 2197 4575 audiamus,
2240 4510 2338 4566 sed

763 4607 911 4679 quod
938 4608 1087 4677 juste
1109 4605 1252 4659 male
1281 4602 1594 4657 audiamus.

834 4697 1092 4766 Plerique
1148 4694 1439 4749 hominum
1498 4706 1727 4747 suorum
1793 4689 2013 4759 patroni
2074 4689 2338 4743 vitiorum

764 4789 1076 4845 exsistunt:
1112 4786 1292 4842 aliena
1322 4783 1619 4839 traducunt
1653 4796 1719 4836 ac
1749 4781 2144 4837 criminantur.

834 4965 1131 5022 Plutarchi.
1157 4995 1225 5005 —
1256 4964 1468 5034 Lingua
1490 4960 1779 5027 maledica,
1806 4960 1962 5015 mala:
1985 4960 2188 5016 mentis
2222 4975 2344 5017 cer-

768 5069 884 5114 tum
913 5057 1178 5112 indicium
1216 5065 1321 5111 est.

840 5149 1001 5221 563
1034 5148 1304 5210 Isocratis.
1337 5145 1568 5200 —Cave
1600 5142 1923 5209 calumnias,
1949 5142 2165 5197 etiamsi
2200 5141 2349 5197 falsa:

2432 605 2599 643 νεται.

3022 733 3242 787 ΛΟΓΟΣ
3279 735 3315 786 ι’
3348 736 3413 790 ⁸⁸.

2800 848 2939 915 Περί
2972 849 3170 917 ψόγου
3196 849 3295 903 καί
3327 850 3643 919 διαϐολῆς.

2501 955 2687 1009 Maro.
2740 954 2915 1010 E'.-—
2956 958 3237 1030 Μακάριοι
3291 961 3442 1027 ἐστε,
3492 962 3625 1016 ὅταν
3677 962 4014 1019 ὀνειδίσωσιν

2432 1044 2578 1111 ὑμᾶς
2614 1047 2709 1099 καὶ
2746 1047 3031 1112 διώξωσιν,
3076 1052 3172 1103 καὶ
3211 1050 3411 1105 εἴπωσι
3440 1055 3552 1107 πᾶν
3593 1054 3831 1126 πονηρὸν
3864 1056 4015 1127 ῥῆμα

2432 1135 2554 1189 καθ’
2582 1137 2738 1207 ὑμῶν
2764 1140 3086 1210 ψευδόμενοι
3107 1141 3294 1196 ἕνεκεν
3323 1143 3480 1215 ἐμοῦ.

2504 1310 2564 1365 B’
2605 1314 2847 1380 Κορινθ.
2916 1314 2993 1370 Δ’.
3049 1344 3123 1356 —
3159 1316 3595 1387 Λοιδορούμενοι,
3643 1319 4014 1391 εὐλογοῦμεν·

2436 1405 2943 1475 βλασφημούμενοι,
2969 1409 3420 1478 παρακαλοῦμεν.

2506 1500 2752 1567 Παροιμ.
2800 1498 2866 1553 ι’.
2907 1529 2979 1540 -
3020 1501 3407 1554 Καλύπτουσιν
3462 1501 3664 1574 ἔχθραν
3722 1504 3879 1573 χείλη
3937 1504 4017 1557 δί-

2435 1610 2568 1646 καια
2596 1592 2706 1660 (Ιι)ο
2736 1594 2786 1645 οί
2820 1593 2879 1646 δὲ
2926 1594 3252 1665 ἐκφέροντες
3291 1594 3581 1664 λοιδορίας,
3621 1596 4017 1665 ἀφρονέστατοι

2438 1699 2567 1736 εισι.

2506 1777 2691 1845 Σιράχ
2719 1774 2857 1832 KH'.
2900 1806 2967 1816 —
2997 1776 3161 1847 ’Δνήρ
3195 1778 3521 1848 ἁμαρτωλὸς
3543 1778 3775 1848 ταράξει
3801 1779 4016 1845 φίλους,

2437 1868 2532 1919 καὶ
2574 1868 2852 1938 ἀναμέσον
2896 1869 3285 1939 είρηνευόντων
3339 1869 3499 1938 βαλεῖ
3542 1869 3827 1939 διαϐολὴν·
3874 1870 4019 1925 κατά

2371 1962 2414 2017 B
2442 1957 2541 2028 τὴν
2573 1957 2710 2029 ὓλην
2736 1957 2834 2012 τοῦ
2864 1959 3038 2028 πυρὸς
3065 1958 3240 2023 οὕτως
3273 1958 3693 2037 ἑκκαυθῄσεται.

2524 2050 2815 2116 Ἐκκλησ.
2855 2049 3054 2106 IA'.—
3104 2051 3243 2122 [ιριν
3304 2039 3605 2117 ἐξετάεὶεις.
3662 2051 3738 2123 μὴ
3791 2051 4016 2121 μέμψῃ·

2439 2145 2632 2213 νόησον
2659 2142 2899 2215 πρῶτον,
2937 2144 3033 2197 κιιῖ⁵
3058 2144 3179 2197 τότε
3209 2143 3458 2213 ἑπιτίμα.

2511 2236 2856 2289 Βασιλείου.
2880 2265 2953 2275 -
2983 2235 3061 2289 Οὐ
3092 2235 3162 2289 τὰ
3203 2236 3426 2305 ρήματα
3463 2236 3676 2306 πέφυκε
3711 2236 3813 2300 τάς
3842 2236 4023 2299 λύπας

2440 2328 2637 2378 κινεῖν
2669 2325 2787 2378 ἀλλ’
2816 2327 2849 2396 ἡ
2885 2327 3028 2379 κατά
3056 2326 3151 2379 τοῦ
3194 2326 3607 2398 λοιδορήσαντος
3657 2329 3809 2397 ἡμᾶς
3851 2329 4021 2397 ὑπερ·

2438 2415 2590 2485 οψία,
2615 2418 2711 2470 καὶ
2742 2418 2777 2486 ἡ
2799 2417 3033 2471 ἑκάστου
3072 2417 3254 2471 αὐτῶν
3283 2417 3577 2489 ὕπεροιῖιία.

2512 2591 2801 2661 ῐιεφύκασί
2830 2608 2949 2655 πως
2986 2592 3109 2656 ταῖς
3157 2592 3424 2662 μεγάλαις
3463 2593 3806 2656 δυναστείαις
3837 2595 3895 2647 αί
3924 2597 4021 2649 ἀν-

2420 2679 2711 2752 κελεύθεροι
2746 2678 2905 2736 αὗται
2948 2682 3335 2754 παραφύεσθαι
3379 2682 3687 2753 θεραπεῖαι,
3733 2686 3789 2737 αί
3834 2686 3926 2737 διά
3960 2686 4023 2738 τὸ

2438 2774 2666 2845 ἀπορεῖν
2687 2776 2892 2829 οἰκείου
2924 2774 3135 2843 ἀγαθοῦ
3163 2777 3232 2829 δι’
3259 2768 3324 2830 οὗ
3366 2776 3773 2845 γνωρισθῶσιν,
3806 2779 3873 2831 ἐκ
3908 2780 4022 2832 τῶν

2438 2865 2735 2937 ἀλλοτρίων
2760 2868 2947 2920 κακῶν
2977 2868 3208 2931 ἑαυτοὺς
3242 2868 3589 2922 συνιστῶσιν.

2513 2959 2831 3025 Θεολότου.
2868 2958 3037 3011 -Τὸ
3088 2958 3188 3027 μὲν
3235 2958 3345 3028 γὰρ
3397 2958 3683 3029 ἐπιτιμᾷν,
3724 2960 3787 3013 ού
3834 2960 4017 3029 μέγα·

2442 3050 2639 3120 ῥᾷστον
2664 3049 2774 3120 γὰρ
2798 3051 2889 3102 καὶ
2910 3049 3007 3103 τοῦ
3044 3049 3369 3119 βουλομένου
3389 3051 3592 3115 παντός
3608 3067 3622 3081 '
3647 3052 3709 3104 τὸ
3724 3052 3779 3104 δὲ
3803 3054 4023 3106 ἀντεισ-

2440 3141 2595 3207 άγειν
2650 3142 2750 3211 τὴν
2793 3141 2992 3194 ἑαυτοῦ
3038 3140 3287 3212 γνώμην,
3347 3142 3544 3212 ἀνδρὸς
3605 3143 3865 3209 εὐσεϐοῦς
3923 3146 4023 3200 καὶ

2438 3230 2563 3281 νοῦν
2589 3229 2821 3297 ἔχοντος.

2362 3286 2408 3342 C
2517 3286 2718 3382 Κακῶς
2744 3286 2960 3373 ἀκούειν
2992 3322 3263 3390 κρεῖσσον,
3296 3321 3329 3388 ἢ
3357 3320 3537 3388 λέγειν
3564 3324 3770 3387 κακῶς.

2514 3411 2785 3464 ’Ᾱπτεται
2841 3410 2904 3463 ού
2943 3412 3051 3464 τῶν
3088 3411 3304 3465 πολλῶν
3352 3415 3535 3481 μόνον,
3576 3414 3712 3468 ἀλλά
3769 3414 3867 3467 καὶ
3908 3414 4020 3468 τῶν

2442 3502 2685 3573 ἀρίστων
2714 3503 2743 3554 ὁ
2781 3501 2992 3571 μῶμος.

2511 3590 2812 3659 Χρυσοστ.
2846 3622 2919 3636 --
2941 3594 3153 3664 Ὠσπερ
3188 3594 3249 3647 τὸ
3278 3595 3461 3659 καλῶς
3501 3596 3684 3663 λέγειν
3712 3600 3808 3650 καὶ
3834 3600 4013 3665 ἐγκω-

2443 3680 2662 3749 μιάζειν
2701 3681 2846 3751 ἀρχὴ
2888 3683 3072 3750 φιλίας
3122 3684 3300 3736 ἐστίν·
3343 3684 3487 3738 οὕτω
3512 3688 3573 3738 τὸ
3601 3687 3788 3750 κακῶς
3835 3687 4019 3755 λέγειν

2440 3771 2536 3822 καὶ
2563 3770 2892 3835 διαϐάλλειν,
2920 3772 3138 3841 ἔχθρας,
3172 3774 3267 3827 καὶ
3315 3775 3635 3844 ἀπεχθείας,
3680 3777 3776 3829 καὶ
3802 3777 4018 3847 μυρίων

2440 3859 2629 3914 κακῶν
2657 3860 2800 3931 ἀρχὴ
2822 3862 2915 3915 καὶ
2943 3864 3203 3928 ὑπόθεσις
3224 3865 3473 3933 γέγονεν.

2510 3949 2587 4001 Οὐ
2638 3949 2863 4004 δυνατὸν
2907 3953 3033 4016 τοὺς
3072 3954 3132 4007 ὲν
3176 3958 3347 4026 ἀρετῇ
3406 3957 3568 4021 ὄντας
3614 3958 3765 4029 παρὰ
3795 3958 4015 4013 πάντων

2439 4042 2662 4098 ἀκούειν
2694 4044 2898 4107 καλῶς.

2509 4134 2573 4187 El
2623 4135 2675 4186 οἱ
2726 4135 3160 4204 παραδεχόμενοι
3211 4135 3382 4203 ἀκοὴν
3434 4134 3674 4203 ματαίαν
3702 4133 3802 4186 οὐκ
3834 4135 3902 4187 ἂν
3929 4136 4019 4188 τύο

2438 4241 2587 4294 χοιεν
2630 4228 2991 4295 συγγνώμης·
3021 4227 3070 4278 οί
3100 4224 3479 4289 διαϐάλλοντες
3508 4226 3604 4279 καὶ
3649 4225 4018 4297 λοιδοροῦντες

2439 4317 2604 4370 ποίαν
2631 4315 2845 4385 ἕξουσιν
2877 4317 3175 4385 ἀπολογίαν
3196 4335 3213 4384 ;

2511 4498 2682 4571 Μὴτδ
2705 4499 2893 4563 κακῶς
2937 4498 3157 4554 ἀκούειν
3195 4497 3470 4569 ἀλγῶμεν,
3497 4497 3634 4553 ἀλλά
3670 4497 3748 4569 τῷ
3789 4499 4019 4562 δικαίως

2442 4592 2663 4647 ἀκούειν
2684 4592 2893 4653 κακῶς.

2512 4684 2576 4733 Οἱ
2606 4681 2792 4733 ’πολλοὶ⁵
2836 4681 2947 4733 τῶν
2986 4680 3315 4750 ἀνθρώπων,
3356 4681 3465 4735 τῶν
3513 4682 3614 4750 μὲν
3656 4682 3803 4735 ἰδίων
3832 4682 4020 4752 ἀμαρ-

2438 4770 2702 4841 τημάτων
2727 4771 3019 4843 συνήγοροι
3049 4771 3287 4840 γίνονται
3303 4771 3458 4825 σ’τῶν
3482 4771 3538 4826 δὲ
3562 4772 3863 4843 ἀλλοτρίων
3885 4790 4020 4826 κατ-

2441 4878 2653 4932 ηγοροι-

2512 4950 2924 5021 Πλουτάρχου.
2942 4979 3010 4992 -
3034 4950 3258 5005 Γλῶσσα
3282 4950 3624 5022 βλάσφημος,
3647 4951 3889 5015 διανοίας
3918 4968 4025 5005 κα-

2441 5044 2545 5113 κῆς
2570 5043 2807 5112 ἔλεγχος.
3463 5054 3473 5061 ·

2530 5138 2823 5206 Ἰσοκρὰτ.
2851 5168 2921 5178 -
2952 5137 3195 5191 Εὑλασοῦ
3225 5138 3329 5204 τες
3354 5137 3630 5206 διαόολάς,
3671 5137 3776 5193 κᾶν
3800 5139 4027 5209 ψευδεῖς

2055 5280 2288 5337 νΑιιιΑε
2329 5278 2730 5337 LBCTIONES.

846 5386 889 5417 “
920 5386 978 5438 In
1000 5384 1163 5437 Gesn.
1200 5382 1419 5437 Stobteo
1452 5381 1535 5433 70.

2296 5464 2527 5520 ΝυΤᾹΞ.

847 5568 923 5639 (h)
956 5566 1137 5631 Χείλη
1168 5564 1385 5639 δίκαια.
1412 5562 1837 5639 Setisuslittera‘
1866 5561 1939 5639 _ad
1967 5559 2183 5614 Maximi
2210 5574 2335 5613 sco-

776 5632 914 5710 pum
956 5633 1589 5710 accommodatissimas:
1623 5632 1878 5710 Quijusti
1906 5640 2053 5710 sunt,
2101 5646 2209 5685 non
2240 5646 2339 5710 es-

782 5701 840 5763 se
865 5722 1216 5768 susurrones,
1242 5703 1338 5759 sed
1371 5705 1590 5773 operire
1612 5717 1749 5772 quas
1774 5702 2105 5773 inimicitias
2129 5710 2183 5773 et
2214 5701 2341 5755 odia

782 5779 985 5845 sciunt,
1022 5792 1087 5833 ne
1116 5771 1446 5847 detegendo,
1472 5771 1644 5846 majus
1658 5773 1741 5831 eis
1764 5772 2003 5830 fomenta
2021 5771 2338 5828 adhibeant.

2444 5558 2582 5625 llcb.
2654 5570 2837 5615 tamen
2888 5568 3021 5645 ape
3074 5558 3327 5628 falsitatis
3380 5558 3606 5614 habent.
3654 5558 3820 5631 Vulg.
3876 5560 4031 5618 labia

2447 5652 2764 5722 mendacia;
2798 5651 2953 5720 quasi
2985 5650 3113 5705 dolo
3146 5651 3398 5720 maloque
3433 5652 3621 5706 animo
3649 5651 3767 5707 hare
3800 5654 4033 5722 operire

2450 5720 2854 5794 intelligantur,
2892 5732 2953 5775 ut
2993 5722 3048 5776 in
3083 5731 3327 5794 tempore
3386 5732 3641 5775 noceant.
3678 5720 4032 5794 Quidilege-

2447 5791 2557 5847 rint
2612 5796 2659 5845 οἱ
2690 5792 2973 5855 Seniores,
3006 5802 3062 5847 ut
3092 5792 3162 5847 ita
3193 5790 3510 5856 redderent,
3546 5808 3654 5846 non
3678 5792 3872 5862 liquet.
