4246 6438
258 398 366 463 ’185

1569 406 1627 461 U
1638 409 1737 461 )Ul
1775 412 1984 462 LUMM
1998 418 2037 463 U
2050 426 2090 462 Α
2102 419 2212 463 Lb.

3425 410 3530 472 786

260 506 414 567 ὦσιν.
445 512 510 568 Οί
557 514 668 585 γὰρ
722 512 925 581 πολλοὶ,
965 512 1066 583 τὴν
1119 511 1219 582 μὲν
1244 509 1500 580 ἀλήθειαν
1555 511 1835 578 ἀγνοοῦσι,

1950 513 2166 568 Fuerint.
2194 514 2402 585 Vulgus
2428 512 2576 567 enim
2611 512 2899 567 veritatem
2927 513 3208 583 ignorans,
3237 515 3306 570 ad
3332 516 3528 572 lamalll

262 604 401 676 πρὸς
428 604 485 657 δὲ
512 605 614 676 τὴν
644 605 803 673 δόξαν
829 605 1253 659 ἀποϐλέπουσιν.

332 690 502 760 Οὗτος
528 698 770 761 ἀκούσας
800 697 951 769 παρά
980 714 1147 761 τινος,
1181 698 1265 751 ὅτι
1305 695 1363 749 ’0
1402 696 1549 749 δεῖνα
1596 694 1681 749 ἐπ’
1705 694 1842 767 ἐμοῦ

257 786 385 841 τάδε
428 786 573 840 κατά
608 787 703 841 σοῦ
767 787 1062 856 ἐλοιδόρειο
1125 788 1186 839 Εί
1229 786 1304 857 μή
1346 785 1434 852 σὺ,
1466 780 1641 850 εἶπεν,
1671 785 1846 856 ἡδέως

265 878 531 950 ἤκουσας,
558 880 659 934 οῦκ
680 878 749 934 ἂν
770 880 979 943 ἐκεῖνος
1008 877 1287 949 ἐλοιδόρει.

338 1060 654 1126 Δημοκρίτ.
687 1087 759 1099 -
790 1057 854 1112 Ἦ
886 1056 987 1128 μὲν
1035 1056 1284 1131 μάχαιρα
1311 1056 1535 1128 τέμνει·
1569 1058 1602 1128 ἡ
1633 1058 1691 1112 δὲ
1734 1057 1850 1111 δια-

262 1149 394 1220 ϐολὴ
422 1148 646 1219 χωρίζει
673 1148 881 1217 φίλους.

332 1240 671 1308 Σωκράτης.
699 1269 765 1280 -
805 1238 1264 1309 Ἀπαγγείλαντός
1288 1256 1434 1303 τινος
1467 1238 1639 1310 αὐτῷ,
1674 1240 1759 1293 ὄτι
1793 1240 1853 1291 '0

260 1330 413 1386 δεῖνά
437 1347 498 1383 σε
522 1329 705 1394 κακῶς
728 1329 898 1400 λέγει,
928 1331 1038 1386 Καὶ
1054 1328 1305 1384 τυπτέτω
1324 1345 1413 1399 με,
1440 1327 1567 1399 ἔφη,
1604 1328 1681 1399 μὴ
1711 1344 1853 1396 παρ·-

262 1424 413 1477 ὄντα.

344 1515 594 1587 Ψίθυρον
631 1516 727 1571 καὶ
768 1514 1017 1570 διάϐολον
1061 1513 1254 1585 ἄνδρα,
1286 1513 1361 1584 μὴ
1407 1509 1739 1584 παραδέχου.
1781 1510 1855 1563 Οὐ

262 1609 378 1680 γὰρ
408 1608 601 1663 ἱνεκεν
629 1609 844 1673 εὐνοίας
867 1607 1031 1662 τοῦτο
1065 1610 1231 1662 ποιεῖ.
1267 1608 1357 1669 Ὠς
1386 1605 1498 1677 γὰρ
1525 1604 1597 1658 τὰ
1622 1603 1730 1658 τῶν
1758 1603 1858 1658 ἀλ-

1944 606 2196 674 respicit.

2018 699 2139 763 llic,
2176 714 2302 754 cum
2327 699 2553 769 quidam
2590 701 2657 755 ad
2682 716 2811 755 cum
2832 700 3226 756 obtrectatoris
3254 698 3425 756 verba
3450 715 3536 754 rc-

1947 791 2140 855 ferret,
2176 807 2241 847 ac
2272 793 2489 849 diceret
2515 812 2527 848 :
2552 794 2635 850 Me
2666 805 2941 864 praasente
2979 796 3095 849 lucc
3122 795 3214 849 ille
3238 793 3535 847 maledicta

1947 884 2016 937 de
2052 892 2105 939 te
2153 885 2394 954 jac-iebat
2421 904 2434 939 :
2464 887 2580 941 Nisi
2631 895 2713 950 ιιι,
2752 887 2954 956 inquit,
2984 887 3224 941 libenter
3263 884 3537 949 audisses,

1949 978 2270 1047 neutiquam
2300 978 2391 1033 ille
2425 980 2770 1034 conviciatus
2801 989 2972 1033 esset.

2019 1068 2248 1124 Gladius
2266 1070 2489 1139 quidem
2515 1079 2665 1127 secat
2718 1071 2993 1126 calumnia
3018 1078 3203 1123 autem
3235 1067 3382 1121 inter
3405 1065 3516 1121 ειηιί

1952 1174 2050 1215 cos
2074 1173 2313 1230 separat.

2021 1252 2362 1308 Soerates.-—
2396 1252 2535 1308 Cum
2569 1251 2793 1320 quidam
2832 1251 2883 1305 ei
2918 1251 3181 1306 dixisset:
3204 1250 3445 1316 Quidam
3474 1249 3544 1305 de

1956 1354 2009 1400 te
2060 1346 2200 1399 male
2247 1344 2492 1414 loquitur
2530 1361 2543 1398 :
2584 1342 2763 1397 Etiam
2802 1357 2913 1397 non
2940 1350 3290 1413 prmscntem,
3338 1340 3543 1410 inquit,

1955 1436 2234 1489 verberet.

2027 1523 2396 1579 Susurronem
2429 1535 2486 1580 et
2519 1522 2979 1578 calumniatorem
3008 1535 3079 1576 ne
3101 1520 3401 1586 admittas;
3431 1533 3543 1574 non

1957 1616 2107 1670 enim
2136 1616 2539 1670 benevolentia:
2568 1630 2735 1670 causa
2771 1614 2827 1669 id
2889 1622 3129 1683 praestat.
3172 1612 3387 1681 Quippe
3433 1626 3544 1681 qua

262 1701 376 1756 λων
396 1702 690 1775 ἀπόρρητα
739 1700 1064 1771 ἀπεκάλυψέ
1092 1717 1199 1764 σοι,
1227 1697 1500 1762 ὡσαύτως
1530 1698 1623 1753 καί
1656 1696 1731 1750 τὰ
1753 1695 1855 1749 ὑπὸ

1960 1706 2177 1759 ratione
2208 1705 2443 1759 aliorum
2489 1704 2589 1759 tibi
2630 1703 2851 1775 aperuit
2879 1712 3117 1768 secreta,
3152 1701 3346 1758 eadem
3375 1704 3545 1759 etiam

263 1794 364 1849 σοῦ
387 1794 659 1867 λεγόμενα
689 1795 901 1866 ἑτέροις
924 1793 1280 1863 ἀναθήσεται.

335 1888 713 1956 Μοσχίωνος.
736 1918 804 1930 -
819 1886 958 1941 ’Υπδ
982 1886 1198 1942 πολλῶν
1216 1883 1603 1938 διαϐάλλεσθαι
1638 1880 1848 1943 κακῶν,

263 1976 392 2033 οὔτε
421 1979 648 2050 ἀληθὲς,
680 1978 805 2032 οῦτε
837 1978 1100 2050 βλαϐερόν
1119 1994 1133 2009 ⁸
1162 1976 1226 2030 τὸ
1253 1978 1311 2032 δὲ
1364 1977 1453 2047 ὑφ’
1480 1975 1600 2039 ένὸς
1643 1973 1852 2044 ἀγαθοῦ

260 2070 551 2141 ψέγεσθαι,
582 2071 677 2125 καὶ
710 2071 913 2142 ἀληθὲς
942 2069 1039 2125 καὶ
1061 2068 1334 2134 λυσιτελές

333 2162 680 2232 Δημώνακτ.
703 2162 957 2227 -Τινὺς
1002 2161 1261 2232 σοφιστοῦ
1301 2159 1628 2230 αἰτιωμένου
1664 2157 1849 2223 αὐτὸν,

266 2255 365 2309 καὶ
393 2253 668 2324 λέγοντος,
698 2255 853 2310 Διατί
896 2273 965 2327 με
999 2254 1187 2319 κακῶς
1222 2254 1430 2323 λέγεις;
1466 2253 1591 2307 ’Ότι
1632 2251 1708 2323 μὴ
1752 2268 1853 2304 κα-

263 2351 579 2419 ταφρονεῖς,
602 2347 732 2419 ἔφη,
764 2349 857 2404 τὸν
882 2348 1069 2413 κακῶς
1091 2348 1341 2417 λέγοντα.

337 2439 639 2509 Διογένης.
667 2469 741 2482 -
766 2441 1192 2512 Λοιδορούμενος
1219 2439 1327 2493 ὑπό
1368 2454 1518 2501 τινος
1545 2433 1848 2505 φαλακροῦ,

265 2526 394 2597 ἔφη’
424 2530 494 2580 Σὲ
530 2530 629 2598 μὲν
656 2530 756 2599 οὐχ
782 2530 1015 2597 ὑϐρίζω,
1045 2531 1145 2590 τὰς
1183 2528 1240 2579 δὲ
1263 2528 1460 2596 τρίχας
1490 2538 1584 2575 σου
1614 2524 1846 2584 ἐπαινῶ»

263 2619 349 2673 ὅτι
378 2619 549 2673 κακὸν
571 2620 836 2691 ἐξέφυγον
866 2616 1111 2690 κρανίον.

335 2795 607 2867 Προδότου
656 2795 715 2850 δέ
761 2813 906 2861 τινος
945 2795 1134 2859 κακῶς
1191 2792 1355 2849 αὐτὸν
1391 2791 1665 2861 λέγοντος,
1709 2788 1837 2860 ἔφη’

263 2886 464 2960 Χαίρω
487 2887 683 2961 ἰχθρός
725 2906 823 2943 σου
870 2887 1199 2960 γενόμενος’
1227 2886 1293 2940 σὺ
1339 2884 1450 2956 γὰρ
1501 2883 1562 2938 οὐ
1604 2879 1733 2948 τοὺς
1756 2883 1849 2953 ἑχ-

264 2977 458 3052 θροῦς,
481 2980 619 3037 ἀλλά
650 2980 778 3045 τοὺς
810 2979 1001 3049 φίλους
1035 2977 1228 3043 κακῶς
1261 2978 1455 3041 ποιεῖς.

347 3070 692 3139 ’Δρίστιππ.
715 3101 787 3112 -
818 3071 1176 3142 Ἀρίστιππος
1218 3066 1578 3139 ὑϐριζόμενος
1613 3065 1719 3118 ὑπό
1757 3082 1844 3118 τι-

1962 1798 2060 1853 abs
2097 1806 2150 1854 te
2178 1797 2328 1853 dicta
2354 1798 2480 1853 aliis
2510 1798 2734 1853 referet.

2024 1889 2313 1944 Moschion.
2351 1920 2420 1930 —-
2443 1891 2487 1944 Λ
2516 1890 2708 1945 multis
2738 1890 2897 1944 malis
2931 1888 3172 1954 traduci,
3216 1905 3401 1961 neque
3445 1906 3546 1946 ve-

1953 1995 2079 2036 rum
2100 1989 2186 2035 est
2215 1994 2317 2035 nec
2345 1994 2548 2035 noxam
2577 1977 2772 2044 all‘crt;
2811 1977 2881 2033 ab
2921 1993 3034 2033 uno
3068 1986 3252 2035 autem
3283 1979 3432 2036 bono
3453 1996 3545 2037 re-

1950 2071 2242 2144 prehendi,
2271 2080 2327 2126 et
2353 2086 2542 2126 verum
2572 2080 2627 2126 et
2658 2071 2791 2125 utile
2811 2080 2916 2126 est.

2028 2168 2331 2222 Demonact.
2360 2166 2723 2237 —Culpante
2764 2165 3006 2235 quodam
3052 2166 3324 2235 sepliista.
3380 2173 3547 2235 atque

1951 2259 2174 2314 dicente
2204 2277 2219 2311 :
2246 2257 2388 2325 Quid
2427 2274 2607 2313 causa;
2631 2266 2718 2312 est
2759 2272 2861 2312 cur
2909 2256 3217 2312 maledictis
3270 2255 3549 2312 incessus?

1950 2352 2108 2419 Quod
2152 2361 2232 2414 ιιι,
2263 2352 2463 2421 inquit,
2498 2351 2866 2405 incessentem
2893 2365 3003 2403 non
3026 2362 3369 2402 contemnas.

2020 2441 2299 2508 Diogenes.
2321 2437 2549 2492 ——Cum
2584 2452 2615 2490 a
2642 2437 2798 2491 calvo
2844 2436 3082 2506 quodam
3145 2436 3395 2492 convicio
3432 2435 3551 2491 allio

1951 2536 2202 2582 ceretur:
2229 2524 2376 2591 Tibi,
2427 2524 2629 2594 inquit,
2655 2525 3051 2580 contumeliam
3091 2540 3202 2579 non
3252 2524 3401 2589 dico,
3445 2524 3542 2579 sed

1950 2616 2178 2688 capillos
2208 2625 2333 2672 tuos
2354 2615 2542 2680 laudo,
2576 2615 2724 2685 quod
2781 2615 2980 2670 malam
3024 2614 3323 2686 eﬂ‘ugcrint
3371 2615 3523 2671 calva

1952 2727 2113 2766 nam.

2020 2798 2158 2854 Cum
2181 2797 2258 2852 illi
2279 2795 2532 2867 proditor
2550 2795 2777 2865 quidam
2793 2793 3131 2850 obtrectaret
3153 2812 3165 2846 :
3188 2793 3438 2859 Gaudeo,
3464 2792 3549 2847 in-

1948 2894 2090 2965 quit,
2112 2909 2201 2948 me
2229 2892 2433 2948 factum
2457 2890 2739 2945 inimicum
2757 2899 3068 2954 tuum;non
3096 2902 3246 2943 etlllll
3287 2886 3547 2962 inimicis,

1947 2985 2041 3041 sed
2071 2984 2267 3041 amicis
2286 2984 2427 3039 male
2455 2982 2610 3037 facis.

2017 3080 2338 3149 Aristippus.
2363 3074 2773 3145 -Aristippus
2801 3086 2928 3128 cum
2965 3071 3310 3127 contumelia
3346 3086 3377 3127 a
3408 3087 3551 3142 quo-

260 3178 379 3228 νος,
410 3160 707 3233 ἀνεχώρει·
743 3161 838 3215 τοῦ
884 3161 942 3215 δὲ
990 3159 1372 3222 ἐπιδιώκοντος
1417 3157 1512 3211 καὶ
1568 3157 1843 3225 λέγοντος,

1950 3170 2075 3226 dam
2106 3170 2441 3233 aﬂiceretur,
2474 3166 2789 3223 secedebat.
2821 3164 3088 3220 Maledico
3124 3174 3309 3219 autem
3360 3180 3551 3234 persc-

259 3253 533 3323 Φεύγεις;
575 3254 711 3319 Ναὶ,
772 3254 910 3326 ἔφη’
937 3253 1035 3308 τοῦ
1065 3254 1163 3325 μὲν
1210 3254 1320 3325 γὰρ
1351 3250 1541 3315 κακῶς
1565 3250 1749 3319 λέγειν
1778 3250 1842 3304 σὺ

1950 3274 2171 3337 quente,
2194 3281 2257 3321 ac
2278 3264 2495 3320 dicente
2536 3282 2551 3318 :
2589 3262 2786 3333 Fugis?
2822 3261 3022 3326 Etiam,
3070 3259 3281 3330 inquit;
3307 3276 3435 3315 nam
3469 3268 3550 3315 tu.

261 3347 364 3419 τὴν
384 3347 638 3416 ἐξουσίαν
656 3346 824 3418 ἔχεις,
850 3347 947 3401 τοῦ
969 3348 1027 3403 δὲ
1060 3347 1136 3418 μὴ
1158 3346 1400 3411 ἀκούειν,
1430 3342 1561 3412 ἐγώ.

333 3527 622 3583 Πελοπιδ.
655 3556 723 3568 —
748 3526 1051 3591 Πελοπίδας
1075 3524 1329 3597 ἀνδρείου
1363 3524 1702 3595 στρατιώτου
1730 3524 1850 3576 δια-

263 3617 561 3688 ϐληθέντος
582 3618 752 3691 αὐτῷ,
777 3619 855 3685 ὡς
885 3618 1342 3691 βλασφημοῦντος
1381 3616 1564 3671 αὐτόν·
1609 3615 1753 3683 Ἐγὼ
1781 3614 1852 3670 τὰ

267 3710 371 3782 μὲν
422 3709 585 3781 ἔργα,
626 3710 757 3781 ἔφη,
813 3710 981 3766 αὐτοῦ
1018 3710 1227 3782 βλέπω,
1286 3707 1395 3763 τῶν
1438 3707 1497 3762 δὲ
1539 3706 1712 3777 λόγων
1751 3707 1854 3761 οὐκ

264 3801 505 3872 ἥκουσα.

927 3914 1037 3967 una
1044 3912 1215 3982 ἡμον.

374 4005 583 4077 Ἥδιον
609 4005 793 4061 οὐδὲν
813 4006 957 4062 οὐδὲ
974 4005 1424 4077 μουσικώτερον

374 4074 511 4198 ᾖξ’
515 4076 590 4198 ἑὰ
590 4077 886 4131 δύνασθαι
927 4074 1393 4156 ,ξοιδορούμενον
1419 4080 1642 4166 φέρειν.

588 4159 626 4198 ο
660 4145 693 4197 ό
718 4145 1032 4198 λοιδοοων.
1063 4146 1140 4198 ἂν
1172 4150 1205 4198 ό
1226 4145 1642 4198 λοιδοοοωιενι

515 4142 626 4210 τὰρ
660 4145 693 4197 ό
718 4145 1032 4216 λοιδορῶν,
1063 4142 1140 4216 {ir
1172 4142 1686 4216 όξλοιδοροῦμενος

375 4210 476 4278 Μὴ
506 4210 936 4281 προσποιῆται,
965 4212 1325 4283 λοιδορεῖται
1356 4210 1723 4286 (luat-60pm}.

336 4328 600 4396 Δημοσθ.
636 4355 703 4367 —
727 4328 1101 4399 Δημοσθένης,
1128 4328 1546 4401 λοιδορουμένου
1586 4331 1733 4395 τινὸς
1761 4333 1829 4385 αὖ

266 4415 385 4469 τόνο
419 4414 496 4468 (lt)
523 4416 972 4483 συγκαταϐαίνω,
1006 4413 1182 4483 εἶπεν,
1214 4421 1293 4481 είς
1315 4419 1506 4488 ἀγῶνα
1555 4423 1614 4475 ἐν
1646 4414 1690 4489 ᾧ
1721 4422 1749 4474 ὁ
1782 4439 1831 4474 νι

268 4505 520 4577 κὼμενος
546 4503 641 4560 τοῦ
667 4505 927 4572 νικῶντός
952 4508 1070 4561 ἐστι
1101 4508 1391 4580 κρείττων.

912 4620 1215 4690 Mercia-6p.

273 4711 471 4766 οὐδὲν
486 4710 775 4781 διαϐολῆς
801 4712 976 4766 ἐστιν
1006 4711 1466 4779 ἐπιπονώτερον.

274 4782 398 4849 Τὴν
420 4783 491 4836 ἐν
513 4781 693 4851 ἑτέρῳ
716 4783 827 4852 γὰρ
853 4781 1137 4852 κειμένην
1158 4783 1477 4851 ἁμαρτίαν,

283 4801 398 4849 (nr
420 4801 491 4836 εν
513 4801 693 4851 ετερφ
752 4801 827 4852 αρ
853 4801 1137 4850 κειμενην
1158 4801 1477 4851 αμαρτιαν,

283 4852 404 4933 Ἀεὶ
431 4852 665 4933 priuigni:
692 4801 855 4933 ιδέαγ
873 4852 958 4933 (.i)
985 4851 1174 4933 αήςόν
1200 4852 1541 4933 tiam-cirer
1566 4850 1792 4906 λαϐεῖν.

270 4920 490 4987 Ὅστις
526 4922 597 4974 δὲ
629 4920 948 4986 διαϐολαῖς
969 4923 1233 4976 πείθεται
1258 4922 1432 4989 ταχὺ,

275 4992 450 5060 ’έΗτοι
480 4992 744 5060 πονηρὸς
762 4992 948 5056 αὐτός
966 4992 1098 5045 ἐστι
1126 4991 1253 5056 τοῖς
1277 4992 1540 5060 τρόποις,

273 5059 345 5117 Ἦ
367 5059 719 5117 παντάπασι
749 5062 1067 5132 παιδαρίου
1092 5060 1338 5131 γνώμην
1362 5062 1509 5131 ἔχει.

353 5170 575 5241 Ῥηγίν.
591 5203 661 5213 -
676 5173 871 5229 Πολλοὶ
889 5174 1025 5244 γοῦν
1044 5175 1147 5246 ἢδη
1185 5175 1357 5246 μείζω
1373 5176 1521 5231 κακὰ
1554 5176 1857 5230 πεπόνθασι

267 5263 379 5319 ὑπὸ
408 5264 521 5318 τῶν
546 5265 836 5335 διαϐολῶν,
860 5268 895 5339 ἢ
930 5267 1044 5323 τῶν
1062 5268 1371 5340 πολεμίων·
1411 5269 1507 5323 καὶ
1537 5268 1721 5322 πολλοὶ
1752 5269 1852 5339 ἤδη

1948 3359 2091 3412 male
2146 3356 2369 3412 dicendi
2442 3364 2774 3426 potestatem
2834 3353 3032 3419 habes,
3093 3366 3196 3423 ego
3270 3368 3383 3408 non
3447 3366 3549 3407 au-

1948 3448 2329 3607 “Imitari”.
2359 3566 2429 3575 —
2470 3535 2785 3604 Pel0pidas,
2830 3548 2956 3588 cum
3012 3530 3157 3602 apud
3199 3545 3328 3586 eum
3391 3528 3551 3585 fortis

1951 3629 2175 3699 quidam
2214 3628 2373 3683 miles
2402 3627 2621 3681 delatus
2654 3633 2822 3690 esset,
2872 3623 3022 3695 quod
3049 3623 3156 3693 ipsi
3210 3623 3547 3693 obloquere-

1954 3728 2086 3775 tur:
2116 3719 2252 3790 Ego,
2290 3718 2493 3788 inquit,
2536 3716 2679 3772 facta
2711 3717 2834 3787 ejus
2874 3714 3061 3781 video,
3104 3712 3276 3769 verba
3309 3727 3420 3767 non
3447 3726 3547 3766 au-

1957 3810 2094 3865 divi.

2577 3917 2921 3973 Philemonis.

1960 4015 2104 4071 Nihil
2131 4016 2369 4078 suavius,
2404 4022 2452 4067 et
2478 4014 2633 4078 quasi
2662 4014 2732 4066 ad
2768 4025 3015 4065 numeros
3038 4006 3337 4077 jucundius

1958 4086 2075 4151 Est,
2113 4103 2273 4156 quam
2298 4094 2355 4138 ut
2386 4078 2677 4156 maledictis
2708 4082 2971 4156 appetitus
3007 4079 3143 4147 ferre
3173 4078 3360 4147 possis.

1958 4151 2171 4210 Etenim
2194 4156 2454 4218 convicia,
2482 4155 2526 4207 si
2544 4155 2624 4220 λε,
2661 4154 2716 4223 iu
2746 4151 2898 4223 quem
2922 4151 3230 4223 jactantur,

1958 4224 2287 4289 Dissimulet,
2327 4226 2381 4277 in
2410 4216 2496 4277 sui
2544 4216 2771 4293 proclive
2799 4216 3069 4276 auctorem
3101 4216 3363 4271 recidunt.

2030 4340 2301 4396 Demosth.
2324 4370 2395 4380 --
2423 4339 2838 4400 Demosthenes,
2869 4352 2994 4392 cum
3023 4336 3074 4391 ci
3100 4332 3326 4405 quidam
3357 4332 3549 4387 convi-

1959 4434 2108 4489 cium
2139 4432 2379 4489 l'aceret:
2409 4431 2530 4486 Non
2573 4429 2873 4493 descendo,
2904 4426 3106 4497 inquit,
3148 4424 3206 4479 in
3232 4431 3538 4488 certamen,

1891 4535 1939 4593 ι)
1969 4524 2023 4579 in
2052 4540 2163 4595 quo
2184 4526 2364 4580 victus
2392 4525 2603 4578 victore
2624 4521 2878 4591 superior
2903 4528 3011 4574 est.

2572 4627 2907 4683 (Menandri.

1960 4718 2103 4771 Nihil
2140 4718 2413 4772 calumnia
2443 4718 2713 4770 molestius
2740 4725 2835 4769 est.

1959 4785 2110 4849 Quod
2141 4785 2282 4833 enim
2321 4780 2481 4833 alteri
2520 4792 2791 4849 peccatum
2817 4782 2977 4845 in’cst,

1958 4847 2124 4919 Suam
2163 4866 2370 4919 semper
2408 4847 2579 4904 labem
2611 4860 2789 4904 sumat
2824 4866 3029 4904 necesse
3059 4858 3159 4904 τι..

1960 4918 2204 4987 Quisquis
2231 4921 2411 4973 statim
2438 4919 2598 4987 ﬁdem
2627 4921 2908 4974 calumniis
2941 4920 3117 4982 habet,

1966 4988 2129 5060 564
2159 4990 2262 5043 Aut
2303 4991 2533 5044 moribus
2563 4992 2815 5060 improbis
2846 4993 3095 5059 prmditus
3126 4998 3225 5054 est,

1961 5063 2066 5113 Aut
2094 5062 2363 5129 ingenium
2390 5077 2605 5129 prorsus
2630 5062 2834 5131 puerile
2855 5064 3028 5115 habet.

2027 5178 2264 5249 Rhegini.
2316 5209 2385 5217 —
2441 5175 2593 5230 Multi
2643 5176 2780 5245 jam-
2842 5172 3145 5243 majoribus
3199 5170 3358 5226 malis
3409 5170 3546 5225 aﬂ‘e-

1955 5270 2030 5325 cti
2083 5281 2215 5326 sunt
2281 5281 2503 5325 auctore
2540 5268 2840 5332 calumnia,
2912 5281 3077 5337 quam
3134 5265 3379 5320 hostium
3435 5263 3545 5318 vi:

1805 5430 2019 5487 ΝΟΤιΕ

349 5547 415 5615 (i)
460 5546 577 5601 Ἀεὶ
600 5546 830 5615 μέμψιν
859 5547 1038 5601 ἰδίαν.
1072 5548 1392 5617 Elegantem
1413 5546 1699 5601 Menandri
1728 5547 1857 5602 iam-

273 5618 435 5680 bum,
470 5632 581 5686 quo
620 5617 915 5688 signiﬁcat,
951 5617 1230 5688 quidquid,
1262 5617 1402 5672 labis
1446 5618 1612 5683 inest,
1647 5618 1721 5681 ei,
1759 5618 1857 5688 qui

277 5688 616 5758 calumniam
652 5687 882 5757 patitur,
910 5688 963 5742 in
986 5703 1116 5743 eum
1148 5687 1365 5743 refundi
1392 5688 1489 5758 qui
1521 5687 1857 5743 calumniam

279 5757 450 5829 facit;
484 5759 578 5827 qui
624 5758 906 5829 nimirum,
943 5775 1054 5827 quo
1096 5759 1270 5829 magis
1302 5757 1605 5829 vituperat,
1641 5775 1709 5812 eo
1743 5775 1864 5813 ma-

281 5828 392 5899 jori
436 5828 551 5899 ipse
583 5828 783 5885 dianus
829 5829 1101 5899 vitupcrio
1135 5828 1441 5903 magisque
1490 5830 1865 5899 caluutniosus

1952 5548 2254 5618 judicetur.
2284 5549 2446 5616 longe
2483 5547 2765 5618 Gesnerus
2791 5544 3070 5618 circuitu,
3096 5543 3150 5597 in
3194 5542 3541 5618 contrarium

1960 5614 2200 5688 torquet,
2239 5614 2604 5682 dum'reddit,
2640 5616 2855 5669 Necesse
2892 5625 2981 5688 est
3009 5614 3268 5688 illummet
3335 5614 3425 5688 qui
3456 5630 3548 5688 ςα-

1963 5683 2224 5743 ίιιηιίιίαηι
2256 5690 2482 5757 patitur,
2516 5689 2790 5758 proprium
2823 5687 3029 5758 crimen
3044 5684 3331 5758 suscipere.
3362 5683 3544 5758 Dixis:

1966 5770 2069 5820 sel,
2097 5762 2187 5827 qui
2222 5752 2381 5826 infert
2410 5752 2758 5821 calumniam,
2797 5773 2898 5811 ttcc
2930 5771 2959 5810 a
3014 5753 3299 5809 Menandri
3349 5752 3541 5824 procul

1969 5842 2147 5886 mcntc
2186 5830 2412 5886 ubiissct
