4246 6438
251 412 360 475 789

1546 403 1713 464 LOCI
1749 401 2181 464 GOMMUNES.

3362 384 3472 446 790

320 513 475 568 Ἔστι
501 513 610 582 γάρ
625 513 815 582 ἀνδρὸς
839 512 1233 583 μεγαλόφρονος
1262 510 1428 578 φίλων
1463 507 1812 578 ἀποδέχεσθαι
1840 510 1888 568 Α
1983 507 1997 560 1

1794 525 1812 560 ι
1840 510 1888 568 Α
1983 507 2079 561 Est
2115 506 2262 560 enim
2295 504 2400 558 viri
2456 496 2808 569 magnanimi,
2872 504 2929 550 ut
2968 495 3270 548 amicorum
3305 503 3471 558 magis

250 606 451 677 μᾶλλον
479 603 808 673 ὶλευθερίαν,
839 605 872 673 ἢ
907 601 1115 673 ἐχθρῶν
1138 600 1447 654 κολακείαν.

319 773 507 845 nona
553 775 760 844 βέλτιον
799 775 1003 846 βραχέα
1059 773 1378 844 λυπήσαντα
1413 772 1644 842 μέγιστα
1675 771 1814 840 ὠφε-

249 869 442 938 λῆσαι,
487 869 522 938 ἢ
563 868 626 921 τὺ
679 871 818 940 πρὸς
849 869 1045 938 ἡδονὴν
1086 865 1371 933 διώκοντα,
1419 864 1694 937 ζημιῶσαι
1736 862 1815 932 τῷ

252 958 549 1028 κεφαλαίῳ.

321 1048 618 1115 Χρυσόπ.
649 1076 718 1088 --
750 1047 919 1100 Ὅταν
947 1045 1210 1116 μεταϐολή
1235 1062 1319 1107 τις
1340 1044 1561 1114 γένηται
1596 1045 1734 1114 πρὸς
1757 1043 1818 1095 τὺ

251 1141 453 1207 χεῖρον,
498 1138 622 1191 τότε
675 1137 784 1190 τῶν
831 1137 1078 1190 κολάκων
1131 1137 1446 1204 ἀφαιρεῖται
1486 1135 1556 1186 τὰ
1598 1150 1786 1204 προσω

252 1233 401 1282 τιεία.
471 1229 606 1283 Τότε
650 1230 680 1281 ὁ
707 1230 863 1298 χορὸς
899 1228 1179 1298 ἐλέγχεται
1228 1226 1338 1279 τῶν
1372 1225 1700 1294 ὑποκριτῶν,
1726 1226 1818 1277 καίΙ

253 1322 286 1389 ἠ
321 1320 521 1390 σκῆψις
566 1319 662 1372 τοῦ
703 1320 1050 1390 πράγματος,
1116 1317 1445 1385 ’Λνοίγονται
1491 1316 1709 1369 πάντων
1751 1316 1820 1367 τὰ

253 1411 517 1478 στόματα,
567 1411 627 1463 '0
657 1410 876 1480 μιαρὸς,
919 1409 1184 1476 λέγοντες,
1204 1409 1232 1460 ὁ
1253 1406 1509 1476 πονηρὸς,
1539 1408 1567 1457 ὁ
1596 1406 1819 1472 παμπό-

252 1516 437 1568 νηρος.
503 1500 578 1553 οὐ
633 1499 756 1568 χθὲς
782 1499 944 1553 αὐτὸν
978 1498 1333 1562 ικολάκευεςς
1404 1497 1468 1548 οὐ
1501 1497 1600 1559 τὰς
1634 1497 1820 1565 χεῖρας

250 1589 418 1641 αὐτοῦ
464 1589 804 1656 κατεφίλεις;
853 1590 1204 1658 Προσωπεῖον
1255 1586 1324 1661 ἦν
1367 1591 1569 1642 ἐκεῖνα.
1618 1583 1820 1639 Ἦλθεν

250 1680 280 1728 ὁ
315 1695 404 1729 και
413 1679 524 1747 ρὸς,
552 1679 646 1731 καὶ
660 1677 862 1749 ἔρριψα
886 1678 947 1730 τὸ
967 1679 1435 1748 προσωπεῖον,καὶ
1456 1675 1821 1746 ἀπεφηνάμην

253 1773 317 1836 τῇ
343 1769 567 1839 διανοίᾳ.

1913 599 2222 652 libertatem
2255 594 2496 656 dicendi,
2528 605 2692 660 quam
2726 585 3074 642 inimicorum
3105 582 3472 636 adulationem

1912 689 2110 759 probet
2138 701 2201 740 ac
2223 684 2425 738 laudet.
3427 717 3443 759 Α.

1981 774 2151 827 Multo
2181 771 2354 825 satius
2382 778 2468 823 est
2491 765 2648 822 brevi
2697 764 2968 825 molestia,
3004 760 3237 815 maxima
3284 755 3473 811 conci-

1913 871 2047 924 liare
2083 868 2251 928 bona,
2290 876 2456 932 quam
2482 858 2749 930 voluptati
2779 853 3072 917 studendo,
3112 850 3283 906 totius
3308 848 3478 902 sortis

1909 961 2179 1029 iacturam
2215 954 2440 1007 inferre.

1983 1050 2249 1120 Chrysost.
2299 1044 2522 1099 —-Cum
2564 1040 2622 1094 l‘n
2661 1037 2909 1093 deterius
2955 1034 3186 1090 mutatio
3228 1032 3477 1101 quaedam

1915 1138 2223 1200 acciderit,
2271 1143 2403 1188 tunc
2466 1129 2809 1185 adulatorum
2878 1124 3209 1178 auferuntur
3275 1123 3476 1173 larvze:

1919 1240 2052 1286 tunc
2085 1227 2421 1281 histrionum
2483 1220 2773 1275 manifeste
2830 1217 3059 1277 chorus,
3116 1213 3310 1280 reique
3341 1226 3482 1280 prae-

1918 1331 2101 1378 textus
2123 1319 2453 1389 produntur.
2481 1312 2820 1382 Aperiuntur
2851 1308 3098 1361 omnium
3129 1319 3224 1357 ora
3258 1320 3273 1356 :
3303 1303 3482 1370 Impu-

1919 1429 2015 1467 rus
2061 1412 2177 1473 ille,
2234 1409 2577 1468 sceleratus,
2635 1401 2995 1466 omniumque
3036 1395 3478 1450 scclestissimus.

1919 1507 2156 1559 dicunt:
2194 1512 2271 1562 at,
2329 1498 2470 1551 Num
2517 1495 2636 1548 heri
2705 1492 2780 1545 illi
2841 1487 3244 1544 assentabaris?
3298 1500 3483 1537 nonnc

1920 1608 2115 1649 manus
2140 1585 2599 1645 dcosculabaris?
2651 1583 2824 1636 Larva
2868 1581 3004 1641 haec,
3040 1591 3274 1646 persona
3303 1583 3480 1626 erant.

1920 1683 2082 1739 Venit
2106 1691 2323 1749 tempus
2353 1694 2367 1741 ;
2409 1686 2698 1746 personam
2733 1669 2929 1740 abjcci,
2969 1675 3026 1721 et
3056 1663 3223 1718 animi
3262 1661 3480 1716 sensum

1922 1771 2134 1841 aperui.

323 1834 684 1927 Κλήμεντος.
720 1889 787 1901 -
841 1860 1013 1922 Νόσος
1065 1858 1248 1927 φιλίας
1303 1859 1336 1928 ἠ
1380 1856 1676 1910 κολακεία⁴
1719 1852 1818 1918 τάς
1848 1834 1892 1891 Β
1960 1834 2000 1917 ἰ

1806 1870 1818 1918 ῖ
1848 1834 1892 1891 Β
1960 1834 2292 1918 elementis.
2318 1854 2659 1911 -Amicitiaa
2684 1850 2834 1906 labes
2866 1859 2952 1903 est
2977 1843 3238 1901 adulatio.
3277 1841 3483 1908 Nempe

254 1950 362 2000 τῶν
383 1949 657 2019 ἀρχόντων
707 1949 1011 2020 εὐπραγίας
1042 1948 1238 2019 μᾶλλον
1261 1988 1276 2013 ,
1330 1948 1364 2018 ἦ
1396 1948 1524 2009 τοὺς
1553 1945 1821 2016 ἄρχοντας

255 2040 455 2102 αὐτοὺς
485 2038 709 2092 είώθασι
748 2037 1072 2109 θεραπεύειν
1105 2040 1154 2090 οι
1186 2038 1450 2095 πλεῖστοι.

323 2125 658 2193 Πλουτάρχ.
685 2154 755 2166 -—
791 2126 1004 2192 Ἔοικεν
1043 2127 1078 2195 ἡ
1119 2125 1374 2180 κολακεία
1427 2128 1646 2194 γραπτῇ
1687 2141 1821 2177 παν-

248 2217 439 2286 οπλίᾳ.
478 2217 574 2269 Διὸ
613 2217 806 2289 τέρψιν
846 2219 945 2288 μὲν
999 2217 1151 2288 ἔχει·
1205 2217 1395 2288 χρείαν
1439 2216 1496 2270 δὲ
1569 2215 1822 2286 οὐδεμίαν

250 2308 506 2378 παρέχει.

323 2400 404 2451 Τὰ
456 2401 554 2470 μιν
587 2401 720 2467 ξύλα
760 2401 822 2455 τὸ
877 2403 989 2474 πῦρ
1050 2402 1369 2467 αὐξάνοντα,
1411 2402 1502 2453 ὐπ’
1543 2397 1823 2453 αὐτοῦτοῦ

253 2492 424 2559 πυρὸς
476 2494 925 2545 καταναλίσκεται
952 2509 966 2522 ·
1004 2496 1034 2546 ὁ
1064 2494 1120 2544 δὲ
1162 2492 1388 2551 πλοῦτος
1439 2492 1654 2557 τρέφων
1700 2491 1826 2548 τοὺς

254 2579 512 2643 κόλακας,
548 2581 640 2632 ὐπ’
666 2581 844 2634 αὐτῶν
867 2580 1072 2633 τούτων
1097 2579 1487 2649 διαφθείρεται.

330 2672 543 2740 ’Ὠσπερ
587 2673 638 2724 of
691 2673 926 2737 κόρακες
978 2670 1403 2742 παρεδρεύοντες
1472 2668 1829 2738 ὲξορύσσουσι

253 2765 383 2823 τοὺς
411 2763 521 2815 τῶν
567 2762 774 2834 νεκρῶν
791 2763 1108 2832 ὀφθαλμούς
1132 2778 1147 2792 ο
1176 2762 1348 2823 οὕτως
1379 2761 1429 2811 οἱ
1459 2761 1687 2824 κόλακες
1716 2762 1826 2824 τοῖς

255 2854 501 2916 ἐπαίνοις
561 2854 687 2917 τοὺς
760 2855 1054 2924 λογισμοὺς
1120 2853 1489 2922 διαφθείρουσι
1556 2854 1666 2905 τῶν
1728 2853 1816 2906 ἀν-

253 2943 510 3010 θρώπων.

327 3033 495 3102 Λαγῷ
546 3035 646 3103 μὲν
677 3034 833 3100 κύνα,
878 3035 1019 3106 φίλῳ
1047 3035 1106 3090 δὲ
1129 3036 1333 3090 κόλακα
1367 3034 1526 3105 φύσει
1571 3035 1829 3105 πολέμιον

263 3126 512 3190 ᾗγητέον.

327 3211 466 3266 Οὔτε
516 3215 620 3284 τῆς
649 3217 898 3287 γαμετῆς
930 3217 1029 3289 τὴν
1074 3219 1319 3290 ἑταίραν,
1362 3218 1486 3274 οὐτε
1517 3219 1618 3291 τῆς
1648 3219 1825 3289 φιλίας

253 3304 351 3371 τὴν
382 3304 673 3360 κολακείαν
701 3308 784 3361 δεῖ
811 3311 1104 3380 προτιμᾷν.

324 3390 549 3462 Χαίρειν
600 3393 708 3464 χρὴ
753 3396 867 3460 τοῖς
923 3397 1255 3466 ἐλέγχουσιν,
1315 3400 1376 3452 οὐ
1416 3402 1532 3463 τοῖς
1566 3399 1829 3453 κολακεύ⁶

253 3498 430 3536 ουσιν.
486 3485 550 3536 Ol
580 3483 808 3555 μὲνγὰρ
842 3487 989 3556 ἡμᾶς
1013 3487 1326 3552 λυποῦντες,
1359 3489 1746 3559 διεγείρουσιν·
1779 3491 1829 3542 οἱ

252 3573 307 3626 δὲ
336 3573 707 3644 χαριζόμενοι,
742 3573 993 3629 ἐκλύουσι
1027 3578 1122 3630 καὶ
1154 3578 1508 3642 σκελίζουσιν.

339 3747 628 3816 Ἰσοκρὰτ.
663 3779 732 3793 -
767 3751 930 3820 Διόρα
960 3751 1051 3804 καὶ
1073 3751 1197 3814 τοὺς
1230 3751 1390 3822 τέχνῃ
1416 3753 1826 3820 κολακεύοντας,

253 3840 506 3902 καὶτοὺς
532 3842 653 3909 μετ’
686 3841 898 3905 εὐνοίας
942 3842 1359 3912 θεραπεύοντας,
1406 3846 1492 3899 ἵνα
1543 3845 1617 3915 μὴ
1651 3846 1828 3902 πλεῖον

253 3929 303 3982 οἱ
335 3930 563 4001 πονηροὶ
586 3931 693 3984 τῶν
713 3932 968 4002 χρηστῶν
991 3933 1205 4003 ἔχωσιν.

326 4110 493 4159 Missi
537 4111 664 4169 τοὺς
688 4108 1082 4172 κολακεύοντας
1106 4111 1296 4183 ὥσπερ
1339 4115 1464 4176 τοὺς
1497 4114 1828 4181 ὲξαπατούν·

251 4211 352 4339 ἒὲς
369 4211 385 4226 ο
422 4195 722 4298 ἀμφότεροι
738 4196 846 4266 γὰρ
868 4200 1267 4267 πιστευθέντες,
1291 4203 1418 4267 τούς
1434 4206 1831 4270 πιστεύσαντας

327 4304 528 4339 ικουσι.

327 4304 528 4339 ικουσι.

324 4377 580 4447 Κράτης.
608 4407 678 4418 -
706 4382 929 4451 Κράτης
968 4382 1106 4452 πρὸς
1147 4385 1268 4437 νέον
1317 4386 1570 4441 πλούσιον
1605 4389 1828 4455 πολλοὺς

253 4469 493 4530 κόλακας
514 4470 925 4540 ὲπισυρόμενον,
954 4469 1096 4536 εἰπε,
1126 4474 1421 4540 Νεανίσκε,
1448 4479 1586 4533 ἐλεῶ
1617 4498 1711 4533 σου
1729 4483 1826 4552 τὴν
1860 4495 1908 4554 ο

974 4469 1096 4536 ιῐπε,
1126 4474 1421 4540 Νεανίσκε,
1448 4479 1586 4533 ἐλεῶ
1617 4498 1711 4533 σου
1729 4483 1826 4552 τὴν
1860 4495 1908 4554 ο
1931 4484 2248 4538 adulatores
2281 4482 2584 4554 pellicicnti
2639 4499 2651 4535 :

253 4561 513 4630 ἐρημίαν.

335 4651 707 4717 Ἐπικτήτου.
752 4684 822 4694 —
870 4655 934 4707 Οἱ
974 4656 1073 4724 μὲν
1119 4656 1374 4727 κόρακες,
1427 4660 1534 4712 τῶν
1581 4664 1827 4713 τετελευ-

251 4744 500 4811 τηκότων
544 4746 669 4807 τοὺς
722 4745 1035 4815 ὀφθαλμοὺς
1093 4747 1464 4818 λυμαίνονται,
1505 4752 1633 4804 ὅταν
1677 4752 1828 4804 οὐδὲν

250 4833 434 4885 αὐτῶν
461 4835 576 4886 ἐστι
616 4833 807 4904 χρείαο
842 4835 891 4887 oi
928 4834 985 4888 δὲ
1035 4835 1285 4902 κόλακες,
1331 4837 1438 4889 τῶν
1487 4837 1706 4902 ζώντων
1729 4838 1828 4903 τὰς

249 4921 432 4990 ψυχὰς
485 4921 878 4994 διαφθείρουσι,
941 4923 1035 4978 καὶ
1072 4925 1274 4996 ταύτης
1319 4925 1542 4997 ὄμματα
1581 4928 1826 4999 τυφλώτ-

251 5029 458 5066 τουσιν.

324 5104 568 5175 ιιιθὴκου
625 5107 832 5177 ὀργὴν,
873 5112 965 5162 καὶ
1017 5109 1253 5179 κόλακος,
1318 5112 1572 5183 ἀπειλὴν,
1622 5115 1679 5167 ὲν
1728 5119 1825 5186 ῐσῳ

253 5195 456 5250 θετέον.

335 5286 628 5356 Ἀποδέχου
642 5289 769 5352 τοὺς
793 5289 863 5344 τά
884 5294 1092 5362 χρηστὰ
1115 5295 1502 5365 συμϐουλεύειν
1523 5299 1823 5366 ἐθέλοντας,

252 5376 390 5431 ἀλλά
431 5377 507 5449 μὴ
553 5380 680 5444 τοὺς
729 5381 1046 5439 κολακεύειν
1076 5386 1336 5443 ἑκάστοτε
1367 5390 1705 5455 σπεύδοντας.
1763 5396 1823 5446 υἱ

257 5467 356 5556 μέν
387 5468 500 5537 γὰρ
524 5469 584 5521 τὸ
614 5471 893 5544 συμφέρον
918 5477 974 5528 ὲν
993 5476 1221 5550 ἀληθείᾳ
1242 5479 1440 5550 ὁρῶσιν
1460 5497 1474 5513 ·
1505 5483 1554 5536 οἱ
1581 5483 1659 5548 δὲ,
1689 5484 1826 5556 πρὸς

253 5554 320 5607 τὰ
344 5555 608 5610 δοκοῦντα
651 5562 765 5624 τοῖς
798 5565 1089 5633 κρατοῦσιν
1118 5568 1367 5641 ἀφορῶσι
1389 5585 1405 5602 ⁸
1455 5572 1549 5626 καὶ
1585 5573 1695 5626 τῶν
1723 5554 1829 5627 σω-

258 5647 446 5715 μάτων
489 5649 586 5712 τὰς
619 5652 776 5716 σκιάς
821 5655 1165 5728 μιμούμενοι,
1202 5661 1311 5724 τοῖς
1352 5661 1481 5732 παρ’
1531 5663 1706 5716 αὐτῶν
1740 5663 1825 5718 λε·

257 5739 506 5809 τομένοις
531 5741 890 5800 συννεύουσιν.

1923 1955 2173 2027 plerique
2227 1951 2553 2012 hominum,
2612 1943 2786 2015 magis
2833 1939 3143 2026 principum
3215 1937 3486 1993 fortunas,

1921 2023 2097 2118 quam,
2121 2045 2274 2114 ipsos
2312 2040 2594 2112 principes
2628 2052 2692 2090 ac
2715 2023 2976 2106 prooercs
3003 2030 3185 2084 colere
3216 2027 3413 2081 solent.

1991 2138 2288 2192 Pfutardu'.
2335 2130 2683 2187 —Adulatio
2719 2125 2916 2181 similis
2966 2131 3257 2175 armatura:
3306 2118 3485 2186 pictae.

1923 2230 2136 2288 idcirco
2167 2227 2410 2282 delectat
2433 2223 2524 2277 illa
2544 2220 2791 2291 quidem,
2838 2224 2893 2269 at
2922 2222 3145 2284 praestat
3178 2211 3313 2263 nihil
3341 2206 3488 2276 quod

1924 2324 1980 2378 in
2013 2335 2130 2375 rem
2153 2317 2449 2374 conducat.

1994 2412 2170 2478 Ligna
2187 2410 2366 2476 ignem
2391 2403 2668 2473 augendo,
2693 2402 2761 2451 ab
2777 2401 2896 2466 ipso
2917 2401 3320 2449 consumuntur
3343 2390 3488 2457 igne:

1926 2500 2135 2552 divitia:
2163 2512 2298 2551 vero
2325 2510 2449 2565 qua:
2473 2492 2784 2546 adulatores
2812 2489 2984 2551 alant,
3011 2485 3079 2539 ab
3105 2485 3171 2541 iis
3205 2483 3341 2553 ipsis
3360 2498 3489 2550 per-

1926 2587 2152 2642 duntur.

1994 2679 2065 2736 Ut
2090 2677 2240 2732 corvi
2270 2674 2611 2735 advolantes,
2626 2671 2954 2724 cadaverum
2975 2667 3164 2721 oculos
3184 2663 3487 2719 effodiunt:

1927 2773 2009 2827 sic
2042 2769 2356 2824 adulatores
2390 2763 2712 2824 laudando,
2746 2759 3031 2814 hominum
3073 2757 3342 2812 rationem
3371 2755 3493 2810 ani-

1928 2875 2186 2930 mumque
2218 2859 2435 2912 vitiant.

1997 3037 2159 3108 Vulpi
2185 3050 2403 3100 canem,
2429 3033 2606 3087 amico
2626 3030 2690 3085 ad
2702 3030 3189 3085 uiatorem-natura
3219 3023 3492 3078 infensum

1929 3127 2357 3186 existimandum
2383 3134 2486 3180 est.

1996 3221 2107 3276 Nec
2142 3217 2304 3273 uxori
2327 3216 2695 3278 meretricem,
2720 3226 2822 3266 nec
2850 3208 3103 3266 amicitiae
3121 3203 3495 3260 adulationem

1928 3313 2196 3366 debemus
2233 3321 2574 3378 prteponerc.

1997 3399 2364 3458 Gaudendum
2401 3397 2573 3467 magis
2624 3392 3005 3465 arguentibus,
3057 3403 3221 3458 quam
3251 3393 3494 3441 assenta-

1933 3495 2145 3549 toribus
2177 3509 2191 3545 :
2222 3491 2300 3546 illi
2333 3503 2573 3557 namque
2599 3501 2708 3556 qua
2741 3491 2992 3554 pungunt
3021 3480 3351 3542 acerbitate,
3381 3478 3496 3532 ani-

1932 3599 2049 3638 mos
2077 3579 2432 3644 excitant;-hi
2458 3591 2589 3632 vero
2611 3573 2971 3642 obsequendo
2993 3572 3307 3626 dissolvunt
3331 3579 3500 3638 atque

1929 3675 2302 3743 supplantant.

1999 3757 2481 3824 Isocratis.—-Qui
2507 3766 2626 3810 arte
2673 3761 3045 3816 assentcntur,
3105 3752 3176 3806 ab
3230 3751 3342 3805 illis
3381 3749 3498 3804 dis-

1930 3872 2120 3920 cerne,
2162 3854 2325 3925 566
2362 3853 2459 3923 qui
2491 3852 2677 3906 animo
2727 3849 2868 3903 bene
2922 3847 3143 3900 volente
3193 3842 3399 3906 colant,
3433 3859 3500 3895 ne

1930 3946 2074 4016 apud
2135 3955 2189 4002 te
2253 3945 2404 4010 mali,
2472 3958 2636 4013 quam
2699 3940 2830 3995 boni
2898 3938 3127 3992 meliore
3181 3934 3500 3990 conditione

1928 4037 2215 4090 exsistant.

1999 4127 2386 4180 Assentatores
2431 4139 2587 4192 aeque
2637 4138 2703 4177 ac
2755 4121 3079 4176 seductores
3128 4119 3258 4173 odio
3320 4117 3498 4181 habe;

1934 4217 2153 4285 utrique
2180 4215 2330 4270 enim
2355 4214 2562 4269 laedunt
2603 4211 2802 4284 injuria
2833 4227 2864 4266 a
2898 4227 3008 4282 quo
3041 4209 3204 4264 fidem
3234 4208 3501 4278 impetra-

1932 4307 2130 4362 verinl.

2000 4396 2206 4452 Crates.
2263 4426 2301 4435 —
2336 4394 2528 4450 Crates
2583 4392 2924 4448 adolescenti
2977 4389 3242 4458 opulento
3297 4389 3502 4444 multos

2710 4480 3067 4540 Adolescens,
3112 4475 3312 4544 inquit,
3351 4483 3500 4530 tuam

1928 4574 2280 4627 solitudinem
2303 4574 2464 4626 doleo

2002 4663 2506 4732 Epicteti.—-Corvi
2541 4664 2767 4733 quidem
2814 4663 3204 4719 defunctorum
3242 4679 3502 4718 corrum-

1931 4763 2067 4822 punt
2095 4755 2308 4819 oculos,
2335 4771 2462 4809 cum
2489 4755 2598 4826 jam
2631 4769 2825 4808 eorum
2849 4755 3033 4809 nullus
3060 4770 3194 4809 usus
3225 4763 3310 4808 est
3336 4754 3498 4807 :adu-

1929 4845 2132 4897 latorcs
2161 4850 2346 4896 autem
2364 4842 2618 4896 vivorum
2646 4841 2977 4899 labefactant
3000 4841 3248 4908 animos;
3276 4856 3500 4897 corum-

1929 4952 2034 5005 que
2065 4935 2283 4989 lumina
2303 4935 2643 5006 exstinguat.

2002 5108 2156 5166 Simii
2196 5110 2274 5165 ira
2325 5125 2390 5167 ac
2421 5110 2726 5170 adulatoria
2757 5111 2941 5178 minae,
2997 5112 3193 5168 eodem
3249 5113 3372 5169 loco
3401 5113 3498 5168 ha.

1932 5203 2139 5259 benda.

1998 5295 2126 5351 Illos
2154 5295 2328 5366 proba
2361 5295 2458 5367 qui
2486 5295 2661 5352 velint
2705 5295 2852 5352 bona
2897 5295 3207 5360 consulere,
3263 5312 3374 5350 non
3405 5298 3500 5364 qui

1929 5386 2179 5458 quotidie
2205 5387 2422 5444 adulari
2449 5388 2731 5444 studeant.
2776 5388 2856 5443 llli
2891 5387 3042 5442 cnim
3095 5388 3247 5458 quod
3279 5402 3405 5442 vere
3429 5388 3500 5444 sit

1931 5478 2282 5535 conducibile
2307 5479 2532 5546 vident;
2565 5480 2621 5534 hi
2659 5496 2813 5544 vero,
2867 5495 2989 5549 qua:
3020 5480 3337 5550 potentibus
3359 5480 3502 5534 arri-

1931 5571 2099 5627 deant
2131 5571 2248 5626 Imc
2273 5580 2526 5643 spectant
2550 5588 2565 5636 ;
2603 5587 3007 5642 corporumque
3031 5571 3257 5626 umbras
3280 5571 3508 5627 imitar-

1938 5670 2037 5726 tcs,
2071 5662 2453 5720 assentiuntur
2477 5663 2747 5734 quidquid
2782 5664 2862 5719 illi
2903 5662 3160 5720 dixerint.
