4246 6438
754 404 858 465 ’195

1925 394 1986 452 S.
2029 390 2312 451 MAXIMI
2350 384 2494 450 (1οΝ
2499 388 2855 448 FESbORIS

3897 385 4000 448 796

828 505 1084 559 Philonis.
1103 535 1170 544 -——
1189 503 1552 558 Pecuniarum
1586 498 2030 568 pmdiorumque
2051 496 2323 552 desideria
2355 501 2400 557 Α
2497 513 2505 537 ι

2319 520 2323 548 ι
2355 501 2400 557 Α
2497 497 2713 551 Φίλων.
2747 523 2816 534 -
2863 495 2927 546 Ai
2973 492 3070 562 μιν
3093 493 3387 563 χρημάτων
3415 493 3509 548 καὶ⁵
3547 494 3838 563 κτημάτων
3876 495 3996 546 ἑπι-

759 605 974 662 teinpus
995 599 1365 646 consumunt:
1399 589 1694 641 honestum
1732 600 1863 640 vero
1916 595 2023 649 est,
2065 585 2328 654 temporis

757 700 877 738 esse
907 697 1148 752 parcum.

830 776 1087 843 Majorem
1124 771 1642 840 diligentioremque
1700 785 1891 826 curam
1941 769 2049 822 illis
2103 765 2325 828 adhibe,

759 865 854 932 qui
887 864 1110 918 virtutis
1164 878 1228 917 ac
1285 863 1568 932 religionis
1608 877 1776 917 causa
1818 873 2088 930 pauperes
2116 864 2247 910 sunt
2273 864 2330 910 ct

759 963 1001 1023 egestate
1037 965 1401 1022 premuntur;
1446 961 1708 1022 praeterea
1765 952 1932 1007 etiam
1958 947 2215 1004 similiter
2232 961 2328 1000 eo-

762 1060 882 1097 rum
910 1045 1005 1113 qui
1041 1060 1108 1099 ex
1140 1045 1334 1098 morbo
1363 1044 1539 1097 aliove
1562 1043 1797 1098 adverso
1831 1057 1979 1104 casu,
2007 1053 2168 1108 quam
2199 1037 2328 1100 illis,

761 1134 856 1202 qui
891 1134 1031 1188 male
1065 1135 1449 1188 administrata
1485 1149 1545 1188 re
1583 1132 1861 1196 familiari,
1893 1140 1988 1185 aut
2034 1145 2099 1185 ea
2132 1142 2333 1199 ganeo-

763 1239 895 1278 nuln
933 1240 1087 1278 more
1124 1225 1350 1294 prodige
1378 1223 1660 1293 dissipata.
1689 1222 1847 1292 egeni
1875 1222 2166 1276 exsistunt.

831 1314 959 1367 Nili.
980 1345 1049 1354 —
1071 1315 1191 1368 Noli
1239 1314 1465 1368 divitias
1517 1328 1765 1382 quaerere
1793 1352 1807 1376 ,
1839 1327 1906 1366 eo
1931 1311 2151 1364 nomine
2183 1319 2242 1363 ut
2277 1309 2330 1364 in

763 1418 1073 1472 pauperum
1104 1403 1487 1472 elecmosynas
1512 1401 1798 1469 impendas
1842 1417 1855 1452 :
1893 1401 2038 1452 Deus
2090 1399 2235 1453 enim
2265 1413 2333 1451 ex

763 1493 830 1545 iis
862 1506 984 1560 qua:
1017 1499 1317 1560 suppetunt
1341 1492 1551 1560 justum
1585 1488 1836 1544 decernit
1861 1489 2333 1560 elcemosynarum

764 1582 1007 1635 modum.

836 1670 1109 1724 Plutarch.
1133 1669 1273 1724 -—ln
1303 1670 1492 1740 prtelio
1517 1670 1742 1740 quidem
1769 1669 1976 1725 ferrum
2003 1685 2141 1724 auro
2164 1671 2336 1724 tutius

2428 584 2618 653 ουμίαι
2639 587 2764 646 τοὺς
2788 583 3009 653 χρόνους
3025 581 3312 635 άναλίσκου
3322 599 3395 635 σι·
3416 582 3607 652 χρόνου
3628 582 3996 650 δὲφείδεσθαι,

2503 676 2609 728 λόν.

2503 676 2530 726 λ
2595 715 2609 728 .

2428 676 2733 822 “ﬁliave
2761 759 2855 812 καὶ
2883 758 3302 830 σπουδαιοτέραν
3343 759 3662 829 ἐπιμέλειαν
3720 758 3876 811 ποιοῦ
3919 758 4000 820 εἰς

2428 852 2554 912 τοὺς
2582 849 2649 902 δι’
2681 848 2884 920 ἀρετὴν
2918 849 3010 902 καὶ
3041 848 3352 903 θεοσέϐειαν
3391 849 3809 918 πτωχεύσαντας
3837 851 3871 920 ή
3903 866 4000 902 πε-

2431 942 2684 1010 νομένους
2713 956 2730 972 ο
2779 941 2952 1004 ἄλλως
2989 957 3046 993 τε
3101 941 3306 1010 ὁμοίως
3349 942 3443 995 καὶ
3469 943 3548 1004 είς
3585 944 3712 1006 τοὺς
3738 943 3802 996 ὲκ
3828 942 4001 995 νόσων

2431 1036 2525 1087 καὶ
2556 1033 2978 1104 συμπτωμάτων
3011 1031 3373 1102 ἀποροῦντας,
3399 1031 3552 1102 παρὰ
3572 1033 3700 1096 τοὺς
3728 1032 3794 1087 ἑκ
3832 1049 4000 1086 κακο-

2431 1124 2829 1195 πραγμονίαςῆ
2859 1123 3098 1186 ἀσωτίας
3129 1122 3567 1192 πτωχεύσαντας.

2504 1308 2743 1355 ιιεινίου.
2789 1330 2856 1344 -
2907 1297 3000 1366 Μὴ
3065 1296 3257 1366 βούλου
3315 1297 3565 1350 πλουτεῖν
3607 1296 4001 1366 φιλοπτωχείας

2430 1395 2614 1444 ¹ἕνεκα·
2639 1391 2745 1443 άπὸ
2766 1390 2876 1460 γάρ
2896 1389 3006 1443 τῶν
3030 1389 3197 1441 ὄντων
3233 1387 3329 1441 τοῦ
3361 1389 3530 1441 ἐλεεῖν
3554 1390 3582 1440 ὀ
3615 1388 3746 1450 Θεὸς
3778 1386 4000 1455 νομοθε-

2433 1485 2518 1536 τεῖ
2547 1483 2606 1535 τὸ
2632 1482 2862 1534 δίκαιον.

2509 1653 2843 1722 Πλουτάρχ.
2875 1680 2945 1692 -
2988 1650 3076 1702 Ἐν
3111 1648 3336 1716 πολέμῳ
3388 1647 3488 1713 μὲν
3532 1647 3664 1712 πρὸς
3708 1643 4007 1709 ἀσφάλειαν

766 1763 1172 1814 munimentum
1202 1735 1460 1829 praestat;
1515 1735 1572 1812 in
1606 1760 1721 1814 vita
1767 1775 1900 1814 vero
1950 1760 2090 1814 ratio
2141 1760 2336 1829 opibus
2369 1824 2399 1829 _
2442 1780 2443 1788 η

2328 1776 2399 1829 i_
2442 1749 2657 1818 σίδηρος
2719 1743 2920 1816 χρυσοῦ
2951 1739 3248 1810 κρείσσων⁸
3293 1739 3350 1789 ὲν
3397 1735 3456 1789 δὲ
3501 1736 3578 1804 τῷ
3610 1737 3732 1804 ζῇν,
3779 1737 3807 1783 ὸ
3857 1735 4005 1800 λόγος

764 1851 1011 1906 securior
1041 1859 1144 1905 est.

834 1941 945 1995 Nec
982 1956 1127 2011 equo
1161 1941 1280 1996 sine
1314 1940 1497 2006 freno,
1529 1957 1631 1998 nec
1663 1941 1874 1998 divitiis
1900 1943 2019 1999 sine
2044 1945 2255 1998 ratione
2276 1952 2335 1999 et

765 2033 998 2088 consilio
1029 2035 1110 2088 uti
1149 2043 1272 2089 tuto
1297 2051 1612 2105 possumus.

835 2125 1024 2194 Neque
1065 2127 1384 2181 convivium
1435 2127 1644 2196 absque
1696 2129 1994 2197 colloquio,
2024 2127 2184 2198 569
2232 2143 2335 2183 nec

796 2216 882 2271 ine
905 2217 1114 2273 virtute
1141 2218 1347 2274 divitiae
1378 2221 1720 2290 voluptatem
1753 2220 1978 2275 habent.

834 2307 1046 2364 Similis
1067 2319 1152 2364 est
1183 2311 1334 2364 avari
1364 2311 1496 2374 vita,
1528 2326 1701 2366 coenae
1727 2313 1950 2366 mortui.
1999 2311 2134 2366 Cum
2187 2313 2332 2366 enim

766 2398 904 2450 nihil
932 2400 982 2452 ei
1021 2400 1185 2463 desit,
1218 2402 1374 2453 deest
1405 2402 1496 2454 ille
1524 2402 1619 2469 qui
1647 2417 1710 2455 ea
1746 2403 2080 2456 recreandos
2096 2416 2196 2456 est.
2224 2405 2335 2458 Nec

763 2503 794 2540 a
820 2499 1041 2543 mortuo
1064 2489 1353 2556 fabulatio,
1373 2506 1475 2546 nec
1499 2491 1567 2545 ab
1603 2506 1770 2545 avaro
1799 2493 1973 2561 gratia
1999 2494 2331 2561 requirenda

765 2579 859 2633 sit.

837 2667 981 2737 Apes
1007 2667 1074 2722 ad
1127 2669 1329 2734 mellis,
1388 2668 1541 2725 avari
1595 2678 1780 2724 autem
1815 2668 1881 2724 ad
1931 2671 2069 2724 lucri
2103 2671 2330 2724 odorem

766 2760 933 2814 citius
961 2760 1272 2814 conﬂuunt.

838 2853 1016 2906 Avaro
1045 2852 1200 2907 necis
1234 2851 1357 2906 loco
1408 2861 1515 2917 est,
1561 2852 1826 2922 pecunias
1860 2853 1997 2906 lucri
2043 2867 2208 2906 causa
2236 2867 2336 2906 au-

766 2942 928 3011 gendi
959 2941 1279 3011 cupiditas:
1339 2943 1581 3013 hincque
1618 2959 1808 2998 earum
1842 2943 2139 3014 ademptio,
2184 2946 2336 3000 velut

767 3034 1071 3103 sanguinis,
1114 3035 1164 3089 ei
1195 3043 1426 3090 mortem
1460 3035 1638 3092 adert.

841 3126 1042 3179 Parant
1070 3126 1240 3195 aliqui
1272 3127 1327 3181 in
1365 3127 1497 3192 vita,
1546 3143 1669 3197 qua:
1710 3127 1776 3181 ad
1822 3127 2030 3182 victum
2061 3138 2332 3198 spectant,
2362 3170 2405 3198 ι..

768 3216 927 3284 quasi
965 3216 1071 3286 ipsi
1099 3218 1302 3272 victuri
1329 3227 1454 3286 post
1493 3218 1684 3272 vitam.

845 3309 1053 3363 Divites
1104 3315 1290 3362 autem
1342 3316 1399 3361 et
1444 3308 1830 3376 inexplebiles,
1887 3323 2024 3376 aqua
2065 3307 2336 3360 intercute

773 3399 1148 3456 laborantibus
1182 3398 1393 3453 similes
1439 3413 1562 3454 esse
1598 3399 1858 3453 dicebat:
1891 3398 1946 3451 hi
1995 3397 2142 3452 enim
2182 3397 2341 3466 aquis

775 3491 920 3561 pleni
961 3490 1175 3551 sitiunt,
1213 3489 1292 3542 illi
1323 3489 1596 3558 pecuniis.

842 3582 956 3636 Nec
985 3595 1164 3649 equus
1186 3594 1489 3648 generosus
1541 3578 1749 3641 audiat,
1797 3579 1891 3648 qui
1951 3577 2130 3646 magni
2181 3576 2342 3645 pretii

774 3671 1000 3741 cpbipio
1064 3671 1393 3739 reliquoque
1433 3677 1697 3739 apparatu
1748 3668 2056 3722 instructus
2101 3679 2203 3730 est,
2247 3668 2342 3722 scd

777 3763 870 3833 qui
901 3761 1162 3832 praeclara
1186 3760 1451 3828 praeditus
1476 3758 1700 3824 indole;
1735 3773 1912 3826 neque
1929 3759 2012 3812 vir
2039 3758 2341 3820 studiosus,

776 3853 870 3923 qui
892 3853 1072 3922 ampla
1108 3852 1264 3907 dives
1288 3851 1594 3907 substantia
1622 3858 1729 3915 est,
1759 3849 1855 3905 sed
1891 3850 1984 3919 qui
2023 3851 2140 3919 ipse
2173 3850 2343 3903 nobili

779 3944 1018 4012 i‘ortique
1038 3945 1224 3997 animo
1256 3943 1446 4012 pollet.

844 4031 1152 4088 Contemne
1181 4046 1278 4085 eos
1316 4031 1412 4101 qui
1441 4031 1656 4086 divitiis
1689 4029 1937 4093 student,
1972 4029 2145 4098 partis
2162 4037 2346 4082 autem

778 4122 859 4177 uti
899 4138 1010 4176 non
1044 4130 1316 4191 possunt:
1365 4121 1625 4176 similiter
1670 4119 1819 4174 enim
1852 4118 1933 4173 eis
1964 4117 2185 4180 accidit,
2218 4126 2275 4169 ut
2301 4117 2347 4170 si

778 4212 905 4282 quis
927 4211 1205 4282 egregium
1230 4219 1513 4280 comparet
1528 4224 1754 4280 equum,
1775 4224 1902 4263 cum
1924 4207 2040 4277 ipse
2064 4206 2346 4275 equitandi

780 4300 936 4355 rudis
965 4299 1055 4354 sit.

851 4392 1224 4463 Magnanimos
1252 4392 1584 4457 existimato,
1616 4408 1727 4446 non
1763 4406 1860 4446 eos
1887 4390 1984 4460 qui
2017 4392 2222 4461 majora
2244 4390 2348 4444 sibi

2368 1824 2408 1878 Β
2439 1839 2535 1898 τοῦ
2559 1835 2812 1889 πλούτου.

2516 1928 2652 1981 Οὔτε
2680 1929 2831 1994 ῑππῳ
2852 1923 3018 1992 χωρὶς
3054 1916 3293 1989 χαλινοῦ,
3336 1913 3458 1967 οὔτι
3490 1908 3702 1974 πλούτῳ
3738 1914 3900 1979 ιωρι(
3932 1912 4011 1965 λο.

2440 2017 2902 2094 γισμοῦ,“δυνατὸν
2927 2012 3181 2080 ἀσφαλῶς
3219 2002 3513 2082 χρήσασθαι

2510 2111 2647 2178 Οὔτε
2673 2109 2972 2178 συμπόσιον
3008 2105 3137 2158 άνιυ
3183 2098 3416 2175 ὁμιλίας,
3439 2106 3550 2152 οὒτε
3574 2110 3819 2162 πλοῦτος
3849 2096 4007 2173 χωρίς

2441 2202 2643 2275 ἀρετῆς
2671 2199 2863 2269 ήδονὴν
2893 2198 3027 2266 ἔχει.

2518 2295 2733 2347 Ἔοικεν
2783 2294 2812 2345 ὁ
2860 2289 2968 2340 τῶν
2999 2285 3347 2354 etimiter
3395 2287 3510 2346 βίος
3555 2280 3747 2349 νεκροῦ
3790 2280 4011 2346 δείπνῳ,

2442 2384 2624 2436 Πάντα
2672 2380 2782 2448 γάρ
2825 2377 2994 2444 ἔχων,
3050 2376 3136 2426 τὸν
3184 2370 3692 2442 ινφραδθησόμενον
3736 2370 3835 2421 οὐκ
3881 2367 4011 2437 εχει.

2441 2475 2581 2528 Οὔτε
2627 2471 2775 2540 παρὰ
2802 2465 2996 2534 νεκροῦ
3029 2462 3247 2534 ὁμιλίαν
3271 2503 3285 2518 .
3344 2464 3462 2514 οὔτε
3501 2479 3571 2516 πα
3585 2461 3652 2532 ρὰ
3676 2458 4014 2530 φιλαργύρου

2441 2569 2524 2620 δεῖ
2553 2566 2710 2634 χάριν
2739 2560 3039 2628 ἐπιζητεῖν.

2515 2656 2627 2710 Τοῦ
2645 2655 2859 2725 μέλιτος
2891 2652 3139 2722 μέλιτται
3159 2649 3350 2719 τάχιον
3371 2646 3622 2719 Imm
3644 2647 3727 2699 ἐπ’
3741 2645 4015 2715 αῐσδησινο

2441 2748 2536 2804 τοῦ
2565 2747 2789 2816 κέρδους
2812 2745 2892 2808 δὲ,
2926 2744 2975 2795 oi
2999 2741 3356 2811 φιλάργυροι.

2515 2841 2703 2908 Σφαγή
2726 2840 2839 2890 ἔστι
2863 2835 2956 2888 τοῦ
2983 2833 3318 2904 φιλαργύρου
3335 2830 3478 2901 ἢτοῦ
3502 2831 3783 2901 χρήματος
3809 2831 3844 2898 ἡ
3884 2818 4021 2898 at?“

2441 2933 2504 2984 τὸ
2522 2931 2711 3000 κέρδος
2750 2927 3037 2996 ἐπιθυμίαι
3065 2925 3186 2976 ὅθεν
3219 2926 3252 2990 ἡ
3280 2921 3376 2974 τοῦ
3403 2921 3684 2991 χρήματος
3706 2918 4016 2990 ἀφαίρεσις,

2443 3023 2631 3089 ὥσπερ
2669 3019 2923 3087 αἵματοςν
2979 3013 3232 3081 ἐπιφέρει
3276 3011 3369 3063 τον
3411 3010 3644 3063 θάνατον
3671 3007 3842 3075 αὐτῷ,

2526 3106 2938 3178 Ἐτοιμάζονταί
2982 3119 3126 3164 τινες
3178 3101 3267 3154 διὰ
3313 3100 3409 3154 τοῦ
3459 3099 3575 3168 βίου
3625 3098 3696 3150 τά
3745 3098 3880 3167 πρὸς
3929 3097 4022 3149 τὸν

2448 3201 2582 3272 βίον,
2619 3200 2695 3261 ὼς
2728 3195 3051 3267 βιωσόμενοι
3087 3192 3225 3261 μετὰ
3249 3196 3339 3242 τὸν
3363 3190 3498 3259 βίον.

2517 3290 2658 3352 Τοὺς
2710 3285 2997 3347 πλουσίους
3048 3283 3107 3336 δὲ
3165 3282 3261 3336 καὶ
3319 3281 3628 3350 ἀπλήστους
3675 3277 4022 3349 ὑδρωπιῶσιν

2448 3382 2683 3436 ἑοικέναι
2727 3378 2955 3445 ἐλεγενο
3013 3377 3061 3429 οι
3113 3377 3212 3444 μὲν
3255 3374 3365 3444 γὰρ
3406 3371 3782 3442 πεπλησμένοι
3815 3369 4024 3422 ὑδάτων

2449 3465 2697 3540 διψῶσιν,
2726 3470 2777 3521 οι
2802 3468 2859 3521 δὲ
2889 3465 3211 3537 χρημάτων.

2523 3559 2660 3617 Οὔτε
2711 3561 2878 3622 ῐππος
2914 3555 3144 3625 εὐγενής
3184 3551 3410 3623 κρίνοιτ’
3430 3550 3497 3603 ἂν
3525 3546 3791 3616 πολυτελῆ
3821 3545 4023 3614 σκευὴν

2453 3655 2610 3726 ἔχων·
2643 3651 2807 3706 mw
2830 3652 2897 3719 τῇ
2924 3647 3086 3716 φύσει
3107 3641 3380 3712 λαμπρόςο
3414 3639 3540 3692 οὔτε
3570 3637 3710 3707 ἀνὴρ
3737 3636 4024 3698 σπουδαῖος

2451 3751 2481 3802 δ
2515 3746 2810 3814 πολύτιμον
2857 3738 3048 3793 οὐσίαν
3094 3735 3465 3804 κεκτημένος,
3519 3730 3638 3784 ἀλλ’
3660 3733 3692 3784 ὁ
3722 3729 3820 3800 τὴν
3848 3728 4024 3798 ψυχὴν

2453 3838 2717 3908 γενναῖος.
3166 3853 3170 3858 ·

2520 4016 2863 4086 Καταφρόνει
2907 4013 3014 4067 τῶν
3055 4012 3183 4080 περὶ
3209 4012 3302 4064 τὸν
3327 4009 3556 4062 πλοῦτον
3587 4006 4018 4070 σπουδαζόντων,

2450 4108 2685 4178 χρῆσθαι
2711 4106 2766 4158 δὲ
2798 4108 2909 4168 τοῖς
2933 4103 3237 4172 ὑπάρχουσι
3269 4099 3342 4169 μὴ
3366 4098 3699 4166 δυναμένων.
3731 4093 4024 4162 Παραπλή-

2451 4217 2567 4252 σιον
2594 4199 2704 4266 γάρ
2735 4198 2783 4248 oi
2811 4193 3043 4247 τοιοῦτοι
3069 4192 3388 4260 πάσχουσιν,
3422 4187 3611 4252 ὥσπερ
3646 4183 3710 4236 ἂν
3745 4183 3906 4245 εἴτις
3935 4183 4022 4233 ἴπ-

2455 4308 2554 4346 πον
2597 4289 2861 4358 κτήσαιτο
2893 4284 3085 4347 καλὸν,
3139 4279 3323 4342 κακῶς
3358 4277 3608 4331 ἱππεύειν
3638 4273 4022 4341 ἐπιστάμενος.

2522 4378 2946 4447 Μεγαλόφρονας
2973 4374 3160 4443 νόμιζε
3183 4413 3198 4439 ,
3258 4372 3332 4442 μὴ
3358 4369 3484 4439 τοὺς
3513 4367 3734 4438 μείζονα
3762 4363 4025 4435 περιϐαλ-

779 4453 1070 4538 assumunt
1089 4497 1253 4552 quam
1289 4483 1502 4551 possint
1524 4453 1802 4538 retinere:
1951 4496 2067 4544 eos,
2103 4453 2204 4550 qui
2229 4495 2346 4535 me-
2383 4475 2456 4548 n1

2383 4493 2426 4548 ι)
2454 4473 2744 4542 λομένους,
2803 4463 2878 4522 ὧν
2920 4463 3029 4519 οἷοί
3075 4465 3138 4516 τέ
3189 4464 3296 4516 εισι
3340 4461 3632 4528 κατασχεῖν
3656 4494 3672 4520 ,
3728 4453 3868 4508 ἀλλὰ
3903 4454 4026 4516 τοὺς

779 4575 1133 4631 diocritatem
1169 4583 1489 4644 sequentes,
1519 4589 1586 4628 ea
1631 4589 1754 4642 quae
1787 4571 2152 4626 instituerunt
2181 4570 2340 4640 perii-

780 4678 908 4721 cere
930 4673 1182 4734 possunt.

847 4753 1120 4809 Aristoni.
1143 4753 1532 4821 —Paupertas
1579 4749 1768 4806 multis
1800 4757 1924 4820 eget
1955 4768 1969 4814 ;
2027 4746 2369 4802 insatiabilis-

783 4845 1081 4916 cupiditas,
1107 4842 1384 4898 omnibus.

856 4936 1141 4992 Neminem
1166 4949 1406 5005 unquam
1435 4933 1508 4990 ob
1532 4932 1755 4988 divitias
1781 4941 1834 4988 et
1876 4931 2109 5002 gloriam
2134 4930 2356 4985 beatum

2459 4561 2695 4634 μετρίων
2725 4559 2822 4628 μὲν
2851 4554 3195 4625 ἐφιεμένους,
3232 4549 3562 4623 ἐργάζεσθαι
3585 4547 3642 4602 δὲ
3671 4545 4026 4615 δυναμένους,

2454 4649 2538 4714 οἷς
2573 4652 2639 4705 ἂν
2669 4647 3007 4718 ἐπιχειρῶσι.

2541 4738 2905 4808 Ἀριστοτέλ.
2951 4765 3019 4775 --
3060 4734 3123 4786 Ἦ
3169 4731 3327 4797 πενία
3377 4729 3588 4783 πολλῶν
3623 4729 3774 4781 ἔστιν
3807 4726 4027 4794 ἐνδεήςο

2460 4835 2494 4905 ὴ
2525 4831 2582 4886 δὲ
2618 4829 2912 4902 ἀπληστία,
2943 4826 3185 4880 πάντων.

2529 4921 2816 4993 Μηδέποτε
2869 4917 3197 4990 μακαρίσεις
3242 4912 3528 4985 ἄνθρωπον
3569 4909 3661 4964 ἐπὶ
3693 4909 3912 4979 πλούτῳ
3945 4910 4035 4961 καὶ

784 5029 995 5084 dixeris
1073 5026 1342 5098 ejusmodi
1375 5028 1522 5081 enim
1554 5023 1738 5080 omnia
1782 5023 1994 5078 minora
2031 5029 2161 5076 sunt
2192 5035 2358 5092 quam
2454 5017 2461 5065 ἐ

2356 5047 2358 5072 ῐ
2454 5013 2580 5083 δόξῃ
2609 5026 2624 5042 ο
2681 5010 2860 5064 πάντα
2902 5008 3011 5078 γάρ
3054 5005 3122 5061 τὰ
3152 5003 3378 5059 τοιαῦτα
3405 5001 3514 5054 τῶν
3539 4998 3760 5069 ἀγαθῶν
3787 4999 4033 5052 ἐλάττονι

790 5131 849 5175 ιιι
881 5120 1023 5173 bona
1047 5118 1369 5173 credantur.

861 5210 982 5264 Non
1013 5209 1108 5278 qui
1158 5208 1312 5263 dives
1335 5215 1439 5271 est,
1490 5205 1585 5262 sed
1618 5204 1712 5276 qui
1745 5204 1955 5260 divitiis
1991 5218 2101 5259 non
2128 5210 2274 5274 eget,
2311 5202 2357 5256 is

788 5302 987 5358 beatus
1017 5309 1121 5356 est.

2454 5107 2634 5159 πίστει
2664 5103 2895 5158 δέδεται.

2523 5197 2634 5265 Οὐχ
2687 5194 2718 5246 ὁ
2770 5189 3018 5247 πλουτῶν
3044 5228 3059 5254 ,
3118 5186 3233 5242 ἀλλ’
3271 5189 3300 5241 ὁ
3345 5185 3420 5255 μὴ
3449 5181 3668 5254 χρῄζων
3707 5180 3940 5235 πλούτου
3963 5180 4034 5248 (It)

2456 5287 2746 5360 μακάριος.

2298 5408 2527 5465 NOTAE.

863 5509 941 5575 (k)
978 5507 1041 5561 Ὀ
1073 5505 1160 5575 μὴ
1189 5505 1418 5576 χρῄζων
1458 5506 1748 5576 πλούτου.
1810 5504 2351 5576 Coniecturam,_qi_l_a

793 5573 1461 5649 particulaingnegantcm
1519 5573 1860 5638 addideram,
1890 5645 1900 5649 _
1927 5573 2175 5649 {intravit
2215 5574 2345 5649 liall.

796 5643 987 5704 codex.
1013 5643 1280 5701 Nimirum
1300 5645 1354 5699 in
1379 5660 1446 5698 eo
1481 5660 1674 5700 sensus
1713 5655 1769 5699 ct
1791 5644 2101 5708 antithesis,
2125 5643 2349 5696 divitem

2458 5507 2634 5570 egeat,
2662 5509 2851 5570 carum
2877 5495 2999 5570 jam
3040 5506 3141 5570 usu
3177 5489 3450 5570 superior.
3479 5502 3600 5557 qua:
3627 5486 3742 5555 ipsa
3771 5483 4031 5570 nihilfje:

2461 5549 2801 5624 ᾖῗόῖεέίίετδί
2859 5549 3047 5632 ᾖρῇζω
3091 5549 3417 5632 signiﬁcatio
3441 5575 3476 5632 :_
3498 5549 3623 5632 'non
3846 5549 4033 5631 reddit

2459 5623 2623 5694 Gesn.
2663 5636 2754 5689 sed
2778 5623 3187 5688 ute'i'i's'divitiis':
3218 5643 3340 5698 qua:
3366 5623 3829 5698 antithesisinihil
3855 5623 4036 5698 gravis

2467 5689 2648 5772 est—{ct
2687 5706 2845 5775 quale
2873 5702 2926 5756 iu
2953 5699 3176 5769 reliquis
3195 5689 3374 5754 elucet
3401 5693 3681 5750 Plutarchi
3709 5689 4003 5749 sententiis
