4246 6438
349 406 454 472 797

1655 397 1823 459 LOCI
1859 395 2288 458 COMMUNES.

3469 397 3574 456 798

416 510 690 580 Μέγιστόν
717 511 833 564 ἐστι
865 508 1120 574 πλούτου,
1155 506 1218 561 τὸ
1243 503 1530 575 γινώσκειν
1557 502 1640 555 ὅτι
1667 501 1918 575 περιττός
1946 505 1992 560 Α
2089 501 2093 553 ἲ

1895 517 1918 563 ς
1946 505 1992 560 Α
2089 501 2385 554 Maximum
2413 505 2498 555 est
2532 498 2586 552 in
2620 496 2866 565 divitiis,
2911 496 3051 554 scire
3109 497 3257 566 quod
3285 500 3572 567 superﬂuae

548 693 624 764 μὴ
655 690 863 745 πολλῶν
894 688 1183 758 ἐπιθυμεῖς
1207 726 1223 752 ,
1272 685 1343 740 τὰ
1370 685 1528 754 ὀλίγα
1555 683 1724 736 πολλὰ
1749 681 1908 746 δόξει.

343 783 534 855 Μικρὰ
563 783 672 854 γὰρ
697 783 879 854 ὄρεξις
911 779 1107 834 πενίαν
1137 777 1382 848 ἰσοσθενῆ
1410 775 1642 830 πλούτου
1671 775 1910 844 ποιήσει.

423 967 482 1022 '0
534 966 676 1020 κατὰ
723 963 887 1033 φύσιν
937 960 1187 1024 πλοῦτος,
1233 959 1384 1030 ἄρτῳ
1413 957 1510 1011 καὶ
1537 956 1690 1010 ὕδατι
1723 955 1817 1008 καὶ
1843 955 1911 1023 τῇ

343 1057 580 1128 τυχούσῃ
608 1055 702 1109 τοῦ
728 1055 978 1125 σώματος
1019 1051 1217 1122 σκέπῃ,
1246 1045 1733 1122 συμπεπληρωται.
1769 1045 1828 1097 '0
1854 1045 1913 1098 δέ

345 1149 616 1221 περιττὸς,
645 1147 785 1200 κατὰ
822 1145 1003 1215 ψυχὴν
1047 1143 1351 1214 ἀπέραντον
1395 1139 1634 1212 ἔχεικαὶ
1674 1139 1776 1206 τὴν
1817 1137 1916 1206 τῆς

344 1241 642 1310 ἐπιθυμίας
676 1239 931 1308 βάσανον.

426 1333 486 1385 '0
512 1303 1014 1400 αὐτὸς-ἐρωτηθεὶς,
1037 1326 1155 1392 πῶς
1182 1326 1249 1380 ἄν
1269 1344 1354 1391 τις
1377 1325 1606 1398 γένηται
1629 1323 1758 1382 gito.
1777 1341 1858 1379 σιο
1870 1340 1908 1389 ςο
1964 1303 1974 1316 ’

358 1423 486 1479 Ἐὰν
511 1424 622 1477 τῶν
646 1419 952 1492 ἐπιθυμιῶν
975 1418 1127 1472 ἔσται
1153 1418 1344 1488 πένης,
1371 1419 1557 1490 φησιν.

418 1597 559 1652 Ὅσα
605 1597 704 1667 μὲν
751 1595 846 1650 ἐπὶ
876 1597 944 1668 τῇ
975 1594 1164 1666 φύσει,
1222 1595 1423 1658 πάντες
1445 1595 1614 1666 ἐσμὲν
1643 1596 1908 1652 πλούσιοι·

342 1687 444 1742 ὅσα
467 1687 512 1740 δ’
538 1687 625 1756 ἐφ’
644 1689 800 1758 ἡμῖν,
833 1688 1034 1750 πάντες
1063 1687 1232 1755 ἐσμὲν
1261 1685 1508 1758 πένητες.

423 1779 486 1830 '0
515 1777 596 1848 τῷ
623 1777 764 1832 κατὰ
789 1777 952 1848 φύσιν
980 1777 1320 1849 ἀρκούμενος
1350 1777 1586 1848 πλούτῳ,
1614 1776 1710 1832 τοῦ
1743 1777 1913 1833 πολλὰ

342 1869 728 1941 κεκτημένου,
783 1869 1007 1924 πλείονα
1045 1869 1104 1923 δὲ
1145 1869 1536 1940 ἐπιθυμοῦντος
1560 1911 1576 1937 ,
1631 1872 1766 1925 πολύ
1797 1874 1911 1925 ἐστι

344 1959 763 2031 πλουσιώτερος.
816 1960 909 2030 Τῷ
938 1959 1040 2028 μὲν
1068 1961 1177 2031 γὰρ
1217 1961 1372 2014 οὐδὲν
1395 1961 1632 2015 ἐλλείπει
1657 1979 1671 1993 ο
1725 1962 1803 2033 τῷ
1831 1963 1910 2028 δέ,

343 2052 438 2106 καὶ
464 2046 542 2107 ὧν
571 2053 838 2124 κέκτηται
868 2051 1050 2123 πολλῷ
1078 2054 1319 2108 πλείονα.

427 2144 492 2196 Ἦ
541 2143 755 2207 τέκνοις
781 2143 923 2212 ἄγαν
953 2144 1249 2215 χρημάτων
1284 2145 1608 2216 συναγωγὴ,
1642 2147 1916 2218 πρόφασίς

344 2233 459 2285 ἐστι
488 2231 876 2306 φιλαργυρίας,
905 2234 1107 2306 τρόπον
1133 2235 1263 2289 ῐδιον
1289 2237 1606 2306 ἐλέγχουσα.

416 2410 501 2463 Τὰ
548 2412 780 2482 μέγιστα
820 2412 932 2465 τῶν
967 2412 1154 2467 κακῶν
1184 2417 1233 2467 ot
1259 2415 1491 2485 πένητες
1519 2417 1910 2485 ἐκπεφεύγασι·

344 2501 658 2572 ἐπιϐουλὴν,
677 2503 872 2570 φθόνον
894 2505 988 2558 καὶ
1011 2507 1186 2573 μῖσος·
1204 2499 1287 2568 οἷς
1311 2507 1360 2559 οἱ
1379 2507 1624 2560 πλούσιοι
1647 2508 1769 2561 καθ’
1788 2509 1917 2576 ἡμέ-

345 2608 448 2662 ραν
479 2607 842 2648 συνοικουσιν.

414 2705 719 2774 Διογένης.
742 2734 816 2746 —
840 2705 1099 2778 Διογένης
1125 2707 1156 2760 ὁ
1179 2707 1416 2772 Κυνικὸς
1442 2707 1748 2777 φιλόσοφος,
1777 2709 1915 2778 ἐρω-

345 2795 533 2864 τηθεὶς
579 2796 685 2850 ὑπό
719 2813 888 2864 τινος,
931 2797 1021 2852 διὰ
1053 2797 1108 2852 τί
1151 2799 1214 2852 τὸ
1242 2801 1463 2869 χρυσίον
1494 2799 1704 2871 χλωρόν
1727 2799 1876 2854 ἐστιν
1896 2841 1912 2867 ,

345 2882 527 2940 εἶπεν
567 2886 692 2941 ὀτι
721 2886 952 2952 πολλοὺς
978 2888 1300 2953 ἐπιϐούλους
1326 2891 1460 2960 ἔχει.

424 2977 485 3030 ⁸0
535 2977 698 3042 αὐτὸς
748 2978 872 3032 ίδὼν
915 2980 1044 3042 τοὺς
1076 2980 1458 3051 ’Δναξιμένους
1499 2983 1714 3048 οίκέτας
1745 2983 1915 3038 πολλὰ

346 3069 517 3140 σκεύη
565 3070 992 3142 περιφέροντας,,
1031 3071 1214 3143 ἤρετο⁹
1259 3073 1414 3136 Τίνος
1441 3075 1649 3142 ταῦτα;
1694 3075 1817 3145 Τῶν
1857 3075 1915 3128 δέ

2013 599 2164 645 sunt.

2088 681 2144 736 Si
2167 697 2278 735 non
2299 682 2595 735 multorum
2616 679 2896 735 desiderio
2917 679 3175 744 tenearis,
3197 680 3364 734 etiam
3381 695 3574 749 pauca,

2013 771 2183 825 multa
2210 769 2566 824 videbuntur.
2597 769 2752 834 Quod
2783 769 2929 822 enim
2954 770 3214 838 exiguum
3246 771 3377 838 quid
3407 785 3576 840 appe-

2015 863 2108 927 tis,
2143 877 2329 930 parem
2361 861 2657 930 opulentia:
2680 868 3057 930 paupertatem
3100 863 3400 930 praestabit.

2085 953 2376 1006 Naturales
2411 951 2638 1015 divitiae,
2689 966 2829 1020 pane
2888 960 2944 1006 et
2979 966 3122 1020 aqua
3155 952 3470 1020 explentur,
3496 952 3578 1006 vi-

2013 1042 2162 1111 lique
2183 1049 2502 1112 tegumento
2527 1041 2854 1109 ;superlluaa
2879 1051 3085 1106 autem,
3113 1039 3279 1094 etiam
3302 1039 3576 1094 inﬁnitum

2015 1133 2200 1187 animo
2229 1131 2551 1203 cupiditatis
2575 1131 2881 1186 cruciatum
2912 1130 3136 1185 habent.

2085 1306 2235 1362 Idem
2298 1306 2690 1378 interrogatus.
2747 1308 3211 1377 quemadmodum
3262 1309 3388 1378 quis
3423 1308 3580 1364 dives

2014 1395 2133 1452 fieri
2167 1397 2380 1466 possit:
2417 1398 2495 1464 Si,
2523 1399 2722 1469 inquit,
2767 1399 3131 1468 cupiditatum
3153 1413 3362 1468 pauper
3406 1399 3578 1454 exsti-

2015 1488 2165 1542 terit.

2079 1579 2240 1649 570
2262 1579 2342 1634 Ad
2393 1588 2648 1634 naturam
2683 1580 2830 1650 quod
2870 1582 3088 1645 attinet,
3141 1597 3334 1637 omnes
3378 1580 3580 1636 divites

2014 1683 2241 1724 sumus:
2275 1668 2425 1738 quod
2465 1684 2597 1723 vero
2617 1669 2683 1723 ad
2715 1685 2838 1734 nos,
2863 1685 3057 1725 omnes
3079 1686 3370 1741 pauperes.

2085 1759 2189 1825 Qui
2214 1759 2562 1815 naturalibus
2591 1759 2798 1815 divitiis
2828 1770 3126 1816 contentus
3151 1771 3256 1825 est,
3292 1761 3466 1816 multo
3487 1761 3580 1816 illo

1944 1832 1985 1888 Β
2013 1850 2183 1905 ditior
2208 1857 2315 1913 est,
2343 1851 2436 1919 qui
2462 1866 2588 1906 cum
2619 1851 2789 1905 multa
2819 1852 3117 1922 possideat,
3158 1853 3322 1921 plura
3367 1868 3578 1907 concu-

2015 1944 2198 2013 piscit.
2225 1943 2308 1996 llli
2345 1944 2492 1997 enim
2519 1943 2656 1998 nihil
2679 1943 2864 2011 deest;
2899 1944 3030 1998 huic
3051 1959 3207 2008 vero,
3228 1946 3391 2016 plura
3415 1959 3579 2014 quam

2017 2036 2245 2089 incensa
2281 2035 2499 2089 habeat.
3159 2016 3168 2034 ’

2086 2126 2265 2181 Nimia
2302 2126 2358 2180 in
2393 2126 2694 2182 liberorum
2743 2128 2972 2196 gratiam
3006 2126 3365 2196 pecuniarum
3422 2141 3580 2179 acer-

2015 2217 2186 2280 vatio,
2251 2225 2547 2286 prwtextus
2614 2217 2861 2272 avaritia:
2899 2226 3025 2283 est,
3080 2231 3263 2272 mores
3326 2217 3580 2287 proprios

2015 2307 2328 2362 ostendens.

2077 2397 2343 2452 Malorum
2395 2399 2632 2454 maxima
2684 2414 2959 2469 pauperes
3010 2409 3348 2454 evaserunt:
3385 2412 3582 2467 nempe

2025 2487 2274 2550 insidias,
2305 2487 2594 2554 invidiam,
2620 2488 2844 2556 odium;
2877 2492 2931 2544 in
2962 2491 3170 2561 quibus
3206 2493 3410 2546 divites
3445 2505 3583 2560 quo-

2018 2577 2153 2632 tidie
2178 2587 2492 2634 versantur.

2085 2692 2442 2763 Diogenes.—
2469 2691 2738 2762 Diogenes
2759 2691 2997 2764 Cynicus
3027 2695 3392 2768 philosophus
3411 2701 3580 2757 inter-

2016 2791 2258 2851 rogatus,
2285 2781 2419 2850 quid
2436 2796 2615 2836 causm
2642 2782 2714 2835 sit
2745 2797 2844 2836 cur
2863 2799 3057 2838 aurum
3081 2787 3341 2854 palleseat
3366 2790 3579 2860 :Quod,

2017 2870 2218 2940 inquit,
2253 2871 2454 2925 multos
2490 2870 2816 2926 insidiantes
2837 2872 3057 2929 habeat.

2082 2963 2232 3018 ldem
2257 2963 2452 3018 videns
2479 2963 2833 3020 Anaximenis
2853 2964 3109 3034 famulos,
3146 2985 3402 3025 vasorum
3435 2974 3581 3028 mul-

2017 3065 2148 3135 tam,
2186 3056 2585 3126 supellectilem
2643 3059 3138 3127 circumferentes,
3191 3064 3577 3136 interrogavit:

343 3159 643 3229 εἰπόντων,
678 3159 1079 3231 Ἀναξιμένους,
1134 3163 1246 3217 Ούκ
1274 3164 1524 3231 αἰδεῖται,
1555 3165 1712 3237 φησὶ,
1743 3166 1913 3221 ταῦτα
1941 3150 1984 3210 C
2018 3168 2020 3187 '

1901 3185 1913 3220 ι
1941 3150 1984 3210 C
2018 3148 2189 3218 Cujus
2221 3149 2315 3202 illa
2336 3149 2562 3204 essent?
2587 3149 2812 3218 lllisque
2862 3153 3347 3223 respondentibus,
3376 3158 3578 3213 Anaxi-

343 3251 484 3322 ἔχων
512 3251 749 3320 ἅπαντα,
778 3253 940 3318 αὐτὸς
969 3254 1160 3309 ἐαυτὸν
1197 3254 1273 3327 μὴ
1299 3255 1470 3326 ἔχωνς

415 3428 752 3499 Σωκράτης.
773 3459 841 3471 -
875 3428 939 3483 '0
968 3428 1069 3499 μὲν
1095 3425 1238 3493 οἶνος
1265 3431 1773 3500 συμμεταϐάλλεται
1805 3438 1915 3500 τοῖς

342 3518 610 3588 ἀγγείοιςο
639 3518 672 3571 ὀ
692 3517 749 3572 δέ
773 3517 1022 3585 πλοῦτος,
1037 3520 1150 3581 τοῖς
1172 3518 1280 3573 τῶν
1301 3520 1651 3591 κεκτημένων
1668 3522 1912 3593 τρόποις.

413 3715 610 3786 Ἰδρως
643 3714 740 3785 μὲν
783 3716 848 3767 ἐκ
889 3713 999 3768 τῶν
1027 3714 1344 3791 γυμνασίων
1380 3714 1908 3791 εὐσχημονέστερον·

348 3806 583 3869 πλοῦτος
609 3806 686 3869 δέ,
716 3806 782 3858 ἐκ
808 3804 916 3860 τῶν
943 3789 1098 3860 ἰδίων
1119 3806 1318 3862 πόνων.

417 3896 498 3949 Τὰ
547 3893 658 3948 τῶν
703 3894 975 3948 πλουσίων
1028 3895 1124 3948 καὶ
1173 3894 1402 3949 ἀσώτων
1438 3896 1696 3966 χρήματα
1722 3938 1737 3962 ,
1791 3900 1914 3962 ταῖς

343 3988 439 4040 ἐπὶ
486 3985 596 4038 τῶν
641 3986 907 4055 κρημνῶν
953 3987 1174 4049 συκέαις
1211 3986 1453 4050 εἴκαζεν,
1487 3988 1580 4055 ἀφ’
1605 3981 1678 4042 ὧν
1706 3988 1914 4059 ἄνθρωε-

343 4094 446 4129 πον
497 4077 597 4145 μὲν
652 4077 727 4146 μὴ
778 4076 1113 4147 λαμϐάνειν,
1168 4077 1412 4147 κόρακας
1442 4078 1497 4130 δὲ
1538 4079 1630 4132 καὶ
1658 4081 1910 4144 ίκτίνους,

339 4164 534 4234 ὥσπερ
568 4164 720 4234 παρὰ
751 4165 959 4218 τούτων
991 4168 1216 4237 ἑταίρας
1249 4168 1344 4220 καὶ
1374 4169 1632 4232 κόλακας.

425 4255 486 4307 '0
515 4254 680 4315 αὐτὸς
708 4255 1039 4326 ἐρωτηθεὶς,
1074 4257 1219 4319 τίνες
1248 4257 1298 4309 ot
1329 4258 1746 4329 φιλοχρήματοι,
1785 4263 1908 4332 ἔφη·

338 4343 407 4394 υἱ
435 4343 503 4395 τὰ
527 4341 729 4411 αίσχρὰ
761 4344 926 4413 κέρδη
951 4343 1280 4414 θηρώμενοι,
1311 4347 1405 4400 καὶ
1428 4349 1553 4412 τοὺς
1585 4351 1912 4420 ἀναγκαίους

337 4431 450 4484 τῶν
477 4431 647 4500 φίλων
677 4433 1074 4502 ὑπερορῶντες.

424 4523 487 4575 '0
529 4521 639 4575 τῶν
686 4523 1038 4594 φιλαργύρων
1067 4525 1316 4590 πλοῦτος,
1351 4527 1542 4600 ὥσπερ
1579 4531 1608 4582 ὁ
1637 4531 1786 4601 ἥλιος
1813 4550 1912 4586 κα-

338 4613 508 4676 ταδὺς
537 4614 616 4676 είς
641 4615 741 4683 τὴν
771 4615 892 4684 γῆν,
929 4616 1120 4669 οὐδένα
1152 4618 1262 4671 τῶν
1289 4618 1508 4682 ζώντων
1538 4621 1839 4693 εὐφραίνει.

804 4768 1124 4836 Εὐριπίδου
1152 4769 1220 4822 ἐν
1244 4768 1464 4838 Δαναῇ.

459 4871 535 4949 to
565 4879 754 4949 χρυςγῤ
785 4877 1038 4949 δεξίωμα
1069 4879 1399 4934 κάλλιστον
1416 4882 1679 4949 βροτοῖς»

472 4944 568 5019 Ὡς
598 4946 739 5019 add;
761 4944 966 5019 μήτηρ
984 4949 1207 5014 ἡδονὰς
1230 4951 1392 5015 τοίας
1417 4944 1561 5019 ἔχει,

583 5015 803 5090 ἔ’τίςῐῷξςς
830 5018 1252 5090 (ir-optimatum,
1282 5021 1354 5090 οὺ
1379 5015 1556 5087 φίλος
1579 5022 1792 5090 πατήρ.

476 5084 545 5158 εί
640 5084 689 5158 τὶ
712 5083 1254 5158 Κύπρις-τοσοῦτον
1279 5083 1602 5158 ὀφθαλμοῖς
1632 5083 1762 5158 όρςῖ,

473 5154 556 5206 oo
578 5153 752 5221 θαῦμ’
775 5154 994 5220 ἔρωτας
1011 5156 1264 5223 μυρίους
1285 5153 1484 5225 domi
1504 5153 1759 5228 τρέφέιίθ.

402 5306 703 5374 Μοσχίων.
753 5336 820 5346 -
861 5307 1073 5377 ’Ὠσπερ
1104 5309 1166 5360 ού
1198 5308 1276 5378 τῷ
1305 5309 1455 5380 ἵππῳ
1487 5311 1692 5381 κόσμος
1713 5353 1729 5375 ,
1781 5315 1902 5368 ούδέ

330 5398 446 5459 τοῖς
493 5396 678 5464 δρνεσι
729 5397 893 5451 mea;
934 5396 1198 5466 ύψοῦσθαι
1249 5400 1344 5452 καὶ
1387 5405 1622 5473 γαυριᾷν
1657 5403 1898 5458 δίδωσιν·

327 5481 473 5535 ἀλλὰ
503 5480 581 5551 τῷ
611 5483 708 5550 μὲν
739 5481 833 5537 τοῦ
862 5484 1017 5548 ποδὸς
1050 5486 1084 5556 ἡ
1109 5486 1354 5557 ὠκύτης,
1405 5491 1516 5553 τοῖς
1544 5491 1600 5544 δὲ
1634 5493 1740 5546 τῶν
1772 5511 1901 5548 πτε-

335 5570 446 5640 ρῶν
467 5586 480 5599 ·
516 5570 686 5636 οὕτως
719 5573 828 5626 οὐδ’
851 5573 1123 5646 ἀνθρώπῳ
1157 5577 1544 5650 καλλωπισμὸς
1579 5583 1670 5639 καὶ
1705 5589 1898 5658 τρυφὴ.

335 5662 474 5716 am
505 5665 806 5735 χρηστότης
841 5667 934 5721 καὶ
961 5668 1200 5722 εὐποιία.

2016 3239 2191 3293 menis
2243 3256 2257 3291 :
2322 3239 2518 3293 Annon
2575 3239 2746 3308 pudet
2787 3257 2936 3306 eum,
2981 3243 3214 3314 inquit,
3263 3255 3370 3301 tam
3404 3250 3577 3304 multa

2022 3327 2249 3392 habere,
2293 3343 2417 3382 cum
2455 3329 2696 3399 seipsum
2723 3331 2837 3401 ipse
2859 3347 2971 3388 non
2997 3333 3232 3388 habeat?

2080 3417 2424 3472 Socrates.-—
2442 3419 2642 3473 Vinum
2669 3420 2893 3488 quidem
2918 3463 2932 3487 ,
2968 3438 3077 3478 una
3106 3438 3233 3478 eum
3284 3439 3415 3481 vase
3459 3441 3583 3484 mu-

2018 3516 2203 3573 tatur;
2232 3523 2366 3577 opes
2383 3524 2516 3564 vero
2541 3524 2608 3563 ex
2635 3510 2830 3594 eorum
2863 3511 2958 3582 qui
2988 3511 3192 3568 habent
3236 3515 3400 3585 genio
3426 3531 3581 3572 com-

2016 3607 2318 3668 ponuntur.

2082 3707 2438 3764 llonestiores
2475 3709 2617 3778 parti
2657 3711 2805 3766 bello
2832 3691 3102 3781 sudores;
3143 3728 3299 3784 opes,
3349 3731 3472 3788 quae
3498 3718 3581 3774 la-

2015 3797 2249 3852 boribus
2267 3807 2436 3868 pame
2472 3800 2606 3854 sint.
2903 3871 2908 3882 Ι

2083 3887 2324 3941 Divitum
2353 3897 2410 3942 et
2435 3889 2790 3961 prodigorum
2822 3891 2985 3958 bona,
3019 3895 3120 3951 [leo
3148 3896 3336 3953 arbori
3364 3898 3420 3952 in
3443 3915 3578 3968 pra:-

2015 3987 2178 4048 rupto
2204 3989 2262 4034 et
2291 3980 2518 4049 ancipiti
2571 3982 2694 4036 loco
2754 3983 2873 4038 sita:
2921 3985 3122 4040 similia
3161 3985 3402 4052 dicebat,
3433 3990 3578 4046 unde

2013 4070 2153 4123 nihil
2189 4070 2441 4124 homines
2469 4072 2884 4141 accipiant,-sed
2911 4077 3063 4130 corvi
3081 4088 3137 4132 et
3162 4079 3351 4145 milvi;
3384 4096 3579 4150 quem-

2012 4159 2310 4214 admodum
2338 4162 2407 4215 ab
2443 4161 2555 4217 illis
2589 4175 2766 4218 scorta
2791 4174 2847 4219 et
2879 4176 3270 4224 assentatores.

2088 4250 2239 4305 ldem
2271 4252 2670 4325 interrogatus,
2709 4257 2936 4324 quinam
2987 4269 3172 4313 essent
3217 4261 3368 4316 avari
3391 4269 3448 4316 et
3477 4278 3546 4333 pe

2013 4341 2302 4396 cnniarum
2332 4343 2567 4399 studiosi
2607 4362 2622 4398 :
2661 4344 2766 4412 Qui
2799 4347 3001 4417 turpia,
3053 4349 3256 4420 inquit,
3299 4353 3453 4408 lucra
3479 4369 3576 4409 ve-

1946 4468 1985 4521 υ
2013 4436 2237 4494 nantur,
2273 4439 2330 4485 et
2355 4433 2700 4488 necessarios
2717 4435 2925 4490 amicos
2950 4447 3334 4495 contemnunt.

2081 4520 2387 4574 Avarorum
2418 4521 2644 4588 divitiae,
2670 4527 3132 4594 quemadmodum
3163 4531 3242 4585 sol
3272 4540 3393 4602 post
3415 4548 3574 4589 occa-

2009 4623 2152 4671 sum,
2180 4611 2483 4663 viventium
2517 4613 2790 4666 neminem
2815 4628 3084 4672 recreant.

2482 4762 2750 4832 Euripidis
2793 4767 2851 4820 in
2887 4767 3097 4823 Danae.

2009 4887 2057 4968 ρ
2075 4904 2264 4940 (mrum
2300 4889 2708 4968 pulcherrimam
2729 4897 3047 4968 _n_tortalibus
3085 4901 3324 4968 festivum
3353 4908 3576 4961 manus!

2009 4957 2145 5009 Nunt
2175 4973 2338 5026 neque
2369 4968 2539 5012 mater
2564 4963 2694 5016 tales
2721 4964 3005 5020 blanditias
3031 4957 3186 5022 habet
3207 4986 3226 5024 :

2011 5026 2125 5106 {Yon
2151 5029 2448 5106 .taiitnchari
2477 5029 2642 5106 lioeri‘,
2666 5050 2768 5106 non
2794 5038 2995 5106 amicus
3025 5050 3195 5106 pater.

2011 5094 2159 5168 Quod
2183 5097 2229 5168 si
2265 5096 2429 5149 Venus
2455 5099 2586 5152 tales
2609 5101 2761 5154 habet
2789 5094 3058 5158 oculormit
3084 5111 3278 5168 radios,

2008 5163 2124 5217 Non
2159 5165 2352 5219 mirum
2373 5177 2446 5219 est
2485 5169 2655 5237 ipsum
2683 5172 2916 5245 inﬁnitos
2949 5185 3214 5231 amatores
3238 5163 3400 5233 ἀίει-ε.

2077 5315 2409 5373 Maso/tionis.
2436 5351 2505 5360 -—
2542 5322 3013 5388 Quemadmodum
3041 5347 3310 5400 equorum
3338 5337 3576 5404 phalera'

2009 5403 2283 5474 nidusque
2310 5408 2536 5474 avium,
2585 5427 2696 5466 non
2741 5414 2823 5468 eis
2875 5417 3170 5474 sublimem
3215 5403 3458 5477 volatum
3513 5443 3576 5481 ac

2009 5498 2322 5566 superbiam
2373 5514 2666 5569 prmstant;
2706 5506 2800 5560 sed
2845 5509 3007 5578 equis
3049 5512 3271 5580 quidem
3313 5515 3574 5572 velocitas

2010 5589 2232 5657 pedum,
2261 5591 2455 5647 avibus
2485 5611 2618 5650 vero
2644 5598 2850 5651 alarum
2893 5602 3200 5668 pernicies:
3234 5605 3314 5658 sic
3342 5619 3445 5659 nec
3475 5607 3574 5660 ho-

2009 5683 2142 5735 mini
2172 5685 2488 5753 superﬂuus
2530 5699 2758 5742 ornatus
2783 5707 2847 5744 ac
2877 5692 3108 5763 delicim,
3136 5695 3230 5752 sed
3265 5695 3483 5753 bonitas
3508 5715 3570 5752 ac

2016 5775 2373 5834 beneﬁcentia
2409 5779 2634 5838 gloriam
2667 5783 2902 5838 uariunt.
