4246 6438
314 417 412 479 801

1621 415 1789 475 LOCI
1828 414 2263 477 COMMUNES.

3460 417 3568 483 802

316 525 351 591 η
396 520 556 576 πενία
604 520 755 573 οὐδὲν
804 519 1083 591 ίστορήσει
1123 520 1293 576 κακόν
1317 534 1331 549 ·
1386 519 1472 574 σοὶ
1504 520 1561 576 δὲ
1598 523 1629 577 ό
1665 523 1896 587 πλοῦτος
1922 528 1966 585 Α

1892 541 1896 579 τ
1922 528 1966 585 Α
1999 525 2199 595 inquit,
2231 533 2528 594 paupertas
2552 524 2691 581 nihil
2722 526 2852 582 mali
2886 525 3090 596 pariet;
3127 526 3229 582 tibi
3264 533 3451 583 autem
3483 529 3569 585 di-

314 611 562 683 ταραχὰς
597 611 696 665 οὐκ
727 610 941 678 ὀλίγας.

398 702 688 769 Ἱέρωνος.
713 731 781 742 -
822 702 1246 771 Ὀνειδιζόμενος
1275 702 1356 754 ὅτι
1383 701 1613 764 πολλοὺς
1638 704 1897 773 ῥητορεύ-

318 813 400 848 ειν
421 794 659 860 διδάξας,
692 793 939 859 ἐπένετο,
967 791 1140 847 εἶπεν
1170 793 1309 848 Οὖτε
1335 793 1443 865 γάρ
1469 794 1685 859 ἐδίδαξα
1706 794 1897 867 φιλαρ-

318 887 530 957 γυρεῖν.

389 979 766 1035 Μουσωνίου.
790 1007 857 1020 -
886 977 1010 1032 Τῶν
1047 977 1148 1049 μὲν
1187 979 1427 1049 Κροίσου
1458 980 1552 1033 καὶ
1580 980 1761 1052 Κύρου
1798 979 1898 1050 θη-

320 1071 538 1141 σαυρῶν
589 1069 781 1123 πενίαν
834 1069 1069 1139 ἐσχάτην
1119 1068 1650 1140 καταψηφιούμεθα·
1706 1071 1803 1124 ἕνα
1840 1069 1898 1124 δὲ

317 1164 415 1218 καὶ
447 1163 607 1234 μόνον
637 1162 970 1233 πιστεύομεν
999 1161 1257 1216 πλούσιον
1280 1202 1295 1228 ,
1351 1163 1514 1231 σοφὸν
1539 1201 1555 1228 ,
1613 1162 1707 1215 τὸν
1734 1161 1897 1216 δυνά-

322 1272 485 1325 μενον
514 1254 816 1324 κτήσασθαι
841 1254 904 1307 τὸ
932 1253 1179 1317 άνενδεές
1208 1252 1509 1324 πανταχοῦ.

386 1429 725 1499 Ξενοφῶντ.
752 1432 1042 1499 φιλοσοφ.
1060 1460 1129 1471 —
1156 1429 1269 1500 Τὴν
1299 1428 1493 1482 πενίαν
1526 1428 1717 1498 ἔλεγεν
1737 1428 1898 1484 αὐτοο

319 1520 573 1574 δίδακτον
599 1520 922 1591 φιλοσοφίαν
947 1515 1087 1575 εἷναι
1106 1537 1121 1552 ·
1174 1521 1210 1576 ἃ
1234 1523 1342 1593 γὰρ
1367 1522 1549 1592 ἐκείνη
1579 1524 1692 1585 τοῖς
1720 1520 1900 1592 λόγοις

322 1611 527 1676 πείθει,
560 1612 701 1682 αὕτη
729 1615 843 1675 τοῖς
869 1612 1054 1683 ἔργοις
1082 1613 1404 1681 ἀναγκάζει.

395 1704 616 1759 Πολλῶν
642 1705 831 1758 κακῶν
860 1704 1224 1776 ἐπικάλυμμά
1251 1708 1401 1760 ἐστιν
1428 1706 1457 1758 ό
1478 1705 1725 1771 πλοῦτος.

405 1796 465 1848 '0
495 1796 675 1860 αὐτὸς,
711 1796 803 1850 τὸν
828 1795 1085 1851 πλούσιον
1117 1798 1211 1851 καὶ
1239 1797 1563 1851 ἀπαίδευτον
1587 1798 1775 1869 ἔφησε,
1803 1799 1899 1870 ῥύ-

324 1904 428 1939 πον
455 1885 595 1940 εἶναι
627 1886 1171 1958 περιηργυρωμένον,

396 1980 740 2035 Φιλιστίων.
784 2008 855 2018 -
899 1977 1019 2033 Κᾶν
1070 1978 1283 2049 μυρίων
1325 1978 1516 2049 πηχῶν
1566 1980 1668 2049 γῆς
1709 1981 1896 2052 κύριος

326 2071 617 2142 ὑπάρχεις,
652 2071 829 2125 θανὼν
859 2071 1065 2143 γενήσῃ
1098 2072 1269 2143 τριῶν
1298 2073 1331 2146 ἢ
1365 2073 1664 2144 τεσσάρων.

396 2245 739 2315 Δημώνακτ.
783 2277 854 2288 -
902 2249 1022 2301 Εἰσί
1073 2267 1237 2316 τινες,
1289 2252 1338 2304 οἱ
1385 2251 1477 2306 τὸν
1514 2253 1613 2323 μὲν
1658 2252 1899 2324 παρόντα

327 2336 444 2404 βίον
467 2338 528 2391 οὔ
559 2338 749 2403 ζῶσιν,
784 2339 919 2393 ἀλλὰ
950 2344 1467 2413 παρασκευάζοντες
1495 2344 1666 2417 πολλῇ
1696 2346 1897 2417 σπουδῇ

324 2428 404 2492 ὡς
432 2431 619 2502 ἕτερον
644 2430 759 2501 βίον
786 2432 1135 2504 βιωσόμενοι,
1167 2436 1229 2489 οὐ
1259 2437 1353 2491 τὸν
1376 2437 1642 2508 παρόντα.

410 2520 513 2574 Ἐκ
555 2520 669 2574 τῶν
704 2522 1093 2590 Ἀριστίππου
1133 2524 1403 2593 γνωμῶν.
1446 2555 1516 2565 -
1559 2526 1672 2597 οὐχ
1709 2526 1901 2594 ὥσπερ

328 2611 583 2681 ὑπόδημα
610 2612 673 2665 τδ
697 2612 884 2683 μεῖζον
912 2613 1220 2684 ἄχρηστονκ,
1266 2616 1362 2669 καὶ
1390 2616 1423 2687 ἠ
1453 2615 1658 2670 πλείων
1683 2618 1897 2688 κτῆσις.

328 2703 438 2755 Τοῦ
485 2702 584 2771 μὲν
624 2703 732 2771 γὰρ
782 2704 840 2757 ἐν
884 2706 952 2775 τῇ
982 2705 1179 2775 χρήσει
1210 2704 1273 2760 τὺ
1296 2705 1553 2777 περιττὸν
1581 2706 1863 2777 ἐμποδίζει
1882 2723 1895 2737 ⁸

328 2795 397 2862 τῇ
419 2793 499 2858 δὲ,
530 2794 626 2847 καὶ
650 2793 748 2867 ὅλῃ
780 2794 1017 2865 χρῆσθαι
1048 2796 1191 2850 κατά
1214 2795 1408 2868 καιρὸν
1435 2795 1640 2865 ἔξεστι,
1676 2797 1772 2852 καὶ
1801 2797 1900 2869 μὲ-

334 2899 437 2955 ρει.
1170 2894 1175 2903 ’

400 2978 660 3043 Δημοσθ.
704 3007 775 3018 -
822 2978 1176 3049 Δημοσθένης
1224 2981 1253 3033 ό
1294 2980 1514 3051 ῥήτωρ,
1567 2979 1902 3048 θεασάμενός

330 3079 451 3115 τινα
481 3063 851 3134 ἐκφερόμενον
884 3065 1239 3137 φιλάργυρον,
1271 3065 1401 3136 ἔφη’
1436 3059 1607 3129 υῦτος
1639 3066 1752 3135 βίον
1779 3065 1901 3119 ἀσί-

331 3170 471 3205 ωτον
496 3152 718 3222 βιώσας,
755 3156 965 3226 ἑτέροις
998 3156 1113 3226 βίον
1138 3157 1454 3211 κατέλιπεν.

402 3245 617 3314 Ζημίαν
650 3246 806 3315 αίροῦ
841 3247 1075 3316 μᾶλλον,
1126 3249 1161 3319 ἢ
1194 3248 1386 3318 κέρδος
1412 3249 1665 3321 αίσχρόνο
1714 3251 1777 3303 τὸ
1807 3248 1907 3321 μὲν

333 3336 443 3406 γὰρ
472 3336 620 3402 ἅπαξ
654 3338 713 3390 σὲ
742 3338 995 3409 λυπήσει·
1030 3339 1093 3392 τὸ
1119 3339 1199 3402 δὲ,
1233 3339 1544 3404 διαπαντός.

404 3428 716 3496 Δημοκρίτ.
751 3428 837 3484 ἄλ.
866 3431 1033 3485 Θεοκ.
1060 3459 1130 3470 —
1155 3431 1296 3495 Τοὺς
1326 3432 1558 3497 πολλοὺς
1590 3433 1699 3487 τῶν
1736 3433 1903 3487 πλου-

336 3516 467 3569 σίων
507 3516 697 3584 ἔλεγεν
730 3518 1064 3588 ἐπιτρόπους
1101 3517 1280 3586 εἶναι,
1325 3521 1465 3575 ἀλλὰ
1515 3523 1591 3595 μὴ
1641 3525 1907 3588 δεσπότας

333 3604 446 3657 τῶν
474 3605 796 3675 χρημάτων.

408 3696 748 3763 Πλάτωνος.
778 3728 850 3739 -
879 3698 1071 3764 Ὅστις
1134 3702 1296 3773 σῶμα
1345 3703 1639 3771 θεραπεύει
1676 3704 1738 3759 τὸ
1779 3706 1910 3761 ἐαυ-

336 3785 469 3851 τοῦ,
514 3786 613 3857 οὐχ
654 3787 849 3842 ἐαυτὸν
892 3789 1182 3860 θεραπεύει
1222 3793 1285 3864 (ί)
1314 3809 1328 3825 ο
1369 3795 1519 3859 ὅστις
1545 3795 1603 3849 δὲ
1627 3797 1907 3868 χρήματα,

336 3875 452 3928 οὐθ’
482 3875 696 3941 ἑαυτὸν,
724 3875 852 3931 οὔτε
891 3878 961 3935 τὰ
997 3880 1213 3949 ἑαυτοῦ,
1246 3882 1363 3937 ἀλλ’
1411 3883 1528 3938 ἐστι
1577 3886 1912 3956 πορρωτέρω

336 3966 451 4020 τῶν
474 3966 696 4022 ἐαυτοῦ.

335 4168 407 4249 ιξι
426 4166 513 4249 μὴ
540 4168 606 4221 τὸ
638 4171 846 4249 Me?!
868 4168 950 4249 ᾖς
982 4124 1110 4226 οιίὲ
1127 4124 1539 4249 ..πονηρὸς
1566 4174 1665 4249 ἦν.

340 4238 706 4313 «ἐμαρτυρία
724 4238 901 4313 τοῦτξ
919 4238 1283 4313 {attat-[dtur
1307 4238 1481 4313 ἀφεῖς
1505 4238 1781 4303 ὀνὼπεῖν.

344 4304 424 4358 Τὰ
452 4304 673 4374 δίκαια,
694 4309 801 4363 τοῦ
826 4310 1077 4378 κέρδους
1098 4304 1431 4382 ’διαπαντὸς
1456 4304 1677 4385 δοῦλος
1704 4313 1801 4389 ᾖς.

424 4417 799 4487 Ἀνακρέοντ.
826 4450 897 4461 -
938 4423 1248 4493 ’Δνακρέων
1287 4426 1496 4498 δωρεὰν
1536 4431 1690 4502 παρά
1744 4432 1914 4486 Πολυ-

1997 616 2163 680 vitite,
2196 617 2388 671 turbas
2419 632 2527 671 non
2553 633 2779 687 paucas.

2067 709 2332 763 Hieronis.
2370 739 2439 749 —
2462 709 2599 765 Cum
2630 711 3064 779 vituperaretur,
3087 708 3232 779 quod
3267 723 3393 763 cum
3431 706 3572 761 mul-

1997 807 2082 853 tos
2149 799 2484 853 rhetoricam
2544 798 2873 864 docuisset,
2925 800 3042 867 ipse
3098 808 3288 869 egeret
3332 815 3345 851 :
3382 797 3572 866 Neque

1996 892 2167 955 enim,
2192 891 2391 960 inquit,
2424 906 2524 946 eos
2551 890 2712 945 docui
2734 891 2979 946 avaritia:
3006 890 3249 945 studere.

2066 984 2316 1038 Musouii.
2344 1014 2413 1023 —
2434 982 2608 1039 Croesi
2637 981 2858 1051 quidem
2889 982 3129 1053 Cyrique
3161 980 3452 1035 thesauros
3479 994 3571 1033 ex-

1998 1084 2189 1131 tremte
2250 1075 2593 1145 paupertatis
2641 1073 3061 1138 damnabimus;
3106 1086 3277 1125 unum
3313 1086 3447 1125 vero
3476 1084 3570 1125 so—

1997 1170 2222 1238 lumque
2258 1167 2507 1232 divitem,
2532 1182 2682 1229 cum,
2713 1166 2810 1234 qui
2845 1166 3068 1251 sapiens
3114 1164 3209 1227 sit,
3238 1163 3569 1227 credemus;

1998 1258 2091 1327 qui
2122 1257 2384 1310 nimirum
2413 1258 2613 1327 justam
2644 1254 2848 1323 ubique
2879 1252 3261 1307 sullicientiam
3289 1251 3573 1321 possidere

2000 1349 2194 1418 possit.

2076 1438 2407 1507 Xenophout.
2466 1437 2759 1506 philosOph.
2804 1464 2875 1476 —
2908 1434 3294 1502 Paupertatem
3325 1446 3355 1484 a
3384 1445 3445 1485 se
3475 1428 3576 1483 do-

1999 1538 2142 1584 ctam
2170 1529 2573 1599 philosophiam
2622 1544 2744 1583 csse
2789 1526 3058 1581 dicebat:
3096 1538 3218 1595 quae
3262 1523 3411 1577 enim
3457 1522 3575 1577 hate

1999 1622 2169 1677 verbo
2197 1621 2411 1681 suadet,
2435 1622 2526 1676 illa
2549 1634 2715 1689 opere
2739 1618 2903 1688 cogit.

2072 1714 2368 1767 Multorum
2399 1713 2668 1766 malorum
2728 1714 3108 1779 tegumentum
3143 1715 3231 1761 est
3263 1705 3571 1776 opulentia.

2072 1806 2242 1871 Idem,
2282 1804 2510 1858 divitem
2538 1812 2594 1858 et
2620 1802 2926 1866 indoctum,
2964 1798 3156 1854 sordes
3207 1798 3576 1868 inargentatas

2002 1910 2122 1949 esse
2148 1894 2383 1949 dicebat.

2073 1979 2372 2035 Philistion.
2407 2009 2480 2020 —
2505 1979 2602 2053 νει
2629 1978 2676 2056 si
2710 1976 2885 2033 fueris
2916 1985 3079 2031 terra!
3102 1974 3294 2029 decem
3338 1971 3574 2027 millium

2003 2072 2316 2127 cubitorum
2346 2071 2626 2137 dominus,
2651 2080 2908 2125 mortuus
2940 2062 3266 2121 tamen‘eris
3292 2064 3458 2118 trium
3481 2070 3577 2117 aut

2003 2172 2260 2234 quatuor.

2072 2256 2383 2310 Demonact.
2410 2284 2483 2293 —
2516 2252 2659 2309 Sunt
2682 2250 2907 2321 quidam
2933 2248 3028 2318 qui
3056 2255 3385 2317 praesentem
3407 2244 3576 2299 vitam

2002 2362 2113 2402 non
2139 2346 2352 2411 vivunt,
2381 2343 2478 2400 sed
2511 2358 2706 2414 magno
2729 2357 2788 2396 se
2822 2340 3007 2397 studio
3039 2347 3388 2409 praeparant,
3418 2336 3578 2419 quasi

2003 2435 2166 2488 aliam
2201 2434 2368 2488 vitam
2398 2432 2625 2495 victuri,
2655 2447 2766 2485 non
2798 2430 2980 2486 istam.

2076 2522 2160 2576 Ex
2191 2522 2446 2593 Aristippi
2482 2522 2778 2574 sententiis.
2810 2520 3019 2575 --Non
3051 2528 3113 2575 ut
3140 2518 3578 2574 calceamentum

2006 2614 2184 2683 majus
2236 2613 2430 2667 inutile
2475 2619 2583 2677 est,
2616 2611 2698 2666 sic
2738 2620 2795 2665 et
2841 2611 3082 2680 majores
3139 2608 3348 2664 divitia:
3383 2624 3397 2661 :
3428 2606 3577 2676 quod

2004 2705 2151 2760 enim
2187 2704 2336 2757 illius
2362 2703 2513 2773 justo
2540 2702 2719 2771 majus
2748 2710 2853 2766 est,
2885 2717 3044 2756 usum
3074 2700 3337 2770 impedit;
3369 2698 3581 2753 divitiis

2005 2803 2189 2848 autem
2217 2806 2319 2861 pro
2372 2789 2641 2860 temporis
2680 2789 2900 2859 locique
2932 2788 3144 2843 ratione
3184 2794 3243 2841 et
3277 2783 3578 2841 universim

2007 2885 2087 2940 uti
2116 2884 2267 2949 licet,
2297 2891 2353 2938 et
2373 2883 2428 2938 in
2452 2869 2644 2952 parte.‘

2078 2974 2344 3030 Demosth.
2370 3004 2440 3015 —
2467 2971 2865 3028 Demosthenes
2899 2980 3086 3026 orator
3118 2969 3316 3025 videns
3351 2981 3577 3023 avarum

2008 3067 2301 3137 quemdam
2347 3065 2541 3121 funere
2574 3063 2759 3120 ell‘crri
2789 3063 2948 3128 :Hic,
3002 3062 3218 3132 inquit,
3253 3060 3425 3117 vitam
3466 3074 3580 3115 non

2009 3157 2233 3212 vitalem
2261 3156 2476 3219 vivens,
2519 3156 2643 3210 aliis
2662 3155 2873 3209 victum
2908 3153 3155 3222 reliquit.

2078 3247 2348 3300 Damnum
2404 3246 2578 3315 magis
2641 3252 2838 3314 expete
2900 3248 3073 3312 ‘quam
3103 3251 3264 3312 turpe
3310 3242 3577 3298 lucrum:

2011 3337 2150 3393 illud
2176 3337 2326 3391 enim
2358 3336 2552 3400 semel,
2580 3336 2688 3390 hoc
2711 3350 2931 3404 semper
2952 3335 3246 3389 molestum
3274 3333 3403 3389 erit.

2081 3428 2241 3498 573
2279 3428 2565 3482 Democrit.
2621 3427 2694 3480 al.
2745 3427 2961 3481 Theocr.
2994 3456 3066 3466 —
3108 3425 3309 3481 Multos
3346 3425 3582 3481 divitum

2010 3527 2403 3588 procuratores
2427 3533 2548 3573 esse
2576 3516 2821 3582 dicebat,
2859 3531 2971 3571 non
3005 3525 3189 3570 autem
3218 3516 3582 3589 pecuniarum

2012 3608 2291 3662 dominos.

2080 3697 2345 3752 Platonis.
2387 3694 2585 3761 —Qui
2629 3709 2834 3765 corpus
2867 3704 3065 3761 curat,
3115 3711 3234 3751 rem
3280 3696 3373 3751 ille
3405 3711 3582 3763 suam,

2012 3803 2124 3844 nou
2157 3787 2400 3857 seipsum
2434 3794 2591 3841 curat
2625 3803 2642 3841 :
2671 3786 2765 3856 qui
2792 3795 2978 3841 autem
3002 3787 3289 3857 pecunias,
3321 3802 3501 3856 neque
3524 3801 3585 3842 se

2016 3880 2156 3950 ipse,
2183 3892 2362 3948 neque
2392 3892 2491 3933 sua
2520 3886 2716 3946 curat;
2752 3878 2849 3934 sed
2878 3877 3025 3949 quod
3055 3893 3087 3934 a
3121 3878 3239 3933 suis
3272 3892 3436 3949 quam
3459 3890 3594 3955 pro-

2015 3970 2104 4026 cul
2127 3969 2303 4025 abest.

2685 4073 2909 4153 Diphili.

2015 4170 2074 4227 Si
2107 4187 2261 4243 nemo
2290 4172 2571 4242 acciperet,
2604 4172 2785 4227 uultus
2810 4171 3078 4243 improbus
3094 4182 3227 4227 esset

2014 4242 2257 4311 Avaritia
2288 4245 2397 4296 haec
2420 4251 2518 4305 est,
2549 4258 2667 4296 cum
2699 4242 2895 4297 omisso
2912 4250 3150 4311 spectare

2017 4310 2147 4376 Qui:
2164 4313 2309 4383 juris
2333 4322 2475 4377 sunt,
2506 4311 2639 4367 lucri
2665 4323 2915 4383 perpetuo
2930 4310 3112 4367 servus
3145 4328 3219 4367 es.

2082 4424 2406 4479 Anacreont.
2442 4454 2515 4467 —-
2541 4425 2834 4480 Anacreon
2865 4440 2993 4479 cum
3022 4425 3170 4480 dono
3208 4423 3514 4495 accepisset
3553 4441 3584 4480 a

338 4507 577 4577 κράτους
629 4507 810 4562 λαϐὼν
856 4510 1018 4567 πέντε
1054 4514 1328 4582 τάλαντα,
1366 4517 1442 4582 ὡς
1475 4520 1793 4590 ἐφρόντισεν
1826 4524 1914 4577 ἐπ’
1945 4512 2015 4569 οἶ

1905 4512 2297 4587 'DPolycrate
2353 4516 2601 4586 quinque
2656 4517 2897 4583 talenta;
2928 4530 3205 4587 unamque
3252 4526 3311 4572 et
3355 4516 3582 4573 alteram

338 4599 523 4663 αὐτοῖς
566 4600 709 4655 δυοῖν
738 4606 976 4671 νυκτοῖν,
1011 4607 1295 4662 ἀπέδωκεν
1315 4610 1477 4677 αὐτὰ,
1511 4614 1705 4681 είπὼν,
1739 4616 1801 4669 οὐ
1832 4634 1915 4671 τι-

341 4689 550 4760 μᾶσθαι
578 4708 602 4746 ο
622 4690 721 4746 ὺτά
747 4696 846 4765 τῆς
867 4695 954 4748 ἐπ’
976 4695 1160 4762 αὐτοῖς
1188 4699 1489 4771 φροντίδος.

424 4864 719 4935 Ἰσοκράτ.
744 4896 814 4910 -
841 4868 991 4941 Τίμα
1026 4870 1126 4942 τὴν
1172 4870 1524 4943 ὑπάρχουσαν
1552 4874 1743 4929 οὐσίαν
1770 4875 1918 4931 δυοῖν

337 4958 532 5027 ἕνεκα,
561 4961 656 5015 τοῦ
689 4980 748 5015 τε
772 4963 977 5034 ζημίαν
1025 4965 1272 5037 μεγάλην
1298 4966 1499 5039 ῥᾳδίως
1529 4968 1767 5036 ἐκτῖσαι,
1813 4971 1910 5024 καὶ⁵

336 5044 419 5116 τῷ
452 5045 591 5116 φίλῳ
628 5049 898 5122 σπουδαίῳ
942 5051 1291 5123 δυστυχοῦντι
1336 5054 1599 5128 βοηθῆσαι
1632 5071 1648 5087 ⁸
1680 5058 1818 5129 πρὸς
1855 5059 1909 5112 δὲ

2011 4614 2231 4661 noctem
2259 4621 2453 4661 eorum
2486 4606 2759 4661 sollicitus
2793 4608 3018 4676 egisset,
3047 4607 3167 4677 ipsa
3196 4606 3471 4671 reddidit,
3496 4607 3584 4662 di-

2013 4710 2165 4759 cens,
2202 4710 2312 4749 non
2343 4710 2483 4750 seca
2512 4696 2650 4751 tanti
2689 4696 2983 4762 aestimare,
3009 4706 3215 4767 quanta
3245 4697 3355 4754 illis
3384 4699 3587 4754 sollici-

2014 4785 2148 4840 tudo
2173 4800 2360 4841 comes
2379 4786 2471 4841 sit.
3307 4846 3309 4849 .

2086 4876 2357 4931 Isocratis.
2377 4879 2693 4934 —Duabus
2726 4895 2794 4936 ex
2834 4880 3017 4936 causis
3037 4880 3399 4936 substantiam
3435 4889 3583 4939 tuam

2015 4970 2195 5041 magni
2223 4971 2433 5026 :estima
2456 5013 2471 5037 ,
2513 4982 2574 5027 ut
2606 4983 2664 5030 et
2696 4975 2972 5046 ingentem
2998 4976 3158 5033 facile
3187 4979 3455 5049 iacturam
3500 4994 3587 5034 re-

2020 5062 2245 5125 sarcias,
2275 5068 2333 5118 et
2368 5062 2547 5118 amico
2576 5065 2693 5121 viro
2733 5066 3003 5134 studioso,
3056 5084 3165 5124 non
3218 5085 3372 5140 aequa
3402 5067 3582 5125 utcuti

1857 5214 2086 5273 ΝΟΤΑΞ.

421 5317 507 5391 (ί)
544 5316 615 5398 Ζςὸ
672 5318 910 5398 ἑαυτοῆ,
952 5321 1065 5390 οὐχ
1116 5321 1333 5398 ἐαρτὸν
1386 5327 1715 5398 θεραπεύει.
1758 5328 1917 5385 Clara

340 5388 645 5469 sententia,
678 5388 920 5469 Platonis
946 5388 1255 5469 praesertim
1287 5388 1476 5469 sensu,
1509 5397 1598 5450 cui
1629 5405 1776 5453 totus
1813 5400 1912 5453 ho-

338 5472 436 5512 mo
476 5465 597 5510 erat
651 5461 852 5536 anima,
888 5474 1025 5536 non_
1056 5461 1173 5536 ipse
1227 5477 1293 5516 ex
1340 5466 1521 5536 anima
1568 5476 1830 5523 constans
1863 5478 1919 5523 et

340 5540 602 5603 corpore,
627 5529 705 5579 uti
735 5542 793 5581 se
821 5543 912 5583 res
938 5529 1107 5586 habet
1156 5533 1235 5603 in;
1256 5534 1383 5586 navi
1427 5543 1485 5588 et
1506 5536 1912 5603 gubernatore:

342 5610 473 5651 cum
507 5602 689 5650 tamen
711 5611 911 5671 corpus
933 5615 1029 5671 res
1054 5601 1274 5671 proprie
1310 5601 1552 5659 hominis
1600 5616 1750 5661 esset
1787 5616 1844 5662 et
1885 5624 1914 5663 a

343 5673 568 5747 statura,
602 5666 758 5747 quasi
782 5667 894 5747 Deo
932 5669 1010 5747 il_li
1055 5666 1177 5747 ejus
1204 5681 1448 5747 auctore,
1498 5675 1564 5729 ad
1613 5677 1916 5747 expiandas

344 5735 403 5814 ip
426 5734 534 5814 .illo
568 5734 691 5787 vita:
708 5738 1009 5814 superioris
1027 5734 1237 5814 culpas.
1264 5734 1702 5814 Quem'errorem
1728 5763 1796 5801 ex
1821 5748 1915 5801 illo

343 5803 616 5875 Origenes
642 5803 921 5864 mutuatus
939 5817 1046 5864 est.
1072 5803 1323 5867 Absurde
1337 5813 1614 5872 Gesucrus
1633 5832 1912 5888 sensuque

2025 5331 2326 5406 contrario,
2349 5335 2608 5404 omnique
2629 5334 2924 5391 Platonica:
2936 5335 3295 5406 philosophia
3306 5336 3544 5393 adverso
3566 5355 3581 5393 :

2028 5400 2128 5465 Qui
2158 5417 2348 5475 corpus
2383 5400 2556 5467 curnt,
2593 5406 2637 5457 is
2688 5421 2793 5458 non
2826 5400 2951 5458 rem'
2982 5400 3169 5469 suam;
3214 5406 3305 5475 sed
3358 5408 3586 5475 seipsum

2026 5479 2211 5545 curat.
2233 5472 2409 5527 Etiam
2441 5475 3103 5545 ecclesiasticeuAugust.
3134 5475 3170 5528 l.
3204 5474 3279 5528 De
3334 5472 3460 5528 cura
3489 5492 3587 5543 pro

2018 5544 2239 5617 mortuis
2270 5544 2532 5617 habenda,
2564 5543 2694 5597 hinc
2719 5543 2975 5617 fidelium;
2994 5545 3254 5617 pietatem
3287 5558 3586 5617 commen-

2016 5610 2130 5671 dat,
2172 5612 2437 5684 curandis
2481 5628 2718 5684 suorum»
2773 5610 3095 5676 funeribus;
3156 5612 3302 5684 quod
3359 5612 3581 5667 illorqu

2014 5682 2245 5752 corpOra
2265 5697 2457 5735 eorum
2477 5692 2681 5745 essent,
2707 5682 2865 5752 longe
2891 5683 2957 5738 iis
2982 5682 3383 5751 conjunctiora,
3418 5697 3583 5750 quam

2013 5750 2222 5816 reliqua
2270 5753 2477 5815 omnia,
2525 5768 2647 5821 qua:
2693 5750 2941 5810 exterius
3008 5750 3368 5817 adhibentur,
3415 5765 3581 5807 orna-

2014 5829 2219 5887 menta,
2242 5821 2433 5889 vestis,
2465 5823 2726 5888 annulus,
2758 5830 2863 5876 etc.
