4246 6438
727 410 830 473 883

1845 406 1905 463 S.
1948 404 2233 463 MAXIMI
2274 402 2785 468 CONFESSORIS

3890 413 3994 476 804

728 523 970 586 fortuna,
1000 523 1118 593 ejus
1144 518 1490 589 pncstatione
1520 516 1813 572 subvenias
1846 516 1946 571 :ad
1975 518 2101 570 vitzc
2116 525 2299 571 autem

2404 518 2494 569 τὸν
2522 518 2716 588 ἄδηλον
2740 522 2853 591 βίον
2888 524 3055 595 μηδὲν
3088 525 3555 595 ὑπερϐαλλόντως,
3591 525 3728 579 ἀλλά
3755 526 3989 596 μετρίως

730 616 1023 678 incertum,
1060 613 1197 666 nihil
1248 610 1543 665 admodum
1566 648 1581 673 ,
1614 608 1710 663 sed
1754 608 2035 663 moderate
2072 622 2195 661 eam
2221 605 2305 660 di-

729 704 889 773 ligas.

802 793 1173 848 l’rrcsentibus
1190 799 1489 846 contentus
1517 798 1657 852 esto,
1676 798 1733 844 et
1759 789 1946 843 futura
1977 786 2229 858 quaerito.

1316 931 1547 987 SERMO
1588 932 1729 986 XIII.

860 1047 937 1101 De
968 1048 1163 1100 virtute
1192 1062 1296 1114 qua
1337 1047 1453 1114 quis
1489 1047 1640 1099 rebus
1663 1048 1769 1099 suis
1791 1053 2063 1098 contentus
2095 1053 2191 1099 est.

800 1160 923 1213 Luc.
953 1178 1047 1222 xu,
1088 1160 1175 1213 2‘2.
1212 1187 1280 1199 -
1310 1158 1495 1212 Nolite
1545 1159 1767 1213 solliciti
1810 1174 1932 1213 esse
1979 1160 2175 1213 animae
2218 1174 2313 1213 ve-

726 1263 855 1307 strae
890 1252 1021 1321 quid
1064 1250 1429 1312 manducetis,
1466 1264 1647 1319 neque
1686 1250 1902 1318 corpori
1930 1257 2141 1315 vestro,
2173 1250 2310 1319 quid

731 1342 1063 1396 induamini.

797 1432 1029 1500 Philipp.
1062 1446 1134 1493 tv,
1164 1431 1253 1493 ll,
1282 1432 1369 1483 l2.
1397 1461 1468 1469 —
1490 1430 1602 1499 Ego
1631 1428 1823 1491 didici,
1854 1429 1910 1483 in
1938 1430 2007 1484 iis
2032 1430 2090 1485 in
2109 1429 2311 1499 quibus

724 1535 947 1580 versor,
1000 1518 1278 1573 sulliciens
1317 1532 1459 1571 esse.
1507 1517 1631 1571 Seio
1662 1530 1718 1573 ct
1766 1518 2066 1585 humiliari,
2101 1521 2218 1575 scio
2256 1530 2312 1575 et

725 1610 1011 1664 abundare
1044 1628 1057 1662 :
1089 1611 1292 1679 ubique
1335 1620 1391 1663 ct
1432 1610 1486 1663 in
1517 1611 1778 1665 omnibus
1824 1611 2114 1666 institutus
2149 1628 2305 1677 sum;

724 1710 782 1755 et
806 1702 1019 1764 satiari,
1068 1710 1124 1755 et
1180 1702 1426 1764 esurire;
1462 1710 1518 1755 et
1566 1702 1870 1765 abundare,
1913 1712 1970 1756 et
2019 1704 2307 1772 penuriam

2408 608 2579 669 αὐτὴν
2602 612 2811 674 ἀγάπα.

2483 787 2687 861 Στέργε
2720 790 2818 861 μὲν
2840 793 2905 846 τά
2931 793 3177 864 παρόντα
3198 810 3211 822 ·
3251 794 3403 864 ζήτει
3436 793 3493 846 δὲ
3524 793 3593 846 τὰ
3629 792 3914 863 μέλλοντα.

2973 936 3193 990 ΛΟΓΟΣ
3239 936 3318 989 II"
3358 936 3427 988 “.

2929 1050 3069 1117 Περὶ
3101 1050 3477 1118 αὐταρκείας.

2484 1168 2671 1216 Λουκ.
2705 1163 2868 1217 (62-
2890 1158 3057 1217 Εῐπεν
3089 1164 3117 1215 ὁ
3147 1164 3350 1233 Κύριος
3395 1164 3485 1233 Μὴ
3515 1164 3890 1234 μεριμνήσητε
3920 1168 3989 1236 τῇ

2408 1252 2554 1324 ψυχῇ
2596 1254 2750 1325 ὑμῶν
2778 1255 2830 1309 τί
2873 1256 3108 1327 φάγητε,
3150 1256 3285 1327 μηδὲ
3328 1256 3406 1326 τῷ
3468 1256 3681 1326 σώματι
3732 1256 3885 1326 ὑμῶν
3936 1257 3991 1309 τί

2409 1344 2727 1414 ἐνδύσησθε.

2467 1436 2798 1501 Φιλιππησ.
2818 1432 2963 1488 δ’.-
2977 1434 3118 1503 Ἐγὼ
3136 1435 3358 1505 ἔμαθον,
3378 1435 3436 1487 έν
3451 1432 3534 1498 οἷς
3553 1437 3689 1506 εἰμὶ,
3708 1437 3990 1506 αὐτάρκης

2408 1519 2571 1578 εἶναι.
2593 1518 2724 1579 Οἶδα
2750 1526 2843 1578 καὶ
2881 1526 3287 1590 ταπεινοῦσθαι,
3318 1520 3435 1580 οῖδα
3465 1528 3558 1579 καὶ
3588 1526 3938 1597 περισσεύειν
3970 1543 3987 1558 '

2407 1616 2465 1667 έν
2493 1616 2655 1669 παντὶ
2686 1616 2781 1669 καὶ
2818 1618 2875 1669 ὲν
2904 1617 3039 1670 πᾶσι
3086 1617 3375 1688 μεμύημαι
3408 1634 3423 1649 ο
3472 1618 3570 1670 καὶ
3599 1618 3984 1688 χορτάζεσθαι,

2408 1706 2503 1758 καὶ
2526 1708 2716 1777 πεινᾷν
2736 1724 2749 1736 '
2774 1708 2869 1761 καὶ
2892 1709 3264 1779 περισσεύέιν,
3281 1709 3378 1760 καὶ
3405 1708 3772 1779 ὑστερεῖσθαι.
3804 1709 3998 1763 Πάντα·

724 1793 860 1862 pati.
920 1793 1114 1847 Omnia
1173 1808 1399 1862 possum
1468 1793 1524 1847 in
1554 1809 1660 1859 eo,
1708 1794 1802 1862 qui
1861 1808 1948 1849 me
2004 1764 2302 1860 confortat,

2412 1797 2580 1867 ίσχύω
2612 1764 2672 1851 ὲν
2690 1798 2769 1868 τῷ
2800 1764 3183 1870 ἐνδυναμοῦντί
3325 1764 3566 1872 Χριστιῖί.

724 1886 965 1941 Christo.

796 1978 954 2032 Prov.
983 1995 1109 2041 xxx,
1139 1978 1190 2031 8.
1220 2008 1289 2017 —
1308 1978 1538 2032 Divitias
1559 1986 1616 2031 et
1639 1986 2017 2048 paupertatem
2040 1991 2111 2032 ne
2134 1975 2306 2032 dede-

726 2071 802 2125 ris
838 2071 996 2133 mihi,
1040 2069 1300 2134 Domine;
1340 2070 1436 2124 scd
1471 2071 1604 2124 mihi
1637 2072 1913 2125 constitue
1952 2086 2075 2141 quae
2119 2086 2307 2125 neces-

724 2162 867 2214 saria
898 2171 1029 2215 sunt
1059 2171 1115 2215 et
1145 2161 1420 2216 sulliciant
1442 2202 1457 2225 ,
1505 2178 1576 2215 ne
1609 2162 1749 2215 forte
1795 2162 2027 2216 satiatus
2071 2163 2306 2217 mendax

725 2251 1003 2316 inveniar,
1052 2262 1109 2306 et
1161 2252 1341 2307 dicam
1383 2270 1397 2304 :
1427 2251 1561 2317 Quis
1595 2267 1680 2306 me
1711 2252 1904 2306 videt?
1928 2261 2025 2306 aut
2058 2261 2305 2322 egestate

722 2342 1042 2411 compulsus
1060 2342 1229 2407 furer,
1256 2351 1312 2395 ct
1341 2342 1521 2411 iurem
1543 2357 1743 2396 nomen
1778 2343 1895 2396 Dei.

794 2431 962 2486 Eccli.
996 2448 1079 2493 χι,
1110 2430 1192 2482 l8.
1218 2460 1288 2468 —
1315 2430 1458 2493 Vita,
1490 2446 1596 2498 qua
1633 2432 1741 2484 sibi
1784 2432 2064 2487 sufﬁciens
2112 2448 2303 2502 opera-

723 2521 842 2576 rius
870 2529 975 2583 est,
1006 2519 1518 2575 condulcorabitur.

798 2610 966 2664 Eccli.
1000 2626 1147 2674 χχχι,
1185 2609 1274 2665 24.
1297 2608 1621 2663 —Somnus
1648 2609 1903 2665 sanitatis
1934 2611 1992 2664 in
2027 2610 2305 2669 intestinis

722 2700 1047 2757 moderatis.

793 2791 1005 2846 Basilii.
1035 2791 1256 2857 —-Qll:B
1302 2791 1508 2845 animal
1556 2790 1861 2857 dispensat,
1913 2792 2108 2857 virtus,
2156 2794 2304 2862 quod

725 2884 1066 2937 sutiicicntia:
1100 2883 1171 2937 sit
1206 2898 1265 2935 ac
1290 2883 1559 2936 tenuioris
1598 2884 1780 2937 victus
1806 2882 1965 2938 facile
1990 2885 2302 2954 digesserit,

724 2987 792 3029 ac
821 2974 1068 3039 animali,
1098 2972 1245 3040 quod
1277 2973 1543 3037 nutritur,
1576 2973 1913 3026 conveniens
1942 2982 2109 3042 atque
2146 2974 2303 3030 aliine

2478 1974 2723 2041 ΙΙαροιμ.
2764 1976 2838 2028 λ’.
2867 2002 2935 2013 -
2972 1973 3206 2026 Πλοῦτον
3232 1974 3327 2026 καὶ
3370 1974 3563 2026 πενίαν
3603 1974 3676 2042 μή
3736 1988 3827 2041 μοι
3872 1972 3983 2038 δὸς,

2408 2061 2578 2131 Κύριε
2612 2078 2625 2090 ο
2651 2062 2911 2129 σύνταξον
2935 2064 2989 2117 δέ
3020 2082 3107 2132 μοι
3134 2065 3203 2118 τὰ
3233 2066 3422 2118 δέοντα
3469 2064 3562 2117 καὶ
3610 2064 3680 2117 τὰ
3710 2063 3984 2134 αὑτάρκη,

2407 2154 2494 2205 ἴνα
2526 2154 2601 2224 μὴ
2633 2154 2893 2224 πλησθεὶς
2924 2156 3125 2224 ψευδὴς
3165 2156 3430 2226 γένωμαι,
3464 2159 3559 2208 καὶ
3594 2156 3755 2209 εἴπω·
3794 2154 3891 2219 Τίς
3920 2172 3989 2224 με

2405 2244 2527 2314 ὁρᾷ,
2591 2244 2624 2314 ἢ
2677 2246 2932 2315 πενηθεὶς
2979 2246 3162 2315 κλέψω
3219 2246 3317 2306 (ml
3376 2246 3470 2299 καὶ
3515 2246 3702 2314 ὀμόσω
3729 2244 3789 2297 τὸ
3819 2244 3992 2314 ὄνομα

2406 2336 2499 2388 τοῦ
2535 2336 2692 2394 Θεοῦ.

2476 2430 2660 2499 Σιράχ
2701 2430 2781 2499 μ’.
2836 2463 2907 2472 -
2939 2431 3063 2503 Ζωὴ
3101 2433 3437 2503 αὐταρκείας
3486 2431 3721 2504 ἐργάτου
3750 2431 3991 2498 γλυκαν-

2404 2518 2648 2589 θήσεται.
3250 2540 3253 2545 ·

2475 2610 2659 2680 Σιράχ
2690 2608 2768 2665 .l'.
2798 2642 2868 2651 -—
2895 2612 3105 2674 ’Ύπνος
3134 2612 3322 2679 ὑγείας
3344 2610 3435 2663 ἐπὶ.
3452 2610 3688 2680 ἐντέρων
3732 2607 3988 2681 μετρίων.

2476 2793 2824 2847 Βασιλείαν.
2858 2821 2930 2833 -
2978 2792 3042 2844 Ἣ
3078 2790 3438 2860 οἱκονομοῦσα
3474 2789 3534 2842 τὸ
3566 2788 3706 2852 ζῶον
3738 2787 3989 2858 δύναμις,

2406 2884 2742 2955 αὑταρκείαν
2784 2884 2882 2955 μὲν
2929 2885 3025 2938 καὶ
3074 2885 3331 2953 λιτότητα
3362 2884 3557 2954 ῥᾳδίως
3607 2882 3992 2951 κατεργάσατο

2406 2975 2502 3027 καὶ
2530 2975 2773 3045 ᾠκείωσε
2826 2974 2904 3044 τῷ
2957 2974 3317 3045 τρεφομένῳο
3372 2972 3730 3026 πολυτέλειαν
3789 2971 3845 3023 δὲ
3892 2971 3993 3022 καὶ

726 3066 1033 3122 reddiderit
1070 3084 1084 3118 :
1122 3066 1270 3118 lauto
1303 3064 1467 3136 574.
1512 3080 1643 3118 vero
1688 3075 1955 3134 apparatu
1988 3067 2303 3137 diversique

2409 3066 2681 3121 ποικιλίαν
2715 3067 3021 3137 βρωμάτων
3065 3066 3495 3136 παραλαόοῦσα,
3547 3061 3667 3117 εἶτα
3718 3064 3996 3131 ἀντισχεῖν

725 3158 943 3226 generis
970 3156 1269 3225 assumptis
1297 3156 1455 3221 cibis,
1484 3164 1710 3224 tumque
1746 3157 1799 3208 itt
1842 3158 2003 3211 linem
2056 3173 2163 3211 non
2211 3175 2307 3215 va-

724 3247 845 3303 lens
881 3248 1173 3311 obsistere,
1206 3248 1355 3300 varia
1378 3248 1693 3301 morborum
1718 3264 1915 3317 genera
1947 3248 2095 3303 facit.

800 3339 1061 3409 Theologi.
1094 3369 1167 3378 —
1194 3339 1419 3392 Praestat
1468 3338 1627 3406 longe
1660 3353 1832 3405 pauca
1863 3338 2002 3393 bene
2047 3340 2277 3395 honeste

725 3442 835 3499 que
871 3428 1095 3490 habere,
1134 3442 1298 3496 quam
1334 3426 1503 3479 multa
1527 3426 1688 3480 male.

800 3518 1070 3588 Chrysost.
1104 3548 1175 3557 —-
1215 3518 1331 3571 Non
1387 3518 1478 3570 ille
1530 3517 1686 3571 dives
1737 3528 1845 3579 est,
1899 3518 1992 3586 qui
2034 3519 2203 3573 multa
2252 3520 2306 3573 in

725 3624 895 3663 censu
921 3609 1106 3671 habet,
1146 3608 1239 3661 sed
1276 3608 1368 3675 qui
1402 3607 1755 3674 paucioribus
1786 3617 1926 3675 eget.

796 3698 876 3752 Ad
905 3698 1033 3767 justi
1064 3712 1195 3750 usus
1216 3696 1560 3765 compendia,
1593 3695 1809 3759 fratres,
1838 3711 1947 3749 non
1970 3697 2037 3749 ad
2056 3698 2301 3767 volupta-

726 3799 838 3847 tem
870 3790 980 3843 vita
1018 3787 1408 3842 contribuitur.
1442 3786 1598 3852 Quod
1648 3786 1814 3855 igitur
1868 3794 2077 3840 natum
2112 3802 2305 3857 supcr-

726 3882 896 3939 ﬂuum
924 3890 1010 3936 est
1054 3887 1419 3949 amputantes,
1446 3876 1593 3946 quod
1643 3877 2012 3930 necessarium
2046 3887 2132 3934 est
2163 3879 2300 3933 asci-

725 3990 913 4032 scamu
928 3989 973 4028 S.

796 4062 925 4118 Nili.
974 4092 1040 4101 —
1073 4061 1286 4114 Bonum
1341 4068 1427 4113 est
1479 4058 1624 4113 intra
1672 4059 2011 4114 necessitatis
2058 4075 2115 4113 se
2170 4060 2306 4115 ﬁnes

724 4154 1045 4216 continere,
1103 4167 1167 4205 ac
1210 4166 1279 4204 ne
1324 4149 1431 4203 hoc
1477 4148 1809 4203 excedamus
1838 4152 2051 4205 cunctis
2095 4151 2306 4205 viribus

725 4244 1084 4301 contendere.
1104 4243 1236 4297 Nam
1266 4241 1311 4295 si
1339 4240 1465 4309 quis
1488 4240 1574 4294 vel
1604 4238 1878 4293 modicum
1905 4255 2001 4310 per
2029 4240 2303 4309 cupidita-

727 4349 836 4392 tem
880 4335 945 4389 ad
1002 4334 1126 4387 vitae
1180 4332 1413 4385 delicias
1467 4330 1710 4384 animum
1747 4328 2070 4394 deﬂexerit,
2122 4332 2305 4386 nullus

725 4426 991 4492 deinceps
1020 4421 1319 4491 quominus
1353 4420 1588 4474 ulterius
1632 4420 2020 4491 progrediatur
2047 4436 2304 4476 coercere

724 4515 951 4587 poterit.

797 4603 1167 4659 Possessionis
1191 4603 1466 4671 iustaeque
1509 4600 1830 4655 substantia:
1872 4600 2087 4659 modus.
2114 4616 2306 4655 neces-

724 4694 901 4749 sarius
926 4701 1012 4745 est
1046 4690 1296 4760 corporis
1342 4705 1472 4742 usus
1498 4709 1511 4741 ;
1534 4704 1696 4757 quem
1727 4704 2011 4757 superare,
2063 4689 2305 4744 dedecus

724 4795 809 4839 cst
839 4793 894 4837 et
938 4783 1177 4844 luxuria,
1210 4796 1324 4834 non
1373 4780 1607 4848 amplius
1655 4780 2001 4833 necessarius
2049 4794 2200 4833 usus.
2234 4779 2305 4834 Ut

724 4876 871 4931 enim
911 4874 1095 4927 tunica
1125 4870 1195 4925 ad
1224 4870 1475 4939 corporis
1506 4868 1790 4923 modulum
1818 4876 2000 4937 aptata
2029 4876 2142 4921 tum
2172 4870 2298 4923 usui

724 4974 832 5027 est,
873 4974 989 5019 tum
1039 4972 1367 5017 ornamento
1410 4961 1586 5026 cedit;
1632 4976 1754 5030 qua:
1816 4969 2001 5015 autem
2057 4960 2303 5030 undique

724 5056 924 5111 dilIIttit
964 5067 1019 5108 ct
1067 5052 1302 5122 pedibus
1332 5051 1685 5119 implicatur,
1734 5050 1995 5119 humique
2046 5050 2306 5105 indecore

726 5148 985 5208 trahitur,
1014 5142 1284 5213 quidquid
1318 5142 1499 5210 operis
1530 5141 1874 5211 aggrediaris
1910 5141 2307 5210 impedimento

638 5240 643 5245 ’
724 5237 941 5291 exsistit
964 5253 975 5287 :
1000 5235 1080 5287 sic
1110 5232 1387 5303 possessio
1425 5248 1488 5285 ac
1520 5232 1851 5296 substantia,
1888 5249 2009 5301 quze
2052 5250 2306 5289 necessa-

728 5330 867 5382 rittttt
906 5343 1063 5379 usum
1089 5324 1340 5394 corporis
1367 5325 1734 5393 excedit.:tutn
1764 5327 1953 5380 virtuti
1979 5325 2168 5392 oilicit,
2193 5336 2306 5381 tum

2412 3159 2547 3227 πρὸς
2574 3159 2634 3211 τὸ
2663 3159 2833 3229 πέρας
2876 3159 2977 3212 οὑκ
3029 3159 3407 3229 ὲπαρκέσασα,
3458 3157 3526 3211 τὰ
3579 3154 3799 3210 ποικίλα
3854 3154 3994 3223 γένη

2408 3251 2516 3302 τῶν
2540 3252 2864 3319 νοσημάτων
2894 3249 3216 3319 πεποίηκεν.

2479 3342 2796 3408 Θεολότου.
2826 3370 2898 3380 --
2920 3341 2995 3393 Τὸ
3030 3339 3209 3401 καλῶς
3236 3339 3381 3408 ἔχειν
3413 3339 3588 3406 ὀλίγα,
3620 3336 3753 3390 πολὺ
3787 3334 3989 3406 τιμιώ-

2407 3448 2567 3498 τερον
2595 3430 2690 3484 τοῦ
2724 3432 2911 3493 κακῶς
2937 3431 3082 3500 ἔχειν
3108 3429 3296 3483 πολλὰ.

2482 3523 2782 3588 Χρυσοστ.
2810 3552 2881 3561 --
2905 3522 2978 3573 Οὐ
3019 3519 3274 3582 πλούσιός
3310 3520 3457 3572 ἐστιν
3495 3519 3721 3583 ἐκεῖνος,
3753 3516 3783 3569 ὁ
3815 3514 3993 3569 πολλὰ

2408 3612 2766 3680 κεκτημένος,
2804 3610 2917 3663 ἀλλ’
2950 3612 2979 3662 ὁ
3013 3611 3087 3680 μὴ
3115 3610 3323 3663 πολλῶν
3356 3610 3629 3678 δεόμενος.

2484 3701 2625 3771 Πρὸς
2656 3702 2867 3771 χρείαν,
2909 3700 3150 3768 ἀδελφοὶ,
3182 3700 3244 3752 οὑ
3269 3699 3402 3769 πρὸς
3422 3699 3616 3769 ἡδονὴν
3646 3701 3679 3769 ἠ
3706 3697 3818 3768 ζωὴ
3848 3713 3991 3766 συμ-

2410 3794 2709 3864 μετρεῖται.
2745 3792 2819 3845 Τὸ
2848 3788 2941 3845 οὖν
2984 3782 3240 3862 περιττὸν
3262 3794 3362 3860 τῆς
3389 3790 3603 3859 φύσεως
3632 3788 3985 3860 ἀποθέμενοι,

2404 3885 2465 3937 τὸ
2486 3885 2784 3953 ἀναγκαῖον
2816 3885 2976 3954 μόνον
3006 3882 3405 3954 ἀσπασώμεθα.

2476 4062 2715 4114 Νείλου.
2740 4090 2797 4099 -
2829 4059 3009 4113 Καλὸν
3041 4062 3153 4122 τοῖς
3184 4059 3331 4129 ὅροις
3358 4060 3455 4128 τῆς
3483 4057 3669 4127 χρείας
3698 4055 3986 4124 ἐμμένειν,

2407 4153 2498 4205 καὶ
2532 4151 2854 4219 φιλονεικεῖν
2891 4151 3038 4219 πάσῃ
3068 4150 3298 4219 δυνάμει
3337 4150 3563 4209 τούτους
3610 4145 3683 4214 μὴ
3718 4142 3988 4213 ὑπερϐαί-

2406 4257 2539 4293 νειν.
2583 4239 2708 4291 Ἐἀν
2738 4238 2846 4307 γὰρ
2872 4238 3053 4305 ὀλίγον
3085 4236 3397 4307 παρενεχθῇ
3427 4251 3508 4296 τις
3544 4233 3651 4286 ἀπὸ
3708 4234 3807 4301 τῆς
3856 4234 3985 4283 ἐπι-

2407 4329 2607 4399 θυμίας
2632 4329 2725 4381 ὲπὶ
2752 4329 2823 4381 τὰ
2848 4328 2984 4396 ἡδέα
3023 4327 3117 4380 τοῦ
3166 4328 3306 4397 βίου,
3347 4326 3521 4389 οὐδεὶς
3567 4324 3750 4378 λοιπὸν
3795 4325 3989 4392 ἵστησι

2336 4407 2380 4461 ι)
2406 4422 2507 4492 τὴν
2532 4420 2626 4473 ἐπὶ
2644 4419 2712 4473 τὰ
2730 4419 2922 4489 πρόσω
2948 4419 3141 4489 φοράν.

2472 4600 2688 4669 Μέτρον
2720 4596 2970 4667 κτήσεώς
3003 4597 3152 4647 ἐστιν
3183 4596 3215 4664 ἡ
3255 4594 3415 4664 χρεία
3443 4593 3535 4646 τοῦ
3571 4592 3821 4661 σώματος
3849 4604 3866 4619 ⁸
3919 4590 3993 4643 τὺ

2399 4691 2454 4744 δὲ
2480 4691 2684 4760 ταύτην
2723 4688 3071 4759 ὑπερϐαίνειν
3098 4686 3339 4756 ἀκοσμία
3386 4684 3592 4748 λοιπὸν,
3646 4682 3742 4735 καὶ
3793 4682 3991 4736 οὑκέτι

2400 4781 2559 4852 χρεία
2587 4782 2755 4835 ἐστίν.
2800 4782 2888 4843 Ὠς
2914 4780 3023 4850 γάρ
3048 4780 3076 4831 ὁ
3106 4776 3637 4848 συμμεμετρημένος
3658 4774 3736 4844 τῷ
3761 4774 3994 4844 σώματι

2407 4873 2598 4941 χιτὼν,
2635 4872 2731 4924 καὶ
2764 4869 2924 4941 χρεία
2949 4871 3064 4923 ἐστὶ
3096 4868 3192 4922 καὶ
3222 4868 3426 4937 κόσμος
3457 4884 3472 4899 ·
3527 4869 3555 4919 ὁ
3594 4866 3653 4919 δὲ
3714 4865 3995 4917 πάντοθεν

2409 4962 2718 5035 περιρρέων
2743 4962 2974 5023 καὶτοῖς
3014 4959 3172 5013 ποσὶν
3207 4958 3637 5029 ὲμπλεκόμενος,
3670 4956 3765 5008 καὶ
3806 4957 3872 5025 τῇ
3909 4958 3995 5025 τῇ

2410 5055 2549 5123 μετά
2587 5052 2682 5106 τοῦ
2727 5050 3008 5122 ἀπρεποῦς
3056 5051 3473 5122 ἐπισυρόμενος,
3528 5048 3787 5118 ἐμπόδιον
3843 5049 3996 5116 πρὸς

2407 5146 2589 5198 πᾶσαν
2618 5137 2878 5215 ἐργασίαν
2904 5144 3114 5211 γίνεται
3146 5159 3158 5172 ο
3184 5142 3355 5204 οὑτως
3382 5142 3418 5208 ἠ
3450 5139 3858 5209 ὑπερϐαίνουσα
3879 5140 4002 5205 τὴν

2406 5236 2500 5288 τοῦ
2551 5234 2801 5304 σώματος
2839 5234 3028 5303 χρείαν
3057 5236 3272 5304 χρῆσις,
3313 5233 3409 5284 καὶ⁵
3457 5230 3591 5301 πρὸς
3637 5230 3737 5298 τὴν
3778 5229 4001 5297 ἀρετήν

2409 5331 2556 5380 ἐστιν
2612 5326 2891 5397 ἐμπόδιον,
2939 5326 3034 5379 καὶ
3068 5324 3270 5396 nom}!
3306 5325 3419 5393 ἔχει
3451 5322 3794 5389 κατάγνωσιν
3826 5317 3999 5389 παρὰ

2010 5440 2249 5496 νΑῐιιίΕ
2293 5441 2695 5497 LECTIONES.

2286 5582 2515 5637 ΝΟΤΑΞ.

797 5513 843 5543 ²⁰
874 5511 933 5566 In
957 5511 1122 5566 Gesn.
1161 5512 1375 5567 Stobzeo
1411 5511 1499 5566 49.

797 5674 893 5745 (m)
918 5675 990 5727 Ἥ
1012 5675 1293 5741 πενηθείς
1321 5676 1540 5744 κλέψαι.
1572 5675 1799 5745 Argent.
1844 5676 2080 5746 aliaque,
2129 5676 2301 5746 πένης

726 5746 1025 5815 γεννηθείς.
1058 5746 1519 5815 Ilabetttperittde
1543 5746 1699 5815 Vulg.
1729 5755 1779 5800 el
1814 5762 1933 5815 qure

730 5763 1025 5811 γεννηυεις.
1058 5763 1271 5799 Habent
1293 5763 1519 5814 pertttae
1551 5763 1641 5799 Vlll
1688 5787 1699 5798 .
1729 5763 1779 5800 et
1814 5763 1933 5815 qua:
1956 5763 2143 5801 brzeea
2170 5763 2299 5801 cum

730 5814 841 5868 iliis
878 5817 1233 5870 conveniunt.
1269 5814 1482 5869 Sixtina
1514 5763 1849 5877 desitfcrant,
1898 5819 2165 5886 pluraque
2194 5818 2299 5870 alia

2411 5678 2475 5731 ad
2506 5679 2668 5731 ﬁnem
2733 5678 2860 5731 libri
2916 5677 3075 5733 Prov.
3114 5690 3235 5744 quae
3293 5674 3456 5729 etiam
3499 5675 3799 5741 agnoscunt
3831 5665 4001 5727 ﬂeb.

2008 5762 2143 5800 rzeea
2170 5762 2311 5801 cum
2410 5749 2568 5817 Targ.
2603 5748 2720 5817 Syr.
2753 5757 2858 5801 etc.
