4246 6438
273 397 382 461 805

1578 394 1743 453 LOCI
1779 393 2213 456 COMMUNES.

3410 396 3514 460 806

270 512 384 572 τοῖς
449 505 546 577 τὴν
607 506 768 574 φύσιν
833 503 944 558 τῶν
1005 503 1345 574 πραγμάτων
1408 505 1634 574 ἐρευνᾷν
1691 505 1850 558 δυνα-
1881 510 1923 565 Α

1836 534 1850 545 -
1881 510 1923 565 Α
1954 504 2096 573 apud
2128 519 2245 569 eos,
2296 504 2390 574 qui
2443 518 2626 558 rerum
2681 513 2934 558 naturam
2985 503 3219 556 scrutari
3275 513 3513 568 norunt,

345 614 474 652 νοις.

345 614 421 651 vet
460 637 474 652 .

276 599 638 757 μὲκλῖὶμεντ.
664 718 734 728 —
767 686 1100 756 Ὀλιγοδεῖας
1154 686 1252 757 μὲν
1309 687 1569 756 ἐρασταὶ,
1629 687 1851 739 πολυτέυ

273 779 421 834 λειαν
448 780 524 845 δὲ,
552 779 628 842 ὡς
654 777 834 848 ψυχῆς
862 777 958 830 καὶ
986 777 1234 848 σώματος
1263 777 1417 830 νόσον
1437 779 1845 847 ἐκτρεπόμενοι.

351 954 419 1007 Ἥ
437 953 545 1006 τῶν
573 951 892 1021 ἀναγκαίων
920 953 1111 1021 κτῆσις
1132 950 1226 1003 καὶ
1248 953 1464 1022 χρῆσις,
1491 951 1552 1002 οὐ
1576 950 1672 1021 τὴν
1703 953 1849 1003 ποιό-

272 1063 412 1118 τητα
473 1044 744 1115 βλαϐεράν
793 1042 940 1114 ἔχει,
1000 1041 1136 1096 ἀλλὰ
1186 1043 1285 1113 τὴν
1339 1043 1488 1114 παρὰ
1541 1043 1600 1096 τὸ
1649 1044 1850 1114 μέτρον

274 1138 572 1208 ποσότητα.

342 1230 632 1295 Φίλωνος.
671 1257 743 1268 --
789 1227 850 1280 '0
880 1225 1162 1289 σπουδαῖος
1204 1226 1300 1278 καὶ
1333 1224 1625 1294 όλιγοδεὴς,
1655 1224 1848 1280 ἀθανά-

273 1337 367 1375 του
393 1321 489 1374 καὶ
515 1319 716 1390 θνητῆς
768 1316 985 1386 φύσεως
1026 1317 1276 1388 μεθόριον
1309 1333 1322 1348 ·
1379 1315 1440 1368 τὸ
1493 1316 1593 1386 μὲν
1639 1316 1847 1380 ἐπιδεές

274 1410 410 1480 ἔχων
464 1409 552 1461 διὰ
589 1408 748 1476 σῶμα
795 1406 1008 1476 θνητόν
1040 1405 1101 1458 τὸ
1133 1406 1189 1458 δὲ
1219 1405 1294 1475 μὴ
1323 1403 1595 1470 πολυδεές,
1630 1404 1718 1458 διά
1744 1405 1849 1472 ψυ-

275 1501 376 1572 χὴν
401 1499 696 1569 ἐφιεμένην
724 1497 1047 1560 ἀθανασίας.

345 1698 601 1764 Δημοκρ.
631 1689 1004 1761 -Αὑταρκίῃ
1066 1689 1294 1758 τροςῆς,
1350 1686 1522 1758 μικρά
1557 1686 1654 1753 νὺξ
1707 1685 1852 1740 οὐδέ-

277 1803 410 1839 ποτε
453 1785 687 1853 γίνεται.

1951 596 2184 663 pessime
2214 596 2384 659 audit,
2416 595 2695 664 etiamque
2741 605 2905 662 atque
2953 596 3116 648 etiam
3147 595 3515 664 vituperatur.

2020 685 2316 739 Clementis.
2347 717 2414 727 ——
2439 686 2769 741 Sobrietatis
2801 697 2856 740 ct
2887 686 3280 740 mediocritatis
3308 695 3515 740 amato-

1953 793 2072 838 res;
2113 778 2298 830 luxum
2329 793 2459 831 vero
2493 785 2855 847 sumptusque
2879 776 3234 844 profusiores,
3261 785 3518 846 tanquam

1950 869 2117 921 animi
2153 868 2512 938 corporisque
2538 869 2791 922 morbum
2822 868 3150 921 devitantes.

2024 961 2225 1012 lterum
2245 959 2676 1012 necessariarum
2705 959 2981 1029 possessio
2995 965 3053 1012 et
3073 973 3224 1022 usus,
3255 974 3363 1012 non
3380 973 3488 1028 qua
3503 987 3520 1000 -

1951 1050 2160 1104 litatcm
2192 1052 2410 1105 noxiam
2459 1051 2659 1116 habet,
2714 1052 2808 1106 sed
2837 1066 2959 1121 qua:
3006 1049 3228 1105 modum
3279 1051 3519 1116 excedit,

1949 1139 2336 1208 quantitatem.

2017 1231 2275 1286 Philonis.
2311 1261 2380 1272 ——
2408 1232 2503 1287 Vir
2540 1231 2720 1286 bonus
2742 1242 2798 1288 et
2834 1234 3025 1302 paucis
3057 1249 3228 1304 egens
3255 1247 3352 1288 seu
3400 1231 3520 1286 fru-

1943 1323 2102 1392 galis,
2160 1323 2216 1377 in
2259 1323 2588 1378 immortalis
2633 1324 2991 1393 mortalisque
3033 1334 3244 1380 natura:
3284 1323 3522 1378 conﬁnio

1947 1422 2031 1466 cst
2065 1429 2078 1464 :
2116 1411 2209 1481 qui
2243 1428 2438 1481 nempe
2466 1413 2708 1481 indigeat
2731 1413 2979 1482 quidem,
3022 1420 3249 1482 propter
3289 1412 3522 1465 mortale

1949 1518 2182 1572 corpus;
2231 1504 2324 1557 sed
2368 1520 2479 1556 non
2511 1504 2721 1568 multis,
2769 1520 2876 1573 qua
2906 1504 3172 1574 praeditus
3218 1505 3399 1558 anima
3439 1511 3523 1557 est

1950 1602 2244 1662 appetente
2266 1593 2758 1647 immortalitatem.

2022 1683 2325 1738 Democriti.
2367 1714 2435 1724 —
2471 1683 2669 1739 Sobrio
2719 1684 2984 1753 tenuique
3014 1684 3206 1749 victui,
3238 1698 3520 1754 nunquam

1952 1793 2060 1830 uox
2096 1777 2314 1832 brevior
2346 1777 2585 1831 exsistit.

349 1848 660 1943 Klettdpz.
694 1902 766 1914 —
804 1870 1120 1941 Ὀφείλομεν
1177 1871 1405 1934 ἑαυτοὺς
1464 1869 1666 1935 ἐθίζειν
1741 1871 1850 1925 ἀπὸ
1882 1848 1924 1902 Β
2020 1882 2026 1917 ε

1848 1901 1850 1916 ι
1882 1848 1924 1902 Β
2020 1866 2290 1923 Clitarchi.
2324 1899 2386 1907 —
2414 1869 2602 1937 Operae
2621 1866 2858 1934 pretium
2880 1876 2940 1920 ut
2962 1881 3061 1919 nos
3089 1866 3235 1934 ipsos
3255 1865 3320 1919 ad
3347 1865 3525 1935 fruga-

274 1966 473 2033 ὀλίγων
527 1964 646 2035 ζῇν,
701 1964 788 2017 ἵνα
838 1962 1006 2034 μηδὲν
1064 1961 1290 2032 αἰσχρὸν
1332 1962 1519 2015 ἕνεκεν
1549 1963 1849 2034 χρημάτων

277 2057 562 2128 μάθωμεν.

346 2149 603 2220 Σωκρὰτ.
631 2179 701 2190 -
725 2147 1023 2220 Σωκράτης
1059 2148 1354 2218 ἐρωτηθεὶς
1403 2147 1508 2200 ὑπό
1553 2162 1718 2212 τινος,
1757 2146 1854 2209 Τίς

277 2258 363 2294 σοι
392 2239 792 2310 πλουσιώτερος
830 2233 970 2294 εἶναι
1007 2239 1173 2304 δοκεῖ,
1209 2234 1392 2292 εἶπενο
1437 2237 1496 2290 '0
1549 2236 1851 2306 ἐλαχίστοις

273 2333 615 2404 ἀρκούμενος
640 2348 655 2363 ο
691 2332 993 2403 αὐτάρκεια
1020 2330 1130 2400 γάρ
1183 2331 1300 2384 ἐστι
1346 2327 1561 2398 φύσεως
1601 2327 1848 2392 πλοῦτος.

349 2511 561 2581 Ὠσπερ
581 2511 665 2575 εἰς
693 2509 812 2563 ὁδὸν
841 2508 934 2563 τὸν
959 2507 1093 2578 βίον,
1123 2509 1186 2561 οὐ
1211 2507 1282 2562 τὰ
1306 2506 1505 2561 πολλοῦ
1549 2507 1677 2571 ἄξια
1725 2523 1852 2560 συν-

271 2605 413 2658 τίθει
455 2603 664 2671 ἐῳόδια,
699 2601 836 2656 ἀλλὰ
869 2599 1294 2670 ἀναγκαιότερα.

351 2777 570 2831 Βέλτιόν
597 2777 747 2830 ἐστιν
765 2779 822 2830 ἐν
849 2777 949 2847 μιᾷ
979 2777 1271 2849 περιουσίᾳ
1303 2774 1724 2847 συστελλόμενον
1761 2777 1852 2829 εὑ-

271 2871 488 2941 θυμιεῖν,
517 2870 550 2940 ἢ
586 2869 827 2940 μεγάλης
858 2868 1200 2938 τυγχάνοντα
1229 2867 1535 2937 δυστυχεῖν.

361 3043 700 3111 Ἀλέξανδρ.
740 3072 810 3084 -
842 3042 1105 3106 Εἰπόντος
1161 3041 1312 3113 αὒτῷ
1334 3059 1478 3105 τινος
1503 3042 1609 3095 τῶν
1641 3041 1854 3095 δοκούν-

269 3152 387 3188 των
413 3134 654 3199 εὐνοεῖν,’
675 3135 758 3186 ὅτι
784 3133 1046 3186 Δύνανται
1073 3133 1131 3185 αί
1168 3133 1351 3195 πόλεις
1377 3149 1470 3184 σου
1503 3131 1687 3184 πλεῖον
1714 3147 1854 3200 παρ-

270 3225 424 3294 έχειν
455 3223 669 3287 ἐξόδους
695 3223 798 3293 (n),
831 3222 958 3292 ἔφη’
993 3221 1287 3292 Κηπουρδν
1312 3220 1455 3292 μισῶ
1483 3221 1574 3273 τὸν
1591 3222 1654 3273 ἐκ
1686 3221 1852 3290 ῥιζῶν

270 3314 610 3383 ἐκτέμνοντα
637 3314 701 3366 τὰ
728 3313 958 3383 λάχανα.

348 3489 657 3557 Δημοκρίτ.
699 3515 771 3526 —-
799 3484 1094 3555 Τράπεζαν
1119 3482 1417 3536 πολυτελέα
1461 3483 1560 3553 μὲν
1581 3483 1719 3554 τύχη
1746 3501 1852 3536 πα-

272 3578 588 3650 ρατίθησιν,
619 3573 896 3646 αὐταρκέα
923 3573 980 3627 δὲ
1019 3571 1364 3644 σωφροσύνη.

358 3776 454 3827 Ἐκ
484 3773 604 3827 τῶν
637 3770 992 3838 Ἐπικτήτου
1011 3771 1108 3824 καὶ
1143 3768 1854 3841 Ἰσοκράτ.-Αὐτάρκεια,

269 3867 533 3935 καθάπερ
571 3865 688 3926 ὁδὸς
720 3863 945 3934 βραχεῖα
965 3860 1062 3914 καὶ
1090 3861 1412 3932 ἐπιτερπὴς,
1438 3860 1598 3932 χάριν
1621 3861 1720 3932 μὲν
1746 3862 1856 3932 ἔχει

273 3956 548 4028 μεγάλην,
585 3955 745 4010 πόνον
772 3954 830 4007 δὲ
875 3952 1090 4027 μικρόν.

363 4133 672 4203 Ὀχύρωσον
737 4133 966 4201 σαυτὸν,
999 4134 1067 4202 τῇ
1127 4131 1468 4202 αὐταρκείᾳ’
1523 4129 1683 4184 τοῦτο
1746 4129 1856 4200 γὰρ

269 4223 584 4277 δυσάλωτόν
604 4225 751 4275 ἐστιν
777 4224 996 4292 χωρίον.

347 4395 612 4465 Σωκράτ.
648 4395 1060 4464 -Ξανθίππης
1095 4395 1379 4466 Σωκράτει
1414 4395 1489 4466 τῷ
1543 4395 1697 4467 ἀνδρὶ
1735 4396 1855 4450 ἐπι-

1949 1961 2157 2016 litatem
2178 1974 2554 2022 exerceamus,
2583 1975 2649 2014 ne
2667 1975 2765 2027 per
2787 1959 3133 2012 occasionem
3157 1958 3520 2026 parandarum

1948 2067 2114 2123 opum
2132 2060 2299 2121 turpe
2327 2049 2536 2120 aliquid
2564 2049 2967 2104 condiscamus.

2019 2141 2275 2196 Socratis.
2323 2173 2392 2183 —
2443 2140 2699 2196 Socrates
2729 2181 2743 2205 ,
2802 2140 3039 2210 quodam
3101 2139 3476 2210 interrogante
3505 2181 3518 2202 ,

1950 2234 2079 2302 quis
2107 2233 2188 2287 illi
2217 2233 2386 2287 ditior
2415 2247 2540 2287 esse
2580 2232 2885 2295 videretur,
2912 2233 3196 2302 respondit
3227 2231 3360 2287 :Cui
3393 2248 3524 2302 pau-

1950 2327 2171 2381 cissima
2200 2326 2533 2382 sutlicerent.
2564 2326 2626 2380 ln
2660 2324 2987 2381 sutiicientia
3006 2327 3157 2381 enim
3183 2328 3376 2396 posita:
3397 2335 3523 2382 sunt

1952 2425 2164 2472 natura
2196 2417 2424 2472 divitiae.

2024 2507 2184 2575 575
2207 2505 2372 2571 Quasi
2402 2505 2532 2559 vita
2561 2507 2667 2560 iter
2688 2514 3034 2577 peracturus,
3056 2522 3168 2560 non
3197 2523 3319 2576 qua:
3341 2508 3526 2578 magni

1951 2596 2116 2664 pretii
2144 2597 2255 2651 sint
2287 2596 2488 2651 viatico
2521 2598 2858 2666 componito,
2891 2597 2990 2652 sed
3021 2612 3143 2666 quae
3177 2599 3233 2652 in
3263 2615 3380 2654 rem
3410 2615 3525 2655 ma-

1951 2689 2037 2760 gis
2056 2688 2367 2743 necessaria
2396 2686 2684 2741 exsistant.

2021 2777 2250 2833 Praestat
2305 2792 2416 2832 una
2478 2776 2746 2846 brevique
2807 2775 3119 2831 substantia
3178 2787 3524 2833 contractum

1950 2883 2110 2938 aequo
2140 2869 2326 2922 animo
2351 2882 2493 2933 esse,
2518 2882 2682 2936 quam
2723 2865 2937 2936 magnis
2977 2865 3175 2936 opibus
3203 2867 3435 2924 ditatum
3467 2868 3526 2924 in

1952 2961 2034 3015 eis
2063 2961 2462 3014 infortunatum
2491 2974 2633 3014 esse.

2024 3049 2346 3102 Alexander.
2369 3048 2590 3103 —Cum
2619 3048 2670 3103 ei
2698 3048 3002 3103 amicorum
3030 3049 3276 3120 quidam,
3305 3065 3528 3107 eorum-

1955 3155 2062 3207 que
2093 3138 2186 3207 qui
2235 3139 2353 3208 ejus
2398 3139 2674 3207 praicipue
2724 3137 2892 3192 rebus
2921 3138 3146 3194 studere
3178 3139 3524 3207 viderentur,

1955 3230 2202 3289 dixisset,
2237 3243 2395 3298 posse
2423 3230 2608 3294 urbes,
2631 3244 2752 3299 qua:
2771 3230 2892 3298 ejus
2923 3229 3150 3286 ditionis
3173 3241 3380 3296 essent,
3409 3249 3526 3288 ma-

1954 3321 2074 3390 jora
2140 3319 2345 3373 tributa
2398 3328 2694 3389 praestare,
2737 3321 3064 3391 respondit:
3107 3321 3373 3380 Olitorcm
3409 3326 3524 3386 odi.

1953 3407 2048 3477 qui
2075 3407 2340 3462 radicitus
2363 3407 2634 3461 exscindit
2655 3407 2827 3488 olera.

2023 3497 2309 3551 Democrit.
2343 3527 2413 3538 —-
2446 3497 2832 3567 Sumptuosam
2863 3513 3111 3553 mensam
3141 3499 3372 3570 apponit
3411 3499 3528 3554 for-

1959 3600 2120 3655 tuna;
2157 3590 2421 3659 frugalem
2455 3605 2590 3644 vero
2619 3591 2846 3660 suisque
2879 3601 3221 3656 contentam,
3249 3592 3527 3647 sobrietas

1955 3695 2019 3732 ac
2042 3680 2422 3746 temperantia.

2029 3771 2110 3823 Ea:
2157 3773 2427 3824 sententiis
2467 3770 2694 3840 Epictet.
2744 3778 2793 3824 et
2838 3768 3063 3825 Isocrat.
3104 3800 3172 3813 -—
3197 3770 3525 3840 Frugalitas,

1956 3860 2181 3929 suisque
2226 3869 2484 3914 contenta
2533 3861 2656 3914 vitae
2702 3860 2864 3925 ratio,
2925 3859 3082 3929 quasi
3122 3860 3211 3915 via
3245 3861 3432 3916 brevis
3463 3877 3528 3917 ac

1957 3951 2332 4016 delectabilis;
2355 3966 2606 4020 magnam
2633 3950 2856 4020 quidem
2881 3951 3047 4006 habet
3084 3953 3340 4022 gratiam,
3373 3953 3528 4008 labo-

1957 4057 2074 4096 rem
2112 4056 2246 4095 vero
2275 4041 2554 4111 exiguum.

2024 4131 2249 4186 Obvalla
2280 4134 2518 4202 teipsum
2565 4133 2771 4187 virtute
2817 4131 2934 4187 suis
2985 4133 3104 4203 ipsa
3135 4142 3394 4189 contenta
3429 4135 3526 4190 sti-

1956 4223 2201 4291 pendiis;
2233 4223 2349 4279 lucc
2401 4224 2550 4278 enim
2593 4238 2692 4278 arx
2721 4235 2808 4279 est
2835 4238 3002 4293 quam
3046 4225 3198 4279 nulla
3239 4224 3399 4281 facile
3441 4225 3526 4281 vis

1955 4330 2272 4386 expugnare
2301 4315 2497 4385 possit.

2026 4405 2290 4460 Socrates.
2306 4435 2374 4445 —
2393 4405 2530 4460 Cum
2553 4403 2826 4476 Xantippe
2859 4407 3038 4461 virum
3063 4423 3223 4463 suum
3245 4408 3522 4464 Socratem

267 4487 542 4557 τιμώσης,
599 4485 732 4539 διότι
784 4486 943 4550 λιτῶς
996 4487 1437 4557 παρεσκευάζετο
1486 4487 1849 4552 ὑποδέξασθαι
1883 4506 1926 4560 ι)

1845 4528 1849 4537 ν
1883 4506 1926 4560 1)
1956 4496 2290 4565 increparet,
2314 4495 2461 4565 quod
2487 4497 2738 4551 tenuiore
2764 4508 3028 4566 apparatu
3067 4501 3274 4553 amicos
3301 4500 3522 4568 excipe.

269 4579 487 4647 φίλους,
524 4575 704 4629 εἶπεν·
734 4576 796 4629 El
828 4577 925 4646 μὲν
959 4577 1214 4648 ἡμέτεραί
1250 4580 1410 4643 εἰσιν,
1438 4578 1590 4632 οὐδὲν
1621 4580 1851 4643 ἐκείνοις

271 4670 505 4741 μελήσει
534 4685 547 4699 ⁸
589 4671 637 4721 εί
669 4668 723 4722 δὲ
762 4667 1054 4739 ἀλλότριοι,
1104 4669 1237 4738 ἡμῖν
1284 4667 1415 4738 περὶ
1463 4666 1642 4720 αὐτῶν
1697 4668 1850 4722 οὐδὲν

270 4760 524 4832 μελήσει.

840 4872 1057 4926 ΛΟΓΟΣ
1093 4872 1170 4925 ΙΔ¹
1216 4873 1284 4927 “.

800 4981 939 5050 Περὶ
969 4981 1337 5050 προσευχῆς.

347 5102 537 5156 Maro.
585 5116 624 5164 ς
647 5138 661 5153 .
691 5127 762 5139 -
786 5097 1222 5168 Προσευχόμενοι
1276 5098 1351 5170 μὴ
1395 5096 1848 5170 βαττολογήσητε,

1957 4595 2060 4648 ret,
2111 4584 2249 4638 dixit
2281 4602 2293 4637 :
2333 4585 2389 4638 Si
2426 4584 2596 4638 nostri
2650 4583 2891 4649 fuerint,
2939 4586 3079 4640 nihil
3108 4587 3411 4651 curabunt;
3439 4587 3524 4642 sin

1956 4673 2143 4736 alieni,
2167 4688 2361 4728 eorum
2390 4673 2552 4727 nobis
2575 4673 2724 4727 nulla
2748 4673 3002 4730 habenda
3034 4676 3178 4731 ratio
3200 4677 3291 4730 sit.

2555 4867 2794 4924 SERMO.
2813 4868 2951 4924 XIV.

2212 4982 2289 5037 De
2316 4982 2552 5037 oratione
2577 4997 2667 5034 seu
2707 4982 2942 5051 precibus
2979 4982 3049 5036 ad
3089 4982 3280 5038 Deum.

2028 5095 2220 5149 Matth.
2258 5110 2333 5161 vr,
2364 5093 2634 5148 7.—Dum
2652 5093 2848 5160 oratis,
2872 5095 3043 5151 nolite
3081 5097 3316 5152 multum
3346 5098 3519 5170 loqui,

1565 5237 1800 5293 VAle
1845 5237 2246 5294 LECTIONES.

342 5310 519 5380 “gEst
553 5309 606 5363 in
629 5310 794 5365 Gesn.
825 5308 979 5365 Stob.
1007 5308 1132 5364 294.

344 5449 436 5521 (η)
459 5449 676 5521 "letor
705 5448 990 5521 παρέχειν
1020 5445 1286 5521 ἐξόδρυς.
1330 5443 1497 5521 G_e_s_n.
1528 5447 1845 5521 conjectura

259 5514 373 5582 est,
409 5514 718 5590 'legeudum
765 5514 1096 5590 είίςῖρόρους.
1150 5514 1257 5568 Sed
1318 5514 1452 5590 mihi
1505 5514 1850 5590 nonlsua‘det

261 5600 465 5644 contra
486 5584 901 5656 exemplarium
929 5584 1093 5640 ﬁdem
1118 5602 1132 5643 :
1171 5599 1295 5656 nam
1326 5584 1492 5656 etiam
1514 5586 1723 5656 εἴσοδος
1743 5587 1848 5641 Po—

261 5659 469 5729 lyxene
516 5668 572 5713 et
622 5654 794 5712 veteri
847 5657 1047 5711 Lexico
1081 5654 1380 5729 Stephani,
1429 5654 1692 5729 ἀνάλωμα
1743 5665 1848 5729 est,

258 5723 783 5798 s'umplusdmpensa
808 5745 824 5782 :
845 5741 1079 5798 cumque
1109 5724 1243 5777 alias
1268 5723 1444 5798 ἔξοδος
1467 5725 1848 5798 επρεάὶιὶοᾼβὶῐ,

257 5791 456 5853 ετὶιέῑ
485 5791 758 5867 μτωεὶειιίο
789 5791 1136 5867 vectigalium
1164 5807 1226 5846 ac
1264 5791 1624 5858 tributorum,
1649 5796 1851 5864 quibus

1782 5376 2015 5432 NOTJE.

1946 5445 2180 5516 principi
2218 5446 2455 5516 ejusque,
2479 5446 2821 5516 exercitibus
2852 5448 3052 5502 tuenda
3091 5450 3373 5516 republica
3401 5453 3518 5506 suf-

1948 5515 2183 5589 iiciatur.
2209 5517 2347 5589 Hinc
2380 5515 2654 5570 Biblicum
2687 5518 3017 5589 vocabulum
3053 5515 3259 5589 ἐξοόιᾷν
3299 5530 3355 5575 et
3403 5523 3518 5587 ἐξο-

1947 5584 2175 5662 διᾲζειν,
2209 5585 2403 5662 eodem
2431 5600 2619 5650 sensu,
2654 5586 2826 5662 quod”
2839 5588 3096 5642 Seniores
3120 5603 3186 5642 ex
3205 5584 3309 5644 usu
3347 5584 3517 5662 magis

1949 5657 2034 5710 sui
2069 5655 2464 5730 temporis,_et_
2492 5663 2553 5708 ut
2578 5670 2768 5711 vocem
2788 5655 3053 5722 Graecam,
3107 5655 3514 5730 usurpaverint,

1948 5741 2110 5795 quam
2145 5723 2247 5794 ipsi
2279 5723 2550 5780 cuderint.
