  <div class='ocr_page' id='page_1' title='image "/cluster/home/n/w/nwhite01/storage/ocr_20150623/91/nnc1.0038446014/413.png"; bbox 0 0 4246 6438; ppageno 0'>
   <div class='ocr_carea' id='block_1_1' title="bbox 853 378 952 440">
    <p class='ocr_par' dir='ltr' id='par_1_1' title="bbox 853 378 952 440">
     <span class='ocr_line' id='line_1_1' title="bbox 853 378 952 440; baseline -0.02 0"><span class='ocrx_word' id='word_1_1' title='bbox 853 378 952 440; x_wconf 84' lang='grc'><strong>807</strong></span> 
     </span>
    </p>
   </div>
   <div class='ocr_carea' id='block_1_2' title="bbox 1981 369 3018 432">
    <p class='ocr_par' dir='ltr' id='par_1_2' title="bbox 1981 369 3018 432">
     <span class='ocr_line' id='line_1_2' title="bbox 1981 369 3018 432; baseline -0.003 -2"><span class='ocrx_word' id='word_1_2' title='bbox 1981 373 2043 430; x_wconf 92' lang='lat' dir='ltr'><strong>S.</strong></span> <span class='ocrx_word' id='word_1_3' title='bbox 2082 369 2362 428; x_wconf 74' lang='lat' dir='ltr'><strong>MAXIM!</strong></span> <span class='ocrx_word' id='word_1_4' title='bbox 2399 370 2900 432; x_wconf 79' lang='lat' dir='ltr'><strong>CONFESSORIS</strong></span> <span class='ocrx_word' id='word_1_5' title='bbox 3010 415 3018 427; x_wconf 93' lang='lat'><strong>.</strong></span> 
     </span>
    </p>
   </div>
   <div class='ocr_carea' id='block_1_3' title="bbox 3943 375 4046 440">
    <p class='ocr_par' dir='ltr' id='par_1_3' title="bbox 3943 375 4046 440">
     <span class='ocr_line' id='line_1_3' title="bbox 3943 375 4046 440; baseline -0.01 0"><span class='ocrx_word' id='word_1_6' title='bbox 3943 375 4046 440; x_wconf 70' lang='grc' dir='ltr'><strong>ωε</strong></span> 
     </span>
    </p>
   </div>
   <div class='ocr_carea' id='block_1_4' title="bbox 846 471 2523 556">
    <p class='ocr_par' dir='ltr' id='par_1_4' title="bbox 846 471 2523 547">
     <span class='ocr_line' id='line_1_4' title="bbox 846 471 2523 547; baseline -0.008 -8"><span class='ocrx_word' id='word_1_7' title='bbox 846 484 994 540; x_wconf 83' lang='lat' dir='ltr'><strong>sicut</strong></span> <span class='ocrx_word' id='word_1_8' title='bbox 1016 479 1220 534; x_wconf 79' lang='lat' dir='ltr'><strong>ethniei</strong></span> <span class='ocrx_word' id='word_1_9' title='bbox 1249 495 1262 532; x_wconf 89' lang='lat'><strong>:</strong></span> <span class='ocrx_word' id='word_1_10' title='bbox 1291 485 1484 547; x_wconf 87' lang='lat' dir='ltr'><strong>putant</strong></span> <span class='ocrx_word' id='word_1_11' title='bbox 1501 476 1644 531; x_wconf 90' lang='lat' dir='ltr'><strong>enim</strong></span> <span class='ocrx_word' id='word_1_12' title='bbox 1669 474 1813 544; x_wconf 86' lang='lat' dir='ltr'><strong>quod</strong></span> <span class='ocrx_word' id='word_1_13' title='bbox 1847 475 1898 527; x_wconf 86' lang='lat' dir='ltr'><strong>in</strong></span> <span class='ocrx_word' id='word_1_14' title='bbox 1933 474 2277 542; x_wconf 85' lang='lat' dir='ltr'><strong>multiloquio</strong></span> <span class='ocrx_word' id='word_1_15' title='bbox 2297 471 2398 527; x_wconf 90' lang='lat' dir='ltr'><strong>suo</strong></span> <span class='ocrx_word' id='word_1_16' title='bbox 2425 482 2465 534; x_wconf 84' lang='grc' dir='ltr'><strong>Α</strong></span> <span class='ocrx_word' id='word_1_17' title='bbox 2497 475 2523 526; x_wconf 80' lang='grc' dir='ltr'>ᾶ</span> 
     </span>
    </p>
   </div>
   <div class='ocr_carea' id='block_1_5' title="bbox 2377 471 4054 556">
    <p class='ocr_par' dir='ltr' id='par_1_5' title="bbox 2377 475 4054 556">
     <span class='ocr_line' id='line_1_5' title="bbox 2377 475 4054 556; baseline 0.005 -30"><span class='ocrx_word' id='word_1_18' title='bbox 2377 488 2398 527; x_wconf 77' lang='grc'><strong>)</strong></span> <span class='ocrx_word' id='word_1_19' title='bbox 2425 482 2465 534; x_wconf 84' lang='grc' dir='ltr'><strong>Α</strong></span> <span class='ocrx_word' id='word_1_20' title='bbox 2497 475 2685 544; x_wconf 83' lang='grc' dir='ltr'><strong>ὥσπερ</strong></span> <span class='ocrx_word' id='word_1_21' title='bbox 2705 479 2754 529; x_wconf 89' lang='grc' dir='ltr'><strong>οί</strong></span> <span class='ocrx_word' id='word_1_22' title='bbox 2784 475 2986 528; x_wconf 65' lang='grc' dir='ltr'><strong>ἐθνικοί</strong></span> <span class='ocrx_word' id='word_1_23' title='bbox 3013 493 3026 508; x_wconf 91' lang='grc'><strong>·</strong></span> <span class='ocrx_word' id='word_1_24' title='bbox 3059 476 3274 530; x_wconf 77' lang='grc' dir='ltr'><strong>δοκοῦσι</strong></span> <span class='ocrx_word' id='word_1_25' title='bbox 3301 477 3427 546; x_wconf 82' lang='grc' dir='ltr'><strong>γὰρ,</strong></span> <span class='ocrx_word' id='word_1_26' title='bbox 3466 479 3547 530; x_wconf 80' lang='grc' dir='ltr'><strong>ὅτι</strong></span> <span class='ocrx_word' id='word_1_27' title='bbox 3577 479 3634 529; x_wconf 73' lang='grc' dir='ltr'><strong>ιν</strong></span> <span class='ocrx_word' id='word_1_28' title='bbox 3661 481 3728 548; x_wconf 74' lang='grc' dir='ltr'><strong>τῇ</strong></span> <span class='ocrx_word' id='word_1_29' title='bbox 3763 479 4054 556; x_wconf 58' lang='grc' dir='ltr'><strong>πολυλογίᾳ</strong></span> 
     </span>
    </p>
   </div>
   <div class='ocr_carea' id='block_1_6' title="bbox 841 563 2394 634">
    <p class='ocr_par' dir='ltr' id='par_1_6' title="bbox 841 563 2394 634">
     <span class='ocr_line' id='line_1_6' title="bbox 841 563 2394 634; baseline -0.007 -10"><span class='ocrx_word' id='word_1_30' title='bbox 841 570 1224 624; x_wconf 77' lang='lat' dir='ltr'><strong>exaudientur.</strong></span> <span class='ocrx_word' id='word_1_31' title='bbox 1259 567 1436 620; x_wconf 83' lang='lat' dir='ltr'><strong>Nolite</strong></span> <span class='ocrx_word' id='word_1_32' title='bbox 1475 582 1604 634; x_wconf 86' lang='lat' dir='ltr'><strong>ergo</strong></span> <span class='ocrx_word' id='word_1_33' title='bbox 1626 564 1914 625; x_wconf 85' lang='lat' dir='ltr'><strong>assimilari</strong></span> <span class='ocrx_word' id='word_1_34' title='bbox 1955 565 2073 626; x_wconf 90' lang='lat' dir='ltr'><strong>eis;</strong></span> <span class='ocrx_word' id='word_1_35' title='bbox 2108 565 2211 616; x_wconf 91' lang='lat' dir='ltr'><strong>scit</strong></span> <span class='ocrx_word' id='word_1_36' title='bbox 2247 563 2394 615; x_wconf 89' lang='lat' dir='ltr'><strong>enim</strong></span> 
     </span>
    </p>
   </div>
   <div class='ocr_carea' id='block_1_7' title="bbox 843 640 2398 724">
    <p class='ocr_par' dir='ltr' id='par_1_7' title="bbox 843 640 2398 724">
     <span class='ocr_line' id='line_1_7' title="bbox 843 640 2398 724; baseline -0.007 -12"><span class='ocrx_word' id='word_1_37' title='bbox 843 658 1002 712; x_wconf 84' lang='lat' dir='ltr'><strong>Pater</strong></span> <span class='ocrx_word' id='word_1_38' title='bbox 1031 665 1210 710; x_wconf 72' lang='lat' dir='ltr'><strong>vester</strong></span> <span class='ocrx_word' id='word_1_39' title='bbox 1241 655 1373 724; x_wconf 91' lang='lat' dir='ltr'><strong>quid</strong></span> <span class='ocrx_word' id='word_1_40' title='bbox 1404 670 1545 723; x_wconf 89' lang='lat' dir='ltr'><strong>opus</strong></span> <span class='ocrx_word' id='word_1_41' title='bbox 1577 653 1648 707; x_wconf 90' lang='lat' dir='ltr'><strong>sit</strong></span> <span class='ocrx_word' id='word_1_42' title='bbox 1681 652 1860 715; x_wconf 86' lang='lat' dir='ltr'><strong>vobis,</strong></span> <span class='ocrx_word' id='word_1_43' title='bbox 1884 661 2177 716; x_wconf 92' lang='lat' dir='ltr'><strong>antequam</strong></span> <span class='ocrx_word' id='word_1_44' title='bbox 2201 640 2398 717; x_wconf 86' lang='lat' dir='ltr'><strong>petatis</strong></span> 
     </span>
    </p>
   </div>
   <div class='ocr_carea' id='block_1_8' title="bbox 842 763 991 801">
    <p class='ocr_par' dir='ltr' id='par_1_8' title="bbox 842 763 991 801">
     <span class='ocr_line' id='line_1_8' title="bbox 842 763 991 801; baseline -0.013 0"><span class='ocrx_word' id='word_1_45' title='bbox 842 763 991 801; x_wconf 88' lang='lat' dir='ltr'><strong>eum.</strong></span> 
     </span>
    </p>
   </div>
   <div class='ocr_carea' id='block_1_9' title="bbox 911 826 2398 901">
    <p class='ocr_par' dir='ltr' id='par_1_9' title="bbox 911 826 2398 901">
     <span class='ocr_line' id='line_1_9' title="bbox 911 826 2398 901; baseline -0.007 -11"><span class='ocrx_word' id='word_1_46' title='bbox 911 837 1025 890; x_wconf 83' lang='lat' dir='ltr'><strong>Jac.</strong></span> <span class='ocrx_word' id='word_1_47' title='bbox 1045 853 1098 901; x_wconf 89' lang='lat' dir='ltr'><strong>v,</strong></span> <span class='ocrx_word' id='word_1_48' title='bbox 1123 836 1206 890; x_wconf 73' lang='grc'><strong>15.</strong></span> <span class='ocrx_word' id='word_1_49' title='bbox 1225 835 1576 888; x_wconf 84' lang='lat' dir='ltr'><strong>—Tristatur</strong></span> <span class='ocrx_word' id='word_1_50' title='bbox 1597 829 1720 900; x_wconf 82' lang='lat' dir='ltr'><strong>quis</strong></span> <span class='ocrx_word' id='word_1_51' title='bbox 1749 839 1986 883; x_wconf 90' lang='lat' dir='ltr'><strong>vestrum</strong></span> <span class='ocrx_word' id='word_1_52' title='bbox 2007 830 2030 880; x_wconf 88' lang='lat'><strong>?</strong></span> <span class='ocrx_word' id='word_1_53' title='bbox 2057 836 2196 881; x_wconf 84' lang='lat' dir='ltr'><strong>oret.</strong></span> <span class='ocrx_word' id='word_1_54' title='bbox 2221 826 2398 894; x_wconf 67' lang='lat' dir='ltr'><strong>Equo</strong></span> 
     </span>
    </p>
   </div>
   <div class='ocr_carea' id='block_1_10' title="bbox 844 916 2401 992">
    <p class='ocr_par' dir='ltr' id='par_1_10' title="bbox 844 916 2401 992">
     <span class='ocr_line' id='line_1_10' title="bbox 844 916 2401 992; baseline -0.008 -13"><span class='ocrx_word' id='word_1_55' title='bbox 844 926 1026 978; x_wconf 82' lang='lat' dir='ltr'><strong>animo</strong></span> <span class='ocrx_word' id='word_1_56' title='bbox 1063 924 1186 978; x_wconf 71' lang='lat' dir='ltr'><strong>est?</strong></span> <span class='ocrx_word' id='word_1_57' title='bbox 1228 924 1439 992; x_wconf 79' lang='lat' dir='ltr'><strong>psallat.</strong></span> <span class='ocrx_word' id='word_1_58' title='bbox 1485 923 1794 974; x_wconf 86' lang='lat' dir='ltr'><strong>lniirmatur</strong></span> <span class='ocrx_word' id='word_1_59' title='bbox 1822 919 1944 985; x_wconf 90' lang='lat' dir='ltr'><strong>quis</strong></span> <span class='ocrx_word' id='word_1_60' title='bbox 1972 917 2025 970; x_wconf 91' lang='lat' dir='ltr'><strong>in</strong></span> <span class='ocrx_word' id='word_1_61' title='bbox 2077 916 2272 969; x_wconf 82' lang='lat' dir='ltr'><strong>vobis?</strong></span> <span class='ocrx_word' id='word_1_62' title='bbox 2311 930 2401 968; x_wconf 89' lang='lat' dir='ltr'><strong>ao-</strong></span> 
     </span>
    </p>
   </div>
   <div class='ocr_carea' id='block_1_11' title="bbox 844 1009 2397 1081">
    <p class='ocr_par' dir='ltr' id='par_1_11' title="bbox 844 1009 2397 1081">
     <span class='ocr_line' id='line_1_11' title="bbox 844 1009 2397 1081; baseline -0.008 -14"><span class='ocrx_word' id='word_1_63' title='bbox 844 1023 1020 1068; x_wconf 86' lang='lat' dir='ltr'><strong>cersat</strong></span> <span class='ocrx_word' id='word_1_64' title='bbox 1064 1013 1414 1081; x_wconf 79' lang='lat' dir='ltr'><strong>presbyteros</strong></span> <span class='ocrx_word' id='word_1_65' title='bbox 1447 1009 1725 1070; x_wconf 73' lang='lat' dir='ltr'><strong>Ecclesiae,</strong></span> <span class='ocrx_word' id='word_1_66' title='bbox 1772 1015 1828 1059; x_wconf 88' lang='lat' dir='ltr'><strong>et</strong></span> <span class='ocrx_word' id='word_1_67' title='bbox 1861 1013 2020 1058; x_wconf 89' lang='lat' dir='ltr'><strong>orent</strong></span> <span class='ocrx_word' id='word_1_68' title='bbox 2049 1019 2214 1071; x_wconf 87' lang='lat' dir='ltr'><strong>super</strong></span> <span class='ocrx_word' id='word_1_69' title='bbox 2249 1018 2397 1066; x_wconf 87' lang='lat' dir='ltr'><strong>eum,</strong></span> 
     </span>
    </p>
   </div>
   <div class='ocr_carea' id='block_1_12' title="bbox 844 1092 2402 1171">
    <p class='ocr_par' dir='ltr' id='par_1_12' title="bbox 844 1092 2402 1171">
     <span class='ocr_line' id='line_1_12' title="bbox 844 1092 2402 1171; baseline -0.006 -15"><span class='ocrx_word' id='word_1_70' title='bbox 844 1111 1110 1171; x_wconf 87' lang='lat' dir='ltr'><strong>ungentes</strong></span> <span class='ocrx_word' id='word_1_71' title='bbox 1143 1117 1264 1154; x_wconf 90' lang='lat' dir='ltr'><strong>eum</strong></span> <span class='ocrx_word' id='word_1_72' title='bbox 1299 1102 1420 1152; x_wconf 87' lang='lat' dir='ltr'><strong>oleo</strong></span> <span class='ocrx_word' id='word_1_73' title='bbox 1468 1099 1519 1150; x_wconf 90' lang='lat' dir='ltr'><strong>in</strong></span> <span class='ocrx_word' id='word_1_74' title='bbox 1556 1097 1777 1150; x_wconf 87' lang='lat' dir='ltr'><strong>nomine</strong></span> <span class='ocrx_word' id='word_1_75' title='bbox 1829 1094 2066 1148; x_wconf 86' lang='lat' dir='ltr'><strong>Domini.</strong></span> <span class='ocrx_word' id='word_1_76' title='bbox 2112 1093 2181 1145; x_wconf 84' lang='lat' dir='ltr'><strong>Et</strong></span> <span class='ocrx_word' id='word_1_77' title='bbox 2223 1092 2402 1146; x_wconf 82' lang='lat' dir='ltr'><strong>oratio</strong></span> 
     </span>
    </p>
   </div>
   <div class='ocr_carea' id='block_1_13' title="bbox 845 1181 2399 1250">
    <p class='ocr_par' dir='ltr' id='par_1_13' title="bbox 845 1181 2399 1250">
     <span class='ocr_line' id='line_1_13' title="bbox 845 1181 2399 1250; baseline -0.008 -6"><span class='ocrx_word' id='word_1_78' title='bbox 845 1190 972 1244; x_wconf 76' lang='lat' dir='ltr'><strong>ﬁdei</strong></span> <span class='ocrx_word' id='word_1_79' title='bbox 1000 1191 1203 1243; x_wconf 87' lang='lat' dir='ltr'><strong>salvum</strong></span> <span class='ocrx_word' id='word_1_80' title='bbox 1231 1187 1420 1240; x_wconf 83' lang='lat' dir='ltr'><strong>reddet</strong></span> <span class='ocrx_word' id='word_1_81' title='bbox 1451 1186 1748 1246; x_wconf 84' lang='lat' dir='ltr'><strong>inﬁrmum,</strong></span> <span class='ocrx_word' id='word_1_82' title='bbox 1785 1193 1840 1236; x_wconf 92' lang='lat' dir='ltr'><strong>et</strong></span> <span class='ocrx_word' id='word_1_83' title='bbox 1867 1183 2041 1250; x_wconf 78' lang='lat' dir='ltr'><strong>eriget</strong></span> <span class='ocrx_word' id='word_1_84' title='bbox 2067 1195 2194 1234; x_wconf 84' lang='lat' dir='ltr'><strong>eum</strong></span> <span class='ocrx_word' id='word_1_85' title='bbox 2216 1181 2399 1233; x_wconf 89' lang='lat' dir='ltr'><strong>Domi-</strong></span> 
     </span>
    </p>
   </div>
   <div class='ocr_carea' id='block_1_14' title="bbox 843 1272 2185 1342">
    <p class='ocr_par' dir='ltr' id='par_1_14' title="bbox 843 1272 2185 1342">
     <span class='ocr_line' id='line_1_14' title="bbox 843 1272 2185 1342; baseline -0.01 -5"><span class='ocrx_word' id='word_1_86' title='bbox 843 1296 950 1336; x_wconf 89' lang='lat' dir='ltr'><strong>nus</strong></span> <span class='ocrx_word' id='word_1_87' title='bbox 979 1298 994 1335; x_wconf 88' lang='lat'><strong>:</strong></span> <span class='ocrx_word' id='word_1_88' title='bbox 1023 1280 1144 1334; x_wconf 82' lang='lat' dir='ltr'><strong>etsi</strong></span> <span class='ocrx_word' id='word_1_89' title='bbox 1169 1280 1222 1332; x_wconf 89' lang='lat' dir='ltr'><strong>in</strong></span> <span class='ocrx_word' id='word_1_90' title='bbox 1245 1278 1483 1342; x_wconf 76' lang='lat' dir='ltr'><strong>peccatis</strong></span> <span class='ocrx_word' id='word_1_91' title='bbox 1509 1277 1698 1340; x_wconf 79' lang='lat' dir='ltr'><strong>fuerit,</strong></span> <span class='ocrx_word' id='word_1_92' title='bbox 1719 1275 2076 1328; x_wconf 91' lang='lat' dir='ltr'><strong>remittentur</strong></span> <span class='ocrx_word' id='word_1_93' title='bbox 2111 1272 2185 1326; x_wconf 89' lang='lat' dir='ltr'><strong>ei.</strong></span> 
     </span>
    </p>
   </div>
   <div class='ocr_carea' id='block_1_15' title="bbox 915 1445 2400 1515">
    <p class='ocr_par' dir='ltr' id='par_1_15' title="bbox 915 1445 2400 1515">
     <span class='ocr_line' id='line_1_15' title="bbox 915 1445 2400 1515; baseline -0.004 -11"><span class='ocrx_word' id='word_1_94' title='bbox 915 1448 1070 1504; x_wconf 75' lang='lat' dir='ltr'><strong>Prov.</strong></span> <span class='ocrx_word' id='word_1_95' title='bbox 1098 1465 1185 1511; x_wconf 77' lang='lat' dir='ltr'><strong>xv,</strong></span> <span class='ocrx_word' id='word_1_96' title='bbox 1211 1448 1262 1499; x_wconf 83' lang='lat'><strong>8.</strong></span> <span class='ocrx_word' id='word_1_97' title='bbox 1293 1476 1361 1486; x_wconf 95' lang='lat'><strong>—</strong></span> <span class='ocrx_word' id='word_1_98' title='bbox 1383 1445 1582 1500; x_wconf 67' lang='lat' dir='ltr'><strong>Hostia</strong></span> <span class='ocrx_word' id='word_1_99' title='bbox 1606 1447 1897 1515; x_wconf 88' lang='lat' dir='ltr'><strong>impiorum</strong></span> <span class='ocrx_word' id='word_1_100' title='bbox 1938 1445 2274 1514; x_wconf 87' lang='lat' dir='ltr'><strong>abominatio</strong></span> <span class='ocrx_word' id='word_1_101' title='bbox 2293 1445 2400 1498; x_wconf 86' lang='lat' dir='ltr'><strong>Do-</strong></span> 
     </span>
    </p>
   </div>
   <div class='ocr_carea' id='block_1_16' title="bbox 847 1534 2404 1608">
    <p class='ocr_par' dir='ltr' id='par_1_16' title="bbox 847 1534 2404 1608">
     <span class='ocr_line' id='line_1_16' title="bbox 847 1534 2404 1608; baseline -0.003 -15"><span class='ocrx_word' id='word_1_102' title='bbox 847 1541 997 1594; x_wconf 90' lang='lat' dir='ltr'><strong>mino</strong></span> <span class='ocrx_word' id='word_1_103' title='bbox 1029 1557 1042 1591; x_wconf 90' lang='lat'><strong>:</strong></span> <span class='ocrx_word' id='word_1_104' title='bbox 1074 1552 1265 1608; x_wconf 84' lang='lat' dir='ltr'><strong>preces</strong></span> <span class='ocrx_word' id='word_1_105' title='bbox 1305 1544 1486 1590; x_wconf 89' lang='lat' dir='ltr'><strong>autem</strong></span> <span class='ocrx_word' id='word_1_106' title='bbox 1527 1545 1675 1589; x_wconf 88' lang='lat' dir='ltr'><strong>recte</strong></span> <span class='ocrx_word' id='word_1_107' title='bbox 1715 1534 2132 1596; x_wconf 89' lang='lat' dir='ltr'><strong>ambulantium,</strong></span> <span class='ocrx_word' id='word_1_108' title='bbox 2172 1543 2404 1603; x_wconf 70' lang='lat' dir='ltr'><strong>accepta</strong></span> 
     </span>
    </p>
   </div>
   <div class='ocr_carea' id='block_1_17' title="bbox 847 1630 1165 1700">
    <p class='ocr_par' dir='ltr' id='par_1_17' title="bbox 847 1630 1165 1700">
     <span class='ocr_line' id='line_1_17' title="bbox 847 1630 1165 1700; baseline -0.006 -16"><span class='ocrx_word' id='word_1_109' title='bbox 847 1630 990 1700; x_wconf 83' lang='lat' dir='ltr'><strong>apud</strong></span> <span class='ocrx_word' id='word_1_110' title='bbox 1019 1645 1165 1684; x_wconf 88' lang='lat' dir='ltr'><strong>eum.</strong></span> 
     </span>
    </p>
   </div>
   <div class='ocr_carea' id='block_1_18' title="bbox 917 1711 2410 1783">
    <p class='ocr_par' dir='ltr' id='par_1_18' title="bbox 917 1711 2410 1783">
     <span class='ocr_line' id='line_1_18' title="bbox 917 1711 2410 1783; baseline -0.005 -11"><span class='ocrx_word' id='word_1_111' title='bbox 917 1718 1081 1772; x_wconf 83' lang='lat' dir='ltr'><strong>Eccli.</strong></span> <span class='ocrx_word' id='word_1_112' title='bbox 1112 1734 1204 1783; x_wconf 72' lang='grc' dir='ltr'><strong>νη,</strong></span> <span class='ocrx_word' id='word_1_113' title='bbox 1228 1717 1282 1771; x_wconf 83' lang='lat'><strong>9.</strong></span> <span class='ocrx_word' id='word_1_114' title='bbox 1306 1745 1375 1756; x_wconf 88' lang='lat'><strong>-—</strong></span> <span class='ocrx_word' id='word_1_115' title='bbox 1394 1715 1515 1770; x_wconf 81' lang='lat' dir='ltr'><strong>Noli</strong></span> <span class='ocrx_word' id='word_1_116' title='bbox 1537 1729 1656 1768; x_wconf 89' lang='lat' dir='ltr'><strong>esse</strong></span> <span class='ocrx_word' id='word_1_117' title='bbox 1681 1711 2046 1782; x_wconf 87' lang='lat' dir='ltr'><strong>pusillanimis</strong></span> <span class='ocrx_word' id='word_1_118' title='bbox 2070 1713 2124 1765; x_wconf 94' lang='lat' dir='ltr'><strong>in</strong></span> <span class='ocrx_word' id='word_1_119' title='bbox 2149 1712 2410 1765; x_wconf 82' lang='lat' dir='ltr'><strong>oratione</strong></span> 
     </span>
    </p>
   </div>
   <div class='ocr_carea' id='block_1_19' title="bbox 851 1818 962 1862">
    <p class='ocr_par' dir='ltr' id='par_1_19' title="bbox 851 1818 962 1862">
     <span class='ocr_line' id='line_1_19' title="bbox 851 1818 962 1862; baseline -0.009 0"><span class='ocrx_word' id='word_1_120' title='bbox 851 1818 962 1862; x_wconf 70' lang='grc' dir='ltr'><strong>ιυο.</strong></span> 
     </span>
    </p>
   </div>
   <div class='ocr_carea' id='block_1_20' title="bbox 918 1891 2407 1960">
    <p class='ocr_par' dir='ltr' id='par_1_20' title="bbox 918 1891 2407 1960">
     <span class='ocr_line' id='line_1_20' title="bbox 918 1891 2407 1960; baseline -0.001 -13"><span class='ocrx_word' id='word_1_121' title='bbox 918 1894 1082 1948; x_wconf 79' lang='lat' dir='ltr'><strong>Eccli.</strong></span> <span class='ocrx_word' id='word_1_122' title='bbox 1114 1910 1262 1958; x_wconf 81' lang='lat' dir='ltr'><strong>mn,</strong></span> <span class='ocrx_word' id='word_1_123' title='bbox 1294 1893 1381 1947; x_wconf 69' lang='lat'><strong>2‘2.</strong></span> <span class='ocrx_word' id='word_1_124' title='bbox 1410 1921 1476 1934; x_wconf 87' lang='lat'><strong>--</strong></span> <span class='ocrx_word' id='word_1_125' title='bbox 1498 1893 1575 1946; x_wconf 80' lang='lat' dir='ltr'><strong>Ne</strong></span> <span class='ocrx_word' id='word_1_126' title='bbox 1602 1891 1919 1960; x_wconf 88' lang='lat' dir='ltr'><strong>impediaris</strong></span> <span class='ocrx_word' id='word_1_127' title='bbox 1944 1891 2174 1946; x_wconf 88' lang='lat' dir='ltr'><strong>reddere</strong></span> <span class='ocrx_word' id='word_1_128' title='bbox 2201 1891 2407 1945; x_wconf 85' lang='lat' dir='ltr'><strong>oratio-</strong></span> 
     </span>
    </p>
   </div>
   <div class='ocr_carea' id='block_1_21' title="bbox 848 1985 1862 2052">
    <p class='ocr_par' dir='ltr' id='par_1_21' title="bbox 848 1985 1862 2052">
     <span class='ocr_line' id='line_1_21' title="bbox 848 1985 1862 2052; baseline -0.008 -13"><span class='ocrx_word' id='word_1_129' title='bbox 848 2000 970 2039; x_wconf 88' lang='lat' dir='ltr'><strong>nem</strong></span> <span class='ocrx_word' id='word_1_130' title='bbox 1003 1985 1232 2038; x_wconf 88' lang='lat' dir='ltr'><strong>Domino</strong></span> <span class='ocrx_word' id='word_1_131' title='bbox 1259 1992 1504 2050; x_wconf 88' lang='lat' dir='ltr'><strong>tempore</strong></span> <span class='ocrx_word' id='word_1_132' title='bbox 1529 1991 1862 2052; x_wconf 82' lang='lat' dir='ltr'><strong>Opportnno.</strong></span> 
     </span>
    </p>
   </div>
   <div class='ocr_carea' id='block_1_22' title="bbox 919 2068 2407 2137">
    <p class='ocr_par' dir='ltr' id='par_1_22' title="bbox 919 2068 2407 2137">
     <span class='ocr_line' id='line_1_22' title="bbox 919 2068 2407 2137; baseline -0.003 -11"><span class='ocrx_word' id='word_1_133' title='bbox 919 2073 1125 2126; x_wconf 76' lang='lat' dir='ltr'><strong>Basilii.</strong></span> <span class='ocrx_word' id='word_1_134' title='bbox 1145 2103 1214 2112; x_wconf 89' lang='lat'><strong><em>—</em></strong></span> <span class='ocrx_word' id='word_1_135' title='bbox 1233 2073 1394 2126; x_wconf 84' lang='lat' dir='ltr'><strong>Auris</strong></span> <span class='ocrx_word' id='word_1_136' title='bbox 1416 2071 1621 2131; x_wconf 88' lang='lat' dir='ltr'><strong>divina,</strong></span> <span class='ocrx_word' id='word_1_137' title='bbox 1645 2085 1779 2123; x_wconf 82' lang='lat' dir='ltr'><strong>voce</strong></span> <span class='ocrx_word' id='word_1_138' title='bbox 1807 2083 1913 2122; x_wconf 93' lang='lat' dir='ltr'><strong>non</strong></span> <span class='ocrx_word' id='word_1_139' title='bbox 1935 2077 2058 2137; x_wconf 86' lang='lat' dir='ltr'><strong>eget</strong></span> <span class='ocrx_word' id='word_1_140' title='bbox 2087 2068 2154 2121; x_wconf 89' lang='lat' dir='ltr'><strong>ad</strong></span> <span class='ocrx_word' id='word_1_141' title='bbox 2181 2069 2407 2122; x_wconf 87' lang='lat' dir='ltr'><strong>audien-</strong></span> 
     </span>
    </p>
   </div>
   <div class='ocr_carea' id='block_1_23' title="bbox 847 2155 2403 2225">
    <p class='ocr_par' dir='ltr' id='par_1_23' title="bbox 847 2155 2403 2225">
     <span class='ocr_line' id='line_1_23' title="bbox 847 2155 2403 2225; baseline -0.003 -11"><span class='ocrx_word' id='word_1_142' title='bbox 847 2159 1354 2215; x_wconf 82' lang='lat' dir='ltr'><strong>dum._Novitenim</strong></span> <span class='ocrx_word' id='word_1_143' title='bbox 1381 2159 1562 2212; x_wconf 79' lang='lat' dir='ltr'><strong>statim</strong></span> <span class='ocrx_word' id='word_1_144' title='bbox 1586 2158 1643 2212; x_wconf 91' lang='lat' dir='ltr'><strong>in</strong></span> <span class='ocrx_word' id='word_1_145' title='bbox 1665 2157 1790 2225; x_wconf 86' lang='lat' dir='ltr'><strong>ipso</strong></span> <span class='ocrx_word' id='word_1_146' title='bbox 1827 2166 1977 2210; x_wconf 88' lang='lat' dir='ltr'><strong>motu</strong></span> <span class='ocrx_word' id='word_1_147' title='bbox 2019 2155 2181 2225; x_wconf 73' lang='lat'><strong>576</strong></span> <span class='ocrx_word' id='word_1_148' title='bbox 2203 2155 2403 2218; x_wconf 84' lang='lat' dir='ltr'><strong>cordis,</strong></span> 
     </span>
    </p>
   </div>
   <div class='ocr_carea' id='block_1_24' title="bbox 849 2244 2407 2320">
    <p class='ocr_par' dir='ltr' id='par_1_24' title="bbox 849 2244 2407 2320">
     <span class='ocr_line' id='line_1_24' title="bbox 849 2244 2407 2320; baseline -0.004 -17"><span class='ocrx_word' id='word_1_149' title='bbox 849 2267 914 2320; x_wconf 81' lang='lat' dir='ltr'><strong>ea</strong></span> <span class='ocrx_word' id='word_1_150' title='bbox 943 2265 1061 2319; x_wconf 79' lang='lat' dir='ltr'><strong>qua:</strong></span> <span class='ocrx_word' id='word_1_151' title='bbox 1082 2249 1446 2318; x_wconf 82' lang='lat' dir='ltr'><strong>inquiramus.</strong></span> <span class='ocrx_word' id='word_1_152' title='bbox 1469 2247 1812 2316; x_wconf 77' lang='lat' dir='ltr'><strong>dignoscere.</strong></span> <span class='ocrx_word' id='word_1_153' title='bbox 1861 2249 2056 2300; x_wconf 84' lang='lat' dir='ltr'><strong>Annon</strong></span> <span class='ocrx_word' id='word_1_154' title='bbox 2079 2245 2238 2298; x_wconf 83' lang='lat' dir='ltr'><strong>audis</strong></span> <span class='ocrx_word' id='word_1_155' title='bbox 2261 2244 2407 2312; x_wconf 90' lang='lat' dir='ltr'><strong>quod</strong></span> 
     </span>
    </p>
   </div>
   <div class='ocr_carea' id='block_1_25' title="bbox 850 2333 2408 2406">
    <p class='ocr_par' dir='ltr' id='par_1_25' title="bbox 850 2333 2408 2406">
     <span class='ocr_line' id='line_1_25' title="bbox 850 2333 2408 2406; baseline -0.006 -11"><span class='ocrx_word' id='word_1_156' title='bbox 850 2343 1046 2397; x_wconf 76' lang='lat' dir='ltr'><strong>Moses.</strong></span> <span class='ocrx_word' id='word_1_157' title='bbox 1080 2354 1205 2392; x_wconf 80' lang='lat' dir='ltr'><strong>cum</strong></span> <span class='ocrx_word' id='word_1_158' title='bbox 1233 2339 1369 2391; x_wconf 87' lang='lat' dir='ltr'><strong>nihil</strong></span> <span class='ocrx_word' id='word_1_159' title='bbox 1402 2339 1719 2406; x_wconf 89' lang='lat' dir='ltr'><strong>loqueretur</strong></span> <span class='ocrx_word' id='word_1_160' title='bbox 1741 2377 1755 2397; x_wconf 87' lang='lat'><strong>,</strong></span> <span class='ocrx_word' id='word_1_161' title='bbox 1796 2337 1978 2391; x_wconf 87' lang='lat' dir='ltr'><strong>tacitis</strong></span> <span class='ocrx_word' id='word_1_162' title='bbox 1998 2336 2113 2389; x_wconf 87' lang='lat' dir='ltr'><strong>suis</strong></span> <span class='ocrx_word' id='word_1_163' title='bbox 2155 2333 2408 2402; x_wconf 88' lang='lat' dir='ltr'><strong>suspiriis</strong></span> 
     </span>
    </p>
   </div>
   <div class='ocr_carea' id='block_1_26' title="bbox 853 2423 2408 2504">
    <p class='ocr_par' dir='ltr' id='par_1_26' title="bbox 853 2423 2408 2504">
     <span class='ocr_line' id='line_1_26' title="bbox 853 2423 2408 2504; baseline -0.005 -22"><span class='ocrx_word' id='word_1_164' title='bbox 853 2431 1138 2504; x_wconf 75' lang='lat' dir='ltr'><strong>Dominum</strong></span> <span class='ocrx_word' id='word_1_165' title='bbox 1165 2428 1516 2496; x_wconf 89' lang='lat' dir='ltr'><strong>interpellans</strong></span> <span class='ocrx_word' id='word_1_166' title='bbox 1542 2427 1714 2496; x_wconf 83' lang='lat' dir='ltr'><strong>(Rom.</strong></span> <span class='ocrx_word' id='word_1_167' title='bbox 1737 2442 1854 2490; x_wconf 88' lang='lat' dir='ltr'><strong>vm,</strong></span> <span class='ocrx_word' id='word_1_168' title='bbox 1877 2426 1991 2496; x_wconf 55' lang='lat'><strong>‘26),</strong></span> <span class='ocrx_word' id='word_1_169' title='bbox 2014 2424 2238 2478; x_wconf 90' lang='lat' dir='ltr'><strong>auditus</strong></span> <span class='ocrx_word' id='word_1_170' title='bbox 2257 2423 2327 2476; x_wconf 92' lang='lat' dir='ltr'><strong>ab</strong></span> <span class='ocrx_word' id='word_1_171' title='bbox 2339 2437 2408 2476; x_wconf 90' lang='lat' dir='ltr'><strong>eo</strong></span> 
     </span>
    </p>
   </div>
   <div class='ocr_carea' id='block_1_27' title="bbox 855 2513 2342 2584">
    <p class='ocr_par' dir='ltr' id='par_1_27' title="bbox 855 2513 2342 2584">
     <span class='ocr_line' id='line_1_27' title="bbox 855 2513 2342 2584; baseline -0.005 -10"><span class='ocrx_word' id='word_1_172' title='bbox 855 2521 944 2583; x_wconf 79' lang='lat' dir='ltr'><strong>sit,</strong></span> <span class='ocrx_word' id='word_1_173' title='bbox 985 2521 1196 2574; x_wconf 90' lang='lat' dir='ltr'><strong>dicente</strong></span> <span class='ocrx_word' id='word_1_174' title='bbox 1221 2539 1236 2572; x_wconf 87' lang='lat'><strong>:</strong></span> <span class='ocrx_word' id='word_1_175' title='bbox 1265 2518 1400 2582; x_wconf 73' lang='lat' dir='ltr'><strong>Quid</strong></span> <span class='ocrx_word' id='word_1_176' title='bbox 1423 2519 1623 2574; x_wconf 73' lang='lat' dir='ltr'><strong>clamas</strong></span> <span class='ocrx_word' id='word_1_177' title='bbox 1651 2519 1718 2570; x_wconf 82' lang='lat' dir='ltr'><strong>ad</strong></span> <span class='ocrx_word' id='word_1_178' title='bbox 1750 2533 1830 2570; x_wconf 82' lang='lat' dir='ltr'><strong>me</strong></span> <span class='ocrx_word' id='word_1_179' title='bbox 1857 2516 2052 2583; x_wconf 73' lang='lat' dir='ltr'><strong>(Exod.</strong></span> <span class='ocrx_word' id='word_1_180' title='bbox 2077 2532 2187 2578; x_wconf 73' lang='lat' dir='ltr'><strong>slv,</strong></span> <span class='ocrx_word' id='word_1_181' title='bbox 2211 2513 2298 2584; x_wconf 78' lang='grc'><strong>15)</strong></span> <span class='ocrx_word' id='word_1_182' title='bbox 2317 2515 2342 2566; x_wconf 81' lang='lat'><strong>?</strong></span> 
     </span>
    </p>
   </div>
   <div class='ocr_carea' id='block_1_28' title="bbox 925 2599 2407 2672">
    <p class='ocr_par' dir='ltr' id='par_1_28' title="bbox 925 2599 2407 2672">
     <span class='ocr_line' id='line_1_28' title="bbox 925 2599 2407 2672; baseline -0.004 -12"><span class='ocrx_word' id='word_1_183' title='bbox 925 2599 1200 2661; x_wconf 79' lang='lat' dir='ltr'><strong>Justorum</strong></span> <span class='ocrx_word' id='word_1_184' title='bbox 1222 2607 1368 2660; x_wconf 86' lang='lat' dir='ltr'><strong>enim</strong></span> <span class='ocrx_word' id='word_1_185' title='bbox 1397 2621 1624 2672; x_wconf 86' lang='lat' dir='ltr'><strong>operum</strong></span> <span class='ocrx_word' id='word_1_186' title='bbox 1657 2603 1968 2672; x_wconf 74' lang='lat' dir='ltr'><strong>praesentia,</strong></span> <span class='ocrx_word' id='word_1_187' title='bbox 1997 2601 2234 2670; x_wconf 73' lang='lat' dir='ltr'><strong>ingentis</strong></span> <span class='ocrx_word' id='word_1_188' title='bbox 2263 2599 2407 2670; x_wconf 89' lang='lat' dir='ltr'><strong>apud</strong></span> 
     </span>
    </p>
   </div>
   <div class='ocr_carea' id='block_1_29' title="bbox 853 2682 1734 2751">
    <p class='ocr_par' dir='ltr' id='par_1_29' title="bbox 853 2682 1734 2751">
     <span class='ocr_line' id='line_1_29' title="bbox 853 2682 1734 2751; baseline -0.009 0"><span class='ocrx_word' id='word_1_189' title='bbox 853 2695 1023 2751; x_wconf 86' lang='lat' dir='ltr'><strong>Deum</strong></span> <span class='ocrx_word' id='word_1_190' title='bbox 1061 2682 1316 2750; x_wconf 83' lang='lat' dir='ltr'><strong>clamoris</strong></span> <span class='ocrx_word' id='word_1_191' title='bbox 1345 2695 1519 2748; x_wconf 88' lang='lat' dir='ltr'><strong>vicem</strong></span> <span class='ocrx_word' id='word_1_192' title='bbox 1554 2685 1734 2747; x_wconf 78' lang='lat' dir='ltr'><strong>habet.</strong></span> 
     </span>
    </p>
   </div>
   <div class='ocr_carea' id='block_1_30' title="bbox 927 2798 2407 2873">
    <p class='ocr_par' dir='ltr' id='par_1_30' title="bbox 927 2798 2407 2873">
     <span class='ocr_line' id='line_1_30' title="bbox 927 2798 2407 2873; baseline -0.003 -17"><span class='ocrx_word' id='word_1_193' title='bbox 927 2803 1185 2873; x_wconf 76' lang='lat' dir='ltr'><strong>Theologi.</strong></span> <span class='ocrx_word' id='word_1_194' title='bbox 1212 2833 1281 2842; x_wconf 92' lang='lat'>—</span> <span class='ocrx_word' id='word_1_195' title='bbox 1309 2803 1384 2857; x_wconf 84' lang='lat' dir='ltr'><strong>Ne</strong></span> <span class='ocrx_word' id='word_1_196' title='bbox 1408 2803 1724 2872; x_wconf 88' lang='lat' dir='ltr'><strong>abjectioris</strong></span> <span class='ocrx_word' id='word_1_197' title='bbox 1754 2799 1922 2853; x_wconf 91' lang='lat' dir='ltr'><strong>animi</strong></span> <span class='ocrx_word' id='word_1_198' title='bbox 1946 2798 2407 2867; x_wconf 86' lang='lat' dir='ltr'><strong>velutque&#39;sordi-</strong></span> 
     </span>
    </p>
   </div>
   <div class='ocr_carea' id='block_1_31' title="bbox 847 2888 2407 2958">
    <p class='ocr_par' dir='ltr' id='par_1_31' title="bbox 847 2888 2407 2958">
     <span class='ocr_line' id='line_1_31' title="bbox 847 2888 2407 2958; baseline -0.002 -12"><span class='ocrx_word' id='word_1_199' title='bbox 847 2890 1026 2958; x_wconf 65' lang='lat' dir='ltr'><strong>nioris</strong></span> <span class='ocrx_word' id='word_1_200' title='bbox 1047 2901 1227 2951; x_wconf 77' lang='lat' dir='ltr'><strong>notam</strong></span> <span class='ocrx_word' id='word_1_201' title='bbox 1269 2891 1429 2944; x_wconf 85' lang='lat' dir='ltr'><strong>nobis</strong></span> <span class='ocrx_word' id='word_1_202' title='bbox 1452 2905 1811 2950; x_wconf 88' lang='lat' dir='ltr'><strong>arcessamus.</strong></span> <span class='ocrx_word' id='word_1_203' title='bbox 1854 2889 1983 2942; x_wconf 90' lang='lat' dir='ltr'><strong>dum</strong></span> <span class='ocrx_word' id='word_1_204' title='bbox 2027 2888 2407 2956; x_wconf 75' lang='lat' dir='ltr'><strong>minuta,un-</strong></span> 
     </span>
    </p>
   </div>
   <div class='ocr_carea' id='block_1_32' title="bbox 855 2975 2408 3048">
    <p class='ocr_par' dir='ltr' id='par_1_32' title="bbox 855 2975 2408 3048">
     <span class='ocr_line' id='line_1_32' title="bbox 855 2975 2408 3048; baseline -0.004 -15"><span class='ocrx_word' id='word_1_205' title='bbox 855 2981 978 3034; x_wconf 93' lang='lat' dir='ltr'><strong>dam</strong></span> <span class='ocrx_word' id='word_1_206' title='bbox 1007 2995 1106 3033; x_wconf 91' lang='lat' dir='ltr'><strong>nec</strong></span> <span class='ocrx_word' id='word_1_207' title='bbox 1130 2980 1290 3048; x_wconf 84' lang='lat' dir='ltr'><strong>digna</strong></span> <span class='ocrx_word' id='word_1_208' title='bbox 1325 2980 1456 3032; x_wconf 83' lang='lat' dir='ltr'><strong>satis</strong></span> <span class='ocrx_word' id='word_1_209' title='bbox 1486 2977 1766 3047; x_wconf 83' lang='lat' dir='ltr'><strong>Iargientis</strong></span> <span class='ocrx_word' id='word_1_210' title='bbox 1793 2977 2194 3040; x_wconf 77' lang='lat' dir='ltr'><strong>muniﬁcentia,</strong></span> <span class='ocrx_word' id='word_1_211' title='bbox 2234 2990 2266 3029; x_wconf 85' lang='lat' dir='ltr'><strong>a</strong></span> <span class='ocrx_word' id='word_1_212' title='bbox 2295 2975 2408 3028; x_wconf 89' lang='lat' dir='ltr'><strong>Deo</strong></span> 
     </span>
    </p>
   </div>
   <div class='ocr_carea' id='block_1_33' title="bbox 855 3071 1214 3140">
    <p class='ocr_par' dir='ltr' id='par_1_33' title="bbox 855 3071 1214 3140">
     <span class='ocr_line' id='line_1_33' title="bbox 855 3071 1214 3140; baseline -0.006 -17"><span class='ocrx_word' id='word_1_213' title='bbox 855 3071 1214 3140; x_wconf 80' lang='lat' dir='ltr'><strong>postulamus.</strong></span> 
     </span>
    </p>
   </div>
   <div class='ocr_carea' id='block_1_34' title="bbox 925 3158 2407 3231">
    <p class='ocr_par' dir='ltr' id='par_1_34' title="bbox 925 3158 2407 3231">
     <span class='ocr_line' id='line_1_34' title="bbox 925 3158 2407 3231; baseline -0.001 -17"><span class='ocrx_word' id='word_1_214' title='bbox 925 3158 1186 3231; x_wconf 64' lang='lat' dir='ltr'><strong>Cltfy808_l.</strong></span> <span class='ocrx_word' id='word_1_215' title='bbox 1227 3187 1295 3199; x_wconf 90' lang='lat'><strong>—</strong></span> <span class='ocrx_word' id='word_1_216' title='bbox 1337 3158 1524 3227; x_wconf 73' lang='lat' dir='ltr'><strong>Magna</strong></span> <span class='ocrx_word' id='word_1_217' title='bbox 1569 3158 1814 3226; x_wconf 66' lang='lat' dir='ltr'><strong>quaedam</strong></span> <span class='ocrx_word' id='word_1_218' title='bbox 1870 3173 1957 3211; x_wconf 88' lang='lat' dir='ltr'><strong>res</strong></span> <span class='ocrx_word' id='word_1_219' title='bbox 1991 3165 2075 3211; x_wconf 89' lang='lat' dir='ltr'><strong>est</strong></span> <span class='ocrx_word' id='word_1_220' title='bbox 2110 3168 2288 3212; x_wconf 81' lang='lat' dir='ltr'><strong>oratio</strong></span> <span class='ocrx_word' id='word_1_221' title='bbox 2312 3199 2327 3223; x_wconf 97' lang='lat'><strong>,</strong></span> <span class='ocrx_word' id='word_1_222' title='bbox 2361 3159 2407 3214; x_wconf 91' lang='lat' dir='ltr'><strong>si</strong></span> 
     </span>
    </p>
   </div>
   <div class='ocr_carea' id='block_1_35' title="bbox 855 3246 2408 3318">
    <p class='ocr_par' dir='ltr' id='par_1_35' title="bbox 855 3246 2408 3318">
     <span class='ocr_line' id='line_1_35' title="bbox 855 3246 2408 3318; baseline -0.001 -15"><span class='ocrx_word' id='word_1_223' title='bbox 855 3251 1037 3303; x_wconf 91' lang='lat' dir='ltr'><strong>animo</strong></span> <span class='ocrx_word' id='word_1_224' title='bbox 1067 3250 1120 3301; x_wconf 94' lang='lat' dir='ltr'><strong>in</strong></span> <span class='ocrx_word' id='word_1_225' title='bbox 1150 3249 1316 3301; x_wconf 90' lang='lat' dir='ltr'><strong>Deum</strong></span> <span class='ocrx_word' id='word_1_226' title='bbox 1349 3259 1498 3318; x_wconf 84' lang='lat' dir='ltr'><strong>grato</strong></span> <span class='ocrx_word' id='word_1_227' title='bbox 1532 3263 1596 3301; x_wconf 91' lang='lat' dir='ltr'><strong>ac</strong></span> <span class='ocrx_word' id='word_1_228' title='bbox 1629 3249 1863 3301; x_wconf 76' lang='lat' dir='ltr'><strong>candere</strong></span> <span class='ocrx_word' id='word_1_229' title='bbox 1892 3246 1982 3299; x_wconf 81' lang='lat' dir='ltr'><strong>ﬁat</strong></span> <span class='ocrx_word' id='word_1_230' title='bbox 2012 3264 2023 3298; x_wconf 90' lang='lat'>:</span> <span class='ocrx_word' id='word_1_231' title='bbox 2057 3248 2102 3300; x_wconf 88' lang='lat' dir='ltr'><strong>si</strong></span> <span class='ocrx_word' id='word_1_232' title='bbox 2127 3262 2226 3301; x_wconf 90' lang='lat' dir='ltr'><strong>nos</strong></span> <span class='ocrx_word' id='word_1_233' title='bbox 2260 3248 2408 3316; x_wconf 86' lang='lat' dir='ltr'><strong>ipsos</strong></span> 
     </span>
    </p>
   </div>
   <div class='ocr_carea' id='block_1_36' title="bbox 860 3335 2403 3405">
    <p class='ocr_par' dir='ltr' id='par_1_36' title="bbox 860 3335 2403 3405">
     <span class='ocr_line' id='line_1_36' title="bbox 860 3335 2403 3405; baseline 0 -15"><span class='ocrx_word' id='word_1_234' title='bbox 860 3339 1205 3391; x_wconf 87' lang='lat' dir='ltr'><strong>instituamus</strong></span> <span class='ocrx_word' id='word_1_235' title='bbox 1228 3376 1242 3399; x_wconf 91' lang='lat'><strong>,</strong></span> <span class='ocrx_word' id='word_1_236' title='bbox 1278 3347 1336 3390; x_wconf 93' lang='lat' dir='ltr'><strong>ut</strong></span> <span class='ocrx_word' id='word_1_237' title='bbox 1385 3336 1584 3390; x_wconf 92' lang='lat' dir='ltr'><strong>nedum</strong></span> <span class='ocrx_word' id='word_1_238' title='bbox 1616 3352 1738 3390; x_wconf 88' lang='lat' dir='ltr'><strong>cum</strong></span> <span class='ocrx_word' id='word_1_239' title='bbox 1767 3335 2060 3405; x_wconf 88' lang='lat' dir='ltr'><strong>petitiones</strong></span> <span class='ocrx_word' id='word_1_240' title='bbox 2086 3337 2403 3404; x_wconf 78' lang='lat' dir='ltr'><strong>accipimds,</strong></span> 
     </span>
    </p>
   </div>
   <div class='ocr_carea' id='block_1_37' title="bbox 861 3425 2402 3494">
    <p class='ocr_par' dir='ltr' id='par_1_37' title="bbox 861 3425 2402 3494">
     <span class='ocr_line' id='line_1_37' title="bbox 861 3425 2402 3494; baseline -0.001 -13"><span class='ocrx_word' id='word_1_241' title='bbox 861 3431 972 3481; x_wconf 82' lang='lat' dir='ltr'><strong>Deo</strong></span> <span class='ocrx_word' id='word_1_242' title='bbox 1003 3428 1201 3494; x_wconf 83' lang='lat' dir='ltr'><strong>gratias</strong></span> <span class='ocrx_word' id='word_1_243' title='bbox 1249 3442 1492 3494; x_wconf 87' lang='lat' dir='ltr'><strong>agamus,</strong></span> <span class='ocrx_word' id='word_1_244' title='bbox 1542 3427 1636 3479; x_wconf 89' lang='lat' dir='ltr'><strong>sed</strong></span> <span class='ocrx_word' id='word_1_245' title='bbox 1662 3436 1863 3479; x_wconf 88' lang='lat' dir='ltr'><strong>etcum</strong></span> <span class='ocrx_word' id='word_1_246' title='bbox 1904 3425 2022 3478; x_wconf 90' lang='lat' dir='ltr'><strong>‘illis</strong></span> <span class='ocrx_word' id='word_1_247' title='bbox 2057 3425 2402 3479; x_wconf 78' lang='lat' dir='ltr'><strong>frustrantur.</strong></span> 
     </span>
    </p>
   </div>
   <div class='ocr_carea' id='block_1_38' title="bbox 858 3515 2407 3592">
    <p class='ocr_par' dir='ltr' id='par_1_38' title="bbox 858 3515 2407 3592">
     <span class='ocr_line' id='line_1_38' title="bbox 858 3515 2407 3592; baseline 0 -23"><span class='ocrx_word' id='word_1_248' title='bbox 858 3518 1194 3585; x_wconf 82' lang='lat' dir='ltr'><strong>Quandoque</strong></span> <span class='ocrx_word' id='word_1_249' title='bbox 1243 3515 1388 3592; x_wconf 87' lang='lat' dir='ltr'><strong>enim</strong></span> <span class='ocrx_word' id='word_1_250' title='bbox 1429 3515 1542 3576; x_wconf 91' lang='lat' dir='ltr'><strong>dat,</strong></span> <span class='ocrx_word' id='word_1_251' title='bbox 1589 3515 1920 3582; x_wconf 88' lang='lat' dir='ltr'><strong>quandoque</strong></span> <span class='ocrx_word' id='word_1_252' title='bbox 1964 3529 2094 3567; x_wconf 88' lang='lat' dir='ltr'><strong>vero</strong></span> <span class='ocrx_word' id='word_1_253' title='bbox 2136 3530 2245 3568; x_wconf 92' lang='lat' dir='ltr'><strong>non</strong></span> <span class='ocrx_word' id='word_1_254' title='bbox 2293 3516 2407 3580; x_wconf 86' lang='lat' dir='ltr'><strong>dat,</strong></span> 
     </span>
    </p>
   </div>
   <div class='ocr_carea' id='block_1_39' title="bbox 853 3603 2409 3674">
    <p class='ocr_par' dir='ltr' id='par_1_39' title="bbox 853 3603 2409 3674">
     <span class='ocr_line' id='line_1_39' title="bbox 853 3603 2409 3674; baseline -0.002 -13"><span class='ocrx_word' id='word_1_255' title='bbox 853 3608 979 3661; x_wconf 78' lang='lat' dir='ltr'><strong>utili</strong></span> <span class='ocrx_word' id='word_1_256' title='bbox 1009 3616 1300 3674; x_wconf 87' lang='lat' dir='ltr'><strong>utrumque</strong></span> <span class='ocrx_word' id='word_1_257' title='bbox 1329 3603 1737 3658; x_wconf 78' lang='lat' dir='ltr'><strong>consilio.&#39;Sive</strong></span> <span class='ocrx_word' id='word_1_258' title='bbox 1765 3604 1940 3672; x_wconf 72' lang='lat' dir='ltr'><strong>igitur</strong></span> <span class='ocrx_word' id='word_1_259' title='bbox 1961 3603 2259 3670; x_wconf 83' lang='lat' dir='ltr'><strong>acceperis,</strong></span> <span class='ocrx_word' id='word_1_260' title='bbox 2296 3605 2409 3658; x_wconf 87' lang='lat' dir='ltr'><strong>sive</strong></span> 
     </span>
    </p>
   </div>
   <div class='ocr_carea' id='block_1_40' title="bbox 861 3691 2411 3760">
    <p class='ocr_par' dir='ltr' id='par_1_40' title="bbox 861 3691 2411 3760">
     <span class='ocr_line' id='line_1_40' title="bbox 861 3691 2411 3760; baseline 0 -14"><span class='ocrx_word' id='word_1_261' title='bbox 861 3709 968 3747; x_wconf 91' lang='lat' dir='ltr'><strong>non</strong></span> <span class='ocrx_word' id='word_1_262' title='bbox 998 3694 1292 3760; x_wconf 86' lang='lat' dir='ltr'><strong>acceperis.</strong></span> <span class='ocrx_word' id='word_1_263' title='bbox 1322 3693 1486 3745; x_wconf 82' lang='lat' dir='ltr'><strong>etiam</strong></span> <span class='ocrx_word' id='word_1_264' title='bbox 1524 3709 1632 3745; x_wconf 91' lang='lat' dir='ltr'><strong>non</strong></span> <span class='ocrx_word' id='word_1_265' title='bbox 1667 3691 2018 3760; x_wconf 82' lang='lat' dir='ltr'><strong>accipiendo,</strong></span> <span class='ocrx_word' id='word_1_266' title='bbox 2054 3691 2212 3760; x_wconf 87' lang='lat' dir='ltr'><strong>plane</strong></span> <span class='ocrx_word' id='word_1_267' title='bbox 2255 3707 2411 3746; x_wconf 86' lang='lat' dir='ltr'><strong>acce-</strong></span> 
     </span>
    </p>
   </div>
   <div class='ocr_carea' id='block_1_41' title="bbox 859 3781 2410 3852">
    <p class='ocr_par' dir='ltr' id='par_1_41' title="bbox 859 3781 2410 3852">
     <span class='ocr_line' id='line_1_41' title="bbox 859 3781 2410 3852; baseline -0.001 -16"><span class='ocrx_word' id='word_1_268' title='bbox 859 3783 987 3852; x_wconf 87' lang='lat' dir='ltr'><strong>pisti</strong></span> <span class='ocrx_word' id='word_1_269' title='bbox 1017 3800 1029 3834; x_wconf 92' lang='lat'>:</span> <span class='ocrx_word' id='word_1_270' title='bbox 1064 3783 1176 3836; x_wconf 86' lang='lat' dir='ltr'><strong>sive</strong></span> <span class='ocrx_word' id='word_1_271' title='bbox 1206 3783 1602 3850; x_wconf 85' lang='lat' dir='ltr'><strong>impetraveris.</strong></span> <span class='ocrx_word' id='word_1_272' title='bbox 1636 3784 1751 3835; x_wconf 90' lang='lat' dir='ltr'><strong>sive</strong></span> <span class='ocrx_word' id='word_1_273' title='bbox 1788 3797 1896 3834; x_wconf 93' lang='lat' dir='ltr'><strong>non</strong></span> <span class='ocrx_word' id='word_1_274' title='bbox 1928 3781 2332 3849; x_wconf 83' lang='lat' dir='ltr'><strong>impetraveris,</strong></span> <span class='ocrx_word' id='word_1_275' title='bbox 2355 3791 2410 3836; x_wconf 89' lang='lat' dir='ltr'><strong>et</strong></span> 
     </span>
    </p>
   </div>
   <div class='ocr_carea' id='block_1_42' title="bbox 860 3869 2409 3940">
    <p class='ocr_par' dir='ltr' id='par_1_42' title="bbox 860 3869 2409 3940">
     <span class='ocr_line' id='line_1_42' title="bbox 860 3869 2409 3940; baseline 0.001 -15"><span class='ocrx_word' id='word_1_276' title='bbox 860 3887 968 3926; x_wconf 87' lang='lat' dir='ltr'><strong>non</strong></span> <span class='ocrx_word' id='word_1_277' title='bbox 1029 3872 1398 3940; x_wconf 89' lang='lat' dir='ltr'><strong>impetrando,</strong></span> <span class='ocrx_word' id='word_1_278' title='bbox 1447 3872 1636 3938; x_wconf 88' lang='lat' dir='ltr'><strong>utique</strong></span> <span class='ocrx_word' id='word_1_279' title='bbox 1698 3871 2022 3938; x_wconf 84' lang='lat' dir='ltr'><strong>impetrasti.</strong></span> <span class='ocrx_word' id='word_1_280' title='bbox 2073 3869 2409 3940; x_wconf 84' lang='lat' dir='ltr'><strong>Quandoque</strong></span> 
     </span>
    </p>
   </div>
   <div class='ocr_carea' id='block_1_43' title="bbox 857 3958 2408 4028">
    <p class='ocr_par' dir='ltr' id='par_1_43' title="bbox 857 3958 2408 4028">
     <span class='ocr_line' id='line_1_43' title="bbox 857 3958 2408 4028; baseline -0.001 -14"><span class='ocrx_word' id='word_1_281' title='bbox 857 3960 1005 4015; x_wconf 86' lang='lat' dir='ltr'><strong>enim</strong></span> <span class='ocrx_word' id='word_1_282' title='bbox 1033 3974 1141 4012; x_wconf 92' lang='lat' dir='ltr'><strong>non</strong></span> <span class='ocrx_word' id='word_1_283' title='bbox 1179 3961 1444 4028; x_wconf 87' lang='lat' dir='ltr'><strong>accipere.</strong></span> <span class='ocrx_word' id='word_1_284' title='bbox 1466 3958 1868 4011; x_wconf 90' lang='lat' dir='ltr'><strong>conducibilius</strong></span> <span class='ocrx_word' id='word_1_285' title='bbox 1887 3966 1990 4010; x_wconf 91' lang='lat' dir='ltr'><strong>est.</strong></span> <span class='ocrx_word' id='word_1_286' title='bbox 2016 3958 2150 4011; x_wconf 80' lang='lat' dir='ltr'><strong>Nam</strong></span> <span class='ocrx_word' id='word_1_287' title='bbox 2174 3959 2280 4012; x_wconf 85' lang='lat' dir='ltr'><strong>nisi</strong></span> <span class='ocrx_word' id='word_1_288' title='bbox 2301 3973 2408 4013; x_wconf 91' lang='lat' dir='ltr'><strong>non</strong></span> 
     </span>
    </p>
   </div>
   <div class='ocr_carea' id='block_1_44' title="bbox 861 4045 2412 4118">
    <p class='ocr_par' dir='ltr' id='par_1_44' title="bbox 861 4045 2412 4118">
     <span class='ocr_line' id='line_1_44' title="bbox 861 4045 2412 4118; baseline -0.003 -13"><span class='ocrx_word' id='word_1_289' title='bbox 861 4049 1107 4118; x_wconf 64' lang='lat' dir='ltr'><strong>accipere</strong></span> <span class='ocrx_word' id='word_1_290' title='bbox 1135 4047 1278 4101; x_wconf 89' lang='lat' dir='ltr'><strong>haud</strong></span> <span class='ocrx_word' id='word_1_291' title='bbox 1307 4064 1427 4100; x_wconf 88' lang='lat' dir='ltr'><strong>raro</strong></span> <span class='ocrx_word' id='word_1_292' title='bbox 1452 4063 1518 4100; x_wconf 77' lang='lat' dir='ltr'><strong>ex</strong></span> <span class='ocrx_word' id='word_1_293' title='bbox 1542 4045 1741 4099; x_wconf 89' lang='lat' dir='ltr'><strong>nostris</strong></span> <span class='ocrx_word' id='word_1_294' title='bbox 1779 4045 2082 4100; x_wconf 87' lang='lat' dir='ltr'><strong>rationibus</strong></span> <span class='ocrx_word' id='word_1_295' title='bbox 2105 4055 2270 4109; x_wconf 85' lang='lat' dir='ltr'><strong>esset,</strong></span> <span class='ocrx_word' id='word_1_296' title='bbox 2295 4062 2412 4100; x_wconf 88' lang='lat' dir='ltr'><strong>om—</strong></span> 
     </span>
    </p>
   </div>
   <div class='ocr_carea' id='block_1_45' title="bbox 2495 564 4052 636">
    <p class='ocr_par' dir='ltr' id='par_1_45' title="bbox 2495 564 4052 636">
     <span class='ocr_line' id='line_1_45' title="bbox 2495 564 4052 636; baseline 0.004 -22"><span class='ocrx_word' id='word_1_297' title='bbox 2495 564 2674 614; x_wconf 86' lang='grc' dir='ltr'><strong>αὐτῶν</strong></span> <span class='ocrx_word' id='word_1_298' title='bbox 2699 564 3231 633; x_wconf 72' lang='grc' dir='ltr'><strong>εἰσακουσθήσονται.</strong></span> <span class='ocrx_word' id='word_1_299' title='bbox 3257 565 3346 634; x_wconf 78' lang='grc' dir='ltr'><strong>Μὴ</strong></span> <span class='ocrx_word' id='word_1_300' title='bbox 3382 565 3474 618; x_wconf 81' lang='grc' dir='ltr'><strong>οὖν</strong></span> <span class='ocrx_word' id='word_1_301' title='bbox 3517 568 3818 636; x_wconf 78' lang='grc' dir='ltr'><strong>ὁμοιωθῆτε</strong></span> <span class='ocrx_word' id='word_1_302' title='bbox 3856 572 4052 632; x_wconf 81' lang='grc' dir='ltr'><strong>αὐτοῖς·</strong></span> 
     </span>
    </p>
   </div>
   <div class='ocr_carea' id='block_1_46' title="bbox 2495 647 4054 726">
    <p class='ocr_par' dir='ltr' id='par_1_46' title="bbox 2495 647 4054 726">
     <span class='ocr_line' id='line_1_46' title="bbox 2495 647 4054 726; baseline 0.006 -23"><span class='ocrx_word' id='word_1_303' title='bbox 2495 647 2602 704; x_wconf 69' lang='grc' dir='ltr'><strong>οἶδε</strong></span> <span class='ocrx_word' id='word_1_304' title='bbox 2631 653 2738 720; x_wconf 82' lang='grc' dir='ltr'><strong>γὰρ</strong></span> <span class='ocrx_word' id='word_1_305' title='bbox 2769 655 2797 705; x_wconf 82' lang='grc' dir='ltr'><strong>ὀ</strong></span> <span class='ocrx_word' id='word_1_306' title='bbox 2822 653 3009 722; x_wconf 76' lang='grc' dir='ltr'><strong>Πατὴρ</strong></span> <span class='ocrx_word' id='word_1_307' title='bbox 3045 651 3196 723; x_wconf 80' lang='grc' dir='ltr'><strong>ὐμῶν</strong></span> <span class='ocrx_word' id='word_1_308' title='bbox 3224 649 3299 706; x_wconf 81' lang='grc' dir='ltr'><strong>ὧν</strong></span> <span class='ocrx_word' id='word_1_309' title='bbox 3329 656 3518 724; x_wconf 84' lang='grc' dir='ltr'><strong>χρείαν</strong></span> <span class='ocrx_word' id='word_1_310' title='bbox 3579 655 3750 724; x_wconf 72' lang='grc' dir='ltr'><strong>ἔχετε,</strong></span> <span class='ocrx_word' id='word_1_311' title='bbox 3805 659 3911 726; x_wconf 79' lang='grc' dir='ltr'><strong>πρὸ</strong></span> <span class='ocrx_word' id='word_1_312' title='bbox 3966 660 4054 713; x_wconf 77' lang='grc' dir='ltr'><strong>τοῦ</strong></span> 
     </span>
    </p>
   </div>
   <div class='ocr_carea' id='block_1_47' title="bbox 2500 740 3118 810">
    <p class='ocr_par' dir='ltr' id='par_1_47' title="bbox 2500 740 3118 810">
     <span class='ocr_line' id='line_1_47' title="bbox 2500 740 3118 810; baseline 0.006 -19"><span class='ocrx_word' id='word_1_313' title='bbox 2500 740 2640 807; x_wconf 75' lang='grc' dir='ltr'><strong>ὑμᾶς</strong></span> <span class='ocrx_word' id='word_1_314' title='bbox 2683 743 2904 810; x_wconf 78' lang='grc' dir='ltr'><strong>αίτῆσαι</strong></span> <span class='ocrx_word' id='word_1_315' title='bbox 2935 743 3118 795; x_wconf 76' lang='grc' dir='ltr'><strong>αὐτόν.</strong></span> 
     </span>
    </p>
   </div>
   <div class='ocr_carea' id='block_1_48' title="bbox 2581 831 4052 905">
    <p class='ocr_par' dir='ltr' id='par_1_48' title="bbox 2581 831 4052 905">
     <span class='ocr_line' id='line_1_48' title="bbox 2581 831 4052 905; baseline 0.007 -24"><span class='ocrx_word' id='word_1_316' title='bbox 2581 831 2724 882; x_wconf 80' lang='grc' dir='ltr'><strong>’1ακ.</strong></span> <span class='ocrx_word' id='word_1_317' title='bbox 2752 837 2816 884; x_wconf 79' lang='grc' dir='ltr'><strong>ε’.</strong></span> <span class='ocrx_word' id='word_1_318' title='bbox 2848 833 3246 884; x_wconf 76' lang='grc' dir='ltr'><strong>-Κακοπαοεῖ</strong></span> <span class='ocrx_word' id='word_1_319' title='bbox 3267 849 3350 892; x_wconf 90' lang='grc' dir='ltr'><strong>τις</strong></span> <span class='ocrx_word' id='word_1_320' title='bbox 3371 834 3429 883; x_wconf 72' lang='grc' dir='ltr'><strong>ὲν</strong></span> <span class='ocrx_word' id='word_1_321' title='bbox 3463 833 3628 899; x_wconf 60' lang='lat' dir='ltr'><strong>om;</strong></span> <span class='ocrx_word' id='word_1_322' title='bbox 3658 836 4052 905; x_wconf 72' lang='grc' dir='ltr'><strong>προσευχέσθω.</strong></span> 
     </span>
    </p>
   </div>
   <div class='ocr_carea' id='block_1_49' title="bbox 2498 917 4059 994">
    <p class='ocr_par' dir='ltr' id='par_1_49' title="bbox 2498 917 4059 994">
     <span class='ocr_line' id='line_1_49' title="bbox 2498 917 4059 994; baseline 0.004 -24"><span class='ocrx_word' id='word_1_323' title='bbox 2498 917 2738 986; x_wconf 79' lang='grc' dir='ltr'><strong>Εὐθυμεῖ</strong></span> <span class='ocrx_word' id='word_1_324' title='bbox 2753 935 2870 982; x_wconf 84' lang='grc' dir='ltr'><strong>τις;</strong></span> <span class='ocrx_word' id='word_1_325' title='bbox 2896 919 3160 987; x_wconf 79' lang='grc' dir='ltr'><strong>ψαλλέτω.</strong></span> <span class='ocrx_word' id='word_1_326' title='bbox 3200 921 3440 973; x_wconf 78' lang='grc' dir='ltr'><strong>Ἀσθενεῖ</strong></span> <span class='ocrx_word' id='word_1_327' title='bbox 3474 937 3558 982; x_wconf 87' lang='grc' dir='ltr'><strong>τις</strong></span> <span class='ocrx_word' id='word_1_328' title='bbox 3601 925 3658 973; x_wconf 80' lang='grc' dir='ltr'><strong>ἐν</strong></span> <span class='ocrx_word' id='word_1_329' title='bbox 3704 923 3861 991; x_wconf 84' lang='grc' dir='ltr'><strong>ὐμῖν;</strong></span> <span class='ocrx_word' id='word_1_330' title='bbox 3895 941 4059 994; x_wconf 80' lang='grc' dir='ltr'><strong>προσ-</strong></span> 
     </span>
    </p>
   </div>
   <div class='ocr_carea' id='block_1_50' title="bbox 2499 1004 4056 1078">
    <p class='ocr_par' dir='ltr' id='par_1_50' title="bbox 2499 1004 4056 1078">
     <span class='ocr_line' id='line_1_50' title="bbox 2499 1004 4056 1078; baseline 0.007 -22"><span class='ocrx_word' id='word_1_331' title='bbox 2499 1004 2814 1057; x_wconf 78' lang='grc' dir='ltr'><strong>καλεσάσθω</strong></span> <span class='ocrx_word' id='word_1_332' title='bbox 2860 1007 2989 1068; x_wconf 87' lang='grc' dir='ltr'><strong>τούς</strong></span> <span class='ocrx_word' id='word_1_333' title='bbox 3027 1007 3429 1076; x_wconf 80' lang='grc' dir='ltr'><strong>πρεσϐυτέρους</strong></span> <span class='ocrx_word' id='word_1_334' title='bbox 3453 1009 3555 1074; x_wconf 83' lang='grc' dir='ltr'><strong>τῆς</strong></span> <span class='ocrx_word' id='word_1_335' title='bbox 3596 1009 3942 1078; x_wconf 82' lang='grc' dir='ltr'><strong>Ἐκκλησίας,</strong></span> <span class='ocrx_word' id='word_1_336' title='bbox 3969 1015 4056 1067; x_wconf 81' lang='grc' dir='ltr'><strong>καὶ</strong></span> 
     </span>
    </p>
   </div>
   <div class='ocr_carea' id='block_1_51' title="bbox 2500 1094 4057 1170">
    <p class='ocr_par' dir='ltr' id='par_1_51' title="bbox 2500 1094 4057 1170">
     <span class='ocr_line' id='line_1_51' title="bbox 2500 1094 4057 1170; baseline 0.004 -24"><span class='ocrx_word' id='word_1_337' title='bbox 2500 1094 2992 1163; x_wconf 66' lang='grc' dir='ltr'><strong>προσευξάσθωσαν</strong></span> <span class='ocrx_word' id='word_1_338' title='bbox 3017 1095 3104 1146; x_wconf 73' lang='grc' dir='ltr'><strong>ἐπ’</strong></span> <span class='ocrx_word' id='word_1_339' title='bbox 3135 1096 3317 1158; x_wconf 79' lang='grc' dir='ltr'><strong>αὐτὸν,</strong></span> <span class='ocrx_word' id='word_1_340' title='bbox 3355 1096 3674 1164; x_wconf 77' lang='grc' dir='ltr'><strong>ἀλείψαντες</strong></span> <span class='ocrx_word' id='word_1_341' title='bbox 3707 1099 3868 1151; x_wconf 79' lang='grc' dir='ltr'><strong>αὐτὸν</strong></span> <span class='ocrx_word' id='word_1_342' title='bbox 3899 1100 4057 1170; x_wconf 64' lang='grc' dir='ltr'><strong>ἐλαίῳ</strong></span> 
     </span>
    </p>
   </div>
   <div class='ocr_carea' id='block_1_52' title="bbox 2501 1187 4053 1262">
    <p class='ocr_par' dir='ltr' id='par_1_52' title="bbox 2501 1187 4053 1262">
     <span class='ocr_line' id='line_1_52' title="bbox 2501 1187 4053 1262; baseline 0.004 -23"><span class='ocrx_word' id='word_1_343' title='bbox 2501 1189 2558 1239; x_wconf 68' lang='lat' dir='ltr'><strong>tv</strong></span> <span class='ocrx_word' id='word_1_344' title='bbox 2582 1187 2658 1256; x_wconf 81' lang='grc' dir='ltr'><strong>τῷ</strong></span> <span class='ocrx_word' id='word_1_345' title='bbox 2686 1188 2911 1258; x_wconf 80' lang='grc' dir='ltr'><strong>ὀνόματι</strong></span> <span class='ocrx_word' id='word_1_346' title='bbox 2948 1191 3155 1258; x_wconf 78' lang='grc' dir='ltr'><strong>Κυρίου</strong></span> <span class='ocrx_word' id='word_1_347' title='bbox 3182 1208 3196 1224; x_wconf 71' lang='grc' dir='ltr'><strong>ι</strong></span> <span class='ocrx_word' id='word_1_348' title='bbox 3237 1190 3334 1243; x_wconf 72' lang='grc' dir='ltr'><strong>καὶ</strong></span> <span class='ocrx_word' id='word_1_349' title='bbox 3386 1193 3419 1261; x_wconf 64' lang='lat' dir='ltr'><strong>ﬂ</strong></span> <span class='ocrx_word' id='word_1_350' title='bbox 3483 1191 3616 1262; x_wconf 82' lang='grc' dir='ltr'><strong>εὐχὴ</strong></span> <span class='ocrx_word' id='word_1_351' title='bbox 3668 1195 3768 1261; x_wconf 73' lang='grc' dir='ltr'><strong>τῆς</strong></span> <span class='ocrx_word' id='word_1_352' title='bbox 3827 1193 4053 1258; x_wconf 81' lang='grc' dir='ltr'><strong>πίστεως</strong></span> 
     </span>
    </p>
   </div>
   <div class='ocr_carea' id='block_1_53' title="bbox 2504 1280 4053 1350">
    <p class='ocr_par' dir='ltr' id='par_1_53' title="bbox 2504 1280 4053 1350">
     <span class='ocr_line' id='line_1_53' title="bbox 2504 1280 4053 1350; baseline 0.006 -24"><span class='ocrx_word' id='word_1_353' title='bbox 2504 1281 2665 1328; x_wconf 82' lang='grc' dir='ltr'><strong>σώσει</strong></span> <span class='ocrx_word' id='word_1_354' title='bbox 2686 1289 2774 1328; x_wconf 90' lang='grc' dir='ltr'><strong>τον</strong></span> <span class='ocrx_word' id='word_1_355' title='bbox 2806 1282 3100 1346; x_wconf 79' lang='grc' dir='ltr'><strong>κάμνοντα,</strong></span> <span class='ocrx_word' id='word_1_356' title='bbox 3156 1281 3248 1332; x_wconf 83' lang='grc' dir='ltr'><strong>καὶ</strong></span> <span class='ocrx_word' id='word_1_357' title='bbox 3297 1281 3483 1350; x_wconf 69' lang='grc' dir='ltr'><strong>ιγερεῖ</strong></span> <span class='ocrx_word' id='word_1_358' title='bbox 3522 1280 3687 1334; x_wconf 75' lang='grc' dir='ltr'><strong>αὐτὸν</strong></span> <span class='ocrx_word' id='word_1_359' title='bbox 3730 1282 3760 1332; x_wconf 79' lang='grc' dir='ltr'><strong>δ</strong></span> <span class='ocrx_word' id='word_1_360' title='bbox 3812 1281 4012 1350; x_wconf 77' lang='grc' dir='ltr'><strong>Κύριος</strong></span> <span class='ocrx_word' id='word_1_361' title='bbox 4039 1301 4053 1315; x_wconf 75' lang='grc' dir='ltr'><strong>ο</strong></span> 
     </span>
    </p>
   </div>
   <div class='ocr_carea' id='block_1_54' title="bbox 2503 1363 3879 1439">
    <p class='ocr_par' dir='ltr' id='par_1_54' title="bbox 2503 1363 3879 1439">
     <span class='ocr_line' id='line_1_54' title="bbox 2503 1363 3879 1439; baseline 0.005 -23"><span class='ocrx_word' id='word_1_362' title='bbox 2503 1364 2604 1416; x_wconf 74' lang='grc' dir='ltr'><strong>κᾶν</strong></span> <span class='ocrx_word' id='word_1_363' title='bbox 2634 1367 2904 1434; x_wconf 72' lang='grc' dir='ltr'><strong>ἁμαρτίας</strong></span> <span class='ocrx_word' id='word_1_364' title='bbox 2990 1369 3331 1438; x_wconf 82' lang='grc' dir='ltr'><strong>πεποιηκὼς,</strong></span> <span class='ocrx_word' id='word_1_365' title='bbox 3355 1370 3690 1439; x_wconf 71' lang='grc' dir='ltr'><strong>ἀφεθήσεται</strong></span> <span class='ocrx_word' id='word_1_366' title='bbox 3712 1371 3879 1439; x_wconf 83' lang='grc' dir='ltr'><strong>αὐτῷ.</strong></span> 
     </span>
    </p>
   </div>
   <div class='ocr_carea' id='block_1_55' title="bbox 2575 1455 4058 1532">
    <p class='ocr_par' dir='ltr' id='par_1_55' title="bbox 2575 1455 4058 1532">
     <span class='ocr_line' id='line_1_55' title="bbox 2575 1455 4058 1532; baseline 0.005 -28"><span class='ocrx_word' id='word_1_367' title='bbox 2575 1455 2863 1532; x_wconf 47' lang='lat' dir='ltr'><strong>Salapia.</strong></span> <span class='ocrx_word' id='word_1_368' title='bbox 2889 1455 3083 1508; x_wconf 85' lang='grc' dir='ltr'><strong>Θυσίαι</strong></span> <span class='ocrx_word' id='word_1_369' title='bbox 3103 1456 3313 1509; x_wconf 82' lang='grc' dir='ltr'><strong>ἀσεϐῶν</strong></span> <span class='ocrx_word' id='word_1_370' title='bbox 3337 1456 3609 1527; x_wconf 72' lang='grc' dir='ltr'><strong>βδέλυγμα</strong></span> <span class='ocrx_word' id='word_1_371' title='bbox 3637 1459 3826 1528; x_wconf 77' lang='grc' dir='ltr'><strong>Κυρίῳ</strong></span> <span class='ocrx_word' id='word_1_372' title='bbox 3851 1475 3866 1488; x_wconf 84' lang='grc'>⁶</span> <span class='ocrx_word' id='word_1_373' title='bbox 3897 1475 4058 1528; x_wconf 82' lang='grc' dir='ltr'><strong>προσ-</strong></span> 
     </span>
    </p>
   </div>
   <div class='ocr_carea' id='block_1_56' title="bbox 2502 1531 3779 1616">
    <p class='ocr_par' dir='ltr' id='par_1_56' title="bbox 2502 1531 3779 1616">
     <span class='ocr_line' id='line_1_56' title="bbox 2502 1531 3779 1616; baseline 0.005 -22"><span class='ocrx_word' id='word_1_374' title='bbox 2502 1531 2656 1610; x_wconf 71' lang='grc' dir='ltr'><strong>ευχαὶ</strong></span> <span class='ocrx_word' id='word_1_375' title='bbox 2685 1542 2740 1593; x_wconf 70' lang='grc' dir='ltr'><strong>δὲ</strong></span> <span class='ocrx_word' id='word_1_376' title='bbox 2769 1543 3223 1608; x_wconf 83' lang='grc' dir='ltr'><strong>κατευθυνόντων,</strong></span> <span class='ocrx_word' id='word_1_377' title='bbox 3250 1545 3434 1598; x_wconf 74' lang='grc' dir='ltr'><strong>δεκταὶ</strong></span> <span class='ocrx_word' id='word_1_378' title='bbox 3463 1549 3592 1615; x_wconf 74' lang='grc' dir='ltr'><strong>παρ’</strong></span> <span class='ocrx_word' id='word_1_379' title='bbox 3614 1531 3779 1616; x_wconf 83' lang='grc' dir='ltr'><strong>αὐτῷ.</strong></span> 
     </span>
    </p>
   </div>
   <div class='ocr_carea' id='block_1_57' title="bbox 2574 1713 4054 1793">
    <p class='ocr_par' dir='ltr' id='par_1_57' title="bbox 2574 1713 4054 1793">
     <span class='ocr_line' id='line_1_57' title="bbox 2574 1713 4054 1793; baseline 0.006 -26"><span class='ocrx_word' id='word_1_380' title='bbox 2574 1715 2756 1782; x_wconf 75' lang='grc' dir='ltr'><strong>Σιράχ</strong></span> <span class='ocrx_word' id='word_1_381' title='bbox 2793 1713 2856 1774; x_wconf 79' lang='grc' dir='ltr'><strong>ζ’.</strong></span> <span class='ocrx_word' id='word_1_382' title='bbox 2877 1745 2944 1755; x_wconf 94' lang='grc'><strong>-</strong></span> <span class='ocrx_word' id='word_1_383' title='bbox 2957 1716 3047 1785; x_wconf 77' lang='grc' dir='ltr'><strong>Μὴ</strong></span> <span class='ocrx_word' id='word_1_384' title='bbox 3063 1716 3457 1789; x_wconf 58' lang='grc' dir='ltr'><strong>ὀλιγσψυχήσῃς</strong></span> <span class='ocrx_word' id='word_1_385' title='bbox 3496 1721 3553 1771; x_wconf 71' lang='lat' dir='ltr'><strong>tv</strong></span> <span class='ocrx_word' id='word_1_386' title='bbox 3568 1724 3634 1790; x_wconf 81' lang='grc' dir='ltr'><strong>τῇ</strong></span> <span class='ocrx_word' id='word_1_387' title='bbox 3657 1723 3932 1793; x_wconf 74' lang='grc' dir='ltr'><strong>προσευχῇ</strong></span> <span class='ocrx_word' id='word_1_388' title='bbox 3947 1738 4054 1776; x_wconf 81' lang='grc' dir='ltr'><strong>συυ.</strong></span> 
     </span>
    </p>
   </div>
   <div class='ocr_carea' id='block_1_58' title="bbox 2577 1886 4058 1963">
    <p class='ocr_par' dir='ltr' id='par_1_58' title="bbox 2577 1886 4058 1963">
     <span class='ocr_line' id='line_1_58' title="bbox 2577 1886 4058 1963; baseline 0.007 -26"><span class='ocrx_word' id='word_1_389' title='bbox 2577 1886 2757 1952; x_wconf 82' lang='grc' dir='ltr'><strong>Σιρὰχ</strong></span> <span class='ocrx_word' id='word_1_390' title='bbox 2789 1891 2882 1952; x_wconf 78' lang='lat' dir='ltr'><strong>ur.</strong></span> <span class='ocrx_word' id='word_1_391' title='bbox 2907 1886 2998 1956; x_wconf 80' lang='grc' dir='ltr'><strong>Μὴ</strong></span> <span class='ocrx_word' id='word_1_392' title='bbox 3028 1887 3327 1960; x_wconf 72' lang='grc' dir='ltr'><strong>ιμποδίσῃς</strong></span> <span class='ocrx_word' id='word_1_393' title='bbox 3357 1887 3453 1941; x_wconf 83' lang='grc' dir='ltr'><strong>τοῦ</strong></span> <span class='ocrx_word' id='word_1_394' title='bbox 3477 1889 3769 1943; x_wconf 79' lang='grc' dir='ltr'><strong>ἀποδοῦναι</strong></span> <span class='ocrx_word' id='word_1_395' title='bbox 3794 1891 3956 1960; x_wconf 76' lang='grc' dir='ltr'><strong>εὐχὴν</strong></span> <span class='ocrx_word' id='word_1_396' title='bbox 3987 1892 4058 1963; x_wconf 78' lang='grc' dir='ltr'><strong>(ο)</strong></span> 
     </span>
    </p>
   </div>
   <div class='ocr_carea' id='block_1_59' title="bbox 2505 1973 2796 2043">
    <p class='ocr_par' dir='ltr' id='par_1_59' title="bbox 2505 1973 2796 2043">
     <span class='ocr_line' id='line_1_59' title="bbox 2505 1973 2796 2043; baseline 0.007 -19"><span class='ocrx_word' id='word_1_397' title='bbox 2505 1973 2796 2043; x_wconf 74' lang='grc' dir='ltr'><strong>εὐκαίρως.</strong></span> 
     </span>
    </p>
   </div>
   <div class='ocr_carea' id='block_1_60' title="bbox 2569 2063 4059 2136">
    <p class='ocr_par' dir='ltr' id='par_1_60' title="bbox 2569 2063 4059 2136">
     <span class='ocr_line' id='line_1_60' title="bbox 2569 2063 4059 2136; baseline 0.003 -22"><span class='ocrx_word' id='word_1_398' title='bbox 2569 2064 3005 2125; x_wconf 69' lang='grc' dir='ltr'><strong>Βασιλειου.-</strong></span> <span class='ocrx_word' id='word_1_399' title='bbox 3049 2063 3115 2116; x_wconf 82' lang='grc' dir='ltr'><em>Ἦ</em></span> <span class='ocrx_word' id='word_1_400' title='bbox 3173 2063 3296 2117; x_wconf 81' lang='grc' dir='ltr'><strong>θεία</strong></span> <span class='ocrx_word' id='word_1_401' title='bbox 3347 2066 3506 2133; x_wconf 74' lang='grc' dir='ltr'><strong>ἀκοὴ,</strong></span> <span class='ocrx_word' id='word_1_402' title='bbox 3561 2066 3622 2118; x_wconf 91' lang='grc' dir='ltr'><strong>οὐ</strong></span> <span class='ocrx_word' id='word_1_403' title='bbox 3671 2069 3854 2136; x_wconf 74' lang='grc' dir='ltr'><strong>φωνῆς</strong></span> <span class='ocrx_word' id='word_1_404' title='bbox 3898 2066 4059 2120; x_wconf 83' lang='grc' dir='ltr'><strong>δεῖται</strong></span> 
     </span>
    </p>
   </div>
   <div class='ocr_carea' id='block_1_61' title="bbox 2506 2151 4061 2230">
    <p class='ocr_par' dir='ltr' id='par_1_61' title="bbox 2506 2151 4061 2230">
     <span class='ocr_line' id='line_1_61' title="bbox 2506 2151 4061 2230; baseline 0.003 -27"><span class='ocrx_word' id='word_1_405' title='bbox 2506 2152 2640 2218; x_wconf 78' lang='grc' dir='ltr'><strong>πρὸς</strong></span> <span class='ocrx_word' id='word_1_406' title='bbox 2675 2151 3096 2223; x_wconf 51' lang='grc' dir='ltr'><strong>αἴσθησινηοῖδε</strong></span> <span class='ocrx_word' id='word_1_407' title='bbox 3133 2154 3252 2230; x_wconf 70' lang='grc' dir='ltr'><strong>γᾲρ</strong></span> <span class='ocrx_word' id='word_1_408' title='bbox 3286 2156 3380 2208; x_wconf 75' lang='grc' dir='ltr'><strong>καὶ</strong></span> <span class='ocrx_word' id='word_1_409' title='bbox 3429 2157 3488 2207; x_wconf 70' lang='grc' dir='ltr'><strong>ιν</strong></span> <span class='ocrx_word' id='word_1_410' title='bbox 3530 2155 3609 2224; x_wconf 84' lang='grc' dir='ltr'><strong>τῷ</strong></span> <span class='ocrx_word' id='word_1_411' title='bbox 3634 2158 3910 2226; x_wconf 70' lang='grc' dir='ltr'><strong>,κινήματι</strong></span> <span class='ocrx_word' id='word_1_412' title='bbox 3967 2157 4061 2225; x_wconf 80' lang='grc' dir='ltr'><strong>τῆς</strong></span> 
     </span>
    </p>
   </div>
   <div class='ocr_carea' id='block_1_62' title="bbox 2505 2237 4062 2315">
    <p class='ocr_par' dir='ltr' id='par_1_62' title="bbox 2505 2237 4062 2315">
     <span class='ocr_line' id='line_1_62' title="bbox 2505 2237 4062 2315; baseline 0.004 -24"><span class='ocrx_word' id='word_1_413' title='bbox 2505 2242 2728 2310; x_wconf 77' lang='grc' dir='ltr'><strong>καρδίας</strong></span> <span class='ocrx_word' id='word_1_414' title='bbox 2761 2237 3024 2313; x_wconf 80' lang='grc' dir='ltr'><strong>γνωρίσαι</strong></span> <span class='ocrx_word' id='word_1_415' title='bbox 3053 2245 3122 2297; x_wconf 76' lang='grc' dir='ltr'><strong>τὰ</strong></span> <span class='ocrx_word' id='word_1_416' title='bbox 3161 2244 3577 2315; x_wconf 66' lang='grc' dir='ltr'><strong>ἐπιζητούμενα.</strong></span> <span class='ocrx_word' id='word_1_417' title='bbox 3611 2246 3694 2300; x_wconf 80' lang='lat' dir='ltr'><strong>’H.</strong></span> <span class='ocrx_word' id='word_1_418' title='bbox 3726 2247 3825 2298; x_wconf 89' lang='grc' dir='ltr'><strong>οὐκ</strong></span> <span class='ocrx_word' id='word_1_419' title='bbox 3851 2245 4062 2309; x_wconf 77' lang='grc' dir='ltr'><strong>ἀκούεις</strong></span> 
     </span>
    </p>
   </div>
   <div class='ocr_carea' id='block_1_63' title="bbox 2503 2331 4065 2405">
    <p class='ocr_par' dir='ltr' id='par_1_63' title="bbox 2503 2331 4065 2405">
     <span class='ocr_line' id='line_1_63' title="bbox 2503 2331 4065 2405; baseline 0.002 -22"><span class='ocrx_word' id='word_1_420' title='bbox 2503 2331 2584 2383; x_wconf 85' lang='grc' dir='ltr'><strong>ὅτι</strong></span> <span class='ocrx_word' id='word_1_421' title='bbox 2612 2332 2846 2400; x_wconf 65' lang='grc' dir='ltr'><strong>λίιυύσῆς</strong></span> <span class='ocrx_word' id='word_1_422' title='bbox 2872 2334 3035 2402; x_wconf 70' lang='grc' dir='ltr'><strong>μηδὲν</strong></span> <span class='ocrx_word' id='word_1_423' title='bbox 3056 2334 3447 2403; x_wconf 82' lang='grc' dir='ltr'><strong>φθεγγόμενος.</strong></span> <span class='ocrx_word' id='word_1_424' title='bbox 3478 2337 3587 2396; x_wconf 89' lang='grc' dir='ltr'><strong>τοῖς</strong></span> <span class='ocrx_word' id='word_1_425' title='bbox 3619 2335 3905 2405; x_wconf 80' lang='grc' dir='ltr'><strong>ἀλαλήτοις</strong></span> <span class='ocrx_word' id='word_1_426' title='bbox 3941 2337 4065 2388; x_wconf 69' lang='grc' dir='ltr'><strong>εαυ-</strong></span> 
     </span>
    </p>
   </div>
   <div class='ocr_carea' id='block_1_64' title="bbox 2503 2409 4065 2499">
    <p class='ocr_par' dir='ltr' id='par_1_64' title="bbox 2503 2409 4065 2499">
     <span class='ocr_line' id='line_1_64' title="bbox 2503 2409 4065 2499; baseline 0.003 -27"><span class='ocrx_word' id='word_1_427' title='bbox 2503 2420 2598 2472; x_wconf 74' lang='grc' dir='ltr'><strong>τοῦ</strong></span> <span class='ocrx_word' id='word_1_428' title='bbox 2647 2424 2965 2491; x_wconf 77' lang='grc' dir='ltr'><strong>στεναγμοῖς</strong></span> <span class='ocrx_word' id='word_1_429' title='bbox 2995 2409 3442 2499; x_wconf 57' lang='grc' dir='ltr'><strong>(ργιντυγχάνων</strong></span> <span class='ocrx_word' id='word_1_430' title='bbox 3487 2424 3563 2491; x_wconf 79' lang='grc' dir='ltr'><strong>τῷ</strong></span> <span class='ocrx_word' id='word_1_431' title='bbox 3609 2425 3816 2493; x_wconf 83' lang='grc' dir='ltr'><strong>Κυρίῳ,</strong></span> <span class='ocrx_word' id='word_1_432' title='bbox 3839 2425 4065 2493; x_wconf 72' lang='grc' dir='ltr'><strong>ἠκούετο</strong></span> 
     </span>
    </p>
   </div>
   <div class='ocr_carea' id='block_1_65' title="bbox 2506 2506 3914 2584">
    <p class='ocr_par' dir='ltr' id='par_1_65' title="bbox 2506 2506 3914 2584">
     <span class='ocr_line' id='line_1_65' title="bbox 2506 2506 3914 2584; baseline 0.003 -20"><span class='ocrx_word' id='word_1_433' title='bbox 2506 2512 2656 2582; x_wconf 85' lang='grc' dir='ltr'><strong>παρὰ</strong></span> <span class='ocrx_word' id='word_1_434' title='bbox 2684 2512 2778 2564; x_wconf 84' lang='grc' dir='ltr'><strong>τοῦ</strong></span> <span class='ocrx_word' id='word_1_435' title='bbox 2806 2513 3032 2584; x_wconf 80' lang='grc' dir='ltr'><strong>Κυρίου,</strong></span> <span class='ocrx_word' id='word_1_436' title='bbox 3051 2508 3322 2580; x_wconf 75' lang='grc' dir='ltr'><strong>λέγοντος·</strong></span> <span class='ocrx_word' id='word_1_437' title='bbox 3365 2515 3424 2566; x_wconf 79' lang='grc' dir='ltr'><strong>Τί</strong></span> <span class='ocrx_word' id='word_1_438' title='bbox 3450 2511 3606 2581; x_wconf 83' lang='grc' dir='ltr'><strong>,βοᾷς</strong></span> <span class='ocrx_word' id='word_1_439' title='bbox 3634 2514 3783 2580; x_wconf 80' lang='grc' dir='ltr'><strong>πρός</strong></span> <span class='ocrx_word' id='word_1_440' title='bbox 3807 2506 3914 2580; x_wconf 65' lang='grc' dir='ltr'><strong>μεξ</strong></span> 
     </span>
    </p>
   </div>
   <div class='ocr_carea' id='block_1_66' title="bbox 2578 2595 4068 2674">
    <p class='ocr_par' dir='ltr' id='par_1_66' title="bbox 2578 2595 4068 2674">
     <span class='ocr_line' id='line_1_66' title="bbox 2578 2595 4068 2674; baseline 0.001 -19"><span class='ocrx_word' id='word_1_441' title='bbox 2578 2603 2796 2672; x_wconf 83' lang='grc' dir='ltr'><strong>Ἔργων</strong></span> <span class='ocrx_word' id='word_1_442' title='bbox 2830 2604 2942 2674; x_wconf 69' lang='grc' dir='ltr'><strong>γὰρ</strong></span> <span class='ocrx_word' id='word_1_443' title='bbox 2971 2604 3193 2658; x_wconf 78' lang='grc' dir='ltr'><strong>δικαίων</strong></span> <span class='ocrx_word' id='word_1_444' title='bbox 3226 2595 3519 2674; x_wconf 78' lang='grc' dir='ltr'><strong>παρουσία,</strong></span> <span class='ocrx_word' id='word_1_445' title='bbox 3552 2604 3932 2672; x_wconf 79' lang='grc' dir='ltr'><strong>μεγαλοφωνία</strong></span> <span class='ocrx_word' id='word_1_446' title='bbox 3951 2603 4068 2656; x_wconf 74' lang='grc' dir='ltr'><strong>ιστὶ</strong></span> 
     </span>
    </p>
   </div>
   <div class='ocr_carea' id='block_1_67' title="bbox 2507 2694 2853 2764">
    <p class='ocr_par' dir='ltr' id='par_1_67' title="bbox 2507 2694 2853 2764">
     <span class='ocr_line' id='line_1_67' title="bbox 2507 2694 2853 2764; baseline 0.009 -19"><span class='ocrx_word' id='word_1_447' title='bbox 2507 2695 2656 2763; x_wconf 78' lang='grc' dir='ltr'><strong>παρὰ</strong></span> <span class='ocrx_word' id='word_1_448' title='bbox 2711 2694 2853 2764; x_wconf 83' lang='grc' dir='ltr'><strong>Θεῷ.</strong></span> 
     </span>
    </p>
   </div>
   <div class='ocr_carea' id='block_1_68' title="bbox 2577 2788 4065 2876">
    <p class='ocr_par' dir='ltr' id='par_1_68' title="bbox 2577 2788 4065 2876">
     <span class='ocr_line' id='line_1_68' title="bbox 2577 2788 4065 2876; baseline -0.002 -19"><span class='ocrx_word' id='word_1_449' title='bbox 2577 2806 2894 2873; x_wconf 68' lang='grc' dir='ltr'><strong>Θεολότου.</strong></span> <span class='ocrx_word' id='word_1_450' title='bbox 2923 2835 2993 2846; x_wconf 93' lang='lat'>—</span> <span class='ocrx_word' id='word_1_451' title='bbox 3019 2807 3113 2875; x_wconf 73' lang='grc' dir='ltr'><strong>Μὴ</strong></span> <span class='ocrx_word' id='word_1_452' title='bbox 3176 2788 3528 2876; x_wconf 77' lang='grc' dir='ltr'><strong>μικρολογίαν</strong></span> <span class='ocrx_word' id='word_1_453' title='bbox 3552 2802 4065 2871; x_wconf 77' lang='grc' dir='ltr'><strong>’καταγνωσθῶμεν,</strong></span> 
     </span>
    </p>
   </div>
   <div class='ocr_carea' id='block_1_69' title="bbox 2507 2895 4153 2965">
    <p class='ocr_par' dir='ltr' id='par_1_69' title="bbox 2507 2895 4153 2965">
     <span class='ocr_line' id='line_1_69' title="bbox 2507 2895 4153 2965; baseline 0.002 -20"><span class='ocrx_word' id='word_1_454' title='bbox 2507 2895 2566 2946; x_wconf 69' lang='lat' dir='ltr'><strong>tv</strong></span> <span class='ocrx_word' id='word_1_455' title='bbox 2593 2895 2672 2963; x_wconf 82' lang='grc' dir='ltr'><strong>τῷ</strong></span> <span class='ocrx_word' id='word_1_456' title='bbox 2699 2899 2871 2964; x_wconf 80' lang='grc' dir='ltr'><strong>μικρὰ</strong></span> <span class='ocrx_word' id='word_1_457' title='bbox 2897 2897 3071 2948; x_wconf 83' lang='grc' dir='ltr'><strong>αιτεῖν</strong></span> <span class='ocrx_word' id='word_1_458' title='bbox 3097 2899 3244 2965; x_wconf 76' lang='grc' dir='ltr'><strong>ἡμᾶς</strong></span> <span class='ocrx_word' id='word_1_459' title='bbox 3273 2896 3370 2948; x_wconf 76' lang='grc' dir='ltr'><strong>καὶ</strong></span> <span class='ocrx_word' id='word_1_460' title='bbox 3424 2895 3518 2948; x_wconf 79' lang='grc' dir='ltr'><strong>τοῦ</strong></span> <span class='ocrx_word' id='word_1_461' title='bbox 3562 2896 3792 2956; x_wconf 81' lang='grc' dir='ltr'><strong>διδόντος</strong></span> <span class='ocrx_word' id='word_1_462' title='bbox 3853 2895 4063 2959; x_wconf 71' lang='grc' dir='ltr'><strong>ἀνάξια.</strong></span> <span class='ocrx_word' id='word_1_463' title='bbox 4150 2953 4153 2957; x_wconf 61' lang='grc'><strong>,</strong></span> 
     </span>
    </p>
   </div>
   <div class='ocr_carea' id='block_1_70' title="bbox 2580 3150 4067 3236">
    <p class='ocr_par' dir='ltr' id='par_1_70' title="bbox 2580 3150 4067 3236">
     <span class='ocr_line' id='line_1_70' title="bbox 2580 3150 4067 3236; baseline -0.004 -28"><span class='ocrx_word' id='word_1_464' title='bbox 2580 3158 2877 3223; x_wconf 79' lang='grc' dir='ltr'><strong>Χρυσοστ.</strong></span> <span class='ocrx_word' id='word_1_465' title='bbox 2903 3183 2971 3236; x_wconf 66' lang='grc' dir='ltr'><strong>-τ</strong></span> <span class='ocrx_word' id='word_1_466' title='bbox 3003 3154 3166 3222; x_wconf 53' lang='lat' dir='ltr'><strong>buxa.</strong></span> <span class='ocrx_word' id='word_1_467' title='bbox 3198 3153 3400 3221; x_wconf 68' lang='grc' dir='ltr'><strong>ἀγαθὸν</strong></span> <span class='ocrx_word' id='word_1_468' title='bbox 3432 3152 3584 3223; x_wconf 79' lang='grc' dir='ltr'><strong>εὐχὴ,</strong></span> <span class='ocrx_word' id='word_1_469' title='bbox 3619 3151 3745 3236; x_wconf 48' lang='grc' dir='ltr'><strong>ἐὰν.</strong></span> <span class='ocrx_word' id='word_1_470' title='bbox 3767 3150 3906 3221; x_wconf 82' lang='grc' dir='ltr'><strong>μετὰ</strong></span> <span class='ocrx_word' id='word_1_471' title='bbox 3949 3150 4067 3203; x_wconf 85' lang='grc' dir='ltr'><strong>δια-</strong></span> 
     </span>
    </p>
   </div>
   <div class='ocr_carea' id='block_1_71' title="bbox 2510 3228 4068 3315">
    <p class='ocr_par' dir='ltr' id='par_1_71' title="bbox 2510 3228 4068 3315">
     <span class='ocr_line' id='line_1_71' title="bbox 2510 3228 4068 3315; baseline -0.005 -17"><span class='ocrx_word' id='word_1_472' title='bbox 2510 3245 2654 3308; x_wconf 88' lang='grc' dir='ltr'><strong>νοίας</strong></span> <span class='ocrx_word' id='word_1_473' title='bbox 2681 3228 3001 3315; x_wconf 78' lang='grc' dir='ltr'><strong>εὐχαρίστου</strong></span> <span class='ocrx_word' id='word_1_474' title='bbox 3041 3245 3266 3314; x_wconf 76' lang='grc' dir='ltr'><strong>γένηται</strong></span> <span class='ocrx_word' id='word_1_475' title='bbox 3299 3260 3314 3274; x_wconf 75' lang='grc'><strong>⁸</strong></span> <span class='ocrx_word' id='word_1_476' title='bbox 3348 3243 3445 3296; x_wconf 70' lang='grc' dir='ltr'><strong>ἐὰν</strong></span> <span class='ocrx_word' id='word_1_477' title='bbox 3474 3228 3848 3310; x_wconf 79' lang='grc' dir='ltr'><strong>παιδεύσωμεν</strong></span> <span class='ocrx_word' id='word_1_478' title='bbox 3875 3239 4068 3292; x_wconf 70' lang='grc' dir='ltr'><strong>ἑαυτοῦ</strong></span> 
     </span>
    </p>
   </div>
   <div class='ocr_carea' id='block_1_72' title="bbox 2511 3329 4070 3403">
    <p class='ocr_par' dir='ltr' id='par_1_72' title="bbox 2511 3329 4070 3403">
     <span class='ocr_line' id='line_1_72' title="bbox 2511 3329 4070 3403; baseline -0.005 -17"><span class='ocrx_word' id='word_1_479' title='bbox 2511 3335 2591 3403; x_wconf 75' lang='grc' dir='ltr'><strong>μὴ</strong></span> <span class='ocrx_word' id='word_1_480' title='bbox 2623 3334 2779 3403; x_wconf 82' lang='grc' dir='ltr'><strong>μόνον</strong></span> <span class='ocrx_word' id='word_1_481' title='bbox 2829 3334 3217 3402; x_wconf 76' lang='grc' dir='ltr'><strong>λαμϐάνοντες,</strong></span> <span class='ocrx_word' id='word_1_482' title='bbox 3277 3332 3415 3386; x_wconf 68' lang='grc' dir='ltr'><strong>ἀλλὰ</strong></span> <span class='ocrx_word' id='word_1_483' title='bbox 3467 3332 3560 3385; x_wconf 74' lang='grc' dir='ltr'><strong>καὶ</strong></span> <span class='ocrx_word' id='word_1_484' title='bbox 3606 3329 4070 3397; x_wconf 74' lang='grc' dir='ltr'><strong>ἀποτυγχάνοντες</strong></span> 
     </span>
    </p>
   </div>
   <div class='ocr_carea' id='block_1_73' title="bbox 2508 3413 4069 3494">
    <p class='ocr_par' dir='ltr' id='par_1_73' title="bbox 2508 3413 4069 3494">
     <span class='ocr_line' id='line_1_73' title="bbox 2508 3413 4069 3494; baseline -0.004 -19"><span class='ocrx_word' id='word_1_485' title='bbox 2508 3424 2848 3494; x_wconf 87' lang='grc' dir='ltr'><strong>εὐχαριστεῖν</strong></span> <span class='ocrx_word' id='word_1_486' title='bbox 2887 3423 3142 3493; x_wconf 75' lang='grc' dir='ltr'><strong>τῷθεῷ.</strong></span> <span class='ocrx_word' id='word_1_487' title='bbox 3198 3424 3307 3475; x_wconf 73' lang='grc' dir='ltr'><strong>Καὶ</strong></span> <span class='ocrx_word' id='word_1_488' title='bbox 3357 3420 3471 3490; x_wconf 81' lang='grc' dir='ltr'><strong>γὰρ</strong></span> <span class='ocrx_word' id='word_1_489' title='bbox 3521 3419 3649 3472; x_wconf 67' lang='grc' dir='ltr'><strong>ποτὶ</strong></span> <span class='ocrx_word' id='word_1_490' title='bbox 3707 3419 3807 3487; x_wconf 79' lang='grc' dir='ltr'><strong>μὲν</strong></span> <span class='ocrx_word' id='word_1_491' title='bbox 3862 3413 4069 3480; x_wconf 71' lang='grc' dir='ltr'><strong>δίδωσι,</strong></span> 
     </span>
    </p>
   </div>
   <div class='ocr_carea' id='block_1_74' title="bbox 2505 3505 4069 3584">
    <p class='ocr_par' dir='ltr' id='par_1_74' title="bbox 2505 3505 4069 3584">
     <span class='ocr_line' id='line_1_74' title="bbox 2505 3505 4069 3584; baseline -0.007 -16"><span class='ocrx_word' id='word_1_492' title='bbox 2505 3516 2786 3583; x_wconf 70' lang='grc' dir='ltr'><strong>ἀμφότερα</strong></span> <span class='ocrx_word' id='word_1_493' title='bbox 2806 3517 3109 3584; x_wconf 74' lang='grc' dir='ltr'><strong>χρησίμως.</strong></span> <span class='ocrx_word' id='word_1_494' title='bbox 3137 3514 3302 3566; x_wconf 81' lang='grc' dir='ltr'><strong>Ὥστε</strong></span> <span class='ocrx_word' id='word_1_495' title='bbox 3325 3513 3430 3566; x_wconf 71' lang='grc' dir='ltr'><strong>κᾶν</strong></span> <span class='ocrx_word' id='word_1_496' title='bbox 3447 3511 3638 3580; x_wconf 69' lang='grc' dir='ltr'><strong>λάϐῃς,</strong></span> <span class='ocrx_word' id='word_1_497' title='bbox 3663 3510 3766 3561; x_wconf 80' lang='grc' dir='ltr'><strong>κᾶν</strong></span> <span class='ocrx_word' id='word_1_498' title='bbox 3783 3507 3858 3576; x_wconf 75' lang='grc' dir='ltr'><strong>μὴ</strong></span> <span class='ocrx_word' id='word_1_499' title='bbox 3874 3505 4069 3575; x_wconf 74' lang='grc' dir='ltr'><strong>λάϐῃς,</strong></span> 
     </span>
    </p>
   </div>
   <div class='ocr_carea' id='block_1_75' title="bbox 2508 3593 4074 3670">
    <p class='ocr_par' dir='ltr' id='par_1_75' title="bbox 2508 3593 4074 3670">
     <span class='ocr_line' id='line_1_75' title="bbox 2508 3593 4074 3670; baseline -0.004 -18"><span class='ocrx_word' id='word_1_500' title='bbox 2508 3599 2696 3663; x_wconf 63' lang='grc' dir='ltr'><strong>ιελαϐες</strong></span> <span class='ocrx_word' id='word_1_501' title='bbox 2723 3603 2782 3652; x_wconf 73' lang='lat' dir='ltr'><strong>tv</strong></span> <span class='ocrx_word' id='word_1_502' title='bbox 2801 3601 2878 3669; x_wconf 79' lang='grc' dir='ltr'><strong>τῷ</strong></span> <span class='ocrx_word' id='word_1_503' title='bbox 2909 3601 2982 3670; x_wconf 80' lang='grc' dir='ltr'><strong>μὴ</strong></span> <span class='ocrx_word' id='word_1_504' title='bbox 3013 3601 3325 3666; x_wconf 76' lang='grc' dir='ltr'><strong>ἀπολαϐεῖν.</strong></span> <span class='ocrx_word' id='word_1_505' title='bbox 3357 3597 3793 3666; x_wconf 73' lang='grc' dir='ltr'><strong>Κᾶνέπιτύχῃς,</strong></span> <span class='ocrx_word' id='word_1_506' title='bbox 3836 3595 3940 3646; x_wconf 72' lang='grc' dir='ltr'><strong>κᾶν</strong></span> <span class='ocrx_word' id='word_1_507' title='bbox 3991 3593 4074 3662; x_wconf 80' lang='grc' dir='ltr'><strong>μὴ</strong></span> 
     </span>
    </p>
   </div>
   <div class='ocr_carea' id='block_1_76' title="bbox 2511 3683 4071 3760">
    <p class='ocr_par' dir='ltr' id='par_1_76' title="bbox 2511 3683 4071 3760">
     <span class='ocr_line' id='line_1_76' title="bbox 2511 3683 4071 3760; baseline -0.003 -20"><span class='ocrx_word' id='word_1_508' title='bbox 2511 3689 2794 3759; x_wconf 69' lang='grc' dir='ltr'><strong>ἐπιτύχῃς,</strong></span> <span class='ocrx_word' id='word_1_509' title='bbox 2851 3691 3038 3760; x_wconf 73' lang='grc' dir='ltr'><strong>ἔτυχες</strong></span> <span class='ocrx_word' id='word_1_510' title='bbox 3088 3694 3146 3744; x_wconf 76' lang='grc' dir='ltr'><strong>ἑν</strong></span> <span class='ocrx_word' id='word_1_511' title='bbox 3199 3690 3275 3760; x_wconf 80' lang='grc' dir='ltr'><strong>τῷ</strong></span> <span class='ocrx_word' id='word_1_512' title='bbox 3331 3690 3407 3760; x_wconf 78' lang='grc' dir='ltr'><strong>μὴ</strong></span> <span class='ocrx_word' id='word_1_513' title='bbox 3447 3691 3738 3756; x_wconf 78' lang='grc' dir='ltr'><strong>ἐπιτυχεῖν.</strong></span> <span class='ocrx_word' id='word_1_514' title='bbox 3767 3686 3926 3739; x_wconf 84' lang='grc' dir='ltr'><strong>Ἐστι</strong></span> <span class='ocrx_word' id='word_1_515' title='bbox 3958 3683 4071 3752; x_wconf 86' lang='grc' dir='ltr'><strong>γὰρ</strong></span> 
     </span>
    </p>
   </div>
   <div class='ocr_carea' id='block_1_77' title="bbox 2509 3774 4075 3846">
    <p class='ocr_par' dir='ltr' id='par_1_77' title="bbox 2509 3774 4075 3846">
     <span class='ocr_line' id='line_1_77' title="bbox 2509 3774 4075 3846; baseline -0.003 -16"><span class='ocrx_word' id='word_1_516' title='bbox 2509 3779 2596 3830; x_wconf 84' lang='grc' dir='ltr'><strong>ὅτε</strong></span> <span class='ocrx_word' id='word_1_517' title='bbox 2613 3778 2680 3830; x_wconf 65' lang='grc' dir='ltr'><strong>’τὸ</strong></span> <span class='ocrx_word' id='word_1_518' title='bbox 2716 3777 2790 3846; x_wconf 82' lang='grc' dir='ltr'><strong>μὴ</strong></span> <span class='ocrx_word' id='word_1_519' title='bbox 2820 3777 3000 3829; x_wconf 85' lang='grc' dir='ltr'><strong>λαϐεῖν</strong></span> <span class='ocrx_word' id='word_1_520' title='bbox 3030 3778 3486 3846; x_wconf 76' lang='grc' dir='ltr'><strong>λυσιτελέστερον.</strong></span> <span class='ocrx_word' id='word_1_521' title='bbox 3522 3779 3585 3829; x_wconf 83' lang='grc' dir='ltr'><strong>Εί</strong></span> <span class='ocrx_word' id='word_1_522' title='bbox 3631 3777 3740 3845; x_wconf 79' lang='grc' dir='ltr'><strong>γὰρ</strong></span> <span class='ocrx_word' id='word_1_523' title='bbox 3760 3788 3773 3801; x_wconf 68' lang='grc'><strong><em>⁵</em></strong></span> <span class='ocrx_word' id='word_1_524' title='bbox 3797 3774 3872 3844; x_wconf 75' lang='grc' dir='ltr'><strong>μὴ</strong></span> <span class='ocrx_word' id='word_1_525' title='bbox 3933 3789 4075 3840; x_wconf 83' lang='grc' dir='ltr'><strong>συμ-</strong></span> 
     </span>
    </p>
   </div>
   <div class='ocr_carea' id='block_1_78' title="bbox 2509 3863 4078 3939">
    <p class='ocr_par' dir='ltr' id='par_1_78' title="bbox 2509 3863 4078 3939">
     <span class='ocr_line' id='line_1_78' title="bbox 2509 3863 4078 3939; baseline -0.004 -19"><span class='ocrx_word' id='word_1_526' title='bbox 2509 3869 2674 3938; x_wconf 79' lang='grc' dir='ltr'><strong>φέρον</strong></span> <span class='ocrx_word' id='word_1_527' title='bbox 2702 3871 2833 3938; x_wconf 75' lang='grc' dir='ltr'><strong>ἡμῖν</strong></span> <span class='ocrx_word' id='word_1_528' title='bbox 2853 3865 2921 3939; x_wconf 79' lang='grc' dir='ltr'><strong>ἦν</strong></span> <span class='ocrx_word' id='word_1_529' title='bbox 2959 3869 3216 3931; x_wconf 80' lang='grc' dir='ltr'><strong>πολλάκις</strong></span> <span class='ocrx_word' id='word_1_530' title='bbox 3239 3868 3301 3921; x_wconf 79' lang='grc' dir='ltr'><strong>τὸ</strong></span> <span class='ocrx_word' id='word_1_531' title='bbox 3330 3868 3404 3938; x_wconf 80' lang='grc' dir='ltr'><strong>μὴ</strong></span> <span class='ocrx_word' id='word_1_532' title='bbox 3431 3868 3636 3931; x_wconf 85' lang='grc' dir='ltr'><strong>λαϐεῖν,</strong></span> <span class='ocrx_word' id='word_1_533' title='bbox 3686 3867 3906 3926; x_wconf 80' lang='grc' dir='ltr'><strong>πάντως</strong></span> <span class='ocrx_word' id='word_1_534' title='bbox 3949 3863 4078 3914; x_wconf 63' lang='grc' dir='ltr'><strong>ἐδω-</strong></span> 
     </span>
    </p>
   </div>
   <div class='ocr_carea' id='block_1_79' title="bbox 2510 3945 4085 4027">
    <p class='ocr_par' dir='ltr' id='par_1_79' title="bbox 2510 3945 4085 4027">
     <span class='ocr_line' id='line_1_79' title="bbox 2510 3945 4085 4027; baseline -0.004 -17"><span class='ocrx_word' id='word_1_535' title='bbox 2510 3975 2604 4010; x_wconf 89' lang='grc' dir='ltr'><strong>κεν</strong></span> <span class='ocrx_word' id='word_1_536' title='bbox 2652 3959 2736 4011; x_wconf 74' lang='grc' dir='ltr'><strong>ἄν.</strong></span> <span class='ocrx_word' id='word_1_537' title='bbox 2771 3959 2843 4011; x_wconf 79' lang='grc' dir='ltr'>Τὸ</span> <span class='ocrx_word' id='word_1_538' title='bbox 2890 3961 2946 4012; x_wconf 77' lang='grc' dir='ltr'><strong>δὲ</strong></span> <span class='ocrx_word' id='word_1_539' title='bbox 2997 3959 3379 4027; x_wconf 84' lang='grc' dir='ltr'><strong>συμφερόντως</strong></span> <span class='ocrx_word' id='word_1_540' title='bbox 3434 3960 3747 4027; x_wconf 78' lang='grc' dir='ltr'><strong>ἀποτυχεῖν,</strong></span> <span class='ocrx_word' id='word_1_541' title='bbox 3796 3945 4085 4023; x_wconf 55' lang='lat' dir='ltr'><strong>unum</strong></span> 
     </span>
    </p>
   </div>
   <div class='ocr_carea' id='block_1_80' title="bbox 2512 4051 2678 4102">
    <p class='ocr_par' dir='ltr' id='par_1_80' title="bbox 2512 4051 2678 4102">
     <span class='ocr_line' id='line_1_80' title="bbox 2512 4051 2678 4102; baseline 0.006 -1"><span class='ocrx_word' id='word_1_542' title='bbox 2512 4051 2678 4102; x_wconf 66' lang='grc' dir='ltr'><strong>ἐστιν.</strong></span> 
     </span>
    </p>
   </div>
   <div class='ocr_carea' id='block_1_81' title="bbox 863 4133 4076 4208">
    <p class='ocr_par' dir='ltr' id='par_1_81' title="bbox 863 4133 4076 4208">
     <span class='ocr_line' id='line_1_81' title="bbox 863 4133 4076 4208; baseline -0.001 -15"><span class='ocrx_word' id='word_1_543' title='bbox 863 4136 994 4193; x_wconf 71' lang='lat' dir='ltr'><strong>uisio</strong></span> <span class='ocrx_word' id='word_1_544' title='bbox 1065 4139 1227 4191; x_wconf 86' lang='lat' dir='ltr'><strong>etiam</strong></span> <span class='ocrx_word' id='word_1_545' title='bbox 1295 4145 1575 4206; x_wconf 62' lang='lat' dir='ltr'><strong>praestaret</strong></span> <span class='ocrx_word' id='word_1_546' title='bbox 1623 4150 1688 4188; x_wconf 87' lang='lat' dir='ltr'><strong>ac</strong></span> <span class='ocrx_word' id='word_1_547' title='bbox 1758 4133 1935 4188; x_wconf 87' lang='lat' dir='ltr'><strong>daret.</strong></span> <span class='ocrx_word' id='word_1_548' title='bbox 1983 4133 2060 4187; x_wconf 88' lang='lat' dir='ltr'><strong>Ita</strong></span> <span class='ocrx_word' id='word_1_549' title='bbox 2094 4149 2226 4188; x_wconf 90' lang='lat' dir='ltr'><strong>vero</strong></span> <span class='ocrx_word' id='word_1_550' title='bbox 2274 4151 2386 4188; x_wconf 90' lang='lat' dir='ltr'><strong>non</strong></span> <span class='ocrx_word' id='word_1_551' title='bbox 2449 4135 2871 4205; x_wconf 63' lang='lat' dir='ltr'><strong>impetrare,&#39;ut</strong></span> <span class='ocrx_word' id='word_1_552' title='bbox 2921 4141 3026 4193; x_wconf 84' lang='lat' dir='ltr'><strong>hoc</strong></span> <span class='ocrx_word' id='word_1_553' title='bbox 3068 4141 3243 4208; x_wconf 86' lang='lat' dir='ltr'><strong>ipsum</strong></span> <span class='ocrx_word' id='word_1_554' title='bbox 3291 4139 3424 4193; x_wconf 86' lang='lat' dir='ltr'><strong>utile</strong></span> <span class='ocrx_word' id='word_1_555' title='bbox 3469 4139 3541 4192; x_wconf 83' lang='lat' dir='ltr'><strong>sit</strong></span> <span class='ocrx_word' id='word_1_556' title='bbox 3582 4152 3648 4190; x_wconf 89' lang='lat' dir='ltr'><strong>ac</strong></span> <span class='ocrx_word' id='word_1_557' title='bbox 3690 4136 4076 4202; x_wconf 80' lang='lat' dir='ltr'><strong>commodum,</strong></span> 
     </span>
    </p>
   </div>
   <div class='ocr_carea' id='block_1_82' title="bbox 866 4229 1552 4295">
    <p class='ocr_par' dir='ltr' id='par_1_82' title="bbox 866 4229 1552 4295">
     <span class='ocr_line' id='line_1_82' title="bbox 866 4229 1552 4295; baseline 0.004 -20"><span class='ocrx_word' id='word_1_558' title='bbox 866 4234 1089 4292; x_wconf 82' lang='lat' dir='ltr'><strong>prorsus</strong></span> <span class='ocrx_word' id='word_1_559' title='bbox 1119 4235 1202 4280; x_wconf 87' lang='lat' dir='ltr'><strong>est</strong></span> <span class='ocrx_word' id='word_1_560' title='bbox 1234 4229 1396 4295; x_wconf 85' lang='lat' dir='ltr'><strong>impcl</strong></span> <span class='ocrx_word' id='word_1_561' title='bbox 1409 4240 1552 4279; x_wconf 87' lang='lat' dir='ltr'><strong>rare.</strong></span> 
     </span>
    </p>
   </div>
   <div class='ocr_carea' id='block_1_83' title="bbox 932 4313 2609 4386">
    <p class='ocr_par' dir='ltr' id='par_1_83' title="bbox 932 4313 2609 4386">
     <span class='ocr_line' id='line_1_83' title="bbox 932 4313 2609 4386; baseline 0.002 -18"><span class='ocrx_word' id='word_1_562' title='bbox 932 4313 1067 4368; x_wconf 89' lang='lat' dir='ltr'><strong>Cum</strong></span> <span class='ocrx_word' id='word_1_563' title='bbox 1089 4319 1263 4372; x_wconf 87' lang='lat' dir='ltr'><strong>oratio</strong></span> <span class='ocrx_word' id='word_1_564' title='bbox 1294 4318 1513 4372; x_wconf 87' lang='lat' dir='ltr'><strong>mundis</strong></span> <span class='ocrx_word' id='word_1_565' title='bbox 1536 4332 1602 4370; x_wconf 77' lang='lat' dir='ltr'><strong>ex</strong></span> <span class='ocrx_word' id='word_1_566' title='bbox 1631 4315 1788 4370; x_wconf 90' lang='lat' dir='ltr'><strong>labiis</strong></span> <span class='ocrx_word' id='word_1_567' title='bbox 1812 4314 2205 4384; x_wconf 83' lang='lat' dir='ltr'><strong>proﬁciscitur,</strong></span> <span class='ocrx_word' id='word_1_568' title='bbox 2237 4331 2414 4386; x_wconf 76' lang='lat' dir='ltr'><strong>exque</strong></span> <span class='ocrx_word' id='word_1_569' title='bbox 2447 4320 2492 4378; x_wconf 80' lang='grc' dir='ltr'><strong>ι)</strong></span> <span class='ocrx_word' id='word_1_570' title='bbox 2595 4317 2609 4333; x_wconf 88' lang='lat'>&#39;</span> 
     </span>
    </p>
   </div>
   <div class='ocr_carea' id='block_1_84' title="bbox 2404 4313 4081 4386">
    <p class='ocr_par' dir='ltr' id='par_1_84' title="bbox 2404 4315 4081 4386">
     <span class='ocr_line' id='line_1_84' title="bbox 2404 4315 4081 4386; baseline 0.001 -16"><span class='ocrx_word' id='word_1_571' title='bbox 2404 4332 2414 4370; x_wconf 71' lang='grc' dir='ltr'><strong>ι</strong></span> <span class='ocrx_word' id='word_1_572' title='bbox 2447 4320 2492 4378; x_wconf 80' lang='grc' dir='ltr'><strong>ι)</strong></span> <span class='ocrx_word' id='word_1_573' title='bbox 2595 4317 2766 4368; x_wconf 81' lang='grc' dir='ltr'><strong>ὐταν</strong></span> <span class='ocrx_word' id='word_1_574' title='bbox 2805 4321 2866 4369; x_wconf 67' lang='grc' dir='ltr'><strong>ἑκ</strong></span> <span class='ocrx_word' id='word_1_575' title='bbox 2902 4315 3152 4386; x_wconf 79' lang='grc' dir='ltr'><strong>καθαρῶν</strong></span> <span class='ocrx_word' id='word_1_576' title='bbox 3178 4317 3400 4386; x_wconf 77' lang='grc' dir='ltr'><strong>χειλέων</strong></span> <span class='ocrx_word' id='word_1_577' title='bbox 3434 4316 3720 4386; x_wconf 72' lang='grc' dir='ltr'><strong>ἐξὲρχηται</strong></span> <span class='ocrx_word' id='word_1_578' title='bbox 3747 4317 3952 4386; x_wconf 68' lang='grc' dir='ltr'><strong>δέησις,</strong></span> <span class='ocrx_word' id='word_1_579' title='bbox 3983 4320 4081 4372; x_wconf 80' lang='grc' dir='ltr'><strong>καὶ</strong></span> 
     </span>
    </p>
   </div>
   <div class='ocr_carea' id='block_1_85' title="bbox 2356 4494 2581 4551">
    <p class='ocr_par' dir='ltr' id='par_1_85' title="bbox 2356 4494 2581 4551">
     <span class='ocr_line' id='line_1_85' title="bbox 2356 4494 2581 4551; baseline -0.009 -2"><span class='ocrx_word' id='word_1_580' title='bbox 2356 4494 2581 4551; x_wconf 63' lang='grc' dir='ltr'><strong>ΝΟΤΑΕ.</strong></span> 
     </span>
    </p>
   </div>
   <div class='ocr_carea' id='block_1_86' title="bbox 940 4612 2418 4696">
    <p class='ocr_par' dir='ltr' id='par_1_86' title="bbox 940 4612 2418 4696">
     <span class='ocr_line' id='line_1_86' title="bbox 940 4612 2418 4696; baseline 0.001 -16"><span class='ocrx_word' id='word_1_581' title='bbox 940 4627 1012 4696; x_wconf 93' lang='lat' dir='ltr'><strong>(o)</strong></span> <span class='ocrx_word' id='word_1_582' title='bbox 1053 4624 1162 4678; x_wconf 81' lang='grc' dir='ltr'><strong>Τοῦ</strong></span> <span class='ocrx_word' id='word_1_583' title='bbox 1219 4625 1545 4696; x_wconf 62' lang='grc' dir='ltr'><strong>ἀποδοῦναι</strong></span> <span class='ocrx_word' id='word_1_584' title='bbox 1595 4625 1802 4691; x_wconf 74' lang='grc' dir='ltr'><strong>εὐχήν.</strong></span> <span class='ocrx_word' id='word_1_585' title='bbox 1835 4695 1838 4696; x_wconf 14' lang='grc' dir='ltr'><em>ν</em></span> <span class='ocrx_word' id='word_1_586' title='bbox 1867 4612 2100 4679; x_wconf 68' lang='grc' dir='ltr'><strong>γεδειυὲ</strong></span> <span class='ocrx_word' id='word_1_587' title='bbox 2128 4627 2418 4696; x_wconf 72' lang='lat' dir='ltr'><strong>Maximus</strong></span> 
     </span>
    </p>
   </div>
   <div class='ocr_carea' id='block_1_87' title="bbox 872 4693 2420 4766">
    <p class='ocr_par' dir='ltr' id='par_1_87' title="bbox 872 4693 2420 4766">
     <span class='ocr_line' id='line_1_87' title="bbox 872 4693 2420 4766; baseline 0.001 -18"><span class='ocrx_word' id='word_1_588' title='bbox 872 4693 970 4766; x_wconf 84' lang='lat' dir='ltr'><strong>pro</strong></span> <span class='ocrx_word' id='word_1_589' title='bbox 995 4693 1238 4746; x_wconf 86' lang='lat' dir='ltr'><strong>oratione</strong></span> <span class='ocrx_word' id='word_1_590' title='bbox 1270 4693 1587 4766; x_wconf 83' lang='lat' dir='ltr'><strong>sumpsisse,</strong></span> <span class='ocrx_word' id='word_1_591' title='bbox 1622 4697 1700 4747; x_wconf 89' lang='lat' dir='ltr'><strong>uti</strong></span> <span class='ocrx_word' id='word_1_592' title='bbox 1723 4706 1778 4748; x_wconf 91' lang='lat' dir='ltr'><strong>et</strong></span> <span class='ocrx_word' id='word_1_593' title='bbox 1807 4695 1962 4766; x_wconf 81' lang='lat' dir='ltr'><strong>Vulg.</strong></span> <span class='ocrx_word' id='word_1_594' title='bbox 2014 4696 2090 4766; x_wconf 69' lang='lat' dir='ltr'><strong>Ne</strong></span> <span class='ocrx_word' id='word_1_595' title='bbox 2117 4695 2420 4766; x_wconf 80' lang='lat' dir='ltr'><strong>impediaris</strong></span> 
     </span>
    </p>
   </div>
   <div class='ocr_carea' id='block_1_88' title="bbox 875 4761 2422 4883">
    <p class='ocr_par' dir='ltr' id='par_1_88' title="bbox 875 4761 2422 4883">
     <span class='ocr_line' id='line_1_88' title="bbox 875 4761 2422 4833; baseline 0.001 -16"><span class='ocrx_word' id='word_1_596' title='bbox 875 4761 1030 4833; x_wconf 64' lang='grc' dir='ltr'><strong>οῖσι-ε</strong></span> <span class='ocrx_word' id='word_1_597' title='bbox 1066 4779 1302 4832; x_wconf 83' lang='lat' dir='ltr'><strong>semper;</strong></span> <span class='ocrx_word' id='word_1_598' title='bbox 1348 4761 1596 4830; x_wconf 86' lang='lat' dir='ltr'><strong>quamvis</strong></span> <span class='ocrx_word' id='word_1_599' title='bbox 1641 4778 1754 4822; x_wconf 76' lang='lat' dir='ltr'><strong>,vox</strong></span> <span class='ocrx_word' id='word_1_600' title='bbox 1799 4761 2096 4816; x_wconf 87' lang='lat' dir='ltr'><strong>reddendi.</strong></span> <span class='ocrx_word' id='word_1_601' title='bbox 2124 4778 2209 4814; x_wconf 89' lang='lat' dir='ltr'><strong>ma</strong></span> <span class='ocrx_word' id='word_1_602' title='bbox 2251 4765 2296 4816; x_wconf 89' lang='lat' dir='ltr'><strong>is</strong></span> <span class='ocrx_word' id='word_1_603' title='bbox 2343 4767 2422 4818; x_wconf 89' lang='lat' dir='ltr'><strong>vi-</strong></span> 
     </span>
     <span class='ocr_line' id='line_1_89' title="bbox 875 4783 2420 4883; baseline 0 0"><span class='ocrx_word' id='word_1_604' title='bbox 875 4836 1065 4883; x_wconf 65' lang='lat' dir='ltr'><strong>deatur</strong></span> <span class='ocrx_word' id='word_1_605' title='bbox 1103 4834 1376 4883; x_wconf 80' lang='lat' dir='ltr'><strong>insinuare</strong></span> <span class='ocrx_word' id='word_1_606' title='bbox 1405 4837 1614 4883; x_wconf 87' lang='lat' dir='ltr'><strong>votum.</strong></span> <span class='ocrx_word' id='word_1_607' title='bbox 1643 4831 1788 4883; x_wconf 88' lang='lat' dir='ltr'><strong>uuod</strong></span> <span class='ocrx_word' id='word_1_608' title='bbox 1817 4832 2040 4883; x_wconf 85' lang='lat' dir='ltr'><strong>perinde</strong></span> <span class='ocrx_word' id='word_1_609' title='bbox 2063 4783 2334 4883; x_wconf 56' lang='lat' dir='ltr'><strong>sianigcat</strong></span> <span class='ocrx_word' id='word_1_610' title='bbox 2357 4849 2420 4883; x_wconf 81' lang='lat' dir='ltr'><strong>ea</strong></span> 
     </span>
    </p>
   </div>
   <div class='ocr_carea' id='block_1_89' title="bbox 871 4831 2420 4901">
    <p class='ocr_par' dir='ltr' id='par_1_89' title="bbox 871 4831 2420 4901">
     <span class='ocr_line' id='line_1_90' title="bbox 871 4831 2420 4901; baseline 0.001 -15"><span class='ocrx_word' id='word_1_611' title='bbox 871 4831 1065 4886; x_wconf 74' lang='lat' dir='ltr'><strong>deatur</strong></span> <span class='ocrx_word' id='word_1_612' title='bbox 1103 4831 1376 4901; x_wconf 77' lang='lat' dir='ltr'><strong>insinuare</strong></span> <span class='ocrx_word' id='word_1_613' title='bbox 1405 4837 1614 4891; x_wconf 85' lang='lat' dir='ltr'><strong>votum,</strong></span> <span class='ocrx_word' id='word_1_614' title='bbox 1643 4831 1788 4901; x_wconf 85' lang='lat' dir='ltr'><strong>quod</strong></span> <span class='ocrx_word' id='word_1_615' title='bbox 1817 4832 2040 4901; x_wconf 76' lang='lat' dir='ltr'><strong>perinde</strong></span> <span class='ocrx_word' id='word_1_616' title='bbox 2063 4831 2334 4901; x_wconf 75' lang='lat' dir='ltr'><strong>signiﬁcat</strong></span> <span class='ocrx_word' id='word_1_617' title='bbox 2357 4849 2420 4888; x_wconf 87' lang='lat' dir='ltr'><strong>ea</strong></span> 
     </span>
    </p>
   </div>
   <div class='ocr_carea' id='block_1_90' title="bbox 875 4899 2421 4966">
    <p class='ocr_par' dir='ltr' id='par_1_90' title="bbox 875 4899 2421 4966">
     <span class='ocr_line' id='line_1_91' title="bbox 875 4899 2421 4966; baseline 0.001 -12"><span class='ocrx_word' id='word_1_618' title='bbox 875 4917 994 4957; x_wconf 77' lang='lat' dir='ltr'><strong>vox.</strong></span> <span class='ocrx_word' id='word_1_619' title='bbox 1019 4911 1077 4952; x_wconf 91' lang='lat' dir='ltr'><strong>ut</strong></span> <span class='ocrx_word' id='word_1_620' title='bbox 1107 4911 1294 4954; x_wconf 87' lang='lat' dir='ltr'><strong>auctor</strong></span> <span class='ocrx_word' id='word_1_621' title='bbox 1319 4900 1542 4953; x_wconf 87' lang='lat' dir='ltr'><strong>Hieron.</strong></span> <span class='ocrx_word' id='word_1_622' title='bbox 1581 4899 1741 4966; x_wconf 87' lang='lat' dir='ltr'><strong>epist.</strong></span> <span class='ocrx_word' id='word_1_623' title='bbox 1785 4900 1850 4952; x_wconf 89' lang='lat' dir='ltr'><strong>ad</strong></span> <span class='ocrx_word' id='word_1_624' title='bbox 1899 4899 2151 4953; x_wconf 75' lang='lat' dir='ltr'><strong>Sunium.</strong></span> <span class='ocrx_word' id='word_1_625' title='bbox 2206 4900 2343 4964; x_wconf 68' lang='lat' dir='ltr'><strong>Quid</strong></span> <span class='ocrx_word' id='word_1_626' title='bbox 2376 4904 2421 4955; x_wconf 88' lang='lat' dir='ltr'><strong>si</strong></span> 
     </span>
    </p>
   </div>
   <div class='ocr_carea' id='block_1_91' title="bbox 872 4968 2423 5038">
    <p class='ocr_par' dir='ltr' id='par_1_91' title="bbox 872 4968 2423 5038">
     <span class='ocr_line' id='line_1_92' title="bbox 872 4968 2423 5038; baseline 0 -16"><span class='ocrx_word' id='word_1_627' title='bbox 872 4970 1047 5022; x_wconf 91' lang='lat' dir='ltr'><strong>oratio</strong></span> <span class='ocrx_word' id='word_1_628' title='bbox 1074 4979 1130 5022; x_wconf 91' lang='lat' dir='ltr'><strong>et</strong></span> <span class='ocrx_word' id='word_1_629' title='bbox 1153 4971 1263 5038; x_wconf 86' lang='lat' dir='ltr'><strong>ipsa</strong></span> <span class='ocrx_word' id='word_1_630' title='bbox 1290 4979 1348 5022; x_wconf 93' lang='lat' dir='ltr'><strong>ut</strong></span> <span class='ocrx_word' id='word_1_631' title='bbox 1377 4969 1620 5038; x_wconf 88' lang='lat' dir='ltr'><strong>debitum</strong></span> <span class='ocrx_word' id='word_1_632' title='bbox 1653 4968 1973 5030; x_wconf 89' lang='lat' dir='ltr'><strong>attenditur,</strong></span> <span class='ocrx_word' id='word_1_633' title='bbox 2007 4984 2112 5036; x_wconf 91' lang='lat' dir='ltr'><strong>qua</strong></span> <span class='ocrx_word' id='word_1_634' title='bbox 2139 4979 2423 5022; x_wconf 82' lang='lat' dir='ltr'><strong>teneamur</strong></span> 
     </span>
    </p>
   </div>
   <div class='ocr_carea' id='block_1_92' title="bbox 873 5037 2425 5106">
    <p class='ocr_par' dir='ltr' id='par_1_92' title="bbox 873 5037 2425 5106">
     <span class='ocr_line' id='line_1_93' title="bbox 873 5037 2425 5106; baseline -0.002 -15"><span class='ocrx_word' id='word_1_635' title='bbox 873 5040 1003 5098; x_wconf 86' lang='lat' dir='ltr'><strong>Deo,</strong></span> <span class='ocrx_word' id='word_1_636' title='bbox 1029 5049 1293 5104; x_wconf 85' lang='lat' dir='ltr'><strong>quatenus</strong></span> <span class='ocrx_word' id='word_1_637' title='bbox 1317 5038 1480 5090; x_wconf 87' lang='lat' dir='ltr'><strong>habet</strong></span> <span class='ocrx_word' id='word_1_638' title='bbox 1513 5037 1764 5100; x_wconf 13' lang='lat' dir='ltr'><strong>divinam,</strong></span> <span class='ocrx_word' id='word_1_639' title='bbox 1783 5038 2020 5100; x_wconf 90' lang='lat' dir='ltr'><strong>laudem,</strong></span> <span class='ocrx_word' id='word_1_640' title='bbox 2047 5040 2272 5106; x_wconf 85' lang='lat' dir='ltr'><strong>ejusque</strong></span> <span class='ocrx_word' id='word_1_641' title='bbox 2296 5053 2425 5090; x_wconf 89' lang='lat' dir='ltr'><strong>con-</strong></span> 
     </span>
    </p>
   </div>
   <div class='ocr_carea' id='block_1_93' title="bbox 876 5107 2421 5174">
    <p class='ocr_par' dir='ltr' id='par_1_93' title="bbox 876 5107 2421 5174">
     <span class='ocr_line' id='line_1_94' title="bbox 876 5107 2421 5174; baseline 0.001 -17"><span class='ocrx_word' id='word_1_642' title='bbox 876 5108 1164 5158; x_wconf 75' lang='lat' dir='ltr'><strong>fessionem</strong></span> <span class='ocrx_word' id='word_1_643' title='bbox 1188 5116 1241 5159; x_wconf 87' lang='lat' dir='ltr'><strong>et</strong></span> <span class='ocrx_word' id='word_1_644' title='bbox 1268 5107 1440 5160; x_wconf 90' lang='lat' dir='ltr'><strong>nostri</strong></span> <span class='ocrx_word' id='word_1_645' title='bbox 1490 5107 1973 5174; x_wconf 88' lang='lat' dir='ltr'><strong>agnitionem,qua</strong></span> <span class='ocrx_word' id='word_1_646' title='bbox 2025 5107 2234 5159; x_wconf 88' lang='lat' dir='ltr'><strong>ratione</strong></span> <span class='ocrx_word' id='word_1_647' title='bbox 2279 5107 2421 5158; x_wconf 81' lang='lat' dir='ltr'><strong>haud</strong></span> 
     </span>
    </p>
   </div>
   <div class='ocr_carea' id='block_1_94' title="bbox 874 5173 2059 5242">
    <p class='ocr_par' dir='ltr' id='par_1_94' title="bbox 874 5173 2059 5242">
     <span class='ocr_line' id='line_1_95' title="bbox 874 5173 2059 5242; baseline 0.003 -18"><span class='ocrx_word' id='word_1_648' title='bbox 874 5174 1100 5225; x_wconf 67' lang='lat' dir='ltr'><strong>«Hbium</strong></span> <span class='ocrx_word' id='word_1_649' title='bbox 1130 5175 1268 5227; x_wconf 79' lang='lat' dir='ltr'><strong>eam&#39;</strong></span> <span class='ocrx_word' id='word_1_650' title='bbox 1287 5173 1444 5227; x_wconf 82' lang='lat' dir='ltr'><strong>nobis</strong></span> <span class='ocrx_word' id='word_1_651' title='bbox 1471 5185 1788 5242; x_wconf 67' lang='lat' dir='ltr'><strong>praeceptam</strong></span> <span class='ocrx_word' id='word_1_652' title='bbox 1815 5173 1933 5229; x_wconf 81' lang='lat' dir='ltr'><strong>esse</strong></span> <span class='ocrx_word' id='word_1_653' title='bbox 1958 5193 1972 5238; x_wconf 86' lang='lat'><strong>;</strong></span> <span class='ocrx_word' id='word_1_654' title='bbox 2004 5185 2059 5229; x_wconf 91' lang='lat' dir='ltr'><strong>et</strong></span> 
     </span>
    </p>
   </div>
   <div class='ocr_carea' id='block_1_95' title="bbox 2517 4625 4088 4695">
    <p class='ocr_par' dir='ltr' id='par_1_95' title="bbox 2517 4625 4088 4695">
     <span class='ocr_line' id='line_1_96' title="bbox 2517 4625 4088 4695; baseline 0.001 -13"><span class='ocrx_word' id='word_1_655' title='bbox 2517 4629 2674 4682; x_wconf 84' lang='lat' dir='ltr'><strong>Amb.</strong></span> <span class='ocrx_word' id='word_1_656' title='bbox 2728 4627 2948 4681; x_wconf 68' lang='lat' dir='ltr'><strong>Exhort.</strong></span> <span class='ocrx_word' id='word_1_657' title='bbox 3007 4625 3078 4678; x_wconf 78' lang='lat' dir='ltr'><strong>ad</strong></span> <span class='ocrx_word' id='word_1_658' title='bbox 3131 4627 3394 4695; x_wconf 74' lang='lat' dir='ltr'><strong>virgines:</strong></span> <span class='ocrx_word' id='word_1_659' title='bbox 3445 4639 3547 4679; x_wconf 90' lang='lat' dir='ltr'><strong>nec</strong></span> <span class='ocrx_word' id='word_1_660' title='bbox 3592 4627 3733 4678; x_wconf 83' lang='lat' dir='ltr'><strong>satis</strong></span> <span class='ocrx_word' id='word_1_661' title='bbox 3792 4628 4088 4684; x_wconf 83' lang='lat' dir='ltr'><strong>commode</strong></span> 
     </span>
    </p>
   </div>
   <div class='ocr_carea' id='block_1_96' title="bbox 2517 4695 4092 4818">
    <p class='ocr_par' dir='ltr' id='par_1_96' title="bbox 2517 4695 4092 4818">
     <span class='ocr_line' id='line_1_97' title="bbox 2517 4695 4092 4818; baseline 0 -68"><span class='ocrx_word' id='word_1_662' title='bbox 2517 4698 2803 4818; x_wconf 42' lang='lat' dir='ltr'><strong>{.eddatur,</strong></span> <span class='ocrx_word' id='word_1_663' title='bbox 2848 4705 3134 4765; x_wconf 71' lang='lat' dir='ltr'><strong>antequam</strong></span> <span class='ocrx_word' id='word_1_664' title='bbox 3177 4703 3378 4758; x_wconf 71' lang='lat' dir='ltr'><strong>voveat,</strong></span> <span class='ocrx_word' id='word_1_665' title='bbox 3427 4703 3489 4748; x_wconf 92' lang='lat' dir='ltr'><strong>ut</strong></span> <span class='ocrx_word' id='word_1_666' title='bbox 3536 4695 3869 4747; x_wconf 79' lang='lat' dir='ltr'><strong>existimavit</strong></span> <span class='ocrx_word' id='word_1_667' title='bbox 3909 4698 4092 4752; x_wconf 64' lang='lat' dir='ltr'><strong>Nobia</strong></span> 
     </span>
     <span class='ocr_line' id='line_1_98' title="bbox 2541 4781 2642 4818; baseline 0 0"><span class='ocrx_word' id='word_1_668' title='bbox 2541 4781 2642 4818; x_wconf 79' lang='lat' dir='ltr'><strong>ius.</strong></span> 
     </span>
    </p>
   </div>
   <div class='ocr_carea' id='block_1_97' title="bbox 2541 4781 2642 4818">
    <p class='ocr_par' dir='ltr' id='par_1_97' title="bbox 2541 4781 2642 4818">
     <span class='ocr_line' id='line_1_99' title="bbox 2541 4781 2642 4818; baseline 0 0"><span class='ocrx_word' id='word_1_669' title='bbox 2541 4781 2642 4818; x_wconf 74' lang='grc' dir='ltr'><strong>ιιιε.</strong></span> 
     </span>
    </p>
   </div>
   <div class='ocr_carea' id='block_1_98' title="bbox 2521 4831 4098 4971">
    <p class='ocr_par' dir='ltr' id='par_1_98' title="bbox 2521 4831 4098 4971">
     <span class='ocr_line' id='line_1_100' title="bbox 2592 4831 4092 4902; baseline 0.001 -17"><span class='ocrx_word' id='word_1_670' title='bbox 2592 4833 2668 4902; x_wconf 87' lang='lat' dir='ltr'><strong>(p)</strong></span> <span class='ocrx_word' id='word_1_671' title='bbox 2737 4835 2862 4899; x_wconf 77' lang='grc' dir='ltr'><strong>Τοῖς</strong></span> <span class='ocrx_word' id='word_1_672' title='bbox 2891 4831 3216 4898; x_wconf 63' lang='grc' dir='ltr'><strong>ἀλαλήτοις</strong></span> <span class='ocrx_word' id='word_1_673' title='bbox 3247 4832 3430 4885; x_wconf 80' lang='grc' dir='ltr'><strong>αὐτοῦ</strong></span> <span class='ocrx_word' id='word_1_674' title='bbox 3455 4831 3828 4896; x_wconf 71' lang='grc' dir='ltr'><strong>στεναγμοῖς.</strong></span> <span class='ocrx_word' id='word_1_675' title='bbox 3855 4833 4092 4888; x_wconf 81' lang='lat' dir='ltr'><strong>Inmr-</strong></span> 
     </span>
     <span class='ocr_line' id='line_1_101' title="bbox 2521 4899 4098 4971; baseline 0.001 -17"><span class='ocrx_word' id='word_1_676' title='bbox 2521 4901 2773 4955; x_wconf 78' lang='lat' dir='ltr'><strong>rabilibus</strong></span> <span class='ocrx_word' id='word_1_677' title='bbox 2807 4904 2975 4966; x_wconf 84' lang='lat' dir='ltr'><strong>vertit</strong></span> <span class='ocrx_word' id='word_1_678' title='bbox 3008 4903 3278 4971; x_wconf 80' lang='lat' dir='ltr'><strong>interpres</strong></span> <span class='ocrx_word' id='word_1_679' title='bbox 3309 4899 3467 4971; x_wconf 59' lang='lat' dir='ltr'><strong>ﬂom.</strong></span> <span class='ocrx_word' id='word_1_680' title='bbox 3500 4903 3759 4971; x_wconf 77' lang='lat' dir='ltr'><strong>vin._quo</strong></span> <span class='ocrx_word' id='word_1_681' title='bbox 3787 4903 3968 4966; x_wconf 89' lang='lat' dir='ltr'><strong>palam</strong></span> <span class='ocrx_word' id='word_1_682' title='bbox 4006 4919 4098 4956; x_wconf 87' lang='lat' dir='ltr'><strong>re-</strong></span> 
     </span>
    </p>
   </div>
   <div class='ocr_carea' id='block_1_99' title="bbox 2522 4969 4094 5039">
    <p class='ocr_par' dir='ltr' id='par_1_99' title="bbox 2522 4969 4094 5039">
     <span class='ocr_line' id='line_1_102' title="bbox 2522 4969 4094 5039; baseline -0.001 -14"><span class='ocrx_word' id='word_1_683' title='bbox 2522 4972 2684 5039; x_wconf 87' lang='lat' dir='ltr'><strong>spicit</strong></span> <span class='ocrx_word' id='word_1_684' title='bbox 2723 4971 2974 5025; x_wconf 89' lang='lat' dir='ltr'><strong>Basilius.</strong></span> <span class='ocrx_word' id='word_1_685' title='bbox 3007 4969 3216 5025; x_wconf 86' lang='lat' dir='ltr'><strong>Erasm.</strong></span> <span class='ocrx_word' id='word_1_686' title='bbox 3255 4969 3276 5023; x_wconf 90' lang='grc' dir='ltr'><strong>ι</strong></span> <span class='ocrx_word' id='word_1_687' title='bbox 3310 4969 3465 5039; x_wconf 18' lang='lat' dir='ltr'><strong>APAetr.</strong></span> <span class='ocrx_word' id='word_1_688' title='bbox 3496 4985 3535 5030; x_wconf 88' lang='lat' dir='ltr'><strong>I,</strong></span> <span class='ocrx_word' id='word_1_689' title='bbox 3581 4969 3652 5039; x_wconf 56' lang='grc' dir='ltr'><strong>τὸ</strong></span> <span class='ocrx_word' id='word_1_690' title='bbox 3669 4971 3814 5039; x_wconf 80' lang='grc' dir='ltr'><strong>χαρᾷ</strong></span> <span class='ocrx_word' id='word_1_691' title='bbox 3850 4972 4094 5023; x_wconf 76' lang='grc' dir='ltr'><strong>ἀνεκλα-</strong></span> 
     </span>
    </p>
   </div>
   <div class='ocr_carea' id='block_1_100' title="bbox 2523 5036 4095 5110">
    <p class='ocr_par' dir='ltr' id='par_1_100' title="bbox 2523 5036 4095 5110">
     <span class='ocr_line' id='line_1_103' title="bbox 2523 5036 4095 5110; baseline 0.002 -20"><span class='ocrx_word' id='word_1_692' title='bbox 2523 5036 2688 5108; x_wconf 74' lang='grc' dir='ltr'><strong>λῆτῳ,</strong></span> <span class='ocrx_word' id='word_1_693' title='bbox 2714 5041 2910 5110; x_wconf 65' lang='lat' dir='ltr'><strong>gaudio</strong></span> <span class='ocrx_word' id='word_1_694' title='bbox 2925 5040 3197 5110; x_wconf 67' lang='lat' dir='ltr'><strong>iaeﬁabili,</strong></span> <span class='ocrx_word' id='word_1_695' title='bbox 3232 5037 3323 5092; x_wconf 86' lang='lat' dir='ltr'><strong>ubi</strong></span> <span class='ocrx_word' id='word_1_696' title='bbox 3349 5037 3547 5110; x_wconf 71' lang='lat' dir='ltr'><strong>iterum</strong></span> <span class='ocrx_word' id='word_1_697' title='bbox 3580 5036 3757 5110; x_wconf 56' lang='lat' dir='ltr'><strong>Vulg.</strong></span> <span class='ocrx_word' id='word_1_698' title='bbox 3780 5041 3979 5106; x_wconf 73' lang='lat' dir='ltr'><strong>gaudio</strong></span> <span class='ocrx_word' id='word_1_699' title='bbox 4005 5043 4095 5093; x_wconf 80' lang='lat' dir='ltr'><strong>in-</strong></span> 
     </span>
    </p>
   </div>
   <div class='ocr_carea' id='block_1_101' title="bbox 2523 5105 4096 5176">
    <p class='ocr_par' dir='ltr' id='par_1_101' title="bbox 2523 5105 4096 5176">
     <span class='ocr_line' id='line_1_104' title="bbox 2523 5105 4096 5176; baseline 0.002 -17"><span class='ocrx_word' id='word_1_700' title='bbox 2523 5105 2828 5160; x_wconf 68' lang='lat' dir='ltr'><strong>enarrabili.</strong></span> <span class='ocrx_word' id='word_1_701' title='bbox 2869 5107 2964 5161; x_wconf 87' lang='lat' dir='ltr'><strong>Hic</strong></span> <span class='ocrx_word' id='word_1_702' title='bbox 2986 5105 3161 5172; x_wconf 76' lang='lat' dir='ltr'><strong>visum</strong></span> <span class='ocrx_word' id='word_1_703' title='bbox 3213 5105 3572 5176; x_wconf 87' lang='lat' dir='ltr'><strong>commodius,</strong></span> <span class='ocrx_word' id='word_1_704' title='bbox 3609 5105 3793 5176; x_wconf 76' lang='lat' dir='ltr'><strong>tacitis</strong></span> <span class='ocrx_word' id='word_1_705' title='bbox 3814 5111 4096 5176; x_wconf 72' lang='lat' dir='ltr'><strong>gemitibus</strong></span> 
     </span>
    </p>
   </div>
   <div class='ocr_carea' id='block_1_102' title="bbox 2523 5175 4097 5244">
    <p class='ocr_par' dir='ltr' id='par_1_102' title="bbox 2523 5175 4097 5244">
     <span class='ocr_line' id='line_1_105' title="bbox 2523 5175 4097 5244; baseline 0 -14"><span class='ocrx_word' id='word_1_706' title='bbox 2523 5193 2584 5230; x_wconf 92' lang='lat' dir='ltr'><strong>ac</strong></span> <span class='ocrx_word' id='word_1_707' title='bbox 2617 5187 2794 5231; x_wconf 92' lang='lat' dir='ltr'><strong>mente</strong></span> <span class='ocrx_word' id='word_1_708' title='bbox 2831 5177 3054 5244; x_wconf 88' lang='lat' dir='ltr'><strong>pressis,</strong></span> <span class='ocrx_word' id='word_1_709' title='bbox 3080 5178 3340 5242; x_wconf 78' lang='lat' dir='ltr'><strong>nulloque</strong></span> <span class='ocrx_word' id='word_1_710' title='bbox 3370 5175 3670 5228; x_wconf 89' lang='lat' dir='ltr'><strong>vocissono</strong></span> <span class='ocrx_word' id='word_1_711' title='bbox 3692 5175 3904 5230; x_wconf 79' lang='lat' dir='ltr'><strong>divinas</strong></span> <span class='ocrx_word' id='word_1_712' title='bbox 3925 5193 4097 5230; x_wconf 83' lang='lat' dir='ltr'><strong>aures</strong></span> 
     </span>
    </p>
   </div>
   <div class='ocr_carea' id='block_1_103' title="bbox 2526 5244 4098 5314">
    <p class='ocr_par' dir='ltr' id='par_1_103' title="bbox 2526 5244 4098 5314">
     <span class='ocr_line' id='line_1_106' title="bbox 2526 5244 4098 5314; baseline 0 -16"><span class='ocrx_word' id='word_1_713' title='bbox 2526 5246 2886 5312; x_wconf 86' lang='lat' dir='ltr'><strong>pulsantibus,</strong></span> <span class='ocrx_word' id='word_1_714' title='bbox 2935 5259 3100 5314; x_wconf 90' lang='lat' dir='ltr'><strong>quem</strong></span> <span class='ocrx_word' id='word_1_715' title='bbox 3156 5258 3376 5314; x_wconf 75' lang='lat' dir='ltr'><strong>sensum</strong></span> <span class='ocrx_word' id='word_1_716' title='bbox 3425 5259 3489 5304; x_wconf 84' lang='lat' dir='ltr'><strong>ea</strong></span> <span class='ocrx_word' id='word_1_717' title='bbox 3519 5257 3621 5314; x_wconf 66' lang='lat' dir='ltr'><strong>vos</strong></span> <span class='ocrx_word' id='word_1_718' title='bbox 3668 5244 3815 5298; x_wconf 91' lang='lat' dir='ltr'><strong>nulla</strong></span> <span class='ocrx_word' id='word_1_719' title='bbox 3849 5248 3910 5299; x_wconf 90' lang='lat' dir='ltr'><strong>vi</strong></span> <span class='ocrx_word' id='word_1_720' title='bbox 3945 5248 4098 5299; x_wconf 77' lang='lat' dir='ltr'><strong>ferre</strong></span> 
     </span>
    </p>
   </div>
   <div class='ocr_carea' id='block_1_104' title="bbox 2525 5312 4098 5381">
    <p class='ocr_par' dir='ltr' id='par_1_104' title="bbox 2525 5312 4098 5381">
     <span class='ocr_line' id='line_1_107' title="bbox 2525 5312 4098 5381; baseline 0.002 -17"><span class='ocrx_word' id='word_1_721' title='bbox 2525 5323 2722 5381; x_wconf 83' lang='lat' dir='ltr'><strong>potest,</strong></span> <span class='ocrx_word' id='word_1_722' title='bbox 2757 5330 2857 5369; x_wconf 91' lang='lat' dir='ltr'><strong>nec</strong></span> <span class='ocrx_word' id='word_1_723' title='bbox 2879 5312 2986 5368; x_wconf 85' lang='lat' dir='ltr'><strong>alio</strong></span> <span class='ocrx_word' id='word_1_724' title='bbox 3021 5314 3235 5380; x_wconf 81' lang='lat' dir='ltr'><strong>accepit</strong></span> <span class='ocrx_word' id='word_1_725' title='bbox 3257 5312 3506 5366; x_wconf 86' lang='lat' dir='ltr'><strong>Basilius.</strong></span> <span class='ocrx_word' id='word_1_726' title='bbox 3543 5312 3661 5364; x_wconf 86' lang='lat' dir='ltr'><strong>Alio</strong></span> <span class='ocrx_word' id='word_1_727' title='bbox 3707 5324 3890 5367; x_wconf 85' lang='lat' dir='ltr'><strong>autem</strong></span> <span class='ocrx_word' id='word_1_728' title='bbox 3919 5329 4098 5368; x_wconf 83' lang='lat' dir='ltr'><strong>sensu</strong></span> 
     </span>
    </p>
   </div>
   <div class='ocr_carea' id='block_1_105' title="bbox 2524 5381 4101 5449">
    <p class='ocr_par' dir='ltr' id='par_1_105' title="bbox 2524 5381 4101 5449">
     <span class='ocr_line' id='line_1_108' title="bbox 2524 5381 4101 5449; baseline 0.002 -16"><span class='ocrx_word' id='word_1_729' title='bbox 2524 5383 2779 5449; x_wconf 74' lang='grc' dir='ltr'><strong>ἁλάλητοι</strong></span> <span class='ocrx_word' id='word_1_730' title='bbox 2811 5384 3125 5449; x_wconf 70' lang='grc' dir='ltr'><strong>στεναγμοὶ,</strong></span> <span class='ocrx_word' id='word_1_731' title='bbox 3157 5385 3391 5448; x_wconf 87' lang='lat' dir='ltr'><strong>quorum</strong></span> <span class='ocrx_word' id='word_1_732' title='bbox 3431 5383 3484 5434; x_wconf 94' lang='lat' dir='ltr'><strong>in</strong></span> <span class='ocrx_word' id='word_1_733' title='bbox 3523 5381 3680 5433; x_wconf 86' lang='lat' dir='ltr'><strong>nobis</strong></span> <span class='ocrx_word' id='word_1_734' title='bbox 3722 5393 3916 5436; x_wconf 85' lang='lat' dir='ltr'><strong>auctor</strong></span> <span class='ocrx_word' id='word_1_735' title='bbox 3951 5384 4101 5436; x_wconf 80' lang='lat' dir='ltr'><strong>divi-</strong></span> 
     </span>
    </p>
   </div>
   <div class='ocr_carea' id='block_1_106' title="bbox 2526 5449 4100 5521">
    <p class='ocr_par' dir='ltr' id='par_1_106' title="bbox 2526 5449 4100 5521">
     <span class='ocr_line' id='line_1_109' title="bbox 2526 5449 4100 5521; baseline 0.001 -19"><span class='ocrx_word' id='word_1_736' title='bbox 2526 5467 2628 5504; x_wconf 92' lang='lat' dir='ltr'><strong>nus</strong></span> <span class='ocrx_word' id='word_1_737' title='bbox 2669 5449 2936 5521; x_wconf 85' lang='lat' dir='ltr'><strong>Spiritus,</strong></span> <span class='ocrx_word' id='word_1_738' title='bbox 2973 5449 3356 5521; x_wconf 79' lang='lat' dir='ltr'><strong>inenanabiles</strong></span> <span class='ocrx_word' id='word_1_739' title='bbox 3402 5451 3622 5521; x_wconf 82' lang='lat' dir='ltr'><strong>gemitus</strong></span> <span class='ocrx_word' id='word_1_740' title='bbox 3668 5467 3768 5518; x_wconf 85' lang='lat' dir='ltr'><strong>pro</strong></span> <span class='ocrx_word' id='word_1_741' title='bbox 3797 5467 3860 5504; x_wconf 89' lang='lat' dir='ltr'><strong>ea</strong></span> <span class='ocrx_word' id='word_1_742' title='bbox 3895 5452 3947 5503; x_wconf 91' lang='lat' dir='ltr'><strong>vi</strong></span> <span class='ocrx_word' id='word_1_743' title='bbox 3997 5452 4100 5504; x_wconf 83' lang='lat' dir='ltr'><strong>im-</strong></span> 
     </span>
    </p>
   </div>
   <div class='ocr_carea' id='block_1_107' title="bbox 2526 5519 4099 5590">
    <p class='ocr_par' dir='ltr' id='par_1_107' title="bbox 2526 5519 4099 5590">
     <span class='ocr_line' id='line_1_110' title="bbox 2526 5519 4099 5590; baseline 0.001 -18"><span class='ocrx_word' id='word_1_744' title='bbox 2526 5519 2773 5586; x_wconf 77' lang='lat' dir='ltr'><strong>petrandi</strong></span> <span class='ocrx_word' id='word_1_745' title='bbox 2798 5537 2959 5590; x_wconf 80' lang='lat' dir='ltr'><strong>quam</strong></span> <span class='ocrx_word' id='word_1_746' title='bbox 2987 5520 3190 5590; x_wconf 85' lang='lat' dir='ltr'><strong>habent</strong></span> <span class='ocrx_word' id='word_1_747' title='bbox 3230 5527 3286 5590; x_wconf 83' lang='lat' dir='ltr'><strong>et</strong></span> <span class='ocrx_word' id='word_1_748' title='bbox 3329 5519 3660 5590; x_wconf 65' lang='lat' dir='ltr'><strong>praestantia,</strong></span> <span class='ocrx_word' id='word_1_749' title='bbox 3691 5521 3781 5573; x_wconf 87' lang='lat' dir='ltr'><strong>tali</strong></span> <span class='ocrx_word' id='word_1_750' title='bbox 3839 5530 4099 5582; x_wconf 76' lang='lat' dir='ltr'><strong>auctore,</strong></span> 
     </span>
    </p>
   </div>
   <div class='ocr_carea' id='block_1_108' title="bbox 2526 5589 4102 5659">
    <p class='ocr_par' dir='ltr' id='par_1_108' title="bbox 2526 5589 4102 5659">
     <span class='ocr_line' id='line_1_111' title="bbox 2526 5589 4102 5659; baseline 0.001 -19"><span class='ocrx_word' id='word_1_751' title='bbox 2526 5605 2689 5656; x_wconf 84' lang='lat' dir='ltr'><strong>supra</strong></span> <span class='ocrx_word' id='word_1_752' title='bbox 2728 5589 2890 5645; x_wconf 17' lang='lat' dir='ltr'><strong>omine</strong></span> <span class='ocrx_word' id='word_1_753' title='bbox 2949 5589 3096 5659; x_wconf 92' lang='lat' dir='ltr'><strong>quod</strong></span> <span class='ocrx_word' id='word_1_754' title='bbox 3133 5598 3226 5642; x_wconf 90' lang='lat' dir='ltr'><strong>aut</strong></span> <span class='ocrx_word' id='word_1_755' title='bbox 3273 5589 3422 5658; x_wconf 89' lang='lat' dir='ltr'><strong>loqui</strong></span> <span class='ocrx_word' id='word_1_756' title='bbox 3479 5597 3573 5640; x_wconf 86' lang='lat' dir='ltr'><strong>aut</strong></span> <span class='ocrx_word' id='word_1_757' title='bbox 3629 5589 3936 5658; x_wconf 87' lang='lat' dir='ltr'><strong>intelligere</strong></span> <span class='ocrx_word' id='word_1_758' title='bbox 3969 5601 4102 5648; x_wconf 75' lang='lat' dir='ltr'><strong>pos-</strong></span> 
     </span>
    </p>
   </div>
   <div class='ocr_carea' id='block_1_109' title="bbox 2526 5674 2734 5713">
    <p class='ocr_par' dir='ltr' id='par_1_109' title="bbox 2526 5674 2734 5713">
     <span class='ocr_line' id='line_1_112' title="bbox 2526 5674 2734 5713; baseline 0.019 -4"><span class='ocrx_word' id='word_1_759' title='bbox 2526 5674 2734 5713; x_wconf 87' lang='lat' dir='ltr'><strong>sumus.</strong></span> 
     </span>
    </p>
   </div>
   <div class='ocr_carea' id='block_1_110' title="bbox 2090 5174 2424 5244">
    <p class='ocr_par' dir='ltr' id='par_1_110' title="bbox 2090 5174 2424 5244">
     <span class='ocr_line' id='line_1_113' title="bbox 2090 5174 2424 5244; baseline -0.006 -17"><span class='ocrx_word' id='word_1_760' title='bbox 2090 5174 2311 5244; x_wconf 84' lang='lat' dir='ltr'><strong>quidem</strong></span> <span class='ocrx_word' id='word_1_761' title='bbox 2337 5189 2424 5225; x_wconf 86' lang='lat' dir='ltr'><strong>as-</strong></span> 
     </span>
    </p>
   </div>
   <div class='ocr_carea' id='block_1_111' title="bbox 873 5243 2422 5312">
    <p class='ocr_par' dir='ltr' id='par_1_111' title="bbox 873 5243 2422 5312">
     <span class='ocr_line' id='line_1_114' title="bbox 873 5243 2422 5312; baseline 0.001 -19"><span class='ocrx_word' id='word_1_762' title='bbox 873 5243 1107 5312; x_wconf 81' lang='lat' dir='ltr'><strong>siduam.</strong></span> <span class='ocrx_word' id='word_1_763' title='bbox 1135 5251 1193 5293; x_wconf 95' lang='lat' dir='ltr'><strong>ut</strong></span> <span class='ocrx_word' id='word_1_764' title='bbox 1226 5245 1394 5311; x_wconf 90' lang='lat' dir='ltr'><strong>magis</strong></span> <span class='ocrx_word' id='word_1_765' title='bbox 1435 5247 1703 5312; x_wconf 76' lang='lat' dir='ltr'><strong>expressit</strong></span> <span class='ocrx_word' id='word_1_766' title='bbox 1740 5245 1936 5298; x_wconf 83' lang='lat' dir='ltr'><strong>Paulus</strong></span> <span class='ocrx_word' id='word_1_767' title='bbox 1974 5246 1990 5297; x_wconf 98' lang='grc' dir='ltr'><strong>Ι</strong></span> <span class='ocrx_word' id='word_1_768' title='bbox 2033 5243 2225 5298; x_wconf 81' lang='lat' dir='ltr'><strong>Thess.</strong></span> <span class='ocrx_word' id='word_1_769' title='bbox 2259 5259 2308 5302; x_wconf 91' lang='lat' dir='ltr'><strong>v,</strong></span> <span class='ocrx_word' id='word_1_770' title='bbox 2338 5244 2422 5303; x_wconf 81' lang='lat' dir='ltr'><strong>l7,</strong></span> 
     </span>
    </p>
   </div>
   <div class='ocr_carea' id='block_1_112' title="bbox 873 5310 2419 5381">
    <p class='ocr_par' dir='ltr' id='par_1_112' title="bbox 873 5310 2419 5381">
     <span class='ocr_line' id='line_1_115' title="bbox 873 5310 2419 5381; baseline -0.001 -19"><span class='ocrx_word' id='word_1_771' title='bbox 873 5310 1199 5381; x_wconf 66' lang='lat' dir='ltr'><strong>agnovitque</strong></span> <span class='ocrx_word' id='word_1_772' title='bbox 1230 5310 1570 5381; x_wconf 72' lang='lat' dir='ltr'><strong>inter-presio</strong></span> <span class='ocrx_word' id='word_1_773' title='bbox 1597 5313 1681 5366; x_wconf 89' lang='lat' dir='ltr'><strong>his</strong></span> <span class='ocrx_word' id='word_1_774' title='bbox 1707 5314 1908 5373; x_wconf 89' lang='lat' dir='ltr'><strong>verbis,</strong></span> <span class='ocrx_word' id='word_1_775' title='bbox 1942 5314 2049 5367; x_wconf 87' lang='lat' dir='ltr'><strong>nisi</strong></span> <span class='ocrx_word' id='word_1_776' title='bbox 2097 5328 2195 5381; x_wconf 89' lang='lat' dir='ltr'><strong>pro</strong></span> <span class='ocrx_word' id='word_1_777' title='bbox 2235 5313 2419 5381; x_wconf 38' lang='grc' dir='ltr'><strong>εὐκαί-</strong></span> 
     </span>
    </p>
   </div>
   <div class='ocr_carea' id='block_1_113' title="bbox 875 5379 2425 5448">
    <p class='ocr_par' dir='ltr' id='par_1_113' title="bbox 875 5379 2425 5448">
     <span class='ocr_line' id='line_1_116' title="bbox 875 5379 2425 5448; baseline 0.002 -20"><span class='ocrx_word' id='word_1_778' title='bbox 875 5396 1004 5448; x_wconf 76' lang='grc' dir='ltr'><strong>ρως,</strong></span> <span class='ocrx_word' id='word_1_779' title='bbox 1037 5379 1295 5446; x_wconf 79' lang='grc' dir='ltr'><strong>διηνεκῶς</strong></span> <span class='ocrx_word' id='word_1_780' title='bbox 1322 5379 1534 5440; x_wconf 74' lang='lat' dir='ltr'><strong>habuit,</strong></span> <span class='ocrx_word' id='word_1_781' title='bbox 1569 5382 1712 5446; x_wconf 88' lang='lat' dir='ltr'><strong>quod</strong></span> <span class='ocrx_word' id='word_1_782' title='bbox 1732 5384 1935 5435; x_wconf 76' lang='lat' dir='ltr'><strong>assidue</strong></span> <span class='ocrx_word' id='word_1_783' title='bbox 1963 5393 2066 5443; x_wconf 85' lang='lat' dir='ltr'><strong>est,</strong></span> <span class='ocrx_word' id='word_1_784' title='bbox 2086 5379 2306 5448; x_wconf 76' lang='lat' dir='ltr'><strong>etquod</strong></span> <span class='ocrx_word' id='word_1_785' title='bbox 2335 5380 2425 5432; x_wconf 80' lang='lat' dir='ltr'><strong>ille</strong></span> 
     </span>
    </p>
   </div>
   <div class='ocr_carea' id='block_1_114' title="bbox 875 5447 2426 5515">
    <p class='ocr_par' dir='ltr' id='par_1_114' title="bbox 875 5447 2426 5515">
     <span class='ocr_line' id='line_1_117' title="bbox 875 5447 2426 5515; baseline 0.001 -16"><span class='ocrx_word' id='word_1_786' title='bbox 875 5447 1113 5500; x_wconf 88' lang='lat' dir='ltr'><strong>reddidit</strong></span> <span class='ocrx_word' id='word_1_787' title='bbox 1138 5464 1382 5515; x_wconf 85' lang='lat' dir='ltr'><strong>semper;</strong></span> <span class='ocrx_word' id='word_1_788' title='bbox 1414 5450 1621 5501; x_wconf 82' lang='lat' dir='ltr'><strong>utrOvis</strong></span> <span class='ocrx_word' id='word_1_789' title='bbox 1674 5461 1820 5504; x_wconf 90' lang='lat' dir='ltr'><strong>certe</strong></span> <span class='ocrx_word' id='word_1_790' title='bbox 1854 5452 2117 5506; x_wconf 89' lang='lat' dir='ltr'><strong>adverbio</strong></span> <span class='ocrx_word' id='word_1_791' title='bbox 2162 5447 2426 5503; x_wconf 75' lang='lat' dir='ltr'><strong>indicavit</strong></span> 
     </span>
    </p>
   </div>
   <div class='ocr_carea' id='block_1_115' title="bbox 876 5516 2425 5589">
    <p class='ocr_par' dir='ltr' id='par_1_115' title="bbox 876 5516 2425 5589">
     <span class='ocr_line' id='line_1_118' title="bbox 876 5516 2425 5589; baseline 0 -19"><span class='ocrx_word' id='word_1_792' title='bbox 876 5516 965 5570; x_wconf 80' lang='lat' dir='ltr'><strong>hic</strong></span> <span class='ocrx_word' id='word_1_793' title='bbox 996 5516 1058 5568; x_wconf 80' lang='lat' dir='ltr'><strong>de</strong></span> <span class='ocrx_word' id='word_1_794' title='bbox 1087 5519 1360 5589; x_wconf 82' lang='lat' dir='ltr'><strong>oratione</strong></span> <span class='ocrx_word' id='word_1_795' title='bbox 1390 5517 1537 5589; x_wconf 73' lang='lat' dir='ltr'><strong>loqui</strong></span> <span class='ocrx_word' id='word_1_796' title='bbox 1587 5533 1797 5589; x_wconf 86' lang='lat' dir='ltr'><strong>sacrum</strong></span> <span class='ocrx_word' id='word_1_797' title='bbox 1851 5523 2192 5589; x_wconf 84' lang='lat' dir='ltr'><strong>scriptorem.</strong></span> <span class='ocrx_word' id='word_1_798' title='bbox 2219 5518 2425 5589; x_wconf 73' lang='lat' dir='ltr'><strong>de_qua</strong></span> 
     </span>
    </p>
   </div>
   <div class='ocr_carea' id='block_1_116' title="bbox 887 5586 2422 5656">
    <p class='ocr_par' dir='ltr' id='par_1_116' title="bbox 887 5586 2422 5656">
     <span class='ocr_line' id='line_1_119' title="bbox 887 5586 2422 5656; baseline 0.001 -17"><span class='ocrx_word' id='word_1_799' title='bbox 887 5601 940 5639; x_wconf 85' lang='lat' dir='ltr'><strong>et</strong></span> <span class='ocrx_word' id='word_1_800' title='bbox 958 5588 1257 5652; x_wconf 80' lang='lat' dir='ltr'><strong>sequentia,</strong></span> <span class='ocrx_word' id='word_1_801' title='bbox 1280 5588 1406 5654; x_wconf 68' lang='grc' dir='ltr'><strong>πρὶν</strong></span> <span class='ocrx_word' id='word_1_802' title='bbox 1436 5586 1690 5648; x_wconf 61' lang='grc' dir='ltr'><strong>εὐξασίὶαι</strong></span> <span class='ocrx_word' id='word_1_803' title='bbox 1715 5586 2000 5656; x_wconf 82' lang='grc' dir='ltr'><strong>ἑτοίμασον</strong></span> <span class='ocrx_word' id='word_1_804' title='bbox 2025 5590 2242 5641; x_wconf 89' lang='grc' dir='ltr'><strong>σαυτόν.</strong></span> <span class='ocrx_word' id='word_1_805' title='bbox 2265 5586 2422 5656; x_wconf 68' lang='lat' dir='ltr'><strong>vulg.</strong></span> 
     </span>
    </p>
   </div>
   <div class='ocr_carea' id='block_1_117' title="bbox 884 5655 2426 5723">
    <p class='ocr_par' dir='ltr' id='par_1_117' title="bbox 884 5655 2426 5723">
     <span class='ocr_line' id='line_1_120' title="bbox 884 5655 2426 5723; baseline -0.001 -13"><span class='ocrx_word' id='word_1_806' title='bbox 884 5661 1013 5713; x_wconf 70' lang='lat' dir='ltr'><strong>Aule</strong></span> <span class='ocrx_word' id='word_1_807' title='bbox 1047 5658 1329 5709; x_wconf 60' lang='lat' dir='ltr'><strong>oratiore-n</strong></span> <span class='ocrx_word' id='word_1_808' title='bbox 1357 5671 1598 5723; x_wconf 81' lang='lat' dir='ltr'><strong>pm&#39;para</strong></span> <span class='ocrx_word' id='word_1_809' title='bbox 1641 5655 1872 5709; x_wconf 76' lang='lat' dir='ltr'><strong>animum</strong></span> <span class='ocrx_word' id='word_1_810' title='bbox 1928 5669 2092 5711; x_wconf 77' lang='lat' dir='ltr'><strong>tuam.</strong></span> <span class='ocrx_word' id='word_1_811' title='bbox 2119 5657 2230 5710; x_wconf 86' lang='lat' dir='ltr'><strong>Nec</strong></span> <span class='ocrx_word' id='word_1_812' title='bbox 2266 5655 2426 5709; x_wconf 86' lang='lat' dir='ltr'><strong>aliter</strong></span> 
     </span>
    </p>
   </div>
  </div>
