4246 6438
205 391 300 454 809

1490 391 1656 448 LOCI
1695 388 1900 448 COMM
1913 389 2126 449 UN'ES.

3313 391 3420 457 810

203 498 263 549 ἐκ
289 497 513 568 καρδίας
557 499 946 568 ἀνυποκρίτου,
984 493 1092 552 οἶδε
1133 496 1335 565 φθάσαι
1368 494 1431 547 τὸ
1461 495 1760 548 ἀκολάκευ-
1787 499 1832 555 Α
1862 510 1880 546 a

1740 522 1760 532 -
1787 499 1832 555 Α
1862 495 2044 547 animo
2070 494 2207 547 nihil
2248 494 2612 550 simulationis
2635 495 2757 550 labe
2797 496 3102 560 laborante,
3151 500 3221 554 ad
3256 515 3417 554 aures

204 605 286 642 τον
310 585 403 652 οῦς
435 588 529 641 τοῦ
554 589 847 642 Δεσπότου.

270 679 432 732 Ὅταν
464 680 530 732 δι’
566 680 730 749 εὐχῆς
761 678 1116 749 αἰτησὼμεθά
1146 695 1198 731 τι
1223 678 1316 730 τὸν
1345 675 1644 744 Δεσπότην,
1683 673 1758 742 μὴ

199 769 400 838 ταχέως
419 769 831 839 ἐξατονήσωμεν
867 785 881 799 ο
928 769 1064 822 ἀλλά
1113 768 1172 820 τὸ
1211 767 1431 836 συνεχὲς
1473 767 1572 835 τῆς
1625 765 1759 816 ἀπο-

199 873 402 928 τυχιυις,
434 863 499 929 τῇ
532 859 783 930 συνεχείᾳ
810 860 908 929 τῆς
932 860 1200 929 αἰτήσεως
1220 857 1614 924 ὲκνικήσωμεν.

275 950 362 1001 Ἐν
398 953 518 1012 ταῖς
553 949 840 1012 ἀναϐολαῖς
887 949 983 1003 καὶ
1029 949 1088 1001 ὲν
1137 949 1255 1009 ταῖς
1287 945 1616 1013 ὑπερθέσεσι
1650 943 1758 996 τῶν

196 1038 407 1108 δωρεῶν
439 1038 532 1090 τοῦ
561 1036 722 1103 Θεοῦ,
763 1037 840 1107 μὴ
885 1037 1318 1107 προκάμνωμεν,
1357 1032 1490 1103 μηδὲ
1523 1048 1757 1102 προανα-

198 1130 501 1200 πίπτωμεν.
544 1131 811 1192 Πολλάκις
841 1129 950 1199 7&9
987 1131 1015 1180 ό
1052 1127 1328 1196 Δεσπότης
1361 1125 1460 1194 τὴν
1499 1122 1758 1176 δοκοῦσαν

196 1221 479 1292 ἀναϐολὴν,
510 1224 590 1283 εἰς
618 1219 717 1291 τὴν
742 1223 840 1290 τῆς
873 1219 1112 1281 πίστεως
1144 1215 1453 1286 γυμνασίαν
1471 1213 1754 1283 παρέλκει.

264 1313 438 1364 Καλὸν
463 1312 694 1365 πάντοτε
721 1311 809 1364 διὰ
845 1309 1155 1378 προσευχῆς
1183 1307 1391 1376 ὁμιλεῖν
1415 1303 1494 1374 τῷ
1518 1303 1655 1371 Θεῷ.
1696 1302 1758 1354 Εἰ

193 1401 298 1469 7&9
319 1401 573 1469 συντυχία
587 1400 774 1471 ἀνδρὸς
792 1398 994 1466 ἀγαθοῦ
1017 1397 1213 1466 βελτιοί
1237 1396 1327 1448 τὸν
1347 1393 1754 1463 ἐντυγχάνοντα,

193 1492 340 1560 πόσῳ
371 1491 571 1560 μᾶλλον
601 1493 662 1543 τὸ
688 1492 785 1544 καὶ
819 1492 877 1543 ὲν
913 1489 1098 1559 ἡμέρᾳ
1125 1487 1220 1540 καὶ
1243 1489 1302 1540 ὲν
1332 1485 1489 1539 νυκτὶ
1531 1483 1757 1553 καθομι-

191 1581 301 1638 λεῖν
332 1582 412 1652 τῷ
462 1581 580 1651 Θεῷ
610 1599 626 1648 ;

261 1757 532 1819 Πολλάκις
579 1758 608 1809 δ
658 1756 792 1819 Θεὸς
844 1753 1199 1808 ἀναϐάλλεται
1245 1749 1344 1822 τὴν
1408 1749 1642 1818 αἴτησιν,
1693 1747 1754 1800 οὐ

189 1845 509 1916 βουλόμενος
536 1847 684 1916 ἡμᾶς
715 1844 1077 1916 παρελκῦσαι,
1112 1841 1248 1895 ἀλλά
1270 1842 1336 1910 τῇ
1372 1837 1627 1910 μελλήσει
1655 1840 1751 1906 τῆς

187 1939 386 2001 δόσεως
418 1938 515 2008 τὴν
547 1937 768 2007 διηνεκῆ
808 1933 1165 2006 προσεδρείαν
1210 1933 1342 2001 ἡμῖν
1372 1929 1746 1998 σοφιζόμενος.

186 2029 344 2083 Οῦτω
385 2029 495 2099 7&9
551 2031 644 2082 καὶ
705 2027 1045 2098 φιλόστοργοι
1099 2023 1332 2094 πατέρες
1394 2021 1630 2083 ποιοῦσι,
1683 2019 1752 2072 τὰ

188 2118 411 2188 ῥᾴθυμα
428 2117 798 2190 τῶνηπαίδων,
824 2119 918 2169 κει)⁸
958 2115 1092 2181 πρὸς
1129 2115 1197 2166 τά
1244 2111 1470 2165 παιδικὰ
1523 2111 1750 2177 παίγνια

187 2208 469 2279 τρέχοντα,
530 2209 791 2272 πολλάκις
841 2208 1132 2276 ὑποσχέσει
1182 2205 1379 2268 δόσεως
1431 2204 1529 2256 καὶ
1575 2203 1748 2273 δώρου

190 2300 450 2368 μεγίστου
484 2299 771 2367 κατέχουσι
801 2296 932 2366 παρ’
959 2297 1190 2356 ἑαυτοῖς.

265 2387 595 2459 ’Δνθρὼπων
621 2388 718 2456 μὲν
743 2386 852 2454 7&9
875 2385 1136 2452 δεόμενοι,
1173 2381 1267 2434 καὶ
1316 2379 1560 2448 δαπάνης
1614 2395 1752 2447 χρη-

189 2478 376 2546 μάτων
419 2477 652 2545 δεόμεθα
699 2475 795 2526 καὶ
851 2469 1140 2532 κολακείας
1192 2468 1618 2537 δουλοπρεποῦς,
1658 2467 1751 2518 καὶ

190 2568 393 2636 πολλῆς
443 2565 693 2634 περιόδου
749 2563 842 2615 καὶ
889 2559 1272 2630 πραγματείας
1323 2559 1497 2626 χρεία.
1534 2558 1606 2607 Οὐ
1644 2557 1752 2623 γὰρ

187 2659 248 2723 ἐξ
277 2658 496 2720 εὐθείας
517 2657 705 2717 αὐτοῖς
734 2655 846 2717 τοῖς
876 2652 1086 2721 κυρίοις
1109 2650 1292 2704 δοῦναι
1334 2649 1408 2718 (q)
1450 2647 1548 2717 τὴν
1593 2648 1752 2716 χάριν

187 2750 265 2802 ἔνι
295 2749 390 2802 καὶ⁹
414 2747 754 2816 διαλεχθῆναι
785 2742 1064 2805 πολλάκις,
1091 2739 1205 2793 ἀλλ’
1230 2740 1442 2808 ἀνάγκη
1487 2737 1752 2806 πρότερον

182 2840 468 2901 διακόνους
524 2838 620 2891 καὶ
666 2837 983 2905 οἰκονόμους
1039 2833 1219 2886 αὐτῶν
1268 2832 1365 2884 καὶ
1402 2829 1752 2899 ἐπιτρόπους,

187 2932 280 2982 καὶ
321 2931 572 2999 χρήμασι
622 2929 716 2980 καὶ
773 2927 982 2996 ῥήμασι
1042 2924 1138 2976 καὶ⁵
1197 2923 1361 2974 παντὶ
1418 2919 1751 2990 θεραπεῦσαι

185 3020 397 3090 τρόπῳ,
445 3019 538 3071 καὶ
587 3018 708 3071 τότε
741 3017 808 3068 δι’
856 3016 1082 3068 ἐκείνων
1128 3013 1228 3082 τὴν
1282 3013 1496 3081 αἴτησιν
1543 3009 1748 3062 λαϐεῖν.

199 3110 322 3162 Ἐπὶ
352 3109 412 3162 δὲ
443 3109 538 3162 τοῦ
564 3108 698 3162 Θεοῦ
723 3109 825 3161 οὐκ
857 3107 1005 3159 ἐστιν
1059 3104 1254 3166 οὕτως.
1313 3104 1386 3156 Οὐ
1421 3103 1527 3173 7&9
1585 3102 1750 3154 δεῖται
1779 3143 1824 3201 c

188 3201 427 3270 μεσιτῶν
455 3201 549 3253 ἐπὶ
574 3199 682 3252 τῶν
703 3197 995 3262 ἀξιούντων
1027 3213 1040 3224 ·
1065 3196 1173 3248 οὐδ’
1212 3193 1381 3257 οὕτως
1436 3191 1502 3244 δι’
1553 3192 1754 3261 ἑτέρων

185 3288 694 3361 παρακαλούμενος,
733 3288 808 3350 ὡς
837 3287 903 3338 δι’
933 3284 1088 3355 ἡμῶν
1121 3282 1302 3337 αὐτῶν
1340 3279 1606 3348 δεομένων
1635 3281 1754 3330 ὲπι-

185 3383 329 3436 νεύει
387 3383 455 3452 τῇ
496 3381 699 3450 χάριτι.

251 3472 469 3542 Εῦηχός
491 3474 640 3523 ἐστιν
666 3469 848 3539 ἐκείνη
874 3470 906 3538 ἡ
949 3468 1124 3538 φωνὴ,
1150 3467 1245 3519 καὶ
1278 3466 1439 3536 μέχρι
1469 3465 1567 3534 τῆς
1598 3463 1750 3524 θείας

183 3562 559 3617 ἀναϐαίνουσα
589 3561 758 3630 ἀκοῆς
779 3574 792 3590 ο
814 3559 914 3629 οὐχ
948 3560 982 3626 ὴ
1010 3557 1148 3626 μετά
1164 3572 1310 3617 τινος
1337 3557 1633 3617 διατάσεως
1664 3570 1749 3619 γι-

183 3654 388 3724 νομένη
425 3653 678 3721 κραυγή⁸
731 3649 847 3703 ἀλλ’
899 3652 932 3720 ἡ
974 3649 1080 3702 ἀπὸ
1122 3647 1367 3717 καθαρᾶς
1393 3648 1752 3716 συνειδήσεως

179 3744 538 3813 ἀναπτομένη
558 3741 875 3812 ὲνθύμησις.

253 3837 441 3904 Γρητ.
476 3835 750 3900 Νύσσης.
781 3861 851 3872 --
894 3831 952 3884 '0
1005 3831 1064 3882 ὲν
1117 3828 1295 3902 καιρῷ
1332 3830 1642 3900 προσευχῆς
1675 3831 1750 3900 μὴ

181 3925 318 3995 πρὸς
341 3925 413 3978 τά
452 3922 829 3976 λυσιτελοῦντα
851 3925 917 3993 τῇ
949 3920 1094 3991 ψυχῇ
1125 3921 1442 3991 τεταμένος,
1461 3921 1596 3973 ἀλλά
1617 3921 1750 3989 πρὸς

180 4017 281 4080 τὰς
318 4015 590 4086 ἐμπαθεῖς
621 4017 722 4084 τῆς
757 4015 998 4076 διανοίας
1022 4013 1283 4082 κινήσεις,
1315 4011 1750 4065 συνδιατίθεσθαι

178 4107 274 4159 τὸν
328 4107 464 4158 Θεδν
496 4103 682 4168 ἀξιῶν,
713 4104 882 4173 λῆρός
933 4103 1014 4166 τίς
1060 4105 1230 4165 ἐστιν,
1280 4103 1356 4165 ὡς
1390 4102 1622 4172 ἀληθῶς,
1659 4106 1751 4155 καὶ

182 4193 504 4264 βαττολόγος
526 4194 618 4246 καὶ
650 4194 924 4264 φλήναφος
951 4192 1048 4244 καὶ
1065 4191 1325 4262 φλύαρος,
1357 4193 1450 4244 καὶ
1481 4193 1532 4245 εἴ
1551 4209 1602 4243 τι
1624 4192 1750 4245 ἀλλο

178 4284 278 4356 τῆς
300 4283 563 4353 τοιαύτης
589 4283 864 4353 σημασίας
893 4282 1065 4335 ἐστίν.

243 4375 566 4428 Εὑσεϐίου.
594 4402 664 4412 -
697 4373 870 4441 Ὑπὲρ
937 4371 1037 4440 τῆς
1104 4372 1292 4441 κοινῆς
1346 4372 1450 4443 χρὴ
1492 4373 1745 4444 εὔχεσθαι

181 4463 446 4534 πρότερον
480 4461 772 4531 σωτηρίας,
807 4456 904 4512 εἷθ’
934 4459 1107 4522 οὕτως
1129 4459 1268 4528 ὑπὲρ
1305 4460 1502 4516 αὐτῶν.

245 4553 493 4608 Νείλου.
544 4581 614 4591 ——
666 4551 878 4620 ἷΩσπερ
926 4548 993 4601 τά
1054 4550 1313 4618 στρουθία
1354 4549 1440 4602 διὰ
1491 4552 1589 4619 τῆς
1640 4554 1748 4605 τῶν

182 4641 399 4714 πτερῶν
452 4643 718 4710 κινήσεως
782 4639 1053 4709 μετάρσια
1102 4639 1330 4705 γίνεται,
1396 4639 1538 4693 οὕτω
1583 4643 1676 4694 καὶ
1721 4647 1748 4695 ὁ

179 4732 439 4802 θεοσεϐὴς
459 4729 742 4800 ἄνθρωπος
773 4729 881 4782 ἀπὸ
916 4729 1022 4782 τῶν
1052 4729 1309 4797 ἐπιγείων
1338 4730 1472 4800 πρὸς
1495 4731 1561 4784 τά
1585 4731 1750 4802 οὐρά-

179 4839 266 4876 νια
300 4822 394 4877 διά
421 4822 738 4892 προσευχῶν
765 4820 1118 4890 μετατίθησιν
1157 4821 1374 4874 ἑαυτόν.

258 4911 388 4966 Ἐἀν
443 4912 630 4974 κακῶς
681 4911 777 4964 καὶ
844 4910 1174 4980 ἀσυμφόρως
1241 4912 1430 4973 αἰτεῖς,
1489 4911 1736 4984 καθάπερ

1862 583 2075 635 Domini
2098 583 2340 652 proclive
2358 584 2572 646 evadet,
2603 598 2740 652 quas
2768 583 2917 637 nulla
2942 583 3186 638 adulatio
3215 586 3417 653 pulset.

1928 671 2062 725 Cum
2089 673 2352 741 precibus
2383 674 2589 742 aliquid
2624 689 2654 728 a
2699 673 2934 728 Domino
2973 675 3319 743 petierimus,
3350 691 3421 730 ne

1858 762 1968 814 cito
1991 764 2232 816 animum
2261 764 2732 833 despondeamus;
2763 765 2859 819 sed
2895 767 3210 820 continuam
3231 767 3417 836 repul-

1858 866 1973 905 sam
2007 853 2265 907 continua
2289 854 2576 922 petitionis
2604 855 2864 910 instantia
2895 856 3200 910 vincamus.

1927 942 2065 995 Dum
2094 943 2238 997 Deus
2259 945 2400 999 dona
2427 945 2616 999 dill‘ert
2659 961 2946 1014 morasque
2971 947 3165 1008 nectit,
3192 963 3260 1000 ne
3283 946 3420 1000 dell-

1858 1033 2068 1086 ciamus
2096 1046 2232 1086 neve
2257 1035 2456 1088 animis
2485 1035 2855 1089 concidamus.
2887 1036 3040 1104 Saepe
3067 1037 3213 1088 enim
3236 1036 3422 1089 Domi-

1857 1138 1982 1185 nus,
2015 1137 2159 1185 eam,
2178 1139 2300 1191 quae
2318 1125 2559 1189 videtur,
2585 1124 2928 1187 dilationem,
2955 1124 3079 1178 ﬁdei
3103 1127 3424 1179 exercendae

1857 1228 2018 1266 causa
2053 1214 2344 1283 protrahit.

1926 1303 2255 1357 Przeclarum
2283 1312 2369 1358 est
2395 1318 2520 1357 cum
2553 1304 2665 1357 Deo
2695 1305 2900 1374 jugiter
2927 1303 3135 1357 orando
3161 1303 3421 1357 confabu-

1857 1392 1983 1446 lari.
2005 1393 2060 1445 Si
2086 1394 2235 1449 cnim
2262 1393 2366 1446 viri
2395 1394 2556 1462 probi
2585 1393 2796 1447 indulta
2812 1394 3148 1464 congressio,
3177 1409 3302 1447 eum
3325 1393 3420 1462 qui

1857 1483 2243 1550 congredietur
2304 1483 2471 1552 inque
2530 1483 2684 1536 illum
2739 1482 2944 1536 incidat
2994 1484 3221 1537 meliore
3267 1484 3422 1554 fruge

1854 1570 2156 1638 componit,
2193 1583 2399 1640 quanto
2446 1573 2620 1642 magis
2666 1573 2814 1640 quod
2847 1573 2941 1626 diu
2981 1583 3260 1643 noctuque
3297 1591 3422 1630 cum

1857 1661 1969 1714 Deo
1999 1676 2310 1716 sermonem
2340 1663 2668 1716 misceamus
2697 1665 2708 1716 l

1927 1751 2314 1822 Saepenumero
2359 1753 2502 1806 Deus
2533 1753 2858 1821 petitionem
2902 1752 3108 1817 dill‘ert,
3141 1770 3251 1808 non
3297 1755 3423 1822 quia

1857 1842 1992 1896 velit
2016 1859 2114 1896 nos
2143 1844 2489 1911 protrahere,
2527 1846 2623 1898 sed
2643 1855 2703 1898 ut
2724 1844 2890 1898 dandi
2927 1846 3296 1906 cunctatione,
3320 1860 3421 1898 cett

1857 1941 1978 1986 astu
2017 1934 2271 2002 quodam,
2304 1933 2501 1986 orandi
2533 1934 2694 1987 nobis
2721 1936 3100 1989 assiduitatem
3141 1935 3419 1988 conciliet.

1859 2024 1948 2078 Sic
1980 2025 2128 2078 enim
2171 2033 2227 2077 et
2271 2034 2528 2092 parentes
2559 2025 2860 2080 liberorum
2901 2037 3149 2080 amantes
3195 2027 3371 2080 solent
3404 2041 3420 2078 :

1857 2117 2136 2186 segniores
2181 2117 2385 2185 quippe
2435 2117 2658 2180 liberos,
2702 2127 2758 2170 et
2785 2118 2850 2171 ad
2876 2118 3086 2171 ludicra
3123 2133 3420 2186 puerorum

1855 2215 2160 2269 currentes,
2193 2208 2356 2261 dandi
2384 2208 2770 2277 promissione,
2793 2209 3037 2276 donique
3077 2209 3302 2262 maximi
3325 2223 3422 2276 spe

1857 2298 2090 2356 illectos.
2121 2297 2263 2351 haud
2302 2315 2428 2353 raro
2456 2299 2601 2368 apud
2631 2313 2689 2352 se
2720 2299 2980 2352 retinent.

1925 2387 2062 2441 Cum
2116 2388 2401 2441 hominum
2454 2389 2660 2441 auxilia
2717 2403 2987 2455 opemque
3043 2388 3422 2455 exquirimus,

1858 2486 2078 2545 sumptu
2110 2477 2271 2530 nobis
2301 2487 2357 2531 et
2381 2477 2633 2545 pecuniis
2655 2477 2816 2545 577
2846 2491 2984 2545 opus
3017 2487 3122 2538 est,
3155 2486 3210 2531 et
3237 2478 3427 2532 adula-

1859 2566 2003 2618 tione
2027 2566 2235 2627 servili,
2263 2567 2545 2633 multoque
2580 2567 2788 2619 ambitu
2810 2581 2874 2619 ac
2908 2567 3188 2635 negotiosa
3226 2576 3424 2622 tracta-

1859 2657 2024 2711 tione.
2055 2657 2172 2710 Non
2195 2656 2342 2711 enim
2362 2664 2510 2711 recta
2543 2657 2689 2725 ipsos
2710 2657 2901 2710 dandae
2922 2658 3023 2719 rei,
3074 2673 3138 2712 ac
3174 2661 3424 2714 muneris

1857 2747 2115 2809 arbitros,
2167 2747 2366 2815 sepius
2406 2747 2573 2800 etiam
2608 2746 2816 2815 alloqui
2859 2747 3010 2810 licet,
3047 2747 3144 2800 sed
3193 2763 3423 2804 necesse

1856 2848 1940 2892 est
1981 2848 2040 2892 ut
2069 2839 2222 2906 prius
2273 2838 2505 2892 famulos
2551 2836 2858 2905 domusque
2888 2853 3086 2892 eorum
3130 2840 3424 2908 praefectos

1857 2945 1920 2984 ac
1946 2938 2332 2998 procuratores
2379 2929 2631 2996 pecuniis
2659 2929 2954 2997 verbisque
3001 2930 3252 2992 delinias,
3287 2946 3420 3008 ⁸πηο-

1858 3021 2051 3088 disque
2082 3020 2338 3074 omnibus
2363 3020 2460 3073 tibi
2491 3020 2774 3080 concilies,
2819 3035 2882 3074 ac
2914 3029 3027 3073 tum
3055 3022 3274 3074 demum
3299 3023 3420 3075 illo-

1859 3127 1980 3163 rum
2008 3111 2268 3178 impetres
2305 3123 2470 3179 opera
2505 3110 2650 3178 quod
2700 3109 2924 3179 ﬂagitas.
2955 3111 3074 3168 Non
3116 3112 3193 3164 sic
3239 3122 3420 3164 autem

1857 3202 1912 3254 in
1941 3201 2052 3254 Deo
2085 3216 2142 3253 se
2170 3217 2257 3253 res
2279 3201 2462 3253 habet.
2495 3201 2614 3253 Non
2637 3202 2785 3254 enim
2813 3201 3274 3254 intercessoribus
3301 3210 3423 3268 eget

1855 3293 1908 3344 in
1935 3292 2019 3344 his
2045 3291 2138 3360 qui
2163 3299 2323 3344 orant
2346 3309 2358 3344 ε
2389 3307 2491 3346 nec
2520 3291 2599 3345 sic
2628 3291 3048 3345 obsecrantibus
3073 3291 3196 3344 aliis
3233 3306 3297 3344 ac
3320 3306 3422 3344 no-

1851 3379 1937 3433 bis
1961 3380 2096 3448 ipsis
2117 3381 2437 3448 rogantibus
2461 3381 2635 3450 gratia
2669 3381 2809 3433 votis
2836 3381 3046 3434 annuit.

1922 3470 2130 3524 Sonora
2175 3472 2431 3539 claraque
2479 3485 2582 3523 vox
2616 3479 2720 3533 est,
2761 3481 2818 3524 ct
2856 3470 2923 3524 ad
2975 3471 3222 3523 divinum
3271 3479 3420 3525 recta

1851 3562 2153 3616 ascendens
2181 3561 2451 3625 auditum,
2488 3577 2598 3614 non
2628 3563 2722 3630 qui
2755 3564 2937 3630 rugitu
2967 3577 3034 3616 ac
3067 3564 3420 3616 contentione

1851 3650 2058 3702 clamor
2087 3649 2289 3712 editur,
2322 3649 2414 3703 sed
2459 3665 2580 3718 qua:
2613 3651 2664 3702 in
2710 3651 2909 3703 callum
2943 3667 3009 3703 ex
3055 3652 3255 3704 munda
3288 3666 3420 3703 con—

1850 3740 2079 3792 scientia
2114 3740 2371 3808 cogitatio
2414 3739 2686 3793 subvolat.

1921 3831 2074 3898 Grcg.
2101 3829 2253 3898 Ngss.
2277 3860 2344 3868 —
2368 3829 2470 3894 Qui
2505 3828 2770 3884 orationis
2806 3839 3071 3898 tempore,
3107 3845 3217 3882 non
3256 3829 3322 3882 ad
3355 3845 3418 3882 ea

1850 3936 1971 3990 qua:
2006 3921 2186 3974 animo
2221 3921 2588 3974 conducibilia
2619 3930 2766 3985 sunt,
2803 3922 3064 3983 intentus,
3097 3922 3193 3974 sed
3234 3921 3418 3973 libidi-

1851 4026 1996 4064 nosae
2041 4010 2238 4064 mentis
2279 4011 2705 4079 cogitationibus
2735 4011 3024 4074 distentus,
3067 4011 3237 4064 Deum
3278 4010 3420 4064 votis

1850 4103 2102 4157 assentiri
2134 4114 2307 4172 rogat,
2339 4104 2383 4156 is
2409 4119 2539 4156 vere
2566 4103 2776 4156 delirus
2798 4112 2882 4155 est
2905 4112 2960 4155 et
2989 4102 3171 4170 inepte
3201 4103 3415 4169 loquax.

1850 4193 2252 4262 verborumque
2282 4194 2529 4248 funditor
2567 4204 2622 4247 et
2667 4195 2896 4258 blatero,
2926 4209 2990 4247 ac
3021 4193 3065 4246 si
3105 4194 3235 4261 quid
3270 4194 3416 4246 aliud

1848 4284 2114 4352 ejusmodi
2155 4284 2492 4352 signiﬁcatus
2518 4284 2752 4338 exsistit.

1917 4373 2237 4427 Eusebii.—
2257 4374 2500 4428 Primum
2534 4388 2632 4442 pro
2662 4372 2938 4427 communi
2981 4372 3155 4426 salute
3191 4387 3415 4441 precan-

1778 4464 1822 4518 Ι)
1851 4466 1980 4518 dum
2006 4474 2109 4527 est,
2140 4464 2338 4518 deinde
2367 4479 2466 4533 pro
2497 4465 2656 4518 nobis
2688 4463 2838 4531 ipsis.

1913 4554 2043 4606 Nili.
2065 4554 2222 4606 ——Ut
2260 4553 2486 4605 aviculae
2515 4553 2722 4604 alarum
2770 4559 2918 4602 motu
2954 4551 3006 4602 in
3036 4551 3269 4603 sublime
3314 4551 3416 4602 tol-

1845 4646 2054 4706 luntur,
2082 4645 2162 4698 sic
2186 4645 2268 4696 vir
2297 4644 2421 4712 pius
2455 4658 2516 4696 ac
2550 4643 2641 4695 Dei
2681 4643 2858 4695 cultor
2886 4657 2914 4694 a
2949 4642 3182 4694 terrenis
3211 4642 3277 4694 ad
3323 4657 3416 4694 su-

1845 4737 2030 4788 blimia
2061 4751 2286 4804 precum
2322 4736 2374 4788 vi
2405 4751 2467 4788 ac
2495 4735 2751 4789 instantia
2787 4733 3132 4786 transfertur.

1915 4916 2052 4968 Dum
2085 4913 2244 4974 male,
2275 4927 2335 4965 ac
2368 4927 2528 4966 secus
2570 4926 2634 4963 ac
2666 4909 2774 4964 tuis
2812 4910 3085 4964 conducat
3115 4911 3418 4965 rationibus

1685 5023 1914 5082 NOTAE.

247 5115 324 5188 (q)
355 5113 720 5188 Abt‘oﬁ‘fQI-c
748 5113 973 5180 κυρίοις
1005 5112 1251 5188 deierat:
1281 5112 1450 5188 Ipsos.
1468 5115 1559 5183 qui
1584 5116 1746 5188 dandi

177 5183 386 5239 muneri
406 5184 597 5236 arbitri
625 5184 752 5252 sint,
767 5198 922 5251 penes
950 5199 1078 5252 quos
1094 5183 1206 5252 ejus
1224 5183 1472 5252 facultas,
1491 5199 1583 5236 nec
1603 5186 1743 5238 allo-

179 5257 264 5323 qui
285 5256 483 5324 sarpius
525 5253 668 5324 licet.
698 5251 855 5324 Clara
893 5251 1400 5324 Chrysostomihic
1445 5255 1739 5324 sententia,

178 5321 388 5392 usuque
419 5322 669 5392 probata,
706 5329 766 5372 ut
787 5321 875 5392 vix
902 5321 1021 5374 nisi
1054 5321 1168 5392 illo_
1193 5321 1400 5374 ambitu
1420 5322 1742 5392 _impetrare

175 5389 382 5462 aliquid
415 5389 718 5462 aprincipc
746 5391 889 5443 ullus
920 5389 1473 5462 possitgdemerendo
1505 5389 1738 5462 Scilicet,

219 5459 281 5515 ui
307 5463 404 5514 illo
435 5459 762 5513 familiarius
785 5468 1031 5521 utantur,
1090 5459 1268 5526 iisque
1319 5460 1737 5515 admissoribus.

219 5478 273 5515 ιιι
307 5475 404 5514 ιιιο
435 5475 762 5513 laminartus
785 5475 1031 5521 utantur,
1090 5475 1268 5526 usque
1319 5475 1737 5515 aamrssormus.

172 5475 330 5586 ﬁihil
345 5539 472 5599 apte
500 5529 665 5584 Gesn.
693 5527 979 5599 Nartem'm
1008 5538 1148 5599 recta
1167 5529 1316 5599 ipsis
1348 5529 1569 5599 dominis
1623 5547 1739 5582 mu-

175 5614 275 5653 nus
300 5597 428 5653 dare
444 5599 586 5662 licet,
606 5605 698 5650 aut
725 5597 982 5668 colloquii;
1005 5613 1068 5651 ac
1087 5598 1130 5652 si
1147 5597 1219 5651 de
1237 5598 1418 5652 dando
1444 5613 1626 5668 sermo
1651 5615 1712 5653 es
1728 5628 1742 5640 -

173 5677 281 5732 set,
315 5685 424 5723 non
453 5669 522 5721 ab
551 5667 633 5721 eis
662 5667 1026 5735 impetrando,
1070 5682 1179 5736 quo
1223 5667 1493 5721 orationis
1544 5683 1744 5736 scopus

169 5739 449 5793 collineat.
493 5736 605 5792 Nec
653 5737 797 5790 istud
839 5737 1214 5806 Chrysostomi
1245 5736 1546 5806 quidquam
1577 5738 1744 5792 ollicit

375 5831 646 5889 PATROL.
693 5828 812 5889 (in.
853 5827 1014 5888 XCl.

1849 5113 2226 5171 intercessioni
2277 5121 2612 5173 sanctorum,
2654 5129 2718 5167 ac
2762 5113 2964 5166 Christi
3024 5111 3412 5166 mediationcm

1847 5186 2126 5246 excludit;
2154 5201 2219 5236 ex
2250 5200 2380 5252 quo.
2434 5199 2497 5236 ac
2538 5184 2696 5251 cujus
2728 5182 2939 5234 meritis
2969 5181 3173 5234 habent
3217 5183 3411 5244 sancti,

1848 5255 2113 5324 quidquid
2160 5251 2279 5306 sibi,
2331 5252 2997 5324 aliisveimpetraverint,
3055 5251 3169 5304 sive
3233 5253 3414 5304 adhuc

1845 5321 2091 5394 agunt—fin
2114 5322 2469 5394 sa-culo,sive
2505 5322 2688 5394 abillo
2714 5321 2884 5390 erepti
2923 5330 3070 5394 sunt,
3103 5330 3414 5394 etregnant

1845 5391 1968 5448 cum
1998 5393 2234 5446 Christo.
2256 5393 2535 5459 \‘cliinque
2559 5391 2789 5444 doceant
2814 5392 3055 5452 sectarii,
3083 5391 3212 5458 quid
3245 5392 3413 5459 magis

1842 5470 2075 5517 noceant
2115 5463 2399 5515 beatorum
2448 5463 2559 5530 jam
2631 5462 2685 5514 in
2737 5461 2876 5516 coelo
2937 5461 3216 5527 sull’ragia,
3250 5475 3412 5527 quam

1843 5535 1952 5586 vita
1984 5533 2226 5593 mortali,
2249 5547 2346 5600 per
2369 5547 2532 5599 quam
2591 5531 2762 5598 liquet
2803 5532 2966 5584 toties
2996 5531 3220 5583 Paulum
3243 5545 3412 5600 cxpe-

1846 5602 2016 5662 tiisse,
2048 5618 2113 5655 ex
2139 5601 2221 5655 eis
2250 5599 2382 5670 ipsis
2407 5602 2500 5669 qui
2549 5603 2789 5654 minores
2833 5609 3038 5658 essent,
3076 5602 3300 5669 ejusque
3324 5599 3412 5652 di—

1843 5671 2037 5741 scipuli
2067 5681 2116 5725 et
2155 5671 2455 5730 auditores,
2485 5683 2547 5724 ut
2571 5687 2673 5740 pro
2707 5688 2762 5724 se
2798 5680 3034 5728 orarent.

2896 5832 2975 5890 26
