4246 6438
199 399 301 464 813

1502 376 1668 437 LOCI
1708 375 2140 436 COMMUNES.

3315 363 3419 424 814i

278 512 422 564 Ἰάδι.
461 512 534 560 α’.
563 534 634 543 -
670 501 847 553 Ἔστω
889 497 997 559 πᾶς
1039 494 1320 564 ἄνθρωπος
1367 493 1536 560 ταχὺς
1587 492 1666 552 εἰς
1695 488 1760 541 τὺ
1789 501 1836 555 Α
1929 490 1955 542 J

1753 510 1760 538 ›
1789 501 1836 555 Α
1929 489 2047 542 Jac.
2085 505 2122 551 ι,
2168 486 2234 550 9;
2266 502 2343 549 tu,
2370 486 2424 538 2.
2447 514 2516 525 —
2537 484 2620 538 Sit
2652 483 2832 537 omnis
2867 482 3030 534 homo
3055 479 3212 534 velox
3240 477 3308 532 ad
3335 493 3430 532 au-

198 601 454 662 ἀκοῦσαι,
485 597 578 648 καὶ
618 591 816 665 βραδὺς
841 590 922 652 εἰς
958 587 1020 640 τὸ
1049 585 1302 653 λαλῆσαι.
1332 582 1466 641 Καὶ,
1493 583 1558 634 Et
1574 597 1658 643 τις
1698 581 1758 632 ὲν
1860 599 1875 633 ι

1753 598 1758 622 ν
1860 579 2147 639 diendum,
2179 589 2236 631 et
2265 577 2453 630 tardus
2497 575 2563 629 ad
2595 572 2954 643 loquendum.
3000 571 3067 624 Et
3095 587 3108 623 :
3136 569 3191 624 Si
3221 568 3347 638 quis
3376 569 3430 622 in

199 695 341 762 λόγῳ
396 692 457 744 ού
517 689 752 749 πταίσει,
809 678 964 744 οὗτος
1012 679 1216 742 τέλειός
1273 681 1411 741 ἐστι,
1464 675 1761 744 δυνάμενος

201 780 644 855 χαλιναγωγῆσαι
682 776 775 829 καὶ
806 775 927 828 ὅλον
957 772 1020 825 τὸ
1051 771 1232 840 σῶμα.

268 879 485 942 Σολομ.
541 901 611 912 -
668 870 762 932 Εἰς
810 861 926 921 ὦτα
980 865 1212 935 ἄφρονος
1257 860 1426 931 μηδὲν
1464 858 1626 927 λέγε,
1687 857 1761 926 μή

206 983 334 1018 ποτε
365 962 678 1033 μυκτηρίσῃ
710 961 836 1020 τοὺς
863 954 1116 1018 συνετούς
1145 971 1237 1006 σου
1267 953 1482 1020 λόγους.

276 1057 459 1124 Σιρὰχ
515 1051 646 1107 KA'.
689 1079 760 1091 -—
803 1049 1092 1118 Ἑξήγησις
1144 1042 1329 1115 μωροῦ
1356 1083 1371 1108 ,
1432 1042 1508 1104 ὡς
1557 1041 1616 1093 ὲν
1664 1036 1768 1107 ὁδῷ

205 1153 426 1223 φορτίον
449 1168 462 1182 ·
494 1149 587 1202 ἐπὶ
605 1147 660 1201 δὲ
683 1145 834 1217 χείλη
850 1141 1073 1197 συνετοῦ
1100 1139 1454 1210 εὓρεθήσεται
1482 1136 1662 1205 χάρις.

279 1242 618 1298 Βασιλείου.
650 1268 717 1279 -—
754 1238 982 1304 Μήποτε
1027 1235 1093 1303 τῇ
1167 1228 1405 1300 ἀμετρίᾳ
1458 1227 1552 1279 τοῦ
1611 1225 1770 1292 λόγου

206 1339 456 1408 ἄχρηστα
477 1331 788 1400 ποιήσωμεν
805 1329 937 1397 ἡμῖν
952 1325 1022 1378 τὰ
1040 1321 1343 1392 φιλοπόνως
1365 1315 1770 1385 συνειλεγμένα.

219 1405 507 1480 ’Ᾰτονοῦσα
530 1422 629 1492 μὲν
644 1422 677 1490 ἡ
691 1419 900 1471 διάνοια
927 1415 1144 1468 πάντων
1166 1410 1299 1480 όμοῦ
1324 1425 1392 1461 πε
1401 1405 1770 1478 ριδράξασθαι,

207 1521 395 1587 ὅμοιον
411 1515 608 1581 πάσχει
636 1509 854 1578 γαστρὶ,
883 1506 972 1559 διὰ
990 1504 1088 1574 τὴν
1122 1499 1432 1570 ὑπερϐολὴν
1464 1497 1559 1550 τοῦ
1588 1495 1773 1566 κόρου,
1823 1553 1827 1556 η

211 1586 293 1670 είς
340 1607 503 1676 πέψιν
556 1603 786 1672 ἀγαγεῖν
833 1599 901 1652 τὰ
960 1590 1439 1667 παραπεμφθέντα
1491 1588 1566 1658 μὴ
1616 1586 1778 1637 δυνα-

215 1703 376 1772 μένῃ.

286 1767 503 1842 Βέλτιον
525 1786 624 1846 τὰς
650 1781 854 1836 ἑαυτῶν
887 1777 1042 1849 ἡνίας
1066 1773 1321 1827 ἐνδιδόναι
1347 1767 1778 1838 τεχνικωτέροις,

213 1885 248 1952 ἦ
285 1883 458 1934 ἄλλων
501 1876 748 1948 ἡνιόχους
795 1871 933 1925 εἶναι
970 1866 1436 1933 ἀνεπιστήμονας·
1474 1859 1570 1912 καὶ
1615 1856 1784 1924 ἀκοὴν

215 1973 528 2028 ὑποτιθέναι
599 1967 798 2038 μᾶλλον
850 1960 1206 2030 εὐγνώμονα,
1240 1957 1276 2025 ἢ
1328 1953 1578 2021 γλῶσσαν
1618 1950 1784 2003 κινεῖν

217 2066 563 2120 ἀπαίδευτον.

841 2172 1156 2239 Θεολόγυυ.

328 2273 607 2338 Ἀφωνον
637 2267 813 2338 ἔργοιο
839 2262 1104 2338 κρεῖττον
1137 2259 1442 2338 (inmixtae
1476 2257 1678 2324 λόγον.

325 2327 470 2395 Βίὃυ
500 2338 617 2408 μὲν
646 2327 836 2396 οὐδεὶς
868 2327 1104 2385 πώποτε
1134 2327 1346 2397 ὑψώθη
1379 2327 1540 2394 δίχα,

325 2472 524 2539 Λόγου
553 2466 627 2539 δέ
646 2463 862 2539 πολλοὶ
892 2460 1000 2539 ζοιξ
1026 2458 1212 2539 κενῶς
1242 2456 1650 2539 ψοςεουμᾷισου.

329 2541 408 2593 Ἲι
421 2526 515 2604 ’μὴ
541 2534 868 2592 διδάσκειν,
900 2530 940 2598 ἢ
964 2527 1274 2583 διδάσκειν
1304 2526 1384 2590 τῷ
1401 2526 1614 2591 τρόπῳ.

337 2674 446 2728 Τοῦ
463 2670 677 2726 λαλεῖν
695 2667 915 2734 αἰσχρὰ
930 2664 1021 2734 (s),
1034 2662 1100 2716 τό
1124 2661 1370 2715 ἀκούειν
1388 2656 1754 2724 ἀτιμότερον.

297 2781 598 2849 Χρυσόστ.
628 2808 695 2818 —
724 2775 858 2828 Τότε
912 2771 1147 2842 μάλιστα
1187 2770 1236 2820 oi
1278 2765 1519 2838 poema).
1572 2763 1653 2823 είς
1705 2759 1794 2812 τὸν

224 2871 432 2940 ἀγαθὸν
455 2865 810 2938 ἀγωνίζονται
826 2862 1008 2931 ζῆλον,
1032 2861 1160 2913 ὅταν
1178 2857 1327 2928 παρὰ
1341 2854 1450 2910 τῶν
1463 2850 1795 2906 διδασκάλων

226 2965 393 3033 ἔχωσι
421 2961 492 3015 τὰ
518 2957 954 3031 παραδείγματα.

301 3055 418 3108 οὐκ
446 3052 724 3105 ἀκίνδυνον
753 3050 788 3118 ἡ
817 3045 1101 3115 ἀκρόασις,
1127 3040 1256 3094 ὅταν
1287 3039 1322 3104 ἡ
1353 3034 1444 3090 διὰ
1481 3034 1591 3086 τῶν
1623 3032 1799 3102 ἔργων

229 3145 522 3216 προσθήκη
548 3141 622 3212 μὴ
644 3139 888 3208 γένηται.

310 3212 469 3289 Ἐστι
499 3233 701 3302 γνῶσις
732 3230 890 3297 λόγου
939 3226 1128 3298 χωρὶς,
1163 3222 1258 3276 καὶ
1284 3220 1402 3274 ἐστι
1430 3216 1630 3285 γνῶσις
1665 3212 1803 3283 μετὰ

233 3329 418 3396 λόγου.
449 3323 562 3378 Καὶ
598 3320 707 3390 γάρ
738 3318 846 3371 εἰσὶ
874 3315 1058 3370 πολλοὶ
1087 3313 1288 3382 γνῷσιν
1325 3309 1420 3378 μὲν
1451 3307 1685 3376 ἔχοντες,
1715 3303 1803 3354 λό-

235 3437 337 3490 γον
369 3418 427 3471 δὲ
453 3414 554 3466 οὐκ
579 3412 814 3480 ἔχοντες.

309 3594 550 3649 Νείλου.
585 3617 657 3628 -
682 3579 946 3654 ῐῐερισσδς
987 3579 1092 3640 πᾶς
1125 3575 1280 3643 λόγος
1317 3571 1453 3642 πρὸς
1497 3566 1802 3637 διόρθωσιν,

235 3690 368 3743 ὅταν
420 3686 455 3751 ἡ
501 3681 612 3735 τῶν
666 3675 970 3732 ἀκουόντων
1040 3668 1176 3738 πρὸς
1223 3665 1283 3717 τὸ
1347 3664 1526 3732 χεῖρον
1582 3656 1810 3709 νεύουσα

244 3746 474 3845 σπουδή,
526 3774 639 3832 τοῖς
678 3767 816 3821 κατὰ
849 3759 1156 3832 συμϐουλὴν
1188 3752 1506 3824 λεγομένοις
1551 3746 1810 3806 ἐναντίως

241 3873 535 3926 διάκειται.

318 3960 682 4026 Διδύμου.-
709 3949 843 4002 Τότε
878 3941 1030 3999 ἀνύει
1051 3935 1365 3996 διδάσκαλος
1389 3931 1482 3986 καὶ
1502 3928 1812 3983 πιστεύεται

245 4054 446 4120 λόγων,
477 4049 606 4100 ὃταν
645 4041 736 4110 ἀφ’
795 4054 868 4092 ων
917 4034 1166 4105 πράττει,
1218 4025 1486 4088 παιδεύει,
1537 4023 1680 4076 κατὰ
1734 4019 1814 4080 to,

245 4116 364 4195 Ὠιο
395 4137 622 4205 ἤρξατο
641 4137 675 4186 ό
700 4127 925 4196 Ἰησοῦς
953 4122 1145 4176 ποιεῖν
1171 4137 1234 4173 τε
1256 4118 1354 4172 καὶ
1383 4116 1707 4170 διδάσκειν.

319 4306 698 4374 Μοσχίωνος.
725 4328 790 4342 -—
813 4298 918 4350 Τὸν
942 4291 1378 4364 προσομιλοῦντα
1419 4287 1581 4357 τριχῆ
1603 4286 1818 4337 διασκο-

249 4402 380 4464 ποῦ,
414 4400 490 4460 ὡς
527 4394 806 4465 ἀμείνονα,
856 4388 891 4458 ἢ
921 4386 996 4448 ὡς
1020 4386 1242 4455 ἥττονα,
1277 4381 1310 4450 ἢ
1339 4380 1413 4441 ὼς
1445 4381 1588 4431 ἴσον·
1634 4374 1725 4426 καὶ
1772 4373 1820 4423 εἰ

1863 670 2032 724 verbo
2062 682 2170 721 non
2205 667 2454 727 offendit,
2482 665 2571 718 hic
2605 665 2884 734 perfectus
2909 671 2994 716 est
3021 678 3034 714 :
3064 669 3243 729 potest
3271 659 3433 713 etiam

1865 761 2028 812 homo
2063 756 2476 811 circumducere
2514 761 2687 807 totum
2723 768 2944 820 corpus.

1933 848 2091 901 Prov.
2107 862 2256 910 χχιιι,
2269 845 2456 906 9.—-—ln
2469 844 2696 898 auribus
2707 840 3018 910 insipientis
3030 839 3165 893 nihil
3179 837 3440 908 loquaris,

1868 951 1935 990 ne
1968 937 2108 990 forte
2137 936 2436 1004 prudentes
2460 947 2740 987 sermones
2775 941 2899 986 tuos
2927 930 3370 986 subsanuaverit.

1942 1027 2106 1081 Eccli.
2137 1042 2248 1086 nm,
2287 1026 2373 1079 i9.
2395 1023 2736 1077 —-Narratio
2766 1022 2915 1076 stulti
2946 1021 3105 1090 quasi
3146 1020 3361 1074 sarcina
3389 1017 3446 1070 in

1871 1120 1956 1172 via
1984 1137 1997 1171 :
2026 1118 2082 1170 in
2109 1117 2268 1170 labiis
2296 1125 2480 1170 autem
2509 1113 2719 1168 cordati
2748 1113 3062 1166 invenietur
3090 1111 3285 1180 gratia.

1942 1207 2150 1262 Basilii.
2172 1237 2241 1246 —
2257 1205 2575 1261 Cavendum
2604 1213 2688 1258 est
2714 1219 2785 1258 ne
2837 1201 3008 1256 nimia
3034 1201 3302 1254 sermonis
3325 1213 3452 1267 pro-

1873 1299 2080 1354 lixitate
2118 1312 2184 1352 ea
2225 1297 2518 1350 reddamus
2553 1294 2790 1358 inutilia,
2820 1309 2944 1363 qua)
2973 1307 3170 1362 magno
3197 1291 3386 1344 labore
3422 1306 3452 1341 a

1874 1388 2036 1442 nobis
2056 1387 2282 1440 collecta
2307 1394 2455 1439 sunt.
2486 1384 2637 1438 Mens
2658 1384 2806 1436 enim
2837 1383 3056 1451 fatigata
3086 1381 3336 1448 factaque
3359 1379 3451 1432 de-

1878 1478 2064 1539 bilior,
2091 1491 2254 1543 quam
2280 1485 2341 1528 ut
2371 1481 2568 1527 cuncta
2609 1471 2774 1525 simul
2814 1469 3105 1538 complecti
3136 1468 3330 1536 possit,
3363 1480 3458 1519 eo-

1879 1568 2004 1622 dem
2038 1565 2200 1618 modo
2239 1564 2473 1619 allicitur
2499 1577 2564 1616 ac
2586 1570 2799 1623 venter,
2826 1560 2920 1629 qui
2949 1559 3022 1612 ob
3055 1559 3281 1611 nimiam
3312 1566 3461 1609 satu-

1883 1660 2101 1712 ritatem
2139 1671 2249 1710 non
2286 1656 2358 1709 sit
2400 1667 2498 1724 par
2524 1651 2816 1719 coquendis
2841 1648 2976 1704 cibis
2995 1647 3094 1702 sibi
3117 1641 3441 1701 commissis.

1955 1747 2117 1817 579
2144 1747 2369 1801 Praestat
2407 1743 2488 1796 sui
2540 1741 2764 1811 regendi
2811 1739 3054 1793 habenas
3093 1737 3202 1798 his,
3229 1747 3462 1802 quorum

1891 1841 2062 1910 major
2104 1837 2300 1907 peritia
2342 1836 2569 1890 exsistat
2608 1831 2976 1893 committere,
3019 1843 3183 1898 quam
3228 1825 3462 1879 aliorum

1891 1931 2107 2000 aurigas
2149 1929 2333 1982 minus
2374 1927 2604 1980 solertes
2644 1939 2796 1986 esse;
2825 1931 2882 1976 et
2923 1936 3086 1974 aures
3114 1918 3300 1986 potius
3331 1929 3466 1983 pra!-

1889 2034 2037 2077 stare
2065 2021 2351 2087 benignas,
2382 2032 2543 2086 quam
2576 2015 2816 2084 linguam
2847 2011 3121 2066 indoctam
3155 2009 3324 2062 ciere.

2558 2125 2799 2194 Theoiogi
2808 2166 2819 2177 .

1897 2226 2121 2278 Prwstat
2165 2237 2293 2291 Opus
2328 2222 2546 2273 tacitum
2581 2217 2810 2270 sermoni
2840 2215 3049 2284 infecto.

1895 2294 2021 2348 Sine
2055 2281 2259 2345 actione
2291 2292 2502 2358 uitaque
2546 2301 2698 2339 nemo
2734 2281 2969 2352 unquam
2998 2281 3235 2336 sublimis
3273 2281 3472 2416 ευῖειῗς

3358 2359 3409 2397 es
3455 2359 3472 2404 ;

3358 2359 3433 2397 εει
3455 2359 3473 2404 ,'

1896 2431 2050 2485 Multi
2079 2431 2193 2482 sine
2213 2442 2450 2480 sermone
2482 2442 2544 2478 ac
2575 2423 2728 2476 verba
2759 2423 2992 2476 inaniter
3016 2428 3257 2473 sonante.

1898 2505 2002 2553 Aut
2051 2514 2154 2550 non
2195 2494 2505 2563 usurpanda
2553 2493 2816 2552 do‘ct'rina,
2851 2499 2946 2542 aut
2990 2504 3194 2563 morunt
3239 2491 3477 2563 exemplo

2326 2555 2335 2563 ’
3165 2555 3474 2627 [ιναάεηίια.

1901 2634 2095 2689 Audire
2128 2633 2330 2701 turpia,
2363 2646 2524 2700 quam
2559 2627 2702 2697 loqui
2746 2627 3088 2680 inhonestius.

1969 2744 2235 2814 Chrysost.
2257 2771 2326 2782 —
2347 2741 2502 2795 Tunc
2529 2739 2831 2808 praisertim
2856 2737 3111 2807 discipuli
3136 2737 3278 2793 bona
3309 2755 3480 2794 tentu—

1902 2836 2105 2891 latione
2149 2832 2550 2895 accenduntur,
2599 2844 2724 2884 eum
2775 2829 3054 2898 praclaris
3095 2829 3478 2900 magistrorum

1905 2925 2167 2994 exemplis
2204 2923 2529 2978 fulciuntur.

1980 3014 2133 3069 Haud
2175 3011 2424 3082 periculo
2455 3018 2612 3062 vacat
2637 3006 2850 3069 audire,
2877 3020 3000 3060 cum
3035 3003 3103 3058 ad
3145 3019 3210 3059 ea
3239 3019 3360 3075 quae
3386 3021 3482 3060 au-

1907 3106 2096 3168 dieris,
2121 3101 2364 3157 accessio
2399 3115 2466 3154 ex
2492 3098 2752 3167 cperibus
2790 3112 2897 3150 non
2927 3095 3198 3164 sequitur.

1981 3197 2116 3249 Tum
2152 3192 2381 3248 scientia
2423 3199 2510 3244 est
2556 3203 2680 3242 eum
2713 3184 3005 3255 eloquendi
3052 3185 3331 3249 facultate,
3366 3197 3482 3240 tum

1905 3301 2025 3352 quae
2053 3283 2200 3336 illius
2219 3294 2415 3349 expers
2439 3277 2684 3331 exsiStat.
2714 3275 2847 3330 Nam
2875 3274 3034 3328 multi
3062 3282 3192 3328 sunt
3214 3274 3484 3329 habentes

1907 3374 2128 3444 quidem
2179 3371 2507 3427 scientiam.
2562 3369 2659 3422 sed
2716 3367 2811 3435 qui
2861 3379 3169 3420 sermonem
3223 3380 3331 3419 non
3384 3366 3483 3418 ha-

1908 3465 2094 3518 beant.

1980 3551 2443 3608 Nili—Prosus
2490 3557 2574 3601 est
2606 3547 2856 3600 doctrina
2908 3545 2974 3599 ad
3021 3544 3484 3607 emendationem,

1912 3661 2036 3698 cum
2083 3643 2401 3698 auditorum
2449 3640 2502 3692 in
2540 3639 2734 3690 vitium
2787 3652 2960 3705 prona
2992 3636 3272 3704 diligentia
3323 3645 3486 3703 atque

1912 3737 2149 3797 animus,
2201 3732 2268 3785 iis
2301 3746 2420 3800 qum
2471 3728 2700 3783 consilio
2738 3727 3000 3780 dicuntur
3047 3723 3324 3778 contrarie
3370 3721 3486 3791 alli-

1914 3827 2079 3879 citur.

1985 3916 2213 3986 Didymi.
2239 3944 2308 3954 -—
2327 3912 2464 3966 Tum
2515 3909 2774 3979 magister
2808 3906 3120 3960 institutum
3175 3901 3382 3971 peragit
3424 3916 3488 3954 ac

1916 4004 2079 4058 ﬁdem
2115 4002 2300 4062 habet,
2333 3999 2536 4068 quibus
2565 3996 2828 4066 loquitur,
2860 3993 2991 4046 dum
3025 3990 3238 4044 actione
3268 3989 3486 4055 vitaque

1920 4095 2168 4150 instituta
2192 4093 2561 4146 eruditionem
2588 4097 2828 4159 prmstat,
2857 4089 3007 4157 juxta
3036 4085 3182 4155 quod
3217 4085 3487 4152 scriptum

1919 4194 2004 4238 est
2031 4204 2043 4237 :
2070 4183 2197 4249 Qua:
2219 4185 2369 4252 cmpit
2397 4183 2546 4235 Jcsus
2575 4181 2746 4250 facere
2772 4190 2819 4232 et
2843 4180 3024 4231 docere
3059 4178 3198 4242 (Act.
3226 4191 3263 4235 ι.
3296 4174 3366 4243 1).

1991 4274 2525 4328 Moschion.-—-Eum
2575 4270 2670 4340 qui
2714 4281 2897 4324 tecum
2947 4269 3140 4322 miscet
3187 4265 3492 4334 colloquia,

1921 4366 2189 4421 trifariam
2233 4363 2558 4425 considera;
2587 4369 2683 4414 aut
2725 4371 2786 4412 ut
2823 4358 3281 4429 praestantiorem,
3313 4364 3406 4409 aut
3437 4363 3498 4409 ut

254 4447 662 4560 ἓννὰμείνόνα,
689 4447 906 4532 ἀκούειν
949 4447 1056 4546 χρῆ
1110 4471 1205 4524 καὶ
1235 4447 1517 4522 πείθεσθαι
1550 4464 1698 4533 αύτῷ
1727 4480 1739 4492 ο
1770 4463 1816 4512 εἰ
1853 4471 1894 4524 ι)
1924 4457 1931 4510 i

1853 4471 1894 4524 ι)
1924 4457 2264 4518 inferiorem,
2296 4465 2390 4508 aut
2425 4461 2486 4506 ut
2533 4467 2741 4520 parem.
2773 4451 2848 4504 Ac
2887 4449 3110 4519 quidem
3155 4447 3200 4500 si
3231 4457 3495 4515 praestan-

249 4581 309 4634 δὲ
338 4580 512 4649 ¹ἥττω,
529 4572 774 4628 ἀπειθεῖν
793 4589 806 4600 ·
849 4573 898 4624 εξ
926 4570 982 4623 δὲ
1011 4569 1145 4633 ἴσον,
1183 4567 1518 4638 συμφωνεῖν.

321 4832 666 4903 Δημώνακτ.
695 4857 763 4867 -
808 4827 864 4878 ’0
893 4825 1070 4891 λόγος,
1118 4823 1306 4892 ὥσπερ
1345 4822 1589 4888 πλάστης
1622 4815 1826 4883 ἀγαθὸς

249 4927 350 4998 τῆς
377 4923 560 4994 ψυχῆς
593 4917 925 4990 περιτίθεται
958 4915 1162 4984 σχῆμα.

1923 4547 2028 4600 ιίοι·
2050 4546 2242 4606 fuerit,
2269 4544 2461 4597 audias
2487 4558 2667 4610 opera:
2699 4541 2935 4610 pretium
2966 4549 3071 4602 est,
3097 4539 3260 4607 eique
3290 4552 3497 4590 morem

1924 4652 2120 4704 geras:
2152 4635 2234 4688 sin
2265 4633 2518 4693 inferior,
2552 4632 2659 4684 noli
2700 4646 2926 4699 parere;
2961 4629 3044 4682 sin
3083 4643 3180 4697 par
3205 4625 3498 4690 exstiterit,

1927 4727 2003 4778 illi
2043 4723 2332 4778 assentire.

1999 4816 2306 4868 Demonact.
2345 4811 2631 4865 —0ratio
2699 4820 2953 4880 tanquam
3022 4810 3197 4862 bonus
3264 4805 3496 4876 ﬁgulus,

1932 4905 2095 4959 animi
2125 4904 2228 4956 sibi
2260 4903 2486 4956 formam
2511 4900 2732 4970 efﬁngit.

1754 5057 1984 5113 ΝΟΤᾸΞ.

321 5195 392 5264 (s)
425 5189 539 5246 Τοῦ
565 5181 777 5264 λαλεῖν
807 5179 1046 5250 αἰσχρά.
1080 5177 1185 5264 δίο
1236 5174 1521 5264 emendavi
1573 5175 1688 5264 ἱρΞο
1722 5173 1826 5258 εχΙ-

253 5242 506 5322 labarum
547 5261 764 5310 servato
791 5242 1041 5322 ηυηίετον
1076 5263 1178 5322 Pro.
1216 5261 1283 5300 eo
1307 5243 1454 5322 ("md
1491 5242 1665 5322 qna
1694 5243 1822 5322 xm:

253 5311 501 5404 ἱέᾆῇὶιῖέέ
532 5326 720 5404 Gesn._,
746 5337 861 5402 quo:
883 5321 1024 5404 decet
1046 5311 1433 5404 {euiomnino
1455 5313 1726 5404 adjectum
1752 5311 1830 5364 of-

452 5385 742 5468 Quomodo
758 5385 908 5468 enim
929 5389 1124 5468 ἄτιμον
1154 5394 1210 5440 et
1260 5385 1606 5468 ἀτιμότερον,
1659 5391 1827 5468 turpe,

254 5449 508 5528 ZEJéEu;
531 5463 722 5518 audire
770 5460 854 5514 vel
889 5449 1038 5528 loqui
1090 5449 1504 5528 qtue_dec_eant
1557 5460 1612 5504 et
1660 5449 1824 5528 officii

254 5519 666 5598 suntihli'erum
689 5532 792 5584 hoc
829 5519 1328 5598 tantifdeco'quebat
1351 5521 1514 5576 Gesn.
1549 5535 1652 5598 nec
1685 5519 1736 5573 in
1762 5535 1829 5573 eo

257 5588 447 5666 mei-udi
484 5588 716 5671 aliquid
755 5600 806 5653 ei
829 5588 1156 5671 subolebat,"
1193 5593 1288 5647 sed
1315 5591 1370 5671 in
1413 5605 1491 5671 eo
1539 5588 1824 5671 duntaxat,

255 5661 494 5752 ιίίδξιέι
517 5675 586 5752 εξ
603 5661 899 5752 inuata
927 5667 988 5752 τι
1012 5661 1822 5752 deisi‘1§9_ritts'3{‘38};,9‘19"

255 5730 411 5808 ἕέἔιὲ
447 5730 584 5799 ⁷ιιίεἰ
633 5739 843 5795 meliori
891 5735 1012 5791 cod.
1063 5735 1376 5803 integraque
1411 5730 1656 5800 Gregorii
1699 5745 1824 5783 sen—

1936 5171 2103 5226 tentia
2135 5181 2190 5226 et
2229 5169 2608 5224 lucubratione
2651 5177 2802 5222 certo
2835 5167 3112 5222 emendari
3152 5180 3263 5220 non
3301 5173 3498 5234 potest.

1935 5242 2240 5314 Utrumque
2257 5240 2362 5293 alia
2384 5246 2440 5314 et
2458 5238 2561 5314 alia
2580 5238 2790 5292 ratione
2811 5237 3026 5314 turpius
3041 5235 3149 5291 dici
3173 5244 3370 5314 potest.
3392 5236 3497 5314 Ae-

1935 5312 2057 5378 eepi
2085 5304 2230 5379 quod
2255 5309 2492 5379 acutius,
2506 5309 2567 5379 in
2587 5323 2791 5379 eosque
2824 5304 3078 5377 jactatur,
3097 5304 3192 5379 qui
3223 5304 3499 5357 detracto-

1931 5375 2084 5435 ribus
2104 5375 2179 5434 'et
2209 5377 2605 5432 susurronibus
2644 5375 2835 5430 faciles
2863 5392 3025 5430 aures
3048 5375 3328 5444 prazbent;
3358 5387 3495 5442 quas

1929 5451 2034 5505 nisi
2062 5450 2519 5520 prasbere_nt,_nec
2543 5446 3003 5520 detractor-essu}
3031 5457 3364 5499 susurrones
3383 5455 3499 5520 _es-

1929 5511 2079 5574 sent:
2104 5517 2409 5572 Ballesdeni
2460 5516 2582 5570 cod.
2640 5515 2809 5570 hocce
2865 5515 3046 5577 titulo,
3099 5527 3271 5582 pauca
3306 5511 3497 5582 solum

1929 5590 2087 5643 initio
2118 5589 2300 5650 habet,
2334 5585 2562 5654 reliquis
2608 5585 2661 5638 in
2694 5601 2761 5639 eo
2796 5579 3158 5644 desideratis,
3212 5579 3497 5636 undecun—

1928 5676 2032 5728 que
2071 5659 2121 5712 id
2149 5656 2416 5712 evenerit.
