4246 6438
260 370 361 433 821
1576 379 1739 437 LOC!
1782 380 2216 440 COMMUNES.
3382 387 3484 448 8253

264 479 395 547 μηδὲ
438 476 663 543 ἀλογίαν
709 478 1206 549 κατακριθήσεσθαι
1261 481 1468 548 λογικοὶ
1515 484 1820 550 γεγονότες,
1851 491 1941 545 Α(

1811 491 1892 546 ,Α
1926 486 2078 545 dere,
2112 495 2168 537 ct
2209 501 2333 537 cum
2393 486 2690 539 rationales
2741 486 2864 540 lacti
2908 487 3102 550 simus,
3146 498 3202 541 et
3262 491 3488 545 rationis

283 570 352 622 zu".
378 569 464 620 διά
490 568 649 636 λόγου
684 569 817 638 πρὸς
846 569 1003 636 λόγον
1032 571 1371 634 σπεύδοντες.
1928 594 1957 629 c

1928 578 2080 629 cultu
2140 577 2205 629 ad
2241 578 2513 630 rationem
2559 591 2936 645 properemus,
2982 580 3275 634 brutorutn
3331 583 3490 649 genio

1927 681 2090 737 atque
2141 668 2325 722 indole
2373 671 2635 723 absentiae
2695 671 2925 725 rationis
2956 673 3134 726 labem
3194 683 3491 741 notamque

1927 774 2228 812 IIICIII'I'OI'C.

322 847 630 919 Σοφώτεροι
656 848 767 919 γὰρ
796 850 905 904 τῶν
932 850 1142 903 πολλῶν
1162 853 1212 904 οἱ
1247 854 1454 921 κόσμου
1485 855 1818 923 χωρίσαντες

1811 870 1818 914 ;
2000 849 2189 917 Majori
2215 848 2482 918 sapientia
2515 864 2680 917 quam
2717 866 2814 919 pro
2836 850 2985 919 vulgi
3019 850 3231 905 ratione
3257 853 3488 914 cuitcnt,

292 940 507 1004 ιυτοὺς,
539 938 635 991 καὶ
662 939 739 1009 τῷ
768 938 889 1010 Θεῷ
929 940 1022 993 τὸν
1051 940 1163 1010 βίον
1186 940 1645 1011 καθιερώσαντες.
1927 953 1969 1006 ψ

1927 937 2021 1006 qui
2072 939 2272 992 suaculo
2301 953 2422 993 sese
2470 939 2862 1003 subducentes,
2922 940 3093 994 vitam
3140 943 3253 996 Deo
3297 957 3493 996 conse-

1926 1038 2172 1081 crarunt.

335 1115 504 1168 Οὐδὲν
555 1116 953 1188 ἁναλωτότερον
992 1116 1337 1185 φιλοσοφίας,
1370 1116 1522 1168 οὐδὲν
1563 1117 1827 1168 άλυπὸτε-
1992 1120 2012 1172 I

1820 1144 1827 1155 -
1992 1119 2141 1173 Nihil
2198 1119 2679 1188 inexpugnabilius
2732 1122 3105 1192 philosophia,
3167 1124 3419 1193 nihilque
3468 1140 3497 1177 a

266 1224 376 1271 οον.
438 1207 622 1261 Πάντα
677 1207 902 1262 ἐνδώσει
951 1209 1216 1279 πρότερον
1274 1209 1307 1278 ἢ
1365 1207 1673 1275 φιλόσοφος.
1723 1206 1826 1258 Δύο
1930 1225 1943 1261 l

1817 1224 1826 1256 ι
1930 1223 2072 1261 noxa
2128 1208 2363 1277 labcque
2416 1209 2739 1265 immunius.
2774 1213 2996 1267 .Oinnia
3054 1214 3211 1281 prius
3271 1214 3494 1268 cedenti

277 1299 435 1351 ταῦτα
454 1298 823 1371 δυσκράτητα,
846 1298 977 1362 Θεὸς
1006 1299 1101 1352 καὶ
1132 1298 1382 1366 ἄγγελος,
1410 1298 1506 1350 καὶ
1537 1297 1596 1349 τὸ
1625 1297 1826 1365 τρίτον,
1934 1315 1954 1353 ε

1824 1340 1826 1353 ,
1934 1313 2098 1368 quam
2124 1299 2508 1369 philosophus.
2535 1300 2653 1354 Duo
2683 1312 2811 1356 sunt
2846 1304 3070 1366 invicta,
3096 1304 3241 1357 Deus
3255 1312 3311 1357 et
3339 1320 3501 1371 ange-

284 1390 575 1459 ;:).oootpla.
615 1389 802 1462 [Ἐστι
845 1390 956 1459 γάρ
996 1388 1312 1458 φιλόσοφος]
1349 1388 1507 1450 άῦλος
1538 1388 1595 1439 ὲν
1625 1388 1745 1457 ὕλῃ,
1772 1389 1830 1439 ὲν
1934 1389 1961 1441 11

1826 1406 1830 1429 ν
1934 1389 2058 1451 lus;
2088 1404 2301 1443 necnon
2345 1390 2592 1452 tertium,
2633 1390 3004 1459 philosophia.
3053 1393 3147 1445 Est
3183 1394 3332 1446 enim
3385 1392 3503 1461 phi-

284 1481 479 1549 πώματι
509 1481 936 1552 άπερίγραπτος,
971 1480 1065 1534 ἐπὶ
1124 1481 1225 1549 γῆς
1270 1479 1540 1549 οὐράνιος,
1584 1480 1642 1530 ὲν
1674 1477 1834 1529 πάθε·
1933 1477 1961 1529 Ι‹

1825 1506 1834 1516 -
1933 1477 2199 1545 losoplius
2259 1478 2635 1533 immaterialis
2704 1478 2762 1532 in
2823 1482 3097 1544 materia,
3151 1484 3207 1536 in
3269 1496 3502 1550 corpore

266 1590 350 1624 σιν
392 1571 629 1641 ἀπαθὴς,
676 1572 894 1624 πάντων
934 1568 1244 1640 ἡττώμενος
1285 1568 1423 1638 πλὴν
1466 1568 1828 1637 φρονήματος·
1936 1569 1943 1621 i

1824 1580 1828 1596 ’
1936 1568 2470 1636 incircumscriptus,
2499 1570 2743 1624 caelestis
2774 1585 2899 1624 cum
2938 1572 2992 1623 in
3047 1583 3193 1625 terra
3228 1578 3501 1631 versetur,

264 1663 433 1716 νικῶν
463 1661 542 1733 τῷ
588 1662 841 1715 νικᾶσθαι
867 1661 995 1724 τοὺς
1023 1662 1249 1728 κρατεῖν
1278 1658 1619 1728 νομίζοντας.
1937 1662 1941 1713 i

1937 1661 1992 1714 in
2018 1658 2307 1714 aﬂectibus
2332 1660 2469 1741 nihil
2497 1661 2580 1714 eis
2596 1662 2872 1716 obnoxius
2896 1678 2911 1726 ;
2949 1662 3043 1730 qui
3078 1672 3309 1717 cunctus
3330 1664 3505 1717 victo-

263 1752 346 1805 ria
368 1750 551 1811 cedat,
584 1757 950 1819 prazterquam
980 1747 1150 1802 animi
1185 1762 1351 1801 sensu
1386 1761 1451 1801 ac
1500 1744 1832 1817 prudentia:
1873 1748 1966 1816 qui
2022 1764 2088 1802 eo
2124 1749 2271 1817 quod
2319 1749 2585 1814 vincitur,
2642 1751 2739 1819 qui
2786 1765 2846 1806 se
2896 1753 3129 1807 victores
3166 1753 3503 1818 existiment,

263 1842 476 1897 vincat.

352 1932 496 1999 Ἐγὼ
540 1932 667 2001 μίαν
701 1930 896 2000 σοφίαν
926 1926 1069 1991 οἶδα,
1110 1930 1171 1982 τὸ
1203 1928 1483 1997 φοϐεῖσθαι
1513 1928 1665 1981 θεόν.
1704 1927 1832 1994 Ἀρ·
1863 1931 1904 1986 Β
2000 1926 2029 1981 ι

1831 1958 1832 1961 η
1863 1931 1904 1986 Β
2000 1924 2176 1981 Unam
2227 1940 2329 1994 ego
2367 1925 2693 1994 sapientiam
2729 1931 2876 1991 novi,
2916 1938 2976 1982 ut
3016 1946 3211 1999 nempe
3274 1933 3414 1986 Deus
3443 1935 3508 1987 ti-

264 2023 346 2093 χή
376 2040 432 2075 τε
469 2023 579 2091 γὰρ
606 2024 848 2091 σοφίας,
877 2024 1065 2089 φόϐος
1092 2021 1335 2087 Κυρίου.
1360 2020 1495 2083 Καὶ,
1534 2017 1712 2082 Τέλος
1731 2017 1834 2069 λό-
1934 2031 1941 2068 ι

1832 2045 1834 2053 ι
1934 2024 2171 2069 meatur.
2238 2016 2458 2070 Initium
2518 2018 2665 2071 enim
2742 2021 3016 2088 sapientia:
3086 2024 3243 2075 timor
3299 2023 3509 2078 Domini

266 2131 381 2182 γου
418 2112 485 2164 τὸ
524 2111 646 2166 πᾶν
685 2111 889 2177 ἄκουε,
919 2110 1024 2164 τὸν
1049 2110 1198 2163 Θεὸν
1227 2108 1436 2177 φοϐοῦ,
1465 2107 1561 2161 καὶ
1591 2108 1693 2171 τὰς
1739 2105 1835 2158 ἐν·
1937 2120 1943 2161 1

1832 2135 1835 2143 ν
1937 2106 2099 2175 (Psal.
2134 2121 2220 2169 cx,
2257 2106 2357 2172 10;
2407 2107 2576 2161 Eccli.
2628 2124 2664 2171 ι,
2730 2108 2837 2178 l6).
2889 2110 3209 2165 EtzFinem
3266 2114 3509 2183 loquendi

263 2202 450 2267 τολὰς
476 2202 782 2270 φύλασσε.
1936 2222 1940 2243 ε

1936 2210 2143 2248 onmem
2180 2197 2307 2250 audi
2330 2214 2350 2263 ;
2386 2197 2725 2263 Deumtime,
2788 2209 2837 2252 et
2886 2216 3037 2254 serva
3066 2204 3323 2257 mandata
3383 2205 3511 2274 (Ec-

1942 2286 2045 2340 cle.
2078 2302 2172 2350 xit,
2206 2287 2316 2356 15).

342 2379 611 2449 Ποιήσατε
661 2374 1010 2443 δικαιοσύνης
1061 2373 1247 2437 ὅπλον,
1296 2372 1392 2427 καὶ
1450 2369 1527 2440 μὴ
1583 2368 1838 2435 θανάτου,
2009 2402 2019 2432 λ

1833 2409 1838 2430 μ
2009 2377 2174 2432 Arma
2204 2379 2453 2449 iustitiae,
2488 2395 2598 2435 non
2641 2383 2855 2448 mortis,
2890 2384 3297 2451 correptionem
3328 2385 3510 2440 facite.

262 2472 370 2540 τὴν
407 2468 711 2523 παίδευσιν.

341 2559 642 2628 Χρυσόστ.
665 2581 738 2595 -—
760 2556 970 2624 Ὠσπερ
996 2553 1098 2622 γῆν
1131 2552 1207 2622 μὴ
1241 2550 1573 2623 βρεχομένην
1598 2551 1699 2603 οὐκ
1728 2551 1843 2603 ἔστι
2014 2573 2018 2598 ς

1840 2590 1843 2600 ι
2014 2552 2284 2623 Chrysa“.
2313 2586 2382 2593 —
2410 2553 2886 2621 Quemadmodum
2914 2567 3061 2611 terra
3086 2558 3193 2612 nisi
3221 2558 3396 2614 imbre
3432 2561 3517 2614 in-

266 2651 377 2704 κάν
403 2648 570 2719 μυρία
591 2647 732 2716 λάϐῃ
761 2648 1051 2714 σπέρματα
1076 2643 1317 2712 στάχυας
1345 2641 1671 2711 ἐξενεγκεῖν·
1701 2641 1844 2694 οὓτω

1837 2662 1844 2691 ι
1943 2641 2062 2695 fusa
2085 2658 2148 2697 ac
2171 2644 2419 2711 irrigata.
2446 2645 2659 2697 tametsi
2685 2645 2922 2709 inﬁnita,
2948 2648 3253 2716 susceperit
3282 2649 3514 2713 semina,

266 2742 453 2810 ψυχὴν
484 2740 585 2793 οὐκ
621 2737 773 2789 ἔστιν
810 2735 885 2806 μὴ
926 2736 1046 2797 ταῖς
1080 2734 1257 2795 θείαις
1287 2733 1528 2803 Γραφαῖς
1558 2732 1844 2801 φωτισθεῖ-

1843 2765 1844 2770 η
1944 2731 2123 2799 spicas
2178 2731 2429 2800 proferre
2489 2749 2600 2786 non
2643 2743 2824 2802 potest
2873 2752 2887 2789 :
2945 2737 3029 2791 sie
3064 2753 3245 2805 neque
3301 2740 3520 2795 animus

270 2847 397 2893 σαν,
430 2829 531 2881 κᾶν
555 2826 725 2898 μυρία
745 2842 832 2888 τις
860 2824 1026 2895 ἐκχέῃ
1056 2825 1296 2895 ῥήματα,
1325 2822 1539 2894 καρπόν
1567 2839 1692 2876 τινα
1717 2824 1841 2875 ὲπι-
1945 2848 1947 2859 ι

1945 2819 2149 2873 divinis
2172 2819 2474 2890 Scripturis
2497 2838 2604 2876 non
2629 2823 2991 2882 illuininatus.
3012 2826 3254 2879 fructum
3278 2843 3519 2897 unquam

270 2920 573 2986 δείξασθαι,
1943 2909 2261 2977 protulerit,
2286 2908 2503 2963 etiamsi
2538 2910 2663 2977 quis
2698 2911 2866 2965 verba
2901 2914 3189 2965 innumera
3218 2912 3363 2981 apud
3391 2928 3519 2967 eum

1946 2998 2214 3053 cﬂ'undat.

348 3094 556 3162 Διδύμ.
585 3120 656 3133 -—
692 3091 1074 3162 Ἐντυγχάνειν
1112 3091 1194 3145 δεῖ
1220 3092 1340 3154 ταῖς
1368 3090 1541 3153 θείαις
1578 3090 1616 3143 Γ
1622 3091 1842 3159 ραφαῖς.
2017 3128 2025 3141 .

2017 3088 2251 3159 Didymi.
2280 3120 2349 3129 —
2378 3091 2646 3159 Legenda:
2684 3100 2813 3145 sunt
2852 3091 3053 3147 divina:
3079 3093 3398 3162 Scriptum.
3432 3095 3520 3150 Uti

307 3188 492 3256 Ωσπερ
519 3184 629 3256 γὰρ
668 3184 698 3237 ὁ
720 3181 861 3246 οἶνος
892 3184 1180 3248 πινόμενος
1209 3182 1481 3236 ἀναπαύει
1514 3177 1714 3249 λύπην,
1756 3180 1848 3233 καὶ
1888 3252 1915 3256 η
1948 3192 1978 3231 e

1845 3217 1848 3229 .
1888 3252 1915 3256 μ
1948 3178 2096 3231 enim
2124 3178 2238 3231 vini
2278 3188 2441 3247 potus
2469 3180 2717 3233 dolorem
2746 3182 2934 3245 sedat;
2978 3193 3033 3235 et
3065 3197 3163 3235 cor
3187 3198 3253 3237 ex
3299 3184 3522 3237 tristitia

280 3252 610 3346 μεταϐάλλει
652 3274 878 3345 καρδίαν
906 3275 985 3337 είς
1026 3273 1381 3343 εὐφροσύνην·
1422 3272 1595 3334 οὕτως
1630 3273 1659 3323 ὁ
1693 3288 1851 3323 πνευ-
1876 3252 1920 3309 (ιῖ
1952 3269 1957 3322 i

1847 3252 1920 3310 ιθ
1952 3269 2009 3322 in
2039 3269 2280 3322 lmtitiam
2317 3270 2613 3335 transfert;
2668 3274 2747 3325 sic
2792 3272 3041 3341 spiritale
3072 3274 3263 3327 vinum
3319 3274 3524 3343 gaudio

282 3365 511 3437 ματικὺς
538 3361 679 3428 οἶνος
721 3365 805 3428 ,είς
834 3364 1010 3436 χαρὰν
1046 3361 1373 3433 μεταϐάλλει
1402 3361 1500 3432 τὴν
1538 3360 1742 3431 ψυχήν.
1952 3374 1959 3427 1

857 3364 1010 3436 [αρὰν
1046 3361 1373 3433 μεταϐάλλει
1402 3361 1500 3432 τὴν
1538 3360 1742 3431 ψυχήν.
1952 3358 2236 3427 perfundit
2268 3361 2534 3413 animum.

351 3453 426 3505 Τὸ
458 3452 655 3505 εἰδέναι
694 3452 820 3505 τινὰ
849 3454 933 3505 ὅτι
969 3453 1172 3520 ἀγνοεῖ,
1212 3451 1404 3519 σοφίας
1448 3451 1616 3503 ἐστίν·
1650 3451 1725 3514 ὡς
1758 3452 1852 3504 καὶ
2022 3458 2028 3494 1

1847 3489 1852 3501 .
2022 3448 2177 3513 Quod
2211 3450 2334 3518 quis
2362 3451 2503 3503 sciat
2540 3466 2599 3505 se
2627 3452 2863 3515 nescire,
2902 3454 3189 3524 sapientia;
3226 3466 3346 3520 est;
3380 3468 3441 3510 ut
3468 3462 3524 3510 et

279 3542 342 3595 τὸ
372 3541 570 3595 ειδέναι
605 3542 688 3594 ὅτι
715 3540 961 3609 ἠδίκησε,
992 3538 1358 3609 δικαιοσύνης.
1952 3564 1956 3585 ι

1952 3539 2099 3608 quod
2126 3539 2263 3593 sciat
2300 3556 2357 3593 se
2398 3541 2653 3609 injuriam
2690 3540 2903 3605 fecisse,
2930 3544 3179 3612 iustitiae.

356 3633 463 3686 Τὸν
491 3631 789 3699 γνωστικδν
817 3629 1072 3682 οὐδέποτε
1105 3629 1168 3682 τὸ
1192 3628 1441 3682 πλουτεῖν
1468 3626 1659 3696 γήθειν
1690 3628 1851 3689 ποιεῖ,
2024 3630 2033 3679 ε

1848 3667 1851 3682 .
2024 3629 2297 3697 Sapientis
2321 3631 2567 3683 animum
2594 3645 2695 3684 nec
2726 3630 2934 3685 divitiae
2969 3634 3169 3701 gaudio
3200 3634 3365 3705 584
3392 3635 3525 3689 eﬂ'e~

284 3722 410 3775 οὐδὲ
442 3721 505 3774 τὸ
528 3721 828 3791 χρημάτων
852 3721 1079 3790 ἀπορεῖν
1110 3721 1191 3782 είς
1226 3719 1552 3772 ταπείνωσιν
1584 3716 1728 3783 ἄγει·
1756 3716 1854 3785 τῆς
1956 3735 1961 3772 1

1851 3734 1854 3770 :
1956 3728 2105 3781 runt,
2146 3734 2247 3772 nec
2284 3719 2467 3787 inopia
2502 3734 2564 3773 ac
2593 3721 2949 3787 pecuniarum
2995 3731 3211 3791 egestas
3235 3723 3289 3774 in
3320 3724 3528 3778 humile

289 3811 491 3882 ἀρετῆς
533 3808 627 3861 καὶ
665 3807 857 3876 σοφίας
900 3806 1060 3860 αὐτὴν
1096 3805 1502 3876 ὑπερυψούσης,
1546 3804 1640 3856 καὶ
1675 3803 1849 3871 ὑπερ·
1956 3828 1966 3864 4

1956 3810 2236 3880 deprimit,
2271 3826 2435 3878 quem
2490 3812 2699 3866 scilicet
2730 3812 2906 3866 virtus
2947 3829 3012 3867 ac
3058 3814 3325 3882 sapientia
3369 3816 3529 3869 altius

288 3903 403 3955 ἀνω
432 3900 611 3953 αὐτῶν
641 3898 891 3952 ἵστασθαι
917 3895 1465 3967 παρασκευαζούσης.
1959 3918 1965 3953 ε

1959 3900 2228 3961 attollant,
2264 3901 2481 3969 illisque
2513 3901 2856 3968 superiorem
2892 3902 3248 3956 constituant.

361 3994 649 4058 Φίλωνος.
676 4020 745 4030 -
781 3990 1021 4057 Ἀνάγκη
1068 3988 1295 4056 ἀπειρίᾳ⁴
1341 3986 1434 4040 καὶ
1485 3986 1651 4055 κακίᾳ
1711 3983 1856 4053 ἡνιό-
2031 4025 2038 4043 λ

1855 4015 1856 4018 η
2031 3990 2289 4043 Philonis.
2335 4021 2402 4032 —
2444 3990 2680 4045 Necesse
2729 4000 2816 4045 est
2881 3991 3088 4062 auriga:
3140 3993 3415 4062 imperitia
3478 4006 3532 4048 et

290 4102 411 4153 χον,
439 4081 508 4133 τὰ
541 4081 921 4149 ὑποζευγμὲνα
970 4080 1111 4132 κατὰ
1160 4077 1423 4148 κρημνῶν
1467 4075 1732 4145 φέρεσθαι
1769 4074 1862 4126 καὶ
1961 4097 1967 4133 ]

1853 4093 1862 4124 ι
1961 4080 2191 4143 malitia,
2222 4081 2474 4149 iumenta
2501 4096 2599 4148 per
2633 4096 2879 4150 princeps
2910 4082 2996 4150 agi
3035 4090 3200 4150 atque
3234 4083 3530 4145 baratlira;

294 4172 606 4243 βαράθρων·
647 4170 835 4240 ὥσπερ
866 4167 1126 4240 ἐμπειρίᾳ
1158 4169 1251 4221 καὶ
1280 4170 1449 4237 ἀρετῇ
1478 4164 1859 4225 διασώζεσθαι.
1961 4184 1971 4205 π

1852 4201 1859 4215 .
1961 4168 2314 4238 vicissimque
2341 4170 2488 4224 illius
2512 4169 2709 4238 peritia
2742 4180 2796 4224 et
2822 4170 3025 4225 virtute
3059 4171 3175 4226 fore
3215 4173 3529 4227 incolumia.

382 4263 685 4331 ’Δμήχανον
721 4260 789 4313 τὰ
827 4260 1041 4331 μεγάλα
1087 4258 1193 4329 πρὸ
1234 4258 1342 4311 τῶν
1399 4257 1612 4327 μικρῶν
1648 4254 1863 4308 παιδευ-
2035 4260 2059 4314 Ε

1855 4282 1863 4294 ·
2035 4259 2178 4314 Fieri
2205 4274 2313 4312 non
2346 4268 2528 4328 potest
2563 4267 2621 4312 ut
2654 4260 2879 4329 majora,
2921 4269 3049 4314 ante
3074 4276 3136 4314 ea
3169 4277 3292 4335 quae
3317 4262 3532 4315 minora

293 4355 479 4423 θῆναι.
1965 4369 1970 4403 ε

1965 4358 2112 4413 sunt,
2141 4351 2411 4405 docearis.

367 4440 663 4510 Κλήμεντ.
686 4469 755 4481 -—-
788 4439 1022 4492 Ἐπεται
1047 4438 1114 4508 τῇ
1141 4436 1341 4505 γνώσει
1372 4436 1443 4489 τὰ
1493 4435 1652 4505 ἔργα,
1686 4433 1760 4496 ώς
1789 4431 1865 4502 τῷ
2035 4449 2044 4492 ι

1856 4452 1865 4482 ι
2035 4439 2335 4495 Clementis.
2364 4471 2433 4484 -
2462 4442 2642 4511 Opera
2681 4441 2969 4496 scientiam
3020 4448 3347 4509 sequuntur,
3391 4442 3533 4495 haud

294 4532 515 4602 σώματι
551 4532 584 4601 ἡ
614 4531 762 4585 σκιά.
1902 4601 1915 4602 7
1968 4553 1971 4585 :

1902 4601 1915 4602 ί
1968 4547 2126 4586 secus
2159 4548 2223 4586 ac
2260 4534 2476 4601 corpori
2507 4548 2693 4586 comes
2720 4540 2803 4585 est
2833 4531 3046 4585 umbra.

369 4623 780 4691 Πλουτάρχου.
810 4651 881 4661 -
913 4620 1138 4691 Ὀνείρῳ
1180 4618 1356 4672 ἔοικεν
1388 4616 1418 4671 ὁ
1454 4615 1564 4670 τῶν
1604 4612 1863 4670 άπαιδεύ-
1900 4601 1940 4654 ί)
2037 4623 2046 4674 λ

1859 4643 1863 4653 ·
1900 4601 1940 4654 ί)
2037 4621 2326 4674 Plutarchi.
2353 4651 2424 4660 —-
2452 4622 2509 4674 lu
2536 4622 2751 4675 somnio
2794 4620 2991 4674 similis
3026 4628 3113 4674 est
3161 4620 3382 4674 rudium
3427 4621 3536 4675 vita

295 4732 410 4768 των
438 4712 572 4783 βίος,
601 4711 764 4775 κενὰς
789 4710 933 4782 ἔχων
968 4709 1301 4781 φαντασίας.
1970 4746 1972 4757 ι

1970 4722 2035 4761 ac
2068 4707 2439 4771 indoctorum,
2490 4711 2683 4762 inanes
2726 4706 2909 4773 specie
2949 4707 3204 4761 ludentes
3257 4709 3538 4777 cogitatio-

1970 4813 2070 4852 nes
2091 4798 2323 4852 habens.

376 4890 518 4944 Οὔτε
548 4890 607 4944 ὲν
646 4886 825 4960 ἰχθύσι
869 4886 1076 4959 φωνὴν,
1116 4884 1240 4939 οὔτε
1268 4886 1327 4938 ὲν
1363 4880 1709 4944 ἀπαιδεύτοις
1742 4880 1870 4951 άρε-
2040 4890 2053 4941 1

1863 4909 1870 4919 -
2040 4889 2228 4957 Neque
2268 4889 2323 4941 in
2359 4889 2604 4957 piscibus
2632 4905 2758 4953 vox,
2784 4905 2963 4959 neque
3000 4889 3054 4943 in
3085 4888 3323 4945 indoctis
3353 4904 3418 4945 ac
3454 4890 3540 4942 in-

301 4984 407 5054 τὴν
434 4982 517 5035 δεῖ
556 4981 758 5052 ζητεῖν.
1972 5001 1978 5028 ‹

1972 4978 2335 5048 disciplinatis
2357 4980 2535 5034 virtus
2562 4980 2856 5048 quaerenda
2886 4989 2990 5035 est.

379 5097 521 5151 Οὔτε
560 5097 703 5166 ὕδωρ
749 5094 990 5165 θολερὸν,
1032 5092 1156 5146 οὔτε
1203 5089 1526 5144 ἀπαίδευτον
1562 5087 1743 5157 ψυχὴν
1778 5103 1869 5140 τα·
2046 5092 2056 5146 ]

1867 5117 1869 5124 ·
2046 5091 2157 5146 Nec
2184 5106 2382 5159 aquam
2413 5092 2707 5153 turbidam,
2745 5106 2849 5144 nec
2891 5091 3172 5145 indoctum
3203 5090 3445 5145 animum
3481 5108 3544 5147 ac

307 5190 479 5260 ράσσε
487 5205 535 5240 ιν
564 5187 663 5240 δεῖ.
1978 5180 1984 5232 i

1978 5179 2467 5249 indisciplinatum,
2507 5194 2857 5233 commovere
2890 5194 2985 5248 par
3021 5189 3124 5233 est.

379 5298 713 5366 Δυσάρεστοι
762 5294 916 5356 δντες
968 5294 1017 5345 oi
1052 5290 1389 5355 ἀπαίδευτοι,
1423 5289 1673 5357 καθάπερ
1712 5285 1772 5350 ἐξ
1802 5287 1877 5339 οἱ·
2046 5290 2056 5344 1

1866 5314 1877 5324 ·
2046 5290 2278 5353 Ιιιιιοοιὶ,
2307 5305 2430 5343 cum
2459 5292 2666 5344 morosi
2716 5290 2848 5352 sint,
2886 5291 3040 5357 quasi
3086 5306 3154 5346 ex
3209 5290 3440 5353 milibus,
3479 5308 3543 5347 cx

307 5388 472 5453 κιῶν,
502 5387 611 5441 τῶν
638 5385 1009 5458 προαιρέσεων
1052 5381 1173 5436 καθ’
1200 5381 1412 5451 ἡμέραν
1453 5377 1875 5450 μετοικίζονται.
1976 5400 1984 5435 ε

1268 5381 1412 5451 ιέραν
1453 5377 1875 5450 μετοικίζονται.
1976 5384 2092 5437 suis
2112 5383 2361 5451 quotidie
2389 5381 2661 5436 institutis
2690 5382 2945 5451 migrant.

384 5501 453 5553 Oi
485 5500 581 5570 μὲν
606 5498 771 5565 ξένοι,
805 5499 863 5551 ἐν
903 5498 1025 5559 ταῖς
1068 5493 1230 5558 ὁδοῖς,
1268 5494 1318 5545 Ol
1367 5492 1424 5545 δὲ
1461 5493 1792 5556 ἀπαίδευτοι,
1824 5494 1881 5545 ἐν
2050 5496 2061 5549 l

1869 5518 1881 5544 ν
2050 5494 2331 5564 Peregrini
2356 5493 2600 5563 quidem,
2635 5494 2689 5547 in
2720 5494 2858 5559 viis;
2886 5492 3093 5549 indocti
3116 5508 3270 5557 vero,
3295 5493 3351 5547 in
3378 5507 3546 5562 nego-

311 5594 430 5654 cai;
458 5590 745 5661 πράγμασι
764 5587 1182 5643 διαπλανῶνται.
1984 5595 1988 5633 l

627 5606 745 5642 ιασι
764 5587 1182 5643 διαπλανῶνται.
1984 5585 2073 5637 liis
2101 5593 2304 5637 errant.

400 5705 739 5770 Πλάτωνος.
766 5730 833 5744 -
879 5702 1034 5757 Πᾶσα
1086 5698 1363 5771 ἐπιστήμη
1408 5698 1753 5769 χωριζομένη
1813 5699 1885 5752 δι·
2055 5702 2077 5751 (

1874 5729 1885 5739 -
2055 5698 2246 5753 Omnis
2284 5695 2535 5761 scicntia,
2591 5695 2817 5767 justitia:
2874 5696 3208 5765 reliquisque
3255 5692 3551 5751 virtutibus
