4246 6438
740 351 844 413 823

1925 348 1985 410 S.
2028 348 2313 411 ΜΑΧΙΜΙ
2351 349 2859 415 CONFESSORIS

3882 355 3987 421 824

742 468 967 521 minime
997 466 1307 535 conjuncta,
1357 461 1620 527 versutia,
1657 462 1803 517 haud
1847 477 1977 517 vcro
2019 463 2311 533 sapientia,
2341 465 2419 520 Δτ

2307 465 2387 522 ,Δ
2415 466 2709 536 καιοσύνης
2760 480 2852 522 και
2900 471 2993 541 τῆς
3038 471 3201 542 ἄλλης
3236 473 3457 542 ἀρετῆς,
3507 473 3834 542 πανουργία,
3868 472 3984 527 ἀλλ’

740 566 987 612 annaret.

848 574 908 612 ar
948 573 987 611 t.

773 573 1076 702 pfsoceratis.
1105 675 1173 685 —
1198 645 1286 703 Uti
1314 661 1496 715 apem,
1532 644 1872 714 quibuslibet
1914 643 2142 698 ﬂoribus
2180 644 2317 697 insi-

742 741 985 803 dentem,
1025 754 1092 791 ex
1121 738 1353 807 singulis
1374 738 1520 806 quod
1552 737 1623 791 sit
1654 737 1809 800 utile,
1844 736 2098 791 videmus
2122 737 2315 790 decer-

742 846 910 899 pere;
967 831 1050 883 sic
1096 838 1152 883 et
1215 829 1522 898 disciplina:
1582 828 1814 897 cupidos
1868 828 2049 891 decet,
2107 828 2312 883 nullius

741 931 1019 990 expertes,
1054 936 1120 974 ea
1148 936 1269 989 quae
1308 920 1641 983 conducant,
1676 919 1919 988 undique
1950 920 2152 987 legere.

812 1095 1143 1164 Diligentius
1164 1094 1456 1148 verborum
1481 1101 1647 1162 atque
1682 1091 1968 1156 doctrina},
2005 1105 2169 1159 quam
2218 1106 2312 1159 pe-

744 1186 1033 1239 cuniarum
1064 1184 1313 1253 deposita
1337 1192 1575 1239 servato.

812 1277 1030 1329 Aristot.
1057 1306 1125 1314 —
1154 1277 1470 1340 Beatitudo,
1525 1290 1636 1329 non
1678 1274 1734 1327 in
1778 1277 2076 1328 multarum
2128 1286 2309 1326 rerum

743 1381 908 1420 censu
937 1366 1189 1436 ponenda
1216 1377 1320 1432 est,
1353 1367 1448 1422 sed
1488 1367 1543 1420 in
1588 1366 1772 1419 animo
1825 1366 1965 1420 bene
1989 1365 2307 1419 constituto.

743 1457 931 1526 Neque
961 1459 1109 1512 enim
1134 1460 1425 1528 quisquam
1456 1472 1658 1528 corpus
1696 1457 1919 1512 beatum
1948 1457 2119 1518 dicat,
2161 1454 2309 1522 quod

744 1548 1048 1616 splendidis
1072 1551 1319 1604 vestibus
1349 1548 1642 1612 colluceat,
1682 1548 1778 1603 sed
1824 1546 1971 1616 quod
2006 1561 2196 1600 sanum
2240 1545 2311 1599 sit

743 1662 808 1699 ac
840 1644 1148 1706 robustum,
1197 1641 1414 1695 etiamsi
1462 1656 1652 1695 eorum
1708 1654 1829 1707 qua:
1873 1638 2020 1691 dicta
2068 1646 2218 1699 sunt,
2257 1636 2309 1689 ei

746 1736 882 1788 nihil
912 1741 1188 1803 suppetat.
1221 1733 1428 1786 Eodem
1483 1732 1647 1786 modo
1689 1741 1746 1785 et
1789 1730 2011 1783 animus
2036 1728 2082 1781 si
2138 1726 2310 1780 fuerit

744 1800 1034 1885 eruditus;
1079 1825 1187 1892 qui.
1233 1823 1505 1892 ejusmodi
1562 1823 1761 1885 fuerit,
1809 1822 2039 1890 ejusque
2091 1817 2311 1887 generis
2341 1800 2383 1853 Β

743 1917 933 1980 homo,
967 1917 1163 1970 beatus
1190 1914 1457 1968 dicendus
1482 1923 1596 1977 est;
1641 1929 1747 1967 non
1784 1912 1830 1965 si
1868 1912 2031 1965 rebus
2067 1910 2310 1964 externis

744 2005 1087 2075 splendidius
1113 2014 1363 2066 ornatus,
1397 2005 1511 2072 ipse
1553 2004 1717 2058 homo
1743 2002 1904 2056 nihili
1951 2002 2137 2059 fuerit.
2173 2002 2308 2055 Nam

744 2115 845 2152 nec
863 2114 1089 2167 equum,
1121 2100 1165 2152 si
1191 2105 1514 2152 ornamenta
1545 2111 1710 2149 aurea
1744 2095 1944 2149 habeat
1980 2104 2037 2149 et
2066 2094 2309 2163 pretiosa

744 2187 922 2254 magni
950 2186 1308 2248 aestimamus,
1330 2200 1454 2238 cum
1478 2184 1703 2253 ignavus
1732 2182 1834 2237 sit:
1869 2181 1963 2235 sed
1987 2181 2083 2250 qui
2105 2180 2310 2249 optimc

743 2290 977 2343 corpore
997 2274 1328 2328 constitutus
1355 2282 1439 2326 est
1464 2288 1526 2326 ac
1548 2286 1868 2340 generosus,
1898 2271 2047 2325 hunc
2075 2270 2309 2324 maxime

742 2366 967 2420 laudare
1031 2365 1293 2418 solemus.
1358 2362 1830 2429 Quemadmodum
1882 2363 2031 2415 enim
2090 2363 2133 2416 si
2185 2365 2311 2430 quis

744 2458 913 2509 herus
940 2454 1125 2507 vernis
1155 2453 1277 2507 suis
1314 2451 1559 2505 deterior
1591 2452 1681 2513 sit,
1718 2452 2061 2506 deridiculus
2110 2451 2311 2506 habca-
2348 2470 2350 2473 ·

744 2557 834 2599 tur
860 2544 873 2599 ἑ
900 2548 990 2600 sic
1014 2544 1177 2614 585
1199 2559 1297 2598 eos
1319 2543 1549 2597 miseros
1573 2543 1908 2612 judicamus,
1937 2542 2140 2611 quibus
2174 2556 2309 2596 con-

745 2639 906 2708 tingit
954 2647 1015 2692 ut
1048 2652 1185 2706 quas
1216 2637 1501 2704 possident
1546 2650 1703 2703 opes,
1737 2636 1857 2702 ipso
1897 2648 2090 2687 eorum
2126 2633 2308 2702 genio,

742 2730 939 2801 majori
969 2730 1023 2783 in
1061 2728 1240 2798 pretio
1271 2727 1539 2781 habenda:
1577 2728 1709 2781 sint.

811 2908 1079 2962 Demosth.
1114 2936 1183 2945 —-
1212 2903 1608 2958 Demosthenes
1660 2901 1845 2954 aiebat
1873 2900 2137 2954 doctrinm
2162 2899 2311 2953 radi-

743 3015 861 3054 cem
883 3014 1120 3054 amaram
1155 3011 1275 3051 esse
1295 3036 1308 3057 ,
1336 2994 1547 3048 fructus
1570 3001 1753 3045 autem
1785 2992 1995 3045 dulces.

816 3092 1098 3144 Democrit.
1136 3120 1205 3129 --
1237 3088 1563 3155 Disciplina.
1609 3085 1676 3138 iis
1726 3084 1949 3152 quidem
1999 3083 2096 3151 qui
2144 3082 2381 3176 τριωεο

744 3182 1005 3237 secundis
1039 3190 1288 3242 utantur,
1334 3186 1716 3232 ornamentum
1746 3185 1875 3237 est;
1926 3175 1993 3228 iis
2040 3190 2171 3227 vero
2216 3175 2307 3241 qui

742 3273 1007 3333 adversis,
1036 3269 1332 3338 refugium.

811 3361 1080 3415 Civitates
1117 3358 1375 3428 appensis
1414 3356 1694 3417 donariis;
1749 3355 1959 3409 animos
2002 3353 2312 3423 disciplinis

741 3452 1020 3506 ornandus
1050 3465 1193 3504 esse.

811 3541 1073 3595 Socrates.
1106 3541 1427 3596 —Divitcm
1453 3540 1742 3608 quemdam
1775 3540 2057 3592 indoctmn
2089 3542 2309 3605 conspi-

740 3646 927 3688 catus:
963 3635 1125 3697 Eccc,
1164 3634 1362 3701 inquit,
1402 3648 1629 3685 aureum
1670 3631 2027 3697 mancipium.

810 3726 957 3779 Idem
995 3726 1383 3793 interrogatus,
1419 3724 1563 3776 inter
1593 3722 1851 3775 animalia
1872 3719 2155 3787 quodnam
2192 3718 2312 3786 pul-

740 3817 1076 3870 eherrimum
1102 3812 1268 3878 esset,
1320 3812 1641 3882 respondit:
1692 3812 1865 3864 Homo
1894 3812 1989 3880 qui
2020 3811 2092 3864 sit
2141 3811 2310 3865 disci-

741 3906 909 3975 plinis
940 3916 1189 3977 ornatus.
1676 3914 1679 3918 '

812 3998 1196 4065 Exprobrautc
1231 3996 1467 4065 quodam
1504 3994 1650 4063 quod
1685 3994 1919 4047 barbare
1949 3994 2306 4061 loqueretur:

741 4090 853 4159 Ego
901 4088 1146 4157 quidem,
1184 4086 1385 4155 inquit,
1413 4100 1667 4156 sermone
1720 4084 1989 4137 barbarus
2020 4100 2164 4148 sum,
2212 4100 2311 4139 vos

741 4189 923 4230 autem
968 4176 1234 4228 moribus.

810 4269 959 4322 ldcm
999 4267 1385 4335 interrogatus.
1414 4270 1663 4334 quaenam
1708 4264 1914 4332 optima
1947 4274 2091 4318 esset
2144 4265 2308 4318 disci-

740 4352 918 4426 plina:
942 4355 1235 4435 Dcdiscere
1259 4346 1419 4415 mala,
1442 4352 1747 4421 respondit.

2414 558 2474 611 οὐ
2518 562 2679 627 σοφία
2712 561 2983 628 φαίνεται.

2499 650 2792 719 Ἰσοκράτ.
2822 683 2892 693 —-
2916 653 3127 723 Ὥσπερ
3183 653 3280 724 τὴν
3335 652 3590 723 μέλιτταν
3621 653 3858 724 ὁρῶμεν,
3896 654 3981 719 ἐφ’

2415 743 2630 795 ἅπαντα
2666 743 2765 811 μὲν
2797 744 2867 795 τὰ
2900 743 3260 813 βλαστήματα
3286 742 3700 806 καθιζάνουσαν,
3738 743 3982 810 ἀφ’ὲκά-

2416 850 2541 886 στου
2569 834 2625 886 δὲ
2645 834 2713 886 τὰ
2738 836 2983 904 χρήσιμα
3002 834 3386 902 λαμὸἀνουσαν
3403 851 3418 867 ο
3451 832 3596 887 οὕτω
3624 834 3703 886 δεῖ
3733 833 3827 885 καὶ
3855 835 3987 896 τοὺς

2414 927 2659 988 παιδείας
2699 926 3079 996 ὀρεγομένους,
3128 925 3355 996 μηδενὸς
3405 926 3504 995 μὲν
3546 925 3788 998 ἀπείρως
3814 925 3981 994 ἔχειν,

2414 1017 2751 1085 πανταχόθεν
2775 1018 2832 1069 δὲ
2859 1018 2926 1069 τὰ
2967 1017 3215 1086 χρήσιμα
3258 1015 3553 1081 συλλέγειν.

2484 1110 2703 1162 Μᾶλλον
2743 1109 2900 1177 τήρει
2923 1110 3022 1170 τὰς
3053 1107 3163 1159 τῶν
3194 1105 3390 1176 λόγων,
3423 1106 3456 1175 ἢ
3491 1107 3590 1170 τὰς
3624 1105 3734 1160 τῶν
3765 1107 3983 1176 χρημαο

2410 1217 2518 1253 των
2548 1204 3042 1273 παρακαταθήκας.

2501 1294 2795 1359 Ἀριστοτ.
2821 1322 2892 1331 -
2924 1293 3237 1363 Νομίζομεν
3285 1293 3341 1346 δὲ
3385 1293 3484 1362 τὴν
3509 1290 3855 1360 εὐδαιμονίαν
3882 1289 3983 1342 οὐκ

2411 1384 2468 1434 ἐν
2514 1383 2590 1452 τῷ
2622 1383 2793 1436 πολλὰ
2826 1384 3124 1449 κεκτῆσθαι
3165 1383 3433 1452 γίνεσθαισ
3479 1382 3679 1453 μᾶλλον
3705 1380 3783 1445 δὲ,
3817 1383 3873 1434 ὲν
3902 1380 3983 1448 τῷ

2410 1477 2475 1543 τῇ
2521 1474 2664 1542 ψυχῇ
2718 1473 2778 1527 εὖ
2826 1474 3152 1529 διακεῖσθαι.
3185 1476 3295 1527 Καὶ
3342 1474 3449 1545 γὰρ
3508 1474 3569 1526 τὸ
3621 1473 3782 1542 σῶμα
3830 1473 3890 1524 οὐ
3919 1471 3983 1523 τὸ

2412 1565 2638 1634 λαμπρᾷ
2682 1565 2868 1633 ἐσθῆτι
2922 1565 3357 1634 κεκοσμημένον,
3416 1563 3550 1632 φαίη
3601 1580 3685 1624 τις
3735 1562 3800 1614 ἂν
3839 1557 3979 1613 εἶναι

2416 1656 2707 1725 μακάριον,
2752 1656 2887 1709 ἀλλὰ
2925 1656 2987 1708 τὸ
3026 1654 3123 1724 τὴν
3157 1655 3345 1722 ὑγείαν
3388 1655 3508 1723 ἔχον
3549 1654 3644 1707 καὶ
3676 1650 3981 1711 σπουδαίως

2413 1746 2777 1815 διακείμενον,
2836 1746 2941 1799 κᾶν
3000 1747 3164 1816 μηδὲν
3206 1746 3316 1798 τῶν
3357 1742 3783 1814 παρακειμένων
3831 1740 3979 1809 αὖτῷ

2414 1840 2583 1907 παρῇ.
2618 1839 2723 1890 Τὸν
2778 1838 2940 1891 αὐτὸν
2988 1838 3051 1906 δὴ
3084 1839 3286 1907 τρόπον
3326 1836 3422 1888 καὶ
3456 1834 3655 1903 ψυχὴν,
3689 1833 3783 1885 ἐὰν
3878 1849 3975 1883 πε-

2414 1929 2771 1998 παιδευμένη,
2808 1929 2906 1998 τὴν
2948 1932 3206 1997 τοιαύτην
3239 1927 3333 1979 καὶ
3375 1926 3464 1980 τὸν
3489 1924 3773 1994 ἄνθρωπον
3803 1920 3979 1975 εὐδαί-

2415 2037 2549 2087 μονα
2582 2021 3049 2089 προσαγορευτέον
3078 2020 3256 2071 ἐστίν·
3291 2019 3391 2069 οὐκ
3419 2018 3482 2071 ἄν
3498 2032 3581 2077 τις
3602 2009 3809 2085 ἑκτὸςῇ
3839 2013 3978 2079 λαμ-

2413 2109 2565 2178 πρῶς
2599 2110 3033 2179 κεκοσμημένος,
3092 2108 3251 2170 αὐτὸς
3286 2107 3343 2158 δὲ
3388 2105 3613 2176 μηδενὸς
3643 2102 3809 2167 ἄξιος.
3842 2102 3979 2153 Οὖτε

2414 2198 2523 2268 γὰρ
2555 2199 2721 2251 ἵππον
2744 2200 2840 2252 ἐὰν
2875 2199 3069 2268 ψέλλια
3094 2200 3270 2269 χρυσᾶ
3292 2197 3387 2251 καὶ
3410 2194 3579 2265 σκεύη
3613 2194 3726 2264 ἔχει
3756 2192 3979 2245 πολυτε⁴

2411 2288 2499 2355 λῆ,
2530 2288 2731 2356 φαῦλος
2777 2290 2874 2352 ὢν,
2904 2290 2995 2341 τὸν
3022 2282 3266 2341 τοιοῦτον
3312 2281 3461 2350 ἄξιόν
3511 2301 3655 2345 τινος
3684 2282 3982 2352 νομίζομεν

2412 2372 2569 2428 εἶναι·
2598 2375 2715 2430 ἀλλ’
2752 2376 2811 2438 ὃς
2852 2375 3297 2444 ἆνδιακείμενος
3422 2370 3748 2433 σπουδαίως,
3787 2370 3981 2423 τοῦτον

2415 2465 2615 2534 μᾶλλον
2647 2465 2997 2533 ἐπαινοῦμεν.
3031 2466 3243 2535 Ὠσπερ
3277 2462 3386 2532 γὰρ
3413 2464 3465 2515 εἰ
3497 2479 3582 2524 τις
3618 2460 3728 2513 τῶν
3752 2458 3981 2513 οἰκετῶν

2412 2553 2576 2606 αὑτοῦ
2637 2554 2835 2623 χείρων
2895 2555 3005 2621 εἴη,
3060 2553 3461 2621 καταγέλαστος
3524 2551 3589 2605 ἂν
3624 2552 3853 2616 γένοιτο·
3887 2549 3981 2603 τὸν

2412 2646 2574 2697 αὑτὸν
2603 2645 2824 2715 τρόπον,
2856 2640 2938 2708 οἷς
2970 2646 3216 2707 πλείονος
3260 2645 3416 2708 ἀξίαν
3456 2643 3554 2714 τὴν
3598 2644 3789 2711 κτῆσιν
3841 2637 3981 2694 εἶναι

2415 2738 2765 2808 συμϐέϐηκεν
2792 2740 2890 2808 τῆς
2918 2739 3053 2801 ἰδίας
3074 2738 3309 2807 φύσεως,
3348 2736 3564 2800 ἀθλίους
3588 2734 3813 2797 τούτους
3843 2730 3984 2787 εἶναι

2411 2830 2494 2881 δεῖ
2522 2829 2793 2899 νομίζειν.

2482 2926 2740 2991 Δημοσθ.
2777 2952 2847 2960 -
2872 2914 3061 2985 Οὗτος,
3119 2923 3217 2990 τὴν
3256 2921 3354 2990 μὲν
3413 2920 3567 2990 ῥίζαν
3601 2918 3699 2985 τῆς
3732 2914 3985 2976 παιδείας

2414 3013 2514 3081 ἔφη
2548 3011 2685 3066 εἶναι
2716 3013 2916 3083 πικράν
2947 3028 2961 3042 °
2988 3013 3116 3074 τοὺς
3148 3011 3205 3064 δὲ
3226 3011 3493 3080 καρποὺς,
3513 3009 3754 3077 γλυκεῖς.

2486 3104 2797 3171 Δημοκρίτ.
2832 3133 2902 3143 -
2960 3104 3023 3154 Ἡ
3063 3102 3302 3166 παιδεία,
3365 3099 3666 3169 εὐτυχοῦσα
3722 3097 3824 3167 μέν
3863 3098 3983 3149 ἐστι

2412 3196 2634 3265 κόσμος,
2662 3195 2936 3264 ἀτυχοῦσα
2964 3194 3040 3259 δὲ,
3068 3192 3427 3263 καταφύγιον.

2487 3379 2598 3442 Τὰς
2625 3378 2724 3447 μὲν
2753 3377 2936 3440 πόλεις
2971 3378 3285 3447 ἀναθήμασι
3304 3389 3317 3403 '
3354 3373 3452 3435 τὰς
3481 3371 3537 3424 δὲ,
3571 3369 3766 3439 ψυχὰς,
3802 3364 3982 3437 μαθή-

2415 3486 2549 3538 μασι
2585 3469 2663 3521 δεῖ
2684 3471 2928 3535 κοσμεῖν.

2482 3555 2739 3625 Σωκριὶτ.
2788 3555 2928 3607 Ἰδὼν
2960 3555 3213 3607 πλούσιον
3265 3552 3605 3616 ἀπαίδευτον,
3656 3549 3780 3616 ἔφη,
3847 3544 3979 3598 Ἰδοὺ

2414 3652 2505 3702 καὶ
2533 3650 2595 3701 τὸ
2620 3648 2852 3719 χρυσοῦν
2873 3648 3226 3717 ἀνδράποδον.

2494 3741 2553 3792 Ὀ
2576 3732 2737 3800 αὐτὸς
2762 3736 3056 3806 ἐρωτηθεὶς
3075 3778 3089 3800 ,
3116 3735 3169 3788 τί
3212 3734 3323 3787 τῶν
3347 3734 3499 3796 ζώων
3525 3728 3810 3785 κάλλιστόν
3841 3728 3979 3790 ἐστι,

2412 3831 2538 3900 ἔφη,
2578 3829 2900 3899 Ἀνθρωπος
2929 3825 3147 3895 παιδείᾳ
3176 3815 3564 3894 κοσμούμενος.

2494 4003 2913 4073 Ὀνειδιζόμενος
2973 4000 3077 4053 ὑπό
3127 4015 3268 4060 τινος
3320 4000 3403 4050 ὄτι
3453 3992 3810 4065 βαρϐαρίζει,
3853 3990 3983 4059 ἔφη,

2425 4094 2564 4163 Ἐγὼ
2595 4094 2693 4163 μὲν
2714 4093 2791 4163 τῷ
2807 4094 2969 4161 λόγῳ,
2998 4092 3152 4160 ὑμεῖς
3174 4089 3228 4141 δὲ
3251 4085 3328 4156 τῷ
3351 4086 3558 4155 τρόπῳ.

2492 4272 2551 4323 ὐ
2597 4271 2757 4332 αὐτὸς
2797 4266 3128 4339 ἐρωτηθεὶς,
3183 4264 3237 4317 τί
3282 4262 3501 4332 ἄριστόν
3546 4261 3660 4312 ὲστι
3720 4256 3980 4327 μάθημα,

2412 4363 2539 4431 ἔφη,
2572 4362 2644 4413 Τὸ
2674 4358 2977 4428 ἀπομαθεῖν
3001 4356 3069 4408 τὰ
3101 4355 3267 4408 κακά.

810 4445 1117 4517 Dentona'ct.
1143 4472 1211 4479 -—
1234 4437 1949 4519 Iudocti,tanquam'pisccs
1980 4445 2309 4512 capti,rdum
2343 4438 2386 4492 Ι)
2484 4493 2487 4503 ,

2306 4470 2309 4497 ι
2343 4438 2386 4492 Ῑ)
2484 4449 2820 4518 Δημώνακτ.
2856 4477 2923 4488 ——-
2951 4447 3014 4498 Οἱ
3041 4444 3375 4505 ἀπαίδευτοι,
3409 4438 3661 4508 καθάπερ
3688 4437 3738 4489 oi
3770 4436 3983 4489 ἁλιευό-

747 4537 1064 4597 trahuntur,
1108 4534 1287 4587 silent.

810 4629 1031 4696 Diogen.
1054 4656 1123 4666 —
1148 4627 1387 4694 Rogatus
1417 4623 1565 4693 quod
1594 4640 1734 4677 onus
1759 4632 1902 4677 terra
1926 4627 2310 4693 gravissimum

740 4719 1041 4773 sustineret
1068 4736 1080 4769 :
1116 4716 1425 4777 Indoctum,
1465 4716 1664 4783 inquit,
1693 4716 1993 4770 hominem.

813 4808 1125 4876 Eristippus
1158 4806 1494 4875 Cyrenaicus
1542 4806 1902 4874 phil050phus
1931 4807 2310 4862 adolescentes

743 4899 949 4951 hortari
1004 4898 1237 4959 solebat,
1280 4907 1340 4949 ut
1394 4896 1522 4949 talia
1550 4895 1655 4949 sibi
1717 4896 1915 4950 viatica
1973 4907 2308 4965 qumrerent,

741 5003 864 5055 qua:
891 5001 1013 5039 eum
1056 4985 1188 5054 ipsis
1211 4984 1265 5037 in
1300 4983 1585 5053 naufragio
1607 4994 1831 5037 enatare
1855 4998 2099 5053 possent.

811 5076 995 5131 Solon.
1027 5107 1095 5115 —
1121 5075 1258 5129 Cum
1291 5075 1343 5128 ei
1372 5073 1703 5142 quandoque
1740 5075 1945 5143 probro
1978 5084 2310 5139 verteretur,

742 5167 887 5236 quod
918 5167 1183 5219 intentata
1212 5164 1309 5217 litc
1328 5171 1604 5217 oratorem
1643 5163 1897 5217 mercede
1954 5164 2312 5219 redemisset:

744 5259 905 5321 Sane,
944 5256 1143 5324 inquit,
1176 5270 1301 5307 nam
1340 5263 1396 5307 et
1428 5268 1641 5307 cumam
1671 5253 2045 5308 instructurus
2076 5270 2313 5324 coquum

744 5350 1014 5405 conduco.

816 5439 1115 5495 Cleanthes.
1146 5467 1215 5476 -—
1237 5436 1435 5491 Aiebat
1458 5436 1754 5491 Cleanthes
1801 5452 1916 5500 eos,
1954 5436 2045 5506 qui
2073 5436 2315 5506 discipli-

748 5532 833 5587 nis
857 5530 1327 5593 carerentforma,
1362 5528 1623 5583 duntaxat
1660 5545 1688 5583 a
1729 5529 1920 5584 bestiis
1959 5527 2206 5582 dill'erre.

2411 4560 2560 4613 μενοι
2594 4541 2794 4609 ἰχθύες,
2825 4539 3107 4605 ἑλκόμενοι
3139 4534 3350 4601 σιγῶσι,

2480 4631 2780 4701 Διογένης.
2821 4659 2889 4668 -
2940 4625 3301 4697 Ἐρωτηθεὶς,
3336 4624 3390 4676 τί
3428 4624 3500 4693 γῆ
3544 4620 3843 4691 βαρύτερον
3890 4615 3983 4686 βα-

2410 4723 2615 4786 στάζει,
2648 4720 2777 4787 ἔφη,
2811 4719 3131 4787 Ἄνθρωπον
3154 4714 3498 4767 ἀπαίδευτον.

2490 4814 2835 4881 Ἐρῖστιππος
2881 4808 2927 4838 ³⁸
2958 4810 2986 4859 ὀ
3028 4804 3367 4877 Κυρηναῖκδς
3406 4803 3713 4873 φιλόσοφος,
3744 4816 3983 4871 παρεκε-

2413 4907 2468 4959 λε
2478 4906 2599 4957 ύετο
2616 4905 2725 4964 τοῖς
2741 4902 2881 4963 νέοις
2896 4898 3117 4952 τοιαῦτα
3142 4896 3325 4964 ἐφόδια
3344 4893 3596 4959 κτᾶσθαι,
3621 4892 3781 4947 ἅτινα
3802 4893 3986 4952 αὐτοῖς

2415 4996 2508 5048 καὶ
2532 4994 2873 5060 ναυαγήσασι
2905 4986 3423 5057 συνεκκολυμϐήσει.

2486 5086 2626 5139 Σόυῑ.
2649 5112 2717 5124 ——
2759 5079 3172 5148 Ὀνειδιζόμενός
3222 5095 3371 5139 ποτε,
3405 5079 3484 5129 ὅτι
3513 5076 3668 5140 δίκην
3696 5073 3837 5142 ἔχων
3869 5072 3985 5141 ὲμι-

2419 5174 2661 5227 σθὼσατο
2714 5173 2941 5241 ῥήτορα,
2978 5171 3086 5221 Καὶ
3124 5167 3254 5235 γὰρ,
3298 5167 3423 5233 ἔφη,
3451 5166 3576 5217 ὅταν
3612 5164 3825 5215 δεῖπνον
3859 5160 3983 5229 ἔχω,

2425 5266 2680 5334 μάγειρον
2706 5261 3027 5332 μισοοῦμαιί

2492 5435 2741 5490 Κλεάνθ.
2775 5464 2842 5476 -—
2887 5433 3202 5502 Κλεάνθης,
3248 5434 3371 5494 τοὺς
3421 5430 3801 5495 ἀπαιδεύτους,
3852 5428 3981 5499 μόνῃ

2420 5532 2483 5599 τῇ
2514 5529 2692 5597 μορφῇ
2724 5526 2830 5579 τῶν
2862 5525 3064 5597 θηρίων
3090 5524 3385 5593 διαφέρειν.

2012 5647 2247 5703 VARI/li
2285 5645 2682 5706 LECTIONES.

756 5723 799 5752 ³³
847 5721 1156 5790 ’Λρὶστιτπ.
1180 5720 1343 5773 Gesn.
