4246 6438
272 361 376 426 825

1571 369 1734 430 LOCI
1775 370 2210 431 COMMUNES.

3390 365 3498 430 8‘26

341 478 614 532 Γλύκων.
652 507 721 517 --
751 478 970 531 Γλύκων
988 479 1017 532 ό
1048 477 1346 550 σοφὸς,ξτὴν
1375 479 1618 532 παιδείαν
1636 481 1820 548 ἔλεγεν
1875 490 1921 545 Α

1875 490 1921 545 Α
2020 481 2565 551 Nysam—Glycon
2618 479 2859 549 sapiens,
2903 479 3212 535 doctrinam
3289 492 3503 532 sacrum

275 569 418 640 ἱερὴν
447 569 642 623 ἄσυλον
669 566 825 624 εἶναι.

354 661 699 728 Ἐμπεδοκλ.
740 690 812 704 -
862 663 1226 732 Ἐμπεδοκλῆς
1255 665 1283 716 ό
1317 664 1544 732 φυσικὸς
1586 664 1719 733 πρὸς
1752 665 1840 717 τὸν

271 750 517 817 λέγοντα,
538 752 621 804 ὅτι
646 752 849 806 Οὐδένα
873 754 1035 821 σοφὸν
1057 753 1290 823 δύναμαι
1310 754 1490 823 εὑρεῖν
1506 754 1646 807 κατὰ
1662 755 1840 821 λόγον,

272 834 415 904 εἷπε,
450 840 553 892 Τὸν
580 840 691 911 γὰρ
723 840 991 911 ζητοῦντα
1021 843 1202 911 σοφὸν,
1227 843 1388 896 αὑτὸν
1421 844 1682 914 πρότερον
1705 841 1840 898 εἶναι

272 931 353 982 δεῖ
377 931 554 1000 σοφόν.

358 1109 574 1176 Ἱέρων.
601 1141 673 1155 -υυ-
708 1111 887 1182 Ἰέρων
919 1115 946 1165 ὀ
976 1114 1191 1176 Σικελὸς
1215 1113 1493 1184 τύραννος,
1513 1114 1842 1182 Ξενοφάνους

275 1200 370 1250 τοῦ
397 1201 737 1268 Κολοφωνίου
772 1203 995 1272 ποιητοῦ
1046 1204 1306 1272 ψέγοντος
1365 1205 1646 1275 Ὅμηρον,
1697 1205 1843 1274 ἡρώ-

273 1307 443 1357 τησεν
473 1292 656 1353 αὑτὸν,
680 1293 884 1357 Πόσους
923 1295 1138 1356 οἰκέτας
1161 1296 1333 1364 ἕχεις;
1369 1295 1464 1348 τοῦ
1494 1296 1551 1347 δὲ
1577 1296 1841 1358 εἰπόντος,

277 1380 415 1444 Δύο,
471 1382 566 1435 καὶ
613 1383 835 1446 τούτους
898 1386 1057 1451 μόγις
1100 1386 1355 1456 τρέιρειν·
1421 1387 1534 1438 οὐκ
1582 1385 1840 1455 αἰσχύνῃ,

278 1472 463 1538 φησιν,
495 1473 741 1542 Ὅμηρον
791 1475 994 1542 ψέγων,
1038 1475 1096 1537 ὃς
1141 1473 1490 1544 μετηλλαχὼς
1536 1475 1782 1535 πλείονας
1809 1474 1842 1541 ἢ

279 1560 511 1626 μυρίους
536 1563 759 1631 τρέφεις

349 1652 646 1706 Καπιόνου
679 1655 963 1722 φιλοσόφ.
1002 1683 1072 1694 -—
1097 1654 1388 1722 Φιλόσοφος
1410 1655 1452 1684 ’⁷
1479 1653 1616 1724 ἔχων
1638 1655 1732 1707 δύο
1751 1673 1846 1724 μα·

273 1740 464 1806 οητὰς,
487 1741 581 1796 ἕνα
609 1743 708 1811 μὲν
731 1744 902 1813 ἀφυῆ,
930 1745 1213 1810 φιλόπονον
1236 1744 1294 1796 δέ
1320 1761 1335 1776 ·
1357 1745 1545 1813 ἓτερον
1564 1744 1620 1797 δὲ
1647 1744 1840 1812 εὐφυῆ,

1949 573 2157 640 asylum
2179 585 2299 624 esse
2333 571 2570 624 dicebat.

2018 661 2319 731 Empedocl.
2345 691 2414 700 —
2439 660 2812 729 Empedocles,
2843 658 3106 712 naturalis
3122 656 3508 728 philosophus,

1947 762 2213 820 querente
2266 752 2504 820 quodam
2567 750 2710 818 quod
2753 749 3027 802 neminem
3079 746 3292 799 ratione
3345 753 3510 811 atque

1946 844 2134 896 animo
2179 844 2482 910 sapientem
2537 840 2872 901 oll'enderct,
2931 835 3257 904 respondit:
3302 835 3510 902 Nempe

1947 941 2166 1001 oportet
2217 947 2363 995 eum,
2397 933 2491 1002 qui
2525 930 2830 1000 sapientem
2867 929 2940 982 sit
2972 927 3330 997 quasiturus,
3358 925 3512 994 prius

1949 1025 2256 1092 sapientem
2281 1037 2422 1076 esse.

2020 1115 2238 1167 Hieron.
2265 1140 2337 1152 —
2363 1112 2565 1166 Hieron
2590 1110 2808 1164 Siculus
2833 1119 3118 1178 tyrannus,
3153 1120 3277 1160 cum
3329 1101 3515 1155 Xeno-

1951 1204 2158 1272 phanes
2188 1201 2562 1271 Colophonius
2605 1209 2764 1268 poeta
2797 1199 3095 1253 Homerum
3135 1195 3511 1263 vituperaret,

1949 1301 2085 1362 quot
2130 1293 2362 1347 famulos
2418 1291 2668 1354 haberet,
2723 1288 3103 1360 interrogavit.
3154 1287 3362 1353 Illoque
3425 1296 3516 1335 re-

1949 1383 2358 1452 spondente,'sc
2384 1383 2524 1436 duos
2547 1382 2773 1444 habere,
2796 1381 2995 1448 vixque
3013 1379 3122 1433 illis
3143 1376 3338 1430 alendo
3361 1388 3512 1427 esse:

1950 1475 2069 1527 Non
2103 1487 2154 1527 te
2198 1474 2386 1542 pudet,
2423 1473 2603 1541 inquit
2651 1482 2934 1542 tyrannus,
2966 1470 3263 1524 llomcrum
3293 1464 3511 1531 vitupe-

1951 1581 2097 1624 rare.
2126 1566 2221 1634 qui
2253 1565 2436 1634 plures
2474 1565 2664 1618 decem
2701 1563 2944 1618 millibus
2975 1562 3086 1614 l‘ato
3111 1560 3333 1614 functus
3376 1554 3517 1608 alit?

2018 1653 2226 1723 Capion
2288 1652 2649 1722 philosophus
2708 1653 2868 1706 binos
2921 1649 3132 1703 habens
3187 1645 3514 1714 discipulos.

1951 1743 2182 1797 alterunt
2237 1743 2464 1812 quidem
2515 1742 2673 1796 tardo
2718 1742 2964 1811 ingenio,
3015 1739 3112 1794 sed
3142 1737 3330 1792 labore
3371 1743 3513 1790 stre-

272 1831 440 1898 ἁρῖὸν
457 1830 537 1894 δὲ,
559 1827 730 1896 εἶπεν,
749 1834 1072 1904 Ἀμφότεροι
1097 1833 1420 1896 ἀπόλλυσθε,
1443 1834 1525 1886 ὅτι
1549 1835 1614 1886 σὺ
1637 1833 1734 1903 μὲν
1754 1832 1840 1885 Θέ-
1877 1845 1916 1902 Β
1947 1849 1949 1855 ·

1838 1845 2159 1902 νηιιυιιηη
2222 1834 2458 1886 alterum
2525 1847 2659 1887 vero
2721 1833 2895 1902 proba
2960 1831 3148 1884 indole
3208 1837 3515 1893 naturaque

271 1917 400 1979 λων,
432 1919 492 1971 ου
526 1919 759 1994 δυνήσῃο
790 1923 853 1976 σὺ
879 1922 936 1977 δὲ
953 1923 1268 1992 δυνάμενος,
1291 1924 1351 1978 οὖ
1378 1922 1570 1985 θέλεις.

1949 1923 2212 1988 habilem,
2248 1924 2344 1979 sed
2374 1924 2613 1978 otiosum
2651 1940 2714 1980 ac
2739 1939 2984 1994 segnem,
3028 1921 3188 1976 dixit.
3221 1918 3383 1989 586
3407 1915 3518 1970 Vo-

271 2012 361 2064 bis
417 2012 688 2069 ambobus
731 2026 917 2071 actum
969 2027 1075 2083 est,
1138 2018 1348 2072 ideirco
1394 2017 1546 2086 quia,
1603 2023 1660 2068 tu
1717 2028 1843 2068 cum
1883 2016 2042 2079 velis,
2080 2032 2187 2070 non
2244 2018 2489 2086 poteris;
2533 2027 2591 2070 tu
2659 2025 2845 2071 autem
2913 2014 3009 2085 qui
3050 2013 3256 2076 valeas,
3291 2006 3516 2063 minimc

266 2119 377 2156 τιὸ.

354 2201 412 2251 Ὀ
443 2199 602 2262 αὐτὸς
627 2201 803 2269 ἔλεγε,
838 2202 1106 2271 μεγάλους
1137 2201 1216 2253 δεῖ
1257 2199 1555 2270 λαμϐάνειν
1614 2197 1839 2266 μισθοὺς

271 2289 530 2360 μαθητῶν
565 2293 688 2354 τοὺς
719 2291 1071 2354 διδασκάλους
1099 2308 1112 2322 ·
1139 2290 1290 2360 παρᾶ
1330 2290 1430 2360 μὲν
1462 2289 1570 2343 τῶν
1601 2287 1836 2355 εὐφυῶν.

265 2382 351 2432 ὅτι
404 2381 574 2433 πολλὰ
630 2382 956 2450 μανθάνουσι
982 2399 997 2413 ο
1037 2383 1192 2453 παρὰ
1234 2381 1291 2435 δὲ
1337 2381 1446 2435 τῶν
1503 2379 1711 2448 ἁφυῶν,
1758 2377 1840 2430 ὅτι

269 2472 442 2525 πολὺν
468 2473 636 2527 κόπον
663 2474 1011 2544 παρέχουσιν.

352 2647 414 2698 '0
443 2647 604 2710 αὐτὸς
633 2649 960 2719 ὲρωτηξέεὶς,
1007 2649 1058 2700 τί
1099 2649 1247 2718 αὑτῷ
1277 2649 1501 2716 γέγονεν
1529 2650 1590 2700 ἐκ
1625 2647 1840 2714 φιλοσο-

269 2737 420 2804 φίας,
454 2737 579 2808 ἔφη,
618 2738 692 2791 Τὸ
735 2740 1112 2802 ἀνεπιτάκτως
1158 2743 1350 2803 ποιεῖν,
1384 2737 1421 2792 ἃ
1447 2755 1589 2800 τινες
1633 2737 1722 2789 διὰ
1751 2736 1841 2788 τὸν

268 2830 336 2881 ὲκ
363 2828 474 2883 τῶν
501 2829 682 2900 νόμων
705 2830 869 2900 φόϐον
903 2829 1165 2886 ποιοῦσιν.

892 3008 1228 3063 Φιλιστίων.

412 3098 806 3169 Μαθημὰτων
824 3099 1092 3166 φρόντιζε
1126 3099 1386 3169 μᾶλλον,
1433 3102 1471 3166 ἢ
1506 3096 1838 3168 χρημάτων.

418 3169 493 3222 Τὰ
521 3168 946 3238 τὰρίμαθήμαΐ
965 3168 1205 3236 εὐπορεῖ
1230 3172 1302 3222 τὰ
1329 3171 1621 3238 χρήματα.

426 3239 523 3306 Ἐκ
561 3237 669 3290 τοῦ
708 3237 921 3292 παθεῖν
951 3240 1208 3306 γίνωσκε
1242 3236 1452 3292 καὶῇτὸ
1481 3236 1835 3305 συμπαθεῖν.

413 3305 522 3358 Καὶ
543 3306 641 3359 σοὶ
671 3308 779 3375 γὰρ
809 3305 1000 3370 ἄλλος
1028 3307 1485 3375 συμπαθήσεται
1515 3306 1738 3360 παθών.

421 3374 818 3444 Τὴᾼσπουδαῖα
840 3375 1064 3444 μελέτα
1089 3374 1185 3429 καὶ
1216 3378 1324 3428 τὸν
1344 3379 1550 3444 νόμον.

420 3442 564 3497 Ἐάν
590 3461 644 3496 τι
665 3442 1058 3512 παρηκμακὼς
1081 3442 1506 3515 μανθὰνῃςζμὴ
1524 3448 1841 3516 αἰσχύνου,

343 3558 561 3611 Βέλτιον
583 3558 688 3625 γὰρ
718 3558 960 3627 ὀψιμαθῆ
987 3559 1267 3612 καλεῖσθαι
1297 3559 1328 3629 ἢ
1359 3560 1563 3627 ἀμαθῆ.

344 3734 606 3800 Θεόκριτ.
641 3761 711 3774 --
743 3732 1031 3803 Θεόκριτος
1084 3733 1113 3784 ὁ
1171 3733 1300 3796 Χῖος
1357 3733 1562 3801 ἀφυοῦς
1615 3734 1841 3805 ποιητοῦ

268 3825 535 3895 ἀκρόασιν
559 3822 899 3893 ποιούμενος,
951 3823 1305 3892 ἐρωτώμενος
1334 3825 1426 3876 ὑπ’
1469 3824 1665 3893 αὐτοῦς,
1715 3826 1844 3879 ποῖά

271 3915 388 3966 ἐστι
416 3913 597 3978 καλῶς
624 3912 906 3984 εἰρημένα,
939 3911 1066 3982 ἔφη,
1101 3915 1168 3965 Ἀ
1197 3913 1520 3983 παρέλιπες.

346 4007 458 4060 Τοῦ
486 4005 692 4058 αὐτοῦ.
723 4034 794 4048 —
828 4003 887 4058 ὐ
921 4003 1019 4074 μὲν
1039 4004 1302 4072 γεωργὸς,
1324 4005 1423 4074 τὴν
1451 4007 1550 4075 γῆν
1570 4023 1581 4033 ·
1612 4009 1639 4059 ὁ
1671 4006 1725 4060 δὲ
1757 4025 1844 4075 ιρι.

270 4095 496 4160 λόσοφος
521 4094 619 4162 τὴν
650 4092 827 4163 ψυχὴν
859 4092 1138 4162 ὲξημεροῖ.

353 4185 454 4236 Ἐκ
487 4183 592 4236 τοῦ
610 4183 930 4251 Δημοκράτ.
949 4183 1237 4249 Ἰσοκράτ.
1272 4185 1366 4237 καὶ
1385 4185 1756 4250 Ἐπικτήτου.
1777 4216 1841 4224 -

267 4274 384 4343 Τῆς
415 4272 663 4336 παιδείας
693 4271 881 4342 ὥσπερ
909 4272 1112 4342 χρυσοῦ
1143 4273 1201 4325 τὸ
1230 4273 1390 4326 καλὸν
1417 4278 1473 4328 ἐν
1502 4277 1669 4328 παντὶ
1691 4276 1841 4346 τόπῳ

266 4365 472 4432 τίμιον.

341 4453 388 4484 ’⁸
419 4452 620 4521 Σοφίαν
666 4454 696 4506 ό
730 4453 950 4518 ἀσκῶν,
1011 4453 1320 4523 ἐπιστήμην
1375 4453 1475 4522 τὴν
1530 4453 1658 4523 περὶ
1706 4454 1839 4506 Θεοῦ

270 4545 449 4599 ἀσκεῖ.

2013 2191 2159 2245 Idem
2215 2191 2455 2254 dicebat,
2516 2191 2806 2260 magistros
2864 2206 2894 2245 a
2954 2189 3248 2258 discipulis
3306 2189 3512 2258 ingenti

1941 2283 2220 2353 stipendio
2263 2281 2550 2336 donaudos
2589 2297 2750 2337 esse:
2798 2283 2868 2336 ab
2895 2282 2964 2336 iis
2991 2283 3087 2351 qui
3117 2281 3266 2335 felici
3297 2281 3519 2350 ingenio

1941 2376 2053 2429 sint
2084 2389 2149 2428 ac
2181 2373 2429 2442 ingenui,
2474 2372 2622 2440 quod
2656 2374 2829 2427 multa
2878 2373 3128 2437 discant;
3169 2372 3238 2426 ab
3269 2370 3336 2424 iis
3384 2385 3520 2426 vero

1941 2464 2036 2532 qui
2077 2464 2231 2517 tardo
2252 2477 2315 2515 ac
2342 2461 2488 2525 rudi,
2519 2461 2667 2531 quod
2717 2462 2989 2516 molestia:
3033 2462 3333 2531 plurimum
3363 2460 3520 2517 exhi-

1944 2557 2127 2610 beant.
3211 2533 3224 2550 “

2009 2647 2157 2701 Idem
2208 2647 2615 2716 interrogatus,
2664 2645 2795 2718 quid
2841 2661 2909 2700 ex
2960 2645 3310 2714 philosophia
3355 2660 3509 2700 com-

1942 2739 2088 2794 modi
2111 2746 2257 2793 esset
2285 2746 2637 2802 consecutus,
2676 2737 2996 2808 respondit:
3039 2736 3110 2792 Ut
3141 2751 3172 2789 a
3200 2751 3284 2790 me
3316 2737 3432 2806 ipse
3455 2753 3519 2793 ac

1943 2830 2186 2900 injussus
2245 2828 2464 2895 faciam,
2521 2845 2644 2900 qua:
2703 2829 2794 2884 alii
2855 2828 3078 2899 quidam
3135 2829 3317 2899 legum
3367 2843 3518 2883 metu

1944 2929 2226 2991 prazstant.

2585 3011 2882 3066 Philistio».

1947 3103 2207 3176 yajorem
2238 3105 2530 3176 disciplinis
2574 3121 2758 3176 curam
2812 3105 3020 3176 adhibe,
3055 3120 3213 3173 quam
3248 3102 3517 3174 pecuniis:

1945 3173 2084 3244 Illam
2115 3173 2408 3244 disciplina:
2441 3174 2689 3244 pecunias
2724 3174 3088 3242 suppeditant.

1951 3241 2184 3297 Doleudo
2215 3241 2376 3297 etiam
2414 3241 2688 3295 cendolere
2716 3244 2921 3306 discito,

1865 3308 1908 3364 C
1939 3311 2078 3382 Nam
2110 3322 2160 3364 et
2192 3313 2332 3366 alius
2357 3314 2447 3382 tibi
2471 3311 2816 3373 condolescet,
2859 3313 2950 3380 qui
2999 3329 3111 3382 ipse
3136 3313 3275 3368 alias
3322 3313 3513 3370 doluit.

1946 3379 2074 3451 Qua:
2105 3392 2228 3434 sunt
2247 3385 2387 3435 seria
2423 3381 2688 3451 legemque
2710 3379 3007 3435 meditator.

1945 3448 2002 3503 Si
2031 3451 2158 3518 quid
2187 3453 2333 3521 eﬂ'eta
2359 3448 2487 3520 jam'
2521 3459 2679 3505 aetate
2700 3452 2965 3515 didiceris,
2989 3467 3093 3506 non
3119 3461 3168 3506 te
3197 3453 3409 3522 pudeat.

2016 3560 2244 3616 Praestat
2277 3562 2425 3614 enim
2457 3561 2670 3626 audire,
2709 3563 2804 3630 qui
2855 3577 2981 3616 sero
3035 3563 3320 3630 didiceris,
3352 3580 3517 3634 quam

1947 3651 2037 3718 qui
2070 3651 2326 3706 indoctus
2350 3653 2444 3705 sis.

2016 3738 2271 3792 Theocrit.
2300 3768 2369 3779 ——
2401 3737 2730 3792 Theocritus
2750 3738 2922 3794 Chius
2957 3740 3148 3795 audito
3203 3742 3327 3796 rudi
3356 3752 3518 3812 poeta

1943 3837 1998 3884 et
2033 3827 2294 3896 illepido,
2344 3835 2702 3897 percontante
2749 3827 2892 3882 illo:
2944 3829 3202 3896 Quantam
3257 3833 3394 3887 scite
3453 3851 3517 3889 ac

1942 3920 2221 3986 eleganter
2255 3919 2401 3972 dicta
2453 3926 2676 3971 essent:
2715 3917 2814 3981 Ea,
2865 3917 3066 3988 inquit,
3105 3936 3226 3988 quae
3259 3921 3512 3978 omisisti.

2013 4009 2285 4078 Ejusdem.
2313 4007 2658 4078 -—Agrieola
2709 4015 2931 4072 terram,
2981 4009 3342 4081 philosophus
3389 4014 3512 4067 ani-

1943 4117 2090 4154 mum
2119 4100 2339 4154 excolit.

2011 4191 2095 4244 Ea:
2136 4191 2462 4245 .Democratis
2490 4191 2582 4262 (al.
2619 4191 2975 4261 Demonact.).
3032 4191 3254 4247 Isorrat.
3301 4202 3350 4247 ct
3382 4192 3516 4264 Epi-

1942 4286 2060 4336 cteti
2090 4285 2379 4345 sententiis.
2407 4313 2476 4322 —
2499 4283 2775 4349 Scientiaz,
2818 4285 2961 4338 sicut
2989 4285 3130 4350 auri,
3154 4301 3349 4355 magna
3390 4289 3518 4341 ubi-

1941 4389 2046 4441 que
2069 4373 2400 4443 existimatio
2428 4383 2532 4430 est.

2012 4464 2083 4526 ls,
2113 4464 2206 4532 qui
2246 4464 2572 4532 sapientiam
2620 4465 2774 4530 colit,
2818 4482 2938 4520 eam
2968 4483 3091 4536 quae
3143 4467 3211 4522 de
3264 4469 3377 4523 Deo
3409 4479 3516 4528 est.

1941 4551 2226 4605 scientiam
2257 4552 2408 4605 colit.

348 4633 462 4687 Τοῦ
481 4633 764 4687 αἰιτοῦ.-
784 4634 946 4687 Οὐδὲν
981 4637 1036 4687 ἐν
1085 4632 1243 4697 ζώοις
1312 4635 1601 4688 κάλλιστόν
1651 4638 1836 4698 ἐστιν,
1873 4628 1914 4681 Β
2014 4639 2025 4692 1

1873 4628 1914 4681 [δ
2014 4639 2288 4708 Ejusdem.
2319 4670 2388 4678 —
2422 4639 2642 4694 Nullum
2671 4651 2756 4694 est
2787 4641 2926 4696 adeo
2966 4642 3256 4711 pulchrum
3291 4644 3515 4708 anitnal,

272 4726 348 4788 ὠς
393 4724 678 4796 ἄνθρωπος
716 4724 934 4795 παιδείᾳ
959 4725 1391 4795 κεκοσμημένος.

353 4817 723 4883 ’Λριστοτ.-
739 4815 872 4878 Ταῖς
901 4816 999 4886 μὲν
1028 4815 1213 4868 πόλεσι
1235 4815 1305 4868 τὰ
1318 4815 1496 4885 τείχη,
1518 4818 1634 4878 ταῖς
1658 4815 1715 4868 δὲ
1743 4815 1844 4881 ψυ-

274 4909 398 4977 χαῖς
442 4908 472 4958 ό
519 4907 584 4958 ὲκ
646 4905 899 4968 παιδείας
946 4905 1102 4971 νοῦς,
1149 4906 1352 4978 κόσμον
1402 4906 1496 4958 καὶ
1545 4906 1846 4974 ἀσφάλειαν

276 4999 600 5066 παρέχεται.

343 5086 656 5156 Δημοκρίτ.
693 5087 738 5119 ²⁹
760 5115 835 5132 --
865 5087 1167 5140 Νεανίσκου
1214 5089 1272 5140 ἐν
1305 5087 1517 5158 Θεάτρῳ
1556 5089 1845 5159 ἐναϐρυνο-

278 5180 466 5248 μένου,
511 5179 606 5233 καὶ
644 5177 896 5246 λέγοντος
933 5178 1095 5246 σοφὸν
1133 5171 1295 5243 εἶναι,
1339 5178 1554 5242 πολλοῖς
1580 5179 1844 5249 ὁμιλήσας

279 5271 499 5337 σοφοῖς,
542 5265 661 5322 εῐπέ
717 5287 820 5334 τις,
867 5271 1037 5339 Κάγὼ
1095 5270 1308 5333 πολλοῖς
1355 5271 1669 5335 πλουσίοις,
1712 5271 1846 5325 ἀλλὰ

278 5359 534 5422 πλούσιος
553 5361 652 5411 οὐκ
682 5361 813 5429 εἰμί.

1944 4738 2004 4782 ut
2038 4729 2204 4783 homo
2229 4730 2433 4784 litteris
2462 4746 2526 4784 ac
2559 4731 2870 4787 eruditione
2910 4743 3160 4788 ornatus.

2012 4821 2229 4873 Aristot.
2261 4849 2330 4859 —
2357 4819 2602 4875 Urbibus
2628 4823 2855 4891 quidem
2905 4825 3129 4890 mmnia,
3168 4826 3370 4880 animis
3421 4841 3519 4881 au-

1942 4917 2073 4970 tem,
2105 4924 2259 4962 meus
2292 4924 2358 4962 ex
2415 4895 2724 4979 disciplinis
2770 4913 2986 4967 exculta
3025 4914 3196 4969 decus
3227 4925 3285 4970 et
3340 4915 3520 4970 muni-

1940 5009 2184 5053 mentum
2214 5008 2457 5066 prtestat.

2015 5085 2290 5138 Democrit.
2325 5116 2394 5124 —
2421 5085 2556 5140 Cum
2583 5087 2802 5156 juvenis
2833 5089 2888 5142 iu
2927 5090 3140 5144 theatro
3167 5093 3515 5160 gloriaretur,

1942 5185 1997 5230 et
2045 5176 2348 5246 sapientem
2397 5192 2454 5231 se
2501 5178 2846 5246 prmdiearet,
2907 5189 2966 5234 ut
3018 5181 3112 5249 qui
3155 5198 3281 5236 eum
3333 5183 3520 5238 multis

1943 5267 2284 5335 sapientibus
2350 5276 2598 5322 versatus
2655 5279 2824 5334 esset,
2897 5273 3186 5338 respondit
3241 5273 3514 5342 quidam:

1942 5357 2056 5426 Ego
2083 5360 2248 5410 etiam
2272 5373 2395 5411 cmn
2427 5358 2615 5412 multis
2655 5359 2924 5414 divitibus
2963 5368 3240 5420 versatus.
3268 5377 3376 5416 non
3431 5370 3516 5416 ta-

1946 5463 2071 5502 men
2106 5449 2257 5503 dives
2293 5465 2432 5502 sum.

1537 5562 1768 5618 VARIAS
1803 5563 2209 5620 LECTIONES.

315 5658 391 5753 "’
417 5656 720 5782 ln‘j'llclissa
763 5661 883 5716 aliis
914 5661 1194 5718 Theocriti
1233 5661 1557 5732 subjectum.

315 5743 442 5782 ηδτου
525 5743 640 5781 esn.

283 5743 442 5782 αυτου
477 5743 640 5782 UCSII.

1636 5662 1679 5693 ³⁸
1714 5661 1825 5715 Bal.
1855 5661 1947 5715 τοῦ
1976 5660 2159 5726 αἰτοῦ,
2197 5660 2248 5714 id
2279 5671 2360 5716 est
2399 5661 2832 5726 Delttoct'alis,tlt
2870 5671 2925 5714 et
2953 5660 3252 5730 sequentia.
3330 5662 3372 5692 ²⁹
3407 5659 3512 5714 Τοῦ
