4246 6438
784 355 886 419 82⁸7

788 552 932 605 inter
961 567 1052 605 eos
1081 553 1172 618 qui
1206 552 1464 604 ineruditi
1493 563 1619 604 sunt
1649 568 1933 609 sermones
1970 558 2241 619 conferre,
2274 557 2350 609 uti

786 657 963 707 neque
992 639 1234 693 sobrium
1269 641 1411 694 inter
1449 641 1644 693 ebrios.

858 729 1129 797 Ejusdem.
1152 759 1221 767 —
1246 729 1393 782 Idem
1429 730 1682 783 dicebat:
1732 733 1867 785 Eum
1900 734 1993 801 qui
2042 735 2353 804 disciplinis

789 819 1116 882 instituitur,
1154 818 1331 871 tribus
1366 818 1453 870 his
1474 834 1659 889 egere,
1713 820 1922 875 scilicet
1970 824 2153 892 genio,
2186 839 2352 879 exer-

787 909 1050 961 citatione
1079 924 1142 962 ac
1176 919 1442 976 tempore.

856 999 1178 1069 ()Euopides.
1218 1032 1287 1040 —-
1329 1000 1663 1070 (Enopides,
1718 1004 1836 1058 viso
1890 1006 2092 1075 juvene
2149 1008 2355 1062 multos

788 1090 961 1145 libros
998 1092 1253 1154 habente,
1301 1106 1604 1161 eorumque
1661 1093 1767 1147 sibi
1823 1095 2037 1165 cepiam
2085 1105 2333 1164 parante:

787 1177 904 1230 l‘ion
928 1194 1088 1243 arcae,
1124 1179 1323 1248 inquit,
1357 1181 1453 1234 sed
1485 1182 1718 1249 pectori.

856 1268 1002 1320 Idem
1055 1268 1294 1331 dicebat,
1353 1269 1523 1323 libros
1573 1286 1766 1324 eorum
1817 1273 1912 1339 qui
1957 1272 2107 1327 docti
2167 1284 2354 1329 essent

786 1359 1205 1412 commentarios
1233 1373 1387 1423 esse;
1422 1374 1614 1414 eorum
1645 1377 1775 1415 vero
1802 1363 1897 1431 qui
1925 1364 2153 1429 indocti,
2179 1366 2355 1419 moni—

786 1449 991 1494 menta.

856 1529 1002 1583 Idem
1037 1531 1255 1587 dicebat
1281 1543 1517 1590 mentem
1561 1538 1778 1607 genium
1803 1554 1946 1606 esse,
1969 1540 2130 1610 587
2162 1544 2350 1598 erudi-

787 1619 856 1671 tis
894 1621 1116 1688 quidem
1163 1624 1434 1680 bonorum
1483 1638 1799 1694 auctorem;
1853 1631 2145 1686 ineruditis
2196 1648 2352 1699 vero,

786 1708 1074 1765 malorum.

1922 359 1979 414 S.
2027 358 2212 416 MAXI
2226 358 2306 415 Ml
2347 357 2770 415 CONFESSOII
2786 360 2849 414 IS

857 463 1003 516 Ideni
1039 462 1115 514 ait
1147 461 1523 529 lmuquuum
1554 477 1693 525 esse,
1722 477 1845 516 cum
1878 465 1972 533 qui
1997 466 2069 519 sit
2096 466 2346 519 eruditus
2381 472 2417 522 Α

3913 355 4017 413 8λὸ

2529 467 2586 517 Ὁ
2614 467 2773 527 αὐτὸς
2817 465 2939 535 ἔφη,
2983 467 3042 517 οὐ
3086 466 3244 518 καλὸν
3289 462 3721 530 πεπαιδευμένον
3755 462 3812 511 ὲν
3850 462 4013 511 ἁπαι-

2450 556 3025 623 δεύτοιςδιαλέγεσοαι.
3055 558 3240 627 ῶσπερ
3266 555 3383 607 οὐδὲ
3418 556 3655 623 νήφοντα
3706 551 4015 620 μεθύουσιν.

2522 734 2632 786 Τοῦ
2660 733 2845 786 αὐτοῦ
2866 733 2931 785 ³⁸.
2968 763 3037 771 -
3074 733 3134 783 Ὀ
3157 731 3314 792 αὐτὸς
3346 730 3551 797 ἐλεγεν,
3600 728 3684 779 ὃτι
3717 727 3745 777 6
3769 724 4022 777 παιδευό-

2454 841 2613 893 μενος
2668 822 2838 892 τριῶν
2896 822 3101 875 τούτων
3153 821 3382 891 χρῄζει,
3432 820 3650 890 φύσεως
3680 856 3696 880 ,
3764 816 4020 885 μελέτης,

2453 934 2483 984 χ
2490 915 2643 981 ρόνου
2651 954 2664 967 .

2527 1004 2790 1056 Οἰνοπίδ.
2850 1034 2916 1044 --
2965 1001 3252 1070 Οἰνοπίδης
3307 1001 3446 1073 δρῶν
3504 1000 3787 1067 μειράκιον
3851 994 4025 1045 πολλὰ

2455 1093 2633 1162 βιϐλία
2688 1092 2988 1163 κτώμενον,
3047 1093 3171 1161 ἔφη,
3223 1090 3315 1161 Μὴ
3372 1093 3440 1160 τῇ
3490 1087 3711 1155 κιϐωτῷ
3768 1086 3905 1140 ἀλλὰ
3945 1083 4025 1151 τῷ

2454 1184 2659 1254 στήθει.

2534 1275 2593 1327 Ὀ
2628 1274 2788 1337 αὐτὸς
2816 1274 2989 1341 ἔλεγε,
3023 1272 3091 1325 τὰ
3116 1272 3313 1342 βιϐλία,
3340 1270 3450 1322 τῶν
3492 1269 3591 1337 μὲν
3625 1265 4025 1336 μεμαθηκότων

2453 1366 2821 1434 ὑπομνήματα
2856 1358 3019 1428 εἶναι,
3042 1364 3151 1416 τῶν
3174 1361 3232 1414 δὲ
3264 1359 3493 1430 ἀμαθῶν
3514 1359 3797 1428 μνήματα.

2538 1540 2596 1590 Ὀ
2642 1538 2803 1600 αὺτδς
2858 1532 3018 1600 εἷπε,
3088 1534 3181 1586 τὸν
3246 1532 3369 1588 νοῦν
3430 1528 3717 1599 παραίτιον
3771 1524 4023 1592 δαίμονα,

2452 1632 2562 1691 τοῖς
2594 1630 2691 1698 μὲν
2717 1628 3168 1696 πεπαιδευμένοις
3187 1663 3204 1691 ,
3242 1623 3494 1692 ἀγαθῶνο
3527 1622 3642 1680 τοῖς
3671 1618 3725 1672 ἃ
3759 1613 4027 1669 ’ἀπαιδεύ-

2453 1736 2585 1784 τοις,
2611 1719 2797 1771 κακῶν
2818 1714 2977 1771 εἶναι.

854 1798 1062 1854 Socrat.
1103 1805 1472 1869 —_Socrates
1532 1807 1897 1877 philosophus
1956 1811 2346 1880 interrogatus,
2382 1784 2423 1837 Β
2529 1856 2531 1860 Α

2382 1784 2423 1837 Β
2529 1808 2784 1876 Σωκράτ.
2820 1838 2891 1849 --
2918 1806 3210 1875 Σωκράτης
3238 1805 3267 1856 6
3294 1803 3582 1871 φιλόσοφος
3622 1795 3938 1868 ἐρωτηθεὶς,
3958 1792 4027 1843 Τί

785 1889 1046 1953 quidnam
1081 1893 1135 1945 in
1176 1894 1762 1965 vitajucundissimum
1810 1910 1975 1965 esset,
2013 1903 2300 1969 respondit
2342 1924 2356 1959 :

786 1976 1039 2031 Eruditio
1066 1990 1122 2034 et
1152 1984 1347 2048 virtus,
1400 2001 1695 2054 rerumque
1726 1988 2035 2057 ignotarum
2080 1991 2354 2049 lustratio.

858 2066 1049 2134 Stilpo.
1081 2098 1149 2108 -—
1180 2069 1354 2139 Stilpo
1406 2071 1708 2141 Mcgaricus
1754 2075 2139 2143 philosophus,
2198 2088 2355 2147 capta

784 2156 958 2222 patria
985 2173 1049 2211 ac
1095 2158 1308 2228 direpta
1350 2176 1379 2213 a
1423 2162 1698 2217 Demetrio
1750 2172 2000 2234 tyranno,
2044 2167 2247 2222 ductus
2284 2169 2351 2222 ad

785 2260 991 2314 regem,
1030 2248 1179 2301 etab
1216 2264 1283 2302 eo
1312 2250 1702 2321 interrogatus,
1738 2270 1869 2307 num
1909 2258 2103 2326 etipse
2137 2260 2350 2327 aliquid

784 2335 1093 2388 amisisset?
1141 2336 1364 2401 Eorum,
1420 2339 1618 2408 inquit,
1654 2358 1777 2411 qua:
1824 2359 1943 2397 mea
1992 2355 2141 2409 sunt,
2174 2347 2347 2412 nihil;

780 2425 987 2478 etenim
1039 2425 1345 2480 doctrinam
1395 2428 1573 2483 habeo
1606 2439 1661 2483 et
1691 2431 2096 2496 eruditionem;
2139 2434 2348 2502 reliqua

781 2528 935 2577 vero,
967 2513 1098 2581 quid
1122 2522 1207 2567 est
1231 2530 1331 2567 cur
1359 2516 1542 2585 potius
1584 2532 1728 2581 mea,
1760 2534 1923 2587 quam
1972 2520 2346 2575 obsidentium

780 2601 1017 2655 ducam?

850 2699 999 2753 Idem
1022 2714 1147 2753 cum
1188 2716 1218 2754 a
1264 2700 1542 2757 Demetrio
1586 2702 1799 2773 direpta
1831 2705 1965 2759 urbe
2000 2705 2080 2759 sic
2122 2722 2345 2776 rogare-

782 2797 907 2843 tur:
942 2789 1080 2843 Num
1125 2792 1255 2859 quid
1308 2801 1523 2846 tuarum
1567 2809 1749 2848 rerum
1799 2796 1895 2849 tibi
1948 2797 2191 2851 ablatum
2238 2808 2342 2863 est,

783 2880 998 2949 Stilpo?
1028 2881 1198 2946 Nihil,
1231 2881 1429 2950 inquit.

852 2970 970 3024 Non
1001 2981 1247 3025 armenta
1278 2972 1412 3026 mihi
1446 2973 1738 3043 quisquam
1771 2990 1890 3029 mea
1914 2977 2119 3046 abegit,
2148 2993 2346 3048 equos-

781 3077 882 3123 ve;
914 3072 970 3116 et
990 3063 1196 3131 alioqui
1228 3065 1443 3118 nullum
1495 3066 1608 3120 vidi
1646 3067 1906 3133 militum,
1939 3069 2035 3139 qui
2078 3070 2343 3125 virtutem

784 3152 1028 3206 humeris
1052 3153 1326 3207 sublatam
1356 3154 1620 3209 auferret.

852 3240 1041 3294 Lusus.
1071 3272 1140 3281 —
1166 3241 1339 3297 Lasus
1369 3243 1707 3299 Hermeneus
1750 3244 2140 3315 interrogatus,
2183 3248 2349 3316 quid-

782 3347 906 3384 nam
934 3332 1401 3400 sapientissimnm
1436 3343 1615 3389 esset:
1651 3335 2024 3405 Experientia,
2056 3338 2255 3408 inquit.

853 3422 1023 3485 Idem,
1053 3421 1270 3476 dicente
1299 3424 1347 3476 ei
1384 3422 1508 3477 rudi
1539 3424 1677 3478 artis
1700 3425 1907 3492 pictore
1930 3445 1942 3477 :
1965 3425 2143 3494 Opere
2177 3436 2352 3481 tecto-

785 3508 869 3561 rio
906 3508 1055 3562 illine
1087 3509 1309 3562 domum
1344 3518 1517 3571 tuam,
1558 3520 1618 3564 ut
1652 3527 1771 3565 eam
1821 3512 2076 3581 pingam:
2128 3513 2353 3569 Minime

783 3602 880 3663 ait,
916 3599 1013 3654 sed
1042 3609 1099 3653 tu
1126 3616 1245 3654 eam
1274 3601 1429 3671 prius
1458 3603 1643 3672 pinge,
1681 3610 1742 3655 ut
1786 3612 1975 3672 postea
2006 3603 2237 3659 illinam.

857 3776 1137 3848 Protagor.
1167 3808 1237 3817 —
1264 3778 1612 3847 Protagoras,
1644 3793 1747 3833 nec
1768 3788 1941 3833 artem
1978 3780 2097 3835 sine
2142 3781 2356 3833 exerci-

2458 1901 2669 1970 ἦδιστον
2700 1902 2758 1952 ὲν
2790 1900 2868 1968 τῷ
2892 1899 3008 1968 βίῳς
3038 1897 3163 1964 ἔφη,
3193 1894 3415 1947 Παιδεία
3443 1892 3537 1944 καὶ
3567 1889 3739 1959 ἀρετὴ
3767 1888 3859 1940 καὶ
3886 1887 4029 1936 ἱστο-

2457 1992 2547 2060 ρία
2568 1990 2675 2044 τῶν
2698 1987 3094 2059 ἀγνοουμένων.

2524 2082 2815 2133 Στίλπων.
2852 2110 2923 2119 -
2963 2080 3208 2131 Στίλπων
3267 2079 3295 2130 6
3348 2072 3665 2143 Μεγαρικὸς
3715 2068 4024 2136 φιλόσοφος.

2454 2169 2685 2238 ἀλούσης
2740 2171 2902 2223 αὑτοῦ
2948 2174 3044 2239 τῆς
3098 2170 3353 2239 πατρίδσνις
3405 2168 3507 2217 ὑπὸ
3559 2159 3870 2231 Δημητρίου
3935 2173 4025 2207 του

2450 2262 2712 2332 τυράννου
2728 2262 2822 2311 καὶ
2844 2260 3260 2328 διαρπαγείσης,
3284 2254 3537 2325 ἀναχθεὶς
3559 2253 3652 2303 ἐπὶ
3666 2251 3755 2301 τὸν
3781 2247 4025 2317 βασιλέα,

2450 2355 2544 2407 καὶ
2573 2352 2945 2423 ἐρωτώμενος,
2988 2352 3113 2403 εἴτι
3142 2349 3208 2419 δὴ
3230 2348 3393 2410 αὐτὸς
3423 2344 3673 2400 ἀπώλεσε
3695 2380 3711 2405 ,
3734 2340 3855 2392 Τῶν
3882 2337 4028 2407 ἐμῶν

2451 2444 2548 2512 μὲν
2574 2442 2746 2505 οὐδὲν,
2779 2441 2880 2509 ἔφη
2905 2455 2917 2467 '
2941 2441 3031 2492 τὸν
3059 2440 3167 2509 γὰρ
3186 2438 3342 2505 λόγον
3364 2437 3457 2488 καὶ
3484 2435 3583 2502 τὴν
3609 2430 3856 2483 παιδείαν
3884 2428 3993 2496 ἔχω
4012 2442 4026 2456 ·

2446 2531 2514 2583 τὰ
2546 2530 2604 2581 δὲ
2643 2528 2827 2591 λοιπὰ,
2880 2526 3019 2580 διατί
3054 2525 3253 2595 μᾶλλον
3297 2523 3427 2593 ὲμὰ,
3462 2522 3495 2590 ἦ
3526 2520 3647 2589 οὐχὶ
3668 2518 3777 2571 τῶν
3807 2514 4030 2585 πολιορ-

2447 2619 2685 2674 κούντων
2704 2636 2719 2684 ;

2531 2712 2590 2765 Ὀ
2619 2710 2786 2782 αὐτὸς
2838 2706 3136 2781 ἐρωτηθεὶς
3185 2707 3285 2774 τῆς
3326 2706 3533 2765 πόλεως
3587 2700 3752 2756 αὐτοῦ
3799 2700 4032 2769 διαρπα-

2447 2801 2683 2871 ζομένης
2707 2800 2811 2854 ὑπὸ
2840 2800 3175 2870 Δημητρίου,
3217 2799 3309 2868 Μὴ
3334 2798 3427 2849 καὶ
3456 2796 3565 2847 τῶν
3602 2794 3732 2856 σῶν,
3760 2792 4031 2853 Στίλπων,

2444 2890 2499 2941 τὶ
2525 2890 2873 2957 ἁφαιρεῖται;
2907 2883 3077 2951 εἶπεν,
3110 2886 3295 2938 Οὐδέν.

2518 2983 2591 3034 Οὐ
2652 2980 2759 3051 γὰρ
2820 2977 3025 3031 πώποτ’
3082 2976 3221 3046 ἐμὰς
3270 2974 3394 3044 βοῦς
3454 2975 3683 3044 ἤλασαν,
3759 2972 3880 3025 οὐδὲ
3932 2970 4035 3039 μὲν

2448 3078 2684 3128 ῖππους’
2735 3062 2910 3124 ἄλλως
2953 3078 3013 3115 τε
3058 3062 3138 3124 δὲ,
3195 3060 3385 3113 οὐδένα
3434 3057 3782 3129 στρατιωτῶν
3830 3056 4037 3125 ἀρετὴν

2450 3155 2535 3206 ἐπ’
2566 3150 2731 3219 ὤμων
2763 3148 3068 3219 ἐκφέροντα
3102 3144 3263 3201 εἶδον.

2519 3241 2741 3305 Λᾶσος.
2763 3269 2832 3279 -
2863 3239 3037 3299 Δάσος
3073 3237 3100 3288 6
3145 3234 3449 3304 Ἐρμηνεὺς
3494 3234 3556 3300 (t)
3589 3228 3887 3302 ἐρωτηθεὶς
3930 3226 4038 3281 ὑπό

2450 3348 2615 3393 τινος,
2654 3331 2706 3381 τί
2734 3329 2820 3398 εἴη
2845 3327 3176 3395 σοφώτατον,
3203 3328 3396 3393 Πεῖρα,
3420 3324 3543 3391 ἔφη.

2531 3422 2589 3473 ’0
2619 3421 2800 3482 αὐτὸς,
2822 3418 3032 3486 ἀφυοῦς
3053 3417 3349 3485 ζωγράφου
3374 3416 3620 3481 λέγοντος
3647 3411 3817 3479 αὐτῷ,
3840 3410 4034 3462 Κονία-

2456 3514 2546 3564 σόν
2600 3528 2693 3563 σου
2742 3510 2839 3577 τὴν
2890 3508 3085 3569 οἰκίαν,
3138 3507 3225 3558 ἵνα
3274 3505 3442 3574 αὐτὴν
3486 3501 3859 3572 ζωγραφήσω,
3907 3500 4035 3567 ἔφη,

2454 3600 2749 3669 Οῦμενουν,
2787 3597 2916 3650 ἀλλὰ
2946 3596 3209 3665 πρότερον
3256 3595 3424 3661 αὐτὴν
3492 3592 3892 3661 ζωγράφησον,
3950 3590 4037 3640 ἵνα

2460 3690 2596 3762 μετὰ
2632 3689 2804 3743 ταῦτα
2833 3687 2945 3754 ἐγὼ
2982 3686 3153 3755 αὐτὴν
3181 3686 3437 3739 κονιάσω.

2527 3786 2777 3850 Προταγ.
2803 3810 2876 3819 —
2900 3777 3251 3847 Προταγόρας
3285 3776 3459 3841 ἔλεγε,
3500 3774 3668 3844 μηδὲν
3708 3765 3869 3833 εἶναι,
3901 3770 4039 3838 μήτε

789 3868 1018 3931 talione,
1056 3884 1159 3923 nec
1194 3868 1649 3924 exercitationem
1694 3871 1812 3923 sine
1841 3878 1956 3925 arte
1994 3870 2201 3941 aliquid
2236 3886 2358 3926 esse
2457 3889 2466 3906 ι

2254 3886 2358 3926 :sse
2457 3871 2798 3941 τέχνηνᾶνευ
2836 3868 3085 3937 μελέτης,
3115 3867 3251 3935 μήτε
3285 3863 3513 3935 μελέτην
3558 3863 3685 3917 ἄνευ
3713 3861 3931 3929 τέχνης.

789 3957 1029 4012 dicebat.

861 4050 1100 4119 Epicuri.
1136 4081 1206 4089 —
1238 4051 1358 4105 Non
1392 4052 1579 4121 specie
1608 4061 1768 4106 tenus
1800 4066 1864 4107 ac
1891 4052 2146 4107 simulate
2172 4068 2362 4121 capes-

2545 4046 2843 4111 Ἐπικούρ.
2862 4042 3017 4095 -Οὒ
3036 4039 3447 4110 προσποιεῖσθαι
3464 4039 3544 4090 δεῖ
3567 4036 3899 4105 φιλοσοφεῖν,
3926 4034 4039 4085 ἀλλ’

792 4140 963 4195 senda
1006 4140 1380 4211 philosophia,
1424 4142 1522 4197 sed
1564 4158 1716 4197 vere.
1766 4143 1887 4197 Non
1939 4143 2089 4197 enim
2138 4159 2363 4199 necesse
2463 4142 2469 4189 λ

2362 4184 2363 4190 η
2463 4140 2629 4201 ὅντως
2651 4138 2981 4207 φιλοσοφεῖν.
3047 4133 3121 4184 Οὐ
3160 4131 3268 4197 γὰρ
3298 4126 3676 4211 προσδεόμεθα
3723 4123 3819 4177 τοῦ
3865 4123 4039 4176 δοκεῖν

794 4227 1065 4283 habemus
1117 4239 1177 4283 ut
1208 4230 1393 4285 valere
1437 4230 1744 4298 videamur,
1793 4232 1888 4287 sed
1940 4240 2000 4286 ut
2040 4232 2220 4302 reipsa
2262 4250 2359 4287 va-

795 4318 1023 4373 leamus.

2467 4230 2751 4292 ὑνιαίνειν,
2776 4224 2915 4278 ἀλλὰ
2937 4222 3031 4275 τοῦ
3067 4220 3184 4274 κατ’
3207 4207 3465 4288 ἀλήῦειαν
3501 4215 3785 4283 ὑγιαίνειν.

866 4409 1176 4461 Denwnact.
1202 4437 1273 4448 -—
1304 4409 1449 4463 Idem
1488 4411 1876 4481 interrogatus,
1922 4413 2048 4480 quis
2079 4414 2197 4482 ejus
2224 4429 2364 4481 praz-
2399 4433 2442 4486 ι)
2539 4454 2543 4465 .

2363 4433 2442 4486 ιι)
2539 4412 2877 4480 Δημώνακτ.
2920 4437 2989 4448 -
3029 4407 3088 4459 ’0
3142 4405 3301 4465 αὐτὸς
3362 4401 3691 4472 ἐρωτηθεὶς,
3743 4400 3827 4462 τίς
3878 4399 4040 4453 αὐτοῦ

796 4510 989 4567 ceptor
1025 4500 1333 4554 exstiterit:
1373 4500 1817 4566 Atheniensium,
1857 4504 2055 4571 inquit,
2092 4504 2366 4567 tribunal;

799 4603 994 4656 nempe
1025 4589 1263 4642 obscure
1311 4589 1645 4658 signiﬁcans,
1682 4606 1865 4644 rerum
1915 4593 2369 4661 negotiorumque

799 4679 1236 4746 experientiam,
1303 4680 1452 4733 omni
1523 4681 1824 4751 sophistica
1888 4683 2179 4751 disciplina
2245 4698 2367 4738 esse

805 4768 1255 4835 praestantiorem.

2474 4501 2789 4562 διδάσκαλος
2845 4497 3081 4566 γεγονὼς
3139 4496 3246 4563 εἴη,
3268 4493 3343 4545 Τὸ
3396 4491 3504 4544 τῶν
3555 4490 3876 4558 Ἀθηναίων,
3913 4489 4039 4557 ἔφη,

2476 4593 2648 4663 βῆμα,
2689 4590 2965 4660 ἐμφαίνων
2998 4590 3080 4641 ὅτι
3120 4587 3155 4655 ἡ
3190 4585 3278 4637 διὰ
3306 4583 3416 4635 τῶν
3464 4581 3805 4651 πραγμάτων
3844 4582 4041 4649 ἐμπει-

2476 4686 2589 4755 ρία,
2622 4684 2883 4755 κρείττων
2921 4679 3101 4749 πάσης
3155 4674 3472 4746 σοφιστικῆς
3500 4671 3849 4735 διδασκαλίας
3877 4670 4039 4727 ἐστίν.

2075 4880 2311 4937 νΑῐὶΙιΕ
2350 4879 2759 4938 ιιΕετιοΝεε.

880 4950 923 4982 ³⁸
946 4949 1032 5005 Al.
1062 4950 1337 5021 Δημάδης.

2321 5039 2550 5096 NOTAE.

885 5135 973 5202 (ι)
1012 5133 1207 5199 Λᾶσος
1234 5136 1269 5187 ὁ
1311 5134 1654 5203 Ἐρμηνεύς.
1674 5133 1778 5203 δίο
1805 5134 1969 5187 etiam
1995 5134 2187 5188 habuit
2206 5133 2370 5187 Gesn.

811 5204 1191 5273 expressitque
1246 5204 1300 5257 in
1332 5202 1583 5257 versione
1633 5202 1975 5261 Hermeneus.
2013 5204 2115 5257 etsi
2171 5219 2233 5257 ea
2269 5219 2374 5255 vox

817 5272 893 5325 illi
922 5274 975 5326 in
1013 5272 1215 5326 (Sunucis
1242 5273 1466 5326 excidit.
1487 5273 1841 5327 Emendatius
1868 5273 2023 5326 Snid.
2052 5274 2226 5334 Λάσος
2257 5274 2371 5324 Χα·

2482 5148 2624 5204 unus
2658 5147 2704 5204 e_
2721 5141 2930 5204 septem
2955 5130 3297 5204 sapientibus
3312 5127 3885 5204 _nonnullis__habitus,
3917 5125 4044 5204 _l_oco

2482 5196 2800 5275 Pituandri;
2828 5201 2953 5275 Sive
2997 5196 3126 5271 ergo
3157 5201 3402 5275 Ἑρμήνη
3455 5200 3569 5251 sive
3603 5197 3842 5275 Ἐρμονη
3899 5196 4043 5275 dicta

2479 5280 2563 5323 est
2586 5273 2706 5341 ejus
2741 5272 2956 5341 civitas,
2982 5264 3417 5341 pafronyhiicum
3436 5275 3539 5330 est,
3562 5264 3708 5335 quod
3732 5266 3925 5341 _§ic_ex.
3957 5264 4043 5314 illa

817 5342 1035 5411 ﬁpivou,
1066 5342 1407 5409 Ἑρμιονεὺς,
1438 5342 1646 5403 πόλεως
1667 5344 1765 5411 τῆς
1795 5341 2036 5409 Ἀχαΐας,
2065 5333 2229 5395 Lusus
2246 5341 2385 5394 Cha-
2484 5356 2494 5379 η

2364 5371 2385 5380 -
2484 5341 2566 5392 vel
2596 5333 2632 5393 εἰ
2667 5340 2833 5411 Suida
2852 5341 2935 5411 vel
2967 5333 3000 5392 εἱ
3028 5333 3523 5411 Maxiiuo‘vocat‘tis
3568 5333 3671 5411 est.
3731 5333 3885 5388 Facit
3910 5346 4041 5411 cum

819 5409 957 5462 brini
994 5410 1051 5463 Ρ.
1104 5411 1492 5463 Hermionensis
1543 5426 1606 5463 ea:
1644 5409 1925 5464 Hermione
1974 5412 2099 5464 urbe
2145 5412 2385 5472 Arltaia’;

822 5494 987 5547 quem
1039 5480 1478 5545 antiquissimum
1532 5490 1800 5532 memorat
1840 5481 1985 5534 circa
2036 5481 2149 5533 VIII
2181 5482 2379 5547 olymp.

2485 5409 2651 5461 Suida
2683 5420 2738 5462 et
2761 5409 3090 5479 Stephanus,
3120 5407 3225 5479 qui
3258 5406 3393 5479 ipse
3455 5405 3721 5479 Ἐρμόνην
3765 5410 3946 5479 vocat,
3979 5411 4042 5479 ει

2485 5479 2748 5529 rationem
2783 5468 3182 5546 appellationis,
3225 5468 3340 5530 sive
3369 5468 3610 5546 etymum
3643 5468 3824 5531 all'crt.
3873 5478 3934 5523 ut
3961 5468 4039 5546 di:

825 5537 1070 5615 tempore
1099 5537 1241 5601 Darii
1277 5549 1554 5618 Hystaspis
1587 5549 1668 5613 F.,
1698 5550 1789 5617 qui
1834 5551 2042 5617 primus
2082 5550 2155 5604 De
2181 5537 2383 5601 musica
2480 5556 2634 5618 catur
2670 5537 2909 5618 'I‘Ipuio'v,
2942 5546 3095 5618 quasi
3126 5546 3377 5614 Ὅρμιον,
3426 5537 3477 5599 id
3502 5550 3614 5618 _est_.
3667 5551 3869 5610 portus,
3898 5537 4037 5609 quod

824 5618 1024 5688 librum
1058 5619 1356 5683 scripserit,
1409 5618 1816 5688 dithyrumbunt
1872 5620 1923 5672 in
1975 5630 2250 5673 certamen
2289 5618 2381 5669 dc-

828 5685 1065 5752 ducrit,
1115 5697 1165 5741 e'.
1209 5685 1822 5756 orationum’judicialc
1864 5705 2032 5759 genus
2087 5688 2377 5743 docuerit:

2480 5616 2686 5683 Jupiter
2717 5611 2939 5671 ct‘Juno
2962 5611 3025 5671 ex
3053 5611 3211 5670 Creta
3236 5611 3302 5669 co
3352 5611 3686 5683 appulerint.
