4246 6438
764 393 867 458 835

1922 394 1981 451 S.
2023 391 2306 452 MAXIMI
2344 388 2849 448 CONFESSORIS

3900 390 4003 452 836

761 513 850 557 est
879 513 936 557 et
964 515 1162 571 vento;
1192 505 1259 559 ad
1293 504 1418 560 vitae
1472 522 1603 561 vero
1660 507 1977 562 felicitatem
2008 508 2218 561 ratione
2246 522 2334 559 ar-
2365 507 2410 562 Α

2322 536 2334 543 -
2365 507 2410 562 Α
2440 504 2518 565 εἰς
2580 503 2720 556 δὲτὸ
2748 502 3157 571 εὐδαιμονῆσαι,
3192 502 3453 573 λογισμοῦ
3486 502 3569 554 δεῖ
3629 505 3721 556 καὶ
3785 506 3999 574 τέχνης.

765 604 949 662 teque.

836 685 1203 754 Prosperitate
1252 726 1267 748 ,
1329 686 1460 741 dum
1526 688 1706 751 adest,
1770 698 2029 759 tanquam
2080 689 2332 743 autumni

765 773 1039 827 fructibus
1062 774 1171 827 frui
1209 774 1389 830 decet.

837 864 882 915 A
907 863 1119 917 ratione
1148 864 1368 920 alienus
1394 876 1498 931 est,
1551 868 1646 936 qui
1672 884 1759 932 ea,
1803 885 1926 939 qua:
1971 870 2206 925 naturali
2239 885 2335 924 ne-

765 952 1021 1007 cessitate
1044 955 1393 1024 contingunt,
1423 956 1772 1026 indignanter
1799 959 1926 1013 fert.

839 1043 984 1095 Bias.
1007 1044 1493 1101 —-lnfortunatum
1528 1064 1656 1103 eum
1702 1049 1940 1113 dicebat,
1962 1050 2058 1120 qui
2096 1052 2335 1105 infortu-

768 1136 920 1185 nium
954 1148 1063 1187 non
1091 1136 1283 1190 ferret.

836 1224 986 1278 Idem
1035 1226 1425 1294 interrogatus,
1467 1230 1728 1297 quidnam
1774 1230 1993 1285 difﬁcile
2043 1230 2339 1287 [οι-ειτηε-

770 1330 914 1375 rum,
975 1316 1172 1383 inquit,
1259 1318 1314 1369 in
1367 1318 1615 1373 deterius
1688 1320 2054 1374 mutationem
2106 1332 2337 1376 strenue

770 1401 934 1455 ferre.

843 1490 1005 1544 Zeno.
1028 1522 1097 1529 —
1119 1493 1268 1546 Zeno
1310 1493 1518 1548 Citieus
1550 1494 1693 1549 facto
1748 1496 2054 1567 naufragio,
2117 1500 2341 1567 suisque

772 1580 1034 1634 omnibus
1058 1585 1297 1643 amissis,
1355 1585 1491 1637 nihil
1525 1586 1686 1639 molle.
1734 1594 1830 1638 aut
1866 1603 1976 1640 non
2012 1604 2341 1657 generosum

774 1670 993 1724 locutus
1030 1683 1141 1734 est;
1176 1675 1270 1727 sed
1300 1692 1312 1727 :
1341 1675 1489 1744 Euge
1514 1718 1527 1738 ,
1564 1678 1772 1746 inquit,
1799 1679 2041 1740 fortuna,
2090 1681 2238 1747 quod
2270 1681 2338 1734 ad

775 1760 999 1828 pallium
1030 1762 1133 1815 hoc
1166 1780 1264 1815 nos
1285 1765 1581 1833 redegeris.

845 1852 1063 1904 Hieron.
1082 1882 1142 1891 —
1166 1853 1313 1906 Idem
1348 1855 1737 1926 interrogatus,
1764 1859 2016 1927 quisnam
2044 1858 2176 1913 felix
2192 1868 2339 1914 esset

775 1957 839 1996 ac
886 1943 1098 2005 beatus,
1156 1947 1486 2013 respondit:
1536 1948 1587 2002 Is
1630 1949 1721 2018 qui
1764 1965 1899 2003 sano
1953 1966 2204 2020 corpore,
2244 1953 2338 2022 qui

776 2034 964 2087 animo
997 2035 1169 2095 dives,
1204 2045 1258 2087 et
1288 2037 1379 2104 qui
1419 2037 1639 2106 ingenio
1669 2039 1886 2094 docilis.

850 2123 1055 2177 Thales.
1079 2154 1147 2161 —
1174 2124 1372 2177 Thales
1401 2141 1523 2178 cum
1589 2128 2044 2198 interrogaretur,
2080 2132 2341 2199 quemad-

778 2214 998 2267 modum
1035 2215 1160 2282 quis
1192 2217 1555 2270 calamitatem
1590 2220 1794 2286 optime
1833 2221 1979 2275 ferre
2006 2231 2223 2290 posset:
2260 2222 2340 2287 Si,

779 2303 979 2371 inquit,
1010 2304 1197 2355 hostes
1222 2304 1421 2357 viderit
1450 2307 1503 2358 in
1531 2308 1721 2376 majori
1755 2310 1961 2363 versari
1990 2311 2232 2365 miseria.

850 2393 1060 2445 Romul.
1084 2422 1152 2430 —
1176 2393 1253 2445 Ne
1277 2394 1434 2447 facile
1471 2396 1749 2451 hominem
1808 2399 2029 2453 beatum
2075 2403 2341 2470 praedica-

778 2484 945 2546 veris,
973 2484 1132 2550 cujus
1160 2498 1285 2549 spes
1334 2483 1387 2535 in
1416 2486 1608 2538 amicis
1638 2490 1937 2555 jactantur,
1984 2500 2079 2544 aut
2129 2492 2341 2558 liberis,

779 2574 977 2627 ullisve
1046 2573 1168 2625 aliis
1213 2572 1377 2625 rebus
1428 2590 1661 2641 quarum
1711 2579 1859 2630 salus
1918 2580 2082 2634 unius
2107 2582 2219 2636 diei
2247 2585 2341 2636 sit.

781 2664 923 2718 Sunt
942 2664 1088 2716 enim
1120 2663 1309 2717 isthaac
1334 2663 1542 2718 incerta
1583 2683 1595 2717 :
1632 2667 1685 2719 in
1740 2683 1799 2721 sc
1851 2679 2033 2724 autem
2080 2673 2243 2727 inniti
2281 2690 2346 2729 ac

780 2755 1105 2817 sustentari,
1138 2754 1321 2808 divina
1356 2756 1532 2809 solum
1558 2756 1787 2811 firmitas
1824 2770 1928 2813 est.

852 2846 1002 2900 Idem
1035 2846 1255 2900 aiebat:
1279 2846 1419 2911 Quae
1458 2860 1662 2902 nocent
1704 2851 2041 2915 hominibus,
2075 2869 2140 2908 ea
2168 2865 2224 2911 et
2254 2872 2347 2911 eo—

782 2953 906 2990 rum
933 2938 1101 2990 vitam
1127 2938 1351 2992 docent.
1385 2939 1538 2994 Multi
1566 2940 1713 2995 enim
1760 2956 1885 2996 cum
1920 2946 2135 3002 ratione
2162 2948 2345 3004 futura

784 3026 1087 3096 praevidere
1121 3042 1233 3081 non
1263 3038 1508 3097 possent,
1527 3046 1594 3085 ex
1622 3032 1891 3087 malorum
1922 3049 2087 3092 sensu
2118 3055 2205 3094 res
2227 3056 2349 3110 per-

782 3129 1073 3186 ceperunt.

852 3208 1039 3263 Gaude
1062 3210 1108 3263 si
1134 3210 1265 3279 quid
1292 3212 1391 3266 tibi
1428 3212 1558 3268 boni
1578 3216 1878 3281 acciderit;
1905 3219 2185 3275 moderate
2204 3221 2346 3288 dole,

785 3301 832 3355 si
861 3302 993 3370 quid
1020 3302 1145 3356 mali
1181 3305 1448 3357 evenerit.

1387 3416 1692 3472 Philistwn.

785 3503 1137 3578 Cnfaniitates
1169 3514 1363 3578 nostra:
1391 3507 1794 3578 calamitatibus
1822 3511 2122 3578 solvuntur,

783 3574 1013 3644 Aliaque
1048 3575 1169 3628 aliis
1192 3576 1338 3629 mala
1371 3576 1565 3630 solatio
1598 3589 1741 3631 sunt.

1446 3669 1692 3738 Euripid.

788 3756 848 3825 In
881 3756 1036 3809 malis
1057 3757 1487 3825 benefaciendum
1516 3761 1698 3813 amicis
1729 3773 1825 3815 est.

785 3824 919 3901 Qum
950 3828 1113 3901 enimt
1130 3824 1343 3901 fortuna
1371 3828 1574 3901 tribuit,
1607 3832 1733 3901 quid
1772 3849 1903 3901 opus
1934 3836 2104 3889 amico
2134 3848 2210 3889 est
2237 3842 2261 3893 εν

787 3895 929 3947 Satis
964 3906 1039 3947 est
1077 3895 1212 3949 Deus
1238 3896 1349 3965 ipse
1364 3897 1559 3965 juvare
1597 3895 1794 3954 nolens.

856 4006 1093 4076 Josephi.
1115 4008 1676 4073 —-—Quemadmodum
1704 4013 2018 4082 ineptorum
2043 4027 2128 4071 est
2155 4034 2354 4074 secun-

788 4095 876 4149 dis
912 4097 1075 4149 rebus
1101 4098 1332 4151 nimium
1368 4100 1555 4154 efferri
1584 4119 1596 4153 :
1628 4102 1709 4156 sic
1735 4105 1983 4158 mollium
2008 4118 2092 4161 est
2134 4121 2189 4162 et
2218 4112 2354 4166 effe-

790 4185 1227 4247 minatorunr’iu
1282 4187 1532 4243 adversis
1582 4190 1746 4260 dejiei
1805 4208 1870 4246 ac
1920 4199 2148 4263 terreri;
2180 4201 2356 4256 facilis

786 4277 935 4330 enim
963 4277 1019 4330 in
1046 4278 1293 4348 utrisque
1324 4282 1559 4335 mutatio
1580 4283 1803 4337 accidit.

1265 4468 1425 4538 592
1457 4469 1690 4527 senm)
1728 4472 1872 4527 XIX.

1016 4558 1096 4612 De
1124 4561 1207 4613 ira
1241 4569 1289 4612 et
1316 4562 1516 4629 furore,
1548 4580 1641 4615 seu
1678 4568 2133 4624 excandescentia.

861 4648 1046 4703 Hau/3.
1080 4666 1133 4713 v,
1162 4650 1252 4702 21.
1277 4678 1341 4688 -—-
1363 4650 1554 4705 Omnis
1614 4655 1709 4722 qui
1746 4655 2001 4709 irascitur
2051 4658 2206 4715 fratri
2254 4678 2357 4717 suo

786 4740 909 4795 sine
941 4756 1125 4805 causa,
1156 4756 1284 4796 reus
1314 4742 1665 4811 eritjudicio.

862 4860 904 4890 ³⁸
937 4859 995 4913 In
1031 4859 1197 4914 Gesn.
1228 4859 1444 4913 διοικιεο
1468 4860 1555 4915 99.

2516 688 2615 754 ιής
2642 683 2897 753 εὐτυχίας
2922 683 3111 754 ῶσπερ
3141 683 3361 755 ὀπώρας
3395 685 3675 752 παρούσης
3708 685 4003 737 ἀπολαύειν

2433 776 2533 828 δεῖ.

2518 867 2827 934 Ἀλόγιστός
2873 868 3043 931 ἐστιν,
3089 868 3117 919 ὀ
3171 868 3231 918 ἐν
3281 868 3393 929 τοῖς
3445 865 3805 934 συμϐαίνουσι
3862 867 4005 918 κατὰ

2436 955 2673 1024 φυσικὴν
2708 957 2953 1027 ἀνάγκην
2990 954 3312 1024 ἀχθόμενος.

2507 1046 2974 1116 Βίας.·-“Ατυχῆ
3029 1048 3132 1117 ἔφη
3184 1046 3323 1099 εἶναι
3372 1048 3462 1100 τὸν
3508 1050 3733 1117 ἀτυχίαν
3780 1049 3856 1117 μὴ
3912 1047 4009 1112 ςέ-

2441 1156 2623 1208 ροντα.

2518 1228 2576 1281 Ὀ
2620 1227 2783 1291 αὐτὸς
2816 1228 3133 1297 ἐρωτηθεὶς,
3190 1230 3256 1281 Τί
3292 1228 3587 1298 δυσχερές
3640 1226 3753 1295 Τὴν
3800 1225 3893 1276 ἐπὶ
3945 1223 4008 1274 τὸ

2437 1323 2639 1390 χεῖρον,
2676 1320 2803 1388 ἔφη,
2832 1320 3136 1391 μεταϐολὴν
3178 1322 3415 1389 εὐγενῶς
3446 1321 3784 1385 ὑπενεγκεῖν.

2509 1498 3035 1568 Ζήνωνα-Ζήνων
3077 1500 3107 1551 ὁ
3147 1498 3369 1559 Κιτιεὺς
3411 1495 3725 1566 περιπεσὼν
3766 1498 4011 1564 ναυαγέῳ

2438 1591 2533 1641 καὶ
2553 1589 2622 1642 τὰ
2648 1588 2776 1641 ὄντα
2797 1590 3088 1650 ἀπολέσας,
3111 1588 3263 1641 οὐδὲν
3281 1588 3501 1653 ἀγεννὲς
3519 1584 3836 1654 ἐφθέγξατο·
3866 1588 4008 1644 ἀλλ’.

2442 1676 2603 1747 Εὖγε,
2643 1675 2815 1743 εἶπεν,
2846 1674 2891 1732 ὦ
2920 1681 3080 1749 τύχη,
3124 1682 3204 1733 ὅτι
3247 1678 3590 1740 συνέστειλας
3637 1681 3785 1747 ἡμᾶς
3833 1682 3909 1740 εἰς
3952 1680 4013 1728 τδ

2440 1770 2729 1840 τριϐώνιον
2761 1770 2939 1823 τοῦτο.

2526 1862 2809 1929 Ἱέρωνος.
2837 1892 2904 1901 —-
2925 1863 2983 1914 Ὀ
3013 1862 3173 1922 αὐτὸς
3202 1861 3519 1931 ἐρωτηθεὶς,
3544 1861 3641 1923 Τίς
3668 1862 3696 1913 ὁ
3718 1860 4010 1927 εὐδαίμωνζ

2442 1956 2568 2022 ἔφη,
2612 1955 2670 2007 Ὀ
2700 1955 2761 2006 τὸ
2790 1956 2888 2023 μὲν
2912 1954 3070 2023 σῶμα
3096 1955 3255 2023 ὑγιὴς
3278 1993 3293 2017 ,
3326 1955 3426 2023 τὴν
3457 1955 3514 2006 δὲ
3540 1951 3717 2021 ψυχὴν
3744 1950 3978 2020 εὔπορος
4000 1990 4014 2011 ,

2442 2048 2540 2115 τὴν
2571 2044 2627 2097 δὲ
2660 2045 2820 2112 φύσιν
2853 2045 3224 2105 εὐπαίδευτος.

2515 2135 2816 2203 Θαλῆς.-
2847 2135 2907 2187 '0
2931 2135 3108 2204 Θαλῆς
3139 2133 3457 2204 ἐρωτηθεὶς.
3504 2132 3628 2194 Πῶς
3671 2133 3735 2183 ἄν
3764 2148 3847 2193 τις
3882 2131 4012 2181 ἀτυ-

2444 2228 2567 2295 χίαν
2618 2226 2815 2294 ἄριστα
2859 2224 3049 2292 φέροι;
3096 2223 3222 2291 ἔφη,
3265 2220 3326 2274 Εἰ
3369 2221 3494 2283 τοὺς
3531 2220 3760 2290 ἐχθροὺς
3794 2218 4013 2288 χείρονα

2444 2316 2784 2387 πράττοντας
2824 2314 3031 2383 βλέποι.

2526 2406 2869 2475 ⁹Ρωμύ.1.-
2902 2405 3126 2473 Ῥᾳδίως
3193 2403 3268 2473 μὴ
3351 2402 3665 2471 μακαρίσῃς
3730 2399 4015 2469 ἄνθρωπον

2445 2498 2742 2552 σαλεύοντα
2805 2497 2897 2549 ἐπὶ
2942 2497 3117 2564 φίλοις
3159 2496 3192 2563 ἢ
3234 2495 3465 2555 τέκνοις,
3522 2494 3557 2561 ἢ
3595 2508 3706 2543 τισι
3768 2492 3875 2543 τῶν
3922 2492 4018 2555 ἐς·-

2444 2592 2647 2660 ήμερον
2673 2588 2945 2657 σωτηρίαν
2965 2589 3297 2656 ἑχόντων.-
3320 2584 3624 2652 Ἐπισφαλῆ
3640 2583 3743 2651 γὰρ
3767 2580 4013 2633 τοιαῦτα·

2392 2729 2397 2734 .
2445 2682 2507 2734 τὸ
2547 2681 2603 2732 δὲ
2643 2679 2729 2746 ἐφ’
2774 2678 2968 2730 ἑαυτοῦ
2999 2676 3243 2745 ὀχεῖσθαι
3285 2678 3383 2745 (y),
3419 2674 3513 2727 τοῦ
3553 2673 3689 2726 θεοῦ
3734 2674 3898 2741 μὸνου
3926 2672 4014 2738 βέ-

2446 2773 2808 2924 6αἰὲυσὼτδς
2857 2861 2984 2931 ἔφη,
3035 2859 3106 2911 τὰ
3155 2858 3458 2927 παθήματα
3521 2858 3635 2918 τοῖς
3687 2854 4016 2923 ἀνθρώποις,

2453 2955 2753 3024 μαθήματα
2782 2949 2921 3005 εἶναι
2950 2952 3081 3021 περὶ
3102 2950 3193 3002 τὸν
3234 2949 3367 3019 βίον.
3402 2946 3594 3001 Πολλοὶ
3630 2947 3736 3017 γὰρ
3761 2948 3822 2999 οὐ
3859 2945 4015 2998 δυναο

2454 3064 2605 3117 μενοι
2669 3046 2731 3098 τὸ
2779 3044 2971 3115 μέλλον
3026 3044 3266 3115 προορᾷν
3318 3044 3397 3112 τῷ
3460 3042 3604 3111 λόγῳ
3648 3040 3727 3109 τῷ
3789 3040 4021 3109 πάσχειν

2374 3152 2419 3211 c
2450 3135 2678 3206 ᾔσθοντο
2706 3135 2775 3186 τὰ
2805 3132 3127 3204 πράγματα.

2525 3228 2694 3295 Χαῖρε
2748 3226 2842 3277 ὲπί
2898 3226 3010 3285 τοῖς
3070 3221 3427 3291 συμϐαίνουσι
3480 3218 3589 3271 τῶν
3646 3215 3887 3283 ἀγαθῶν,
3931 3214 4024 3265 καὶ

2453 3317 2625 3369 λυποῦ
2658 3314 2893 3385 μετρίως
2922 3314 3018 3365 ἐπὶ
3042 3314 3153 3374 τοῖς
3187 3310 3545 3381 συμϐαίνουσι
3569 3308 3679 3360 τῶν
3706 3304 3909 3359 κακῶν.

3077 3423 3415 3476 Φιλιστίων.

2454 3520 2724 3574 Λύουσιν
2742 3515 2912 3583 ἡμῶν
2939 3510 3740 3585 συμφορᾳὶντὰςΔσῃμᾼφορὰς,
3825 3574 3851 3585 _

2457 3579 2868 3656 Παρηγοροῦσι
2906 3585 2979 3638 τὰ
3017 3579 3169 3636 kind}
3199 3583 3291 3652 (ι),
3328 3581 3403 3634 δι’
3442 3579 3658 3647 ἐτέρων
3694 3579 3914 3630 κακῶν.

3098 3672 3370 3740 Εἰφιπίδ.

2468 3771 2571 3823 Ἐν
2594 3768 2718 3833 τοῖς
2739 3767 2946 3831 κακοῖς
2976 3764 3073 3818 δεῖ
3093 3764 3234 3833 τοὺς
3261 3763 3480 3830 φίλους
3498 3761 3849 3833 εὐεργετεῖν.

2456 3841 2666 3913 ’ξοταν-
2850 3838 2888 3913 ᾗ
2919 3838 3099 3913 έντᾴχη
3133 3832 3325 3913 ,διρῷη
3366 3831 3585 3913 thyi;
3609 3832 3809 3913 Λεξιξιου

2470 3909 2666 3975 Ἀρκεῖ
2839 3901 2886 3959 ὀὴ
2907 3904 3049 3969 Θεὸς
3079 3903 3262 3968 αὐτὸς
3294 3901 3551 3970 ὠφελεῖν
3600 3901 3811 3952 θέλων.

2538 4020 2906 4085 Ἰωσήππου.
2924 4016 3208 4083 -Ὧσπερ
3233 4011 3614 4082 ἀπειροκάλων
3639 4009 3699 4061 τὸ
3724 4008 3843 4061 λίαν
3872 4009 4029 4059 Erui-

2457 4113 2646 4184 ρεσθαι
2684 4113 2803 4173 ταῖς
2840 4106 3195 4177 εὐπραγίαις·
3235 4103 3407 4164 οὕτως
3467 4102 3745 4170 ἀνάνδρων
3774 4100 3835 4151 τὸ
3863 4115 4031 4150 κατα-

2456 4207 2723 4275 πτήσσειν
2760 4202 2819 4255 ὲν
2844 4202 2956 4261 τοῖς
2998 4198 3337 4266 πταίσμασιο
3371 4194 3522 4260 ὀξεῖα
3554 4194 3663 4263 γὰρ
3696 4191 4029 4262 ἁμφοτέφις

2455 4304 2488 4370 ἡ
2521 4293 2813 4368 μεταϐολή.

2388 4436 2456 4541 '1,—
3022 4477 3237 4531 ΛΟΓΟΣ
3282 4475 3360 4527 te
3401 4474 3467 4525 ιιι.

2882 4568 3019 4634 Περὶ
3049 4564 3231 4635 ὀργῆς
3262 4565 3359 4617 καὶ
3386 4560 3606 4631 θυμοῦ.

2534 4664 2719 4717 Ματθ.
2750 4666 2813 4712 ε’.
2838 4687 2904 4698 —
2933 4657 3045 4717 lli;
3068 4656 3098 4705 ὁ
3131 4653 3486 4723 ὀργιζόμενος
3514 4651 3592 4721 τῷ
3624 4647 3839 4718 ἀδελφῷ
3867 4645 4035 4700 αὑτοῦ

2466 4750 2613 4819 εἰκῆ,
2646 4750 2823 4816 ἔνοχος
2851 4745 3003 4797 ἔσται
3037 4746 3104 4813 τῇ
3132 4742 3328 4815 κρίσει.

2280 4956 2513 5015 ΝΟΤΔΕ.

860 5068 933 5139 (ll)
966 5069 1035 5121 Τὸ
1065 5067 1132 5120 δὲ
1153 5068 1255 5142 liga:
1282 5068 1503 5122 ἑαυτοῦ
1528 5069 1819 5142 ὀχεῖσθαι.
1838 5069 2117 5142 Audacius
2135 5080 2370 5128 temere-
2468 5088 2537 5142 qu

2358 5103 2370 5113 -
2468 5072 2623 5142 quasi
2676 5071 2972 5126 simulacro
3022 5070 3194 5124 Deum
3240 5070 3417 5142 ipsum
3476 5063 4035 5142 preferrent,__idqne

788 5137 1195 5205 que—mutatum
1218 5137 1488 5193 Gesnero.
1519 5137 1682 5207 quasi
1718 5140 2055 5202 emendanti,
2092 5142 2177 5191 ἐπ’
2202 5144 2366 5197 αὑτοῦ

792 5211 950 5275 μόνον
982 5209 1075 5260 τοῦ
1116 5209 1273 5278 θεοῦ,
1310 5208 1424 5260 solo
1460 5208 1566 5261 Deo
1616 5210 1809 5278 fretum
1854 5227 1984 5272 esse,
2035 5211 2220 5264 stabile
2268 5224 2360 5267 est.

789 5280 845 5333 ld
878 5293 1006 5332 vero
1036 5277 1789 5349 Christianusphilosophus,
1830 5290 1885 5332 et
1934 5296 2097 5349 quem
2145 5297 2252 5335 non
2288 5284 2364 5335 la-

791 5358 904 5403 teat
950 5348 1273 5419 mysterium
1340 5346 1547 5419 Christi
1601 5346 1821 5417 gratim;
1878 5346 1989 5403 non
2046 5351 2357 5414 Itomulus,

790 5419 1040 5485 quisquis
1064 5418 1286 5471 tandem
1320 5427 1425 5477 est,
1453 5418 1617 5470 homo
1639 5419 1879 5487 gentilis,
1901 5421 1983 5473 vel
2014 5420 2199 5473 Roma:
2222 5436 2357 5473 con-

787 5489 956 5550 ditor,
973 5489 1056 5540 vel
1084 5489 1222 5541 alter
1249 5487 1442 5558 eodem
1464 5489 1717 5558 nomine;
1744 5490 1836 5542 sed
1869 5489 2016 5558 quod
2041 5487 2225 5543 Gra3ca
2244 5489 2359 5558 ipsa

789 5560 922 5612 nihil
950 5560 1232 5610 immutata
1257 5557 1587 5627 significant,
1619 5556 1715 5611 Dei
1746 5556 2093 5612 solummodo
2127 5556 2357 5613 firmi—ta-

790 5639 897 5681 tem
920 5644 1041 5682 esse
1076 5628 1179 5681 sibi
1216 5626 1525 5687 uni’inniti,
1558 5642 1586 5679 a
1622 5642 1679 5682 se
1707 5628 2028 5692 sustentari,
2091 5628 2146 5681 iu
2202 5630 2353 5682 nullo

787 5700 895 5752 alio
923 5714 1020 5768 spe
1041 5698 1233 5767 jactari
1262 5715 1273 5748 :
1306 5712 1469 5768 quam
1498 5696 1599 5764 ipsi
1663 5698 1835 5763 (cultu
1868 5699 2078 5752 scilicet
2111 5698 2352 5766 philoso-

790 5767 1220 5837 phimlnancisci
1270 5767 1679 5829 existimabant,
1717 5768 2019 5836 priesertim
2068 5767 2260 5832 Stoici,
2292 5779 2347 5823 ut

2465 5133 2633 5211 opera
2666 5150 2721 5195 et
2755 5141 3070 5218 studiosuo
3121 5133 3441 5218 suaderent.
3478 5133 3629 5218 quod
3657 5143 3769 5218 "est
3814 5133 3908 5188 illa
3942 5133 4037 5186 na-

2464 5206 2620 5274 tura;
2650 5226 2843 5279 nempe
2898 5209 3218 5279 αὐτάρκεις,
3261 5208 3358 5261 sibi
3412 5206 3916 5279 ipsis_utﬂicientes,
3950 5218 4037 5279 re-

2462 5282 2675 5348 busque
2705 5276 2960 5333 omnibus
3010 5276 3343 5348 superiores.
3377 5292 3441 5331 ea
3481 5276 3647 5330 animi
3698 5276 4036 5348 constantia,

2461 5352 2549 5403 cui
2575 5347 2722 5403 nulla
2754 5352 2837 5405 vis
2864 5348 3054 5404 inferri
3084 5348 3275 5417 possit.
3308 5347 3441 5411 Quze
3493 5355 3675 5400 tamen
3711 5347 3765 5399 in
3808 5347 3894 5417 eis
3941 5361 4034 5417 su-

2458 5419 2617 5488 perbi
2653 5421 2839 5486 potius
2865 5416 3097 5488 spiritus
3122 5424 3305 5479 erant,
3358 5432 3520 5488 quam
3555 5432 3714 5488 verte
3772 5416 4033 5488 virtutis:

2464 5486 2980 5543 SolusChristiaIius
2996 5488 3183 5541 divino
3209 5496 3402 5556 agente
3424 5486 3631 5556 Spiritu
3653 5486 3759 5539 hoc
3780 5487 4037 5556 enititur.

2463 5559 2773 5627 partimque
2797 5568 3040 5628 praestat,
3076 5566 3191 5611 tum
3214 5555 3677 5611 censummandus
3701 5569 3828 5610 cum
3859 5555 4039 5624 ipsum

2461 5628 2621 5696 φύσει
2662 5628 2875 5695 βέϐαιον
2897 5637 3237 5698 αεδρίιυοιυν,

2530 5700 2599 5766 (z)
2635 5694 3052 5765 Παρηγοροῦσὶ
3078 5703 3151 5749 τά
3202 5697 3377 5750 κακά.
3426 5696 3564 5750 Male
3596 5694 3766 5749 Gesn.
3827 5694 4045 5749 intelle-

2460 5768 2560 5828 xit,
2586 5771 2741 5837 quasi
2769 5770 2947 5825 aliena
2970 5769 3110 5821 mala
3140 5768 3346 5822 nostris
3369 5767 3565 5822 solatio
3596 5767 3729 5830 sint,
3763 5780 3877 5820 non
3918 5766 4040 5833 ipsa
