4246 6438
281 411 384 472 837

283 610 470 679 γισμῷ
497 607 678 676 ὑμῶν·
712 605 846 672 μηδὲ
878 604 1048 657 δίδοτε
1076 603 1242 655 τόπον
1279 603 1356 671 τῷ
1387 603 1637 672 διαϐόλῳ.

359 701 512 751 Iliaci
558 699 754 766 πικρία
794 695 889 748 καὶ
943 693 1080 763 ὀργὴ
1127 693 1348 763 ἀρθήτω
1389 693 1482 759 ἀφ’
1529 693 1704 761 ὑμῶν.
1756 695 1851 745 συν

287 793 439 859 πάσῃ
476 789 662 857 κακίᾳ.
1208 795 1223 806 ‘

360 883 600 946 Παροιμ.
636 873 833 934 κζ”.α-
865 874 1012 944 Βαρὺ
1073 872 1218 935 λίθος
1240 913 1256 936 ,
1312 873 1405 925 καί⁵
1449 872 1850 927 δυσϐάστακτον

284 972 468 1039 ἄμμος
488 987 502 1000 ο
542 967 680 1036 ὀργὴ
709 966 764 1018 δὲ
792 966 1026 1035 ἄφρονος
1055 964 1327 1033 βαρυτέρα
1357 964 1704 1034 ἀμφοτέρων.

357 1063 599 1124 "apem.
636 1056 1102 1123 ις’.-Κρείσσον
1142 1053 1284 1122 ἀνὴρ
1320 1053 1671 1123 μακρόθυμος
1699 1057 1849 1125 ἰσχυ-

288 1147 386 1216 poi
413 1164 426 1176 ·
459 1150 486 1198 ὁ
514 1148 569 1198 δὲ
605 1144 823 1213 κρατῶν
852 1142 1042 1212 ὀργῆς,
1087 1143 1164 1205 ὡς
1203 1141 1635 1212 καταλαμϐάνων
1675 1147 1846 1198 πόλιν.

356 1237 538 1302 Sept};
570 1235 853 1304 βασιλέως,
896 1233 1125 1301 ἄγγελος
1160 1231 1418 1284 θανάτου·
1451 1233 1587 1302 ἀνὴρ
1613 1234 1668 1286 δὲ
1692 1236 1850 1304 σοφὸς

285 1329 523 1392 ἐξιλάσεε
553 1326 735 1378 αὐτόν.

355 1419 537 1484 ripa;
587 1414 663 1470 λ’.
690 1445 760 1455 -
801 1413 968 1486 Ὀργὴ
1013 1415 1108 1467 καὶ
1159 1412 1328 1484 θυμὸς
1373 1414 1683 1470 ἑλαττοῦτιν
1719 1417 1850 1486 ἠμέ-

286 1527 409 1579 ρας.

357 1602 571 1652 Bac-t1.
603 1627 674 1637 —
700 1596 1064 1666 Ἀμυνόμενος
1091 1595 1148 1648 δὲ
1193 1596 1285 1648 καὶ
1307 1598 1402 1666 εἰς
1438 1597 1551 1647 ἴσον
1597 1597 1852 1649 ἀντικαθ-

284 1690 579 1759 ιστὰμενος
623 1687 702 1757 τῷ
760 1687 1016 1756 λοιδόρῳ,
1071 1686 1121 1737 τί
1166 1686 1260 1738 καὶ
1317 1687 1664 1754 ἁπο).ογήσῃ;
1732 1688 1852 1739 ’Ὁτι

283 1779 573 1849 παρώξυνε
619 1779 931 1848 κατάρξαςς
975 1777 1084 1830 Καὶ
1133 1777 1292 1838 ποίας
1314 1777 1472 1829 τοῦτο
1524 1776 1853 1846 συγγνώμης

1575 410 1738 469 LOCI
1778 411 2204 474 COMMITNFZS.

368 523 496 587 Ἑρ.
530 519 598 571 δ’.
633 547 700 558 -
728 516 790 567 '(l
831 517 981 585 ἥλιος
1022 514 1095 584 μὴ
1140 513 1402 566 ἐπιδυέτω
1429 513 1517 564 ἐπὶ
1543 515 1620 582 τῷ
1655 533 1854 584 mpnf).
1888 523 1929 576 Α

3401 435 3508 495 338

2034 518 2218 580 ΙέῗγιΙιιγ..
2264 537 2334 579 l\',
2359 521 2446 580 9.6,
2474 523 2561 573 51.
2588 549 2656 560 ·-·
2677 521 2769 575 SOI
2799 538 2904 576 non
2929 526 3144 579 OCCltiM
3189 541 3352 596 Sllpt‘l‘
3401 536 3476 586 ira
3503 565 3509 573 -

1954 608 2211 659 t'ltlltiiﬂlll
2242 623 2516 664 vestram:
2558 622 2614 666 et
2648 613 2818 667 nolite
2847 614 3027 666 locum
3063 617 3194 670 dare
3229 618 3467 674 diabolo.

2021 702 2211 751 tnnnis.
2243 704 2553 753 amaritudo
2589 713 2643 754 et
2691 704 2768 757 ira
2817 706 3038 758 tollatur
3089 723 3118 760 a
3175 711 3348 772 vobis,
3385 731 3508 766 eum

1951 793 2096 838 muni
2128 791 2352 842 malitia.

2026 877 2178 928 l’rov.
2211 895 2379 938 xxvii.
2409 879 2460 932 5.
2482 909 2544 918 -—
2566 880 2762 934 Gravis
2791 894 2873 936 est
2918 884 3076 952 lapis,
3119 895 3174 938 et
3222 902 3361 954 mare
3387 907 3508 958 por-

1955 966 2138 1018 talnlis
2171 981 2334 1019 atena
2361 987 2373 1019 :
2408 969 2501 1020 sed
2531 971 2610 1022 ira
2651 972 2805 1024 stulti
2835 975 3053 1040 gravior
3080 990 3335 1044 utroque.

2027 1056 2179 1108 Prov.
2214 1074 2321 1117 xvi.
2353 1059 2734 1114 32.—Melior
2765 1073 2848 1115 est
2889 1064 2971 1116 vir
3007 1067 3167 1123 lenis.
3207 1068 3330 1120 forti
3367 1089 3377 1120 :
3417 1071 3508 1137 qui

1953 1156 2137 1198 autem
2163 1147 2257 1200 ira-
2279 1147 2616 1209 dominatttr,
2653 1151 2798 1204 sicut
2827 1153 2920 1220 qui
2953 1155 3146 1207 urbem
3173 1159 3340 1223 capit.

2025 1240 2106 1290 lra
2143 1240 2306 1304 regis,
2339 1241 2562 1294 nuntius
2589 1243 2818 1296 mortis:
2846 1246 2933 1296 vir
2951 1257 3132 1297 autem
3156 1260 3374 1314 sapiens
3397 1249 3508 1316 pla-

1919 1373 1928 1387 ,
1951 1328 2102 1379 cabit
2131 1344 2271 1380 eam.

2023 1419 2190 1472 Ιιέειί.
2226 1436 2350 1481 xxx,
2377 1420 2467 1474 9.6.
2495 1451 2561 1462 —
2589 1422 2670 1475 Ira
2695 1435 2750 1475 et
2773 1422 2925 1476 furor
2952 1427 3203 1477 mitnmnt
3228 1425 3365 1478 dies.

2021 1593 2466 1648 Basilii.—Dum
2495 1610 2660 1662 porro
2695 1595 2997 1654 ulcisceris.
3039 1611 3242 1664 parque.
3272 1597 3389 1664 pari
3423 1613 3510 1648 re-

1955 1685 2067 1736 l'ers
2097 1683 2475 1740 convitialori.
2524 1687 2654 1751 quid
2714 1685 3086 1737 excusationis
3134 1685 3399 1738 babebis?
3429 1688 3510 1738 An

1953 1773 2101 1839 quod
2133 1772 2282 1837 prior
2314 1772 2402 1824 ille
2432 1774 2775 1825 irritaverit?
2807 1775 2910 1825 Sed
2936 1774 3076 1825 istud
3109 1789 3214 1840 qua
3251 1775 3404 1826 \enia
3429 1775 3511 1824 di-

285 1871 436 1935 ἄξιον
461 1889 475 1934 ;
517 1869 650 1923 Οὐδὲ
680 1869 787 1940 γὰρ
817 1871 848 1922 ὁ
871 1869 1068 1939 πόρνος
1095 1868 1188 1918 ἐπὶ
1231 1868 1329 1934 τὴν
1370 1867 1592 1935 ἑταίραν
1628 1885 1848 1936 μετατι-
1883 1855 1921 1909 Β
1952 1877 1962 1928 t

1831 1896 1848 1908 .
1883 1855 1921 1909 Β
1952 1876 2117 1928 gnum
2154 1875 2237 1913 est
2259 1862 2280 1911 ?
2305 1862 2489 1929 Neque
2509 1865 2656 1916 enim
2688 1875 2988 1923 scortator,
3015 1869 3144 1916 dum
3176 1867 3229 1916 in
3257 1868 3508 1916 ιυρισιιή-

283 1963 396 2024 θεὶς
427 1963 526 2028 τὴν
567 1961 768 2024 αἰτίαν,
810 1961 886 2023 ὡς
923 1960 1058 2029 πρὸς
1103 1958 1201 2027 τὴν
1241 1960 1512 2028 ἁμαρτίαν
1550 1960 1850 2031 διερεθίσα-

287 2071 407 2115 σαν,
433 2049 594 2124 ἦττον
617 2055 716 2122 τῆς
741 2053 1120 2122 κατακρίσεως
1148 2051 1409 2117 ἀξιοῦται.

354 2145 420 2196 Τί
459 2146 629 2214 ὀργῆς
676 2142 1109 2212 ἀφρονέστερονς
1151 2142 1275 2195 Ἐἀν
1309 2142 1509 2211 ’μείνῃς
1558 2143 1847 2211 ἁόργητος,

281 2237 526 2306 ⁴ᾔσχυνας
557 2236 626 2289 τὰ
660 2235 978 2304 ὑϐρίσαντα,
1010 2233 1157 2302 ἔργῳ
1204 2233 1302 2306 τὴν
1343 2235 1695 2304 σωφροσύνην
1727 2237 1849 2287 ἑπι-

279 2326 615 2396 δραξάμενος.

357 2418 540 2486 θυμὸς
570 2417 770 2486 ἐγείρει
800 2415 1002 2486 μάχην,
1037 2416 1180 2485 μάχη
1203 2414 1260 2467 δὲ
1277 2416 1440 2485 γεννᾷ
1473 2415 1737 2484 λοιδορίας
1757 2432 1769 2443 ·
1793 2418 1848 2467 αἱ

283 2507 342 2561 δὲ
373 2508 654 2576 λοιδορίαι,
692 2506 904 2574 πληγάς
925 2523 939 2536 ·
989 2507 1196 2572 πληγαὶ
1223 2505 1280 2558 δὲ
1309 2504 1600 2575 τραύματα
1624 2522 1636 2535 υ
1678 2507 1741 2558 ὲκ
1791 2506 1847 2558 δὲ

282 2600 636 2668 τραυμάτων,
680 2596 941 2658 πολλάκις
973 2596 1224 2658 θάνατος.

356 2689 748 2754 Θεολότουρ-
768 2684 904 2740 Οὔτε
935 2685 1189 2753 στέφανοι
1213 2684 1384 2757 χωρὶς
1409 2685 1843 2754 ἀνταγωνιστῶν·

281 2778 406 2830 οὔτε
442 2778 640 2847 πτῶμα
669 2779 838 2846 χωρὶς
866 2775 1178 2830 ἀντιπάλου.

352 2951 570 3020 Τυφλδν
597 2952 626 3002 ὁ
660 2950 830 3017 θυμὸς
867 2949 964 3002 καὶ
1010 2945 1295 3010 ἐπίλυπον,
1327 2946 1423 3000 καὶ
1457 2948 1692 3018 μάλιστα
1720 2949 1843 3001 ὅταν

281 3045 343 3096 τὸ
369 3042 596 3100 δικαίως
623 3042 954 3108 ἀγανακτεῖν
993 3041 1166 3110 παρῇ.

1951 1967 2069 2005 cem
2105 1953 2320 2004 confert
2347 1955 2584 2021 culpam.
2614 1954 2758 2020 quod
2798 1956 2887 2006 illa
2933 1957 2998 2007 ad
3040 1966 3323 2021 pet-catum
3374 1956 3510 2006 inei-

1955 2045 2174 2099 taverit.
2201 2043 2538 2096 damnationi
2567 2061 2678 2098 suae
2707 2046 3005 2112 quidquam
3042 2047 3304 2098 detrahit.

2018 2134 2159 2197 Quid
2188 2135 2265 2188 ira
2295 2135 2641 2188 dementius?
2672 2137 2805 2188 Iram
2837 2137 2880 2186 si
2907 2137 3266 2194 eontinueris.
3301 2138 3511 2203 injuria!

1949 2231 2232 2275 auctorem
2268 2225 2477 2291 pudore
2517 2224 2767 2284 aﬂeeisti,
2803 2224 2895 2291 qui
2919 2226 3119 2277 mentis
3163 2224 3359 2277 sobria:
3395 2225 3512 2292 ipso

1948 2327 2114 2380 opere
2145 2314 2422 2380 specimen
2456 2314 2573 2382 ipse
2603 2315 2864 2368 edideris.

2019 2403 2102 2455 Ira
2130 2404 2335 2457 excitat
2367 2405 2562 2467 rixam,
2614 2407 2729 2458 rixa
2767 2405 2910 2473 parit
2961 2404 3238 2462 convitia;
3273 2403 3512 2457 convitia

1951 2493 2112 2555 ictus,
2129 2496 2269 2548 ictus
2288 2497 2533 2557 vulnera,
2567 2511 2668 2550 nec
2703 2513 2828 2548 raro
2884 2498 3108 2548 vulnera
3151 2511 3302 2548 mors
3320 2511 3511 2548 conse-

1950 2584 2158 2653 quitur.

2020 2675 2280 2743 Tltcologi.
2307 2703 2372 2713 --
2398 2675 2508 2727 Nec
2533 2690 2739 2728 corona
2789 2674 2952 2728 datur
2997 2675 3115 2729 sine
3156 2677 3509 2740 adversariis,

1951 2780 2054 2822 nec
2091 2766 2211 2823 sine
2271 2765 2629 2821 colluctatore
2673 2765 2962 2836 quisquam
3011 2767 3280 2822 sternitur
3336 2768 3510 2822 cadit-

1949 2877 2078 2930 que.
3207 2927 3209 2934 ι

2020 2952 2098 3004 Ira
2131 2967 2218 3004 res
2253 2965 2394 3004 cavsa
2425 2959 2509 3003 est
2535 2959 2590 3002 et
2619 2951 2996 3005 molestiarum
3027 2953 3212 3020 plena,
3243 2965 3294 3008 et
3341 2956 3513 3008 maxi-

1945 3058 2033 3096 tne
2065 3058 2189 3096 cum
2213 3058 2375 3095 causa
2416 3041 2737 3108 indignandi
2762 3044 2908 3112 justa
2947 3045 3158 3097 subest.

355 3136 654 3199 Χρυσοστ.
689 3161 758 3172 —
787 3133 956 3183 Ὅταν
985 3133 1043 3183 σέ
1082 3147 1166 3193 τις
1200 3129 1418 3200 ὑϐρίσῃ,
1459 3130 1710 3198 ἐννόησον
1738 3131 1834 3199 τὴν
1869 3164 1910 3221 c
2017 3137 2032 3186 4

1833 3154 1834 3160 η
1869 3164 1910 3221 c
2017 3135 2286 3200 Chrysost.
2309 3131 2446 3182 -—Si
2482 3132 2606 3198 quis
2639 3132 2694 3184 in
2728 3139 2778 3182 te
2825 3133 3258 3186 contumeliosus
3288 3134 3510 3187 exstite-

281 3225 504 3275 κόλασιν
552 3225 619 3291 ἢν
677 3221 1004 3284 κολάζεται·
1069 3221 1164 3272 καὶ
1222 3221 1284 3272 ού
1346 3220 1507 3288 μόνον
1556 3221 1651 3288 οὐχ
1698 3220 1840 3284 ἕξεις

279 3315 478 3384 ὀργὴν,
519 3313 656 3366 ἀλλά
701 3315 797 3366 καὶ
829 3312 1042 3379 δάκρυα
1091 3312 1342 3380 ἀφήσεις.
1403 3311 1537 3363 Οὐδὲ
1575 3311 1682 3380 γὰρ
1709 3315 1844 3379 πρὸς

281 3402 621 3470 πυρέττοντά
658 3417 742 3462 τις
797 3400 1183 3471 παροξύνεται,
1215 3398 1339 3451 οὔτε
1388 3399 1525 3468 πρὸς
1559 3400 1647 3450 τὸν
1680 3401 1844 3466 φλεγ-

283 3492 545 3562 μαίνοντα
599 3492 715 3545 ἀλλ⁸
749 3491 890 3543 ἐλεεῖ
919 3493 1138 3551 πάντως
1166 3490 1262 3542 καὶ
1289 3489 1532 3559 δακρύει.
1574 3491 1634 3542 Εἰ
1665 3490 1720 3543 δὲ
1751 3493 1844 3544 καὶ

278 3581 592 3651 ἀμύνασθαι
623 3581 822 3649 βούλει,
856 3581 1097 3647 σίγησον,
1131 3579 1224 3632 καὶ
1255 3579 1478 3648 καιρίαν
1505 3580 1714 3642 ἔδωκας
1747 3583 1844 3634 αύ-

277 3673 361 3741 τῷ
394 3672 492 3740 τὴν
520 3672 754 3741 πληγήν.
791 3673 887 3721 Ἂν
939 3669 995 3722 δὲ
1042 3668 1259 3739 δηχθεὶς
1313 3667 1560 3740 ὑϐρίσῃς,
1597 3671 1841 3739 ἀναγκά-

281 3764 399 3826 ζεις
428 3761 603 3832 ἀληθῆ
646 3759 962 3830 νομίζεσθαι
991 3761 1060 3813 τὰ
1113 3759 1399 3828 λεγόμενα.
1459 3761 1610 3812 Διατὶ
1662 3762 1770 3833 γὰρ
1815 3765 1844 3815 ό

280 3850 538 3912 πλούσιος
571 3849 785 3902 ἀκούων
815 3851 898 3902 ὅτι
927 3847 1096 3915 πένης
1125 3847 1264 3909 ἐστὶ,
1297 3846 1470 3916 γελᾷς
1505 3847 1586 3899 ὅτι
1621 3847 1694 3918 μὴ
1722 3849 1845 3902 σύν-

281 3941 426 3992 οιδεν
468 3939 646 4008 ἑαυτῷ
672 3938 882 3990 πενίαν.
912 3937 974 3989 El
1001 3935 1180 3989 τοίνυν
1215 3937 1482 4006 μέλλομεν
1513 3937 1676 4008 γελᾷν
1698 3956 1713 3971 ο
1751 3941 1846 3993 ἐπὶ

278 4033 402 4092 ταῖς
431 4031 640 4098 ὕϐρεσι,
676 4029 939 4098 μεγίστην
959 4025 1236 4091 ἀπόδειξιν
1262 4027 1632 4097 παρεξόμεθα,
1676 4030 1735 4084 τὸ
1767 4031 1842 4101 μὴ

283 4121 584 4171 συνειδέναι
622 4121 734 4180 τοῖς
757 4117 1089 4186 λεγομένοις.

1945 3225 2012 3276 rit
2043 3239 2105 3277 ac
2137 3224 2396 3293 injuriam
2424 3223 2639 3285 fecerit,
2673 3224 2850 3292 cogita
2901 3226 3021 3292 ejus
3042 3223 3349 3276 cruciatum
3378 3241 3391 3279 :
3425 3243 3506 3283 ac.

1941 3314 2144 3367 nedum
2179 3330 2286 3366 non
2319 3314 2593 3373 irasceris,
2619 3315 2712 3366 sed
2746 3323 2800 3366 et
2831 3315 3100 3382 lat-rvinas
3125 3314 3356 3367 foderis.
3400 3316 3508 3368 Sec

1940 3406 2090 3457 enim
2117 3403 2390 3471 quispiam
2420 3403 2628 3455 febrem
2662 3401 2895 3469 patienti
2923 3392 3198 3457 irascitur.
3221 3412 3313 3454 aut
3340 3405 3388 3455 ei
3415 3406 3509 3469 qui

1943 3504 2160 3548 tumore
2185 3495 2404 3561 languet
2430 3509 2492 3546 ae
2530 3493 2919 3549 inﬂammatur.
2953 3493 3043 3544 sed
3091 3509 3316 3560 prorsus
3343 3509 3511 3545 mise-

1951 3593 2105 3636 retur
2144 3584 2384 3650 ﬂetuque
2416 3582 2791 3650 prosequitur.
2823 3581 2916 3634 Sin
2964 3593 3147 3634 autem
3175 3584 3339 3635 etiam
3374 3585 3445 3635 "it
3469 3585 3509 3635 i—

1948 3675 2026 3726 sei
2057 3673 2158 3734 vis,
2191 3673 2312 3734 sile,
2345 3686 2673 3740 gravemque
2708 3670 2757 3723 ei
2789 3669 2988 3723 dedisti
3016 3670 3249 3739 plagam.
3275 3671 3426 3734 Quod
3463 3671 3508 3722 ri

1947 3765 2178 3819 convitii
2230 3778 2395 3818 sensu
2447 3767 2801 3828 exasperatus
2859 3760 3114 3828 injuriam
3178 3760 3504 3826 regeris.tn

1947 3855 2063 3922 ipse
2086 3868 2151 3907 ea
2179 3867 2301 3921 quae
2341 3852 2396 3904 in
2427 3861 2479 3904 te
2507 3850 2791 3909 dicuntur,
2821 3862 2947 3902 vera
2972 3847 3276 3901 existimari
3334 3849 3502 3913 ongis.

1945 3941 2080 3994 Nam
2113 3955 2235 4001 cur,
2264 3956 2416 4009 rogo,
2445 3940 2491 3992 si
2542 3940 2669 4006 quis
2701 3940 2880 3991 virum
2913 3938 3228 4004 divitetnlac
3276 3938 3507 4003 opulen-

1947 4046 2084 4096 tum,
2116 4047 2411 4100 pauperem
2455 4030 2676 4087 dixerit.
2714 4033 2760 4082 is
2807 4029 2943 4089 risu,
2993 4027 3141 4094 quod
3174 4026 3247 4079 ita
3296 4027 3504 4079 dictum

1941 4132 2048 4184 est,
2079 4121 2312 4189 excipit!
2343 4121 2500 4186 Quod
2532 4121 2792 4173 nimirum
2847 4119 2951 4171 sibi
3002 4117 3116 4184 ipse
3169 4119 3505 4184 paupertatis

281 4209 511 4262 minime
568 4209 826 4262 conscius
869 4216 974 4261 est.
1013 4206 1106 4260 Sic
1160 4205 1352 4275 igitur,
1396 4207 1441 4262 si
1476 4223 1577 4276 pro
1631 4208 1872 4278 injuriis,
1911 4225 2033 4277 quae
2098 4213 2431 4280 irrogantur,
2469 4211 2640 4263 risum
2692 4207 2850 4278 593
2894 4207 3326 4275 reposuerimus,
3369 4209 3506 4263 ιιίιιίι

279 4317 384 4355 nos
415 4316 608 4354 eorum
647 4315 770 4368 quae
815 4298 1159 4367 objiciuntur
1210 4297 1463 4352 conscios
1499 4313 1660 4363 esse,
1693 4309 1848 4353 certo
1885 4302 2181 4355 admodum
2214 4310 2538 4369 argumento
2570 4298 2944 4368 probabimus.

351 4392 518 4444 Οὐδὲν
566 4391 708 4442 οὕτω
736 4390 1084 4459 καθαρότητα
1117 4389 1208 4442 νοῦ
1238 4391 1332 4443 καὶ
1373 4391 1434 4443 τὸ
1465 4391 1660 4454 διειδὲς
1694 4393 1841 4446 θολοῖ
1872 4397 1914 4450 D
2017 4396 2028 4448 l

1824 4396 1841 4446 ί
1872 4397 1914 4450 D
2017 4396 2164 4449 l\'ibil
2204 4411 2358 4463 a‘que
2390 4393 2594 4448 mentis
2623 4393 2918 4460 puritatetn
2947 4389 3300 4458 lucidumqtte
3336 4393 3501 4446 animi

277 4488 339 4537 τὸ
368 4484 474 4536 τῶν
500 4481 735 4552 φρενῶν,
763 4480 839 4542 ὠς
868 4480 1038 4549 θυμὸς
1066 4481 1318 4544 ἄτακτος,
1350 4481 1448 4533 καὶ
1477 4483 1616 4551 μετὰ
1641 4483 1838 4554 πολλῆς

278 4575 381 4644 τῆς
424 4575 604 4644 ῥύμης
643 4573 964 4641 φερόμενος.

353 4667 584 4717 Εύτονωι
607 4663 735 4732 ἐρας
766 4663 858 4713 ἐπὶ
883 4664 982 4730 τῆς
1027 4662 1197 4730 ὀργῆς
1227 4660 1502 4730 χρῄζομεν
1541 4662 1641 4730 τῆς
1671 4679 1841 4716 σπου-

277 4757 398 4824 δῆς.
431 4754 772 4822 Τυραννικόν
807 4753 916 4822 γὰρ
940 4752 1001 4804 τὺ
1028 4750 1216 4813 πάθος,
1250 4751 1346 4803 καὶ
1378 4751 1634 4814 πολλάκις
1665 4769 1844 4824 παρα-

280 4847 437 4916 σύρει
464 4847 593 4906 τοὺς
624 4844 700 4913 μὴ
725 4845 1016 4912 νήφοντας,
1048 4842 1298 4914 καὶπρὸς
1324 4841 1384 4895 τὸ
1405 4841 1678 4913 βάραθρον
1707 4845 1842 4898 αὐτὸ

276 4939 506 5004 κατάγει
545 4937 642 5006 τῆς
669 4935 946 4998 ἀπωλείας
967 4965 977 4979 .

360 5028 608 5098 Ὀργίλος
670 5023 719 5078 εῐ
760 5043 774 5089 ;
810 5025 903 5077 ἔσο
945 5024 1086 5077 κατά
1127 5023 1228 5096 τὴν
1269 5025 1378 5078 τῶν
1428 5026 1838 5096 ἁμαρτημάτων

278 5120 389 5171 τῶν
418 5116 620 5170 σαυτοῦ
655 5115 896 5178 τοιοῦτος
923 5131 938 5146 ο
975 5115 1277 5185 ἑπίπληττε
1305 5118 1372 5186 τῇ
1416 5115 1560 5186 ψυχῇ
1595 5133 1609 5146 ο
1647 5115 1840 5185 μάστιο

274 5210 334 5273 ξε
390 5210 460 5278 τῇ
513 5205 812 5277 συνειδήσει
849 5221 942 5257 σου
980 5204 1080 5272 (a).
1124 5203 1361 5273 Σφοδρὺς
1405 5205 1497 5256 ἔσο
1525 5205 1718 5275 κριτὴς
1748 5207 1838 5258 καὶ

1937 4485 2162 4538 oculum
2197 4485 2406 4542 turbat,
2438 4499 2500 4536 ae
2532 4483 2612 4534 ira
2666 4481 2973 4534 inordinata
3010 4487 3064 4531 et
3130 4494 3251 4546 qua:
3307 4496 3502 4549 magno

1936 4574 2148 4641 impetu
2179 4581 2455 4640 erumpat.

2005 4663 2334 4716 Contentior
2365 4661 2525 4715 nobis
2558 4659 2840 4728 diligentia
2872 4659 2926 4711 in
2950 4659 3030 4710 ira
3055 4657 3366 4713 adhibenda
3399 4673 3498 4716 cst.

1937 4755 2192 4809 Violenta
2221 4753 2368 4806 enim
2389 4753 2569 4821 passio
2596 4761 2707 4816 est;
2745 4766 2845 4803 nec
2885 4764 3008 4803 raro
3033 4759 3375 4804 transversos
3392 4756 3502 4822 agit

1941 4845 2034 4911 qui
2062 4845 2243 4895 minus
2269 4842 2439 4895 sobrii
2476 4842 2606 4903 sint,
2638 4851 2694 4894 et
2726 4840 2793 4894 ad
2828 4841 3003 4908 ipsum
3038 4839 3364 4907 perditionis
3403 4843 3499 4896 ba-

1941 4935 2189 4987 rathrum
2227 4933 2495 4986 detrudit.

2011 5023 2313 5077 Iracundus
2335 5021 2438 5074 es?
2465 5021 2611 5074 Talis
2654 5035 2774 5076 esto
2812 5023 3075 5080 adversus
3125 5039 3346 5094 peccata
3376 5034 3496 5075 tua;

1937 5115 2182 5168 animum
2220 5115 2478 5179 increpa:
2515 5113 2660 5165 caede
2711 5115 3058 5169 conscientiae
3096 5117 3324 5186 ﬂagello.
3371 5115 3497 5167 Esto

1937 5205 2240 5258 vehemens
2277 5203 2624 5271 acerbusque
2658 5203 2826 5272 judex
2875 5215 3037 5273 atque
3072 5219 3299 5260 exactor
3329 5209 3380 5258 in
3407 5208 3499 5258 de-

1777 5291 1983 5348 ΝΟΤᾹΞ
1994 5332 2006 5345 .

273 5375 464 5443 nostra
518 5364 624 5418 alia
684 5364 829 5443 aliis.
895 5363 1050 5443 quasi
1107 5361 1380 5443 malorum.
1420 5363 1653 5443 quadam
1702 5364 1844 5416 serie

274 5436 439 5512 nobis
463 5445 716 5512 copserta
755 5431 997 5512 V’iia,.ill_
1025 5445 1260 5512 qu_or_um
1293 5431 1415 5512 aliis
1461 5432 1695 5484 aliorum
1726 5447 1840 5485 tne-

274 5506 508 5559 tninisse
534 5504 726 5573 juvat:
763 5519 872 5571 quo
899 5502 1027 5573 facit
1053 5501 1184 5573 illud
1215 5507 1412 5573 poetae:

343 5573 388 5628 0
413 5569 560 5638 passi
597 5569 841 5638 graviora
864 5574 882 5625 ι’
909 5571 1051 5625 dabit
1083 5570 1220 5623 Deus
1247 5570 1324 5621 Itis
1350 5584 1555 5638 quoque
1589 5569 1770 5637 linem.

345 5589 388 5628 U
456 5590 559 5626 ass:
635 5589 841 5625 ravtora
864 5589 879 5625 .~'
909 5589 1051 5625 aaou
1083 5589 1220 5623 ueus
1247 5589 1324 5621 In:
1350 5589 1555 5638 quoque
1589 5589 1770 5637 μηεηι,

345 5589 627 5713 (oti’Quoti)
641 5641 887 5713 b‘abebat
935 5641 1099 5713 Gesn.
1140 5639 1370 5713 μάστιγε
1403 5640 1480 5709 τῴ
1501 5710 1518 5713 _
1539 5641 1842 5713 συνειδήσει

280 5707 396 5774 σου,
457 5707 894 5780 θίιιιιεηᾱιὼοισμιο
950 5711 1011 5766 τὸ
1069 5707 1664 5780 συνειδόςᾲσουψαςνίε
1706 5709 1843 5780 crede

279 5782 683 5848 conscientiam,
741 5777 956 5836 meliori
1016 5787 1152 5851 puto
1205 5777 1516 5847 conjectura
1565 5777 1840 5843 restituo,

1952 5361 2063 5415 sola
2093 5359 2308 5412 articuli
2354 5359 2752 5428 compositione
2799 5377 2923 5413 eum
2980 5378 3080 5414 suo
3131 5363 3493 5416 substanttvu.

1938 5429 2246 5485 lnauditum
2289 5443 2418 5481 sane
2451 5429 2581 5481 medi
2637 5432 2717 5480 vel
2755 5433 3008 5491 συνειέός,
3036 5433 3116 5482 vel
3176 5434 3494 5499 συκείὸηαιν,

1938 5499 2082 5569 quod
2117 5509 2410 5563 utrumque
2439 5507 2522 5549 est
2567 5500 2899 5569 conscientia.
2938 5517 3041 5552 non
3091 5503 3320 5558 caedete,
3379 5518 3498 5568 qua:

1939 5584 2152 5636 semper
2175 5568 2673 5634 incorruptajudex
2714 5570 2802 5624 sit.
2848 5580 2900 5622 et
2924 5569 2989 5620 dc-
3021 5571 3161 5621 malo
3194 5583 3497 5622 remurmu-

1941 5648 2043 5698 ret,
2075 5638 2348 5704 olliciique
2382 5636 2704 5688 admoneat:
2739 5653 2847 5704 quo
2873 5638 3008 5690 nibil
3061 5640 3407 5690 communitis
3441 5641 3495 5692 in

1939 5707 2184 5761 doctrina
2225 5705 2723 5776 morum,nisi.ipsa
2755 5709 3037 5776 peregrina
3068 5717 3148 5759 est
3196 5721 3301 5758 non
3352 5707 3497 5762 mili-

1942 5781 2074 5831 tanti
2117 5777 2170 5830 itt
2205 5775 2461 5829 Ecclesia:
2485 5777 2694 5828 castris.
