4246 6438
744 395 853 460 839

1918 387 1977 443 S.
2017 376 2301 441 ΜΑΧΙΜῙ
2332 370 2842 434 CONFESSOllIS

3884 357 3989 422 810

750 506 900 562 lictis
934 505 1065 559 tuis.
1120 504 1235 558 lloc
1288 503 1380 555 ira!
1433 500 1869 554 emolumentum
1897 513 1909 546 :
1944 508 2064 547 eam
2112 492 2164 544 in
2198 504 2313 543 rem
2347 500 2391 551 Α
2421 504 2427 515 ί

2310 510 2313 539 ι
2347 500 2391 551 Α
2421 482 2617 551 πικρὸς
2668 477 2928 547 δικαστὴς
2978 479 3086 538 τοῖς
3133 475 3355 536 οἰκείοις
3398 472 3786 541 ἁμαρτήμασι.
3815 470 3987 521 Τοῦτο

750 596 915 652 nobis
944 594 1091 648 Deus
1114 607 1233 645 eam
1268 591 1486 645 indidit.

820 773 1061 843 Evagrii.
1084 801 1154 812 —
1178 770 1283 836 Qui
1309 784 1367 824 se
1394 784 1423 822 a
1457 768 1598 821 cibis
1616 775 1858 835 potuquc
1884 762 2193 821 abstinens,
2220 772 2315 811 cs-

754 876 833 919 tra
904 863 1175 915 rationem
1230 862 1312 914 ira
1359 858 1643 922 incitatur,
1696 856 1892 911 simiiis
1921 863 2005 907 est
2044 851 2169 905 navi
2204 850 2319 903 alto

753 967 973 1022 aequore
1007 951 1310 1005 damonem
1341 949 1763 1019 gubernatorem
1791 943 2035 999 habenti.

823 1042 1033 1113 Cyrilli.
1056 1073 1123 1083 —
1152 1042 1283 1107 Quae
1305 1040 1481 1094 bestia
1518 1048 1627 1092 tam
1654 1052 1795 1091 saeva
1842 1046 1900 1089 et
1951 1032 2209 1087 immanis
2234 1036 2321 1083 est

750 1142 811 1186 nt
837 1133 924 1186 vir
950 1131 1271 1194 iracundus,
1297 1144 1361 1184 ac
1386 1129 1480 1199 qui
1508 1128 1704 1183 effreni
1752 1126 1847 1180 ine
1900 1124 2055 1178 velut
2087 1134 2319 1192 tyranno

753 1225 947 1294 paret?

823 1316 906 1371 Ex
934 1313 1557 1378 Patrium—Quatuor
1601 1327 1667 1366 ex
1690 1310 1857 1363 rebus
1906 1308 1988 1360 ira
2027 1312 2315 1359 nasc.tur:

750 1426 817 1462 ex
841 1407 1007 1461 dandi
1038 1412 1094 1459 et
1116 1404 1428 1473 accipiendi
1469 1402 1798 1464 rationibus,
1823 1415 1891 1455 ex
1933 1414 2001 1452 eo
2021 1397 2167 1465 quod
2197 1395 2321 1464 quis

748 1512 862 1549 sum
890 1508 1096 1548 morem
1121 1503 1278 1563 gerat
1301 1493 1601 1553 voluntati,
1624 1507 1691 1546 ex
1724 1490 1909 1543 studio
1934 1486 2139 1547 litium,
2168 1500 2234 1537 ex
2256 1498 2320 1537 ea

748 1586 1010 1655 opinione
1042 1600 1152 1654 qua
1185 1583 1312 1653 quis
1340 1593 1601 1651 tanquam
1625 1582 1871 1651 prudens
1902 1582 1995 1642 sit,
2026 1578 2133 1632 sibi
2160 1576 2319 1629 blan-

749 1677 923 1731 ditur.

822 1768 1064 1838 Dionysii
1088 1767 1371 1821 "alicam.
1421 1764 1629 1818 —lloc
1650 1762 1796 1831 apud
1841 1776 1943 1815 nos
1991 1758 2231 1815 termino
2259 1756 2322 1809 fi-

748 1859 951 1913 nienda
977 1860 1078 1921 ira,
1098 1859 1275 1912 donec
1304 1866 1523 1911 cessent
1554 1866 1800 1923 peccata.
1822 1855 1916 1909 Ait
1939 1854 2090 1908 enim
2129 1870 2143 1905 :

748 1948 980 2013 scimini,
1013 1956 1063 1999 et
1110 1945 1272 1999 nolite
1306 1962 1521 2016 peccare
1552 1944 1718 2008 (Psal.
1764 1960 1839 2007 ιν,
1875 1944 1946 2007 5;
1989 1943 2190 2012 Ephes.
2244 1957 2318 2002 IV,

748 2036 862 2104 96).

821 2125 1109 2195 Apollonii.
1170 2155 1242 2167 ——
1296 2125 1394 2179 irae
1454 2124 1638 2193 passio
1698 2122 1803 2177 nisi
1853 2121 2322 2178 sermocinatione

752 2226 1010 2286 erumpat
1032 2231 1281 2285 voceque
1316 2214 1587 2284 prodatur
1616 2228 1680 2268 ac
1709 2212 2009 2267 deliniatur
2031 2252 2046 2275 ,
2095 2213 2324 2267 morbus

751 2305 1025 2360 naturalis
1045 2303 1298 2359 ellieitur.

822 2395 1191 2450 Plutarch.—
1242 2394 1363 2454 1m,
1397 2391 1546 2446 haud
1589 2406 1751 2447 secus
1803 2407 1866 2447 ac
1912 2409 2101 2455 canes,
2154 2408 2325 2449 czccas

752 2487 979 2557 pariunt
1000 2483 1437 2539 criminationes.

824 2578 965 2647 Equi
990 2578 1138 2639 duri,
1172 2576 1379 2639 frenis;
1414 2581 1470 2627 at
1516 2573 1610 2627 ira:
1651 2582 1825 2627 acutae
1854 2583 2022 2642 atque
2052 2584 2326 2642 prmpetes

754 2671 975 2725 ratione
1004 2676 1272 2739 reguntur
1299 2674 1467 2735 atque
1493 2663 1777 2718 sedantur.

822 2762 896 2817 Ut
920 2775 1063 2830 aqua
1093 2760 1235 2815 bene
1260 2765 1559 2826 temperata
1585 2755 2075 2819 inﬂammationes;
2102 2755 2179 2809 sic
2200 2770 2328 2808 ora-

756 2853 835 2907 tio
865 2850 1009 2905 lenis
1035 2850 1174 2903 iram
1198 2848 1382 2902 diluit.

823 2938 895 2994 Ut
918 2938 1068 2994 enim
1101 2936 1293 2991 cmcias
1336 2935 1532 2999 nubes,
1562 2934 1641 2988 sic
1676 2934 2052 3004 improborum
2106 2932 2220 2988 vita
2275 2933 2330 2985 in

754 3045 816 3085 se
839 3029 1085 3083 convicia
1115 3026 1363 3081 attrahit.

827 3118 1101 3176 Aristotel.
1125 3148 1185 3158 —
1205 3119 1273 3174 Ut
1293 3118 1477 3171 fumus
1509 3117 1687 3170 oculis
1719 3115 1987 3169 immeans
2016 3115 2332 3183 lzcdensque

2419 575 2516 642 τῆς
2546 570 2717 640 ὀργῆς
2751 569 2812 620 τὸ
2866 566 3056 637 κέρδος
3104 566 3221 618 ἐστί
3251 582 3265 597 ο
3296 564 3387 617 διά
3433 563 3595 616 τοῦτο
3643 563 3775 631 ἡμῖν
3819 560 3988 627 αὐτὴν

2420 662 2676 729 ἐνέθηκεν
2704 660 2732 710 ὁ
2764 658 2915 720 Θεός.

2497 751 2809 818 Είναγρίου.
2847 781 2918 791 -
2944 746 3263 817 Βρωμάτων
3285 743 3317 813 ἢ
3348 742 3611 810 πομάτων
3627 739 3988 807 ἀπεχόμενος,

2420 842 2590 911 θυμὸν
2643 841 2700 893 δὲ
2749 839 2960 907 ἀλόγως
3000 836 3186 900 κινῶν,
3223 830 3378 896 οὗτος
3406 833 3551 885 ἔοικε
3579 827 3991 897 ποντοπορούση

2420 934 2530 1005 νηῒ,
2568 933 2664 985 καὶ
2694 931 2896 1001 ἐχούσῃ
2922 928 3156 996 δαίμονα
3185 925 3552 994 κυϐερνήτην.

2492 1027 2815 1095 Kvpluov.
2841 1052 2913 1064 -—
2945 1023 3105 1075 Ποῖον
3152 1018 3298 1072 οὓτω
3351 1016 3540 1087 θηρίον
3566 1013 3717 1082 ὠμὸν
3755 1013 3850 1064 καὶ
3892 1011 3991 1062 άν-

2419 1120 2654 1189 ήμερον,
2688 1116 2765 1178 ὠς
2810 1113 3071 1183 δύσοργος
3132 1108 3293 1180 ἀνὴρ,
3322 1108 3419 1161 καὶ
3445 1106 3671 1175 ἀκράτῳ
3703 1100 3861 1172 θυμῷ
3894 1117 3991 1151 τυο

2424 1208 2788 1280 ραννούμενος
2811 1222 2827 1269 ς

2506 1302 2604 1354 Ἐκ
2634 1298 2751 1351 τῶν
2778 1294 3075 1363 Πατέρων.
3092 1292 3248 1345 -Διᾶ
3273 1291 3555 1358 τεσσάρων
3590 1287 3990 1357 πραγμάτωνή

2420 1394 2559 1463 ὀργὴ
2572 1391 2869 1459 ἐγγίνεται,
2889 1386 2985 1440 τοῦ
3002 1384 3184 1438 δοῦναι
3200 1385 3295 1436 καὶ
3316 1382 3523 1442 λαϐεῖν,
3542 1377 3747 1432 καὶτοῦ
3770 1377 3994 1443 ποιῆσαι

2420 1484 2481 1535 τὸ
2516 1482 2645 1534 ἴδιον
2671 1480 2908 1549 θέλημα,
2938 1477 3034 1530 καὶ
3056 1474 3153 1527 τοῦ
3181 1475 3404 1543 ἀγαπᾷν
3431 1472 3609 1534 δίκας,
3642 1468 3741 1522 καὶ
3778 1468 3873 1519 τοῦ
3902 1483 3991 1517 νο-

2426 1574 2602 1645 μίζειν
2632 1572 2894 1643 φρόνιμον
2920 1567 3057 1623 εἶναι
3080 1566 3290 1620 ἑαυτόν.

2491 1746 2811 1802 Διονυσίου
2839 1744 3131 1810 Ἀλικαρν.
3168 1740 3264 1809 (b).
3286 1769 3357 1780 —
3382 1739 3457 1791 Τὸ
3500 1736 3815 1808 ὀργίζεσθαι
3866 1735 3997 1804 παρ’

2201 1850 2321 1905 Ira-
2353 1856 2393 1909 Β
2422 1840 2557 1910 ἡμῖν
2590 1839 2719 1907 ἄχρι
2753 1834 2850 1887 τοῦ
2874 1832 3073 1887 παύειν
3099 1832 3170 1885 τὰ
3222 1831 3598 1901 ἁμαρτήματα
3642 1826 4000 1896 περιορισθή-

2425 1946 2597 1982 σεται.
2623 1946 2642 1979 σ
2682 1924 3003 1998 Ὀργίζεσθε
3028 1923 3158 1994 γὰρ,
3186 1922 3342 1993 φησὶ,
3366 1922 3461 1975 καὶ
3491 1920 3566 1990 μὴ
3588 1921 3949 1987 ἁμαρτάνετε.
3975 1936 3992 1968 ι

2507 2102 2939 2161 Ἀπολλωνίου.
2966 2130 3037 2141 -
3096 2100 3171 2153 Τὸ
3198 2099 3299 2169 τῆς
3333 2100 3501 2171 ὀργῆς
3546 2098 3715 2159 πάθος
3752 2097 3823 2165 μὴ
3869 2093 4001 2145 καθ-

2423 2194 2779 2265 ομιλούμενον
2821 2192 2889 2259 (c)
2926 2190 3061 2261 μηδὲ
3101 2190 3559 2260 θεραπευόμενον,
3595 2187 3799 2255 φυσικὴ
3847 2185 4003 2246 νόσος

2425 2287 2652 2354 γίνεται.

2497 2376 2835 2443 Πλουτάρχ.
2870 2405 2941 2414 -
2975 2376 3037 2427 Oi
3071 2374 3255 2443 θυμοὶ,
3290 2372 3543 2442 καθάπερ
3592 2374 3641 2424 oi
3690 2372 3871 2434 κύνες,
3906 2389 4003 2423 τυ·-

2427 2468 2535 2537 φλά
2567 2469 2845 2520 τίκτουσιν
2873 2465 3041 2533 ὲγκλή
3052 2480 3217 2534 ματα.

2502 2558 2565 2608 Οί
2611 2557 2711 2624 μὲν
2768 2559 2990 2625 τραχεῖς
3026 2556 3183 2607 ἵπποι
3234 2557 3347 2617 τοῖς
3375 2554 3614 2623 χαλινοῖς
3649 2572 3661 2583 ο
3695 2555 3743 2605 οἱ
3775 2554 3829 2605 δὲ
3860 2556 4001 2619 ὀξεῖς

2429 2647 2617 2717 θυμοὶ,
2650 2645 2979 2715 μετάγονται
3007 2648 3121 2707 τοῖς
3146 2646 3448 2713 λογισμοῖς.

2502 2738 2577 2790 Τὸ
2604 2737 2703 2807 μὲν
2726 2734 2991 2806 εὔκρατον
3015 2734 3161 2804 ὕδωρ
3186 2734 3285 2797 τὰς
3311 2735 3619 2804 φλεγμονάς
3645 2750 3657 2761 “
3690 2737 3718 2786 ὀ
3746 2734 3802 2785 δὲ
3834 2735 4007 2785 ἐπιει-

2432 2829 2535 2900 κὴς
2567 2829 2747 2896 λόγος,
2779 2828 2876 2889 τὰς
2906 2828 3082 2895 ὁρμὰς
3106 2825 3332 2878 διαλύει.

2517 2916 2605 2979 Ὠς
2639 2915 2748 2985 γὰρ
2776 2914 2805 2965 ό
2834 2915 3056 2975 καικίας
3092 2914 3162 2966 τὰ
3225 2914 3385 2983 νέφη,
3423 2914 3517 2967 καὶ
3562 2916 3591 2967 ό
3640 2913 3844 2982 φαῦλος
3893 2912 4005 2982 βίος

2434 3009 2521 3075 ἐφ’
2548 3007 2739 3058 ἑαυτὸν
2760 3005 2910 3058 ἕλκει
2934 3005 3221 3074 λοιδορίας.

2528 3099 2809 3165 Ἄριστοτ.
2855 3127 2923 3135 —
2984 3096 3196 3166 Ὥσπερ
3250 3096 3457 3159 καπνὸς
3535 3096 3844 3150 ὲπιδάκνων
3908 3098 4007 3158 τὰς

754 3211 1043 3281 pupillam,
1073 3209 1221 3279 quod
1244 3217 1331 3262 est
1360 3217 1488 3262 ante
1512 3210 1682 3277 pedes
1704 3208 2027 3277 prospicere
2044 3223 2153 3261 non
2177 3206 2328 3259 sinit:
2359 3190 2401 3247 ο

2359 3190 2401 3247 C
2436 3189 2610 3259 ὄψεις,
2645 3188 2745 3240 οὐκ
2778 3189 2840 3256 ἑᾷ
2869 3187 3199 3257 προϐλέπειν
3230 3188 3288 3240 τὸ
3326 3187 3576 3257 κείμενον
3603 3189 3662 3240 ἐν
3692 3192 3806 3249 τοῖς
3825 3188 4007 3250 ποσὶν,

756 3300 836 3354 sic
864 3309 920 3353 et
953 3300 1034 3353 ira
1066 3300 1353 3367 ingruens,
1405 3300 1580 3352 menti
1646 3299 1901 3352 tenebras
1936 3296 2195 3355 oﬂ‘undit,
2235 3310 2336 3347 nec

756 3391 891 3460 quid
925 3390 1051 3444 inde
1106 3389 1334 3444 absurdi
1389 3390 1699 3458 proveniat,
1766 3387 2013 3441 animum
2060 3385 2336 3455 dispicere

756 3482 1055 3552 permittit.

828 3572 911 3625 An
948 3586 1059 3625 non
1103 3571 1261 3625 vides
1305 3572 1500 3626 abesse
1555 3572 1825 3624 rationem
1853 3568 1923 3623 ab
1956 3568 2023 3620 iis
2054 3564 2337 3625 omnibus,

757 3675 881 3730 qua:
920 3661 976 3714 in
1011 3660 1094 3715 ira
1126 3669 1395 3731 aguntur;
1431 3676 1553 3729 qua:
1583 3660 1843 3713 videlicet
1886 3658 2133 3711 furorem
2164 3654 2336 3724 fugiat

758 3749 914 3802 velut
943 3749 1208 3802 acerbum
1239 3750 1569 3817 tyrannum?

833 3842 919 3896 Ira
955 3841 1306 3911 perturbatio
1333 3850 1419 3894 est
1450 3841 1651 3894 atl‘cctu
1685 3838 1855 3891 animi
1881 3838 2073 3891 bestiis
2116 3836 2335 3898 similis,

772 3928 1027 3983 :ontinue
1057 3943 1338 3997 premens,
1376 3927 1515 3980 dura
1542 3940 1631 3978 res
1668 3924 1830 3995 59h
1848 3938 1912 3977 ac
1946 3924 2207 3985 violenta,
2240 3938 2343 3975 cec-

762 4019 916 4073 dium
940 4034 1126 4081 causa,
1180 4017 1508 4072 calamitatis
1565 4013 1934 4084 oppugnando
1992 4014 2161 4077 socia,
2192 4013 2345 4065 dam-

765 4125 965 4163 norum
997 4125 1200 4179 parens
1244 4125 1308 4163 ac
1345 4108 1603 4171 infamiae,
1642 4106 2003 4176 pecuniarum
2062 4106 2340 4173 perditio;

764 4198 832 4253 ad
860 4199 974 4254 haec
1005 4200 1171 4255 etiam
1203 4197 1580 4267 corruptionis
1611 4197 1862 4265 Iabisque
1887 4196 2061 4264 origo.

2431 3282 2603 3343 οὕτως
2630 3283 2658 3333 ὁ
2691 3279 2861 3348 θυμὸς
2885 3280 3273 3349 ἐπερχόμενος,
3300 3279 3380 3348 τῷ
3411 3280 3659 3349 λογισμῷ
3687 3284 3970 3333 ἐπισκοτεῖ
3992 3320 4007 3342 ,

2433 3372 2530 3425 xai
2582 3372 2643 3422 τὸ
2702 3371 3121 3440 συμὸησόμενον
3152 3370 3210 3435 ἐξ
3246 3370 3412 3423 αὐτοῦ
3448 3374 3650 3424 ἄτοπον
3679 3372 3781 3425 οὐκ
3814 3373 4010 3442 άςίησι

2434 3464 2503 3530 τῇ
2534 3460 2742 3529 διανοίᾳ.
2766 3460 3118 3530 προϐλέπειν.

2509 3552 2621 3621 Οὐχ
2648 3552 2779 3621 όρᾷς
2808 3551 2890 3602 ὅτι
2922 3551 3032 3602 τῶν
3058 3554 3115 3603 ὲν
3152 3553 3290 3623 ὀργῇ
3322 3555 3809 3625 διαπραττομένων
3833 3558 4010 3610 ἁπάν-

2440 3662 2548 3696 των
2578 3646 2606 3696 ὁ
2634 3644 2890 3714 λογισμὸς
2922 3644 3215 3715 ἀποδημεῖ,
3243 3647 3463 3715 φεύγων
3492 3650 3583 3702 τὸν
3612 3650 3786 3718 θυμὸν
3816 3651 3892 3711 ὡς
3921 3669 4013 3700 ττι-

2443 3736 2574 3805 κρὸν
2605 3736 2868 3807 τύραννον
2896 3755 2909 3799 ;

2527 3827 2586 3877 '0
2614 3827 2787 3895 θυμός
2819 3829 2932 3879 ἐστι
2964 3827 3159 3890 πάθος,
3194 3828 3461 3899 θηριῶδες
3491 3831 3590 3899 μὲν
3631 3834 3700 3901 τῇ
3754 3831 4016 3888 διαθέσει.

2449 3917 2672 3986 συνεχὲς
2697 3920 2762 3988 τῇ
2791 3918 2991 3985 θλίψει,
3022 3919 3258 3988 σκληρὸν
3297 3920 3355 3972 δὲ
3401 3922 3495 3973 καὶ
3540 3922 3713 3991 βίαιον
3740 3925 3806 3993 τῇ
3853 3924 4018 3976 δυνά-

2446 4028 2557 4079 μει,
2583 4011 2745 4079 φόνου
2772 4010 2967 4071 αἴτιον,
2993 4014 3279 4081 συμφορᾶς
3314 4012 3626 4083 σύμμαχον,
3654 4014 3859 4084 βλάϐης
3894 4031 4022 4066 συν-

2444 4102 2607 4171 εργὸν
2655 4102 2748 4153 καὶ
2786 4103 3034 4171 άτιμίας,
3076 4104 3170 4155 καὶ
3200 4105 3500 4173 χρημάτων
3548 4105 3791 4158 ἀπώλεια
3816 4121 3829 4133 ’
3853 4106 3933 4156 ἔτι
3964 4106 4021 4156 δὲ

2446 4195 2542 4246 καὶ
2574 4194 2781 4263 φθορᾶς
2814 4195 3075 4264 ἀρχηγόν.

2296 4367 2525 4423 NOTAE.

849 4511 1258 4585 (ὺμιονυονιξρυ
1297 4511 1588 4579 Ἁλικαρν.
1632 4510 1787 4585 Quod
1824 4510 1897 4563 ita
1937 4508 2206 4585 scriptum
2231 4517 2344 4585 est,
2380 4511 2422 4564 ι)
2452 4507 2587 4585 bere
2640 4507 2923 4577 potuerit:
2958 4507 3158 4585 sicque.
3192 4506 3394 4575 passim
3448 4507 3503 4559 in
3555 4507 4027 4585 catenis__cxstam

769 4577 957 4642 tuendi
984 4580 1298 4648 suspicione
1327 4596 1435 4633 non
1486 4577 1658 4634 caret.
1691 4582 1822 4645 Quae
1868 4578 2022 4648 enim,
2069 4577 2345 4648 sententia

770 4656 851 4710 illi
892 4645 1177 4711 tribuit—ur,
1212 4648 1511 4703 Christiani
1544 4650 1785 4703 hominis
1807 4658 1891 4701 est
1926 4654 1983 4700 ct
2013 4647 2067 4699 in
2100 4645 2346 4712 Scriptu-

770 4725 850 4778 ris
877 4719 1103 4781 versati,
1135 4734 1368 4785 quarum
1414 4719 1732 4772 testimonio
1782 4718 1927 4769 illam
1961 4715 2345 4785 probat,rcum

773 4790 1071 4859 Dionysius
1101 4783 1743 4859 Halicarnasseustnnns
1768 4793 1823 4859 et
1854 4786 2014 4859 alter)
2051 4785 2104 4859 in
2143 4783 2345 4838 Christi

774 4853 974 4915 castris
1024 4872 1135 4911 non
1185 4856 1506 4910 meruerint.
1541 4858 1727 4910 Voluit
1775 4857 1917 4909 forte
1971 4853 2235 4908 Maximus
2293 4861 2351 4906 et

775 4930 998 4997 scripsit
1029 4926 1309 4997 atovuciou
1357 4926 1778 4997 ,Ἀλεξανδρέως
1814 4924 2067 4997 _l_)io_ny_sii
2118 4922 2354 4997 Alexan-

777 4993 943 5061 drini,
971 4995 1064 5065 qui
1102 4995 1215 5064 ipse
1262 4995 1484 5064 scriptis
1510 4993 1632 5049 suis
1661 5010 1774 5048 rem
1802 4993 2171 5065 Christianam
2203 4994 2355 5065 locu-

776 5063 1092 5139 pletaverit.
1125 5063 1261 5139 Nec,
1286 5063 1481 5139 a_r|_’ita_
1507 5065 1814 5139 scrip-serit,
1860 5064 2209 5139 fugientibus
2257 5063 2356 5139 mi-

777 5132 948 5191 iiiatis
982 5136 1181 5187 litteris
1208 5133 1417 5187 codicis
1448 5132 1686 5187 Ballesd.
1727 5132 2146 5203 deprehendere
2175 5132 2353 5203 licuit.

778 5204 1075 5276 Subjungit
1131 5204 1503 5276 Apollonium,
1562 5205 1676 5276 qui
1707 5202 1823 5276 ipse
1874 5203 1967 5276 _(si_
1988 5210 2167 5276 tamen
2211 5202 2357 5276 ipse)

777 5271 1081 5329 Commodo
1105 5284 1161 5325 et
1192 5274 1396 5325 Severo
1448 5271 1618 5340 impp.
1668 5271 2006 5327 in'Ecclesia
2062 5271 2271 5332 floruit,
2301 5280 2357 5323 et

779 5289 1081 5329 uouunouo
1105 5289 1161 5325 et
1192 5289 1396 5325 nevere
1448 5289 1521 5326 ιιιι
1568 5290 1618 5340 p.
1668 5290 1722 5325 ιιι
1761 5289 2006 5327 ι·.εοιθειιι
2062 5289 2271 5332 ιιοιιιιι,
2301 5289 2348 5323 et

779 5344 1048 5398 adversus
1077 5342 1393 5394 Montanum
1441 5351 1498 5395 et
1526 5289 1853 5406 Briscillam,
1882 5350 2107 5395 auctore
2157 5341 2348 5393 Hiero-

776 5430 967 5486 nymo,
990 5411 1232 5486 scripsit.
1250 5412 1589 5486 Vcl_potiu_s,_
1607 5410 2349 5486 cumcitassetex__Patribus,

780 5480 921 5538 duos
955 5484 1057 5535 hos
1114 5481 1417 5549 subiunxit,
1449 5482 1543 5549 qui
1578 5483 1632 5536 in
1662 5482 1791 5545 illis,
1821 5482 2112 5535 sententiis
2164 5480 2353 5549 hujus-

781 5554 928 5608 modi
951 5552 1084 5606 clari
1112 5550 1338 5621 fuerint,
1370 5552 1483 5603 sive
1502 5566 1657 5605 error
1678 5552 1877 5621 aliquis
1916 5552 1971 5604 in
2037 5550 2354 5621 nominibus

782 5623 1051 5691 obrepsit,
1080 5620 1194 5673 sive
1216 5635 1358 5691 non.
1380 5623 1486 5673 Aut
1512 5620 1783 5691 denique
1819 5637 1916 5691 pro
1950 5620 2169 5675 Juliano
2222 5620 2353 5673 Dio-

782 5690 978 5763 nysius
1007 5690 1272 5763 obrepsit.
1300 5690 1473 5763 Notus
1499 5690 1748 5763 Julianus
1793 5690 2266 5763 Halicarnasseus,
2288 5706 2355 5743 ex

782 5760 914 5832 quo,
935 5762 1064 5815 licet
1086 5761 1366 5826 hzcrctico,
1404 5761 1542 5815 hane
1566 5761 1833 5816 Maximus
1887 5762 2221 5817 sententiam
2255 5760 2352 5813 ha-

2453 4576 2699 4630 virorum
2722 4593 2831 4629 non
2858 4576 3354 4629 ecclesiasticarum
3409 4576 3714 4629 sementim.
3758 4577 3827 4631 Ut
3877 4581 4027 4632 enim

2452 4662 2517 4699 ex
2548 4646 2755 4700 Graecis
2781 4646 3081 4698 corradunt
3104 4644 3379 4698 Maximus
3407 4655 3464 4698 et
3498 4646 3789 4707 Antonius,
3814 4647 3896 4700 sic
3926 4664 4030 4701 nec

2454 4731 2519 4769 cx
2548 4716 2820 4770 hmreticis
2852 4714 3149 4778 corradere
3175 4714 3473 4784 quidquam
3502 4723 3683 4768 vetat:
3709 4731 4028 4784 quanquam

2456 4801 2564 4837 non
2622 4785 2783 4839 video
2830 4785 2971 4838 alios
3004 4784 3181 4853 palam
3233 4783 3521 4839 haereticos
3568 4785 3624 4837 in
3684 4784 3806 4839 istis
3846 4783 3916 4838 ab
3946 4788 4030 4841 eis

2457 4855 2668 4909 referri.

2531 4926 2600 4993 (ι’)
2632 4926 2728 4993 Μὴ
2764 4926 3299 4993 καθομιλοίνμενον.
3324 4923 3400 4976 Dc
3453 4924 3531 4978 ira
3566 4924 3827 4993 loquitur,
3861 4940 4029 4993 quam

2457 4994 2585 5065 quis
2616 4996 2780 5049 corde
2838 5004 3070 5063 premat,
3112 5010 3216 5048 nec
3277 4994 3459 5049 verbis
3510 4995 4026 5065 sinaticrnmpere.

2460 5064 2575 5119 Hoc
2599 5066 2747 5118 enim
2779 5065 3087 5133 passionem
3120 5073 3303 5134 auget,
3336 5079 3439 5118 nec
3465 5080 3589 5118 raro
3610 5064 3779 5116 etiam
3803 5066 4031 5132 corpori

2460 5135 2637 5189 labem
2665 5134 2856 5197 allert;
2888 5149 3013 5189 cum
3037 5134 3171 5187 alias
3198 5134 3355 5203 quasi
3383 5143 3715 5202 evaporante
3740 5135 4032 5202 sanguinis

2464 5205 2555 5257 illa
2582 5205 2729 5258 circa
2764 5218 2859 5257 cor
2902 5204 3231 5258 acccnsione
3274 5205 3588 5271 querulosis
3638 5203 3764 5257 irati
3815 5204 4027 5262 verbis.

2463 5276 2681 5327 animus
2702 5275 2752 5328 ei
2780 5274 3011 5334 levetur,
3048 5289 3110 5326 ac
3135 5288 3334 5341 corpus
3361 5274 3537 5342 ipsum
3571 5272 3760 5325 mitius
3803 5272 4029 5325 habeat.

2457 5344 2577 5397 Non
2616 5344 2755 5398 bene
2801 5342 2966 5398 Gesn.
3005 5345 3050 5395 si
3099 5358 3337 5395 sermone
3396 5360 3500 5395 non
3550 5343 3838 5395 deliniatur
3877 5351 4037 5411 atque

2451 5421 2685 5470 curetur.
2707 5414 2863 5482 quasi
2899 5414 2968 5466 de
3002 5414 3110 5466 alio
3133 5414 3408 5481 loquatur,
3437 5413 3530 5481 qui
3560 5426 3811 5466 sermone
3831 5411 4036 5464 iratum

2453 5484 2701 5537 deliniat.
2741 5483 2798 5535 ld
2839 5484 2987 5537 enim
3020 5483 3452 5536 accidentarium
3474 5491 3578 5545 est,
3626 5496 3730 5535 nec
3755 5482 3858 5544 ira,
3923 5496 4039 5534 non

2453 5553 2534 5609 sic
2563 5553 2811 5615 delinita,
2844 5568 2873 5607 a
2903 5568 2960 5607 se
2981 5552 3235 5605 morbum
3265 5552 3552 5621 labemque
3593 5553 3812 5620 corpori
3840 5550 4037 5615 affert;

2454 5624 2546 5678 sed
2582 5639 2744 5693 quam
2777 5623 3048 5693 dicebam,
3070 5638 3190 5691 qua:
3220 5624 3300 5678 sic
3323 5623 3510 5676 animo
3541 5621 3914 5684 incrudescat,
3945 5636 4042 5674 vo-

2455 5692 2685 5763 cemque
2719 5694 2889 5763 ipsam
2918 5692 3151 5748 auferat.
