4246 6438
290 398 398 465 849

1590 387 1756 447 LOCI
1796 384 2117 444 COMMUN
2124 385 2233 446 ES.

3431 380 3541 446 859

375 507 760 572 Ὀνειδίζοντος
810 499 960 575 αὐτῷ
996 520 1165 567 τινος,
1195 503 1280 554 ότι
1325 501 1387 553 τὸ
1429 500 1602 569 στόμα
1627 494 1863 556 δυσῶδες
1894 514 1937 570 Α
2034 495 2052 548 l

1859 511 1863 548 ς
1894 514 1937 570 Α
2034 495 2668 565 Expiobrantequodam
2688 496 2834 564 quod
2867 512 2963 551 ore
2986 496 3157 551 fetido
3177 505 3344 563 esset,
3375 500 3536 563 Sane,

290 599 435 675 εἶχεο
472 600 651 655 "om
683 598 815 670 γὰρ,
849 593 1027 662 εἶπεν,
1059 594 1210 664 αὐτῷ
1252 592 1362 646 τῶν
1394 590 1731 661 ἀπορρήτων
1769 586 1863 653 ἐγ·

291 712 423 749 κατε
431 694 599 764 σάπῃ.

842 866 1063 921 ΛΟΓΟΣ
1102 866 1210 920 KA'
1248 866 1315 920 δ’.

474 958 617 1029 Περὶ
644 958 1246 1030 πολυπραγμοσύνης
1274 957 1372 1010 καὶ
1399 954 1685 1024 ἡσυχίας.

362 1160 549 1214 Δουκ.
595 1162 650 1212 ι’.
680 1187 749 1199 -
795 1154 1018 1228 Μάρθα,
1051 1153 1278 1225 Μάρθα,
1314 1152 1582 1224 μεριμνᾷς
1606 1148 1703 1202 καὶ
1739 1163 1867 1218 τυρ-

286 1248 436 1320 σάζῃ
465 1242 597 1317 περὶ
629 1246 839 1301 πολλάυ
868 1244 1018 1309 Ἑνθς
1064 1244 1121 1297 δέ
1171 1245 1290 1297 ἐστι
1346 1242 1536 1313 χρεία·
1578 1240 1767 1311 Μαρία
1809 1238 1867 1290 δὲ

287 1340 392 1411 τὴν
419 1339 633 1409 ἀγαθὴν
670 1337 866 1409 μερίδα
890 1336 1194 1402 ἐξελέξατο,
1224 1336 1347 1406 ἥτις
1376 1334 1474 1388 οὐκ
1504 1331 1870 1403 ἀφαιρεθήσε-

286 1448 383 1486 ται
420 1432 517 1486 ἀπ’
540 1432 732 1503 αὐτῆς.

361 1528 425 1578 A'
448 1526 588 1579 Θεσ.
611 1516 1070 1593 δορυ-Παρακαλῶ
1095 1515 1197 1575 οῦν
1216 1518 1383 1589 ὑμᾶς,
1413 1516 1660 1586 ἀδελφοὶ,
1683 1532 1866 1588 περισ-

292 1616 474 1669 σεύειν
539 1615 745 1683 μᾶλλον
793 1616 888 1668 καὶ
935 1608 1341 1683 φιλοτιμεῖσθαι
1384 1610 1716 1681 ἡσυχάζειν,
1772 1609 1866 1662 καὶ

291 1710 561 1780 πράσσειν
580 1709 649 1762 τά
679 1708 807 1770 ἴδια,
832 1706 929 1761 καὶ
956 1702 1287 1776 ἐργάξεσθαι
1315 1703 1434 1765 ταῖς
1465 1702 1656 1775 χερσῖν
1689 1702 1862 1772 ῦμῶν.

1964 582 2067 649 ait,
2090 585 2265 641 mlta
2296 586 2354 640 in
2384 602 2453 640 eo
2483 594 2695 641 secreta
2722 595 3137 656 eomputruere.

2544 853 2777 912 SERMO
2813 854 2954 912 XXI.

1968 943 2048 998 De
2095 944 2405 1018 curiositate
2449 948 2882 1018 negotiorumque
2936 949 3332 1016 soﬂiritudinc,
3382 960 3432 1006 et
3477 952 3541 1006 de

2318 1017 2489 1086 quieto
2520 1025 2681 1086 atque
2714 1017 2879 1073 ab'eis
2903 1022 3197 1075 uacatione.

2038 1148 2165 1205 Luc.
2200 1164 2253 1213 ι,
2291 1151 2379 1205 Μ.
2417 1181 2488 1192 -
2516 1152 2748 1217 Martha,
2782 1153 2989 1209 Martha
3051 1154 3289 1209 sollicita
3344 1170 3426 1221 es,
3487 1165 3545 1210 et

1970 1243 2216 1297 turbaris
2239 1258 2370 1315 erga
2419 1245 2678 1314 plurima.
2710 1246 2885 1302 Porro
2936 1262 3107 1302 unum
3158 1257 3244 1303 est
3284 1264 3541 1304 necessa-

1969 1336 2135 1389 rium.
2171 1336 2339 1390 Maria
2366 1338 2630 1407 optimam
2654 1348 2863 1408 partem
2884 1338 3073 1406 eieqit,
3100 1353 3223 1409 qua:
3249 1355 3360 1394 non
3385 1340 3541 1395 aul‘e—

1969 1440 2123 1485 retur
2150 1430 2219 1485 ab
2256 1446 2341 1485 ea.

2040 1521 2069 1575 1
2098 1522 2272 1576 Thess.
2306 1539 2379 1588 ιν,
2424 1522 2512 1576 il.
2547 1552 2615 1562 —
2641 1520 2797 1592 Rogo
2826 1522 3009 1592 itaque
3057 1536 3179 1586 vos,
3225 1520 3440 1585 fratres,
3484 1531 3546 1575 ut

1966 1613 2268 1668 abundetis
2308 1614 2482 1685 magis
2511 1654 2526 1678 ,
2553 1619 2611 1667 et
2654 1627 2878 1683 operam
2906 1610 3049 1668 detis
3079 1622 3143 1667 ut
3180 1614 3362 1683 quieti
3401 1613 3541 1675 sitis,

1969 1711 2026 1761 et
2056 1708 2361 1776 operemini
2397 1705 2655 1761 manibus
2696 1707 2916 1761 vestris.

375 1802 522 1863 Ἰὼϐ,
556 1808 649 1857 ια’.
702 1826 775 1843 --
814 1774 1164 1870 Ἠσυχάσεις,
1200 1797 1296 1852 καὶ
1324 1797 1425 1850 οὐκ
1462 1774 1615 1849 ἕσται
1647 1795 1677 1848 ό
1705 1795 1865 1847 πολε-
1900 1774 1941 1827 Β
2038 1831 2052 1851 .

1900 1774 1941 1827 Β
2038 1774 2135 1852 Job
2190 1814 2265 1863 XI,
2297 1799 2380 1853 15.
2415 1798 2789 1865 —Quiesces,
2838 1807 2895 1852 et
2926 1813 3035 1853 non
3079 1798 3188 1853 erit
3238 1797 3334 1868 qui
3371 1812 3546 1867 oppu-

286 1907 411 1959 μων
444 1907 527 1943 σε.
1301 1913 1306 1918 ·

376 1980 522 2047 Ἰὼϐ,
567 1980 681 2037 λϐ.
742 2013 815 2022 -
866 1980 1199 2049 liuentis?"
1253 1976 1577 2048 πολυοχλίαν
1637 1976 1867 2041 πόλεως,

285 2072 505 2141 μέμψιν
529 2070 825 2142 φορολόγου
856 2070 957 2123 οῦκ
993 2068 1209 2123 ἀκούει.
1773 2091 1779 2097 π

359 2170 546 2235 Σιρὰχ
601 2174 694 2221 ια’.
726 2196 794 2206 -
847 2166 1072 2232 Τέκνον,
1110 2166 1187 2235 μὴ
1232 2164 1364 2235 περὶ
1400 2161 1573 2215 πολλά
1625 2160 1869 2215 ἔστωσαν

283 2259 347 2311 al
404 2261 637 2330 πράξεις
700 2275 829 2313 σουο
870 2258 973 2313 ἐάν
1019 2250 1131 2329 γάρ
1186 2256 1488 2328 πληθύνῃς,
1531 2256 1640 2310 οὐκ
1692 2254 1869 2319 ἀθῶος

282 2351 410 2423 ἔσῃ.

361 2445 708 2499 Βασιλεία),
744 2474 814 2487 —-
845 2445 1058 2512 ’Ὠσπερ
1088 2440 1200 2512 γὰρ
1229 2441 1298 2495 τά
1345 2440 1511 2511 θηρία
1560 2439 1871 2507 εὐκαταγώ-

287 2539 451 2590 νιστά
511 2541 617 2591 εἰσι
661 2534 1128 2607 καταψηχθένταο
1191 2532 1365 2598 οὕτως
1440 2532 1727 2603 ἐπιθυμίαι
1775 2533 1869 2586 καὶ

289 2632 456 2700 ὀργαὶ
494 2631 589 2683 καὶ
634 2630 789 2699 φόῦοι
838 2629 935 2681 καὶ
959 2628 1148 2691 λῦπαι,
1198 2628 1268 2681 τά
1326 2627 1508 2681 ίοὸόλα
1547 2627 1644 2697 τῆς
1690 2625 1871 2696 ψυχῆς

287 2724 463 2787 κακὰ,
507 2722 947 2778 κατευνασθέντα
984 2723 1073 2776 διὰ
1113 2724 1213 2795 τῆς
1241 2721 1495 2794 ἡσυχίας,
1528 2720 1621 2772 καὶ
1676 2718 1751 2789 μὴ
1783 2717 1870 2783 ἐξ·

292 2814 694 2883 αγριαινόμενα
750 2812 827 2883 τῷ
866 2813 1085 2884 συνεχεῖ
1137 2811 1439 2886 ἐρεθισμῷ,
1495 2812 1870 2879 εὐκαταγωνι-

290 2905 525 2973 στότερα
560 2908 625 2976 τῇ
662 2906 892 2976 δυνάμει
916 2908 1012 2960 τοῦ
1044 2907 1204 2974 λόγου
1236 2907 1465 2975 γίνεται.

374 2993 609 3063 Ἡσυχία
677 2994 772 3047 οῦν
820 2995 964 3067 ἀρχὴ
1012 2996 1334 3067 καθάρσεως
1382 2998 1448 3067 τῇ
1505 2994 1675 3065 ψυχῇ,
1730 2993 1865 3064 μήτε

1967 1899 2096 1959 gnet
2123 1900 2197 1945 te.

2037 1980 2135 2036 Iob
2186 1997 2369 2046 χχιιι,
2407 1983 2460 2037 7.
2490 2013 2561 2023 —-
2600 1982 2848 2038 irridens
2885 1983 3103 2039 turbam
3138 1984 3382 2040 civitatis
3406 2024 3419 2049 ,
3460 1998 3546 2039 re-

1966 2073 2396 2143 prehensionem
2431 2074 2702 2130 cxactoris
2730 2091 2841 2130 non
2870 2077 3049 2132 audit.

2043 2165 2204 2220 Ecdi.
2242 2182 2317 2231 xu,
2354 2166 2439 2220 lo.
2465 2166 2680 2233 ——Fili,
2728 2182 2797 2221 ne
2833 2168 2981 2223 circa
3014 2168 3190 2223 multa
3235 2169 3347 2223 sint
3390 2176 3547 2223 actus

1966 2257 2052 2312 tui
2078 2276 2097 2311 ι
2132 2258 2179 2312 si
2213 2258 2359 2313 enim
2388 2257 2867 2329 multiplicaveris,
2894 2261 3088 2316 insons
3116 2276 3230 2315 non
3259 2260 3392 2316 eris.

2045 2433 2253 2487 Basilii.
2280 2461 2350 2474 -
2373 2434 2446 2490 Ut
2480 2435 2631 2489 enim
2673 2434 2865 2490 bestiae
2886 2435 2933 2489 si
2963 2434 3309 2490 defricentur
3353 2452 3417 2491 ac
3450 2434 3549 2493 do-

1971 2526 2343 2592 mulceautur,
2392 2525 2559 2583 facile
2600 2537 3017 2598 expugnantur;
3057 2528 3140 2582 sic
3175 2527 3544 2598 cupiditates,

1973 2618 2346 2682 ira,timores
2375 2659 2391 2682 ,
2442 2618 2683 2686 dolores,
2702 2625 2981 2675 venenata
3020 2617 3194 2676 animi
3244 2623 3409 2686 mala,
3445 2637 3545 2677 va-

1971 2710 2187 2765 catione
2218 2726 2283 2767 ac
2323 2711 2544 2767 silentio
2577 2720 2741 2784 atque
2773 2713 2891 2768 otio
2929 2714 3240 2784 consopita,
3302 2729 3407 2769 nec
3429 2714 3545 2785 jugi

1971 2801 2336 2872 proritatione
2386 2803 2648 2870 eﬂerata,
2703 2805 2758 2859 vi
2813 2804 3044 2860 rationis
3102 2805 3325 2862 facilius
3406 2805 3545 2861 edo-

1972 2892 2115 2946 mari
2145 2902 2397 2962 possunt.

2043 2985 2212 3052 Quies
2242 2986 2408 3056 igitur
2438 2994 2495 3041 et
2518 2989 2734 3043 vacatio
2764 3004 2860 3043 seu
2894 2989 3089 3055 otium,
3134 2988 3545 3046 cmundationis

292 3085 549 3153 γλώσσης
577 3086 846 3154 λαλούσης
872 3088 943 3141 τά
977 3087 1086 3140 τῶν
1112 3088 1439 3159 ἀνθρὼπων,
1484 3088 1622 3157 μήτε
1668 3085 1869 3155 ὁφθαλ-
1898 3109 1941 3168 c

1867 3117 1869 3125 ι
1898 3109 1941 3168 c
1973 3077 2171 3132 animae
2185 3078 2528 3168 principium
2567 3088 2672 3146 est,
2723 3095 2848 3134 cum
2881 3096 3059 3150 neque
3087 3080 3273 3151 Hngua
3307 3094 3398 3133 res
3443 3079 3544 3132 hu-

295 3179 415 3247 μῶν
464 3179 719 3249 εὐχροίας
771 3179 1041 3248 σωμάτιον
1073 3181 1168 3233 καὶ
1210 3178 1552 3250 συμμετρίας
1611 3194 1869 3245 περισκο-

290 3269 565 3335 πούντων,
603 3272 741 3340 μήτε
771 3270 940 3341 ἀκοῆς
973 3271 1065 3324 τὸν
1099 3271 1253 3324 τόνον
1299 3270 1397 3340 τῆς
1440 3269 1617 3339 ψυχῆς
1646 3268 1871 3322 ἐκλυού-

292 3380 399 3434 σης
432 3364 492 3416 ἐν
521 3364 784 3434 ἀκροάσει
825 3363 1005 3435 μελῶν
1029 3364 1167 3434 πρὸς
1205 3363 1401 3434 ἡδονὴν
1444 3362 1830 3432 πεποιημένων
1851 3378 1869 3394 ο

289 3455 438 3525 μήτε
488 3456 731 3526 ῥήμασιν
757 3455 1108 3525 εὐτραπέλων
1154 3457 1248 3508 καὶ
1290 3452 1623 3523 γελοιαστῶν
1663 3451 1871 3524 ἀνθρὼ-

288 3563 438 3610 πων,
463 3544 491 3600 ὃ
522 3546 758 3617 μάλιστα
797 3546 948 3600 λύειν
974 3546 1077 3616 τῆς
1100 3546 1283 3618 ψυχῆς
1306 3545 1399 3599 τὸν
1422 3546 1575 3600 τόνον
1603 3543 1867 3614 πέφυκεν.

364 3719 512 3786 Νοῦς
564 3721 664 3791 μὲν
714 3720 825 3792 γάρ
873 3721 949 3794 μὴ
1010 3718 1436 3793 σκεδαννύμενος
1484 3720 1577 3774 ἐπὶ
1621 3720 1690 3775 τά
1741 3719 1865 3787 ἔξω,

287 3813 436 3886 μηδέ
462 3812 569 3866 ὑπὸ
596 3812 707 3867 τῶν
732 3813 1105 3885 αἰσθητηρίων
1146 3814 1241 3866 ἐπὶ⁶
1286 3812 1379 3867 τὸν
1414 3813 1620 3884 κόσμον
1659 3811 1870 3881 διαχεό-

289 3922 480 3972 μενος,
505 3906 757 3959 ἐπάνεισι
788 3905 888 3975 μὲν
914 3905 1047 3976 πρὸς,
1082 3906 1273 3958 ἑαυτόν
1291 3920 1304 3934 ⁸
1334 3904 1401 3957 δι’
1431 3902 1624 3958 ἐαυτοῦ
1651 3903 1707 3956 δὲ
1735 3901 1871 3973 πρὸς

291 3996 395 4065 τὴν
428 3995 560 4065 περὶ
588 3994 725 4050 Θεοῦ
754 3994 966 4049 ἐννοιαν
994 3994 1308 4049 ἀναϐαίνεισ
1338 3993 1581 4065 κάκείνῳ
1608 3993 1685 4064 τῷ
1734 3991 1869 4048 κάλο

291 4086 377 4136 λει
413 4082 899 4153 περιλαμπόμενός
926 4100 987 4136 τε
1034 4085 1129 4137 καὶ
1165 4081 1596 4154 ἐλλαμπόμενος,
1641 4081 1738 4135 καὶ
1774 4081 1873 4135 αὐ-

291 4178 396 4245 τῆς
426 4175 527 4242 τῆς
555 4174 772 4243 φύσεως
805 4174 977 4245 λήθην
1006 4174 1292 4244 λαμϐάνει,
1327 4174 1467 4243 μήτε
1498 4172 1637 4244 πρὸς
1665 4173 1870 4244 τροφῆς

286 4265 577 4335 φροντίδα,
637 4267 776 4335 μήτε
821 4265 959 4335 πρὸς
1007 4264 1374 4336 περιϐολαίων
1428 4264 1720 4337 μέριμναν,
1770 4263 1869 4335 τὴν

289 4357 474 4428 ψυχὴν
498 4356 897 4428 καθελκόμενος
920 4373 934 4386 ·
974 4356 1109 4410 ἀλλά
1154 4355 1351 4427 σχολὴν
1380 4355 1488 4409 ἀπὸ
1529 4352 1639 4408 τῶν
1667 4353 1872 4423 γηΐνων

1974 3180 2163 3219 manas
2185 3166 2451 3235 loquitur,
2498 3182 2603 3221 nec
2629 3168 2776 3223 oculi
2825 3170 3076 3224 colorum
3118 3168 3276 3223 fucos
3309 3177 3545 3237 apteque

1973 3250 2238 3321 disposita
2291 3268 2357 3308 ac
2396 3256 2671 3310 concinna
2720 3257 3056 3327 corporibus
3096 3257 3341 3311 membra
3365 3257 3548 3326 idispi-

1973 3342 2146 3407 ciunt,
2176 3360 2279 3398 nec
2305 3358 2468 3401 aures
2490 3347 2660 3401 animi
2689 3355 2939 3403 tenorem
2958 3348 3201 3412 solvunt,
3250 3348 3547 3403 audiendis

1968 3436 2203 3491 canticis
2232 3437 2300 3491 ad
2328 3438 2667 3508 voluptatem
2692 3439 3015 3505 modulatis,
3050 3445 3149 3493 aut
3189 3437 3356 3493 dictis
3388 3454 3545 3493 scur-

1975 3526 2168 3582 rilibus
2211 3543 2276 3583 ac
2323 3528 2574 3585 ridiculis
2602 3571 2617 3595 ,
2669 3547 2794 3601 quae
2850 3533 3023 3587 animi
3083 3532 3413 3602 gravitatem
3458 3534 3544 3587 vel

1973 3617 2207 3672 maxime
2231 3619 2438 3676 elidere
2464 3621 2879 3678 aciabefactare
2900 3623 3099 3680 solent.

2043 3710 2192 3765 tiens
2209 3714 2358 3767 enim
2380 3728 2507 3769 cum
2532 3714 2600 3770 ad
2630 3730 2721 3770 res
2778 3725 3037 3772 externas
3072 3732 3186 3773 non
3226 3718 3545 3788 dissipetur,

1973 3815 2078 3856 nec
2104 3817 2135 3856 a
2170 3805 2428 3862 sensibus
2447 3805 2520 3861 ad
2556 3821 2622 3862 ea
2652 3823 2775 3878 quae
2813 3809 3001 3864 seaculi
3034 3820 3165 3865 sunt
3211 3819 3547 3881 terrenaque

1970 3894 2330 3964 dili‘unditur,
2361 3899 2429 3953 ad
2461 3900 2701 3971 seipsam
2734 3901 3058 3969 revertitur,
3092 3918 3159 3958 ac
3206 3918 3305 3973 per
3336 3917 3395 3958 se
3430 3904 3548 3974 ipsa

1970 3990 2039 4045 ad
2080 3990 2178 4044 Dei
2206 3989 2460 4045 ascendit
2486 3988 2949 4063 intelligentiam;
2983 4008 3095 4063 quo
3141 3993 3404 4049 videlicet
3428 3995 3545 4048 col-

1971 4084 2203 4138 lustrata
2233 4080 2532 4152 splendore
2568 4097 2633 4137 ac
2684 4080 3022 4140 circumfusa
3042 4125 3057 4150 ,
3108 4081 3292 4155 ipsius
3324 4102 3547 4156 quoque

1970 4182 2181 4228 naturae
2204 4172 2591 4238 obliviscitur;
2620 4171 2786 4244 599
2803 4190 2913 4229 non
2934 4175 3185 4229 alimenti
3217 4190 3407 4242 causa,
3432 4192 3546 4230 non

1969 4264 2287 4319 vestimenti
2321 4264 2568 4327 animum
2592 4264 2919 4330 sollicitans,
2950 4265 3049 4321 sed
3102 4266 3340 4321 terrenis
3392 4268 3549 4321 curis

1970 4354 2205 4409 liberata
2238 4394 2253 4419 ,
2302 4354 2549 4409 studium
2581 4369 2747 4410 omne
2769 4365 2940 4425 atque
2966 4370 3194 4427 operam
3220 4356 3289 4411 ad
3343 4357 3548 4426 sempi-

292 4447 597 4518 φροντίδων
633 4446 803 4516 ἄγων,
830 4446 929 4517 τὴν
952 4448 1132 4500 πᾶσαν
1162 4447 1361 4500 ἐαυτοῦ
1394 4446 1626 4516 σπουδὴν
1647 4446 1740 4500 ἐπὶ
1766 4446 1864 4516 τὴν
1900 4440 1946 4496 D

1900 4440 1946 4496 D
1978 4454 2136 4499 terna
2168 4445 2313 4499 bona
2346 4444 2718 4514 comparanda
2766 4445 3018 4512 confert;
3058 4445 3341 4515 quomodo
3400 4446 3550 4499 scili-

285 4536 495 4606 κτῆσιν
514 4536 626 4589 τῶν
644 4536 876 4589 αἰωνίων
895 4536 1119 4605 ἀγαθῶν
1147 4536 1492 4607 μετατίθησι,
1518 4535 1637 4599 πῶς
1679 4553 1875 4605 κατορ-

283 4627 446 4697 θωθῇ
486 4625 634 4696 αὐτῷ
667 4628 702 4698 ἡ
739 4629 1062 4698 σωφροσύνη
1092 4629 1187 4680 καὶ
1229 4629 1263 4698 ὴ
1307 4627 1530 4697 ἀνδρεία
1554 4642 1569 4657 ο
1599 4625 1718 4689 πῶς
1748 4625 1804 4678 δὲ
1838 4627 1874 4696 ἡ

281 4718 615 4788 δικαιοσύνη
650 4720 746 4773 καὶ
774 4720 807 4790 ἡ
850 4720 1135 4790 φρόνησις,
1170 4717 1263 4771 καὶ
1289 4719 1343 4771 αἱ
1370 4717 1557 4771 λοιπαὶ
1592 4718 1803 4789 ἀρεταί.

379 4811 472 4865 Ἐν
502 4813 615 4875 τοῖς
643 4811 865 4863 ἕλκουσι
908 4811 1007 4881 τὴν
1034 4809 1217 4881 ψυχὴν
1256 4810 1353 4864 καὶ
1386 4806 1644 4880 ἀσχολίας
1690 4808 1873 4879 βιωτι-

287 4902 400 4964 κάς
433 4899 778 4971 ἐμποιοῦσιν,
804 4900 1192 4974 περιγενέσθαι
1210 4902 1310 4973 τῆς
1330 4900 1592 4955 ἐπιπόνου
1616 4899 1869 4973 μελέτης,

286 4991 603 5062 ἀμήχανον.

368 5081 692 5151 Θεολόνου.
716 5113 788 5124 —
813 5083 934 5156 Χρὴ
964 5097 1018 5137 τι
1046 5084 1142 5137 καὶ
1165 5083 1480 5155 ἡσυχάζειν,
1507 5080 1650 5137 ὥστε
1670 5080 1874 5139 ἀθολώ-

290 5190 410 5238 τως
441 5175 795 5245 προσομιλεῖν
822 5175 904 5247 τῷ
931 5175 1053 5246 Θεῷ
1077 5192 1093 5208 ο
1129 5175 1228 5231 καὶ
1279 5176 1476 5249 μικρόν
1518 5191 1573 5231 τι
1619 5176 1876 5246 συνάγειν

289 5266 389 5322 τὸν
416 5264 545 5322 νοῦν
576 5268 687 5322 ἀπὸ
713 5265 823 5322 τῶν
860 5266 1209 5325 πλανώντων.

363 5544 661 5619 τηροῦμεν
698 5545 799 5610 τάς
828 5544 1077 5618 ἀλλήλων
1104 5547 1403 5619 ἁμαρτίας,
1434 5548 1533 5620 οὐχ
1558 5548 1657 5604 ἵνα·
1675 5547 1879 5622 θρηνή-

294 5653 511 5711 σωμεν,
536 5634 653 5692 ἀλλ’
704 5636 772 5691 ἵν’
815 5638 1201 5709 όνειδίσωμεψ
1242 5639 1363 5699 οὐδὲ
1400 5640 1486 5695 ἵνα
1521 5639 1874 5713 θεραπεύσω-

365 5796 415 5828 ⁵⁸
448 5794 546 5853 Est
576 5792 631 5851 in
661 5794 825 5852 Gesn.
860 5794 1015 5854 Stob.
1059 5797 1146 5853 49.

1978 4549 2071 4593 cet
2095 4537 2517 4607 temperantiam
2567 4547 2630 4593 et
2672 4536 3096 4603 fortitudinem,
3140 4536 3424 4606 quomodo
3453 4538 3547 4608 ju-

1974 4628 2185 4684 stitiam“
2217 4635 2278 4682 et
2328 4625 2682 4697 prudentiam
2708 4667 2725 4691 ,
2756 4642 2823 4682 ac
2863 4627 3104 4682 virtutes
3128 4626 3375 4697 reliquas
3403 4642 3548 4697 prae-

1977 4728 2085 4776 stet
2117 4728 2175 4775 et
2203 4719 2456 4789 impleat.

2049 4812 2195 4867 Fieri
2230 4822 2344 4866 non
2382 4813 2568 4882 potest
2593 4818 2656 4865 ut
2702 4810 2848 4867 inter
2876 4826 2942 4866 ea
2994 4825 3119 4881 qua:
3159 4809 3407 4866 animum
3433 4811 3551 4866 dis-

1976 4903 2233 4969 trahunt,
2280 4920 2347 4959 ac
2375 4904 2561 4960 saeculi
2608 4918 2774 4960 curas
2828 4904 3110 4974 injiciunt,
3158 4912 3395 4959 strenuo
3427 4903 3556 4975 quis

1979 5008 2183 5056 conatu
2207 4997 2516 5053 cmlestium
2550 4995 2911 5052 meditatione
2939 4996 3208 5067 potiatur.

2052 5090 2314 5161 Theologi.
2347 5121 2417 5130 —
2455 5089 2724 5145 Nonnihil
2755 5089 2921 5144 etiam
2963 5088 3214 5145 dandum
3266 5089 3441 5160 quieti
3486 5104 3554 5145 ac

1982 5184 2233 5249 silentio,
2270 5193 2331 5239 ut
2362 5183 2646 5240 inturbata
2685 5192 2871 5239 mente
2896 5199 3022 5239 cum
3048 5184 3162 5240 Deo
3185 5198 3553 5241 consuescere

1981 5276 2164 5340 liceat,
2191 5275 2598 5346 familiariaque
2642 5291 2771 5332 cum
2831 5291 2903 5333 eo
2948 5276 3187 5334 miscere
3236 5277 3550 5350 colloquia;

1975 5376 2043 5422 ac
2076 5366 2351 5427 tantisper
2375 5381 2408 5421 a
2444 5366 2613 5421 rebus
2655 5366 2951 5423 fallacibus
2976 5377 3035 5423 et
3065 5382 3190 5438 qua:
3216 5366 3273 5422 in
3301 5381 3551 5423 errorem

1975 5458 2223 5523 mittunt,
2248 5458 2646 5514 subducendas
2675 5459 2913 5514 animus.

2042 5546 2148 5603 Alii
2183 5548 2417 5604 aliorum
2468 5558 2655 5606 errata
2700 5549 3084 5617 observamus,
3120 5565 3231 5605 non
3269 5556 3330 5603 ut
3353 5547 3549 5617 lugea-

1959 5654 2119 5710 'mus,
2167 5641 2264 5698 sed
2309 5650 2370 5698 ut
2426 5641 2873 5713 exprobremus;
2926 5657 3108 5714 neque
3157 5652 3219 5699 ut
3267 5652 3547 5703 curemus,
