4246 6438
771 386 871 451 851
1911 392 1973 454 S.
2015 392 2300 453 ΜΛΧῙΜΙ
2345 392 2448 454 C0]

2345 392 2855 458 CONFESSORIS
3910 396 4008 460 852

765 497 865 562 sed
898 507 958 557 ut
990 512 1130 553 noxa
1160 497 1413 568 graviore
1440 512 1777 567 premamus,
1824 499 2173 570 proximique
2217 501 2341 554 vul-
2371 509 2412 562 Α

2331 528 2341 540 ·
2371 509 2412 562 Α
2444 522 2565 574 μεν,
2590 504 2708 557 ἀλλ’
2743 505 2830 558 ἴνα
2860 502 3321 574 προσπλήξωμεν,
3349 503 3444 557 καὶ
3470 502 3769 571 ἀπολογίαν
3798 503 4008 574 ἔχωμεν

764 603 899 664 nera
930 598 1246 644 nostrorum
1311 589 1581 645 malorum
1645 590 2059 647 excusationem
2131 591 2338 646 habea-
2439 617 2441 630 ι

2226 606 2338 646 iea-
2439 596 2548 649 τῶν
2575 597 2859 669 ἡμετέρων
2890 597 3077 651 κακῶν
3104 595 3175 651 τά
3200 596 3311 651 τῶν
3338 597 3565 667 πλησίον
3588 596 3903 668 τραύματα,

764 694 907 741 mus.

775 751 779 754 i
834 769 1114 825 Subducta
1150 771 1393 842 negotiis
1420 773 1582 842 quies
1624 787 1690 826 ac
1736 776 1954 830 vacatio
1999 775 2069 829 iis
2107 776 2337 845 quzesita

2329 794 2337 831 ι
2520 776 2585 830 Ἦ
2614 776 2926 848 ἀπράγμων
2960 775 3180 846 ἡσυχία,
3211 774 3311 845 τῆς
3358 776 3417 829 ὲν
3447 775 3735 846 πράγμασι
3781 791 4006 847 περιφα-

759 862 1013 917 claritate
1060 862 1468 935 munerumque
1511 864 1721 932 infulis,
1790 869 2141 936 praestantior
2192 868 2339 924 exsi-

1266 862 1468 935 umque
1511 864 1721 932 infulis,
1790 869 2141 936 praestantior
2192 868 2339 924 exsi-
2437 869 2585 933 νείας
2620 866 2943 938 τιμιωτέρα.

758 956 877 1009 stit.

828 1047 989 1102 Prov.
1019 1065 1145 1114 xvu,
1182 1050 1233 1103 l.
1289 1048 1557 1121 Chrysost.
1589 1082 1659 1091 —
1708 1051 1899 1107 Melior
1945 1060 2032 1108 est
2085 1053 2335 1109 buccella
2503 1094 2505 1101 ι

2325 1071 2335 1109 ι
2503 1050 2879 1118 Χρυσοστ.-
2912 1050 2955 1100 Κ
2967 1050 3181 1120 ρεῖσσον
3218 1046 3330 1118 γάρ
3354 1047 3547 1119 ψωμδς
3583 1048 3643 1100 ἑν
3687 1046 3845 1101 ἅλατι
3889 1044 4002 1116 μεθ’

755 1140 919 1210 panis
952 1139 1010 1209 in
1042 1142 1154 1195 sale
1179 1156 1307 1203 cum
1335 1142 1525 1211 quiete
1559 1152 1618 1198 et
1659 1144 1979 1210 securitate,
2006 1159 2172 1214 quam
2216 1145 2335 1201 lau-

2328 1173 2335 1185 ι
2432 1143 2666 1214 ἡσυχίας
2722 1141 2818 1196 καὶ
2876 1139 3233 1212 ἀμεριμνίας,
3276 1140 3310 1212 ἢ
3358 1140 3665 1210 παράθεσις
3695 1137 4005 1208 ἐδεσμάτων

758 1238 939 1301 tarum
978 1233 1270 1302 epularum
1309 1243 1610 1303 apparatus
1654 1250 1720 1295 ac
1766 1249 1960 1292 mensa
2015 1251 2143 1292 cum
2181 1236 2333 1299 curis
2433 1257 2435 1266 ί

2063 1251 2143 1292 ιιῐι
2181 1236 2333 1299 curis
2433 1232 2739 1299 πολυτελῶν
2767 1233 2827 1293 ὲν
2858 1231 3264 1304 περισπασμοϊς
3292 1229 3388 1285 καὶ
3423 1229 3740 1303 μερίμναις.

754 1323 1000 1380 animum
1028 1323 1476 1380 distrahentibus
1499 1334 1557 1381 et
1590 1326 2096 1384 sollicitudinibus.

825 1414 945 1469 Non
971 1416 1122 1470 enim
1160 1415 1278 1471 fieri
1316 1426 1519 1486 potest,
1550 1428 1610 1474 ut
1637 1418 1730 1488 qui
1767 1416 2001 1474 alienam
2045 1420 2216 1476 vitam
2265 1437 2333 1483 ac

2329 1443 2333 1474 ι
2507 1414 2582 1469 Οὐ
2626 1413 2736 1483 γάρ
2780 1410 2931 1465 ἐστιν
2982 1410 3268 1482 ἄνθρωπον
3310 1408 3442 1471 τοὺς
3492 1407 3811 1479 ἀλλοτρίους
3836 1406 4006 1471 πολυτ

753 1520 940 1563 mores
970 1506 1250 1575 curiosius
1295 1507 1649 1574 rimatur,.is
1688 1525 1931 1579 unquam
1974 1526 2106 1566 suos
2150 1520 2327 1568 curet.

2326 1556 2327 1563 χ
2432 1504 2858 1580 πραγμονοῦντα
2884 1502 3055 1575 βίους,
3080 1501 3184 1572 τῆς
3214 1501 3424 1566 οἰκείας
3448 1499 3850 1572 ἐπιμεληθῆναί
3877 1517 4003 1553 ποτε

750 1595 888 1671 Cum
918 1598 1067 1653 enim
1095 1598 1365 1668 quidquid
1397 1598 1477 1656 illi
1508 1614 1691 1669 opera:
1714 1608 1799 1655 est
1826 1600 1883 1655 in
1904 1618 2025 1657 eam
2046 1618 2163 1657 rem
2194 1619 2327 1659 eon-

2326 1637 2327 1643 η
2430 1598 2599 1670 ζωῆς.
2633 1597 2744 1668 Τῆς
2776 1594 2885 1665 γάρ
2920 1594 3157 1665 σπουδῆς
3186 1590 3336 1664 αὐτῷ
3382 1592 3567 1662 πάσης
3615 1593 3697 1658 είς
3750 1591 3850 1662 τὴν
3897 1591 4003 1657 τῶν

752 1686 895 1743 ferat
925 1704 989 1743 ac
1026 1688 1299 1753 insumat,
1353 1704 1583 1746 necesse
1617 1700 1701 1747 est
1754 1699 1814 1746 ut
1851 1707 1976 1764 qua:
2019 1693 2172 1750 illius
2198 1704 2330 1751 sunt

2324 1711 2330 1751 ι
2429 1690 2635 1761 ἑτέρων
2658 1685 3195 1758 πολυπραγμοσύνην
3216 1684 3672 1756 ἀναλισκομένης,
3697 1684 3913 1751 ἀνάγκη
3937 1681 4001 1753 τὶς

753 1788 964 1843 temere
993 1781 1357 1851 neglectaque
1382 1781 1627 1852 jaceant.

2430 1781 2599 1839 αὐτοῦ
2628 1780 2817 1844 ἀτελῶς
2842 1778 3057 1836 κεῖσθαι
3090 1778 3188 1833 καὶ
3206 1776 3591 1849 ἠμελημένως.

826 1871 1080 1925 Philonis.
1112 1903 1183 1912 -—
1210 1873 1311 1927 Vir
1350 1873 1575 1943 sapiens
1614 1875 1933 1932 solitudinis
1972 1878 2086 1932 otia
2127 1879 2328 1934 vitam-
2360 1852 2403 1907 Β
2501 1897 2503 1909 '

2323 1907 2328 1918 -
2360 1852 2403 1907 Β
2501 1873 2791 1938 Φίλωνος.
2819 1900 2890 1911 -
2928 1870 2989 1925 '0
3038 1868 3201 1939 σοφὸς
3247 1868 3485 1939 ⁴ἠρεμίαν
3516 1868 3612 1922 καὶ
3644 1866 4000 1939 ἀπραγμοσύτ

749 1979 858 2033 quc
886 1980 917 2018 a
947 1964 1186 2035 negotiis
1214 1980 1445 2020 vacuam
1470 1981 1535 2021 ac
1554 1968 1921 2022 cessationem
1948 1971 2324 2040 persequitur,

2430 1986 2529 2039 νην
2574 1966 2784 2034 διώκει,
2820 1966 2911 2021 ινα
2950 1966 3065 2029 τοῖς
3111 1963 3278 2028 θείοις
3324 1962 3677 2035 θεωρήμασιν
3709 1963 3767 2017 ὲν
3799 1962 4001 2040 ἡσυχία

748 2070 861 2123 quo
903 2054 1166 2109 nimirum
1225 2054 1431 2111 divinis
1492 2058 2062 2129 contemplationibns
2101 2061 2327 2119 silentio
2426 2060 2662 2132 ἐπιτύχῃ
2689 2058 2756 2114 ιι.

746 2161 917 2221 agens
948 2156 1296 2203 consuescat.

816 2236 913 2291 Vir
961 2238 1183 2307 sapiens
1226 2238 1457 2311 perfuga
1484 2249 1590 2306 est,
1633 2244 2100 2314 transmigratque
2138 2260 2168 2299 a
2211 2246 2324 2300 vita

2320 2272 2324 2299 ι
2500 2235 2673 2306 Σοφδς
2705 2235 2955 2306 μέτοικος
2983 2233 3081 2295 καὶ
3121 2232 3464 2303 μετανάστης
3511 2231 3662 2297 ἐστὶν
3684 2232 3750 2298 ὲκ
3773 2228 3870 2283 τοῦ
3905 2245 3997 2293 πετ

746 2327 1075 2395 perturbata
1122 2338 1288 2398 atque
1332 2331 1561 2387 confusa
1599 2332 1669 2386 ad
1712 2333 1930 2389 beatam
1978 2350 2098 2390 eam
2128 2336 2321 2401 vitam,

2426 2330 2708 2400 φυρμένου
2746 2328 2884 2398 βίου,
2915 2327 3057 2399 πρὸς,
3075 2325 3177 2397 τὴν
3204 2326 3501 2398 εἰρηναξοις
3553 2324 3871 2394 πρέπουσαν
3910 2322 4000 2376 καὶ

744 2434 867 2489 qum
892 2419 1153 2489 pacificos
1182 2419 1362 2475 decet.

1229 2429 1362 2475 ecet.
2428 2420 2706 2493 μακαρίαν
2740 2421 2906 2491 ζωήν.

819 2510 1057 2583 Evagrii.
1094 2512 1322 2567 Praestat
1371 2513 1426 2568 in
1478 2522 1665 2569 storea
1700 2514 1979 2585 iacentem
2017 2534 2186 2589 agere
2222 2522 2323 2575 bo-
2495 2561 2496 2564 η

2495 2513 2814 2582 Εὑαγριόυ.
2844 2540 2914 2550 -
2953 2512 3061 2581 Ζᾷν
3084 2509 3307 2581 ἄμεινον
3336 2509 3429 2563 ἐπὶ
3472 2507 3723 2585 στιβάδος
3747 2506 4002 2567 κατακείτ

744 2618 928 2672 noque
950 2604 1137 2661 animo
1162 2620 1310 2673 esse,
1340 2621 1506 2677 quam
1537 2606 1590 2663 in
1616 2607 1762 2663 lecto
1804 2624 1976 2666 aureo
2009 2612 2161 2668 euris
2191 2628 2323 2683 per-

2428 2619 2589 2673 μενον
2637 2604 2732 2654 καὶ
2762 2600 3009 2674 θαρῤεἶν,
3055 2598 3089 2671 ἥ
3139 2598 3512 2670 ταράσσεσθαι
3555 2601 3766 2670 χρυσῆν
3811 2596 4000 2668 ἔχοντα

744 2696 980 2751 turbari.
2424 2693 2634 2765 κλίνην.

811 2788 1065 2855 Quatuor
1110 2804 1179 2844 ex
1226 2790 1397 2847 rebus
1450 2792 1674 2849 animus
1728 2795 1977 2852 incultus
2029 2797 2321 2865 redditur,

2494 2787 2593 2841 Διὰ
2619 2787 2907 2858 τεσσάρων
2937 2784 3283 2856 πραγμάτων
3315 2785 3350 2855 ἡ
3373 2782 3522 2855 ψυχὴ
3544 2782 3753 2853 ἔρημος
3770 2780 3998 2856 γίνεται,

740 2879 888 2949 quod
914 2896 1025 2935 non
1053 2881 1171 2951 ipse
1199 2898 1392 2938 secum
1425 2885 1613 2954 quiete
1638 2896 1806 2957 atque
1841 2890 1958 2943 otio
1981 2898 2124 2961 agat,
2171 2892 2321 2960 quod

2423 2880 2519 2933 τοῦ
2569 2878 2643 2949 μὴ
2689 2879 2985 2950 ἡσυχάσαι,
3036 2878 3131 2930 καὶ
3169 2876 3259 2931 διὰ
3308 2874 3403 2929 τοῦ
3437 2874 3660 2946 ἀγαπᾷν
3707 2872 3801 2926 τὸν
3843 2887 4000 2941 περι-

742 2967 976 3041 distrabi
1009 2985 1195 3039 rerum
1242 2972 1394 3027 curis
1447 2988 1512 3028 ac
1558 2976 1799 3046 negotiis
1846 2977 2048 3033 lubens
2094 2979 2319 3045 habeat,

2427 2971 2703 3042 σπασμὸν,
2731 2970 2828 3024 καὶ
2865 2969 2961 3023 τοῦ
2986 2968 3271 3023 ὲπιποθεῖν
3302 2966 3401 3038 τὴν
3433 2966 3591 3037 ὓλην,
3622 2963 3837 3019 καὶτοῦ
3882 2978 4001 3017 κνι-

741 3060 891 3130 quod
922 3070 1143 3127 terrena
1164 3064 1541 3133 concupiscat,
1565 3081 1631 3121 ac
1679 3067 1827 3138 quod
1872 3085 2190 3139 praparcus
2220 3086 2320 3126 ex-
2425 3063 2713 3118 πεύεσοαιο

740 3150 927 3229 sistat.
2346 3180 2391 3241 ϐ

812 3226 940 3299 Nili.
973 3245 1187 3300 —-Vita
1230 3246 1413 3316 quieta
1437 3257 1602 3319 atque
1639 3250 1855 3320 privata
1907 3261 2177 3322 extraque
2217 3270 2319 3309 ne-
2350 3226 2391 3241 ν

2350 3226 2391 3241 ν’
2491 3238 2735 3314 Νείλουτ
2761 3237 2965 3301 -Βίος
2996 3237 3241 3307 ἡσύχιος,
3273 3233 3574 3319 χρημάτων
3605 3229 3818 3307 πολλῷν
3848 3245 4002 3309 περς-

740 3332 910 3403 gntia,
939 3333 1259 3395 divitiarum
1294 3338 1637 3395 abundantia
1662 3341 1934 3402 illustrior
1964 3344 2202 3398 exsistit.

1102 3352 1259 3395 arum
1294 3338 1637 3395 abundantia
1662 3341 1934 3402 illustrior
1964 3344 2202 3398 exsistit.
2423 3331 2774 3400 φαινέστερος·

816 3417 925 3475 Ilcs
953 3420 1092 3476 dura
1115 3433 1201 3478 est
1226 3422 1293 3478 iis
1328 3425 1424 3494 qui
1460 3426 1571 3495 jam
1595 3442 1791 3483 recens
1812 3429 2017 3483 saeculo
2063 3430 2318 3484 nuntium

2510 3422 2797 3485 Ἐπίπονος
2830 3422 2945 3483 τοῖς
2973 3418 3173 3480 νεωστὶ
3212 3415 3683 3485 ἀποτασσομένοις
3712 3415 3746 3484 ἡ
3776 3412 3998 3491 ἡσυχίαἲ

741 3511 1057 3586 remittunt,
1083 3514 1405 3571 solitudinis
1434 3517 1599 3586 quies
1618 3532 1682 3571 ac
1701 3518 1866 3588 600
1894 3520 2140 3584 vacatio;
2167 3521 2315 3588 quod

2422 3511 2554 3565 Τότε
2583 3512 2693 3582 γάρ
2717 3511 2908 3582 καιρὸν
2930 3508 3177 3563 λασοῦσα
3218 3508 3252 3579 ἡ
3284 3509 3496 3577 μνήμη,
3541 3508 3722 3559 πᾶσαν
3751 3505 4006 3577 ἀνακινεζ

742 3612 878 3657 tunc
915 3604 1183 3660 memoria
1211 3606 1562 3662 occasionem
1612 3618 1773 3663 nacta
1822 3609 2045 3664 insitam
2098 3625 2316 3666 onmem

2420 3602 2519 3673 τὴν
2546 3580 2877 3672 ἐγκειμένην
2904 3600 3273 3671 ἀκαθαρσίαν,
3305 3600 3367 3652 οὑ
3418 3596 3756 3667 σχολάζουσα
3800 3595 4000 3662 πρότε-

742 3693 1154 3754 immuuditiem
1178 3710 1546 3764 commoveat,
1588 3715 1713 3756 cum
1749 3702 1805 3756 id
1830 3712 1959 3759 ante
1994 3704 2046 3758 ei
2076 3704 2317 3759 liberum

2423 3711 2516 3764 ρον
2540 3694 2700 3747 τοῦτο
2734 3697 2910 3748 ποιεῖν
2954 3692 3043 3748 διὰ
3088 3692 3151 3746 τὸ
3203 3690 3408 3762 πλῆθος
3447 3689 3559 3742 τῶν
3603 3685 4004 3762 περισπώντων

740 3798 851 3846 non
903 3794 1074 3850 esset,
1117 3784 1189 3841 ob
1239 3789 1410 3844 multa
1470 3790 1562 3846 illa
1620 3791 1825 3862 quibus
1876 3792 2315 3859 distrahebatur,

1117 3784 1189 3841 ob
1239 3789 1410 3844 multa
1470 3790 1562 3846 illa
1620 3791 1825 3862 quibus
1876 3792 2315 3859 distrahebatur,
2422 3786 2792 3860 πραγμάτων.

739 3874 979 3945 negotia.

809 3962 1355 4036 Cyrilli.-—Turbat0
1384 3972 1568 4027 animo
1596 3983 1763 4045 atque
1790 3975 1973 4041 anxio,
2002 3991 2181 4045 neque
2217 3978 2318 4045 ho-_

2488 3966 2818 4035 Κεφίλλου.
2886 3992 2950 4007 -—
3008 3964 3099 4015 Ἐν
3155 3960 3541 4033 θορυϐουμένῳ
3608 3955 3705 4010 καὶ
3738 3953 4003 4061 ’ἀγωνίαν

736 4056 879 4130 ncsti
915 4066 1080 4128 atque
1109 4060 1379 4118 virtutum
1406 4063 1517 4119 ulla
1547 4066 1832 4137 cogitatio,
1858 4082 2038 4138 nequc
2066 4068 2163 4122 Dei
2190 4084 2315 4140 gra-

2417 4059 2595 4131 ἔχοντι
2625 4058 2722 4127 νῷ,
2774 4056 2900 4110 οὔτε
2954 4055 3137 4109 ἔννοιά
3183 4070 3267 4118 τις
3315 4053 3426 4111 τῶν
3454 4048 3660 4115 καλῶν,
3703 4045 3831 4100 ούτε
3861 4045 4001 4099 Θεοῦ

736 4146 810 4200 tia
841 4148 1076 4203 accedit.

2415 4153 2576 4224 χάρις
2601 4151 2896 4219 ἐγγίνεται.

754 4224 757 4227 ’
806 4237 1106 4296 Athanasii.
1141 4273 1211 4282 —
1258 4243 1455 4301 Melius
1489 4255 1575 4302 est
1608 4255 1670 4302 ut
1733 4248 2023 4313 dubietate
2066 4251 2312 4307 animum

2501 4248 2777 4301 Ἀθανασ.
2811 4273 2884 4287 -
2920 4241 3140 4306 Βέλτιον
3167 4236 3511 4310 ἀποροῦντας
3546 4234 3762 4305 σιωπᾷν
3786 4229 3884 4286 καὶ
3904 4245 3997 4283 πι-

734 4328 1011 4399 pulsante,
1048 4330 1310 4387 sileamus
1344 4343 1510 4405 atque
1559 4337 1888 4405 credamus,
1942 4355 2108 4410 quam
2144 4350 2206 4396 ut
2247 4355 2315 4399 ex

1821 4354 1888 4405 s,
1942 4355 2108 4410 quam
2144 4350 2206 4396 ut
2247 4355 2315 4399 ex
2419 4335 2653 4402 στεύειν,
2694 4334 2728 4406 ἦ
2757 4335 3008 4393 ἀπιστεῖν
3041 4331 3130 4386 διὰ
3161 4331 3223 4385 τδ
3248 4331 3498 4402 ἀπορεῖν,

734 4420 851 4489 ilia,
886 4435 916 4477 a
944 4420 1275 4479 credulitate
1309 4433 1366 4480 et
1400 4425 1507 4481 fide
1538 4428 1877 4485 resiliamus.
2944 4511 2981 4513 ᾉ
3147 4508 3163 4513 Α
3201 4508 3214 4513 _
3308 4506 3373 4513 __
3500 4506 3514 4513 _
3648 4501 3661 4513 ,
3811 4498 3874 4513 ..,

804 4508 1011 4565 Sacrat.
1041 4544 1111 4553 —
1138 4513 1395 4572 Socrates
1440 4517 1837 4589 interrogatus,
1888 4522 2116 4591 quinam
2159 4534 2313 4583 tran—
2344 4515 2392 4577 D

2344 4515 2392 4577 D
2490 4513 2825 4581 Σωκράτης.
2844 4540 2910 4552 --
2928 4508 3277 4579 Ἐρωτηθεὶς,
3307 4506 3466 4569 Τίνες
3490 4501 3780 4574 ἀταράχως
3806 4499 3994 4566 ζῶσιν;

733 4603 907 4673 quillo
932 4605 1118 4661 animo
1136 4621 1199 4662 ac
1223 4608 1611 4678 imperturbati
1643 4612 1899 4681 viverent
1923 4631 1935 4668 :
1956 4614 2085 4682 Qui,
2111 4616 2314 4688 inquit,

2071 4658 2085 4682 ,
2111 4616 2314 4688 inquit,
2416 4608 2480 4679 Oi
2513 4606 2679 4677 μηδὲν
2712 4606 2945 4668 ἑαυτοῖς,
2981 4598 3156 4665 εἷπεν,
3187 4601 3388 4654 ἄτοπον
3423 4594 3745 4658 συνειδότες.

727 4695 944 4751 nullius
972 4697 1079 4752 sibi
1115 4699 1345 4754 sceleris
1379 4702 1619 4772 malique
1649 4704 1861 4759 conscii
1892 4716 2047 4762 sunt.

806 4786 1089 4843 Moschion.
1121 4821 1191 4830 —
1213 4790 1316 4858 Qui
1348 4792 1641 4849 turbarum
1667 4811 1836 4859 causa
1873 4798 2124 4867 Secessit,
2147 4816 2314 4871 quam

2490 4790 2864 4859 Μοσχίωνος.
2930 4819 2999 4830 -
3063 4783 3427 4853 Ἀπαλλαγεὶς
3474 4782 3639 4837 ἕνεκα
3689 4778 3991 4851 ὀχλήσεως,

732 4879 866 4937 fecit
887 4881 1157 4951 jacturam
1190 4883 1347 4939 lucro
1382 4887 1559 4952 ducit.

2414 4882 2603 4960 κέρδος
2633 4882 2852 4949 ἡγεῖται
2876 4881 2905 4933 ὁ
2942 4878 3226 4951 ἄνθρωπος
3252 4876 3352 4948 τὴν
3379 4874 3604 4946 ζημίαν.

801 4970 1133 5041 Aristipp.—
1163 4973 1481 5046 Aristippus
1510 4978 1749 5048 quodam
1776 4979 1854 5035 illi
1881 4980 2105 5039 dicente
2132 5002 2145 5038 :
2178 4985 2314 5041 Pro-

2498 4973 2834 5042 Ἀριστίππ.
2865 5001 2935 5010 -
2963 4970 3228 5038 Λέγοντος
3257 4966 3408 5038 αὐτῷ
3436 4984 3602 5032 τινος,
3629 4966 3729 5021 Διά
3763 4965 3825 5018 σε
3886 4964 3996 5018 ἀπο

732 5074 857 5133 pter
889 5072 941 5120 te
974 5080 1105 5135 ager
1152 5067 1319 5137 perit,
1372 5072 1663 5139 respondit
1696 5090 1709 5125 :
1742 5074 1886 5145 Ergo
1920 5084 2146 5144 praestat
2188 5094 2317 5148 pro-

2412 5064 2660 5131 ὁλωλενὸ
2706 5062 2877 5133 ἀγρός
2902 5078 2916 5094 ο
2951 5060 3185 5124 Οὐκοῦν,
3240 5059 3370 5139 ἔφη,
3418 5058 3636 5114 κάλλιον
3661 5058 3730 5112 δι’
3768 5056 3871 5128 ἐμὲ
3902 5054 3998 5112 τὸν

643 5210 649 5218 ,
732 5166 857 5243 pter
888 5172 974 5213 me
1003 5158 1266 5228 periisse,
1298 5176 1463 5231 quam
1495 5171 1557 5243 ut
1599 5179 1700 5235 ego
1733 5164 1883 5222 illius
1935 5181 2108 5239 causa
2134 5170 2311 5240 peric-

1599 5179 1700 5235 ego
1733 5164 1883 5222 illius
1935 5181 2108 5239 causa
2134 5170 2311 5240 peric-
2413 5155 2610 5233 ἀγρδν,
2642 5153 2792 5225 ἢδιὰ
2822 5154 2915 5211 τὸν
2944 5153 3114 5227 ἀγρὸν
3136 5153 3258 5223 ὲμέ.

731 5265 859 5304 mn.

800 5339 1071 5404 Demosth.
1105 5375 1174 5383 ——-
1200 5343 1337 5399 Cum
1391 5345 1617 5421 quidam
1682 5347 1733 5404 ei
1787 5346 2005 5405 diceret
2048 5367 2063 5404 :
2103 5350 2312 5423 Agrum

2486 5337 2743 5405 Δημοσθ.
2772 5364 2842 5375 -
2870 5333 3136 5402 Λέγοντος
3165 5330 3314 5402 αὐτῷ
3342 5347 3505 5398 τινος,
3540 5329 3624 5383 ὅτι
3656 5327 3764 5382 Τοῦ

731 5432 964 5512 negligis
1000 5449 1104 5487 nec
1127 5451 1290 5490 curas
1316 5452 1430 5490 rem
1457 5420 1806 5507 familiarem,
1828 5441 1929 5496 tibi
1950 5458 2084 5499 vero
2108 5460 2306 5501 vacas:

2417 5429 2661 5500 ἀμελεῖς,
2695 5425 2875 5496 ἑαυτῷ
2912 5426 2968 5480 δὲ
3011 5421 3294 5495 σχολάζεις
3317 5438 3332 5455 ο
3382 5422 3589 5477 Τούτου
3616 5419 3828 5511 δ’γάρ,
3865 5418 3997 5513 ἔφη,

731 5508 865 5598 Ejus
899 5523 1196 5589 nimirum,
1234 5512 1452 5596 inquit,
1499 5543 1689 5585 curam
1747 5546 1884 5601 ago,
1940 5534 2098 5604 cujus
2145 5550 2307 5603 causa

2145 5550 2307 5603 causa
2416 5520 2808 5592 ἐπιμελοῦμαι,
2839 5519 2906 5572 δι’
2941 5519 3001 5573 ὃν
3037 5517 3133 5572 κει.)⁴
3156 5516 3249 5571 τὸν
3277 5514 3446 5572 ἀγοδν
3473 5508 3818 5599 ἐκτησάμην.

732 5616 900 5672 etiam
937 5635 1127 5688 agrum
1168 5622 1504 5688 comparavi.

2009 5719 2242 5776 VARIJ‘.
2279 5724 2451 5779 LECT
2459 5724 2569 5780 1οΝ
2578 5726 2674 5781 ES.

818 5800 859 5856 θ’
901 5799 1061 5856 Gesn.
1102 5804 1206 5859 τῶν
1229 5803 1386 5865 θεων
1412 5806 1468 5861 ἐν
1504 5807 1755 5879 εὐκαιρία
1784 5811 2035 5880 ἐπιτύχῃ.
2119 5817 2160 5846 ⁴²
2203 5814 2366 5872 Gesn.
2395 5818 2536 5874 male
2565 5818 2771 5875 τούτων
2815 5829 2869 5877 et
2903 5817 2972 5875 δι’
2997 5837 3091 5883 ων.
