4246 6438
286 388 394 453 853

1562 390 1731 452 LOCl
1771 391 1978 452 COMM
1988 394 2207 455 UNES.

3363 469 3365 471 λ
3400 386 3501 450 εει

359 497 626 565 Σερίνου.
672 526 739 538 -
768 497 949 570 Θαλῆν
981 500 1062 565 είς
1097 500 1189 555 τὸν
1226 497 1453 570 οὐρανὸν
1489 496 1722 566 ὁρῶντα,
1752 498 1846 550 καὶ
1878 507 1920 561 Α
2018 499 2036 553 ἓ

1839 517 1846 549 ’-
1878 507 1920 561 Α
2018 499 2212 555 Serim'.
2244 531 2313 540 --
2341 500 2626 555 Thaletem
2665 499 2841 554 oeulis
2884 498 2940 552 in
2973 496 3172 552 coelum
3214 492 3516 554 intentum,

287 589 601 659 ἐμπεσόντα
646 589 728 652 είς
775 587 1051 661 βάραθρον
1097 592 1133 661 η
1184 589 1490 662 θεράπαινα
1540 588 1844 658 θεωροῦσα,

281 679 508 742 δικαίως
545 679 594 712 ⁵³
647 680 841 734 παθεῖν
891 678 1019 751 ἔφη,
1067 681 1156 744 Ὠς
1206 679 1315 750 γὰρ
1363 678 1436 733 τὰ
1492 677 1644 749 παρά
1689 677 1849 731 ποσὶν

283 772 518 839 ἀγνοῶν,
547 772 617 825 τὰ
636 772 695 825 ιν
718 770 934 843 οὐρανῷ
967 770 1213 826 ἐσκόπει.

369 907 655 1014 Ἄριστοτ.
685 975 756 986 —-
782 945 1165 1017 Ἀριστοτέλης
1187 947 1313 1007 τοὺς
1337 943 1407 998 τὰ
1440 943 1643 1014 εναργῆ
1668 940 1848 1012 πράγ-

288 1053 433 1106 ματα
485 1036 859 1106 πειρωμένους
908 1035 1180 1091 δεικνύναι
1207 1075 1223 1098 ,
1282 1037 1467 1106 ὅμοιον
1506 1034 1611 1103 ἔφη
1674 1033 1852 1086 ποιεῖν

285 1130 402 1193 τοῖς
428 1127 607 1200 λύχνῳ
638 1128 729 1181 τὸν
765 1128 919 1198 ἥλιον
944 1126 1420 1198 φιλοτιμουμένοις
1446 1123 1741 1179 δεικνύναι.

360 1304 715 1373 Εὐκλείδης.
764 1286 841 1345 —'
866 1303 1164 1375 Εὐκλείδης
1213 1304 1242 1356 ὁ
1291 1302 1599 1373 φιλόσοφος,
1639 1301 1851 1370 ἐρωτη-

290 1397 405 1458 θεὶς
437 1398 545 1451 ὑπό
575 1415 742 1462 τινος,
779 1396 988 1451 ὀποῖοί
1016 1398 1163 1458 τινές
1202 1397 1338 1448 είσιν
1364 1395 1416 1448 oi
1443 1392 1581 1458 θεοὶ,
1628 1393 1723 1445 καὶ
1745 1391 1851 1444 τίνι

291 1489 544 1558 χαίρουσι
573 1506 589 1555 ;
613 1488 694 1542 Τὰ
728 1488 826 1559 μὲν
850 1488 986 1543 ἄλλα
1016 1488 1119 1541 οὐκ
1140 1483 1278 1550 οῖδα,
1306 1481 1486 1540 εἶπεν·
1516 1484 1643 1547 τοὺς
1670 1483 1854 1553 μέντοι

292 1579 748 1650 φιλοπράγμονας
771 1580 852 1633 ὅτι
883 1577 1154 1648 μισοῦσιν,
1185 1576 1446 1646 ἀσφαλῶς
1476 1573 1613 1630 οἶδα.

359 1673 692 1738 Δημόνακτ.
727 1701 798 1711 -
832 1670 1123 1740 ’Υγιοιίνων
1146 1671 1296 1723 νοσεῖ
1320 1670 1428 1732 πᾶς
1473 1667 1791 1737 περίεργος.
1826 1665 1854 1717 ό

290 1760 359 1814 τὰ
392 1760 654 1833 ἀλλότρια
689 1760 1187 1831 πολυπραγμονῶν.

1951 605 2077 645 cum
2118 592 2172 644 in
2206 593 2420 647 foveam
2444 592 2761 662 prolapsum
2797 590 2993 645 ancilla
3022 587 3237 641 videret
3263 583 3512 644 :Merito,

1950 680 2047 745 ait,
2098 681 2153 735 id
2179 682 2298 737 viro
2321 684 2540 748 evenit;
2586 682 2746 752 quasi
2797 681 2945 735 enim
2983 678 3241 733 nesciens
3282 689 3371 729 res
3411 688 3514 743 pro

1950 772 2187 843 pedibus
2220 774 2445 844 positas,
2479 791 2601 846 quae
2650 774 2706 828 in
2729 772 2869 828 coelo
2911 781 3041 825 sunt
3070 777 3217 824 totus
3256 764 3516 822 conside-

1951 866 2127 919 rabat.

2024 958 2288 1012 Aristotel.
2324 988 2393 998 —
2428 957 2751 1013 Aristoteles
2778 999 2793 1021 ,
2851 968 2950 1010 eos
2975 953 3068 1023 qui
3100 968 3188 1006 res
3213 952 3506 1007 evidentes

1952 1046 2335 1105 demonstrare
2370 1058 2643 1103 conentur
2670 1088 2686 1111 ,
2726 1046 2982 1101 similiter
3041 1044 3224 1098 lacere
3274 1042 3514 1098 dicebat.

1952 1150 2014 1190 ac
2038 1136 2083 1189 si
2121 1137 2248 1206 quis
2270 1137 2510 1193 lucernae
2539 1136 2846 1208 fulgoribus
2866 1136 3038 1191 solem
3064 1132 3358 1190 ostendere
3383 1147 3518 1188 con-

1954 1226 2160 1282 tendat.
2914 1272 2921 1277 .
3190 1276 3193 1277 ν

2028 1317 2291 1376 Euclides.
2331 1349 2399 1359 —
2426 1317 2688 1373 Euclides
2729 1316 3128 1388 philosophus,
3171 1312 3407 1385 quodam
3455 1327 3522 1366 ex

1952 1424 2019 1463 eo
2048 1419 2330 1477 qumrente
2364 1428 2380 1465 :
2413 1409 2616 1477 Quales
2640 1408 2753 1463 sint
2784 1408 2860 1463 dii
2891 1418 2946 1462 et
2972 1421 3079 1475 qua
3110 1421 3168 1459 re
3202 1403 3516 1473 gaudeant:

1951 1498 2161 1554 Caetera
2191 1500 2437 1569 quidem,
2463 1499 2668 1569 inquit,
2699 1498 2929 1567 ignoro;
2979 1494 3162 1549 odisse
3188 1501 3372 1546 tamen
3422 1505 3522 1544 cu-

1954 1587 2154 1652 riosos,
2206 1598 2358 1643 certo
2385 1588 2520 1642 scio.
3140 1599 3151 1607 ‘

2024 1675 2332 1732 Demonact.
2359 1708 2431 1717 —
2450 1678 2651 1732 Valens
2671 1681 2817 1747 :eger
2856 1674 3072 1729 laborat
3109 1669 3294 1727 omnis
3337 1666 3522 1724 curio-

1954 1782 2070 1843 sus,
2101 1783 2190 1822 res
2219 1768 2457 1822 aliorum
2486 1768 2647 1825 anxie
2676 1767 3030 1838 perquirens.

358 1851 569 1907 Ἀλλων
608 1851 973 1919 ὲξεταζὸντων
1012 1852 1061 1903 εί
1106 1851 1136 1904 ὁ
1181 1848 1387 1919 κόσμος
1438 1846 1704 1917 ἔμψυχος,
1754 1844 1848 1898 καὶ
1885 1852 1924 1906 Β
2019 1858 2035 1911 ι

1843 1883 1848 1896 ι
1885 1852 1924 1906 Β
2019 1858 2453 1927 Exquircntibus
2484 1859 2628 1923 aliis,
2673 1874 2742 1913 an
2773 1856 3012 1911 mundus
3034 1855 3312 1909 animatus
3340 1856 3520 1909 esset.

289 1939 447 2006 αὖθις
480 1944 529 1997 εί
570 1942 952 2015 σφραιροειδὴς
972 1982 987 2006 ,
1032 1942 1244 2013 Ὑμεῖς,
1274 1936 1448 2004 εἶπεν,
1485 1939 1615 2008 περὶ
1641 1936 1851 2009 μὲντοῦ

289 2036 499 2106 κόσμου
530 2036 1040 2107 πολυπραγμονεῖτε
1061 2050 1077 2065 ο
1131 2032 1261 2105 περὶ
1284 2033 1341 2087 δὲ
1376 2034 1477 2104 τῆς
1519 2029 1699 2086 αὐτῶν
1723 2029 1855 2085 ἁκοο

293 2128 458 2195 σμίας
495 2128 560 2184 οὐ
590 2129 931 2201 φροντίζετε.

829 2398 1055 2454 ΛΟΓΟΣ
1085 2396 1193 2451 ΚΒ¹
1229 2396 1298 2452 ⁸⁸.

794 2490 937 2558 Περὶ
986 2488 1366 2555 πλεονεξίας.

361 2583 545 2636 Δουκ.
582 2580 684 2646 ιβ’.
732 2610 805 2623 —-
855 2580 1051 2653 ὐρᾶτε
1101 2580 1198 2633 καὶ
1242 2577 1583 2648 φυλάσσεσθε
1633 2576 1742 2630 ἀπὸ
1763 2576 1858 2645 τῆς

287 2670 639 2737 πλεονεξίας·
671 2672 756 2726 ὅτι
786 2672 889 2725 οὐκ
919 2673 979 2725 ἐν
1020 2670 1098 2742 τῷ
1145 2669 1491 2741 περισσεύειν
1528 2670 1636 2723 τινὶ
1676 2670 1710 2738 ἡ
1744 2667 1858 2738 ζωὴ

288 2764 442 2833 αὑτῷ
467 2764 618 2817 ἐστιν
645 2765 711 2818 ικ
734 2764 844 2819 τῶν
867 2764 1223 2835 ὑπαρχόντων
1250 2762 1420 2833 αὐτῷ.

367 2860 426 2909 Λ⁹
457 2858 596 2922 Kop.
626 2861 701 2920 ς’.
721 2855 944 2908 -Διατί
973 2855 1095 2925 οὐχὶ
1140 2854 1340 2924 μᾶλλον
1374 2851 1643 2907 ἀδικεῖσθε
1668 2870 1683 2920 ;
1710 2853 1859 2906 Διατί

289 2946 414 3015 auxi.
437 2945 640 3015 μᾶλλον
669 2946 1059 3015 ἀποστερεῖσθε
1084 2961 1101 3009 ;
1144 2945 1285 2998 Ἀλλ’
1308 2946 1468 3015 ὑμεῖς
1500 2945 1736 2998 ἀδικεῖτε
1764 2945 1860 2998 καὶ

291 3036 670 3107 ἀποστερεῖτε,
723 3037 821 3089 καὶ
859 3036 1034 3091 ταῦτα
1062 3034 1344 3101 ἀδελφούς·
1380 3034 1537 3104 ἢούκ
1565 3034 1740 3088 οἴδατε
1778 3034 1860 3087 ὅτι

294 3127 475 3180 ἄδικοι
512 3126 793 3197 βασιλείαν
820 3126 955 3181 Θεοῦ
980 3127 1042 3181 οὐ
1072 3126 1573 3198 κληρονομήσουσιν
1600 3143 1616 3192 ;

367 3307 586 3371 Σολομ.
620 3303 696 3360 a’.
723 3334 794 3345 —
812 3304 926 3358 Οὐκ
970 3304 1417 3375 ἐμπλησθήσεται
1445 3304 1723 3377 ὀφθαλμὸς
1771 3304 1865 3358 τοῦ

293 3396 456 3467 ὀρᾷν,
477 3396 571 3449 καὶ
592 3395 655 3448 οὑ
681 3395 1101 3465 πληρωθήσεται
1131 3390 1223 3458 οὖς
1247 3396 1357 3448 ἀπὸ
1385 3396 1725 3468 ἀκροάσεως.

371 3488 557 3556 Σιρὰχ
582 3487 653 3541 δ’.
689 3516 760 3527 -
810 3486 903 3557 Μὴ
937 3486 1078 3539 ἔστω
1130 3488 1164 3554 ὴ
1202 3486 1320 3558 χείρ
1383 3503 1477 3541 σου
1528 3486 1868 3558 ἐκτεταμένη

297 3579 382 3640 είς
412 3579 474 3630 τὸ
501 3577 711 3644 λαϐεῖν,
738 3578 834 3632 καὶ
878 3579 937 3631 ἐν
980 3576 1060 3647 τῷ
1104 3577 1415 3631 ἀποδιδόναι
1441 3578 1867 3649 συνεσταλμένη.

372 3669 556 3736 Σιρὰχ
577 3674 657 3736 μ’.
676 3667 1022 3738 -οΧρήματα
1053 3667 1278 3731 ἀδξκων,
1295 3666 1370 3729 ὡς
1395 3667 1643 3736 ποταμὸς
1670 3668 1869 3737 ξηραν-

296 3759 583 3829 θήσονται,
612 3760 708 3814 καὶ
735 3760 811 3825 ὡς
846 3759 1044 3831 βροντὴ
1082 3760 1290 3831 μεγάλη
1318 3761 1376 3814 ὲν
1417 3761 1559 3831 ὐετῷ
1582 3761 1868 3831 ὲξηχήσει.

384 3938 568 4007 Σιρὰκ
590 3936 653 3993 ε’.
682 3964 749 3976 -
778 3936 870 4007 Μὴ
898 3935 1153 4007 ὲπὶχαιρε
1200 3936 1261 4006 (l)
1294 3937 1389 3989 ἐπὶ
1433 3936 1712 4007 χρήμασιν
1753 3937 1873 3991 ἀδί-

301 4041 444 4090 κοιςο
478 4026 631 4079 οὐδὲν
662 4026 772 4097 γὰρ
800 4024 1180 4095 ὠφελήσουσιν
1223 4026 1281 4079 εν
1325 4025 1512 4098 ἡμέρᾳ
1552 4027 1869 4096 ἐπαγωγῆς.

381 4119 567 4188 Σιρὰχ
612 4118 703 4173 ιδι.
753 4147 824 4159 -
869 4117 1201 4171 Πλεονέκτου
1235 4116 1518 4187 ὀφθαλμὸς
1575 4118 1678 4171 οὐκ
1718 4118 1877 4189 εμπι-

303 4210 513 4263 «tam
542 4210 599 4261 ἐν
641 4206 839 4278 μερίδι.

377 4300 565 4368 Σιρὰχ
599 4305 711 4354 xa’.
744 4328 814 4340 --
842 4298 903 4353 '0
928 4298 1228 4369 οικοδομῶν
1268 4313 1368 4368 την
1397 4297 1575 4352 οίκίαν
1618 4284 1875 4354 αὐτοῦ’ίν

306 4391 587 4461 χρήμασιν
614 4389 935 4461 ἀλλοτρίοις,
962 4388 1038 4455 ὥς
1083 4390 1114 4442 ὀ
1146 4388 1393 4443 συνάγων
1415 4392 1543 4452 τοὺς
1574 4389 1757 4454 λίθους
1780 4392 1877 4445 αὐ-

308 4481 406 4535 τοῦ
435 4482 515 4545 εἰς
541 4479 633 4534 τδν
662 4479 994 4551 χειμάρρουν
1031 4480 1121 4550 (j).

1956 1963 2021 2002 ac
2085 1964 2317 2012 rursus,
2374 1966 2444 2005 an
2504 1950 2787 2020 sphaerion:
2829 1946 3068 2019 ﬁgurze?
3117 1945 3266 2005 Vos,
3318 1938 3521 2009 inquit.

1956 2038 2118 2093 anxie
2147 2040 2313 2095 nimis
2336 2056 2403 2096 ac
2427 2042 2646 2098 curiose
2700 2040 2770 2097 de
2820 2036 3027 2100 mundo
3055 2033 3369 2105 exquiritis,
3421 2045 3526 2084 nec

1959 2129 2061 2197 ipsi
2093 2129 2161 2184 de
2192 2132 2352 2187 vobis
2378 2173 2392 2196 ,
2441 2132 2589 2203 quod
2616 2133 2766 2189 omni
2804 2130 3011 2186 mundo
3035 2126 3271 2203 careatis
3295 2140 3359 2179 ac
3403 2137 3525 2177 sor-

1959 2216 2158 2283 deatis,
2189 2223 2417 2278 curatis.

2531 2400 2765 2456 SERMO
2794 2400 2962 2455 XXII.

1988 2492 2062 2546 De
2111 2494 2341 2547 avaritia
2397 2509 2459 2545 ac
2502 2494 2620 2563 plus
2668 2491 2891 2546 habendi
2939 2490 3141 2560 injusta
3192 2486 3502 2558 cupiditate.

2028 2584 2156 2639 Luc.
2188 2600 2281 2662 xu,
2306 2584 2393 2637 15.
2423 2614 2491 2623 -
2515 2583 2709 2639 Videte
2734 2590 2792 2637 et
2814 2592 3003 2636 cavete
3033 2580 3102 2635 ab
3128 2578 3380 2644 avaritia;
3399 2577 3530 2646 quia

1958 2688 2070 2726 non
2096 2672 2151 2725 in
2187 2671 2527 2727 abundantia
2546 2673 2871 2742 cujusquam
2904 2671 3016 2724 vita
3037 2670 3158 2739 ejus
3183 2677 3289 2734 est,
3317 2683 3384 2723 ex
3419 2667 3527 2731 bis,

1960 2779 2081 2831 quae
2106 2762 2369 2831 possidet.

2027 2854 2185 2923 θοι
2212 2854 2241 2907 I
2262 2852 2386 2909 Cor.
2420 2870 2495 2913 vr.
2534 2856 2585 2908 7.
2616 2884 2685 2893 —
2704 2851 2885 2919 Quare
2907 2869 3018 2907 non
3047 2851 3223 2923 magis
3269 2849 3531 2921 injuriam

1961 2944 2269 3015 patimini?
2318 2944 2502 3011 Quare
2543 2960 2653 2999 non
2707 2946 2880 3015 magis
2922 2945 3184 2999 damnum
3242 2942 3534 3012 accipitis?

1962 3033 2069 3089 Sed
2096 3049 2197 3089 vos
2222 3036 2479 3105 injuriam
2523 3034 2706 3090 facitis
2742 3044 2799 3091 et
2827 3034 3029 3089 damno
3071 3033 3305 3098 allicitis,
3362 3033 3533 3103 idque

1964 3125 2183 3180 fratres.
2210 3125 2291 3179 An
2318 3125 2545 3180 nescitis
2580 3125 2709 3197 quia
2758 3126 2947 3196 iniusti
2998 3140 3227 3195 regnum
3279 3125 3375 3178 Dei
3423 3138 3531 3177 non

1966 3217 2369 3287 possidebunt?

2038 3310 2214 3364 Eccle.
2249 3329 2287 3374 ι,
2324 3309 2377 3364 8.
2406 3310 2597 3365 -Νοη
2627 3308 2922 3365 satiabitur
2950 3308 3146 3364 oculus
3174 3309 3319 3372 visu,
3344 3315 3402 3363 et
3422 3322 3533 3362 non

1969 3402 2286 3471 implebitur
2316 3402 2468 3456 auris
2501 3402 2716 3456 auditu.

2044 3494 2209 3547 Ercli.
2242 3510 2313 3558 tv,
2351 3493 2441 3549 36.
2474 3524 2545 3533 —
2572 3492 2652 3547 Ne
2699 3492 2772 3547 sit
2813 3507 3010 3547 manus
3046 3501 3137 3546 tua
3172 3498 3429 3562 porrecta
3466 3488 3533 3543 ad

1970 3583 2377 3652 accipiendum,
2408 3591 2466 3637 et
2492 3582 2548 3637 in
2582 3582 2768 3637 dando
2797 3590 3101 3637 contracta.

2040 3673 2204 3727 Eccli.
2232 3689 2321 3737 XL,
2352 3674 2442 3728 l3.
2470 3700 2542 3712 —-
2576 3672 2791 3727 Divitiae
2833 3672 3149 3741 iniquorum
3177 3670 3552 3740 quasi‘amnis.

1970 3771 2313 3826 exarescent,
2354 3772 2412 3817 et
2445 3763 2601 3833 quasi
2635 3778 2891 3831 magnum
2915 3762 3223 3819 tonitruum
3263 3763 3318 3816 in
3352 3762 3537 3831 pluvia

1972 3854 2370 3923 personabunt.

2038 3944 2199 3998 Eccli.
2224 3960 2276 4005 ν.
2313 3943 2396 3997 10.
2426 3942 2591 3997 -—Ne
2630 3943 2730 3997 tibi
2772 3942 3066 4013 gratuleris
3096 3942 3163 3997 d'c
3207 3942 3421 3995 dlvitiis
3456 3941 3540 3995 inr-

1969 4036 2169 4107 jnstis;
2198 4035 2335 4089 nihil
2365 4035 2512 4089 enim
2538 4035 2811 4104 iuvabunt
2851 4034 2906 4087 in
2931 4033 3023 4088 die
3049 4033 3295 4087 ultionis.

2046 4126 2213 4180 Eccli.
2244 4142 2351 4193 xiv,
2381 4126 2435 4180 9.
2474 4153 2544 4165 -—-
2583 4126 2743 4182 Avari
2794 4125 2989 4181 oculus
3036 4140 3147 4179 non
3203 4123 3434 4178 satiatur
3470 4120 3539 4175 in

1976 4226 2157 4286 parte.

2047 4309 2212 4364 Eccli.
2249 4324 2356 4374 xxi,
2387 4308 2443 4363 9.
2476 4337 2543 4352 υ-
2580 4307 2684 4373 Qui
2730 4307 2966 4361 aediﬁcat
3013 4306 3241 4361 domum
3284 4319 3439 4360 suam
3482 4304 3540 4357 in

1978 4401 2174 4457 alienis
2197 4400 2471 4470 pecuniis,
2506 4399 2650 4455 sicut
2672 4399 2766 4469 qui
2816 4406 3114 4469 congregat
3155 4395 3365 4466 lapides
3411 4408 3557 4450 suos

1908 4498 1952 4553 ι)
1982 4489 2037 4543 in
2065 4497 2332 4544 torrente.

1579 4594 1810 4651 VARUE
1849 4596 2255 4656 LECTIONES.

382 4694 431 4728 ⁸³
480 4691 645 4749 Gesn.
690 4692 893 4746 δίκαια.
969 4690 1015 4724 ⁵⁸
1044 4689 1103 4746 In
1126 4689 1290 4747 Gesn.
1312 4688 1465 4745 Stob.
1492 4690 1578 4746 54.

1818 4752 2052 4844 Nora.

386 4874 476 4948 (ἱ)
524 4873 631 4948 ⁸Μὴ
659 4872 1117 4948 ἐπίχᾳιρεηλῖοίί
1165 4874 1414 4948 gaudere.
1474 4874 1705 4948 Videtur
1744 4875 1878 4948 ΔΙιειιιι

317 4943 542 5003 Maximi
567 4945 747 4998 littcra
778 4943 1146 5013 sincerissima
1169 4943 1226 4997 et
1255 4944 1511 5013 genuina.
1568 4944 1708 4999 lllud
1735 4944 1873 5000 Sixt.

316 5020 507 5086 ἔπεχε,
534 5014 628 5069 ubi
665 5014 895 5086 interpr.
949 5012 1073 5086 Νοίί
1119 5012 1517 5086 ,αξξεῂίιιεθεεε
1559 5016 1613 5068 in
1641 5015 1885 5086 _divitiis,

315 5082 518 5143 durius
545 5082 975 5153 est;'magisque
1005 5082 1137 5137 illud
1171 5082 1327 5153 Vulg.
1373 5082 1495 5137 Noli
1524 5082 1714 5137 anxius
1771 5102 1881 5138 esse

317 5160 372 5211 in
398 5156 595 5211 divitiis
628 5153 863 5222 injustis,
890 5154 1034 5222 quod
1066 5152 1238 5222 magis
1271 5162 1427 5207 sonat
1449 5168 1541 5207 eas
1565 5154 1880 5222 displicere,

318 5236 377 5280 ct
404 5224 564 5295 quasi
590 5238 747 5277 sacer
776 5223 1016 5295 scriptor
1045 5222 1151 5276 hoc
1180 5222 1485 5295 prohibeat,
1516 5224 1667 5295 velut
1695 5223 1878 5278 dicat:

326 5292 576 5351 Securus
608 5302 729 5347 esto
763 5292 831 5346 dc
853 5293 982 5357 illis,
1013 5307 1137 5346 eum
1169 5292 1481 5361 oppositum
1528 5294 1772 5357 suadeat,
1799 5300 1877 5348 at-

321 5381 434 5436 que
488 5363 545 5417 id
589 5361 752 5436 _clara_
788 5362 1019 5436 ratione,
1062 5361 1223 5436 quod-
1248 5362 1411 5436 _nulla
1452 5378 1645 5436 parum
1697 5363 1882 5436 futura

322 5430 540 5490 utilitas
589 5432 643 5485 in
700 5431 789 5485 die
841 5431 1156 5499 ἐπαγωγῆς.
1211 5430 1367 5485 idest
1406 5431 1654 5497 ultionis;
1703 5433 1793 5486 ubi
1830 5444 1886 5488 et

323 5505 463 5559 illud
498 5501 809 5565 obscurius,
838 5502 895 5571 in
916 5502 1004 5571 die
1044 5500 1577 5571 obductioniquuod
1634 5502 1884 5558 Nobilius

326 5572 580 5628 retinuit.
604 5570 723 5656 μοι]
758 5569 1132 5656 gaudendum.
1148 5570 1331 5656 itaque
1366 5569 1587 5656 illis
1603 5571 1883 5656 ~prmcipi-

328 5656 442 5707 tur,
477 5640 626 5707 quod
682 5639 832 5695 nulla
868 5656 1062 5694 eorum
1110 5639 1293 5693 futura
1324 5640 1550 5702 utilitas,
1600 5639 1681 5693 ὅτι
1732 5639 1884 5695 οὐδὲν

327 5709 734 5781 ὠφελήσουσιν*
760 5710 1041 5781 ubietiam
1063 5711 1385 5765 mendosum
1422 5710 1483 5762 τὸ
1502 5709 1804 5780 ὠφελήσεις
1828 5721 1884 5766 et

333 5779 604 5844 solmcus:
629 5781 711 5846 τὸ,
743 5779 1013 5852 ὠφελήσει
1044 5797 1125 5848 σε,
1157 5781 1444 5852 vestigium
1487 5779 1680 5851 potius
1712 5782 1883 5840 nostri

1980 4877 2143 4946 hujus
2196 4873 2591 4946 ὠφελήσουσιν.
2619 4944 2662 4946 __
2848 4942 2888 4946 _
2989 4940 3001 4946 _
3116 4938 3131 4946 _
3495 4940 3507 4946 -
3567 4941 3573 4946 .

2053 4938 2265 5017 (1‘)Elé
2293 4938 2401 5017 τῶ·
2424 4943 2800 5017 χειμριξρουν.
2826 4942 2959 5017 ,Εξει-
2988 4938 3307 5017 istud__mih_i
3347 4940 3541 5017 genui-

1983 5008 2147 5072 num:
2179 5008 2258 5076 εἰς
2293 5014 2384 5066 τὸν
2404 5008 2672 5083 κὲιιὶῶνά,
2695 5012 2841 5083 quod
2874 5011 3078 5083 habent
3105 5008 3243 5083 S_i_xt.
3272 5010 3326 5061 in
3355 5010 3549 5083 meme,

1984 5102 2092 5141 non
2120 5085 2191 5139 ita
2217 5078 2461 5153 planum.
2484 5078 2646 5138 Certe
2678 5078 2823 5153 nihil
2851 5087 2998 5153 vetat
3029 5080 3085 5132 in
3130 5078 3541 5153 hicme_colligi

1984 5149 2581 5226 lapidesfundeutilis
2615 5151 2904 5226 mdiiicatio
2931 5156 3279 5226 _consurgat:
3330 5149 3385 5226 i_n
3427 5158 3540 5201 tor-

1990 5216 2142 5281 re'nte
2165 5216 2298 5276 vero
2324 5223 2603 5290 colligere,
2647 5221 2743 5290 qui
2795 5216 3204 5290 omnia_rapiat
3250 5216 3538 5290 trahatque

1991 5310 2055 5350 ac
2077 5292 2389 5363 disperdat;
2419 5286 2480 5346 id
2495 5306 2632 5345 vero
2648 5286 3015 5363 stultum,_uti
3048 5288 3213 5363 etiam
3242 5301 3314 5358 ex.
3345 5286 3540 5363 alienis

1987 5356 2282 5426 aedificare,
2328 5356 2449 5431 quae
2488 5361 2790 5431 praesertim
2850 5359 3047 5431 injuste
3099 5358 3223 5431 quis
3274 5356 3538 5431 possidet.

1988 5434 2167 5505 Facile
2190 5425 2294 5505 fuit
2309 5425 2530 5505 _mutafe
2554 5430 2884 5505 χειμάρρουν
2907 5425 2961 5483 in
3008 5425 3285 5505 χειμῷνα;
3317 5438 3374 5505 at
3394 5425 3540 5505 quod

1987 5505 2041 5558 in
2074 5503 2195 5575 aliis
2220 5503 2437 5575 legitur,
2470 5496 3086 5575 elcjtijuugsﬁgsatpﬁ;
3115 5496 3322 5575 αὐτου,
3347 5497 3401 5548 in
3460 5503 3540 5575 tu:

1986 5574 2188 5628 mulum
2228 5567 2511 5641 sepultura:
2552 5567 2681 5629 suos,
2716 5568 2771 5622 id
2821 5567 3041 5641 quidem
3096 5567 3382 5641 remotius,
3434 5567 3539 5641 etsi

1984 5658 2179 5699 sensus
2228 5632 2471 5711 optimus
2500 5650 2632 5715 e_st:_
2663 5632 3029 5715 lore_s'cilicet
3057 5650 3151 5715 eas
3192 5633 3338 5688 atdcs
3382 5632 3541 5703 quasi

1984 5707 2399 5771 monumentum
2433 5718 2488 5766 et
2516 5710 2731 5765 titulum
2764 5710 2883 5779 ejus
2923 5707 3221 5776 iniustitiae.
