4246 6438
728 373 836 440 859
1897 372 1957 431 S.
2002 371 2189 430 MAXI
2200 372 2290 430 MI
2330 372 2841 434 CONFESSORIS

3878 376 3986 436 860

806 482 1015 553 Cyrilli.
1055 513 1120 522 —
1162 480 1597 537 Christianorum
1646 482 1822 551 prima
1869 482 2043 536 virtus
2087 483 2306 538 laudem
2339 491 2380 545 Α

2339 491 2380 545 Α
2488 486 2815 553 Κυρίλλου.
2875 516 2943 524 -
3006 485 3352 556 Χριστιανων
3406 484 3660 554 ἐνάρετος
3734 481 3987 540 εὐσέϐεια

732 572 961 637 habens,
992 572 1166 640 pietas
1202 581 1308 629 est,
1340 578 1400 624 ut
1441 578 1697 641 parentes
1733 570 1943 625 honore
1978 570 2298 636 aﬂiciamus,
2402 592 2409 607 ι

2402 574 2617 646 πρώτη,
2648 574 2711 627 τὸ
2741 577 2907 645 τιμᾷν
2942 576 3071 637 τοὺς
3115 573 3507 644 γεννήσαντας·
3531 572 3592 626 τὸ
3617 572 3745 636 τοὺς
3789 573 3986 637 πόνους

732 674 899 733 atque
942 664 1027 718 his
1064 662 1156 731 qui
1188 672 1521 733 genuerunt,
1556 662 1774 717 labores
1814 663 2203 732 rependamus,
2236 680 2301 719 ac
2402 689 2409 718 ι

2402 666 2743 736 ἀμείψασθαι
2766 667 2877 720 τῶν
2909 667 3146 736 φύντων,
3179 667 3273 720 καὶ
3304 665 3457 736 πάσῃ
3487 663 3718 734 δυνάμει
3752 663 3821 717 τά
3847 664 3988 735 πρὸς

732 764 935 823 quanta
966 753 1195 807 facultas
1228 753 1537 808 necessaria
1564 752 1693 807 vita:
1725 753 1971 809 subsidia
2003 769 2069 809 ac
2099 755 2303 825 quibus
2404 780 2409 809 t

2404 758 2710 811 ἀνάπαυσιν
2752 760 2937 822 αὐτοῖς
2988 760 3255 827 ἐνεγκεῖν.
3313 756 3433 811 Κᾶν
3480 756 3593 828 γάρ
3646 756 3717 809 τά
3760 756 3990 809 πλεῖστα

735 845 1069 907 reﬁciantur,
1098 844 1151 898 in
1186 845 1306 899 illos
1332 840 1694 900 conferamus.
1723 845 1836 900 Etsi
1866 846 2013 900 enim
2043 846 2303 916 pleraque
2401 866 2412 882 ι

2401 848 2611 912 τούτοις
2666 850 2976 920 ἀποδῶμεν,
3029 849 3145 904 ἀλλ’
3195 848 3583 917 άντιγεννῆσαι
3633 847 3860 911 τούτους
3890 844 3983 898 οὖ-

734 937 841 989 illis
883 934 1314 1000 reddiderimus,
1362 936 1466 991 hoc
1512 946 1693 992 tamen
1737 937 1882 1007 quod
1931 938 2303 1005 sustulerunt,

733 1041 1015 1094 nunquam
1044 1027 1150 1081 illis
1174 1026 1402 1082 reddere
1430 1028 1753 1096 poterimus.

802 1118 926 1173 Filii
966 1119 1290 1188 parentibus
1331 1135 1539 1174 morem
1574 1129 1768 1190 gerant
1803 1133 2028 1174 necesse
2066 1130 2171 1176 est.
2200 1119 2306 1177 Ubi

737 1218 916 1262 tamen
944 1208 1195 1264 veritatis
1218 1209 1360 1263 ratio
1388 1225 1453 1264 ac
1480 1209 1731 1265 doctrina
1762 1209 1927 1279 cogit,
1958 1210 2069 1264 Deo
2100 1210 2308 1266 haben-

732 1300 838 1353 dus
870 1300 1066 1364 honor,
1090 1315 1156 1355 ac
1186 1317 1311 1370 qua:
1342 1302 1492 1356 illius
1521 1313 1671 1368 sunt,
1695 1302 1931 1357 naturali
1960 1303 2079 1374 ipso
2115 1318 2310 1373 paren-

733 1400 849 1446 tum
878 1408 1065 1447 amore
1097 1394 1311 1463 potiore
1337 1394 1459 1449 loco
1481 1394 1729 1449 ducenda
1756 1405 1906 1449 sunt.

802 1486 1060 1540 Philonis.
1088 1517 1159 1526 —
1184 1487 1355 1541 Deum
1391 1501 1554 1541 nemo
1584 1502 1695 1556 quo
1729 1502 1826 1555 par
1852 1495 1940 1541 est
1972 1486 2309 1557 dignumque

733 1578 942 1634 honore
963 1580 1221 1649 prosequi
1261 1588 1459 1649 potest,
1490 1579 1581 1634 sed
1620 1581 1767 1650 justo
1789 1581 1999 1645 solum;
2043 1594 2168 1633 cum
2209 1594 2311 1635 nec

734 1669 850 1722 tieri
890 1670 1083 1739 possit,
1114 1678 1174 1723 ut
1209 1678 1265 1725 et
1302 1670 1623 1740 parentibus
1664 1685 1823 1740 pares
1858 1670 2061 1740 gratias
2103 1669 2309 1724 refera-

2407 957 2495 992 πω
2524 938 2567 970 ’⁵⁷
2601 938 2963 1011 δυνησόμεθα.

2478 1129 2663 1181 Εῑκειν
2711 1128 3008 1197 ἀναγκαῖον
3057 1125 3299 1196 πατράσι
3330 1126 3457 1188 τοὺς
3495 1125 3710 1187 παῖδας-
3761 1121 3875 1175 ἀλλ’
3899 1120 3988 1173 ἔνο

2408 1216 2585 1289 θαπερ
2618 1218 2685 1272 ἂν
2734 1220 2764 1270 ό
2803 1217 2904 1287 τῆς
2962 1214 3221 1286 ἀληθείας
3273 1213 3473 1285 ἐλαύνῃ
3517 1212 3696 1281 λόγος,
3733 1210 3988 1281 τιμάσθω

2407 1308 2539 1372 Θεὸς
2565 1308 2660 1362 καὶ
2682 1308 2889 1362 νικάτω
2914 1308 2985 1361 τά
3013 1305 3183 1362 αύτοῦ
3217 1306 3312 1360 καὶ
3346 1304 3730 1376 φιλοστοργίας
3754 1301 3987 1371 δύναμιν

2408 1401 2663 1469 φυσικήν.

2480 1491 2696 1545 Φίλων.
2730 1518 2802 1530 -
2835 1488 3031 1555 Ἀξίως
3068 1489 3244 1552 οὐδεὶς
3272 1487 3365 1541 τὸν
3389 1486 3524 1546 Θεὸν
3545 1486 3704 1557 τιμᾷ,
3739 1484 3876 1538 ἀλλὰ
3911 1483 3989 1535 δι-

2410 1584 2582 1646 καίως
2613 1583 2794 1653 μόνον,
2816 1582 2978 1635 ὁπότε
3013 1580 3142 1635 οὐδὲ
3177 1583 3294 1645 τοῖς
3324 1578 3577 1649 γονεῦσιν
3616 1578 3738 1641 ῐσας
3764 1575 3987 1629 ἀποδού-

2409 1690 2497 1725 ναι
2526 1672 2755 1742 χάριτας
2790 1670 3084 1742 ἐνδέχεται·
3114 1671 3494 1741 άντιγεννῆσαι
3520 1668 3631 1740 γάρ
3655 1668 3757 1737 οὐχ
3784 1661 3895 1719 οἷόν
3928 1682 3987 1718 τε

738 1774 861 1813 mus
887 1778 898 1812 :
925 1776 1048 1814 nam
1072 1776 1250 1831 neque
1272 1761 1513 1816 vicissim
1546 1762 1670 1815 illos
1693 1761 1911 1832 gignere
1941 1761 2105 1832 inque
2134 1761 2309 1816 lucem
2351 1830 2362 1832 Α
2410 1764 2654 1829 τούτους.

734 1852 1015 1921 suscipere
1043 1868 1355 1923 possumus.

802 1942 965 2013 604
992 1944 1261 1999 Aristotel.
1288 1975 1360 1985 —
1387 1944 1579 2016 Opera:
1604 1946 1840 2017 pretium
1873 1954 1934 1998 ut
1963 1945 2112 2000 illius
2140 1946 2311 2015 magis

734 2033 906 2101 patris
928 2046 1120 2089 servus
1142 2034 1233 2099 sit,
1256 2051 1419 2107 quam
1444 2035 1684 2094 famulus
1707 2048 1802 2090 aut
1823 2035 2153 2090 vernaculus
2181 2052 2195 2088 :
2222 2035 2311 2090 ille

734 2139 971 2194 namque
1002 2137 1217 2193 natura,
1247 2128 1339 2183 hic
1363 2130 1480 2199 lege
1505 2139 1589 2184 est
1619 2144 1830 2183 servus.
2229 2180 2234 2186 .

806 2215 1029 2272 Isocrat.
1057 2249 1124 2258 —
1154 2218 1303 2273 Talis
1330 2230 1447 2274 esto
1478 2236 1603 2290 erga
1638 2228 1909 2290 parentes,
1935 2220 2127 2292 quales
2158 2227 2315 2290 optes

738 2304 793 2360 in
826 2316 879 2361 te
909 2309 1045 2376 fore,
1073 2326 1212 2379 quos
1234 2312 1443 2365 liberos
1472 2312 1585 2381 ipse
1610 2313 1922 2368 sustuleris.

808 2486 1126 2541 Alexander.
1151 2518 1219 2526 —
1239 2486 1550 2542 Alexander
1570 2503 1663 2542 rex
1697 2489 2086 2558 interrogatus,
2125 2497 2315 2543 utrum

740 2577 912 2646 magis
958 2587 1162 2632 amaret
1205 2578 1514 2647 Philippum
1569 2587 1807 2647 patrem,
1848 2595 1916 2632 an
1966 2579 2313 2634 Aristotelem

740 2668 1092 2736 magistrum,
1141 2667 1424 2737 respondit
1479 2685 1493 2721 :
1550 2668 1644 2723 llle
1696 2669 1955 2723 nimirum
2013 2668 2208 2723 tribuit
2255 2679 2316 2723 ut

739 2773 941 2821 essein,
979 2758 1070 2813 hic
1113 2760 1233 2829 ejus
1278 2744 1421 2827 quod
1470 2766 1557 2825 est
1601 2758 1740 2813 bene
1788 2774 1851 2814 ac
1896 2759 2125 2814 honeste
2179 2759 2314 2814 mihi

739 2858 824 2902 est
852 2858 1063 2904 auctor.

812 2937 980 2997 ldcm,
1008 2948 1179 2995 matre
1202 2939 1519 3011 Olympiade
1549 2955 1711 3009 grave
1740 2938 1947 3010 aliquid
1977 2940 2313 3009 imperante:

741 3024 786 3081 Ο
831 3036 1026 3093 mater,
1062 3030 1159 3093 ait,
1196 3030 1446 3087 acerbam
1494 3045 1690 3085 novem
1739 3029 1798 3085 in
1845 3039 2002 3084 utero
2044 3029 2315 3084 mensium

743 3118 969 3188 hospitii
1003 3122 1312 3176 mercedem
1344 3122 1540 3192 exigis!

814 3210 1076 3267 Socrates.
1093 3244 1163 3252 —
1183 3213 1319 3269 Cum
1347 3231 1483 3270 uxor
1506 3215 1954 3284 reprehenderet,
1973 3212 2119 3284 quod
2144 3213 2317 3269 [ilium

743 3303 995 3358 inutilem
1026 3319 1089 3359 ac
1118 3306 1402 3361 socordem
1433 3322 1541 3360 non
1569 3306 1904 3370 admitteret,
1928 3315 2093 3374 atque
2125 3320 2194 3359 ex
2227 3305 2320 3358 illo

741 3408 868 3446 eum
902 3408 1022 3447 esse
1048 3393 1276 3460 diceret,
1311 3395 1584 3464 despuens
1612 3395 1701 3449 ille
1735 3412 1747 3446 :
1779 3396 1845 3449 Et
1872 3395 1995 3460 hoc,
2026 3394 2226 3463 inquit,
2253 3409 2320 3447 ex

743 3500 831 3545 me
858 3496 962 3550 est,
988 3502 1093 3542 nec
1120 3487 1284 3542 ullius
1313 3498 1493 3543 tamen
1525 3503 1656 3544 usus
1684 3497 1788 3543 est.

812 3577 1031 3632 Melesii.
1063 3608 1133 3617 -
1171 3578 1363 3644 Qualia
1414 3580 1658 3650 symbola
1702 3579 1759 3634 in
1800 3590 2058 3650 parentes
2101 3587 2159 3634 tu
2204 3580 2319 3649 ipse

744 3669 1067 3734 contuleris,
1097 3669 1226 3724 talia
1256 3669 1312 3724 in
1341 3680 1624 3725 senectute
1656 3680 1709 3727 te
1741 3678 2091 3740 recepturum
2123 3687 2319 3742 exspe-

744 3768 827 3812 cta
856 3774 884 3811 a
913 3759 1118 3815 liberis.

1412 3894 1655 3965 Euripid.

747 3985 994 4054 Quisquis
1023 3995 1197 4038 autem
1223 3996 1465 4054 parentes
1491 3987 1542 4038 in
1574 3988 1678 4047 vita
1710 3986 1863 4053 colit,

745 4056 844 4110 llic
870 4057 1120 4109 nimirum
1146 4057 1317 4110 vivens
1342 4058 1543 4125 pariter
1565 4066 1613 4108 et
1640 4057 1749 4110 vita
1774 4058 1981 4127 {unctus
2009 4056 2102 4112 Dei
2122 4063 2322 4117 amicus

2032 4133 2249 4188 assistit.

2032 4133 2140 4183 επ·
2169 4134 2208 4183 t'

746 4195 967 4250 Nullum
999 4195 1171 4249 liberis
1195 4197 1288 4249 hoc
1309 4198 1646 4265 prirstantius
1678 4214 1899 4263 manus,
2009 4128 2030 4199 ἱ
2123 4149 2165 4185 ιδ
2190 4140 2231 4186 u

684 4327 695 4339 '
753 4268 931 4339 Qmmt
963 4276 1018 4319 ut
1046 4276 1260 4318 strenuo
1290 4266 1656 4339 bonoqueﬂsati
1687 4277 1933 4336 parente,

749 4337 1076 4405 Condignum
1100 4352 1302 4406 quoque
1332 4338 1634 4405 parentibus
1660 4339 1911 4392 honorem
1942 4340 2198 4394 tribuant.

820 4426 1001 4481 Solon.
1036 4457 1108 4466 —
1147 4428 1389 4497 Rogatus
1426 4427 1590 4481 Solon
1629 4428 1761 4497 quid
1804 4445 1982 4483 causa:
2014 4441 2190 4495 esset,
2225 4446 2325 4486 cur

2495 1943 2778 2012 Ἀριστοτ.
2814 1972 2885 1982 -
2917 1940 3041 2013 Χρὴ
3070 1958 3165 1996 τον
3208 1940 3324 1994 υίδν
3352 1937 3539 1992 δοῦλον
3574 1931 3714 1991 εἶναι
3748 1930 3845 1986 τοῦ
3875 1945 3984 1983 πα-

2410 2036 2538 2106 τρὸς
2594 2034 2627 2105 ἢ
2686 2034 2777 2088 τὸν
2827 2034 3065 2104 οίκέτηψ
3100 2033 3131 2084 ό
3166 2031 3401 2104 μὲνγὰρ
3427 2029 3588 2099 φύσει
3634 2025 3731 2081 τοῦ
3782 2019 3986 2093 πατρὸς

2411 2129 2596 2192 δοῦλός
2621 2130 2791 2182 ἐστιν·
2828 2130 2857 2183 ό
2883 2128 2940 2182 δὲ
2967 2128 3141 2197 νόμῳ.

2495 2223 2790 2291 Ἰσοκράτ.
2827 2251 2899 2261 —
2930 2219 3183 2282 Τοιοῦτος
3225 2217 3377 2285 γίνου
3430 2214 3564 2283 περὶ
3604 2211 3733 2274 τοὺς
3786 2206 3985 2277 γονεῖς.

2412 2315 2558 2376 οἵους
2591 2314 2657 2367 ἂν
2703 2311 2857 2377 εὖξαι
2889 2311 3020 2382 περὶ
3061 2308 3287 2363 σεαυτὸν
3327 2305 3585 2377 γενέσθαι
3616 2303 3744 2366 τοὺς
3787 2295 3988 2353 σαυτοῦ

2416 2407 2631 2470 παῖδας.

2495 2501 2835 2569 Ἀλεξᾶν-ὄρ.
2864 2530 2936 2541 -
2970 2498 3318 2569 Ἀλέξανδρος
3342 2496 3372 2548 ό
3398 2493 3650 2566 βασιλεὺς
3670 2484 3989 2560 ἐρωτηθεὶς,

2412 2595 2534 2649 τίνα
2595 2594 2796 2663 μᾶλλον
2825 2590 3008 2656 ποθεῖ,
3046 2591 3140 2645 τὸν
3185 2589 3399 2659 πατέρα
3435 2586 3727 2645 Mitis-xw,
3758 2582 3791 2650 ἢ
3843 2579 3990 2647 Ἀρι·-

2416 2685 2669 2756 στοτὲλην
2696 2684 2789 2737 τὸν
2820 2683 3171 2749 διδάσκαλον,
3214 2681 3343 2751 ἔφη,
3385 2680 3443 2732 'O
3489 2678 3590 2748 μὲν
3618 2674 3729 2745 γὰρ
3762 2670 3856 2724 τοῦ
3898 2683 3991 2737 γε-

2414 2774 2623 2841 νέσθαι,
2658 2776 2687 2829 ὁ
2716 2774 2776 2828 δὲ
2806 2772 2902 2828 τοῦ
2930 2772 3113 2836 καλῶς
3146 2770 3401 2841 γενέσθαι
3463 2766 3657 2828 αἴτιος.

2500 2958 2560 3013 '0
2591 2956 2755 3021 αὐτὸς
2792 2954 2930 3027 βαρύ
2964 2973 3017 3009 τι
3046 2949 3446 3018 ὲπιταττούσης
3474 2944 3623 3014 αύτῷ
3650 2942 3751 3013 τῆς
3788 2936 3997 3009 μητρδς

2430 3049 2824 3120 Ὀλυμπιάδος,
2861 3046 2988 3116 ἔφη,
3031 3040 3102 3096 Ὦ
3158 3043 3356 3113 μῆτερ,
3399 3035 3600 3109 πικρόν
3646 3049 3712 3103 γε
3762 3028 3998 3084 ἐνοίκιον

2345 3182 2388 3236 c
2419 3146 2518 3215 τῆς
2552 3142 2912 3214 ὲνναμηναίου
2944 3142 2988 3173 ⁸⁸
3023 3156 3090 3206 με
3126 3136 3400 3236 ἀπαιτεῖς.

2494 3213 3283 3303 Σωκράτης.-Μεμφομένης
3308 3224 3459 3295 αὐτῷ
3477 3223 3579 3293 τῆς
3607 3218 3867 3286 γυναικὸς
3893 3213 3989 3268 αύ-

2418 3329 2533 3394 τοῦ,
2559 3327 2755 3382 ὅτιτὸν
2781 3324 2897 3378 υίδν
2926 3320 3093 3375 αὑτοῦ
3128 3319 3189 3373 ού
3223 3319 3509 3390 προσίεται
3542 3314 3819 3385 ἄχρηστον
3838 3310 3991 3368 ὄντα,

2420 3422 2514 3474 καὶ
2564 3418 2831 3489 λεγούσης
2864 3419 2946 3470 ὅτι
2997 3414 3057 3479 ἐξ
3110 3411 3275 3469 αὑτοῦ
3331 3411 3452 3479 εἴη,
3503 3404 3845 3465 ἀποπτύσας·
3884 3399 3999 3455 Καὶ

2418 3514 2529 3581 γάρ
2556 3509 2737 3572 τοῦτο,
2778 3504 2951 3571 εἶπεν,
2989 3506 3048 3572 ἐξ
3078 3502 3235 3575 ἐμοῦ,
3272 3501 3389 3556 ἀλλ’
3416 3499 3480 3554 οὐ
3526 3499 3818 3569 χρήσιμον.

2493 3602 2817 3656 Μελεσίου.
2844 3629 2917 3640 —
2936 3598 3094 3659 Οἴους
3125 3595 3190 3649 ἂν
3224 3593 3453 3665 ἐράνους
3492 3589 3722 3657 ἐνέγκῃς
3758 3585 3872 3646 τοῖς
3900 3598 3999 3650 γο-

2420 3693 2595 3758 νεῦσι,
2624 3690 2899 3752 τοιούτους
2930 3687 3130 3750 αὐτοὺς
3174 3686 3232 3738 ὲν
3276 3681 3355 3753 τῷ
3388 3682 3537 3751 γήρᾳ
3566 3677 3723 3748 παρά
3756 3674 3867 3728 τῶν
3904 3670 4000 3725 τι-

2421 3802 2567 3838 κνων
2599 3782 2925 3854 προσδέχου.

3062 3888 3339 3959 Εὐριπίδ.

2494 3990 2706 4052 Ὅστις
2735 3986 2804 4039 δὲ
2830 3983 3283 4055 τοὺς-τεκόντας
3414 3975 3532 4055 ,βίερ
3565 3972 3751 4055 σέϐει,

2494 4058 2620 4113 ’Ὧδ’
2649 4043 2783 4111 έὶγτι
2813 4056 2915 4109 καὶ
2944 4043 3058 4114 ζῶν
3115 4051 3215 4105 καὶ
3240 4046 3441 4106 θανὼν
3470 4043 3619 4099 Θεοῦ
3652 4043 3851 4112 φίλος.

2491 4194 2615 4246 Οὐκ
2642 4192 2776 4245 ἔστι
2806 4188 2977 4243 παισὶ
3003 4188 3221 4240 τούτου
3244 4182 3499 4237 κάλλιον
3535 4175 3732 4247 γέρας.

2498 4265 2579 4317 Ἦ
2602 4245 2833 4328 πατρὸς
2854 4256 3082 4328 ἐσθλοῦ
3116 4245 3775 4328 *κίᾴγαθοῦιπεφυκέναη

2496 4316 2599 4387 Καὶ
2630 4316 2755 4396 τοῖξ·
2789 4316 3074 4382 τεκοῦσιν
3097 4316 3278 4389 ἀξίάν
3300 4319 3481 4390 τιμὴν
3502 4316 3734 4383 γέμειν.

2497 4426 2794 4488 Σόλωνος.
2818 4451 2890 4461 —
2916 4418 3093 4472 Σόλων
3141 4412 3467 4486 ἐρωτηθεὶς,
3498 4407 3640 4463 διατί
3694 4403 3837 4459 κατά
3890 4401 4002 4456 τῶν

749 4518 929 4571 nullas
985 4516 1252 4571 adversus
1310 4532 1407 4570 eos
1456 4518 1549 4585 qui
1612 4527 1870 4586 parentes
1924 4520 2325 4587 percussissem
2358 4532 2426 4586 D'

2324 4562 2325 4569 η
2358 4532 2401 4586 ι)
2424 4518 2738 4571 τυπτόντων
2775 4514 2903 4576 τοὺς
2940 4508 3186 4581 πατέρας
3233 4503 3508 4572 ἐπιτίμιον
3539 4500 3641 4568 οὐχ
3665 4496 3887 4566 ὥρισεν,
3921 4489 4001 4546 εἴη

749 4624 941 4678 paems
968 4608 1275 4671 statuisset,
1300 4607 1591 4676 respondit
1618 4621 1632 4660 :
1656 4607 1814 4673 Quod
1841 4609 2028 4664 nullos
2051 4609 2190 4665 tales
2212 4610 2329 4665 exi-

750 4699 1038 4753 stimabam
1069 4698 1208 4752 fore.

826 4787 996 4842 Plato.
1027 4819 1097 4828 —
1132 4789 1313 4853 Plato,
1340 4803 1465 4841 cum
1504 4787 1799 4857 quemdam
1839 4788 2324 4874 animadvertisset

750 4880 1082 4936 insolentius
1114 4897 1239 4936 cum
1273 4891 1429 4952 patre
1463 4890 1717 4950 agentem
1744 4895 1912 4949 seque
1944 4880 2000 4935 in
2032 4895 2160 4935 eum
2193 4879 2328 4935 eﬂ‘e-

752 4982 963 5026 rentem
991 4990 1004 5025 :
1031 4972 1147 5027 Non
1163 4971 1405 5037 desines,
1435 4972 1639 5042 inquit,
1666 4971 2009 5037 adolescens,
2045 4987 2172 5027 eum
2199 4987 2332 5025 con-

754 5072 1019 5120 temnere.
1049 5061 1120 5115 ob
1148 5076 1310 5130 quem
1342 5059 1630 5130 magniﬁce
1656 5059 1724 5113 de
1758 5068 1810 5116 te
1839 5059 2046 5130 sentire
2070 5058 2183 5112 vis?

827 5153 908 5207 Ex
951 5152 1159 5207 Ai‘liani
1200 5151 1454 5207 Historia.
1482 5182 1551 5191 —
1586 5150 1768 5205 Prima
1812 5166 1977 5221 supra
2048 5152 2329 5223 octogesi-

754 5261 897 5299 mam
930 5244 1269 5316 Olympiade,
1297 5244 1453 5298 aiunt
1478 5243 1695 5297 [Etnam
1732 5243 1857 5315 igne
1893 5242 2145 5308 ﬂuxisse;
2186 5254 2330 5297 tum-

2429 4628 2552 4676 πεν,
2582 4611 2664 4664 ὅτι
2716 4608 2831 4676 Οὐχ
2875 4600 3146 4657 ύπέλαδον
3173 4596 3452 4657 τοιούτους
3489 4591 3643 4654 τινάς
3673 4587 3913 4642 ἔσεσθαι.

2502 4785 2847 4848 Πλάτωνος.
2878 4810 2948 4821 -
2978 4775 3209 4832 Πλάτων
3248 4767 3654 4841 θρασυνόμενον
3707 4758 3832 4816 ῖδὼν
3884 4777 4009 4814 τινα

2432 4877 2570 4949 πρὸς
2627 4875 2722 4928 τὸν
2777 4866 2973 4926 ἑαυτοῦ
3009 4864 3261 4935 πατέρα,
3320 4856 3658 4949 ossam,
3697 4851 4007 4949 μειράκιον,

2432 4943 2556 5019 εἶπε
2585 5006 2601 5030 ,
2657 4960 2852 5017 τούτου
2919 4953 3305 5025 καταφρονεῖν,
3356 4947 3424 5002 δι’
3472 4946 3533 5001 ὃν
3593 4944 3737 5017 μέγα
3790 4943 4009 5012 φρονεῖν

2435 5060 2751 5215 aegre-ﬁ;-
2767 5139 3053 5199 Αιλιανοῦ
3074 5135 3362 5207 ἱστορίας.
3384 5162 3456 5175 -
3475 5128 3677 5202 Πρὼτῃ
3708 5127 3802 5182 καὶ
3820 5124 4011 5215 ὀγδοηξ

2436 5240 2606 5309 κοστῇ
2640 5213 2964 5304 Ὀλυμπιάδι
2998 5228 3130 5298 φασὶ⁵
3170 5225 3269 5296 τὴν
3306 5223 3505 5290 Αττνην
3552 5219 3767 5309 ῥυῆναι,
3802 5215 3892 5309 iis:
3920 5213 4011 5309 καὶ

751 5352 863 5407 quc
896 5336 1279 5407 Philoqomum
1310 5343 1366 5389 et
1389 5334 1619 5390 Calliam
1647 5333 1866 5389 (Satanas
1892 5336 2061 5401 cives,
2085 5336 2331 5391 sublatos

2434 5303 2728 5397 Φιλόνομος
2765 5303 2862 5378 καὶ
2907 5320 3146 5381 Καλλίας
3189 5317 3238 5370 oi
3280 5313 3602 5375 Καταναῖοι,
3636 5307 3764 5370 τοὺς
3803 5303 4009 5407 ἑαυτῶν

754 5430 1015 5492 parentes
1041 5438 1140 5492 per
1167 5421 1376 5476 medias
1402 5421 1666 5485 ﬂammas,
1695 5421 1818 5475 aliis
1850 5423 2054 5491 spretis
2087 5424 2334 5494 pignori-

756 5514 883 5577 hus,
911 5512 1205 5577 extulisse;
1245 5513 1402 5583 cujus
1432 5521 1488 5566 et
1515 5512 1675 5567 oﬂicii
1712 5513 1882 5583 gratia
1916 5529 1945 5568 a
1980 5514 2092 5569 Deo
2126 5531 2337 5570 merce-

755 5608 883 5662 dem
926 5621 1210 5676 accepcre.
1246 5607 1357 5662 illis
1396 5622 1635 5676 namque
1677 5606 1840 5663 celeri
1884 5622 1944 5662 se
1982 5607 2110 5678 fuga
2150 5609 2335 5678 prori-

2439 5419 2685 5489 πατέρας
2711 5415 2998 5488 ἀράμενοι,
3040 5410 3127 5465 διὰ
3177 5407 3347 5480 μέσης
3374 5406 3474 5477 τῆς
3518 5400 3717 5472 φλογὸς
3746 5398 4015 5489 ἐκόμισαν

2437 5512 2546 5565 τῶν
2578 5483 2766 5564 άλλωνῂ
2790 5483 3087 5579 κτημάτων
3114 5497 3649 5591 καταφρονήσαντες·
3677 5490 3797 5591 άνθ’
3817 5483 3892 5545 ὧν
3921 5488 4011 5591 καὶ

2442 5604 2679 5675 ἀμοιϐῆς
2725 5601 2919 5674 ἔτυχον
2967 5597 3068 5670 τῆς
3103 5597 3169 5649 ὲκ
3212 5591 3305 5649 τοῦ
3347 5589 3517 5647 θείου.
3549 5586 3749 5657 Τὺγάρ
3780 5601 3863 5639 τοι
3908 5586 4011 5652 πῦρ

2026 5726 2257 5783 VARIA‘I
2316 5720 2715 5781 LECTIONES.

834 5800 877 5833 ⁸⁷
914 5799 1025 5854 Bal.
1054 5797 1113 5851 οὔ
1137 5815 1281 5853 ποτε.
1364 5798 1408 5829 ⁸⁸
1449 5797 1917 5868 Βλι1.ὲνναμήνου.
