4246 6438
749 377 858 439 863

1925 382 1982 439 S.
2026 380 2312 441 MAXIMI
2352 378 2862 439 CONFESSORIS

3907 380 4012 442 set

750 487 1049 541 nmltorum
1069 485 1235 542 nobis
1256 486 1525 543 bonorum
1549 496 1744 542 auctor
1763 488 1997 543 exsistit.
2024 490 2332 543 Metuentes
2358 489 2397 545 Δ

2358 489 2397 545 Δ
2430 486 2519 540 τία
2568 488 2702 557 ἡμῖν
2749 486 2962 539 πολλῶν
3000 485 3245 553 ἀγαθῶν,
3285 485 3336 538 εί
3379 484 3727 556 βουλοίμεθα,
3760 488 3792 541 ὁ
3826 489 4012 545 διά6ο⁴

748 579 899 633 enim
935 580 1055 649 ejus
1093 577 1340 641 insidias,
1370 580 1541 635 sobrii
1584 596 1795 644 sumus,
1828 582 2109 652 Deumque
2142 590 2327 636 mente

751 668 1066 722 recolimus.
1108 666 1247 722 Nam
1291 667 1386 739 qul
1435 669 1588 723 videt
1634 670 1931 725 instantem
1980 671 2223 737 hostem,
2257 670 2327 725 ad

749 774 880 817 cum
913 760 1177 830 confugit,
1208 761 1302 831 qui
1335 777 1494 830 opem
1532 759 1677 816 ferre
1711 770 1910 833 potest.

822 851 1292 917 Quemadmodum
1324 853 1453 906 dum
1488 853 1651 908 miles
1676 865 1923 909 armatus
1949 855 2114 925 606
2140 853 2329 909 domui

746 944 1014 999 continue
1044 945 1269 1008 assidet,
1296 961 1404 999 non
1437 946 1597 1012 latro,
1630 961 1741 1000 non
1772 946 2042 1016 parietum
2075 946 2327 1012 ell'ossor,

750 1046 863 1086 non
887 1033 1033 1087 nllus
1053 1033 1197 1087 alius
1216 1034 1294 1088 sic
1330 1034 1764 1091 facinorosorum
1796 1034 2077 1089 hominum
2104 1034 2332 1092 audebit

746 1138 1018 1193 apparere
1046 1142 1060 1178 :
1090 1125 1169 1179 sic
1195 1126 1440 1195 quandiu
1469 1127 1562 1181 Dei
1592 1127 1755 1181 timor
1779 1138 2042 1197 occupat,
2066 1128 2204 1183 nihil
2248 1128 2329 1183 τοι

748 1215 857 1270 cile
874 1214 1223 1271 illiberalium
1242 1217 1537 1271 allectuum
1570 1216 1770 1273 animis
1784 1218 1988 1273 nostris
2002 1220 2326 1291 obrepserit.

820 1306 1054 1378 Didymi.
1086 1340 1156 1348 —
1194 1309 1339 1364 Fieri
1384 1326 1491 1363 non
1536 1318 1718 1379 potest
1761 1318 1822 1365 ut
1858 1311 1953 1380 qui
1991 1311 2164 1366 Deum
2202 1326 2330 1367 vere

748 1397 907 1453 timet
940 1399 1109 1454 homo
1147 1400 1379 1470 pavidus
1418 1402 1517 1466 sit;
1556 1402 1759 1472 quippe
1802 1418 1929 1457 cum
1970 1401 2180 1459 dictum
2221 1405 2327 1471 sit,

751 1490 960 1546 Practer
986 1492 1179 1557 Deum,
1205 1493 1477 1547 neminem
1510 1494 1679 1548 alium
1710 1511 1834 1550 esse
1860 1495 2187 1552 timendum.

822 1580 1061 1638 Climaci.
1092 1614 1161 1623 —
1199 1582 1674 1649 Quemadmodum
1709 1586 1843 1641 solis
1876 1588 2064 1645 radius
2096 1588 2191 1644 ubi
2226 1588 2330 1645 do-

748 1688 902 1726 nium
928 1672 1235 1738 intraverit,
1258 1683 1454 1731 cuneta
1486 1677 1609 1731 luce
1634 1676 1940 1747 perfundit,
1960 1688 2021 1735 ut
2044 1688 2102 1737 et
2123 1681 2332 1739 tenuis-

2430 579 2521 642 λος
2542 596 2556 610 ·
2590 580 2889 643 δεδοικότες
2924 579 3036 651 γὰρ
3080 578 3247 633 αὐτοῦ
3288 578 3389 643 τὰς
3426 578 3743 644 επιϐουλὰς,
3766 580 4011 653 νήφομεν

2431 672 2526 726 καὶ
2586 669 2913 742 μεμνήμεθα
2960 671 3053 725 τοῦ
3096 670 3257 726 Θεοῦ.
3310 668 3376 726 Ὀ
3415 672 3528 742 γὰρ
3574 672 3859 743 ιφεστιῖιτα
3916 675 4011 728 τὸν

2430 765 2624 835 ἐχθρὸν
2651 763 2817 834 δρῶν,
2849 764 2930 835 τῷ
2948 763 3233 835 δυναμένῳ
3255 764 3583 835 προστρέχει
3613 764 3849 837 βοηθεῖν.

2504 853 2773 926 Καθάπερ
2804 856 2863 909 ὲν
2892 854 3043 927 οἰκία
3070 854 3409 927 στρατιώτου
3434 855 3699 923 διηνεκῶς
3726 857 4010 929 ὡπλισμέ-

2430 962 2547 1009 νου,
2575 944 2638 997 οὐ
2668 943 2894 1015 λῃστὴς,
2922 946 2985 999 οὐ
3017 944 3361 1016 τυχωρύχος,
3388 945 3490 999 οὐκ
3517 941 3677 1009 ἄλλος
3701 962 3784 1011 τις
3812 947 3921 1001 τῶν
3942 954 4012 1000 τι

2432 1029 2657 1084 τοιαῦτα
2681 1031 3139 1103 κακουργούντων
3166 1033 3429 1105 τολμήσει
3456 1036 3717 1104 φανῆναισ
3740 1033 3883 1088 οὕτω
3916 1039 4012 1104 φό-

2437 1123 2535 1175 ϐου
2564 1123 2890 1194 κατέχοντος
2928 1122 3130 1194 ψυχὰς,
3172 1124 3330 1179 οὐδὲν
3363 1125 3475 1179 τῶν
3501 1125 3874 1199 ἀνελευθέρων
3901 1145 4010 1182 πα-

2432 1213 2543 1269 θῶν
2584 1215 2962 1287 ἐπεισέρχεται
3000 1216 3199 1289 ῥᾳδίως
3219 1216 3374 1289 ημῖν.

2503 1305 2783 1376 Διδύμου.
2816 1337 2888 1348 -
2918 1308 2994 1361 Οὐ
3025 1307 3255 1362 δυνατὸν
3287 1309 3383 1362 τον
3409 1306 3631 1381 ἀληθῶς
3670 1305 4011 1381 φὸούμενον

2432 1395 2528 1450 τὸν
2568 1398 2701 1452 Θεὸν
2745 1398 2949 1453 δειλίαν
2980 1396 3150 1469 ἔχειν,
3180 1400 3474 1472 είρημένου
3510 1400 3629 1468 τοῦ,
3671 1402 3817 1474 Πλὴν
3841 1404 4010 1459 αὑτοῦ

2435 1486 2511 1557 μὴ
2541 1485 2709 1555 φοϐοῦ
2736 1486 2917 1543 ἄλλον.

2502 1578 2829 1647 Κλίμακος.
2852 1603 2925 1619 ε-
2954 1579 3167 1652 Ὠσπερ
3194 1580 3353 1643 ἀκτὶς
3383 1580 3541 1652 ἡλίου
3571 1582 3641 1635 δι’
3659 1582 3799 1653 ὀπῆς
3834 1584 4011 1636 είσελ-

2437 1668 2608 1722 θοῦσα
2656 1669 2714 1721 ὲν
2759 1668 2896 1740 οίκῳ
2943 1670 3123 1725 πάντα
3148 1672 3395 1741 φωτίζει,
3424 1673 3501 1735 ὡς
3539 1674 3633 1727 καὶ
3660 1673 3723 1726 τὸ
3750 1673 4012 1728 λεπτότα-

746 1765 888 1817 sintn
917 1766 1266 1834 corpuscula,
1292 1782 1354 1820 ac
1382 1767 1563 1835 pulvis
1587 1768 1779 1824 volans
1813 1779 2073 1827 cernatur
2105 1789 2121 1827 :
2159 1772 2241 1829 sic
2273 1784 2330 1831 et
2358 1826 2396 1835 _

2358 1826 2396 1835 _
2431 1777 2523 1814 τον
2544 1762 2698 1832 ὀρᾷν,
2727 1760 2820 1814 τόν
2845 1779 2905 1815 τε
2936 1763 3214 1833 κονιορτὸν
3243 1763 3571 1833 πετόμενονο
3602 1764 3746 1819 οὕτω
3779 1768 3876 1819 καί
3912 1768 4008 1835 φό-

748 1855 845 1910 Dei
878 1860 1041 1911 timor
1067 1871 1192 1911 cum
1220 1857 1279 1911 in
1308 1858 1546 1913 animam
1571 1860 1809 1927 venerit,
1836 1862 2021 1918 omnia
2048 1863 2101 1920 ei
2128 1863 2329 1922 delicta
2358 1826 2401 1883 Β

2358 1826 2401 1883 Β
2432 1852 2526 1918 6ος
2546 1826 2683 1907 (θεοῦ
2715 1854 2855 1924 μετὰ
2874 1826 3201 1925 διακρίσεως
3222 1857 3281 1908 ὲν
3296 1826 3494 1927 καρδίᾳ
3524 1858 3838 1929 γενόμενος,
3870 1826 4006 1913 παν-

749 1949 1012 2003 ostendit.

819 2036 1115 2092 Severianl.
1139 2069 1211 2078 —
1233 2038 1496 2095 Humana:
1526 2041 1719 2097 salutis
1749 2040 1990 2110 initium,
2012 2044 2110 2103 Dei
2142 2047 2325 2117 timor,

742 2130 1106 2199 omniumque
1137 2130 1191 2185 in
1222 2132 1382 2185 nobis
1440 2132 1712 2188 bonorum
1745 2135 1921 2199 radix,
1953 2137 2048 2193 Dei
2080 2140 2189 2195 lex.
2216 2142 2329 2199 Nec

746 2224 897 2279 enim
923 2224 1111 2278 divina
1139 2222 1225 2279 lex
1254 2224 1471 2279 timoris
1500 2241 1717 2296 expers,
1744 2244 1845 2283 nec
1873 2230 1991 2285 sine
2018 2232 2135 2305 lege
2166 2235 2329 2289 timor

743 2313 980 2367 exsistit.
1016 2314 1150 2367 Nam
1186 2314 1272 2368 lex
1302 2316 1547 2384 quidem,
1576 2332 1769 2371 eorum
1803 2334 1927 2387 quae
1960 2331 2089 2375 sunt
2119 2325 2326 2379 consti-

750 2413 886 2472 tuta,
918 2406 1170 2461 timorem
1198 2406 1513 2462 ministrum
1544 2409 1735 2478 habet;
1767 2412 1930 2466 timor
1958 2429 2105 2481 vero,
2134 2432 2325 2472 eorum

742 2517 870 2571 qua:
920 2509 1191 2572 praecepta
1244 2512 1374 2556 sunt
1421 2511 1479 2558 et
1526 2503 1800 2569 ordinata,
1844 2506 2019 2577 legem
2071 2510 2327 2579 explora-

746 2598 947 2647 torem.

816 2685 1046 2740 Biantis.
1070 2716 1141 2726 —
1170 2685 1413 2757 Rogatus
1447 2685 1591 2751 Bias,
1619 2689 1749 2758 quid
1785 2689 2041 2748 humanis
2075 2693 2129 2747 in
2163 2694 2327 2750 rebus

743 2788 892 2833 esset
937 2788 1085 2833 metu
1138 2777 1505 2849 intrepidum,
1557 2782 1843 2852 respondit
1908 2802 1921 2837 :
1969 2784 2140 2839 Recta
2192 2801 2325 2841 con--

1089 2970 1161 2980 —
1196 2939 1301 3007 Qui
1345 2943 1702 2998 metuendum
1744 2944 1862 3016 ipse
1898 2946 2176 3017 praeferat,
2216 2965 2326 3003 non

742 3040 927 3103 potest
954 3032 1163 3103 absque
1195 3042 1342 3089 metu
1377 3050 1518 3089 esse.

816 3121 1103 3176 Democrit.
1128 3152 1198 3162 --
1227 3120 1345 3179 Non
1381 3134 1529 3178 metu
1566 3125 1956 3181 abstinendum
1993 3146 2022 3184 a
2060 3131 2320 3201 peccatis,
2349 3164 2393 3224 ο

742 3213 843 3269 sed
876 3212 1024 3284 quod
1059 3213 1133 3268 ita
1166 3214 1382 3270 honesti
1418 3217 1533 3285 ipsa
1567 3218 1708 3271 ratio
1738 3219 1937 3288 poscit.

1386 3328 1681 3399 Euripidis.

742 3416 985 3473 insulsus
1020 3428 1115 3484 est,
1142 3420 1374 3486 quisquis
1406 3423 1593 3473 timore
1626 3422 1829 3486 debilis,

744 3488 1029 3559 llesumpto
1064 3493 1319 3559 tantisper
1350 3492 1549 3553 animo,
1583 3490 1751 3544 altum
1784 3495 1943 3563 sapit.

1390 3604 1691 3659 Menandri.

744 3693 988 3767 Stultitia
1027 3696 1155 3749 mihi
1188 3697 1391 3750 videtur
1423 3698 1733 3767 manifesta,

746 3764 1053 3838 Intelligere
1082 3783 1200 3836 qua:
1232 3768 1489 3830 convenit,
1524 3764 1617 3821 nec
1649 3768 1879 3821 carenda
1911 3786 2114 3841 cavere.

1325 3941 1559 3996 SERMO
1597 3942 1762 3997 XXV.

890 4030 969 4087 De
999 4033 1063 4086 iis
1092 4034 1183 4103 qui
1213 4034 1315 4086 cito
1347 4042 1642 4099 mutantur,
1671 4033 1835 4104 deque
1863 4037 2191 4105 paenitentia.

820 4187 942 4243 Luc.
980 4204 1051 4249 Ix.
1086 4188 1176 4243 62.
1202 4218 1273 4229 -—
1316 4188 1489 4243 Nemo
1531 4190 1757 4245 mittens
1799 4205 2023 4245 manum
2066 4206 2221 4248 suam
2264 4196 2333 4250 ab

746 4288 1016 4343 aratrum,
1036 4289 1093 4333 et
1119 4280 1422 4351 respiciens
1452 4292 1619 4347 retro,
1644 4292 1807 4352 aptus
1836 4292 1922 4339 est
1949 4297 2122 4356 regno
2142 4287 2263 4342 Dei.

822 4459 881 4515 al
912 4458 1057 4514 Petr.
1090 4477 1145 4524 ιι,
1170 4460 1261 4515 2|.
1290 4491 1361 4501 —
1390 4462 1586 4517 Melius
1612 4472 1699 4517 est
1727 4480 1837 4518 non
1871 4466 2158 4535 agnovisse
2190 4468 2333 4523 viam

744 4550 998 4621 iustitiae,
1022 4566 1185 4620 quam
1216 4561 1340 4621 post
1366 4553 1725 4622 agnitionem,
1754 4563 2057 4611 retrorsum
2086 4563 2334 4617 converti

748 4641 829 4695 ab
868 4656 960 4705 eo,
992 4642 1138 4711 quod
1187 4643 1294 4697 illis
1340 4646 1601 4699 traditum
1646 4654 1754 4710 est,
1791 4657 1982 4703 sancto
2028 4661 2330 4722 praecepto.

746 4739 998 4808 Contigit
1027 4748 1212 4794 autem
1245 4741 1355 4795 illis
1384 4741 1532 4810 quod
1566 4756 1697 4797 vero
1733 4744 2030 4812 proverbio
2067 4746 2275 4803 dicitur
2317 4767 2332 4804 :

2430 1962 2501 2001 τα
2528 1946 2665 2018 αὐτῇ
2697 1947 2765 2001 τὰ
2788 1948 3162 2019 ἁμαρτήματα
3198 1949 3600 2004 ὑποδείκνυσιν.

2502 2040 2893 2109 Σευηριανοῦ.
2918 2072 2991 2081 —
3021 2041 3188 2112 Ἀρχὴ
3222 2042 3501 2111 σωτηρίας
3529 2040 3836 2113 ἀνθρώπων
3863 2043 3892 2094 ὁ
3914 2043 4010 2097 τοῦ

2427 2130 2565 2185 Θεοῦ
2598 2132 2781 2202 φόϐος,
2814 2133 2909 2186 καὶ
2938 2131 3063 2202 ῥίζα
3094 2132 3314 2186 πάντων
3345 2135 3404 2185 ὲν
3434 2134 3569 2203 ἡμῖν
3597 2133 3821 2203 ἀγαθῶν
3849 2137 3877 2189 ὁ
3912 2134 4010 2187 τοῦ

2428 2221 2564 2276 Θεοῦ
2610 2223 2793 2294 νόμος.
2830 2222 2968 2277 Οὔτε
3004 2223 3061 2276 δὲ
3101 2223 3235 2277 Θεοῦ
3281 2225 3447 2295 νόμος
3482 2220 3611 2277 ἄνευ
3655 2223 3845 2292 φόϐου.
3883 2226 4011 2279 οὔτε

2428 2313 2593 2382 φόϐος
2624 2316 2756 2369 ἄνευ
2786 2315 2972 2384 νόμου.
3016 2316 3076 2368 '0
3108 2316 3207 2385 μὲν
3245 2316 3355 2386 γὰρ
3387 2316 3551 2386 νόμος
3578 2316 3690 2370 τῶν
3717 2318 4009 2385 ἐπιτεταγ-

2431 2403 2610 2475 μένων
2644 2406 2926 2477 ὑπηρέτην
2972 2405 3089 2476 ἔχει
3130 2407 3223 2460 τὸν
3266 2407 3459 2475 φοϐονο
3521 2410 3551 2461 ὁ
3585 2407 3643 2461 δὲ
3691 2409 3857 2479 φόόος
3900 2411 4011 2463 τῶν

2430 2499 2930 2570 προστεταγμένων
2963 2498 3036 2570 (ο)
3064 2496 3327 2571 δικαστὴν
3354 2500 3466 2571 ἔχει
3493 2498 3585 2554 τὸν
3610 2500 3792 2571 νόμον.

2499 2675 2665 2741 Βίας.
2694 2705 2767 2715 -
2797 2674 2926 2739 Βίας
2959 2676 3278 2748 ἐρωτηθεὶς,
3308 2678 3360 2731 τί
3389 2678 3457 2732 ἂν
3500 2679 3588 2748 είη
3614 2679 3725 2731 τῶν
3747 2678 3891 2733 κατὰ
3917 2677 4012 2733 τὸν

2430 2766 2547 2837 βίον
2570 2767 2774 2837 ἄφοδον
2796 2807 2812 2832 ,
2854 2764 3028 2833 εἶπεν,
3074 2770 3239 2842 Ὀρθὴ
3267 2770 3589 2841 συνείδησις.

2513 2946 2810 3014 Ἐπικούρ.
2843 2978 2911 2991 -
2958 2948 3073 3001 Οὐκ
3121 2947 3268 3002 ἔστιν
3317 2950 3522 3017 ἄφοϐον
3571 2946 3735 3016 εἶναι,
3777 2950 4013 3022 φοδερὺν

2430 3037 2781 3107 φαινόμενον.

2499 3131 2753 3201 Δημοκρ.
2786 3162 2855 3175 --
2883 3131 2959 3184 Οὐ
2989 3132 3078 3187 διὰ
3108 3132 3292 3201 φόόον,
3328 3133 3464 3188 ἀλλὰ
3492 3134 3581 3188 διὰ
3602 3134 3664 3187 τδ
3686 3133 3827 3199 δέον,
3888 3133 4009 3187 ἁπ-

2424 3222 2648 3292 έχεσθαι
2669 3222 2846 3295 χρεὼν
2877 3224 3311 3295 ἁμαρτημάτων.

3054 3339 3399 3407 Εὐριπίδου.

2438 3430 2780 3493 Ἀσύνετος,
2809 3429 2978 3494 ὅστις
3009 3428 3079 3481 ἐν
3112 3431 3274 3496 φόϐῳ
3301 3428 3419 3495 μὲν
3441 3428 3731 3493 ἀσθενὴςο

2434 3500 2652 3557 Λαϐὼν
2682 3499 2749 3552 δὲ
2774 3499 2996 3569 μικρόν
3018 3515 3071 3551 τι
3100 3498 3309 3567 ψυχῆς
3335 3497 3733 3567 φρονεῒμέτα.

3072 3608 3366 3676 Mercii-8p.

2438 3702 2698 3769 Εὐήθειά
2723 3720 2822 3771 μοι
2850 3702 3122 3771 φαίνεται
3153 3700 3523 3771 δηλουμένη,

2445 3774 2515 3829 Τὸ
2552 3767 2864 3840 ποιεῖν’μὲνέ
2879 3770 2999 3824 ὅσα
3034 3769 3144 3834 δεῖ,
3170 3770 3256 3839 μὴ
3288 3770 3694 3837 φυλάττεσθαι
3716 3768 3768 3823 δ’
3806 3767 3847 3823 ἆ
3869 3769 3982 3824 δεῖ.

2999 3942 3221 3999 ΛΟΓΟΣ
3260 3945 3368 3997 KF/
3402 3943 3468 3997 ".

2440 4041 2582 4111 Περί
2633 4034 2756 4094 τῶν
2801 4036 3028 4108 ταχέως
3112 4036 3677 4119 μεταδαλλομένων,
3731 4034 3831 4087 καί
3885 4037 4021 4104 περὶ

3034 4122 3379 4176 μετανοίας.

2508 4211 2693 4260 Λουκ.
2723 4204 2769 4258 0'
2776 4235 2793 4254 ι
2822 4232 2891 4243 --
2918 4201 3106 4261 Οὐδεὶς
3153 4197 3333 4268 βαλὼν
3385 4199 3484 4267 τὴν
3536 4199 3691 4267 χεῖρα
3736 4196 3904 4249 αὐτοῦ
3933 4196 4021 4248 ἐπ’

2439 4298 2694 4369 ἄροτρον,
2726 4300 2821 4349 καὶ
2854 4293 3065 4365 βλέπων
3094 4291 3174 4353 είς
3204 4289 3274 4343 τὰ
3298 4289 3498 4354 ὀπίσω,
3520 4286 3738 4352 εὔθετός
3769 4289 3920 4341 ἐστιν
3943 4290 4027 4352 είς

2436 4390 2536 4462 τὴν
2571 4386 2851 4458 βασιλείαν
2875 4384 2985 4438 τῶν
3012 4381 3283 4453 οὐρανῶν.

2503 4478 2584 4533 B'.
2616 4476 2863 4540 Πετ.,8⁴.
2908 4504 2981 4514 -—
3012 4470 3285 4543 Κρεῖσσόν
3337 4469 3455 4523 έστι
3513 4468 3592 4540 μὴ
3646 4467 4029 4537 ἐπεγνωκέναι

2431 4568 2529 4639 τὴν
2574 4568 2694 4621 ὁδὸν
2736 4562 2838 4635 τῆς
2878 4560 3251 4629 δικαιοσύνης,
3282 4558 3316 4628 ἢ
3362 4556 3656 4624 ἐπιγνόντα
3695 4554 4031 4625 ἐπιστρέψαι

2432 4662 2497 4713 in
2536 4658 2639 4725 τῆς
2686 4653 3089 4728 παραδοθείσης
3140 4648 3293 4719 αὺτῷ
3339 4648 3504 4717 ἁγίας
3535 4646 3781 4716 ἐντολῆς.
3812 4646 4036 4715 Συμϐἑ-

2433 4751 2573 4819 σηκε
2624 4747 2682 4801 δὲ
2737 4746 2925 4807 αὐτοῖς
2957 4742 3018 4796 τὸ
3066 4742 3165 4810 τῆς
3203 4738 3440 4809 ἀληθοῦς
3483 4736 3809 4808 παροιμίας,
3854 4737 4036 4791 Κύων

750 4828 917 4883 Canis
957 4843 1191 4885 reversus
1230 4832 1300 4885 ad
1334 4848 1491 4885 suum
1528 4833 1812 4897 vomitant;
1851 4841 1910 4889 et
1945 4850 1958 4889 :
1998 4827 2244 4892 Sus-lota
2278 4841 2335 4894 in

2440 4832 2812 4901 ἐπιστρέψας
2825 4830 2925 4884 ἐπί
2951 4829 3061 4883 τὸν
3086 4827 3242 4881 ἴδιον
3255 4826 3490 4897 ἔμετον,
3521 4826 3635 4891 καὶ,
3655 4820 3771 4891 Ὗς
3796 4828 4036 4880 λουσα-

753 4921 1034 4975 ινοίιιιοὺνο
1069 4922 1166 4975 luti
1195 4921 1377 4987 (Prov.
1404 4938 1548 4987 xxvi,
1583 4925 1691 4993 ll).

834 5012 991 5066 Prov.
1023 5030 1159 5077 xvu,
1186 5012 1273 5066 20.
1304 5044 1374 5053 —
1402 5014 1500 5071 Vir
1532 5017 1628 5085 qui
1659 5016 1821 5074 facile
1852 5018 2042 5090 lingua
2074 5028 2340 5086 mutatur,

756 5099 969 5154 incidet
998 5101 1050 5155 in
1088 5105 1249 5158 mala.

831 5192 995 5262 .07
1023 5192 1185 5249 Prov.
1206 5212 1350 5261 xxvi,
1376 5197 1461 5250 ll.
1484 5227 1553 5237 ——
1576 5198 1733 5253 Sicut
1756 5201 1911 5257 canis
1935 5217 2062 5257 cum
2090 5218 2345 5259 reversus

757 5278 930 5335 inerit
956 5282 1027 5335 ad
1051 5285 1317 5339 vomitum
1349 5301 1510 5341 suum
1538 5297 1595 5344 et
1619 5288 1795 5347 lactus
1823 5291 2066 5358 odibilis,
2096 5293 2177 5349 sic
2208 5292 2345 5347 insi-

834 5441 880 5473 "
918 5441 977 5496 ln
1007 5438 1174 5495 Gesn.
1210 5441 1366 5499 Stob.
1397 5444 1524 5501 506.

2436 4925 2590 4995 μένη
2613 4926 2697 4990 εις
2726 4925 2993 4992 κύλισμα
3016 4918 3337 4988 βορϐόρου.

2511 5019 2760 5084 "apem.
2793 5011 2884 5074 ιζ’.
2912 5040 2983 5054 --
3027 5012 3191 5082 ’Δνὴρ
3238 5010 3604 5082 εὐμετάϐολος
3652 5007 3880 5082 γλώσσῃ
3929 5008 4039 5062 ἐκ·

2441 5110 2691 5162 πεσεῖται
2714 5108 2794 5171 είς
2820 5104 2989 5160 κακά.

2513 5202 2762 5269 "apem.
2785 5204 2902 5265 σις’.
2935 5224 3007 5238 --
3040 5196 3255 5268 Ὦσπερ
3291 5193 3442 5249 κύων
3484 5194 3615 5249 ὅταν
3670 5192 3881 5267 ιπέλθῃ
3926 5192 4047 5245 ἐπὶ

2443 5293 2535 5347 τὸν
2588 5290 2784 5346 ἑαυτοῦ
2836 5287 3031 5362 ἔμετον
3084 5288 3181 5344 καὶ
3232 5286 3464 5360 μισητὺς
3522 5286 3794 5359 γένηται,
3850 5282 4048 5346 οὓτως

2278 5543 2511 5602 NOTAE.

845 5656 918 5727 (ο)
954 5656 1668 5742 Τῶγπροσξρτςζγρριςων..
1712 5663 1917 5742 Sanum
1970 5663 2120 5723 hunc
2165 5666 2347 5742 locum
2453 5668 2522 5723 let

2453 5668 2582 5728 lem,
2612 5677 2669 5722 et
2700 5665 2754 5720 in
2789 5679 2901 5735 quo
2946 5664 3158 5742 clarum
3216 5661 3501 5742 Severiani
3539 5675 3794 5742 acumen,
3856 5666 4054 5742 otes}.

776 5740 1134 5808 repraeseuto,
1161 5747 1227 5787 ex
1360 5729 1691 5808 Vfllallesd.
1732 5737 1947 5808 codice,
1993 5752 2119 5808 ctum
2168 5737 2349 5808 tribus
2450 5748 2678 5808 argutus
2726 5729 2938 5808 auctor,
2972 5733 3420 5808 ipsequoquo‘in
3469 5731 3683 5787 deliciis
3708 5729 4022 5808 _Constanti

775 5800 899 5855 tere
934 5799 990 5855 iu
1037 5800 1202 5858 Gesn.
1253 5804 1562 5872 laboraret;
1596 5806 1773 5875 ipsum
1806 5799 1941 5878 jam'
1977 5807 2115 5863 nihil
2156 5806 2347 5861 dillu-i-

2451 5800 2633 5879 nopoli
2669 5807 2889 5862 hahitus
2937 5800 3033 5858 1033
3077 5800 3539 5875 Χρυσορρήμονος
3563 5800 3813 5858 annulus.
