4246 6438
247 397 358 461 865

1540 389 1708 450 LOCi
1748 389 2184 453 COMMUNES.

3400 407 3508 471 866

247 510 440 577 ἄφρων
469 504 540 574 τῇ
575 496 774 556 ἑαυτοῦ
800 497 972 572 κακίᾳ
1007 496 1356 570 ἀναστρέψας
1383 497 1479 553 ἐπὶ
1503 500 1604 573 τὴν
1632 501 1828 556 ἑαυτοῦ
1859 509 1900 564 Α

1859 509 1900 564 Α
1934 505 2092 573 piens
2119 519 2215 558 sua
2246 503 2452 560 malitia
2513 515 2799 564 revertens
2863 507 2931 563 ad
2997 525 3282 580 peccatum
3327 530 3506 573 suum.

248 598 547 656 ἁμαρτίαν.

289 615 638 758 μὲῖὲἒνῐίό.
675 713 748 729 -
764 683 1087 754 Ἄνθρωπος
1113 685 1390 756 νηστεύων
1410 686 1504 741 ἐπὶ
1520 684 1631 740 τῶν
1646 685 1828 755 ἀμαρ-

243 783 380 838 σιῶν
436 779 628 842 αὐτοῦ,
680 779 777 831 καὶ
822 776 988 831 πάλιν
1032 779 1404 851 πορευόμενος
1446 779 1541 834 καὶ
1567 779 1638 834 τὰ
1691 779 1830 832 αὐτὰ

244 875 443 937 ποιῶν,
491 873 590 942 τῆς
628 867 949 941 προσευχῆς
997 869 1167 924 αὑτοῦ
1196 869 1281 934 τίς
1313 869 1698 936 είσακούσταις
1733 870 1828 924 καὶ

242 966 299 1019 τί
328 965 614 1035 ὠφέλησεν
641 965 700 1015 ἑν
728 961 808 1031 τῷ
835 959 1241 1031 ταπεινωθῆναι
1263 963 1430 1017 αὐτόν
1460 981 1477 1030 ;

318 1060 535 1111 Bao'tJ.
589 1083 660 1098 —
699 1055 757 1108 ὀ
811 1055 872 1107 ὲν
924 1057 1178 1125 προκοπῇ
1228 1057 1522 1126 γενόμενος
1603 1054 1828 1123 ἀγαθῶν

245 1149 450 1220 ἔργων,
484 1142 604 1201 εἶτα
631 1146 1078 1217 παλινδρομήσας
1102 1147 1241 1217 πρὸς
1260 1149 1360 1219 τὴν
1420 1147 1661 1219 ἀρχαίαν
1700 1165 1829 1200 συν-

252 1240 468 1310 ήθειαν,
494 1239 555 1292 ού
592 1239 755 1310 μόνον
790 1239 884 1294 τὸν
907 1237 1005 1290 ἀπὶ
1042 1240 1160 1302 τοῖς
1204 1240 1602 1311 πεπονημένοις
1634 1241 1828 1310 μισθὸν

247 1329 562 1400 ἐζημιώθη,
595 1328 732 1384 ἀλλὰ
780 1331 878 1382 καὶ
908 1326 1220 1401 βαρυτέρας
1238 1329 1490 1395 ἀξιοῦται
1524 1329 1624 1398 τῆς
1655 1347 1825 1384 κατα-

246 1430 506 1501 κρίσεως.

321 1515 418 1584 οἷς
466 1517 698 1583 εὔκολος
740 1517 884 1590 πρὸς
930 1515 1238 1588 μεταϐολὴν
1269 1517 1302 1586 ἠ
1338 1517 1570 1581 διάνοια,
1616 1515 1826 1579 τούτοις

243 1611 402 1664 οὐδὲν
433 1609 664 1674 ἀπεικὸς
687 1608 786 1663 καὶ
815 1609 909 1664 τὸν
937 1608 1054 1684 ,βίον
1076 1602 1221 1663 εἶναι
1257 1606 1333 1678 μὴ
1359 1609 1713 1676 τεταγμένον.

317 1702 522 1773 Μηδεὶς
563 1701 624 1754 έν
670 1701 842 1772 κακίᾳ
877 1700 1103 1769 διάγων,
1146 1698 1338 1753 ἑαυτὸν
1375 1697 1821 1765 ἀπο·,ιιε.ωσ›ιέτ‹.›,

244 1795 406 1858 εἰδὼς
437 1795 521 1848 ὅτι
559 1793 806 1864 γεωργία
848 1791 947 1862 μὲν
1009 1790 1118 1844 τῶν
1161 1789 1347 1860 φυτῶν
1393 1789 1491 1851 τάς
1532 1789 1823 1856 ποιότητας

2005 679 2171 734 Εητιί.
2207 697 2388 748 xxxrv,
2420 680 2519 747 50;
2561 682 2712 752 Syri.
2745 684 2832 738 2t.
2864 715 2934 724 —
2966 684 3139 741 Homo
3173 688 3267 758 qui
3301 689 3513 760 jejuna:

1934 785 2036 839 pro
2069 774 2310 840 peccatis
2345 774 2480 837 suis,
2508 774 2816 846 iterumque
2849 776 3002 832 vadit
3029 788 3088 833 et
3119 779 3313 835 eadem
3347 781 3510 849 facit;

1933 862 2238 916 orationem
2298 865 2446 918 illius
2497 865 2624 934 quis
2676 868 2968 925 exaudiet?
3020 869 3225 940 quidve
3276 873 3512 942 profecit

1937 955 2277 1010 humiliande
2310 975 2367 1013 se
2387 960 2412 1012 ?

2004 1047 2214 1102 Basilii.
2241 1080 2310 1088 —
2341 1051 2444 1117 Qui
2483 1061 2772 1123 postquam
2806 1054 2861 1108 in
2894 1054 3056 1110 bonis
3085 1058 3348 1126 operibus
3380 1073 3512 1128 pro-

1933 1137 2094 1202 fecit,
2141 1140 2339 1196 iterum
2389 1145 2458 1198 ad
2503 1144 2786 1214 antiquam
2835 1149 3292 1205 consuetudinem
3337 1151 3510 1216 redit,

1935 1246 2042 1284 non
2077 1233 2255 1287 solum
2291 1236 2643 1303 superiorum
2676 1237 2930 1291 laborum
2964 1241 3274 1297 mercedem
3307 1242 3511 1312 perdit,

1934 1338 2125 1378 verum
2160 1327 2327 1379 etiam
2359 1328 2551 1396 majori
2585 1344 2746 1399 pmna
2773 1329 2979 1400 dignus
3007 1330 3263 1388 edicitur.

2001 1518 2246 1580 Quorum
2276 1516 2433 1571 facile
2457 1517 2680 1574 mobilis
2704 1520 2941 1585 animus,
2966 1521 3115 1576 haud
3140 1523 3344 1579 mirum
3370 1525 3510 1580 nihil

1930 1607 2011 1657 eis
2040 1622 2104 1657 ex
2137 1606 2348 1660 honesti
2382 1608 2592 1662 ratione
2617 1611 2786 1664 vitam
2817 1612 3178 1681 compositam
3209 1631 3348 1670 csa.

2003 1698 2173 1750 Nemo
2199 1699 2292 1767 qui
2326 1699 2380 1752 in
2405 1699 2541 1754 vitio
2564 1703 3088 1772 versetur,seipsum
3115 1704 3391 1775 desperet,
3415 1707 3512 1776 qui

1931 1790 2069 1843 sciat
2092 1791 2426 1860 agricultura
2455 1793 2656 1847 mutari
2683 1793 2939 1864 stirpium
2968 1797 3287 1864 qualitates;
3319 1799 3514 1854 animi-

250 1887 610 1955 μεταδάλλει·
634 1888 668 1956 ἡ
695 1885 752 1938 δὲ
788 1883 910 1938 κατ’
939 1882 1140 1954 ἀρετὴν
1173 1882 1273 1952 τῆς
1320 1881 1501 1952 ψυχῆς
1533 1881 1826 1950 ἐπιμέλεια
1862 1874 1898 1925 li

1862 1874 1898 1925 Ιῗ
1929 1897 2035 1949 que
2072 1881 2296 1936 colenda
2327 1883 2530 1938 virtute
2563 1885 2866 1954 diligentia,
2897 1888 3080 1944 omnis
3113 1891 3331 1959 generis
3361 1891 3514 1947 illius

244 1978 447 2049 δυνατή
484 1978 602 2032 ἐστι
643 1973 1006 2030 παποδαών
1027 1973 1486 2046 ἀρρωστημάτων
1527 1972 1828 2044 ἐπικρατῆ-

246 2087 361 2125 σαι.

319 2159 639 2231 ’Δνθρωποι
682 2159 801 2219 ταῖς
830 2155 1086 2225 νεφέλαις
1119 2156 1356 2220 ἐοίκασι,
1408 2155 1544 2226 πρὸς
1583 2154 1681 2217 τὰς
1721 2153 1828 2205 τῶν

241 2253 579 2322 πνευμάτων
609 2245 916 2320 μεταϐολὰς
971 2247 1165 2302 ἄλλοτε
1207 2248 1330 2300 κατ’
1376 2247 1506 2301 ἀλλο
1537 2245 1701 2316 μέρος
1731 2243 1826 2298 τοῦ

239 2345 409 2416 ἀέρος
437 2341 866 2415 ὲμφερομέναις.

314 2441 392 2493 Οὖ
441 2440 634 2510 χρόνου
681 2435 964 2506 ποσότητι,
1005 2433 1248 2488 διαθέσει
1276 2433 1333 2486 δὲ
1381 2433 1622 2503 ψυχῆςὴ
1663 2433 1826 2502 μετά-

237 2550 361 2586 νοια
388 2531 657 2602 κρίνεται.

314 2624 636 2691 Θεολόγου.
690 2650 762 2660 -
815 2618 944 2671 Δέον
989 2617 1456 2688 εὐμετακινήτους
1521 2615 1620 2685 μὲν
1684 2611 1825 2668 εἷναι

237 2713 382 2783 πρὸς
435 2710 498 2763 τδ
549 2711 799 2782 κρείττον
853 2707 964 2762 ἀπὸ
1003 2705 1102 2760 τοῦ
1131 2705 1396 2776 χείρονος,
1427 2705 1726 2774 ἀκινήτους
1767 2707 1824 2759 δὲ

237 2805 380 2873 πρὸς
400 2802 467 2856 τδ
488 2803 670 2873 χεῖρον
701 2799 810 2854 ἀπὸ
829 2797 923 2852 τοῦ
954 2797 1253 2868 βελτίονος.

311 2895 429 2964 οὐχ
459 2896 494 2965 η
528 2891 817 2963 μετάθεσις
846 2891 941 2944 τοῦ
990 2889 1163 2944 κακοῦ
1193 2888 1255 2941 τὸ
1278 2889 1506 2959 αἰσχρὸν
1534 2886 1680 2958 ἔχει’
1705 2887 1823 2941 ἀλλ’

238 2992 272 3059 ἡ
310 2988 504 3042 τούτου
534 2987 768 3059 τήρησις
793 2985 899 3057 τὴν
933 2983 1241 3038 ἀπώλειαν.

312 3081 391 3136 τὸ
442 3080 518 3151 μὴ
568 3077 912 3150 ἁμαρτάνειν
978 3075 1342 3146 ἀναισθήτως,
1395 3074 1510 3127 ἀλλ’
1565 3075 1822 3144 ἐπιγινώ-

238 3191 397 3230 σκειν
425 3174 517 3227 καὶ
547 3170 778 3242 συνορᾷν
803 3169 864 3222 τὸ
894 3167 1310 3239 πλημμεληθὲν,
1334 3169 1434 3222 οὐκ
1458 3167 1574 3220 ἐστι
1603 3167 1816 3238 μικρόν·

237 3265 362 3320 ἀλλ’
386 3264 506 3328 ὁδός
531 3262 616 3327 τίς
636 3263 754 3315 ἐστι
787 3259 885 3313 καὶ
914 3259 1056 3330 ἀρχὴ
1103 3258 1239 3330 πρὸς
1272 3257 1562 3329 διόρθωσιν
1588 3256 1820 3325 ἄγουσα,

239 3358 337 3412 καὶ
370 3355 464 3410 ἐπὶ
493 3353 553 3407 τὸ
579 3354 829 3424 κρεῖττον
859 3349 1184 3420 μεταϐολήν.
1300 3335 1309 3347 ’

309 3447 568 3517 Κούφους
605 3444 703 3498 καὶ
748 3443 1012 3513 ἀνοήτους
1064 3440 1293 3502 τούτους
1342 3438 1823 3510 ὑπολαμϐάνομεν,

232 3542 366 3603 τοὺς
395 3538 592 3610 ῥᾳδίως
631 3535 716 3588 ἐπ’
756 3533 1042 3604 ἀμφότερα
1089 3529 1449 3602 φερομένους,
1487 3531 1582 3583 καὶ
1616 3532 1822 3601 μεταρ-

233 3633 486 3701 ρἐντας,
528 3627 782 3697 καθάπερ
836 3623 1012 3696 αὔρας
1076 3621 1608 3694 μεταπιπτούσας,ῆ
1647 3640 1817 3692 μετα-

233 3723 404 3785 ϐολὰς
436 3721 533 3775 καὶ
567 3717 893 3790 παλιρροίας
930 3715 1194 3787 Εὐρίπου,
1251 3712 1581 3783 ﬂeatﬂeat};
1614 3715 1822 3769 ἀστατα

230 3815 485 3885 κύματα.

306 3909 615 3975 Χρυσοστ.
660 3933 732 3945 -
770 3904 831 3957 Ὀ
863 3905 1205 3976 μετανοήσας
1234 3905 1321 3974 ἐφ’
1348 3900 1430 3970 οἷς
1460 3903 1663 3976 ἔπραξε
1709 3901 1819 3954 δει-

230 4001 370 4060 νοῖς,
396 3995 501 4048 κᾶν
535 3993 611 4064 μὴ
656 3993 770 4048 τῶν
814 3995 1235 4066 ἁμαρτημάτων
1269 3994 1429 4061 ἀξίαν
1470 3993 1823 4064 ἀποδείξηται

229 4091 337 4159 τὴν
375 4089 692 4158 μετάνοιαν,
729 4086 825 4140 καὶ
851 4087 1020 4158 αὐτῆς
1050 4087 1256 4158 ταύτης
1287 4089 1439 4160 ὅμως
1462 4087 1574 4154 ἕξει
1600 4088 1698 4158 τὴν
1729 4087 1825 4140 ἀν-

226 4184 454 4237 τίδοσιν.

303 4270 630 4339 ΕὑαπῬΙου.
653 4299 722 4310 —-
741 4269 913 4324 Φυτδν
939 4267 1382 4342 μεταφερόμενον
1412 4266 1672 4339 συνεχῶς,
1691 4283 1825 4339 καρ-

227 4363 338 4416 πὺν
367 4362 434 4414 ού
462 4361 628 4415 ποιεῖ.

307 4453 576 4520 Σωκρὰτ.
599 4479 670 4491 -
709 4451 961 4522 Ἀνδριάς
991 4453 1092 4524 μὲν
1141 4452 1236 4507 ἐπὶ
1259 4453 1495 4524 βάσεως,
1538 4451 1824 4514 σπουδαῖος

1929 1974 2284 2041 ωμτὶιυώιιοε
2313 1992 2473 2045 posse
2502 1978 2776 2047 superari.

2001 2145 2262 2203 "OllliHCS
2309 2149 2555 2204 nubibus
2600 2152 2807 2207 similes
2855 2163 3014 2220 sunt,
3047 2170 3169 2224 qua:
3209 2170 3309 2224 pro
3354 2156 3512 2212 vario

1931 2248 2222 2293 ventorum
2247 2240 2380 2294 ﬂatu
2409 2241 2518 2296 huc
2539 2243 2869 2314 quandoque
2896 2253 3059 2315 atque
3080 2245 3212 2300 illuc
3231 2245 3506 2302 feruntur.

1998 2429 2115 2483 Non
2151 2432 2413 2501 temporis
2442 2449 2616 2498 mora,
2640 2434 2735 2488 sed
2763 2434 2932 2490 animi
2959 2434 3160 2491 affectu
3184 2437 3508 2506 pmnitentla

1923 2521 2223 2591 iudicatur.

2001 2614 2262 2686 Theologi.
2290 2645 2361 2655 —
2394 2616 2554 2670 Tales
2592 2633 2692 2670 nos
2726 2633 2847 2672 esse
2887 2619 3166 2683 convenit,
3206 2629 3267 2674 ut
3304 2635 3334 2676 a
3372 2621 3514 2677 vitio

1925 2705 1992 2760 ad
2021 2707 2281 2760 virtutem
2315 2707 2490 2762 facilis
2525 2709 2689 2763 nobis
2719 2711 2952 2764 mutatio
2983 2711 3074 2774 sit,
3106 2727 3137 2765 a
3169 2713 3375 2768 virtute
3408 2729 3511 2768 au.

1927 2806 2034 2851 tem
2071 2798 2140 2853 ad
2177 2799 2374 2852 vitium
2413 2801 2630 2855 animus
2663 2803 2736 2856 sit
2769 2817 2996 2872 prorsus
3032 2801 3346 2859 immobilis.

1994 2889 2216 2944 Nullum
2253 2890 2494 2945 dedecus
2524 2907 2553 2946 a
2585 2893 2720 2947 vitio
2754 2893 2958 2948 mutari
2994 2911 3010 2949 :
3045 2895 3180 2950 illud
3208 2911 3341 2952 vero
3370 2898 3509 2954 reti-

1924 2995 2058 3034 nere
2077 3022 2091 3044 ,
2119 2983 2291 3035 exitio
2321 2983 2558 3037 exsistit.

1993 3073 2112 3128 Non
2143 3076 2296 3128 nullo
2323 3090 2487 3130 sensu
2514 3090 2766 3146 peccare,
2793 3077 2888 3133 sed
2920 3077 3182 3134 delictum
3210 3095 3512 3151 agnoscere

1923 3165 2149 3234 ejusque
2192 3167 2472 3220 conscium
2514 3183 2664 3232 esse,
2700 3167 2845 3222 haud
2886 3184 2974 3223 res
3015 3170 3209 3240 exigua
3250 3179 3364 3237 est;
3408 3173 3506 3226 sed

1923 3255 2009 3308 via
2045 3255 2293 3324 quaedam
2333 3265 2390 3310 et
2428 3257 2646 3311 initium
2688 3258 2755 3312 ad
2793 3258 3234 3314 emendationem
3273 3261 3506 3329 ducens,

1923 3362 1987 3401 ac
2018 3350 2378 3404 mutationem
2410 3349 2479 3404 ad
2507 3351 2718 3417 frugem
2746 3351 3049 3406 meliorem.

1996 3441 2172 3494 Leves
2200 3457 2263 3495 ac
2293 3442 2493 3496 stultos
2520 3443 2853 3512 judicamus,
2879 3445 2974 3513 qui
3007 3445 3169 3503 facile
3201 3447 3258 3502 in
3292 3457 3504 3504 utram-

1924 3551 2030 3605 que
2063 3543 2275 3603 partem
2311 3533 2584 3599 feruntur,
2616 3534 2904 3605 fluuntque
2937 3551 3002 3591 ac
3036 3536 3277 3593 reﬂuunt
3307 3547 3503 3595 vento-

1925 3643 2044 3682 rum
2089 3641 2263 3688 more,
2300 3626 2432 3680 alias
2475 3641 2542 3680 ex
2585 3627 2708 3680 aliis
2751 3642 2915 3682 auras
2951 3630 3304 3693 nutantium,
3339 3641 3505 3701 atque

1924 3719 2115 3790 Euripi
2146 3719 2455 3788 reciprocos
2479 3727 2666 3784 mstus,
2695 3733 2761 3775 ac
2787 3720 2956 3775 maris
2985 3721 3274 3779 instabiles
3300 3722 3505 3779 ﬂuctus

1926 3810 2293 3864 inconstantia
2323 3810 2586 3863 referunt.

1996 3901 2260 3971 Cltrysosl.
2285 3931 2355 3940 —
2387 3903 2562 3967 Quem
2598 3902 2864 3971 paeniteat
2895 3903 3186 3970 malorum,
3213 3921 3336 3976 quae
3367 3908 3504 3977 egit,

1925 3993 2027 4046 etsi
2062 4009 2159 4062 pro
2193 3993 2463 4048 scelerum
2499 3994 2762 4064 gravitate
2795 3995 3016 4066 dignam
3052 3997 3186 4052 satis
3221 3999 3498 4067 pmnitcn-

1927 4086 2054 4139 tiam
2093 4102 2201 4139 non
2235 4085 2430 4155 egerit,
2457 4085 2621 4155 hujus
2652 4086 2841 4156 ipsius,
2868 4087 3015 4158 quod
3047 4088 3130 4143 sic
3157 4105 3283 4144 eum
3320 4091 3496 4160 patui-

1929 4177 2050 4240 tuit,
2084 4178 2391 4231 mercedem
2425 4178 2670 4233 habebit.

1998 4267 2239 4337 Evagrii.
2285 4298 2359 4307 —
2404 4267 2536 4335 Quae
2584 4269 2789 4338 jugiter
2833 4269 3012 4323 solum
3057 4279 3262 4337 mutet,
3299 4271 3498 4343 stirps,

1924 4361 2106 4415 omnis
2141 4376 2339 4430 expers
2373 4360 2583 4416 fructus
2614 4362 2739 4416 erit.

1993 4451 2160 4521 608
2195 4450 2403 4505 Socrat.
2426 4481 2495 4490 ——
2522 4451 2592 4506 Ut
2621 4458 2800 4506 statua
2834 4452 2890 4506 in
2926 4451 3067 4516 basi,
3097 4451 3178 4507 sic
3206 4453 3291 4507 vir
3321 4452 3499 4506 bonus

228 4545 287 4598 δὲ
323 4545 470 4614 ἀνὴρ
507 4544 601 4597 ἰπὶ
650 4542 824 4614 καλῆς
857 4546 1232 4618 προαιρέσεως
1259 4544 1453 4612 ἑστὼς,
1479 4542 1820 4616 ἀμετακίνη·
1849 4551 1896 4610 ι)

1818 4574 1820 4580 -
1849 4551 1896 4610 ι)
1922 4557 1986 4598 ac
2013 4542 2320 4608 studiosus,
2342 4543 2399 4598 in
2429 4541 2576 4597 bono
2602 4543 2886 4613 proposito
2915 4541 3108 4598 ﬁrmus
3138 4555 3284 4600 stare
3311 4545 3495 4601 debet.

229 4649 324 4697 τος
347 4631 550 4700 ὀφείλει
583 4625 745 4686 εἶναι.

807 4834 1025 4889 ΛΟΓΟΣ
1048 4835 1268 4902 κεῖνοι.

452 4929 591 4997 Περὶ
627 4927 918 4998 ἁμαρτίας
951 4928 1049 4982 καί
1082 4928 1551 4998 ἑξαγορεύσεως.

314 5019 509 5075 Ἰωαν.
538 5025 613 5085 η’.
641 5047 710 5057 -
741 5019 855 5080 Πᾶς
880 5019 908 5072 ὁ
939 5018 1111 5071 ποιῶν
1158 5018 1456 5091 ἁμαρτίαν,
1482 5015 1666 5082 δοῦλός
1702 5016 1819 5071 ἐστι

223 5111 329 5181 τῆς
355 5108 660 5180 ἁμαρτίας.

299 5199 510 5270 Σιρὰχ.
533 5199 820 5262 κα’.-Ὠς
835 5198 945 5254 ἀπὸ
973 5197 1265 5272 προσώπου
1297 5197 1495 5268 ὄφεως,
1518 5197 1686 5267 φεῦγε
1711 5198 1819 5252 ἀπὸ

225 5287 550 5359 ἁμαρτίαςν
589 5290 686 5342 ἐὰν
716 5288 826 5359 γὰρ
866 5287 1197 5360 προσέλθῃς,
1243 5287 1462 5360 δήξεταὶ
1513 5307 1596 5344 σε.
1641 5289 1818 5343 Ἰνδόν-

223 5399 321 5444 τες
351 5381 569 5445 λέοντος
590 5382 641 5435 οἱ
669 5380 882 5447 ὀδόντες
907 5381 1102 5452 αὐτῆς,
1135 5382 1232 5435 καὶ
1259 5381 1609 5452 ἀναιροῦντες
1639 5381 1817 5452 ψυχὰς

224 5473 330 5527 ἀνθ
338 5473 567 5545 ρώπων.

302 5565 464 5633 Πρὸς
506 5565 672 5635 Ῥωμ.
709 5564 786 5631 ς’.
818 5594 889 5609 -
917 5566 1011 5638 Μὴ
1051 5567 1147 5622 οὖν
1185 5566 1518 5639 βασιλευέτω
1565 5569 1598 5637 ἡ
1633 5567 1815 5640 ἀμαρ-

221 5658 320 5710 τὶα
355 5658 416 5710 έν
440 5655 519 5726 τῷ
542 5654 722 5728 θνητῷ
740 5656 896 5728 ὑμῶν
925 5657 1161 5730 σώματι,
1189 5661 1268 5726 είς
1289 5657 1351 5714 τὸ
1374 5658 1669 5714 ὑπακούειν
1695 5660 1814 5721 ταῖς

300 5844 348 5875 ⁸³
378 5842 438 5896 In
469 5841 634 5900 Gesn.
666 5844 952 5906 Stob.297.

2479 4826 2708 4884 SERMO
2747 4827 2940 4882 XXVI.

2320 4917 2396 4973 De
2427 4927 2637 4990 peccato
2670 4929 2718 4972 et
2753 4920 3098 4988 confessione.

1985 5013 2144 5068 Joan.
2174 5029 2286 5072 vm,
2312 5010 2404 5064 Si.
2430 5040 2499 5049 —
2531 5008 2720 5065 Omnis
2752 5008 2849 5078 qui
2877 5009 3008 5064 facit
3041 5016 3352 5080 peccatum,
3380 5027 3488 5070 ser-

1915 5121 2019 5161 vus
2051 5116 2135 5159 est
2169 5102 2399 5173 peccati.

1988 5201 2151 5256 Eccli.
2185 5217 2292 5261 xxi,
2316 5201 2372 5254 2.
2403 5229 2471 5239 —
2497 5198 2778 5268 Tanquam
2810 5215 2841 5253 a
2868 5197 3004 5253 facie
3038 5199 3272 5266 colubri,
3306 5199 3430 5272 fuge
3461 5221 3494 5256 ιι

1915 5301 2172 5364 peccato;
2220 5292 2264 5344 si
2313 5290 2460 5346 enim
2506 5290 2809 5347 accesseris
2854 5289 3128 5346 mordebit
3173 5300 3246 5347 te.
3291 5292 3496 5348 Dentes

1914 5383 2090 5437 leonis
2129 5381 2323 5435 dentes
2359 5380 2509 5449 ejus,
2535 5389 2590 5434 et
2627 5378 2720 5449 qui
2762 5377 3102 5435 interficiunt
3140 5381 3352 5436 animas
3388 5380 3491 5436 ho-

1913 5475 2143 5530 milium.

1986 5566 2138 5622 Rom.
2162 5582 2235 5630 vi,
2263 5565 2352 5619 12.
2375 5595 2445 5605 —
2472 5564 2551 5620 Ne
2579 5579 2708 5634 ergo
2739 5573 2929 5635 regnet
2949 5573 3233 5636 peccatum
3262 5566 3316 5629 in
3345 5578 3488 5617 mor-

1919 5659 2010 5715 tali
2054 5668 2239 5715 vestro
2286 5673 2550 5728 corpore,
2596 5666 2658 5712 ut
2707 5657 2980 5714 obediatis
3027 5655 3490 5726 concupiscentiis
