4246 6438
744 374 847 437 867
1879 362 1938 428 S.
1977 363 2266 427 ΜΑΧΙΜΙ
2304 363 2421 427 (ἒΟέ

2321 363 2444 427 3οΝ
2454 354 2816 427 FESSORIS
3883 358 3998 428 863

742 488 867 559 ejus
906 504 920 541 :
960 494 1137 557 neque
1176 482 1480 539 exbibeatis
1518 481 1763 538 membra
1799 489 1983 537 vestra
2020 496 2172 537 arma
2209 480 2317 537 ini-
2344 491 2391 545 Α

2344 491 2391 545 Α
2419 479 2740 551 ἐπιθυμίαις
2766 474 2932 531 αὐτοῦ
2951 492 2964 505 ·
2998 475 3133 546 μήτε
3185 474 3550 545 παριστάνετε
3575 472 3644 528 τὰ
3676 474 3813 547 μέλη
3844 477 3998 547 ὑμῶν

742 576 971 647 quitatis
1006 582 1247 645 peccato.
2418 600 2419 603 η

2418 570 2561 622 ὅπλα
2589 568 2801 629 ἀδικίας
2830 568 2896 635 τῇ
2922 565 3193 636 ἁμαρτίᾳ.

812 671 981 726 Eccli.
1010 685 1178 735 xxvn,
1206 668 1294 723 ll.
1316 698 1390 708 -—
1420 666 1531 723 Leo
1562 664 1839 721 venationi
1874 664 2204 732 insidiatur;
2239 665 2320 721 sic
2486 708 2489 714 λ

2486 660 2691 730 Σιρὰχ.
2725 657 3056 719 κζ’.--Δέων
3077 658 3221 728 θήρᾳ
3243 656 3535 730 ὲνεδρεύει,
3556 656 3732 722 οὕτως
3756 658 4002 730 ἁμαρτία

741 771 1025 834 peccatum
1058 759 1389 815 facientibus
1421 757 1629 826 iniqua.
2415 776 2418 788 ‹

1512 771 1629 826 qua.
2415 754 2544 815 τοὺς
2568 750 2972 822 ἐργαζομένους
3003 749 3189 803 ἄδικα.

810 853 976 909 Eccli.
1010 855 1200 919 xxxix,
1236 852 1325 908 50.
1355 881 1427 892 —
1467 852 1617 907 Bona
1656 849 1823 906 bonis
1860 854 2045 906 creata
2083 854 2215 905 sunt
2249 846 2320 903 ab

2488 842 2691 912 Σιρὰχ.
2727 844 2842 896 λοι.
2870 854 2944 881 -'-
2982 839 3193 909 ’Λταθά
3224 842 3337 903 τοῖς
3380 840 3608 911 ἀγαθοῖς
3646 840 3876 912 ἐκτίσθη
3905 842 4001 895 ἀπ’

740 948 930 1013 initio;
965 945 1048 1002 sic
1075 956 1133 1003 et
1161 945 1541 1017 peccatoribus
1567 945 1729 1000 mala.

2417 933 2615 1006 ἀρχῆς,
2647 933 2791 988 οὕτω
2816 932 2914 987 καὶ
2941 935 3054 996 τοῖς
3090 932 3439 1005 ἁμαρτωλοῖς
3467 933 3635 987 κακά.

806 1039 1019 1095 Basilii.
1048 1068 1121 1080 —
1143 1037 1613 1105 Quemadmodum
1647 1036 1710 1091 ut
1740 1034 2032 1091 incidenda
2064 1035 2139 1091 sit
2164 1039 2317 1101 caro,

2489 1029 2704 1081 Βασιλ.
2727 1038 2799 1067 —-‘-
2832 1026 3047 1095 Ὠσπερ
3077 1025 3178 1096 τῆς
3197 1023 3372 1095 τομῆς
3398 1024 3432 1095 ἢ
3458 1024 3552 1079 τοῦ
3586 1026 3881 1096 καυτῆρος,
3902 1026 4004 1095 οὐχ

697 1130 706 1139 ’
736 1132 825 1187 vel
854 1131 1102 1188 cadterio
1128 1129 1430 1197 exurend'a,
1454 1144 1567 1185 non
1597 1127 1961 1198 medicds,cst
1982 1136 2197 1192 auctor,
2223 1126 2319 1183 sed

2420 1119 2451 1171 ὁ
2480 1116 2668 1187 ἰατρὸς
2695 1116 2891 1181 αἴτιοςδ
2915 1116 3033 1171 ἀλλ’
3064 1118 3098 1185 ὴ
3128 1119 3281 1180 νόσος
3307 1133 3321 1148 ο
3354 1115 3501 1170 οὕτω
3543 1117 3641 1171 καί⁹
3682 1117 3733 1170 oi
3760 1117 3871 1175 τῶν
3900 1118 4003 1169 πό-

737 1221 1003 1275 morbus:
1039 1220 1120 1274 sic
1151 1227 1207 1274 et
1236 1219 1522 1274 civitatum
1555 1218 1768 1272 excidia
1800 1220 2171 1288 extremaeque
2203 1217 2319 1273 cla-

2417 1209 2555 1262 λεων
2583 1207 2885 1278 ἀφανισμοὶ
2914 1208 2980 1260 ὲκ
3021 1207 3121 1277 τῆς
3163 1206 3436 1279 ἀμετρίας
3464 1207 3576 1260 τῶν
3606 1208 4003 1278 ἁμαρτανομέ-

737 1309 857 1375 des,
874 1326 997 1380 quae
1016 1324 1083 1365 ex
1104 1317 1454 1379 peccatorum
1473 1308 1833 1385 exuberantia
1856 1317 2037 1364 ortum
2058 1308 2317 1375 habeant,

2420 1317 2525 1354 νων
2560 1298 2659 1370 τὴν
2701 1300 2879 1371 ἀρχὴν
2910 1297 3147 1370 ἔχοντες,
3189 1298 3284 1352 τὸν
3309 1299 3445 1352 Θεὸν
3470 1300 3690 1370 ἀπάσης
3739 1300 4004 1370 μέμψεως

736 1403 887 1457 omni
915 1401 1266 1458 accusatione
1291 1400 1463 1454 Deum
1492 1398 1752 1453 liberant.

1088 1401 1266 1454 ationc
1291 1400 1463 1454 Deum
1492 1398 1752 1453 liberant.
2417 1389 2765 1446 ἀπολύουσιν.

806 1494 1097 1550 Peccatum
1147 1489 1391 1561 quandiu
1440 1488 1664 1559 quidem
1719 1489 2061 1559 parturitur,
2105 1486 2319 1557 aliquid

2502 1482 2565 1535 Ἦ
2603 1481 2849 1551 ἁμαρτία
2897 1482 2974 1546 ὡς
3016 1482 3117 1553 μὲν
3164 1482 3436 1550 ὠδίνεται,
3502 1482 3621 1553 ἔχει
3652 1483 3773 1538 τινά
3806 1482 4009 1553 αίσχύ-

736 1583 963 1653 pudoris
1005 1580 1171 1635 habet
1213 1597 1225 1633 :
1275 1579 1367 1633 ubi
1410 1586 1595 1633 autem
1636 1579 1805 1633 fuerit
1841 1585 2317 1643 consummatum,

2417 1590 2545 1645 νηνο
2596 1572 2829 1627 ἐπειδὰν
2886 1573 2944 1626 δὲ
2993 1572 3252 1644 τελεσθῇ,
3308 1573 3433 1628 τότε
3487 1574 4008 1645 ἀναισχυντοτέρους

735 1673 833 1743 qui
886 1672 1007 1741 ejus
1063 1678 1318 1724 auctores
1373 1668 1517 1734 sint,
1566 1668 1828 1725 omnibus
1883 1668 2320 1741 impudentiores

1684 1668 1828 1725 tibus
1883 1668 2320 1741 impudentiores
2418 1667 2565 1719 ποιεί
2584 1665 2711 1728 τοὺς
2735 1664 3141 1735 ἐργαζομένους
3167 1663 3361 1734 αὑτήν.

740 1764 941 1819 reddit.

807 1856 878 1912 Ut
913 1855 1095 1910 fumus
1135 1868 1297 1923 apes,
1330 1862 1386 1908 et
1425 1852 1564 1908 fetor
1598 1852 1884 1908 columbas
1920 1850 2099 1923 fugat,
2134 1852 2215 1907 sic
2254 1858 2312 1907 et
2346 1838 2389 1893 Β

2346 1838 2389 1893 Β
2499 1838 2588 1903 Ὦς
2620 1838 2733 1911 γὰρ
2758 1837 2862 1903 τάς
2906 1837 3166 1910 μελίσσας
3193 1855 3400 1902 καπνος
3439 1840 3735 1909 φυγαδεύει
3778 1840 3875 1893 καὶ
3907 1840 4010 1904 τὰς

737 1945 863 2001 vita:
902 1955 1102 1999 nostra!
1142 1946 1425 1999 custodem
1468 1944 1719 2013 angelum
1753 1958 1841 2000 res
1871 1944 2031 2016 longe
2066 1946 2317 2001 luctuosa

2419 1931 2757 2003 περιστερὰς
2790 1930 3025 1985 δυσωδία
3045 1946 3058 1959 ·
3093 1928 3239 1983 οὓτω
3271 1931 3473 1985 καὶτὸν
3502 1931 3719 2000 φύλακα
3739 1935 3835 2002 τῆς
3856 1932 4010 2001 ζωῆς

733 2052 802 2093 ac
831 2036 1010 2092 fetens
1038 2045 1326 2108 peccatum
1355 2033 1549 2105 abigit.

2416 2023 2577 2094 ήμῶν
2602 2023 2883 2095 ἀγγελονή
2916 2022 3261 2093 πολύδακρυς
3308 2024 3402 2077 καὶ
3431 2023 3674 2095 δυσώδης
3706 2025 4009 2095 ἀφίστησιν

2422 2114 2689 2169 ἁμαρτία.

2507 2132 2689 2169 αοτια.

2422 2132 2487 2185 αίλ

810 2214 966 2269 Sicut
998 2214 1192 2269 umbra
1224 2213 1443 2283 corpori
1474 2226 1660 2268 comes
1690 2223 1795 2277 est,
1825 2212 1907 2269 sic
1947 2211 2148 2268 animis
2186 2225 2318 2281 pce-

2422 2132 2689 2186 αμαρτια.

2496 2207 2707 2278 ’Ὠσπερ
2734 2206 2945 2277 fama
2985 2210 3064 2280 τῷ
3115 2210 3353 2281 σώματι.
3391 2209 3685 2271 οὔτίιῖῑᾶῖς
3714 2207 3916 2278 ψυχαῖς
3946 2207 4010 2261 αι
4085 2238 4090 2242 -

733 2315 877 2370 cata,
907 2307 1165 2377 claraque
1197 2314 1418 2360 actuum
1455 2304 1749 2360 simulacra
1777 2304 2074 2359 exsistunt.

2426 2294 2700 2367 ἁμαρτίαι
2729 2298 3094 2368 παρέπονται,
3120 2300 3373 2370 ἐναργεῖς
3402 2298 3501 2361 τὰς
3540 2297 3772 2368 πράξεις
3805 2294 4013 2351 εἰκονί-

2455 2404 2644 2443 ουσαι.

2420 2386 2482 2451 Co

806 2481 1015 2537 Natura
1060 2494 1296 2552 pronum
1337 2479 1533 2534 vitium
1579 2488 1696 2543 est,
1738 2493 2087 2550 praecepsque
2130 2490 2216 2535 est
2263 2481 2318 2536 in

2455 2404 2644 2443 ουσαι.

2420 2386 2453 2451 ζ
2492 2477 2657 2529 Φύσει
2692 2477 2986 2549 πρόχειρον
3008 2479 3041 2547 η
3074 2478 3267 2545 κακία,
3290 2477 3387 2531 καὶ
3415 2478 3584 2540 πολὺς
3608 2478 3701 2533 hri
3730 2477 3792 2532 τὸ
3824 2479 4012 2549 χεῖρον

736 2569 984 2626 deterius
1012 2585 1233 2625 cursus.

1026 2585 1233 2625 :ursus.
2423 2570 2454 2623 ὁ
2482 2568 2703 2639 δρόμος.

808 2663 918 2717 Res
946 2660 1107 2715 facile
1137 2658 1542 2715 aemulationem
1577 2658 1790 2715 habens
1820 2674 1996 2730 eaque
2030 2660 2315 2728 proclivis,

2495 2660 2821 2731 Εύξήλωτον
2849 2661 3035 2732 μέντοι
3068 2662 3168 2717 καὶ
3197 2663 3494 2734 πρὸχειρον
3533 2664 3770 2733 πρᾶγμα
3798 2663 3834 2733 ἡ
3906 2678 4008 2733 μο-

736 2752 1064 2824 improbitas
1106 2760 1223 2818 est;
1260 2766 1366 2807 nec
1400 2751 1702 2823 quidquam
1744 2753 1825 2809 sic
1867 2752 2218 2822 expeditum,
2255 2768 2321 2807 ac

2421 2752 2652 2824 χθηρία·
2677 2753 2773 2808 καὶ
2794 2754 2945 2809 οὐδὲν
2964 2754 3108 2808 οὕτω
3136 2755 3317 2827 ῥᾴδιον
3338 2755 3417 2820 ὼς
3446 2755 3508 2809 τὸ
3536 2754 3791 2824 γενέσθαι
3816 2756 4009 2809 κακόν.

737 2844 855 2901 ﬁeri
890 2844 1116 2899 malum.

807 2937 885 2991 Ne
915 2935 1163 3005 graveris
1188 2942 1473 3004 peccatum
1506 2941 1658 2988 tuum
1692 2933 1968 2999 conﬁteri,
1993 2942 2055 2989 ut
2082 2950 2323 3006 praesen-

2491 2932 2587 3004 Μὴ
2639 2931 2962 3007 ἀπαξιώσῃς
3012 2934 3377 3007 ἑξαγορεῦσαί
3430 2953 3527 2990 σου
3575 2937 3675 3008 τὴν
3704 2937 4011 3007 ἁμαρτίαν,

739 3027 808 3079 tis
834 3026 935 3080 ιιινί
970 3024 1201 3095 pudore,
1236 3023 1410 3078 futuri
1445 3023 1689 3079 dedecus
1720 3025 2096 3095 probrumque
2128 3041 2321 3081 caveas

2426 3026 2512 3078 ἵνα
2538 3026 2605 3094 τῇ
2635 3024 2887 3077 ὲντεῦθεν
2936 3026 3170 3100 αἰσχύνῃ
3218 3028 3318 3097 τὴν
3351 3028 3562 3081 ἐκεῖθεν
3588 3028 3766 3099 φύγῃς
3798 3028 4012 3097 (tr-etii:

737 3118 888 3186 (nam
918 3124 973 3170 et
1002 3115 1119 3170 lucc
1152 3115 1302 3169 illius
1332 3131 1459 3185 pars
1492 3115 1749 3186 supplicii
1783 3116 1923 3189 est),
1952 3117 2321 3186 ostendasque
2352 3168 2390 3189 η

2352 3168 2390 3189 Α
2428 3115 2595 3185 μέρος
2641 3116 2737 3168 καὶ
2781 3115 2943 3169 τοῦτο
2992 3116 3095 3186 τῆς
3146 3118 3328 3171 ἐκεῖσε
3378 3117 3678 3186 κολάσεως)
3704 3116 3800 3170 καὶ
3825 3115 4013 3189 δείξῃς

736 3168 919 3260 odisse
955 3213 1007 3259 te
1038 3219 1169 3259 vere
1201 3168 1487 3274 peccatum
1524 3168 1723 3275 :qnod
1758 3168 2011 3261 traducas
2042 3222 2107 3262 ac
2141 3168 2318 3277 tripu-
2350 3168 2391 3226 Ο

2350 3168 2391 3226 C
2423 3168 2515 3260 ἐπ’
2564 3168 2667 3276 τὴν
2715 3207 2997 3277 ἁμαρτίαν
3051 3168 3222 3271 821...,
3254 3168 3614 3279 una..."
3632 3168 4015 3279 $9333.“;

736 3298 829 3350 diu
862 3303 1105 3350 ostentes
1139 3306 1304 3365 atque
1340 3297 1681 3367 triumpbcs,
1716 3297 1881 3369 609
1919 3308 1980 3353 ut
2009 3299 2159 3369 quod
2190 3316 2320 3356 vere

2225 3316 2320 3356 ere
2421 3297 2577 3361 τίτας
2615 3298 2785 3369 αὐτὴν
2816 3298 2912 3351 καὶ
2938 3298 3340 3370 θριαμϐεύσας,
3371 3300 3447 3362 ὼς
3476 3299 3633 3364 ἀξίαν
3664 3298 3898 3371 ὕϐρεως.

735 3388 962 3459 dignum
992 3387 1323 3443 contumelia
1351 3396 1456 3444 est.

805 3480 1102 3535 Circutnda
1162 3488 1433 3544 stercora,
1489 3480 1786 3553 lacrymas,
1831 3483 2092 3553 gemitus,
2153 3500 2317 3554 quam

2494 3472 2796 3543 Περιϐαλοῦ
2853 3474 3096 3544 κόπρια,
3159 3473 3406 3544 δάκρυα,
3463 3475 3846 3545 στεναγμοὺς,
3904 3474 4015 3545 τὴν

736 3571 1084 3627 confessione
1112 3571 1523 3642 humilioreque
1552 3588 1617 3628 ac
1647 3584 1835 3644 spreta
1859 3575 2154 3645 disciplina
2182 3593 2321 3645 pra:-

2420 3564 2485 3618 δι’
2548 3563 2967 3634 ὲξαγορεύσεως
3023 3565 3119 3618 καὶ
3153 3564 3484 3637 ἀτιμοτέρας
3521 3566 3747 3636 ἀγωγῆς
3767 3566 4017 3638 ἐπανόρ-

736 3673 850 3719 stes
882 3662 1171 3718 meliorem
1211 3661 1451 3733 frugem.
2425 3656 2611 3709 Θωσιν.

806 3755 969 3809 Nulla
1004 3753 1092 3808 bis
1120 3752 1215 3823 qui
1250 3764 1614 3808 excesserunt
1668 3754 1725 3808 in
1769 3753 1994 3810 inferno
2044 3753 2321 3810 confessio

2497 3748 2612 3799 Οὐκ
2638 3745 2753 3800 ἔστι
2805 3748 2915 3810 τοῖς
2977 3745 3306 3801 ἀπελθοῦσιν
3361 3750 3422 3801 ὲν
3466 3748 3570 3821 ᾄδῃ
3616 3749 4018 3820 ἆξομολόγησις

735 3855 821 3901 est
865 3860 929 3900 ac
963 3843 1303 3901 emendatio.
1331 3843 1618 3899 Conclusit
1649 3844 1801 3899 enim
1844 3845 2015 3911 Deus,
2050 3845 2320 3916 praesenti

2421 3837 2517 3891 καὶ
2564 3837 2869 3909 διόρθωσις.
2913 3837 3231 3891 Συνέκλεισε
3258 3838 3367 3911 γὰρ
3397 3842 3426 3894 ὁ
3453 3838 3606 3905 Θεὸς,
3638 3840 3867 3895 ἐνταῦθα
3905 3842 4021 3911 μὲν

737 3936 965 4007 quidem
1011 3952 1149 4002 aevo,
1196 3930 1367 3991 vitam
1411 3945 1471 3992 et
1521 3937 1833 4004 actionem;
1874 3937 2064 3992 futuro
2109 3946 2318 4003 autem,

2424 3932 2536 4002 βίον
2568 3932 2664 3984 καὶ
2719 3931 2917 4002 πρᾶξιν
2942 3947 2954 3960 ·
3002 3932 3122 3986 ἐκεῖ
3172 3933 3254 3997 δὲ,
3290 3934 3391 4003 τὴν
3424 3932 3536 3987 τῶν
3591 3936 4024 4006 πεπραγμένων

737 4044 931 4084 eorum
965 4044 1089 4098 qua:
1123 4038 1274 4099 gesta
1312 4028 1555 4093 fuerint,
1590 4029 1834 4085 rationes
1868 4036 2035 4099 atque
2067 4044 2318 4084 examen.
2422 4025 2694 4089 ἐξέτασιν.

808 4121 1016 4175 Vitium
1058 4120 1284 4175 silentio
1315 4137 1568 4192 pressum
1599 4131 1768 4192 atque
1794 4121 2100 4187 occultum,
2142 4121 2323 4177 latens

2491 4119 2672 4172 Κακία
2722 4118 3095 4191 σωπηθείσα,
3152 4120 3311 4183 νόσος
3358 4119 3593 4185 ὓπουλός
3645 4122 3793 4175 ἐστιν
3841 4122 3900 4173 ὲν
3937 4124 4026 4194 τῇ

737 4212 909 4266 animi
961 4211 1188 4267 morbus
1229 4211 1465 4268 exsistit.
1786 4290 1789 4293 Α
2418 4213 2589 4283 ψυχῇ.

810 4302 1422 4373 Thcologi.—Facilius
1468 4306 1594 4376 quis
1638 4304 1826 4361 tenuis
1870 4304 2321 4385 vitii‘cOpiosius

2493 4305 2811 4373 Θεολόγου.
2844 4333 2915 4345 -—
2939 4304 3148 4358 Θᾶττον
3176 4304 3287 4375 γὰρ
3328 4304 3394 4358 ἄν
3423 4322 3510 4369 τις
3555 4305 3750 4375 ὀλίγης
3799 4306 4028 4369 κακίας

738 4395 863 4450 labe
914 4395 1217 4459 imbuatur,
1260 4411 1425 4466 quam
1469 4397 1595 4452 altae
1638 4396 1864 4452 virtutis
1897 4396 2164 4466 paulatim
2217 4398 2321 4450 ho-

2425 4395 2720 4466 μεταλάϐοι
2744 4394 3036 4461 πλουσίως,
3069 4396 3101 4467 ἢ
3126 4397 3330 4467 ἀρετῆς
3363 4396 3587 4466 βαθείας
3620 4395 3760 4450 κατά
3784 4398 4025 4466 μικρόν.

739 4498 1007 4543 nestatem
1061 4488 1318 4543 asciscat.
1364 4487 1500 4543 Nam
1545 4497 1605 4544 et
1656 4487 1765 4544 mel
1812 4488 1999 4559 exigui
2051 4488 2317 4543 absinthii
2356 4510 2398 4563 ι)

2356 4510 2398 4563 D
2435 4488 2587 4541 Ἐπεὶ
2624 4489 2721 4541 καὶ
2752 4486 2931 4557 μέλιτι
2964 4487 3064 4557 μὲν
3091 4488 3289 4557 μικρὸν
3331 4487 3578 4556 ἀψίνθιον
3630 4488 3861 4557 τάχιστα
3899 4505 4024 4557 με-

737 4580 824 4635 vis
858 4579 1123 4635 citissime
1172 4578 1383 4644 inficit;
1434 4579 1616 4649 ipsum
1669 4594 1825 4645 vero,
1875 4594 1981 4634 nec
2009 4580 2055 4634 si
2090 4580 2321 4649 duplum

2420 4579 2671 4632 ταδίδωσι
2695 4577 2788 4631 τοῦ
2818 4577 3041 4647 πικροῦ,
3066 4577 3189 4647 μέλι
3216 4578 3276 4631 δὲ
3295 4578 3417 4632 οὐδὲ
3445 4579 3507 4632 τὸ
3534 4578 3810 4634 διπλάσιον
3842 4578 4032 4649 ἀψιν-

737 4671 963 4743 quidem
1002 4671 1298 4736 exstiterit,
1351 4670 1634 4726 absinthio
1654 4669 2008 4726 dulcedinem
2059 4669 2321 4726 infundit.

1602 4684 1634 4726 ο
1654 4669 2008 4726 dulcedinem
2059 4669 2321 4726 infundit.
2425 4669 2527 4739 θίῳ
2555 4670 2656 4739 τῆς
2693 4668 2891 4723 ἑαυτοῦ
2920 4669 3279 4739 γλυκύτητος.

809 4760 1283 4832 causast—Tale
1329 4760 1466 4831 quid
1515 4769 1802 4830 peceatum
1846 4770 1952 4815 est.
2015 4760 2324 4832 Antequam

2494 4762 2800 4828 Χρυσοστ.
2850 4790 2919 4803 --
2950 4760 3205 4815 Τοιοῦτον
3233 4762 3267 4831 ἡ
3296 4760 3540 4832 ἁμαρτία
3572 4776 3588 4793 ·
3628 4761 3758 4832 πρὶν
3811 4761 3848 4833 ἧ
3903 4764 4033 4832 μὲν

741 4853 1080 4917 perﬁciatur,
1108 4866 1269 4917 eum,
1301 4851 1395 4922 qui
1431 4866 1489 4906 se
1524 4851 1602 4906 illi
1632 4867 1788 4907 reum
1830 4850 2138 4915 addixerit,
2170 4850 2328 4921 quasi

2430 4850 2859 4922 ἀπαρτισθῆναι,
2895 4852 3113 4923 μεθύειν
3141 4853 3291 4906 ποιεί
3318 4852 3410 4906 τὸν
3437 4853 3666 4907 ἀλόντα’
3697 4851 3927 4907 ὲπειδάν
3962 4856 4035 4910 δὲ

742 4943 1109 4996 temulentum
1158 4940 1362 4996 reddit.
1396 4940 1502 4997 Ubi
1534 4948 1720 4997 autem
1761 4940 2122 5010 adimpletum
2160 4941 2326 4997 fuerit

2430 4943 2695 5015 πληρωθῇ
2744 4943 2839 4996 καὶ
2895 4944 3231 5015 ἀπαρτισθῇ,
3272 4944 3395 4998 τότε
3448 4944 3517 4998 τά
3553 4944 3653 5015 μὲν
3683 4944 3782 5015 τῆς
3809 4944 4036 5017 ἡδονῆς

741 5040 798 5085 et
826 5032 937 5102 jam
974 5041 1285 5100 peractum,
1333 5047 1457 5101 quae
1503 5031 1683 5085 fuerat
1719 5030 2000 5100 voluptas,
2055 5028 2173 5084 haec
2199 5046 2323 5085 sese

2427 5034 2635 5103 ταύτης
2652 5034 3007 5100 ὑπεξίσταται
3036 5035 3131 5089 καὶ
3157 5034 3442 5089 σϐέννυται
3460 5052 3474 5065 ·
3502 5036 3711 5107 γυμνὸς
3729 5036 3783 5088 δὲ
3802 5036 4036 5107 ἕστηκε

742 5123 1004 5179 subducit
1054 5140 1118 5179 ac
1165 5123 1567 5194 exstinguitur;
1612 5122 1795 5178 nudus
1842 5131 2030 5176 autem
2080 5129 2189 5176 stat
2231 5137 2322 5177 ac-

2428 5123 2615 5178 λοιπδν
2642 5126 2671 5178 ὁ
2693 5127 2998 5198 κατήγορος
3018 5164 3036 5191 ,
3070 5127 3164 5181 τοῦ
3191 5127 3493 5191 συνειδότος
3527 5127 3604 5198 (ρ)
3627 5127 3824 5198 δημίου
3851 5127 4040 5197 τάξιν

811 5308 888 5379 (p)
919 5308 1029 5364 Τοῦ
1063 5308 1435 5381 συνειδότος.
1477 5308 1643 5381 Gesn.
1681 5324 1806 5364 eum
1838 5323 1973 5363 voce
2015 5308 2320 5381 κατήγορος
2436 5313 2488 5365 lu

2436 5313 2574 5365 luaco
2610 5310 2798 5379 positi,
2828 5321 2903 5381 ut
2925 5318 3103 5365 sment
3134 5312 3333 5381 passim
3359 5310 3531 5366 Graeci
3570 5309 3818 5365 moderni
3841 5325 4038 5365 usur-

737 5380 952 5449 jnngit;
1010 5379 1166 5449 quasi
1218 5379 1336 5453 ipsa
1391 5379 1733 5453 conscientia
1789 5394 1899 5453 non
1949 5386 2195 5453 accuset,
2224 5379 2318 5453 Sed
2430 5396 2579 5453 pare,
2608 5379 3383 5453 proiquibusgignendicasu
3413 5382 3841 5453 Cbrysostomus
3870 5383 4040 5453 serio

740 5448 1052 5521 accusetur,
1095 5465 1197 5521 nec
1240 5449 1359 5521 ejus
1405 5451 1559 5521 quasi
1591 5450 1770 5521 active
1804 5449 2042 5521 tribunal
2082 5448 2174 5521 sit,
2208 5449 2317 5521 sed
2430 5448 2625 5521 psorit'.
2657 5448 2819 5505 Libet
2841 5448 3223 5521 conjectural):
3257 5451 3472 5506 firmare
3520 5448 3585 5505 ex
3619 5466 3729 5505 uno
3752 5459 3807 5504 et
3832 5452 4042 5507 altero

741 5520 990 5588 passive:
1037 5519 1183 5588 quod
1238 5518 1384 5574 idem
1411 5535 1467 5571 ιι.
1495 5520 1584 5583 50,
1627 5520 1681 5573 in
1728 5534 1795 5573 eo
1830 5519 2179 5587 reprehendi.
2208 5518 2321 5589 Ego
2416 5518 2537 5589 ejus
2561 5520 2705 5585 loco,
2732 5518 3035 5576 concionel
3066 5531 3124 5575 et
3140 5522 3195 5586 4,
3221 5521 3519 5580 indivitem
3543 5531 3601 5575 et
3626 5521 3922 5575 Lazarum.
3958 5522 4044 5579 Et.

745 5589 941 5664 potius
957 5590 1263 5657 genitivum
1288 5588 1602 5644 absolutum
1637 5591 1872 5664 accipio.
1900 5598 1956 5664 et
1988 5603 2097 5664 quo
2147 5591 2321 5658 expli-
2418 5624 2422 5635 ι

2418 5588 2723 5664 (quidem:
2759 5593 3123 5664 Δικαστήριον
3137 5594 3305 5664 χωρὶς
3327 5591 3588 5664 ὲλ-ἐγχῳν,
3617 5596 3709 5644 καὶ
3740 5591 4042 5664 ἀπολογία.

744 5668 902 5714 cetur
930 5660 1045 5732 ipse
1076 5668 1365 5732 accusator
1396 5670 1451 5713 et
1478 5668 1672 5732 tortor,
1703 5661 1816 5730 ipsa
1869 5659 2159 5732 nintirum_
2191 5675 2321 5713 con-
2418 5679 2421 5729 ς

2418 5659 2587 5732 χωρίς
2623 5659 3615 5732 κατηγορίαςζκαὶ’ἀπόδειξιςάνευ
3668 5660 3992 5731 μαρτύρων
4019 5682 4035 5697 ·

748 5731 1001 5803 scientia,
1057 5746 1179 5799 qua:
1222 5730 1437 5803 ~borum
1496 5731 1644 5803 vices
1701 5729 1897 5803 gerat,
1933 5731 2016 5803 sic
2066 5729 2317 5803 animum
2419 5752 2425 5781 t

2419 5729 2602 5803 αύτῶν
2644 5729 2762 5803 τῶν
2791 5729 2855 5803 τδ
2880 5734 3115 5803 πρᾶγμα
3171 5735 3564 5803 ἐργασαμένων
3596 5729 3833 5803 ἑαυτοὺς
3852 5729 4041 5802 ελεγ-

749 5778 1009 5856 cit-dendo
1050 5778 1106 5855 εἰ
1154 5800 1479 5855 vellicando.
1510 5778 2078 5867 Quarconominativi
2126 5801 2321 5855 illi.so-
2419 5818 2426 5870 ς

2419 5800 2645 5870 χὸντων,
2671 5802 2766 5856 καὶ
2799 5802 2860 5855 τὸ
2908 5778 3083 5873 >ῗάοξ>ῗι
3124 5778 3491 5875 γεγενημένον
3515 5778 4033 5873 ὲκπομπευῖντωίι.
