  <div class='ocr_page' id='page_1' title='image "/cluster/home/n/w/nwhite01/storage/ocr_20150623/91/nnc1.0038446014/445.png"; bbox 0 0 4246 6438; ppageno 0'>
   <div class='ocr_carea' id='block_1_1' title="bbox 799 382 898 446">
    <p class='ocr_par' dir='ltr' id='par_1_1' title="bbox 799 382 898 446">
     <span class='ocr_line' id='line_1_1' title="bbox 799 382 898 446; baseline -0.01 0"><span class='ocrx_word' id='word_1_1' title='bbox 799 382 898 446; x_wconf 82' lang='grc'><strong>871</strong></span> 
     </span>
    </p>
   </div>
   <div class='ocr_carea' id='block_1_2' title="bbox 1974 377 2907 440">
    <p class='ocr_par' dir='ltr' id='par_1_2' title="bbox 1974 377 2907 440">
     <span class='ocr_line' id='line_1_2' title="bbox 1974 377 2907 440; baseline 0 -1"><span class='ocrx_word' id='word_1_2' title='bbox 1974 379 2035 439; x_wconf 93' lang='lat' dir='ltr'><strong>S.</strong></span> <span class='ocrx_word' id='word_1_3' title='bbox 2075 377 2362 439; x_wconf 80' lang='lat' dir='ltr'><strong>MAXIMI</strong></span> <span class='ocrx_word' id='word_1_4' title='bbox 2396 377 2907 440; x_wconf 84' lang='lat' dir='ltr'><strong>CONFESSORIS</strong></span> 
     </span>
    </p>
   </div>
   <div class='ocr_carea' id='block_1_3' title="bbox 3929 386 4039 452">
    <p class='ocr_par' dir='ltr' id='par_1_3' title="bbox 3929 386 4039 452">
     <span class='ocr_line' id='line_1_3' title="bbox 3929 386 4039 452; baseline 0.018 -2"><span class='ocrx_word' id='word_1_5' title='bbox 3929 386 4039 452; x_wconf 76' lang='lat'><strong>872</strong></span> 
     </span>
    </p>
   </div>
   <div class='ocr_carea' id='block_1_4' title="bbox 789 482 2466 570">
    <p class='ocr_par' dir='ltr' id='par_1_4' title="bbox 789 482 2438 559">
     <span class='ocr_line' id='line_1_4' title="bbox 789 482 2438 559; baseline -0.003 -13"><span class='ocrx_word' id='word_1_6' title='bbox 789 492 909 546; x_wconf 84' lang='lat' dir='ltr'><strong>rius</strong></span> <span class='ocrx_word' id='word_1_7' title='bbox 932 489 1119 557; x_wconf 80' lang='lat' dir='ltr'><strong>allicit,</strong></span> <span class='ocrx_word' id='word_1_8' title='bbox 1147 487 1244 545; x_wconf 87' lang='lat' dir='ltr'><strong>sed</strong></span> <span class='ocrx_word' id='word_1_9' title='bbox 1284 494 1507 559; x_wconf 87' lang='lat' dir='ltr'><strong>peccata</strong></span> <span class='ocrx_word' id='word_1_10' title='bbox 1532 482 1680 540; x_wconf 88' lang='lat' dir='ltr'><strong>unde</strong></span> <span class='ocrx_word' id='word_1_11' title='bbox 1735 485 1828 540; x_wconf 90' lang='lat' dir='ltr'><strong>ille</strong></span> <span class='ocrx_word' id='word_1_12' title='bbox 1854 484 2106 554; x_wconf 82' lang='lat' dir='ltr'><strong>exsistit;</strong></span> <span class='ocrx_word' id='word_1_13' title='bbox 2163 486 2364 541; x_wconf 86' lang='lat' dir='ltr'><strong>animi-</strong></span> <span class='ocrx_word' id='word_1_14' title='bbox 2392 491 2438 551; x_wconf 82' lang='grc' dir='ltr'><strong>Α</strong></span> 
     </span>
    </p>
   </div>
   <div class='ocr_carea' id='block_1_5' title="bbox 2370 482 4047 570">
    <p class='ocr_par' dir='ltr' id='par_1_5' title="bbox 2392 485 4047 570">
     <span class='ocr_line' id='line_1_5' title="bbox 2392 485 4047 570; baseline 0.008 -31"><span class='ocrx_word' id='word_1_15' title='bbox 2392 491 2438 551; x_wconf 81' lang='grc' dir='ltr'><strong>Α</strong></span> <span class='ocrx_word' id='word_1_16' title='bbox 2467 485 2580 554; x_wconf 83' lang='grc' dir='ltr'>θεν,</span> <span class='ocrx_word' id='word_1_17' title='bbox 2618 486 2736 541; x_wconf 78' lang='grc' dir='ltr'>ἀλλ’</span> <span class='ocrx_word' id='word_1_18' title='bbox 2770 488 3169 560; x_wconf 75' lang='grc' dir='ltr'>ἁμαρτήματα,</span> <span class='ocrx_word' id='word_1_19' title='bbox 3187 486 3311 543; x_wconf 76' lang='grc' dir='ltr'><strong>δι⁹ἃ</strong></span> <span class='ocrx_word' id='word_1_20' title='bbox 3331 489 3365 561; x_wconf 76' lang='grc' dir='ltr'><strong>ἠ</strong></span> <span class='ocrx_word' id='word_1_21' title='bbox 3389 488 3543 556; x_wconf 80' lang='grc' dir='ltr'>νόσος</span> <span class='ocrx_word' id='word_1_22' title='bbox 3566 507 3580 522; x_wconf 83' lang='lat'><strong><em>°</em></strong></span> <span class='ocrx_word' id='word_1_23' title='bbox 3616 492 3714 548; x_wconf 76' lang='grc' dir='ltr'><strong>καὶ</strong></span> <span class='ocrx_word' id='word_1_24' title='bbox 3746 494 3902 553; x_wconf 81' lang='grc' dir='ltr'>νόσον</span> <span class='ocrx_word' id='word_1_25' title='bbox 3937 497 4047 570; x_wconf 77' lang='grc' dir='ltr'><strong>ψυ-</strong></span> 
     </span>
    </p>
   </div>
   <div class='ocr_carea' id='block_1_6' title="bbox 786 577 1786 654">
    <p class='ocr_par' dir='ltr' id='par_1_6' title="bbox 786 577 1786 654">
     <span class='ocr_line' id='line_1_6' title="bbox 786 577 1786 654; baseline -0.006 -16"><span class='ocrx_word' id='word_1_26' title='bbox 786 598 896 654; x_wconf 89' lang='lat' dir='ltr'><strong>que</strong></span> <span class='ocrx_word' id='word_1_27' title='bbox 934 580 1337 653; x_wconf 64' lang='lat' dir='ltr'><strong>aegritudinem.</strong></span> <span class='ocrx_word' id='word_1_28' title='bbox 1371 594 1483 633; x_wconf 88' lang='lat' dir='ltr'><strong>non</strong></span> <span class='ocrx_word' id='word_1_29' title='bbox 1518 577 1786 648; x_wconf 84' lang='lat' dir='ltr'><strong>corporis.</strong></span> 
     </span>
    </p>
   </div>
   <div class='ocr_carea' id='block_1_7' title="bbox 855 668 2371 740">
    <p class='ocr_par' dir='ltr' id='par_1_7' title="bbox 855 668 2371 740">
     <span class='ocr_line' id='line_1_7' title="bbox 855 668 2371 740; baseline -0.002 -12"><span class='ocrx_word' id='word_1_30' title='bbox 855 673 1130 729; x_wconf 73' lang='lat' dir='ltr'><strong>Theotimi.</strong></span> <span class='ocrx_word' id='word_1_31' title='bbox 1154 701 1220 715; x_wconf 90' lang='lat'><strong><em>—</em></strong></span> <span class='ocrx_word' id='word_1_32' title='bbox 1239 672 1534 727; x_wconf 88' lang='lat' dir='ltr'><strong>Peccatum</strong></span> <span class='ocrx_word' id='word_1_33' title='bbox 1583 670 1733 724; x_wconf 88' lang='lat' dir='ltr'><strong>velut</strong></span> <span class='ocrx_word' id='word_1_34' title='bbox 1756 669 1932 725; x_wconf 82' lang='lat' dir='ltr'><strong>obicis</strong></span> <span class='ocrx_word' id='word_1_35' title='bbox 1967 668 2253 740; x_wconf 83' lang='lat' dir='ltr'><strong>cujusdam</strong></span> <span class='ocrx_word' id='word_1_36' title='bbox 2281 684 2371 725; x_wconf 76' lang='lat' dir='ltr'><strong>ra-</strong></span> 
     </span>
    </p>
   </div>
   <div class='ocr_carea' id='block_1_8' title="bbox 788 760 2368 831">
    <p class='ocr_par' dir='ltr' id='par_1_8' title="bbox 788 760 2368 831">
     <span class='ocr_line' id='line_1_8' title="bbox 788 760 2368 831; baseline 0 -14"><span class='ocrx_word' id='word_1_37' title='bbox 788 764 998 819; x_wconf 89' lang='lat' dir='ltr'><strong>tionem</strong></span> <span class='ocrx_word' id='word_1_38' title='bbox 1054 763 1259 831; x_wconf 86' lang='lat' dir='ltr'><strong>habet,</strong></span> <span class='ocrx_word' id='word_1_39' title='bbox 1305 763 1404 819; x_wconf 85' lang='lat' dir='ltr'><strong>Dei</strong></span> <span class='ocrx_word' id='word_1_40' title='bbox 1460 763 1515 818; x_wconf 90' lang='lat' dir='ltr'><strong>in</strong></span> <span class='ocrx_word' id='word_1_41' title='bbox 1569 777 1673 817; x_wconf 91' lang='lat' dir='ltr'><strong>nos</strong></span> <span class='ocrx_word' id='word_1_42' title='bbox 1727 761 2173 817; x_wconf 75' lang='lat' dir='ltr'><strong>benevolentiam</strong></span> <span class='ocrx_word' id='word_1_43' title='bbox 2218 760 2368 817; x_wconf 86' lang='lat' dir='ltr'><strong>iubi-</strong></span> 
     </span>
    </p>
   </div>
   <div class='ocr_carea' id='block_1_9' title="bbox 787 853 946 908">
    <p class='ocr_par' dir='ltr' id='par_1_9' title="bbox 787 853 946 908">
     <span class='ocr_line' id='line_1_9' title="bbox 787 853 946 908; baseline -0.019 0"><span class='ocrx_word' id='word_1_44' title='bbox 787 853 946 908; x_wconf 71' lang='lat' dir='ltr'><strong>bene.</strong></span> 
     </span>
    </p>
   </div>
   <div class='ocr_carea' id='block_1_10' title="bbox 856 942 2368 1014">
    <p class='ocr_par' dir='ltr' id='par_1_10' title="bbox 856 942 2368 1014">
     <span class='ocr_line' id='line_1_10' title="bbox 856 942 2368 1014; baseline -0.001 -15"><span class='ocrx_word' id='word_1_45' title='bbox 856 943 1093 1013; x_wconf 73' lang='lat' dir='ltr'><strong>Iosephi.</strong></span> <span class='ocrx_word' id='word_1_46' title='bbox 1116 974 1186 984; x_wconf 95' lang='lat'><strong>—</strong></span> <span class='ocrx_word' id='word_1_47' title='bbox 1204 944 1369 1000; x_wconf 77' lang='lat' dir='ltr'><strong>Ratio</strong></span> <span class='ocrx_word' id='word_1_48' title='bbox 1399 943 1639 1000; x_wconf 63' lang='lat' dir='ltr'><strong>aﬁectus</strong></span> <span class='ocrx_word' id='word_1_49' title='bbox 1685 959 1797 1000; x_wconf 85' lang='lat' dir='ltr'><strong>non</strong></span> <span class='ocrx_word' id='word_1_50' title='bbox 1824 943 2109 1014; x_wconf 74' lang='lat' dir='ltr'><strong>exstirpat,</strong></span> <span class='ocrx_word' id='word_1_51' title='bbox 2140 942 2238 998; x_wconf 87' lang='lat' dir='ltr'><strong>sed</strong></span> <span class='ocrx_word' id='word_1_52' title='bbox 2268 942 2368 998; x_wconf 83' lang='lat' dir='ltr'><strong>ad-</strong></span> 
     </span>
    </p>
   </div>
   <div class='ocr_carea' id='block_1_11' title="bbox 787 1034 1418 1089">
    <p class='ocr_par' dir='ltr' id='par_1_11' title="bbox 787 1034 1418 1089">
     <span class='ocr_line' id='line_1_11' title="bbox 787 1034 1418 1089; baseline 0 0"><span class='ocrx_word' id='word_1_53' title='bbox 787 1049 979 1089; x_wconf 83' lang='lat' dir='ltr'><strong>versus</strong></span> <span class='ocrx_word' id='word_1_54' title='bbox 1016 1048 1117 1089; x_wconf 87' lang='lat' dir='ltr'><strong>eos</strong></span> <span class='ocrx_word' id='word_1_55' title='bbox 1155 1034 1418 1089; x_wconf 83' lang='lat' dir='ltr'><strong>luctatur.</strong></span> 
     </span>
    </p>
   </div>
   <div class='ocr_carea' id='block_1_12' title="bbox 851 1124 2368 1195">
    <p class='ocr_par' dir='ltr' id='par_1_12' title="bbox 851 1124 2368 1195">
     <span class='ocr_line' id='line_1_12' title="bbox 851 1124 2368 1195; baseline -0.001 -14"><span class='ocrx_word' id='word_1_56' title='bbox 851 1125 966 1181; x_wconf 81' lang='lat' dir='ltr'><strong>Nec</strong></span> <span class='ocrx_word' id='word_1_57' title='bbox 993 1124 1174 1195; x_wconf 75' lang='lat' dir='ltr'><strong>ignem</strong></span> <span class='ocrx_word' id='word_1_58' title='bbox 1207 1126 1376 1195; x_wconf 83' lang='lat' dir='ltr'><strong>pallio</strong></span> <span class='ocrx_word' id='word_1_59' title='bbox 1416 1125 1548 1181; x_wconf 79' lang='lat' dir='ltr'><strong>licet</strong></span> <span class='ocrx_word' id='word_1_60' title='bbox 1569 1125 1876 1191; x_wconf 78' lang='lat' dir='ltr'><strong>involvere,</strong></span> <span class='ocrx_word' id='word_1_61' title='bbox 1906 1138 2010 1181; x_wconf 89' lang='lat' dir='ltr'><strong>nec</strong></span> <span class='ocrx_word' id='word_1_62' title='bbox 2042 1132 2205 1195; x_wconf 83' lang='lat' dir='ltr'><strong>turpe</strong></span> <span class='ocrx_word' id='word_1_63' title='bbox 2234 1138 2368 1193; x_wconf 87' lang='lat' dir='ltr'><strong>pec-</strong></span> 
     </span>
    </p>
   </div>
   <div class='ocr_carea' id='block_1_13' title="bbox 782 1217 1590 1289">
    <p class='ocr_par' dir='ltr' id='par_1_13' title="bbox 782 1217 1590 1289">
     <span class='ocr_line' id='line_1_13' title="bbox 782 1217 1590 1289; baseline 0 -16"><span class='ocrx_word' id='word_1_64' title='bbox 782 1227 969 1273; x_wconf 86' lang='lat' dir='ltr'><strong>catum</strong></span> <span class='ocrx_word' id='word_1_65' title='bbox 1015 1228 1259 1287; x_wconf 84' lang='lat' dir='ltr'><strong>tempore</strong></span> <span class='ocrx_word' id='word_1_66' title='bbox 1306 1217 1590 1289; x_wconf 82' lang='lat' dir='ltr'><strong>obtegere.</strong></span> 
     </span>
    </p>
   </div>
   <div class='ocr_carea' id='block_1_14' title="bbox 858 1308 2369 1380">
    <p class='ocr_par' dir='ltr' id='par_1_14' title="bbox 858 1308 2369 1380">
     <span class='ocr_line' id='line_1_14' title="bbox 858 1308 2369 1380; baseline 0 -16"><span class='ocrx_word' id='word_1_67' title='bbox 858 1309 1393 1365; x_wconf 71' lang='lat' dir='ltr'><strong>Aristotel.—Iiaud</strong></span> <span class='ocrx_word' id='word_1_68' title='bbox 1448 1309 1639 1380; x_wconf 72' lang='lat' dir='ltr'><strong>procul</strong></span> <span class='ocrx_word' id='word_1_69' title='bbox 1689 1309 1759 1364; x_wconf 85' lang='lat' dir='ltr'><strong>ab</strong></span> <span class='ocrx_word' id='word_1_70' title='bbox 1809 1308 2154 1375; x_wconf 88' lang='lat' dir='ltr'><strong>innocentia,</strong></span> <span class='ocrx_word' id='word_1_71' title='bbox 2210 1318 2267 1365; x_wconf 91' lang='lat' dir='ltr'><strong>et</strong></span> <span class='ocrx_word' id='word_1_72' title='bbox 2307 1317 2369 1364; x_wconf 87' lang='lat' dir='ltr'><strong>ut</strong></span> 
     </span>
    </p>
   </div>
   <div class='ocr_carea' id='block_1_15' title="bbox 784 1400 2368 1473">
    <p class='ocr_par' dir='ltr' id='par_1_15' title="bbox 784 1400 2368 1473">
     <span class='ocr_line' id='line_1_15' title="bbox 784 1400 2368 1473; baseline 0.002 -20"><span class='ocrx_word' id='word_1_73' title='bbox 784 1400 927 1454; x_wconf 85' lang='lat' dir='ltr'><strong>labis</strong></span> <span class='ocrx_word' id='word_1_74' title='bbox 965 1416 1141 1470; x_wconf 89' lang='lat' dir='ltr'><strong>purus</strong></span> <span class='ocrx_word' id='word_1_75' title='bbox 1186 1401 1480 1467; x_wconf 79' lang='lat' dir='ltr'><strong>habeatur,</strong></span> <span class='ocrx_word' id='word_1_76' title='bbox 1507 1401 1776 1466; x_wconf 78' lang='lat' dir='ltr'><strong>abscedit,</strong></span> <span class='ocrx_word' id='word_1_77' title='bbox 1821 1402 1917 1471; x_wconf 89' lang='lat' dir='ltr'><strong>qui</strong></span> <span class='ocrx_word' id='word_1_78' title='bbox 1962 1403 2210 1458; x_wconf 83' lang='lat' dir='ltr'><strong>modeste</strong></span> <span class='ocrx_word' id='word_1_79' title='bbox 2238 1416 2368 1473; x_wconf 87' lang='lat' dir='ltr'><strong>pec-</strong></span> 
     </span>
    </p>
   </div>
   <div class='ocr_carea' id='block_1_16' title="bbox 782 1492 1436 1549">
    <p class='ocr_par' dir='ltr' id='par_1_16' title="bbox 782 1492 1436 1549">
     <span class='ocr_line' id='line_1_16' title="bbox 782 1492 1436 1549; baseline 0 -2"><span class='ocrx_word' id='word_1_80' title='bbox 782 1501 969 1547; x_wconf 85' lang='lat' dir='ltr'><strong>catum</strong></span> <span class='ocrx_word' id='word_1_81' title='bbox 1011 1492 1301 1549; x_wconf 82' lang='lat' dir='ltr'><strong>confessus</strong></span> <span class='ocrx_word' id='word_1_82' title='bbox 1343 1494 1436 1548; x_wconf 91' lang='lat' dir='ltr'><strong>sit.</strong></span> 
     </span>
    </p>
   </div>
   <div class='ocr_carea' id='block_1_17' title="bbox 852 1584 2370 1656">
    <p class='ocr_par' dir='ltr' id='par_1_17' title="bbox 852 1584 2370 1656">
     <span class='ocr_line' id='line_1_17' title="bbox 852 1584 2370 1656; baseline 0.002 -18"><span class='ocrx_word' id='word_1_83' title='bbox 852 1584 1418 1656; x_wconf 78' lang='lat' dir='ltr'><strong>Pytltagor.-Stude</strong></span> <span class='ocrx_word' id='word_1_84' title='bbox 1452 1596 1678 1655; x_wconf 86' lang='lat' dir='ltr'><strong>peccata</strong></span> <span class='ocrx_word' id='word_1_85' title='bbox 1707 1594 1801 1640; x_wconf 88' lang='lat' dir='ltr'><strong>tua</strong></span> <span class='ocrx_word' id='word_1_86' title='bbox 1827 1602 1939 1640; x_wconf 91' lang='lat' dir='ltr'><strong>non</strong></span> <span class='ocrx_word' id='word_1_87' title='bbox 1967 1586 2152 1641; x_wconf 81' lang='lat' dir='ltr'><strong>verbis</strong></span> <span class='ocrx_word' id='word_1_88' title='bbox 2179 1586 2370 1641; x_wconf 66' lang='lat' dir='ltr'><strong>occulo</strong></span> 
     </span>
    </p>
   </div>
   <div class='ocr_carea' id='block_1_18' title="bbox 783 1677 2118 1746">
    <p class='ocr_par' dir='ltr' id='par_1_18' title="bbox 783 1677 2118 1746">
     <span class='ocr_line' id='line_1_18' title="bbox 783 1677 2118 1746; baseline 0.001 -17"><span class='ocrx_word' id='word_1_89' title='bbox 783 1683 923 1739; x_wconf 89' lang='lat' dir='ltr'><strong>tare,</strong></span> <span class='ocrx_word' id='word_1_90' title='bbox 965 1677 1061 1731; x_wconf 92' lang='lat' dir='ltr'><strong>sed</strong></span> <span class='ocrx_word' id='word_1_91' title='bbox 1093 1692 1290 1732; x_wconf 90' lang='lat' dir='ltr'><strong>curare</strong></span> <span class='ocrx_word' id='word_1_92' title='bbox 1341 1677 1839 1746; x_wconf 86' lang='lat' dir='ltr'><strong>reprehensionum</strong></span> <span class='ocrx_word' id='word_1_93' title='bbox 1888 1677 2118 1732; x_wconf 75' lang='lat' dir='ltr'><strong>aculeis.</strong></span> 
     </span>
    </p>
   </div>
   <div class='ocr_carea' id='block_1_19' title="bbox 852 1767 2362 1839">
    <p class='ocr_par' dir='ltr' id='par_1_19' title="bbox 852 1767 2362 1839">
     <span class='ocr_line' id='line_1_19' title="bbox 852 1767 2362 1839; baseline 0.003 -19"><span class='ocrx_word' id='word_1_94' title='bbox 852 1768 1088 1823; x_wconf 77' lang='lat' dir='ltr'><strong>Demost.</strong></span> <span class='ocrx_word' id='word_1_95' title='bbox 1115 1767 1672 1834; x_wconf 85' lang='lat' dir='ltr'><strong>—Qucmadmodum</strong></span> <span class='ocrx_word' id='word_1_96' title='bbox 1721 1770 1973 1839; x_wconf 89' lang='lat' dir='ltr'><strong>corporis</strong></span> <span class='ocrx_word' id='word_1_97' title='bbox 2019 1770 2269 1833; x_wconf 86' lang='lat' dir='ltr'><strong>morbus,</strong></span> <span class='ocrx_word' id='word_1_98' title='bbox 2318 1772 2362 1825; x_wconf 88' lang='lat' dir='ltr'><strong>si</strong></span> 
     </span>
    </p>
   </div>
   <div class='ocr_carea' id='block_1_20' title="bbox 2470 577 3049 650">
    <p class='ocr_par' dir='ltr' id='par_1_20' title="bbox 2470 577 3049 650">
     <span class='ocr_line' id='line_1_20' title="bbox 2470 577 3049 650; baseline 0.005 -19"><span class='ocrx_word' id='word_1_99' title='bbox 2470 578 2593 648; x_wconf 82' lang='grc' dir='ltr'><strong>χῆς,</strong></span> <span class='ocrx_word' id='word_1_100' title='bbox 2632 577 2754 649; x_wconf 76' lang='grc' dir='ltr'><strong>οὐχὶ</strong></span> <span class='ocrx_word' id='word_1_101' title='bbox 2774 578 3049 650; x_wconf 83' lang='grc' dir='ltr'>σώματος.</span> 
     </span>
    </p>
   </div>
   <div class='ocr_carea' id='block_1_21' title="bbox 2542 669 4049 753">
    <p class='ocr_par' dir='ltr' id='par_1_21' title="bbox 2542 669 4049 753">
     <span class='ocr_line' id='line_1_21' title="bbox 2542 669 4049 753; baseline 0.009 -31"><span class='ocrx_word' id='word_1_102' title='bbox 2542 669 3179 740; x_wconf 51' lang='grc' dir='ltr'>Θεοτίμου-Ἔοικεν</span> <span class='ocrx_word' id='word_1_103' title='bbox 3235 672 3271 741; x_wconf 76' lang='grc' dir='ltr'><strong>ἠ</strong></span> <span class='ocrx_word' id='word_1_104' title='bbox 3336 673 3581 746; x_wconf 74' lang='grc' dir='ltr'>ἁμαρτία</span> <span class='ocrx_word' id='word_1_105' title='bbox 3650 678 4049 753; x_wconf 77' lang='grc' dir='ltr'>παραδλήματι</span> 
     </span>
    </p>
   </div>
   <div class='ocr_carea' id='block_1_22' title="bbox 2467 757 3899 838">
    <p class='ocr_par' dir='ltr' id='par_1_22' title="bbox 2467 757 3899 838">
     <span class='ocr_line' id='line_1_22' title="bbox 2467 757 3899 838; baseline 0.008 -25"><span class='ocrx_word' id='word_1_106' title='bbox 2467 757 2731 814; x_wconf 80' lang='grc' dir='ltr'>κωλύοντι</span> <span class='ocrx_word' id='word_1_107' title='bbox 2746 761 2844 832; x_wconf 70' lang='grc' dir='ltr'>τὴν</span> <span class='ocrx_word' id='word_1_108' title='bbox 2858 759 3072 817; x_wconf 75' lang='grc' dir='ltr'>εὔνοιαν</span> <span class='ocrx_word' id='word_1_109' title='bbox 3098 761 3193 817; x_wconf 76' lang='grc' dir='ltr'>τοῦ</span> <span class='ocrx_word' id='word_1_110' title='bbox 3217 762 3353 819; x_wconf 81' lang='grc' dir='ltr'>Θεοῦ</span> <span class='ocrx_word' id='word_1_111' title='bbox 3385 766 3445 821; x_wconf 67' lang='grc' dir='ltr'>ιν</span> <span class='ocrx_word' id='word_1_112' title='bbox 3474 768 3606 838; x_wconf 74' lang='grc' dir='ltr'>ἡμῖν</span> <span class='ocrx_word' id='word_1_113' title='bbox 3625 769 3899 838; x_wconf 70' lang='grc' dir='ltr'>γενέσθαι.</span> 
     </span>
    </p>
   </div>
   <div class='ocr_carea' id='block_1_23' title="bbox 2553 938 4048 1018">
    <p class='ocr_par' dir='ltr' id='par_1_23' title="bbox 2553 938 4048 1018">
     <span class='ocr_line' id='line_1_23' title="bbox 2553 938 4048 1018; baseline 0.008 -22"><span class='ocrx_word' id='word_1_114' title='bbox 2553 938 2915 1009; x_wconf 75' lang='grc' dir='ltr'>Ἱωσήππου.</span> <span class='ocrx_word' id='word_1_115' title='bbox 2941 972 3013 986; x_wconf 74' lang='grc' dir='ltr'><strong>-ο</strong></span> <span class='ocrx_word' id='word_1_116' title='bbox 3044 942 3162 997; x_wconf 79' lang='grc' dir='ltr'><strong>οὐκ</strong></span> <span class='ocrx_word' id='word_1_117' title='bbox 3186 944 3494 1018; x_wconf 73' lang='grc' dir='ltr'>ἑκριζωτὴς</span> <span class='ocrx_word' id='word_1_118' title='bbox 3524 946 3635 1004; x_wconf 79' lang='grc' dir='ltr'><strong>τῶν</strong></span> <span class='ocrx_word' id='word_1_119' title='bbox 3667 949 3881 1017; x_wconf 81' lang='grc' dir='ltr'>παθῶν,</span> <span class='ocrx_word' id='word_1_120' title='bbox 3928 953 4048 1008; x_wconf 70' lang='grc' dir='ltr'>ἀλλ’</span> 
     </span>
    </p>
   </div>
   <div class='ocr_carea' id='block_1_24' title="bbox 2468 1031 3417 1109">
    <p class='ocr_par' dir='ltr' id='par_1_24' title="bbox 2468 1031 3417 1109">
     <span class='ocr_line' id='line_1_24' title="bbox 2468 1031 3417 1109; baseline 0.004 -22"><span class='ocrx_word' id='word_1_121' title='bbox 2468 1031 2883 1102; x_wconf 81' lang='grc' dir='ltr'>ἀνταγωνιστής</span> <span class='ocrx_word' id='word_1_122' title='bbox 2912 1034 3060 1088; x_wconf 75' lang='grc' dir='ltr'>ἑστιν</span> <span class='ocrx_word' id='word_1_123' title='bbox 3085 1036 3114 1088; x_wconf 84' lang='grc' dir='ltr'>ὁ</span> <span class='ocrx_word' id='word_1_124' title='bbox 3132 1034 3417 1109; x_wconf 86' lang='grc' dir='ltr'>λογισμός.</span> 
     </span>
    </p>
   </div>
   <div class='ocr_carea' id='block_1_25' title="bbox 2536 1120 4050 1204">
    <p class='ocr_par' dir='ltr' id='par_1_25' title="bbox 2536 1120 4050 1204">
     <span class='ocr_line' id='line_1_25' title="bbox 2536 1120 4050 1204; baseline 0.005 -27"><span class='ocrx_word' id='word_1_125' title='bbox 2536 1120 2680 1177; x_wconf 73' lang='grc' dir='ltr'>Οὔτε</span> <span class='ocrx_word' id='word_1_126' title='bbox 2696 1120 2811 1194; x_wconf 77' lang='grc' dir='ltr'>πῦρ</span> <span class='ocrx_word' id='word_1_127' title='bbox 2832 1123 3033 1195; x_wconf 78' lang='grc' dir='ltr'>ἱματίῳ</span> <span class='ocrx_word' id='word_1_128' title='bbox 3049 1126 3386 1195; x_wconf 67' lang='grc' dir='ltr'><strong>περιστεῖλαι</strong></span> <span class='ocrx_word' id='word_1_129' title='bbox 3405 1126 3651 1194; x_wconf 70' lang='grc' dir='ltr'>δυνατὸν,</span> <span class='ocrx_word' id='word_1_130' title='bbox 3671 1127 3797 1183; x_wconf 74' lang='grc' dir='ltr'>οὔτε</span> <span class='ocrx_word' id='word_1_131' title='bbox 3815 1131 4050 1204; x_wconf 74' lang='grc' dir='ltr'>αἰσχρὸν</span> 
     </span>
    </p>
   </div>
   <div class='ocr_carea' id='block_1_26' title="bbox 2465 1214 3006 1287">
    <p class='ocr_par' dir='ltr' id='par_1_26' title="bbox 2465 1214 3006 1287">
     <span class='ocr_line' id='line_1_26' title="bbox 2465 1214 3006 1287; baseline 0.004 -1"><span class='ocrx_word' id='word_1_132' title='bbox 2465 1214 2778 1286; x_wconf 77' lang='grc' dir='ltr'>ἁμάρτημα</span> <span class='ocrx_word' id='word_1_133' title='bbox 2804 1216 3006 1287; x_wconf 79' lang='grc' dir='ltr'><strong>χρόνῳ·</strong></span> 
     </span>
    </p>
   </div>
   <div class='ocr_carea' id='block_1_27' title="bbox 2549 1308 4056 1387">
    <p class='ocr_par' dir='ltr' id='par_1_27' title="bbox 2549 1308 4056 1387">
     <span class='ocr_line' id='line_1_27' title="bbox 2549 1308 4056 1387; baseline 0.005 -24"><span class='ocrx_word' id='word_1_134' title='bbox 2549 1308 2843 1376; x_wconf 82' lang='grc' dir='ltr'>Ἀριστοτ.</span> <span class='ocrx_word' id='word_1_135' title='bbox 2892 1338 2965 1349; x_wconf 91' lang='grc'><strong>-</strong></span> <span class='ocrx_word' id='word_1_136' title='bbox 3014 1309 3092 1364; x_wconf 77' lang='grc' dir='ltr'><strong>Οὐ</strong></span> <span class='ocrx_word' id='word_1_137' title='bbox 3150 1310 3341 1383; x_wconf 71' lang='grc' dir='ltr'><strong>ττόρρω</strong></span> <span class='ocrx_word' id='word_1_138' title='bbox 3361 1311 3453 1367; x_wconf 74' lang='grc' dir='ltr'><strong>τοῦ</strong></span> <span class='ocrx_word' id='word_1_139' title='bbox 3491 1312 3884 1387; x_wconf 78' lang='grc' dir='ltr'>ἀναμαρτητου</span> <span class='ocrx_word' id='word_1_140' title='bbox 3917 1316 4056 1371; x_wconf 66' lang='grc' dir='ltr'>καθρ</span> 
     </span>
    </p>
   </div>
   <div class='ocr_carea' id='block_1_28' title="bbox 2474 1395 4049 1477">
    <p class='ocr_par' dir='ltr' id='par_1_28' title="bbox 2474 1395 4049 1477">
     <span class='ocr_line' id='line_1_28' title="bbox 2474 1395 4049 1477; baseline 0.007 -27"><span class='ocrx_word' id='word_1_141' title='bbox 2474 1395 2688 1468; x_wconf 72' lang='grc' dir='ltr'>ἱστησιν</span> <span class='ocrx_word' id='word_1_142' title='bbox 2742 1398 2966 1464; x_wconf 74' lang='grc' dir='ltr'>ἑαυτὸν,</span> <span class='ocrx_word' id='word_1_143' title='bbox 3005 1401 3036 1453; x_wconf 79' lang='grc' dir='ltr'><strong>ὁ</strong></span> <span class='ocrx_word' id='word_1_144' title='bbox 3091 1399 3154 1453; x_wconf 76' lang='grc' dir='ltr'>τὸ</span> <span class='ocrx_word' id='word_1_145' title='bbox 3180 1401 3504 1474; x_wconf 75' lang='grc' dir='ltr'>ἀμαρτηθὶν</span> <span class='ocrx_word' id='word_1_146' title='bbox 3552 1405 3811 1469; x_wconf 70' lang='grc' dir='ltr'>επιεικῶς</span> <span class='ocrx_word' id='word_1_147' title='bbox 3853 1406 4049 1477; x_wconf 79' lang='grc' dir='ltr'>ὁμολο-</span> 
     </span>
    </p>
   </div>
   <div class='ocr_carea' id='block_1_29' title="bbox 2468 1488 2668 1560">
    <p class='ocr_par' dir='ltr' id='par_1_29' title="bbox 2468 1488 2668 1560">
     <span class='ocr_line' id='line_1_29' title="bbox 2468 1488 2668 1560; baseline 0.01 -19"><span class='ocrx_word' id='word_1_148' title='bbox 2468 1488 2668 1560; x_wconf 76' lang='grc' dir='ltr'>γήσας.</span> 
     </span>
    </p>
   </div>
   <div class='ocr_carea' id='block_1_30' title="bbox 2541 1580 4047 1661">
    <p class='ocr_par' dir='ltr' id='par_1_30' title="bbox 2541 1580 4047 1661">
     <span class='ocr_line' id='line_1_30' title="bbox 2541 1580 4047 1661; baseline 0.007 -28"><span class='ocrx_word' id='word_1_149' title='bbox 2541 1580 2914 1651; x_wconf 78' lang='grc' dir='ltr'><strong>Πυθαγόρου.</strong></span> <span class='ocrx_word' id='word_1_150' title='bbox 2952 1612 3025 1625; x_wconf 90' lang='lat'><strong>-</strong></span> <span class='ocrx_word' id='word_1_151' title='bbox 3057 1583 3139 1638; x_wconf 77' lang='grc' dir='ltr'><strong>Τὰ</strong></span> <span class='ocrx_word' id='word_1_152' title='bbox 3168 1584 3545 1656; x_wconf 82' lang='grc' dir='ltr'>ἁμαρτήματὰ</span> <span class='ocrx_word' id='word_1_153' title='bbox 3597 1604 3691 1640; x_wconf 81' lang='grc' dir='ltr'><strong>σου</strong></span> <span class='ocrx_word' id='word_1_154' title='bbox 3730 1588 3932 1659; x_wconf 76' lang='grc' dir='ltr'>πειῴ.</span> <span class='ocrx_word' id='word_1_155' title='bbox 3966 1588 4047 1661; x_wconf 72' lang='grc' dir='ltr'>μὴ</span> 
     </span>
    </p>
   </div>
   <div class='ocr_carea' id='block_1_31' title="bbox 2469 1670 3897 1748">
    <p class='ocr_par' dir='ltr' id='par_1_31' title="bbox 2469 1670 3897 1748">
     <span class='ocr_line' id='line_1_31' title="bbox 2469 1670 3897 1748; baseline 0.006 -24"><span class='ocrx_word' id='word_1_156' title='bbox 2469 1670 2648 1740; x_wconf 80' lang='grc' dir='ltr'>λόγοις</span> <span class='ocrx_word' id='word_1_157' title='bbox 2680 1673 3085 1739; x_wconf 81' lang='grc' dir='ltr'>ὲπικαλύπτειν,</span> <span class='ocrx_word' id='word_1_158' title='bbox 3112 1674 3249 1728; x_wconf 80' lang='grc' dir='ltr'>ἀλλὰ</span> <span class='ocrx_word' id='word_1_159' title='bbox 3278 1675 3602 1746; x_wconf 78' lang='grc' dir='ltr'>θεραπεύειν</span> <span class='ocrx_word' id='word_1_160' title='bbox 3632 1677 3897 1748; x_wconf 74' lang='grc' dir='ltr'><strong>ἐλέγχοις.</strong></span> 
     </span>
    </p>
   </div>
   <div class='ocr_carea' id='block_1_32' title="bbox 2539 1767 4049 1844">
    <p class='ocr_par' dir='ltr' id='par_1_32' title="bbox 2539 1767 4049 1844">
     <span class='ocr_line' id='line_1_32' title="bbox 2539 1767 4049 1844; baseline 0.005 -26"><span class='ocrx_word' id='word_1_161' title='bbox 2539 1768 2798 1835; x_wconf 77' lang='grc' dir='ltr'>Δημοσθ.</span> <span class='ocrx_word' id='word_1_162' title='bbox 2825 1796 2899 1809; x_wconf 91' lang='grc'><strong><em>-</em></strong></span> <span class='ocrx_word' id='word_1_163' title='bbox 2925 1767 3137 1839; x_wconf 81' lang='grc' dir='ltr'>Ὠσπερ</span> <span class='ocrx_word' id='word_1_164' title='bbox 3174 1768 3485 1838; x_wconf 72' lang='grc' dir='ltr'>σωματικὸν</span> <span class='ocrx_word' id='word_1_165' title='bbox 3512 1770 3685 1834; x_wconf 74' lang='grc' dir='ltr'>πάθος</span> <span class='ocrx_word' id='word_1_166' title='bbox 3718 1771 3781 1825; x_wconf 83' lang='grc' dir='ltr'>οὐ</span> <span class='ocrx_word' id='word_1_167' title='bbox 3804 1772 4049 1844; x_wconf 77' lang='grc' dir='ltr'>κρυπτὸ-</span> 
     </span>
    </p>
   </div>
   <div class='ocr_carea' id='block_1_33' title="bbox 783 1841 2460 1930">
    <p class='ocr_par' dir='ltr' id='par_1_33' title="bbox 783 1841 2445 1929">
     <span class='ocr_line' id='line_1_33' title="bbox 783 1841 2445 1929; baseline 0.003 -17"><span class='ocrx_word' id='word_1_168' title='bbox 783 1868 1002 1929; x_wconf 78' lang='lat' dir='ltr'><strong>tegatur</strong></span> <span class='ocrx_word' id='word_1_169' title='bbox 1027 1869 1191 1928; x_wconf 83' lang='lat' dir='ltr'><strong>atque</strong></span> <span class='ocrx_word' id='word_1_170' title='bbox 1217 1859 1496 1924; x_wconf 78' lang='lat' dir='ltr'><strong>laudetur,</strong></span> <span class='ocrx_word' id='word_1_171' title='bbox 1523 1860 1667 1915; x_wconf 89' lang='lat' dir='ltr'><strong>haud</strong></span> <span class='ocrx_word' id='word_1_172' title='bbox 1696 1877 1825 1915; x_wconf 87' lang='lat' dir='ltr'><strong>sane</strong></span> <span class='ocrx_word' id='word_1_173' title='bbox 1850 1861 2102 1917; x_wconf 85' lang='lat' dir='ltr'><strong>sanitatis</strong></span> <span class='ocrx_word' id='word_1_174' title='bbox 2123 1862 2363 1917; x_wconf 88' lang='lat' dir='ltr'><strong>remedia</strong></span> <span class='ocrx_word' id='word_1_175' title='bbox 2400 1841 2445 1896; x_wconf 73' lang='grc' dir='ltr'><strong>Β</strong></span> 
     </span>
    </p>
   </div>
   <div class='ocr_carea' id='block_1_34' title="bbox 2369 1841 4046 1930">
    <p class='ocr_par' dir='ltr' id='par_1_34' title="bbox 2400 1841 4046 1930">
     <span class='ocr_line' id='line_1_34' title="bbox 2400 1841 4046 1930; baseline 0.004 -19"><span class='ocrx_word' id='word_1_176' title='bbox 2400 1841 2445 1896; x_wconf 74' lang='grc' dir='ltr'><strong>Β</strong></span> <span class='ocrx_word' id='word_1_177' title='bbox 2482 1874 2641 1928; x_wconf 88' lang='grc' dir='ltr'>μενον</span> <span class='ocrx_word' id='word_1_178' title='bbox 2686 1858 2810 1913; x_wconf 83' lang='grc' dir='ltr'><strong>οὐδὲ</strong></span> <span class='ocrx_word' id='word_1_179' title='bbox 2859 1859 3251 1930; x_wconf 74' lang='grc' dir='ltr'><strong>ἐπαινούμενον</strong></span> <span class='ocrx_word' id='word_1_180' title='bbox 3304 1860 3590 1929; x_wconf 80' lang='grc' dir='ltr'><strong>ὑγιάζεται</strong></span> <span class='ocrx_word' id='word_1_181' title='bbox 3624 1877 3639 1893; x_wconf 83' lang='grc'><em>’</em></span> <span class='ocrx_word' id='word_1_182' title='bbox 3692 1841 3869 1929; x_wconf 76' lang='grc' dir='ltr'>οὕτως</span> <span class='ocrx_word' id='word_1_183' title='bbox 3921 1864 4046 1918; x_wconf 59' lang='grc' dir='ltr'><strong>οὐδὲ</strong></span> 
     </span>
    </p>
   </div>
   <div class='ocr_carea' id='block_1_35' title="bbox 781 1950 2366 2019">
    <p class='ocr_par' dir='ltr' id='par_1_35' title="bbox 781 1950 2366 2019">
     <span class='ocr_line' id='line_1_35' title="bbox 781 1950 2366 2019; baseline 0.003 -16"><span class='ocrx_word' id='word_1_184' title='bbox 781 1951 1008 2019; x_wconf 85' lang='lat' dir='ltr'><strong>recipit;</strong></span> <span class='ocrx_word' id='word_1_185' title='bbox 1056 1950 1137 2005; x_wconf 91' lang='lat' dir='ltr'><strong>sic</strong></span> <span class='ocrx_word' id='word_1_186' title='bbox 1187 1966 1291 2006; x_wconf 91' lang='lat' dir='ltr'><strong>nec</strong></span> <span class='ocrx_word' id='word_1_187' title='bbox 1338 1952 1480 2006; x_wconf 89' lang='lat' dir='ltr'><strong>male</strong></span> <span class='ocrx_word' id='word_1_188' title='bbox 1531 1960 1683 2005; x_wconf 91' lang='lat' dir='ltr'><strong>tutus</strong></span> <span class='ocrx_word' id='word_1_189' title='bbox 1716 1952 1935 2007; x_wconf 89' lang='lat' dir='ltr'><strong>animus</strong></span> <span class='ocrx_word' id='word_1_190' title='bbox 1973 1951 2134 2008; x_wconf 82' lang='lat' dir='ltr'><strong>facile</strong></span> <span class='ocrx_word' id='word_1_191' title='bbox 2185 1954 2366 2008; x_wconf 89' lang='lat' dir='ltr'><strong>curari</strong></span> 
     </span>
    </p>
   </div>
   <div class='ocr_carea' id='block_1_36' title="bbox 780 2042 1006 2112">
    <p class='ocr_par' dir='ltr' id='par_1_36' title="bbox 780 2042 1006 2112">
     <span class='ocr_line' id='line_1_36' title="bbox 780 2042 1006 2112; baseline -0.004 -17"><span class='ocrx_word' id='word_1_192' title='bbox 780 2042 1006 2112; x_wconf 86' lang='lat' dir='ltr'><strong>poterit.</strong></span> 
     </span>
    </p>
   </div>
   <div class='ocr_carea' id='block_1_37' title="bbox 848 2133 2369 2199">
    <p class='ocr_par' dir='ltr' id='par_1_37' title="bbox 848 2133 2369 2199">
     <span class='ocr_line' id='line_1_37' title="bbox 848 2133 2369 2199; baseline 0.004 -14"><span class='ocrx_word' id='word_1_193' title='bbox 848 2133 1545 2199; x_wconf 71' lang='lat' dir='ltr'><strong>Moschionis.—Pr:cstat,</strong></span> <span class='ocrx_word' id='word_1_194' title='bbox 1596 2150 1721 2189; x_wconf 90' lang='lat' dir='ltr'><strong>cum</strong></span> <span class='ocrx_word' id='word_1_195' title='bbox 1765 2151 1889 2191; x_wconf 89' lang='lat' dir='ltr'><strong>raro</strong></span> <span class='ocrx_word' id='word_1_196' title='bbox 1928 2136 2154 2191; x_wconf 89' lang='lat' dir='ltr'><strong>virtutis</strong></span> <span class='ocrx_word' id='word_1_197' title='bbox 2193 2138 2369 2192; x_wconf 82' lang='lat' dir='ltr'><strong>culto-</strong></span> 
     </span>
    </p>
   </div>
   <div class='ocr_carea' id='block_1_38' title="bbox 780 2226 2364 2299">
    <p class='ocr_par' dir='ltr' id='par_1_38' title="bbox 780 2226 2364 2299">
     <span class='ocr_line' id='line_1_38' title="bbox 780 2226 2364 2299; baseline 0.004 -22"><span class='ocrx_word' id='word_1_198' title='bbox 780 2240 896 2279; x_wconf 90' lang='lat' dir='ltr'><strong>rem</strong></span> <span class='ocrx_word' id='word_1_199' title='bbox 931 2226 1261 2295; x_wconf 83' lang='lat' dir='ltr'><strong>prolitearis,</strong></span> <span class='ocrx_word' id='word_1_200' title='bbox 1300 2227 1501 2296; x_wconf 63' lang='lat' dir='ltr'><strong>saepius</strong></span> <span class='ocrx_word' id='word_1_201' title='bbox 1558 2229 1869 2282; x_wconf 87' lang='lat' dir='ltr'><strong>modestum</strong></span> <span class='ocrx_word' id='word_1_202' title='bbox 1905 2238 2069 2299; x_wconf 88' lang='lat' dir='ltr'><strong>atque</strong></span> <span class='ocrx_word' id='word_1_203' title='bbox 2114 2231 2364 2284; x_wconf 71' lang='lat' dir='ltr'><strong>sobrium</strong></span> 
     </span>
    </p>
   </div>
   <div class='ocr_carea' id='block_1_39' title="bbox 778 2323 2367 2393">
    <p class='ocr_par' dir='ltr' id='par_1_39' title="bbox 778 2323 2367 2393">
     <span class='ocr_line' id='line_1_39' title="bbox 778 2323 2367 2393; baseline 0.006 -24"><span class='ocrx_word' id='word_1_204' title='bbox 778 2331 931 2381; x_wconf 90' lang='lat' dir='ltr'><strong>esse;</strong></span> <span class='ocrx_word' id='word_1_205' title='bbox 980 2332 1143 2387; x_wconf 91' lang='lat' dir='ltr'><strong>quam</strong></span> <span class='ocrx_word' id='word_1_206' title='bbox 1194 2326 1254 2371; x_wconf 92' lang='lat' dir='ltr'><strong>ut</strong></span> <span class='ocrx_word' id='word_1_207' title='bbox 1308 2335 1433 2373; x_wconf 90' lang='lat' dir='ltr'><strong>raro</strong></span> <span class='ocrx_word' id='word_1_208' title='bbox 1489 2332 1777 2388; x_wconf 83' lang='lat' dir='ltr'><strong>peccatum</strong></span> <span class='ocrx_word' id='word_1_209' title='bbox 1805 2337 2130 2391; x_wconf 77' lang='lat' dir='ltr'><strong>agnoscens,</strong></span> <span class='ocrx_word' id='word_1_210' title='bbox 2164 2323 2367 2393; x_wconf 63' lang='lat' dir='ltr'><strong>saepius</strong></span> 
     </span>
    </p>
   </div>
   <div class='ocr_carea' id='block_1_40' title="bbox 778 2407 1364 2476">
    <p class='ocr_par' dir='ltr' id='par_1_40' title="bbox 778 2407 1364 2476">
     <span class='ocr_line' id='line_1_40' title="bbox 778 2407 1364 2476; baseline -0.002 -14"><span class='ocrx_word' id='word_1_211' title='bbox 778 2407 997 2463; x_wconf 84' lang='lat' dir='ltr'><strong>delictis</strong></span> <span class='ocrx_word' id='word_1_212' title='bbox 1040 2408 1364 2476; x_wconf 90' lang='lat' dir='ltr'><strong>impliceris.</strong></span> 
     </span>
    </p>
   </div>
   <div class='ocr_carea' id='block_1_41' title="bbox 848 2500 2365 2565">
    <p class='ocr_par' dir='ltr' id='par_1_41' title="bbox 848 2500 2365 2565">
     <span class='ocr_line' id='line_1_41' title="bbox 848 2500 2365 2565; baseline 0.002 -11"><span class='ocrx_word' id='word_1_213' title='bbox 848 2500 1011 2555; x_wconf 81' lang='lat' dir='ltr'><strong>Zeno.</strong></span> <span class='ocrx_word' id='word_1_214' title='bbox 1035 2501 1276 2563; x_wconf 78' lang='lat' dir='ltr'><strong>—-\&#39;ive,</strong></span> <span class='ocrx_word' id='word_1_215' title='bbox 1310 2501 1498 2565; x_wconf 88' lang='lat' dir='ltr'><strong>homo,</strong></span> <span class='ocrx_word' id='word_1_216' title='bbox 1531 2516 1639 2555; x_wconf 93' lang='lat' dir='ltr'><strong>non</strong></span> <span class='ocrx_word' id='word_1_217' title='bbox 1684 2501 1866 2556; x_wconf 91' lang='lat' dir='ltr'><strong>solum</strong></span> <span class='ocrx_word' id='word_1_218' title='bbox 1899 2509 1961 2555; x_wconf 94' lang='lat' dir='ltr'><strong>nt</strong></span> <span class='ocrx_word' id='word_1_219' title='bbox 2009 2502 2140 2557; x_wconf 87' lang='lat' dir='ltr'><strong>edas</strong></span> <span class='ocrx_word' id='word_1_220' title='bbox 2169 2512 2225 2557; x_wconf 87' lang='lat' dir='ltr'><strong>et</strong></span> <span class='ocrx_word' id='word_1_221' title='bbox 2279 2502 2365 2557; x_wconf 88' lang='lat' dir='ltr'><strong>bi-</strong></span> 
     </span>
    </p>
   </div>
   <div class='ocr_carea' id='block_1_42' title="bbox 780 2590 2365 2664">
    <p class='ocr_par' dir='ltr' id='par_1_42' title="bbox 780 2590 2365 2664">
     <span class='ocr_line' id='line_1_42' title="bbox 780 2590 2365 2664; baseline 0.001 -18"><span class='ocrx_word' id='word_1_222' title='bbox 780 2590 897 2656; x_wconf 88' lang='lat' dir='ltr'><strong>bas,</strong></span> <span class='ocrx_word' id='word_1_223' title='bbox 942 2592 1039 2646; x_wconf 90' lang='lat' dir='ltr'><strong>sed</strong></span> <span class='ocrx_word' id='word_1_224' title='bbox 1071 2601 1133 2647; x_wconf 89' lang='lat' dir='ltr'><strong>ut</strong></span> <span class='ocrx_word' id='word_1_225' title='bbox 1172 2592 1319 2662; x_wconf 91' lang='lat' dir='ltr'><strong>quod</strong></span> <span class='ocrx_word' id='word_1_226' title='bbox 1362 2593 1505 2647; x_wconf 81' lang='lat' dir='ltr'><strong>vivis</strong></span> <span class='ocrx_word' id='word_1_227' title='bbox 1544 2592 1792 2648; x_wconf 89' lang='lat' dir='ltr'><strong>abutaris</strong></span> <span class='ocrx_word' id='word_1_228' title='bbox 1826 2600 1888 2647; x_wconf 94' lang='lat' dir='ltr'><strong>ut</strong></span> <span class='ocrx_word' id='word_1_229' title='bbox 1921 2593 2062 2649; x_wconf 88' lang='lat' dir='ltr'><strong>bene</strong></span> <span class='ocrx_word' id='word_1_230' title='bbox 2093 2593 2365 2664; x_wconf 80' lang='lat' dir='ltr'><strong>beateque</strong></span> 
     </span>
    </p>
   </div>
   <div class='ocr_carea' id='block_1_43' title="bbox 782 2682 952 2738">
    <p class='ocr_par' dir='ltr' id='par_1_43' title="bbox 782 2682 952 2738">
     <span class='ocr_line' id='line_1_43' title="bbox 782 2682 952 2738; baseline 0.012 -2"><span class='ocrx_word' id='word_1_231' title='bbox 782 2682 952 2738; x_wconf 80' lang='lat' dir='ltr'><strong>vivas.</strong></span> 
     </span>
    </p>
   </div>
   <div class='ocr_carea' id='block_1_44' title="bbox 848 2771 2361 2844">
    <p class='ocr_par' dir='ltr' id='par_1_44' title="bbox 848 2771 2361 2844">
     <span class='ocr_line' id='line_1_44' title="bbox 848 2771 2361 2844; baseline 0.002 -18"><span class='ocrx_word' id='word_1_232' title='bbox 848 2771 1493 2829; x_wconf 71' lang='lat' dir='ltr'><strong>Phaoorini.—All&#39;ectio</strong></span> <span class='ocrx_word' id='word_1_233' title='bbox 1541 2774 1794 2844; x_wconf 65' lang='lat' dir='ltr'><strong>quaedam</strong></span> <span class='ocrx_word' id='word_1_234' title='bbox 1838 2772 2085 2829; x_wconf 88' lang='lat' dir='ltr'><strong>animum</strong></span> <span class='ocrx_word' id='word_1_235' title='bbox 2130 2774 2361 2840; x_wconf 75' lang='lat' dir='ltr'><strong>invasit;</strong></span> 
     </span>
    </p>
   </div>
   <div class='ocr_carea' id='block_1_45' title="bbox 779 2858 2365 2935">
    <p class='ocr_par' dir='ltr' id='par_1_45' title="bbox 779 2858 2365 2935">
     <span class='ocr_line' id='line_1_45' title="bbox 779 2858 2365 2935; baseline 0.001 -16"><span class='ocrx_word' id='word_1_236' title='bbox 779 2879 847 2919; x_wconf 85' lang='lat' dir='ltr'><strong>ac</strong></span> <span class='ocrx_word' id='word_1_237' title='bbox 872 2858 1106 2934; x_wconf 87' lang='lat' dir='ltr'><strong>quidem</strong></span> <span class='ocrx_word' id='word_1_238' title='bbox 1151 2865 1284 2935; x_wconf 87' lang='lat' dir='ltr'><strong>quid</strong></span> <span class='ocrx_word' id='word_1_239' title='bbox 1336 2866 1428 2920; x_wconf 89' lang='lat' dir='ltr'><strong>illa</strong></span> <span class='ocrx_word' id='word_1_240' title='bbox 1469 2865 1566 2930; x_wconf 80' lang='lat' dir='ltr'><strong>sit,</strong></span> <span class='ocrx_word' id='word_1_241' title='bbox 1621 2866 1829 2921; x_wconf 89' lang='lat' dir='ltr'><strong>nescio.</strong></span> <span class='ocrx_word' id='word_1_242' title='bbox 1871 2866 2042 2920; x_wconf 82' lang='lat' dir='ltr'><strong>Aiunt</strong></span> <span class='ocrx_word' id='word_1_243' title='bbox 2083 2866 2179 2935; x_wconf 89' lang='lat' dir='ltr'><strong>qui</strong></span> <span class='ocrx_word' id='word_1_244' title='bbox 2218 2866 2365 2920; x_wconf 86' lang='lat' dir='ltr'><strong>docti</strong></span> 
     </span>
    </p>
   </div>
   <div class='ocr_carea' id='block_1_46' title="bbox 779 2956 2364 3022">
    <p class='ocr_par' dir='ltr' id='par_1_46' title="bbox 779 2956 2364 3022">
     <span class='ocr_line' id='line_1_46' title="bbox 779 2956 2364 3022; baseline 0.001 -12"><span class='ocrx_word' id='word_1_245' title='bbox 779 2966 911 3011; x_wconf 86' lang='lat' dir='ltr'><strong>sunt</strong></span> <span class='ocrx_word' id='word_1_246' title='bbox 930 2972 995 3010; x_wconf 88' lang='lat' dir='ltr'><strong>ac</strong></span> <span class='ocrx_word' id='word_1_247' title='bbox 1019 2956 1242 3022; x_wconf 83' lang='lat' dir='ltr'><strong>initiati,</strong></span> <span class='ocrx_word' id='word_1_248' title='bbox 1269 2972 1515 3012; x_wconf 84' lang='lat' dir='ltr'><strong>amorem</strong></span> <span class='ocrx_word' id='word_1_249' title='bbox 1546 2974 1687 3012; x_wconf 88' lang='lat' dir='ltr'><strong>esse.</strong></span> <span class='ocrx_word' id='word_1_250' title='bbox 1715 2958 1907 3013; x_wconf 84' lang='lat' dir='ltr'><strong>Invide</strong></span> <span class='ocrx_word' id='word_1_251' title='bbox 1941 2974 2005 3012; x_wconf 85' lang='lat' dir='ltr'><strong>ac</strong></span> <span class='ocrx_word' id='word_1_252' title='bbox 2034 2958 2364 3022; x_wconf 89' lang='lat' dir='ltr'><strong>inconsulte,</strong></span> 
     </span>
    </p>
   </div>
   <div class='ocr_carea' id='block_1_47' title="bbox 779 3046 2359 3117">
    <p class='ocr_par' dir='ltr' id='par_1_47' title="bbox 779 3046 2359 3117">
     <span class='ocr_line' id='line_1_47' title="bbox 779 3046 2359 3117; baseline 0.001 -17"><span class='ocrx_word' id='word_1_253' title='bbox 779 3046 1014 3110; x_wconf 62' lang='lat' dir='ltr'><strong>daemon,</strong></span> <span class='ocrx_word' id='word_1_254' title='bbox 1045 3046 1323 3100; x_wconf 80' lang='lat' dir='ltr'><strong>inﬁrmum</strong></span> <span class='ocrx_word' id='word_1_255' title='bbox 1356 3062 1558 3117; x_wconf 90' lang='lat' dir='ltr'><strong>corpus</strong></span> <span class='ocrx_word' id='word_1_256' title='bbox 1582 3046 1809 3101; x_wconf 88' lang='lat' dir='ltr'><strong>adortus</strong></span> <span class='ocrx_word' id='word_1_257' title='bbox 1830 3060 1911 3111; x_wconf 85' lang='lat' dir='ltr'><strong>es,</strong></span> <span class='ocrx_word' id='word_1_258' title='bbox 1954 3046 2100 3116; x_wconf 89' lang='lat' dir='ltr'><strong>quod</strong></span> <span class='ocrx_word' id='word_1_259' title='bbox 2132 3055 2183 3101; x_wconf 90' lang='lat' dir='ltr'><strong>te</strong></span> <span class='ocrx_word' id='word_1_260' title='bbox 2212 3046 2359 3101; x_wconf 88' lang='lat' dir='ltr'><strong>l‘erre</strong></span> 
     </span>
    </p>
   </div>
   <div class='ocr_carea' id='block_1_48' title="bbox 2468 1948 3673 2023">
    <p class='ocr_par' dir='ltr' id='par_1_48' title="bbox 2468 1948 3673 2023">
     <span class='ocr_line' id='line_1_48' title="bbox 2468 1948 3673 2023; baseline 0.006 -23"><span class='ocrx_word' id='word_1_261' title='bbox 2468 1948 2615 2020; x_wconf 77' lang='grc' dir='ltr'>ψυχὴ</span> <span class='ocrx_word' id='word_1_262' title='bbox 2642 1948 2830 2014; x_wconf 83' lang='grc' dir='ltr'>κακῶς</span> <span class='ocrx_word' id='word_1_263' title='bbox 2864 1950 3255 2023; x_wconf 65' lang='grc' dir='ltr'><strong>φρουρουμένη</strong></span> <span class='ocrx_word' id='word_1_264' title='bbox 3288 1951 3673 2021; x_wconf 74' lang='grc' dir='ltr'><strong>θεραπεύεται.</strong></span> 
     </span>
    </p>
   </div>
   <div class='ocr_carea' id='block_1_49' title="bbox 2538 2126 4046 2201">
    <p class='ocr_par' dir='ltr' id='par_1_49' title="bbox 2538 2126 4046 2201">
     <span class='ocr_line' id='line_1_49' title="bbox 2538 2126 4046 2201; baseline 0.005 -23"><span class='ocrx_word' id='word_1_265' title='bbox 2538 2126 2914 2195; x_wconf 77' lang='grc' dir='ltr'>Μοσχίωνος.</span> <span class='ocrx_word' id='word_1_266' title='bbox 2967 2156 3039 2167; x_wconf 91' lang='grc'><strong><em>-</em></strong></span> <span class='ocrx_word' id='word_1_267' title='bbox 3090 2127 3311 2182; x_wconf 77' lang='grc' dir='ltr'>Βέλτιον</span> <span class='ocrx_word' id='word_1_268' title='bbox 3372 2127 3627 2198; x_wconf 81' lang='grc' dir='ltr'><strong>ὀλιγάκις</strong></span> <span class='ocrx_word' id='word_1_269' title='bbox 3679 2130 4046 2201; x_wconf 79' lang='grc' dir='ltr'>ὁμολογοῦντα</span> 
     </span>
    </p>
   </div>
   <div class='ocr_carea' id='block_1_50' title="bbox 2468 2218 4047 2295">
    <p class='ocr_par' dir='ltr' id='par_1_50' title="bbox 2468 2218 4047 2295">
     <span class='ocr_line' id='line_1_50' title="bbox 2468 2218 4047 2295; baseline 0.005 -25"><span class='ocrx_word' id='word_1_270' title='bbox 2468 2218 2789 2289; x_wconf 82' lang='grc' dir='ltr'>κατορθοῦν,</span> <span class='ocrx_word' id='word_1_271' title='bbox 2840 2222 3135 2290; x_wconf 78' lang='grc' dir='ltr'>σωφρονεῖν</span> <span class='ocrx_word' id='word_1_272' title='bbox 3184 2220 3474 2285; x_wconf 80' lang='grc' dir='ltr'>πολλάκις,</span> <span class='ocrx_word' id='word_1_273' title='bbox 3512 2222 3545 2291; x_wconf 75' lang='grc' dir='ltr'>ἢ</span> <span class='ocrx_word' id='word_1_274' title='bbox 3584 2223 3836 2292; x_wconf 79' lang='grc' dir='ltr'>ὀλιγάκις</span> <span class='ocrx_word' id='word_1_275' title='bbox 3866 2226 4047 2295; x_wconf 78' lang='grc' dir='ltr'>ἁμαρ-</span> 
     </span>
    </p>
   </div>
   <div class='ocr_carea' id='block_1_51' title="bbox 2466 2311 3603 2384">
    <p class='ocr_par' dir='ltr' id='par_1_51' title="bbox 2466 2311 3603 2384">
     <span class='ocr_line' id='line_1_51' title="bbox 2466 2311 3603 2384; baseline 0.005 -20"><span class='ocrx_word' id='word_1_276' title='bbox 2466 2311 2651 2364; x_wconf 73' lang='grc' dir='ltr'>τάνειν</span> <span class='ocrx_word' id='word_1_277' title='bbox 2677 2311 2926 2381; x_wconf 82' lang='grc' dir='ltr'>λέγοντα,</span> <span class='ocrx_word' id='word_1_278' title='bbox 2956 2312 3297 2384; x_wconf 80' lang='grc' dir='ltr'>πλημμελεῖν</span> <span class='ocrx_word' id='word_1_279' title='bbox 3324 2314 3603 2379; x_wconf 79' lang='grc' dir='ltr'>πολλάκις.</span> 
     </span>
    </p>
   </div>
   <div class='ocr_carea' id='block_1_52' title="bbox 2537 2487 4045 2567">
    <p class='ocr_par' dir='ltr' id='par_1_52' title="bbox 2537 2487 4045 2567">
     <span class='ocr_line' id='line_1_52' title="bbox 2537 2487 4045 2567; baseline 0.003 -20"><span class='ocrx_word' id='word_1_280' title='bbox 2537 2493 2775 2563; x_wconf 69' lang='grc' dir='ltr'>Ζήνων.</span> <span class='ocrx_word' id='word_1_281' title='bbox 2803 2524 2875 2536; x_wconf 91' lang='grc'><strong><em>-</em></strong></span> <span class='ocrx_word' id='word_1_282' title='bbox 2897 2492 3053 2564; x_wconf 77' lang='grc' dir='ltr'>Ζῆθι,</span> <span class='ocrx_word' id='word_1_283' title='bbox 3091 2487 3138 2547; x_wconf 74' lang='grc' dir='ltr'><strong>ὦ</strong></span> <span class='ocrx_word' id='word_1_284' title='bbox 3184 2494 3463 2566; x_wconf 73' lang='grc' dir='ltr'>ἄνθρωπε,</span> <span class='ocrx_word' id='word_1_285' title='bbox 3515 2494 3590 2567; x_wconf 76' lang='grc' dir='ltr'>μὴ</span> <span class='ocrx_word' id='word_1_286' title='bbox 3626 2496 3787 2565; x_wconf 81' lang='grc' dir='ltr'>μόνον</span> <span class='ocrx_word' id='word_1_287' title='bbox 3821 2497 3912 2551; x_wconf 78' lang='grc' dir='ltr'>ἵνα</span> <span class='ocrx_word' id='word_1_288' title='bbox 3938 2497 4045 2567; x_wconf 76' lang='grc' dir='ltr'><strong>φά-</strong></span> 
     </span>
    </p>
   </div>
   <div class='ocr_carea' id='block_1_53' title="bbox 2469 2582 4047 2659">
    <p class='ocr_par' dir='ltr' id='par_1_53' title="bbox 2469 2582 4047 2659">
     <span class='ocr_line' id='line_1_53' title="bbox 2469 2582 4047 2659; baseline -0.019 -8"><span class='ocrx_word' id='word_1_289' title='bbox 2469 2602 2575 2656; x_wconf 79' lang='grc' dir='ltr'><strong>γῃς</strong></span> <span class='ocrx_word' id='word_1_290' title='bbox 2608 2586 2701 2639; x_wconf 79' lang='grc' dir='ltr'><strong>καὶ</strong></span> <span class='ocrx_word' id='word_1_291' title='bbox 2732 2585 2892 2658; x_wconf 81' lang='grc' dir='ltr'>πίῃς.</span> <span class='ocrx_word' id='word_1_292' title='bbox 2926 2584 3041 2639; x_wconf 79' lang='grc' dir='ltr'>ἀλλ’</span> <span class='ocrx_word' id='word_1_293' title='bbox 3077 2585 3165 2639; x_wconf 84' lang='grc' dir='ltr'>ἶνα</span> <span class='ocrx_word' id='word_1_294' title='bbox 3185 2585 3265 2656; x_wconf 82' lang='grc' dir='ltr'><strong>τῷ</strong></span> <span class='ocrx_word' id='word_1_295' title='bbox 3293 2584 3391 2656; x_wconf 69' lang='grc' dir='ltr'>ζῇν</span> <span class='ocrx_word' id='word_1_296' title='bbox 3433 2587 3571 2657; x_wconf 74' lang='grc' dir='ltr'>πρὸς</span> <span class='ocrx_word' id='word_1_297' title='bbox 3611 2587 3673 2640; x_wconf 76' lang='grc' dir='ltr'><strong>τδ</strong></span> <span class='ocrx_word' id='word_1_298' title='bbox 3712 2582 3771 2641; x_wconf 61' lang='grc' dir='ltr'><strong>εὖ</strong></span> <span class='ocrx_word' id='word_1_299' title='bbox 3800 2588 3899 2659; x_wconf 46' lang='lat' dir='ltr'><strong>gf},</strong></span> <span class='ocrx_word' id='word_1_300' title='bbox 3946 2606 4047 2643; x_wconf 66' lang='grc' dir='ltr'><strong>κα,</strong></span> 
     </span>
    </p>
   </div>
   <div class='ocr_carea' id='block_1_54' title="bbox 2466 2678 2738 2749">
    <p class='ocr_par' dir='ltr' id='par_1_54' title="bbox 2466 2678 2738 2749">
     <span class='ocr_line' id='line_1_54' title="bbox 2466 2678 2738 2749; baseline 0.007 -2"><span class='ocrx_word' id='word_1_301' title='bbox 2466 2678 2738 2749; x_wconf 71' lang='grc' dir='ltr'><strong>ταχρήση·</strong></span> 
     </span>
    </p>
   </div>
   <div class='ocr_carea' id='block_1_55' title="bbox 2536 2766 4046 2841">
    <p class='ocr_par' dir='ltr' id='par_1_55' title="bbox 2536 2766 4046 2841">
     <span class='ocr_line' id='line_1_55' title="bbox 2536 2766 4046 2841; baseline 0.001 -19"><span class='ocrx_word' id='word_1_302' title='bbox 2536 2768 2907 2837; x_wconf 68' lang='grc' dir='ltr'>Φαυωρίνου.</span> <span class='ocrx_word' id='word_1_303' title='bbox 2939 2796 3009 2809; x_wconf 91' lang='lat'><em>-</em></span> <span class='ocrx_word' id='word_1_304' title='bbox 3034 2766 3215 2831; x_wconf 79' lang='grc' dir='ltr'>Πάθος</span> <span class='ocrx_word' id='word_1_305' title='bbox 3236 2767 3288 2821; x_wconf 79' lang='grc' dir='ltr'>τί</span> <span class='ocrx_word' id='word_1_306' title='bbox 3323 2783 3427 2838; x_wconf 82' lang='grc' dir='ltr'><strong>μου</strong></span> <span class='ocrx_word' id='word_1_307' title='bbox 3444 2768 3753 2838; x_wconf 79' lang='grc' dir='ltr'>προσέπεσε</span> <span class='ocrx_word' id='word_1_308' title='bbox 3781 2772 3847 2839; x_wconf 80' lang='grc' dir='ltr'>τῇ</span> <span class='ocrx_word' id='word_1_309' title='bbox 3871 2768 4046 2841; x_wconf 78' lang='grc' dir='ltr'><strong>ψυχῇ,</strong></span> 
     </span>
    </p>
   </div>
   <div class='ocr_carea' id='block_1_56' title="bbox 2466 2855 4045 2931">
    <p class='ocr_par' dir='ltr' id='par_1_56' title="bbox 2466 2855 4045 2931">
     <span class='ocr_line' id='line_1_56' title="bbox 2466 2855 4045 2931; baseline 0.001 -18"><span class='ocrx_word' id='word_1_310' title='bbox 2466 2862 2562 2915; x_wconf 78' lang='grc' dir='ltr'><strong>καὶ</strong></span> <span class='ocrx_word' id='word_1_311' title='bbox 2598 2861 2653 2914; x_wconf 80' lang='grc' dir='ltr'>τι</span> <span class='ocrx_word' id='word_1_312' title='bbox 2693 2861 2792 2931; x_wconf 79' lang='grc' dir='ltr'>μέν</span> <span class='ocrx_word' id='word_1_313' title='bbox 2842 2862 2992 2913; x_wconf 78' lang='grc' dir='ltr'>ἐστιν</span> <span class='ocrx_word' id='word_1_314' title='bbox 3034 2859 3135 2913; x_wconf 75' lang='grc' dir='ltr'>οὐκ</span> <span class='ocrx_word' id='word_1_315' title='bbox 3166 2855 3304 2914; x_wconf 74' lang='grc' dir='ltr'>οῖδα.</span> <span class='ocrx_word' id='word_1_316' title='bbox 3335 2860 3557 2929; x_wconf 84' lang='grc' dir='ltr'>Ἔρωτα</span> <span class='ocrx_word' id='word_1_317' title='bbox 3589 2860 3647 2914; x_wconf 72' lang='grc' dir='ltr'><strong>δὲ</strong></span> <span class='ocrx_word' id='word_1_318' title='bbox 3687 2861 3817 2914; x_wconf 72' lang='grc' dir='ltr'>αὐτὸ</span> <span class='ocrx_word' id='word_1_319' title='bbox 3849 2861 4045 2929; x_wconf 82' lang='grc' dir='ltr'>λέγου-</span> 
     </span>
    </p>
   </div>
   <div class='ocr_carea' id='block_1_57' title="bbox 2470 2951 4045 3023">
    <p class='ocr_par' dir='ltr' id='par_1_57' title="bbox 2470 2951 4045 3023">
     <span class='ocr_line' id='line_1_57' title="bbox 2470 2951 4045 3023; baseline 0.001 -18"><span class='ocrx_word' id='word_1_320' title='bbox 2470 2970 2552 3006; x_wconf 89' lang='grc' dir='ltr'><strong>σιν</strong></span> <span class='ocrx_word' id='word_1_321' title='bbox 2574 2952 2649 3023; x_wconf 81' lang='lat' dir='ltr'><strong>(q)</strong></span> <span class='ocrx_word' id='word_1_322' title='bbox 2666 2954 2715 3005; x_wconf 83' lang='lat' dir='ltr'><strong>oi</strong></span> <span class='ocrx_word' id='word_1_323' title='bbox 2747 2952 3115 3023; x_wconf 77' lang='grc' dir='ltr'>μεμυημένοι.</span> <span class='ocrx_word' id='word_1_324' title='bbox 3141 2951 3392 3006; x_wconf 81' lang='grc' dir='ltr'>Βάσκανε</span> <span class='ocrx_word' id='word_1_325' title='bbox 3419 2951 3615 3023; x_wconf 82' lang='grc' dir='ltr'>δαῖμον</span> <span class='ocrx_word' id='word_1_326' title='bbox 3643 2953 3738 3006; x_wconf 74' lang='grc' dir='ltr'>καὶ</span> <span class='ocrx_word' id='word_1_327' title='bbox 3763 2954 4045 3023; x_wconf 72' lang='grc' dir='ltr'>ἀλόγιστε,</span> 
     </span>
    </p>
   </div>
   <div class='ocr_carea' id='block_1_58' title="bbox 2466 3039 4048 3112">
    <p class='ocr_par' dir='ltr' id='par_1_58' title="bbox 2466 3039 4048 3112">
     <span class='ocr_line' id='line_1_58' title="bbox 2466 3039 4048 3112; baseline 0.001 -18"><span class='ocrx_word' id='word_1_328' title='bbox 2466 3040 2689 3095; x_wconf 83' lang='grc' dir='ltr'>ἀσθενεῖ</span> <span class='ocrx_word' id='word_1_329' title='bbox 2725 3039 3137 3111; x_wconf 80' lang='grc' dir='ltr'>προσελήλυθας</span> <span class='ocrx_word' id='word_1_330' title='bbox 3168 3039 3402 3109; x_wconf 83' lang='grc' dir='ltr'>σώματι,</span> <span class='ocrx_word' id='word_1_331' title='bbox 3450 3041 3639 3111; x_wconf 81' lang='grc' dir='ltr'>φέρειν</span> <span class='ocrx_word' id='word_1_332' title='bbox 3674 3058 3733 3094; x_wconf 89' lang='grc' dir='ltr'><strong>σε</strong></span> <span class='ocrx_word' id='word_1_333' title='bbox 3782 3042 3859 3112; x_wconf 80' lang='grc' dir='ltr'>μὴ</span> <span class='ocrx_word' id='word_1_334' title='bbox 3886 3042 4048 3095; x_wconf 80' lang='grc' dir='ltr'>δυνα-</span> 
     </span>
    </p>
   </div>
   <div class='ocr_carea' id='block_1_59' title="bbox 780 3130 2457 3234">
    <p class='ocr_par' dir='ltr' id='par_1_59' title="bbox 780 3138 2432 3234">
     <span class='ocr_line' id='line_1_59' title="bbox 780 3138 2432 3234; baseline 0.001 -44"><span class='ocrx_word' id='word_1_335' title='bbox 780 3152 891 3191; x_wconf 89' lang='lat' dir='ltr'><strong>non</strong></span> <span class='ocrx_word' id='word_1_336' title='bbox 924 3145 1124 3207; x_wconf 80' lang='lat' dir='ltr'><strong>potest.</strong></span> <span class='ocrx_word' id='word_1_337' title='bbox 1152 3138 1265 3192; x_wconf 80' lang='lat' dir='ltr'><strong>Abs</strong></span> <span class='ocrx_word' id='word_1_338' title='bbox 1297 3149 1351 3193; x_wconf 91' lang='lat' dir='ltr'><strong>te</strong></span> <span class='ocrx_word' id='word_1_339' title='bbox 1389 3138 1651 3203; x_wconf 89' lang='lat' dir='ltr'><strong>abscedo,</strong></span> <span class='ocrx_word' id='word_1_340' title='bbox 1681 3138 1926 3203; x_wconf 63' lang='lat' dir='ltr'><strong>daemon;</strong></span> <span class='ocrx_word' id='word_1_341' title='bbox 1958 3154 1987 3191; x_wconf 93' lang='lat' dir='ltr'><strong>a</strong></span> <span class='ocrx_word' id='word_1_342' title='bbox 2027 3146 2118 3193; x_wconf 85' lang='lat' dir='ltr'><strong>tua</strong></span> <span class='ocrx_word' id='word_1_343' title='bbox 2147 3155 2234 3192; x_wconf 90' lang='lat' dir='ltr'><strong>me</strong></span> <span class='ocrx_word' id='word_1_344' title='bbox 2263 3154 2360 3208; x_wconf 87' lang='lat' dir='ltr'><strong>pu-</strong></span> <span class='ocrx_word' id='word_1_345' title='bbox 2390 3176 2432 3234; x_wconf 60' lang='grc' dir='ltr'><em>ε</em></span> 
     </span>
    </p>
   </div>
   <div class='ocr_carea' id='block_1_60' title="bbox 2367 3130 4044 3234">
    <p class='ocr_par' dir='ltr' id='par_1_60' title="bbox 2390 3130 4044 3234">
     <span class='ocr_line' id='line_1_60' title="bbox 2390 3130 4044 3234; baseline -0.011 -47"><span class='ocrx_word' id='word_1_346' title='bbox 2390 3176 2432 3234; x_wconf 73' lang='lat' dir='ltr'><strong>C</strong></span> <span class='ocrx_word' id='word_1_347' title='bbox 2470 3131 2635 3201; x_wconf 79' lang='grc' dir='ltr'>μένῳ.</span> <span class='ocrx_word' id='word_1_348' title='bbox 2676 3130 2997 3201; x_wconf 77' lang='grc' dir='ltr'>Ἑξίσταμαί</span> <span class='ocrx_word' id='word_1_349' title='bbox 3039 3147 3154 3195; x_wconf 83' lang='grc' dir='ltr'>σου,</span> <span class='ocrx_word' id='word_1_350' title='bbox 3186 3131 3413 3201; x_wconf 72' lang='grc' dir='ltr'>δαῖμον·</span> <span class='ocrx_word' id='word_1_351' title='bbox 3448 3132 3770 3204; x_wconf 76' lang='grc' dir='ltr'>παραχωρῶ</span> <span class='ocrx_word' id='word_1_352' title='bbox 3812 3149 3910 3187; x_wconf 76' lang='grc' dir='ltr'><strong>σου</strong></span> <span class='ocrx_word' id='word_1_353' title='bbox 3944 3135 4044 3205; x_wconf 69' lang='grc' dir='ltr'><strong>τῆς</strong></span> 
     </span>
    </p>
   </div>
   <div class='ocr_carea' id='block_1_61' title="bbox 778 3229 1828 3300">
    <p class='ocr_par' dir='ltr' id='par_1_61' title="bbox 778 3229 1828 3300">
     <span class='ocr_line' id='line_1_61' title="bbox 778 3229 1828 3300; baseline 0.001 -17"><span class='ocrx_word' id='word_1_354' title='bbox 778 3244 884 3300; x_wconf 73' lang='lat' dir='ltr'><strong>gna</strong></span> <span class='ocrx_word' id='word_1_355' title='bbox 916 3229 1144 3299; x_wconf 88' lang='lat' dir='ltr'><strong>recipio,</strong></span> <span class='ocrx_word' id='word_1_356' title='bbox 1176 3243 1285 3285; x_wconf 92' lang='lat' dir='ltr'><strong>non</strong></span> <span class='ocrx_word' id='word_1_357' title='bbox 1328 3246 1449 3285; x_wconf 91' lang='lat' dir='ltr'><strong>sum</strong></span> <span class='ocrx_word' id='word_1_358' title='bbox 1494 3238 1621 3283; x_wconf 88' lang='lat' dir='ltr'><strong>tuus</strong></span> <span class='ocrx_word' id='word_1_359' title='bbox 1650 3230 1828 3284; x_wconf 89' lang='lat' dir='ltr'><strong>miles.</strong></span> 
     </span>
    </p>
   </div>
   <div class='ocr_carea' id='block_1_62' title="bbox 850 3318 2360 3392">
    <p class='ocr_par' dir='ltr' id='par_1_62' title="bbox 850 3318 2360 3392">
     <span class='ocr_line' id='line_1_62' title="bbox 850 3318 2360 3392; baseline -0.003 -17"><span class='ocrx_word' id='word_1_360' title='bbox 850 3321 1193 3392; x_wconf 75' lang='lat' dir='ltr'><strong>Thwphrast.</strong></span> <span class='ocrx_word' id='word_1_361' title='bbox 1211 3322 1488 3384; x_wconf 81' lang='lat' dir='ltr'><strong>—Amor,</strong></span> <span class='ocrx_word' id='word_1_362' title='bbox 1518 3320 1821 3374; x_wconf 83' lang='lat' dir='ltr'><strong>nescientis</strong></span> <span class='ocrx_word' id='word_1_363' title='bbox 1850 3318 2120 3373; x_wconf 88' lang='lat' dir='ltr'><strong>rationem</strong></span> <span class='ocrx_word' id='word_1_364' title='bbox 2144 3318 2360 3389; x_wconf 47' lang='lat' dir='ltr'><strong>cupidi-</strong></span> 
     </span>
    </p>
   </div>
   <div class='ocr_carea' id='block_1_63' title="bbox 779 3410 2358 3483">
    <p class='ocr_par' dir='ltr' id='par_1_63' title="bbox 779 3410 2358 3483">
     <span class='ocr_line' id='line_1_63' title="bbox 779 3410 2358 3483; baseline -0.003 -16"><span class='ocrx_word' id='word_1_365' title='bbox 779 3413 911 3467; x_wconf 88' lang='lat' dir='ltr'><strong>tatis</strong></span> <span class='ocrx_word' id='word_1_366' title='bbox 939 3413 1221 3483; x_wconf 83' lang='lat' dir='ltr'><strong>cujusdam</strong></span> <span class='ocrx_word' id='word_1_367' title='bbox 1249 3411 1641 3482; x_wconf 79' lang='lat' dir='ltr'><strong>cxsuperantia</strong></span> <span class='ocrx_word' id='word_1_368' title='bbox 1668 3422 1780 3476; x_wconf 89' lang='lat' dir='ltr'><strong>est;</strong></span> <span class='ocrx_word' id='word_1_369' title='bbox 1810 3410 2046 3466; x_wconf 85' lang='lat' dir='ltr'><strong>celerem</strong></span> <span class='ocrx_word' id='word_1_370' title='bbox 2077 3426 2358 3465; x_wconf 87' lang='lat' dir='ltr'><strong>accessum</strong></span> 
     </span>
    </p>
   </div>
   <div class='ocr_carea' id='block_1_64' title="bbox 779 3500 1736 3573">
    <p class='ocr_par' dir='ltr' id='par_1_64' title="bbox 779 3500 1736 3573">
     <span class='ocr_line' id='line_1_64' title="bbox 779 3500 1736 3573; baseline -0.007 -13"><span class='ocrx_word' id='word_1_371' title='bbox 779 3502 1011 3571; x_wconf 77' lang='lat' dir='ltr'><strong>habens,</strong></span> <span class='ocrx_word' id='word_1_372' title='bbox 1041 3512 1099 3558; x_wconf 81' lang='lat' dir='ltr'><strong>at</strong></span> <span class='ocrx_word' id='word_1_373' title='bbox 1126 3518 1249 3573; x_wconf 81' lang='lat' dir='ltr'><strong>quae</strong></span> <span class='ocrx_word' id='word_1_374' title='bbox 1292 3500 1446 3557; x_wconf 84' lang='lat' dir='ltr'><strong>tarde</strong></span> <span class='ocrx_word' id='word_1_375' title='bbox 1469 3500 1736 3555; x_wconf 85' lang='lat' dir='ltr'><strong>dimittat.</strong></span> 
     </span>
    </p>
   </div>
   <div class='ocr_carea' id='block_1_65' title="bbox 1202 3724 1931 3798">
    <p class='ocr_par' dir='ltr' id='par_1_65' title="bbox 1202 3724 1931 3798">
     <span class='ocr_line' id='line_1_65' title="bbox 1202 3724 1931 3798; baseline -0.012 -10"><span class='ocrx_word' id='word_1_376' title='bbox 1202 3728 1306 3798; x_wconf 76' lang='lat'><strong>61</strong></span> <span class='ocrx_word' id='word_1_377' title='bbox 1319 3726 1361 3796; x_wconf 82' lang='lat'><strong>1</strong></span> <span class='ocrx_word' id='word_1_378' title='bbox 1424 3725 1656 3782; x_wconf 71' lang='lat' dir='ltr'><strong>SERMO</strong></span> <span class='ocrx_word' id='word_1_379' title='bbox 1711 3724 1931 3781; x_wconf 74' lang='lat' dir='ltr'><strong>XXVII.</strong></span> 
     </span>
    </p>
   </div>
   <div class='ocr_carea' id='block_1_66' title="bbox 1060 3815 2078 3888">
    <p class='ocr_par' dir='ltr' id='par_1_66' title="bbox 1060 3815 2078 3888">
     <span class='ocr_line' id='line_1_66' title="bbox 1060 3815 2078 3888; baseline 0.003 -19"><span class='ocrx_word' id='word_1_380' title='bbox 1060 3815 1137 3870; x_wconf 82' lang='lat' dir='ltr'><strong>De</strong></span> <span class='ocrx_word' id='word_1_381' title='bbox 1163 3819 1396 3870; x_wconf 79' lang='lat' dir='ltr'><strong>ciborum</strong></span> <span class='ocrx_word' id='word_1_382' title='bbox 1424 3818 1806 3871; x_wconf 74' lang='lat' dir='ltr'><strong>incontinentia</strong></span> <span class='ocrx_word' id='word_1_383' title='bbox 1837 3835 1901 3871; x_wconf 85' lang='lat' dir='ltr'><strong>ac</strong></span> <span class='ocrx_word' id='word_1_384' title='bbox 1928 3817 2078 3888; x_wconf 85' lang='lat' dir='ltr'><strong>gula.</strong></span> 
     </span>
    </p>
   </div>
   <div class='ocr_carea' id='block_1_67' title="bbox 851 3908 2363 3981">
    <p class='ocr_par' dir='ltr' id='par_1_67' title="bbox 851 3908 2363 3981">
     <span class='ocr_line' id='line_1_67' title="bbox 851 3908 2363 3981; baseline 0.002 -19"><span class='ocrx_word' id='word_1_385' title='bbox 851 3908 982 3963; x_wconf 86' lang='lat' dir='ltr'><strong>Luc.</strong></span> <span class='ocrx_word' id='word_1_386' title='bbox 1016 3925 1089 3975; x_wconf 70' lang='grc' dir='ltr'><strong>γι,</strong></span> <span class='ocrx_word' id='word_1_387' title='bbox 1124 3910 1414 3965; x_wconf 72' lang='lat' dir='ltr'><strong>25.—-V:c</strong></span> <span class='ocrx_word' id='word_1_388' title='bbox 1440 3910 1598 3965; x_wconf 84' lang='lat' dir='ltr'><strong>vobis</strong></span> <span class='ocrx_word' id='word_1_389' title='bbox 1632 3911 1730 3981; x_wconf 77' lang='lat' dir='ltr'><strong>qui</strong></span> <span class='ocrx_word' id='word_1_390' title='bbox 1774 3911 2007 3966; x_wconf 81' lang='lat' dir='ltr'><strong>saturati</strong></span> <span class='ocrx_word' id='word_1_391' title='bbox 2037 3909 2192 3975; x_wconf 89' lang='lat' dir='ltr'><strong>estis,</strong></span> <span class='ocrx_word' id='word_1_392' title='bbox 2234 3909 2363 3979; x_wconf 88' lang='lat' dir='ltr'><strong>quia</strong></span> 
     </span>
    </p>
   </div>
   <div class='ocr_carea' id='block_1_68' title="bbox 779 3999 2367 4074">
    <p class='ocr_par' dir='ltr' id='par_1_68' title="bbox 779 3999 2367 4074">
     <span class='ocr_line' id='line_1_68' title="bbox 779 3999 2367 4074; baseline 0 -19"><span class='ocrx_word' id='word_1_393' title='bbox 779 3999 1073 4066; x_wconf 83' lang='lat' dir='ltr'><strong>esurietis;</strong></span> <span class='ocrx_word' id='word_1_394' title='bbox 1123 4018 1203 4057; x_wconf 77' lang='lat' dir='ltr'><strong>va:</strong></span> <span class='ocrx_word' id='word_1_395' title='bbox 1254 4001 1413 4057; x_wconf 85' lang='lat' dir='ltr'><strong>vobis</strong></span> <span class='ocrx_word' id='word_1_396' title='bbox 1446 4002 1545 4072; x_wconf 86' lang='lat' dir='ltr'><strong>qui</strong></span> <span class='ocrx_word' id='word_1_397' title='bbox 1595 4003 1813 4070; x_wconf 80' lang='lat' dir='ltr'><strong>ridetis,</strong></span> <span class='ocrx_word' id='word_1_398' title='bbox 1844 4003 1975 4074; x_wconf 85' lang='lat' dir='ltr'><strong>quia</strong></span> <span class='ocrx_word' id='word_1_399' title='bbox 2019 4001 2278 4074; x_wconf 80' lang='lat' dir='ltr'><strong>lugebitis</strong></span> <span class='ocrx_word' id='word_1_400' title='bbox 2310 4009 2367 4055; x_wconf 87' lang='lat' dir='ltr'><strong>et</strong></span> 
     </span>
    </p>
   </div>
   <div class='ocr_carea' id='block_1_69' title="bbox 778 4090 1004 4145">
    <p class='ocr_par' dir='ltr' id='par_1_69' title="bbox 778 4090 1004 4145">
     <span class='ocr_line' id='line_1_69' title="bbox 778 4090 1004 4145; baseline 0.004 -2"><span class='ocrx_word' id='word_1_401' title='bbox 778 4090 1004 4145; x_wconf 83' lang='lat' dir='ltr'><strong>ﬂebitis.</strong></span> 
     </span>
    </p>
   </div>
   <div class='ocr_carea' id='block_1_70' title="bbox 847 4182 2361 4255">
    <p class='ocr_par' dir='ltr' id='par_1_70' title="bbox 847 4182 2361 4255">
     <span class='ocr_line' id='line_1_70' title="bbox 847 4182 2361 4255; baseline 0.002 -20"><span class='ocrx_word' id='word_1_402' title='bbox 847 4182 968 4236; x_wconf 81' lang='lat' dir='ltr'><strong>Jac.</strong></span> <span class='ocrx_word' id='word_1_403' title='bbox 994 4198 1045 4245; x_wconf 90' lang='lat' dir='ltr'><strong>v,</strong></span> <span class='ocrx_word' id='word_1_404' title='bbox 1074 4182 1127 4237; x_wconf 85' lang='lat'><strong>5.</strong></span> <span class='ocrx_word' id='word_1_405' title='bbox 1148 4212 1220 4223; x_wconf 89' lang='lat'><strong>-—</strong></span> <span class='ocrx_word' id='word_1_406' title='bbox 1238 4183 1458 4254; x_wconf 83' lang='lat' dir='ltr'><strong>Epulati</strong></span> <span class='ocrx_word' id='word_1_407' title='bbox 1496 4184 1632 4240; x_wconf 89' lang='lat' dir='ltr'><strong>estis</strong></span> <span class='ocrx_word' id='word_1_408' title='bbox 1657 4183 1921 4241; x_wconf 91' lang='lat' dir='ltr'><strong>deliciose</strong></span> <span class='ocrx_word' id='word_1_409' title='bbox 1958 4200 2125 4255; x_wconf 90' lang='lat' dir='ltr'><strong>super</strong></span> <span class='ocrx_word' id='word_1_410' title='bbox 2159 4193 2361 4239; x_wconf 87' lang='lat' dir='ltr'><strong>terram</strong></span> 
     </span>
    </p>
   </div>
   <div class='ocr_carea' id='block_1_71' title="bbox 2469 3223 3479 3295">
    <p class='ocr_par' dir='ltr' id='par_1_71' title="bbox 2469 3223 3479 3295">
     <span class='ocr_line' id='line_1_71' title="bbox 2469 3223 3479 3295; baseline 0 -17"><span class='ocrx_word' id='word_1_411' title='bbox 2469 3224 2650 3295; x_wconf 77' lang='grc' dir='ltr'>μάχης</span> <span class='ocrx_word' id='word_1_412' title='bbox 2676 3240 2691 3255; x_wconf 89' lang='grc'><strong>·</strong></span> <span class='ocrx_word' id='word_1_413' title='bbox 2725 3226 2828 3278; x_wconf 80' lang='grc' dir='ltr'><strong>οὐκ</strong></span> <span class='ocrx_word' id='word_1_414' title='bbox 2852 3223 2968 3294; x_wconf 76' lang='grc' dir='ltr'>εἰμί</span> <span class='ocrx_word' id='word_1_415' title='bbox 2991 3240 3086 3277; x_wconf 79' lang='grc' dir='ltr'><strong>σου</strong></span> <span class='ocrx_word' id='word_1_416' title='bbox 3119 3223 3479 3294; x_wconf 76' lang='grc' dir='ltr'>στρατιώτης.</span> 
     </span>
    </p>
   </div>
   <div class='ocr_carea' id='block_1_72' title="bbox 2538 3312 4045 3382">
    <p class='ocr_par' dir='ltr' id='par_1_72' title="bbox 2538 3312 4045 3382">
     <span class='ocr_line' id='line_1_72' title="bbox 2538 3312 4045 3382; baseline 0.002 -15"><span class='ocrx_word' id='word_1_417' title='bbox 2538 3312 2865 3381; x_wconf 64' lang='grc' dir='ltr'>Θεοφράστ.</span> <span class='ocrx_word' id='word_1_418' title='bbox 2891 3344 2959 3354; x_wconf 94' lang='grc'><strong>-</strong></span> <span class='ocrx_word' id='word_1_419' title='bbox 2989 3313 3165 3382; x_wconf 85' lang='grc' dir='ltr'>Ἔρως</span> <span class='ocrx_word' id='word_1_420' title='bbox 3197 3314 3343 3365; x_wconf 75' lang='grc' dir='ltr'>ἐστὶν</span> <span class='ocrx_word' id='word_1_421' title='bbox 3363 3313 3646 3382; x_wconf 74' lang='grc' dir='ltr'>ἀλογίστου</span> <span class='ocrx_word' id='word_1_422' title='bbox 3674 3315 3816 3381; x_wconf 80' lang='grc' dir='ltr'>τινὸς</span> <span class='ocrx_word' id='word_1_423' title='bbox 3851 3317 4045 3370; x_wconf 74' lang='grc' dir='ltr'>ἐπιθυ-</span> 
     </span>
    </p>
   </div>
   <div class='ocr_carea' id='block_1_73' title="bbox 2471 3404 4040 3480">
    <p class='ocr_par' dir='ltr' id='par_1_73' title="bbox 2471 3404 4040 3480">
     <span class='ocr_line' id='line_1_73' title="bbox 2471 3404 4040 3480; baseline 0.003 -22"><span class='ocrx_word' id='word_1_424' title='bbox 2471 3406 2599 3475; x_wconf 82' lang='grc' dir='ltr'>μίας</span> <span class='ocrx_word' id='word_1_425' title='bbox 2627 3404 2923 3476; x_wconf 78' lang='grc' dir='ltr'>ὑπερὸολὴ,</span> <span class='ocrx_word' id='word_1_426' title='bbox 2955 3407 3179 3474; x_wconf 77' lang='grc' dir='ltr'>ταχεῖαν</span> <span class='ocrx_word' id='word_1_427' title='bbox 3221 3405 3323 3475; x_wconf 86' lang='grc' dir='ltr'>μὲν</span> <span class='ocrx_word' id='word_1_428' title='bbox 3352 3407 3555 3476; x_wconf 69' lang='grc' dir='ltr'>ἔχουσα</span> <span class='ocrx_word' id='word_1_429' title='bbox 3607 3407 3709 3478; x_wconf 72' lang='grc' dir='ltr'>τὴν</span> <span class='ocrx_word' id='word_1_430' title='bbox 3756 3409 4040 3480; x_wconf 83' lang='grc' dir='ltr'>πρόσοδον,</span> 
     </span>
    </p>
   </div>
   <div class='ocr_carea' id='block_1_74' title="bbox 2469 3495 3222 3568">
    <p class='ocr_par' dir='ltr' id='par_1_74' title="bbox 2469 3495 3222 3568">
     <span class='ocr_line' id='line_1_74' title="bbox 2469 3495 3222 3568; baseline 0.001 -20"><span class='ocrx_word' id='word_1_431' title='bbox 2469 3497 2497 3567; x_wconf 85' lang='grc' dir='ltr'>β</span> <span class='ocrx_word' id='word_1_432' title='bbox 2506 3495 2791 3568; x_wconf 80' lang='grc' dir='ltr'>ραδείανδὲ</span> <span class='ocrx_word' id='word_1_433' title='bbox 2814 3496 2914 3566; x_wconf 71' lang='grc' dir='ltr'>τὴν</span> <span class='ocrx_word' id='word_1_434' title='bbox 2932 3496 3222 3549; x_wconf 74' lang='grc' dir='ltr'>ἀπόλυσιν.</span> 
     </span>
    </p>
   </div>
   <div class='ocr_carea' id='block_1_75' title="bbox 3056 3724 3438 3779">
    <p class='ocr_par' dir='ltr' id='par_1_75' title="bbox 3056 3724 3438 3779">
     <span class='ocr_line' id='line_1_75' title="bbox 3056 3724 3438 3779; baseline 0.005 -2"><span class='ocrx_word' id='word_1_435' title='bbox 3056 3724 3274 3778; x_wconf 82' lang='grc' dir='ltr'><strong>ΛΟΓΟΣ</strong></span> <span class='ocrx_word' id='word_1_436' title='bbox 3312 3724 3438 3779; x_wconf 79' lang='lat' dir='ltr'><strong>KZ&quot;</strong></span> 
     </span>
    </p>
   </div>
   <div class='ocr_carea' id='block_1_76' title="bbox 2699 3814 3798 3886">
    <p class='ocr_par' dir='ltr' id='par_1_76' title="bbox 2699 3814 3798 3886">
     <span class='ocr_line' id='line_1_76' title="bbox 2699 3814 3798 3886; baseline 0.002 -17"><span class='ocrx_word' id='word_1_437' title='bbox 2699 3814 2839 3884; x_wconf 77' lang='grc' dir='ltr'>Περὶ</span> <span class='ocrx_word' id='word_1_438' title='bbox 2862 3815 3159 3884; x_wconf 78' lang='grc' dir='ltr'>ἀκρασίας</span> <span class='ocrx_word' id='word_1_439' title='bbox 3183 3816 3284 3869; x_wconf 82' lang='grc' dir='ltr'><strong>καὶ</strong></span> <span class='ocrx_word' id='word_1_440' title='bbox 3315 3818 3798 3886; x_wconf 74' lang='grc' dir='ltr'>γαστριμαργίας.</span> 
     </span>
    </p>
   </div>
   <div class='ocr_carea' id='block_1_77' title="bbox 2535 3906 4042 3979">
    <p class='ocr_par' dir='ltr' id='par_1_77' title="bbox 2535 3906 4042 3979">
     <span class='ocr_line' id='line_1_77' title="bbox 2535 3906 4042 3979; baseline 0.001 -16"><span class='ocrx_word' id='word_1_441' title='bbox 2535 3912 2720 3963; x_wconf 80' lang='grc' dir='ltr'>Λουκ.</span> <span class='ocrx_word' id='word_1_442' title='bbox 2750 3914 2824 3971; x_wconf 83' lang='grc' dir='ltr'>ς’.</span> <span class='ocrx_word' id='word_1_443' title='bbox 2854 3936 2928 3948; x_wconf 92' lang='grc'><strong>-</strong></span> <span class='ocrx_word' id='word_1_444' title='bbox 2953 3906 3090 3961; x_wconf 73' lang='grc' dir='ltr'><strong>υὺαὶ</strong></span> <span class='ocrx_word' id='word_1_445' title='bbox 3130 3908 3181 3960; x_wconf 77' lang='grc' dir='ltr'>οἱ</span> <span class='ocrx_word' id='word_1_446' title='bbox 3222 3907 3694 3979; x_wconf 74' lang='grc' dir='ltr'>ἐμπεπλησμένοι.</span> <span class='ocrx_word' id='word_1_447' title='bbox 3736 3910 3819 3963; x_wconf 87' lang='grc' dir='ltr'>ὄτι</span> <span class='ocrx_word' id='word_1_448' title='bbox 3846 3910 4042 3966; x_wconf 65' lang='grc' dir='ltr'>πεινά-</span> 
     </span>
    </p>
   </div>
   <div class='ocr_carea' id='block_1_78' title="bbox 2467 3998 4037 4067">
    <p class='ocr_par' dir='ltr' id='par_1_78' title="bbox 2467 3998 4037 4067">
     <span class='ocr_line' id='line_1_78' title="bbox 2467 3998 4037 4067; baseline 0.001 -13"><span class='ocrx_word' id='word_1_449' title='bbox 2467 4017 2589 4054; x_wconf 89' lang='grc' dir='ltr'>σετε</span> <span class='ocrx_word' id='word_1_450' title='bbox 2620 4015 2633 4029; x_wconf 88' lang='grc'><strong>·</strong></span> <span class='ocrx_word' id='word_1_451' title='bbox 2680 4000 2805 4053; x_wconf 71' lang='grc' dir='ltr'>οὐαὶ</span> <span class='ocrx_word' id='word_1_452' title='bbox 2836 4000 2886 4053; x_wconf 86' lang='grc' dir='ltr'>οἱ</span> <span class='ocrx_word' id='word_1_453' title='bbox 2927 3998 3218 4067; x_wconf 84' lang='grc' dir='ltr'>γελῶντες,</span> <span class='ocrx_word' id='word_1_454' title='bbox 3268 4000 3354 4053; x_wconf 83' lang='grc' dir='ltr'>ὅτι</span> <span class='ocrx_word' id='word_1_455' title='bbox 3395 4000 3694 4065; x_wconf 74' lang='grc' dir='ltr'>πενθήσετε</span> <span class='ocrx_word' id='word_1_456' title='bbox 3731 4002 3826 4055; x_wconf 77' lang='grc' dir='ltr'><strong>καὶ</strong></span> <span class='ocrx_word' id='word_1_457' title='bbox 3866 4000 4037 4056; x_wconf 74' lang='grc' dir='ltr'><strong>κὶαύ-</strong></span> 
     </span>
    </p>
   </div>
   <div class='ocr_carea' id='block_1_79' title="bbox 2468 4111 2612 4148">
    <p class='ocr_par' dir='ltr' id='par_1_79' title="bbox 2468 4111 2612 4148">
     <span class='ocr_line' id='line_1_79' title="bbox 2468 4111 2612 4148; baseline 0.007 -1"><span class='ocrx_word' id='word_1_458' title='bbox 2468 4111 2589 4147; x_wconf 83' lang='grc' dir='ltr'>σετε</span> <span class='ocrx_word' id='word_1_459' title='bbox 2597 4134 2612 4148; x_wconf 77' lang='grc' dir='ltr'><strong>ο</strong></span> 
     </span>
    </p>
   </div>
   <div class='ocr_carea' id='block_1_80' title="bbox 2543 4182 4039 4254">
    <p class='ocr_par' dir='ltr' id='par_1_80' title="bbox 2543 4182 4039 4254">
     <span class='ocr_line' id='line_1_80' title="bbox 2543 4182 4039 4254; baseline 0.001 -15"><span class='ocrx_word' id='word_1_460' title='bbox 2543 4186 2677 4240; x_wconf 78' lang='grc' dir='ltr'>’1ακ.</span> <span class='ocrx_word' id='word_1_461' title='bbox 2708 4191 2773 4238; x_wconf 86' lang='grc' dir='ltr'>ε’.</span> <span class='ocrx_word' id='word_1_462' title='bbox 2807 4214 2878 4225; x_wconf 90' lang='grc'><strong><em>-</em></strong></span> <span class='ocrx_word' id='word_1_463' title='bbox 2919 4182 3298 4254; x_wconf 82' lang='grc' dir='ltr'>Ἐτρυφήσατε</span> <span class='ocrx_word' id='word_1_464' title='bbox 3347 4182 3439 4236; x_wconf 71' lang='grc' dir='ltr'><strong>ἐπὶ</strong></span> <span class='ocrx_word' id='word_1_465' title='bbox 3461 4183 3565 4253; x_wconf 81' lang='grc' dir='ltr'>τῆς</span> <span class='ocrx_word' id='word_1_466' title='bbox 3590 4184 3695 4253; x_wconf 81' lang='grc' dir='ltr'>γῆς</span> <span class='ocrx_word' id='word_1_467' title='bbox 3730 4186 3824 4239; x_wconf 75' lang='grc' dir='ltr'><strong>καὶ</strong></span> <span class='ocrx_word' id='word_1_468' title='bbox 3868 4187 4039 4240; x_wconf 72' lang='lat' dir='ltr'><strong>torta-</strong></span> 
     </span>
    </p>
   </div>
   <div class='ocr_carea' id='block_1_81' title="bbox 775 4274 2452 4351">
    <p class='ocr_par' dir='ltr' id='par_1_81' title="bbox 775 4274 2365 4342">
     <span class='ocr_line' id='line_1_81' title="bbox 775 4274 2365 4342; baseline 0.003 -15"><span class='ocrx_word' id='word_1_469' title='bbox 775 4282 837 4328; x_wconf 93' lang='lat' dir='ltr'><strong>et</strong></span> <span class='ocrx_word' id='word_1_470' title='bbox 863 4274 1197 4342; x_wconf 74' lang='lat' dir='ltr'><strong>elumriati;</strong></span> <span class='ocrx_word' id='word_1_471' title='bbox 1223 4276 1520 4331; x_wconf 90' lang='lat' dir='ltr'><strong>enutristis</strong></span> <span class='ocrx_word' id='word_1_472' title='bbox 1552 4276 1722 4332; x_wconf 89' lang='lat' dir='ltr'><strong>corda</strong></span> <span class='ocrx_word' id='word_1_473' title='bbox 1770 4284 1953 4332; x_wconf 88' lang='lat' dir='ltr'><strong>vestra</strong></span> <span class='ocrx_word' id='word_1_474' title='bbox 2001 4276 2147 4332; x_wconf 90' lang='lat' dir='ltr'><strong>sicut</strong></span> <span class='ocrx_word' id='word_1_475' title='bbox 2188 4275 2244 4330; x_wconf 91' lang='lat' dir='ltr'><strong>in</strong></span> <span class='ocrx_word' id='word_1_476' title='bbox 2275 4274 2365 4331; x_wconf 88' lang='lat' dir='ltr'><strong>die</strong></span> 
     </span>
    </p>
   </div>
   <div class='ocr_carea' id='block_1_82' title="bbox 2359 4274 4036 4351">
    <p class='ocr_par' dir='ltr' id='par_1_82' title="bbox 2359 4276 4036 4351">
     <span class='ocr_line' id='line_1_82' title="bbox 2359 4276 4036 4351; baseline 0.003 -24"><span class='ocrx_word' id='word_1_477' title='bbox 2359 4295 2365 4327; x_wconf 74' lang='grc' dir='ltr'><strong>ι</strong></span> <span class='ocrx_word' id='word_1_478' title='bbox 2460 4278 2733 4349; x_wconf 85' lang='grc' dir='ltr'>ταλήσατε</span> <span class='ocrx_word' id='word_1_479' title='bbox 2760 4294 2776 4309; x_wconf 77' lang='grc' dir='ltr'><strong>ο</strong></span> <span class='ocrx_word' id='word_1_480' title='bbox 2811 4276 3077 4349; x_wconf 80' lang='grc' dir='ltr'>ὲτρέψατε</span> <span class='ocrx_word' id='word_1_481' title='bbox 3110 4276 3208 4340; x_wconf 80' lang='grc' dir='ltr'>τὰς</span> <span class='ocrx_word' id='word_1_482' title='bbox 3236 4276 3463 4347; x_wconf 78' lang='grc' dir='ltr'>καρδίας</span> <span class='ocrx_word' id='word_1_483' title='bbox 3497 4276 3650 4347; x_wconf 80' lang='grc' dir='ltr'>ὑμῶν</span> <span class='ocrx_word' id='word_1_484' title='bbox 3677 4276 3752 4342; x_wconf 83' lang='grc' dir='ltr'><strong>ὡς</strong></span> <span class='ocrx_word' id='word_1_485' title='bbox 3769 4278 3827 4331; x_wconf 73' lang='grc' dir='ltr'>ὲν</span> <span class='ocrx_word' id='word_1_486' title='bbox 3852 4280 4036 4351; x_wconf 76' lang='grc' dir='ltr'>ἡμέρᾳ</span> 
     </span>
    </p>
   </div>
   <div class='ocr_carea' id='block_1_83' title="bbox 777 4378 1096 4420">
    <p class='ocr_par' dir='ltr' id='par_1_83' title="bbox 777 4378 1096 4420">
     <span class='ocr_line' id='line_1_83' title="bbox 777 4378 1096 4420; baseline 0.009 -3"><span class='ocrx_word' id='word_1_487' title='bbox 777 4378 1096 4420; x_wconf 71' lang='grc' dir='ltr'>οεςιειοιιιε.</span> 
     </span>
    </p>
   </div>
   <div class='ocr_carea' id='block_1_84' title="bbox 852 4454 2365 4522">
    <p class='ocr_par' dir='ltr' id='par_1_84' title="bbox 852 4454 2365 4522">
     <span class='ocr_line' id='line_1_84' title="bbox 852 4454 2365 4522; baseline 0.003 -13"><span class='ocrx_word' id='word_1_488' title='bbox 852 4454 1009 4510; x_wconf 76' lang='lat' dir='ltr'><strong>Prov.</strong></span> <span class='ocrx_word' id='word_1_489' title='bbox 1041 4473 1186 4522; x_wconf 69' lang='lat' dir='ltr'><strong>xxiv,</strong></span> <span class='ocrx_word' id='word_1_490' title='bbox 1221 4457 1306 4513; x_wconf 82' lang='lat' dir='ltr'><strong>l5.</strong></span> <span class='ocrx_word' id='word_1_491' title='bbox 1328 4488 1399 4498; x_wconf 95' lang='lat'><strong>—</strong></span> <span class='ocrx_word' id='word_1_492' title='bbox 1416 4458 1496 4514; x_wconf 86' lang='lat' dir='ltr'><strong>Ne</strong></span> <span class='ocrx_word' id='word_1_493' title='bbox 1520 4457 1816 4515; x_wconf 83' lang='lat' dir='ltr'><strong>seduearis</strong></span> <span class='ocrx_word' id='word_1_494' title='bbox 1838 4459 1894 4514; x_wconf 89' lang='lat' dir='ltr'><strong>in</strong></span> <span class='ocrx_word' id='word_1_495' title='bbox 1916 4459 2209 4514; x_wconf 82' lang='lat' dir='ltr'><strong>saturitate</strong></span> <span class='ocrx_word' id='word_1_496' title='bbox 2229 4473 2365 4513; x_wconf 87' lang='lat' dir='ltr'><strong>ven-</strong></span> 
     </span>
    </p>
   </div>
   <div class='ocr_carea' id='block_1_85' title="bbox 777 4545 1009 4600">
    <p class='ocr_par' dir='ltr' id='par_1_85' title="bbox 777 4545 1009 4600">
     <span class='ocr_line' id='line_1_85' title="bbox 777 4545 1009 4600; baseline 0.004 -1"><span class='ocrx_word' id='word_1_497' title='bbox 777 4545 881 4599; x_wconf 87' lang='lat' dir='ltr'><strong>tris</strong></span> <span class='ocrx_word' id='word_1_498' title='bbox 909 4546 1009 4600; x_wconf 90' lang='lat' dir='ltr'><strong>tui.</strong></span> 
     </span>
    </p>
   </div>
   <div class='ocr_carea' id='block_1_86' title="bbox 848 4636 2358 4712">
    <p class='ocr_par' dir='ltr' id='par_1_86' title="bbox 848 4636 2358 4712">
     <span class='ocr_line' id='line_1_86' title="bbox 848 4636 2358 4712; baseline 0.003 -21"><span class='ocrx_word' id='word_1_499' title='bbox 848 4636 1007 4692; x_wconf 81' lang='lat' dir='ltr'><strong>Prov.</strong></span> <span class='ocrx_word' id='word_1_500' title='bbox 1061 4655 1183 4705; x_wconf 74' lang='lat' dir='ltr'><strong>xxv,</strong></span> <span class='ocrx_word' id='word_1_501' title='bbox 1232 4641 1317 4696; x_wconf 82' lang='lat' dir='ltr'><strong>l5.</strong></span> <span class='ocrx_word' id='word_1_502' title='bbox 1346 4641 1785 4706; x_wconf 77' lang='lat' dir='ltr'><strong>——Melnactus,</strong></span> <span class='ocrx_word' id='word_1_503' title='bbox 1836 4651 2106 4712; x_wconf 86' lang='lat' dir='ltr'><strong>quantum</strong></span> <span class='ocrx_word' id='word_1_504' title='bbox 2156 4640 2358 4698; x_wconf 81' lang='lat' dir='ltr'><strong>suﬂicit</strong></span> 
     </span>
    </p>
   </div>
   <div class='ocr_carea' id='block_1_87' title="bbox 773 4728 1781 4801">
    <p class='ocr_par' dir='ltr' id='par_1_87' title="bbox 773 4728 1781 4801">
     <span class='ocr_line' id='line_1_87' title="bbox 773 4728 1781 4801; baseline 0.003 -18"><span class='ocrx_word' id='word_1_505' title='bbox 773 4728 946 4790; x_wconf 80' lang='lat' dir='ltr'><strong>edito,</strong></span> <span class='ocrx_word' id='word_1_506' title='bbox 976 4744 1045 4783; x_wconf 93' lang='lat' dir='ltr'><strong>ne</strong></span> <span class='ocrx_word' id='word_1_507' title='bbox 1075 4730 1217 4785; x_wconf 79' lang='lat' dir='ltr'><strong>forte</strong></span> <span class='ocrx_word' id='word_1_508' title='bbox 1245 4733 1489 4801; x_wconf 88' lang='lat' dir='ltr'><strong>repletus</strong></span> <span class='ocrx_word' id='word_1_509' title='bbox 1532 4747 1781 4787; x_wconf 87' lang='lat' dir='ltr'><strong>evomas.</strong></span> 
     </span>
    </p>
   </div>
   <div class='ocr_carea' id='block_1_88' title="bbox 847 4818 2361 4894">
    <p class='ocr_par' dir='ltr' id='par_1_88' title="bbox 847 4818 2361 4894">
     <span class='ocr_line' id='line_1_88' title="bbox 847 4818 2361 4894; baseline 0.005 -22"><span class='ocrx_word' id='word_1_510' title='bbox 847 4818 1011 4873; x_wconf 81' lang='lat' dir='ltr'><strong>Eccli.</strong></span> <span class='ocrx_word' id='word_1_511' title='bbox 1046 4836 1131 4884; x_wconf 71' lang='grc' dir='ltr'><strong>χι,</strong></span> <span class='ocrx_word' id='word_1_512' title='bbox 1164 4820 1456 4878; x_wconf 76' lang='grc' dir='ltr'><strong>50.-νί1·</strong></span> <span class='ocrx_word' id='word_1_513' title='bbox 1499 4823 1803 4894; x_wconf 89' lang='lat' dir='ltr'><strong>respiciens</strong></span> <span class='ocrx_word' id='word_1_514' title='bbox 1840 4823 1895 4877; x_wconf 91' lang='lat' dir='ltr'><strong>in</strong></span> <span class='ocrx_word' id='word_1_515' title='bbox 1942 4838 2188 4878; x_wconf 89' lang='lat' dir='ltr'><strong>mensam</strong></span> <span class='ocrx_word' id='word_1_516' title='bbox 2226 4822 2361 4879; x_wconf 85' lang='lat' dir='ltr'><strong>alie-</strong></span> 
     </span>
    </p>
   </div>
   <div class='ocr_carea' id='block_1_89' title="bbox 775 4911 2204 4983">
    <p class='ocr_par' dir='ltr' id='par_1_89' title="bbox 775 4911 2204 4983">
     <span class='ocr_line' id='line_1_89' title="bbox 775 4911 2204 4983; baseline 0.002 -20"><span class='ocrx_word' id='word_1_517' title='bbox 775 4923 923 4971; x_wconf 89' lang='lat' dir='ltr'><strong>nam,</strong></span> <span class='ocrx_word' id='word_1_518' title='bbox 965 4925 1075 4963; x_wconf 92' lang='lat' dir='ltr'><strong>non</strong></span> <span class='ocrx_word' id='word_1_519' title='bbox 1107 4920 1194 4965; x_wconf 86' lang='lat' dir='ltr'><strong>est</strong></span> <span class='ocrx_word' id='word_1_520' title='bbox 1233 4911 1344 4966; x_wconf 85' lang='lat' dir='ltr'><strong>vita</strong></span> <span class='ocrx_word' id='word_1_521' title='bbox 1371 4912 1491 4983; x_wconf 83' lang='lat' dir='ltr'><strong>ejus</strong></span> <span class='ocrx_word' id='word_1_522' title='bbox 1518 4913 1575 4967; x_wconf 89' lang='lat' dir='ltr'><strong>in</strong></span> <span class='ocrx_word' id='word_1_523' title='bbox 1610 4914 2023 4983; x_wconf 88' lang='lat' dir='ltr'><strong>computatione</strong></span> <span class='ocrx_word' id='word_1_524' title='bbox 2056 4912 2204 4968; x_wconf 62' lang='lat' dir='ltr'><strong>vilic.</strong></span> 
     </span>
    </p>
   </div>
   <div class='ocr_carea' id='block_1_90' title="bbox 844 4999 2362 5061">
    <p class='ocr_par' dir='ltr' id='par_1_90' title="bbox 844 4999 2362 5061">
     <span class='ocr_line' id='line_1_90' title="bbox 844 4999 2362 5061; baseline 0.003 -7"><span class='ocrx_word' id='word_1_525' title='bbox 844 4999 1149 5056; x_wconf 76' lang='lat' dir='ltr'><strong>Basilii.—</strong></span> <span class='ocrx_word' id='word_1_526' title='bbox 1178 5004 1404 5059; x_wconf 81' lang='lat' dir='ltr'><strong>Nullum</strong></span> <span class='ocrx_word' id='word_1_527' title='bbox 1454 5020 1582 5061; x_wconf 87' lang='lat' dir='ltr'><strong>cum</strong></span> <span class='ocrx_word' id='word_1_528' title='bbox 1618 5013 1817 5061; x_wconf 80' lang='lat' dir='ltr'><strong>ventre</strong></span> <span class='ocrx_word' id='word_1_529' title='bbox 1868 5004 2038 5060; x_wconf 80' lang='lat' dir='ltr'><strong>ﬁdum</strong></span> <span class='ocrx_word' id='word_1_530' title='bbox 2086 5018 2362 5061; x_wconf 85' lang='lat' dir='ltr'><strong>commer-</strong></span> 
     </span>
    </p>
   </div>
   <div class='ocr_carea' id='block_1_91' title="bbox 844 5178 1490 5238">
    <p class='ocr_par' dir='ltr' id='par_1_91' title="bbox 844 5178 1490 5238">
     <span class='ocr_line' id='line_1_91' title="bbox 844 5178 1490 5238; baseline 0 -3"><span class='ocrx_word' id='word_1_531' title='bbox 844 5181 891 5213; x_wconf 83' lang='grc'><strong><em>⁸³</em></strong></span> <span class='ocrx_word' id='word_1_532' title='bbox 923 5180 983 5235; x_wconf 85' lang='lat' dir='ltr'><strong>In</strong></span> <span class='ocrx_word' id='word_1_533' title='bbox 1014 5180 1178 5237; x_wconf 82' lang='lat' dir='ltr'><strong>Gesn.</strong></span> <span class='ocrx_word' id='word_1_534' title='bbox 1210 5179 1367 5238; x_wconf 64' lang='lat' dir='ltr'><strong>Stol‘.</strong></span> <span class='ocrx_word' id='word_1_535' title='bbox 1397 5178 1490 5235; x_wconf 83' lang='lat'><strong>87.</strong></span> 
     </span>
    </p>
   </div>
   <div class='ocr_carea' id='block_1_92' title="bbox 2463 4387 4036 4533">
    <p class='ocr_par' dir='ltr' id='par_1_92' title="bbox 2463 4387 4036 4533">
     <span class='ocr_line' id='line_1_92' title="bbox 2463 4387 4036 4533; baseline -0.001 -18"><span class='ocrx_word' id='word_1_536' title='bbox 2463 4387 2785 4531; x_wconf 52' lang='grc' dir='ltr'>σφὲᾟοιμ.</span> <span class='ocrx_word' id='word_1_537' title='bbox 2813 4460 2925 4516; x_wconf 77' lang='grc' dir='ltr'><strong>κδ’.</strong></span> <span class='ocrx_word' id='word_1_538' title='bbox 2951 4490 3001 4501; x_wconf 88' lang='grc'><strong><em>-</em></strong></span> <span class='ocrx_word' id='word_1_539' title='bbox 3052 4461 3145 4532; x_wconf 83' lang='grc' dir='ltr'><strong>Μὴ</strong></span> <span class='ocrx_word' id='word_1_540' title='bbox 3176 4460 3465 4532; x_wconf 73' lang='grc' dir='ltr'>ἀπατηθῇς</span> <span class='ocrx_word' id='word_1_541' title='bbox 3517 4462 3577 4514; x_wconf 80' lang='grc' dir='ltr'>ὲν</span> <span class='ocrx_word' id='word_1_542' title='bbox 3623 4460 3894 4533; x_wconf 74' lang='grc' dir='ltr'>χορτασεᾳ</span> <span class='ocrx_word' id='word_1_543' title='bbox 3919 4478 4036 4515; x_wconf 80' lang='grc' dir='ltr'>κοι-</span> 
     </span>
    </p>
   </div>
   <div class='ocr_carea' id='block_1_93' title="bbox 2391 4539 2726 4613">
    <p class='ocr_par' dir='ltr' id='par_1_93' title="bbox 2391 4539 2726 4613">
     <span class='ocr_line' id='line_1_93' title="bbox 2391 4539 2726 4613; baseline 0.009 -12"><span class='ocrx_word' id='word_1_544' title='bbox 2391 4539 2435 4594; x_wconf 78' lang='grc' dir='ltr'><strong>Ῑ)</strong></span> <span class='ocrx_word' id='word_1_545' title='bbox 2460 4548 2581 4613; x_wconf 85' lang='grc' dir='ltr'>λῖας</span> <span class='ocrx_word' id='word_1_546' title='bbox 2612 4565 2726 4605; x_wconf 77' lang='grc' dir='ltr'>σου.</span> 
     </span>
    </p>
   </div>
   <div class='ocr_carea' id='block_1_94' title="bbox 2528 4640 4033 4716">
    <p class='ocr_par' dir='ltr' id='par_1_94' title="bbox 2528 4640 4033 4716">
     <span class='ocr_line' id='line_1_94' title="bbox 2528 4640 4033 4716; baseline 0 -19"><span class='ocrx_word' id='word_1_547' title='bbox 2528 4646 2779 4712; x_wconf 78' lang='grc' dir='ltr'>Παροιμ.</span> <span class='ocrx_word' id='word_1_548' title='bbox 2816 4648 2918 4696; x_wconf 81' lang='grc' dir='ltr'>κε’.</span> <span class='ocrx_word' id='word_1_549' title='bbox 2951 4673 3018 4685; x_wconf 92' lang='lat'><strong>--</strong></span> <span class='ocrx_word' id='word_1_550' title='bbox 3045 4642 3183 4696; x_wconf 80' lang='grc' dir='ltr'>Μὲλι</span> <span class='ocrx_word' id='word_1_551' title='bbox 3220 4640 3501 4716; x_wconf 80' lang='grc' dir='ltr'>εὐρὼν,τδ</span> <span class='ocrx_word' id='word_1_552' title='bbox 3536 4644 3720 4696; x_wconf 76' lang='grc' dir='ltr'>ἱκανὸν</span> <span class='ocrx_word' id='word_1_553' title='bbox 3752 4643 3921 4713; x_wconf 78' lang='grc' dir='ltr'>φάγε,</span> <span class='ocrx_word' id='word_1_554' title='bbox 3957 4645 4033 4716; x_wconf 86' lang='grc' dir='ltr'>μή</span> 
     </span>
    </p>
   </div>
   <div class='ocr_carea' id='block_1_95' title="bbox 2462 4730 3197 4803">
    <p class='ocr_par' dir='ltr' id='par_1_95' title="bbox 2462 4730 3197 4803">
     <span class='ocr_line' id='line_1_95' title="bbox 2462 4730 3197 4803; baseline -0.004 -18"><span class='ocrx_word' id='word_1_555' title='bbox 2462 4748 2595 4785; x_wconf 75' lang='grc' dir='ltr'>ποτε</span> <span class='ocrx_word' id='word_1_556' title='bbox 2620 4730 2882 4801; x_wconf 75' lang='grc' dir='ltr'>πλησθεὶς</span> <span class='ocrx_word' id='word_1_557' title='bbox 2911 4731 3197 4803; x_wconf 78' lang='grc' dir='ltr'>ἑξεμέσῃς.</span> 
     </span>
    </p>
   </div>
   <div class='ocr_carea' id='block_1_96' title="bbox 2532 4821 4033 4893">
    <p class='ocr_par' dir='ltr' id='par_1_96' title="bbox 2532 4821 4033 4893">
     <span class='ocr_line' id='line_1_96' title="bbox 2532 4821 4033 4893; baseline -0.003 -15"><span class='ocrx_word' id='word_1_558' title='bbox 2532 4826 2657 4890; x_wconf 82' lang='grc' dir='ltr'>Σιρ.</span> <span class='ocrx_word' id='word_1_559' title='bbox 2682 4829 2762 4892; x_wconf 79' lang='grc' dir='ltr'>μ’.</span> <span class='ocrx_word' id='word_1_560' title='bbox 2791 4852 2856 4863; x_wconf 91' lang='grc'><strong><em>-</em></strong></span> <span class='ocrx_word' id='word_1_561' title='bbox 2887 4822 3049 4893; x_wconf 76' lang='grc' dir='ltr'>’Δνὴρ</span> <span class='ocrx_word' id='word_1_562' title='bbox 3063 4823 3275 4892; x_wconf 78' lang='grc' dir='ltr'>βλέπων</span> <span class='ocrx_word' id='word_1_563' title='bbox 3303 4822 3384 4887; x_wconf 73' lang='grc' dir='ltr'><strong>εἰς</strong></span> <span class='ocrx_word' id='word_1_564' title='bbox 3412 4821 3694 4893; x_wconf 72' lang='grc' dir='ltr'>τράπεζαν</span> <span class='ocrx_word' id='word_1_565' title='bbox 3717 4821 4033 4893; x_wconf 70' lang='grc' dir='ltr'>ἀλλοτρίαν,</span> 
     </span>
    </p>
   </div>
   <div class='ocr_carea' id='block_1_97' title="bbox 2461 4913 3663 4985">
    <p class='ocr_par' dir='ltr' id='par_1_97' title="bbox 2461 4913 3663 4985">
     <span class='ocr_line' id='line_1_97' title="bbox 2461 4913 3663 4985; baseline -0.001 -17"><span class='ocrx_word' id='word_1_566' title='bbox 2461 4914 2563 4969; x_wconf 80' lang='grc' dir='ltr'><strong>οὐκ</strong></span> <span class='ocrx_word' id='word_1_567' title='bbox 2584 4914 2730 4967; x_wconf 69' lang='grc' dir='ltr'>ἐστιν</span> <span class='ocrx_word' id='word_1_568' title='bbox 2757 4915 2784 4966; x_wconf 86' lang='grc' dir='ltr'>ὁ</span> <span class='ocrx_word' id='word_1_569' title='bbox 2812 4913 2925 4983; x_wconf 78' lang='grc' dir='ltr'>βίος</span> <span class='ocrx_word' id='word_1_570' title='bbox 2963 4914 3127 4967; x_wconf 81' lang='grc' dir='ltr'>αὐτοῦ</span> <span class='ocrx_word' id='word_1_571' title='bbox 3147 4916 3204 4967; x_wconf 82' lang='grc' dir='ltr'>ὲν</span> <span class='ocrx_word' id='word_1_572' title='bbox 3222 4913 3468 4985; x_wconf 80' lang='grc' dir='ltr'>λογισμῷ</span> <span class='ocrx_word' id='word_1_573' title='bbox 3498 4915 3663 4985; x_wconf 78' lang='grc' dir='ltr'>ζωῆς.</span> 
     </span>
    </p>
   </div>
   <div class='ocr_carea' id='block_1_98' title="bbox 2532 5002 4034 5078">
    <p class='ocr_par' dir='ltr' id='par_1_98' title="bbox 2532 5002 4034 5078">
     <span class='ocr_line' id='line_1_98' title="bbox 2532 5002 4034 5078; baseline -0.002 -18"><span class='ocrx_word' id='word_1_574' title='bbox 2532 5007 2881 5061; x_wconf 72' lang='grc' dir='ltr'>Βασιλείαν.</span> <span class='ocrx_word' id='word_1_575' title='bbox 2911 5036 2978 5049; x_wconf 70' lang='grc' dir='ltr'><strong>-ο</strong></span> <span class='ocrx_word' id='word_1_576' title='bbox 3000 5006 3215 5078; x_wconf 76' lang='grc' dir='ltr'>Γαστὴρ</span> <span class='ocrx_word' id='word_1_577' title='bbox 3240 5006 3611 5077; x_wconf 76' lang='grc' dir='ltr'>συναλλάκτης</span> <span class='ocrx_word' id='word_1_578' title='bbox 3630 5005 3783 5059; x_wconf 72' lang='grc' dir='ltr'>ἐστὶν</span> <span class='ocrx_word' id='word_1_579' title='bbox 3807 5002 4034 5059; x_wconf 77' lang='grc' dir='ltr'>ἀπιστό-</span> 
     </span>
    </p>
   </div>
   <div class='ocr_carea' id='block_1_99' title="bbox 2293 5300 2530 5359">
    <p class='ocr_par' dir='ltr' id='par_1_99' title="bbox 2293 5300 2530 5359">
     <span class='ocr_line' id='line_1_99' title="bbox 2293 5300 2530 5359; baseline 0.004 -1"><span class='ocrx_word' id='word_1_580' title='bbox 2293 5300 2530 5359; x_wconf 61' lang='lat' dir='ltr'><strong>NOTAE-</strong></span> 
     </span>
    </p>
   </div>
   <div class='ocr_carea' id='block_1_100' title="bbox 846 5389 2351 5463">
    <p class='ocr_par' dir='ltr' id='par_1_100' title="bbox 846 5389 2351 5463">
     <span class='ocr_line' id='line_1_100' title="bbox 846 5389 2351 5463; baseline 0 -18"><span class='ocrx_word' id='word_1_581' title='bbox 846 5394 923 5463; x_wconf 72' lang='grc' dir='ltr'><strong>(τι)</strong></span> <span class='ocrx_word' id='word_1_582' title='bbox 955 5392 1181 5459; x_wconf 81' lang='grc' dir='ltr'>Ἔρωτα</span> <span class='ocrx_word' id='word_1_583' title='bbox 1230 5391 1300 5463; x_wconf 72' lang='grc' dir='ltr'><strong>δὲ</strong></span> <span class='ocrx_word' id='word_1_584' title='bbox 1350 5390 1818 5463; x_wconf 14' lang='grc' dir='ltr'>αἰντὸίλέγουσι.</span> <span class='ocrx_word' id='word_1_585' title='bbox 1874 5389 2021 5463; x_wconf 85' lang='lat' dir='ltr'><strong>Istud</strong></span> <span class='ocrx_word' id='word_1_586' title='bbox 2048 5390 2116 5445; x_wconf 91' lang='lat' dir='ltr'><strong>de</strong></span> <span class='ocrx_word' id='word_1_587' title='bbox 2161 5406 2351 5463; x_wconf 84' lang='lat' dir='ltr'><strong>amore</strong></span> 
     </span>
    </p>
   </div>
   <div class='ocr_carea' id='block_1_101' title="bbox 2460 5391 4032 5467">
    <p class='ocr_par' dir='ltr' id='par_1_101' title="bbox 2460 5391 4032 5467">
     <span class='ocr_line' id='line_1_101' title="bbox 2460 5391 4032 5467; baseline 0.004 -22"><span class='ocrx_word' id='word_1_588' title='bbox 2460 5407 2583 5445; x_wconf 90' lang='lat' dir='ltr'><strong>eum</strong></span> <span class='ocrx_word' id='word_1_589' title='bbox 2609 5391 2699 5446; x_wconf 90' lang='lat' dir='ltr'><strong>ille</strong></span> <span class='ocrx_word' id='word_1_590' title='bbox 2726 5408 2931 5462; x_wconf 88' lang='lat' dir='ltr'><strong>pravus</strong></span> <span class='ocrx_word' id='word_1_591' title='bbox 2952 5402 3056 5457; x_wconf 88' lang='lat' dir='ltr'><strong>est,</strong></span> <span class='ocrx_word' id='word_1_592' title='bbox 3076 5402 3131 5467; x_wconf 81' lang='lat' dir='ltr'><strong>et</strong></span> <span class='ocrx_word' id='word_1_593' title='bbox 3151 5395 3330 5467; x_wconf 82' lang='lat' dir='ltr'><strong>qualis</strong></span> <span class='ocrx_word' id='word_1_594' title='bbox 3360 5397 3505 5467; x_wconf 77' lang='lat' dir='ltr'><strong>viget</strong></span> <span class='ocrx_word' id='word_1_595' title='bbox 3537 5397 3589 5450; x_wconf 92' lang='lat' dir='ltr'><strong>in</strong></span> <span class='ocrx_word' id='word_1_596' title='bbox 3609 5407 3807 5452; x_wconf 83' lang='lat' dir='ltr'><strong>natura</strong></span> <span class='ocrx_word' id='word_1_597' title='bbox 3832 5413 4032 5453; x_wconf 75' lang='lat' dir='ltr'><strong>corru-</strong></span> 
     </span>
    </p>
   </div>
   <div class='ocr_carea' id='block_1_102' title="bbox 774 5461 4027 5539">
    <p class='ocr_par' dir='ltr' id='par_1_102' title="bbox 774 5461 4027 5539">
     <span class='ocr_line' id='line_1_102' title="bbox 774 5461 4027 5539; baseline 0.002 -21"><span class='ocrx_word' id='word_1_598' title='bbox 774 5461 963 5539; x_wconf 74' lang='lat' dir='ltr'><strong>hacct</strong></span> <span class='ocrx_word' id='word_1_599' title='bbox 998 5462 1255 5539; x_wconf 79' lang='lat' dir='ltr'><strong>sequenti</strong></span> <span class='ocrx_word' id='word_1_600' title='bbox 1289 5462 1583 5539; x_wconf 75' lang='lat' dir='ltr'><strong>sententia,</strong></span> <span class='ocrx_word' id='word_1_601' title='bbox 1618 5463 1777 5539; x_wconf 73' lang='lat' dir='ltr'><strong>paulo</strong></span> <span class='ocrx_word' id='word_1_602' title='bbox 1810 5462 2080 5515; x_wconf 89' lang='lat' dir='ltr'><strong>remotius</strong></span> <span class='ocrx_word' id='word_1_603' title='bbox 2119 5478 2149 5516; x_wconf 92' lang='lat' dir='ltr'><strong>a</strong></span> <span class='ocrx_word' id='word_1_604' title='bbox 2183 5461 2348 5539; x_wconf 80' lang='lat' dir='ltr'><strong>titulo</strong></span> <span class='ocrx_word' id='word_1_605' title='bbox 2452 5474 2540 5539; x_wconf 56' lang='lat' dir='ltr'><strong>pta</strong></span> <span class='ocrx_word' id='word_1_606' title='bbox 2573 5478 2673 5539; x_wconf 82' lang='lat' dir='ltr'><strong>nec</strong></span> <span class='ocrx_word' id='word_1_607' title='bbox 2696 5461 2905 5539; x_wconf 66' lang='lat' dir='ltr'><strong>sanata.</strong></span> <span class='ocrx_word' id='word_1_608' title='bbox 2933 5461 3473 5539; x_wconf 56' lang='lat' dir='ltr'><strong>experiebantur-quc</strong></span> <span class='ocrx_word' id='word_1_609' title='bbox 3501 5470 3547 5539; x_wconf 75' lang='lat' dir='ltr'><strong>oi</strong></span> <span class='ocrx_word' id='word_1_610' title='bbox 3575 5469 3690 5539; x_wconf 75' lang='grc' dir='ltr'><strong>ἔξω</strong></span> <span class='ocrx_word' id='word_1_611' title='bbox 3708 5468 4027 5539; x_wconf 85' lang='lat' dir='ltr'><strong>philosophi</strong></span> 
     </span>
    </p>
   </div>
   <div class='ocr_carea' id='block_1_103' title="bbox 774 5531 2346 5603">
    <p class='ocr_par' dir='ltr' id='par_1_103' title="bbox 774 5531 2346 5603">
     <span class='ocr_line' id='line_1_103' title="bbox 774 5531 2346 5603; baseline -0.001 -18"><span class='ocrx_word' id='word_1_612' title='bbox 774 5534 1019 5594; x_wconf 72' lang='lat' dir='ltr'><strong>videtur.</strong></span> <span class='ocrx_word' id='word_1_613' title='bbox 1034 5531 1101 5587; x_wconf 87' lang='lat' dir='ltr'><strong>ac</strong></span> <span class='ocrx_word' id='word_1_614' title='bbox 1119 5532 1303 5603; x_wconf 88' lang='lat' dir='ltr'><strong>potius</strong></span> <span class='ocrx_word' id='word_1_615' title='bbox 1318 5533 1423 5585; x_wconf 90' lang='lat' dir='ltr'><strong>alio</strong></span> <span class='ocrx_word' id='word_1_616' title='bbox 1442 5541 1708 5601; x_wconf 80' lang='lat' dir='ltr'><strong>spectare.</strong></span> <span class='ocrx_word' id='word_1_617' title='bbox 1730 5531 1906 5603; x_wconf 3' lang='lat' dir='ltr'><strong>Forte,</strong></span> <span class='ocrx_word' id='word_1_618' title='bbox 1925 5541 2042 5585; x_wconf 85' lang='lat' dir='ltr'><strong>erat</strong></span> <span class='ocrx_word' id='word_1_619' title='bbox 2071 5547 2244 5603; x_wconf 79' lang='lat' dir='ltr'><strong>novus</strong></span> <span class='ocrx_word' id='word_1_620' title='bbox 2280 5532 2346 5584; x_wconf 85' lang='lat' dir='ltr'><strong>ti-</strong></span> 
     </span>
    </p>
   </div>
   <div class='ocr_carea' id='block_1_104' title="bbox 778 5602 2341 5671">
    <p class='ocr_par' dir='ltr' id='par_1_104' title="bbox 778 5602 2341 5671">
     <span class='ocr_line' id='line_1_104' title="bbox 778 5602 2341 5671; baseline 0 -16"><span class='ocrx_word' id='word_1_621' title='bbox 778 5605 925 5656; x_wconf 75' lang='lat' dir='ltr'><strong>tulus</strong></span> <span class='ocrx_word' id='word_1_622' title='bbox 955 5619 1017 5656; x_wconf 91' lang='lat' dir='ltr'><strong>ac</strong></span> <span class='ocrx_word' id='word_1_623' title='bbox 1037 5602 1239 5665; x_wconf 82' lang='lat' dir='ltr'><strong>sermo,</strong></span> <span class='ocrx_word' id='word_1_624' title='bbox 1262 5604 1420 5671; x_wconf 87' lang='lat' dir='ltr'><strong>cujus</strong></span> <span class='ocrx_word' id='word_1_625' title='bbox 1438 5602 1646 5671; x_wconf 85' lang='lat' dir='ltr'><strong>reliqua</strong></span> <span class='ocrx_word' id='word_1_626' title='bbox 1665 5602 1856 5656; x_wconf 74' lang='lat' dir='ltr'><strong>excide</strong></span> <span class='ocrx_word' id='word_1_627' title='bbox 1869 5602 2012 5655; x_wconf 88' lang='lat' dir='ltr'><strong>rint:</strong></span> <span class='ocrx_word' id='word_1_628' title='bbox 2045 5602 2149 5656; x_wconf 92' lang='lat' dir='ltr'><strong>nisi</strong></span> <span class='ocrx_word' id='word_1_629' title='bbox 2177 5602 2341 5655; x_wconf 77' lang='lat' dir='ltr'><strong>Maxi-</strong></span> 
     </span>
    </p>
   </div>
   <div class='ocr_carea' id='block_1_105' title="bbox 2446 5532 4025 5607">
    <p class='ocr_par' dir='ltr' id='par_1_105' title="bbox 2446 5532 4025 5607">
     <span class='ocr_line' id='line_1_105' title="bbox 2446 5532 4025 5607; baseline 0.005 -22"><span class='ocrx_word' id='word_1_630' title='bbox 2446 5532 2640 5607; x_wconf 55' lang='lat' dir='ltr'><strong>gﬁrmci</strong></span> <span class='ocrx_word' id='word_1_631' title='bbox 2660 5534 2870 5607; x_wconf 78' lang='lat' dir='ltr'><strong>scilicet</strong></span> <span class='ocrx_word' id='word_1_632' title='bbox 2892 5541 2950 5607; x_wconf 79' lang='lat' dir='ltr'><strong>et</strong></span> <span class='ocrx_word' id='word_1_633' title='bbox 2979 5532 3209 5607; x_wconf 75' lang='lat' dir='ltr'><strong>ethnici)</strong></span> <span class='ocrx_word' id='word_1_634' title='bbox 3265 5552 3293 5588; x_wconf 74' lang='grc' dir='ltr'><strong>τι</strong></span> <span class='ocrx_word' id='word_1_635' title='bbox 3324 5532 3526 5591; x_wconf 83' lang='lat' dir='ltr'><strong>Christi</strong></span> <span class='ocrx_word' id='word_1_636' title='bbox 3560 5532 3729 5607; x_wconf 78' lang='lat' dir='ltr'><strong>gratia</strong></span> <span class='ocrx_word' id='word_1_637' title='bbox 3755 5532 4025 5594; x_wconf 78' lang='lat' dir='ltr'><strong>extranei.</strong></span> 
     </span>
    </p>
   </div>
   <div class='ocr_carea' id='block_1_106' title="bbox 2444 5602 4025 5677">
    <p class='ocr_par' dir='ltr' id='par_1_106' title="bbox 2444 5602 4025 5677">
     <span class='ocr_line' id='line_1_106' title="bbox 2444 5602 4025 5677; baseline 0.006 -22"><span class='ocrx_word' id='word_1_638' title='bbox 2444 5602 2621 5677; x_wconf 79' lang='lat' dir='ltr'><strong>Etiam</strong></span> <span class='ocrx_word' id='word_1_639' title='bbox 2649 5619 2774 5657; x_wconf 88' lang='lat' dir='ltr'><strong>cum</strong></span> <span class='ocrx_word' id='word_1_640' title='bbox 2805 5603 2871 5677; x_wconf 80' lang='lat' dir='ltr'><strong>ad</strong></span> <span class='ocrx_word' id='word_1_641' title='bbox 2898 5602 3472 5677; x_wconf 25' lang='lat' dir='ltr'><strong>divinatra’nsfcrtur,</strong></span> <span class='ocrx_word' id='word_1_642' title='bbox 3526 5602 3678 5662; x_wconf 74' lang='lat' dir='ltr'><strong>vclut</strong></span> <span class='ocrx_word' id='word_1_643' title='bbox 3726 5610 4025 5677; x_wconf 85' lang='lat' dir='ltr'><strong>quamdam</strong></span> 
     </span>
    </p>
   </div>
   <div class='ocr_carea' id='block_1_107' title="bbox 775 5672 4025 5747">
    <p class='ocr_par' dir='ltr' id='par_1_107' title="bbox 775 5672 4025 5747">
     <span class='ocr_line' id='line_1_107' title="bbox 775 5672 4025 5747; baseline 0.002 -20"><span class='ocrx_word' id='word_1_644' title='bbox 775 5674 1201 5747; x_wconf 63' lang='lat' dir='ltr'><strong>nmssubtiliter</strong></span> <span class='ocrx_word' id='word_1_645' title='bbox 1228 5672 1530 5747; x_wconf 84' lang='lat' dir='ltr'><strong>adjecit,n_t</strong></span> <span class='ocrx_word' id='word_1_646' title='bbox 1563 5672 1897 5747; x_wconf 74' lang='lat' dir='ltr'><strong>signiﬁcaret</strong></span> <span class='ocrx_word' id='word_1_647' title='bbox 1940 5686 2061 5725; x_wconf 88' lang='lat' dir='ltr'><strong>esse</strong></span> <span class='ocrx_word' id='word_1_648' title='bbox 2092 5687 2335 5747; x_wconf 86' lang='lat' dir='ltr'><strong>amorem</strong></span> <span class='ocrx_word' id='word_1_649' title='bbox 2435 5674 2750 5747; x_wconf 73' lang='lat' dir='ltr'><strong>passionem</strong></span> <span class='ocrx_word' id='word_1_650' title='bbox 2795 5674 2847 5747; x_wconf 83' lang='lat' dir='ltr'><strong>vi</strong></span> <span class='ocrx_word' id='word_1_651' title='bbox 2894 5675 3137 5747; x_wconf 83' lang='lat' dir='ltr'><strong>nominis</strong></span> <span class='ocrx_word' id='word_1_652' title='bbox 3195 5676 3478 5744; x_wconf 87' lang='lat' dir='ltr'><strong>importat.</strong></span> <span class='ocrx_word' id='word_1_653' title='bbox 3515 5672 4025 5747; x_wconf 45' lang='lat' dir='ltr'><strong>ipsaque-divinius</strong></span> 
     </span>
    </p>
   </div>
   <div class='ocr_carea' id='block_1_108' title="bbox 774 5742 4023 5825">
    <p class='ocr_par' dir='ltr' id='par_1_108' title="bbox 774 5742 4023 5825">
     <span class='ocr_line' id='line_1_108' title="bbox 774 5742 4023 5825; baseline 0.003 -29"><span class='ocrx_word' id='word_1_654' title='bbox 774 5745 1067 5825; x_wconf 73' lang='lat' dir='ltr'><strong>allectuum</strong></span> <span class='ocrx_word' id='word_1_655' title='bbox 1126 5742 1373 5825; x_wconf 65' lang='lat' dir='ltr'><strong>omnium</strong></span> <span class='ocrx_word' id='word_1_656' title='bbox 1426 5742 1819 5812; x_wconf 83' lang='lat' dir='ltr'><strong>principcmac</strong></span> <span class='ocrx_word' id='word_1_657' title='bbox 1851 5743 2107 5825; x_wconf 29' lang='lat' dir='ltr'><strong>fontemn</strong></span> <span class='ocrx_word' id='word_1_658' title='bbox 2153 5743 2331 5825; x_wconf 80' lang='lat' dir='ltr'><strong>ipsum</strong></span> <span class='ocrx_word' id='word_1_659' title='bbox 2434 5743 2567 5825; x_wconf 65' lang='lat' dir='ltr'><strong>quid</strong></span> <span class='ocrx_word' id='word_1_660' title='bbox 2597 5752 2653 5823; x_wconf 72' lang='lat' dir='ltr'><strong>et</strong></span> <span class='ocrx_word' id='word_1_661' title='bbox 2709 5744 3184 5825; x_wconf 77' lang='lat' dir='ltr'><strong>majus__cltaritatc</strong></span> <span class='ocrx_word' id='word_1_662' title='bbox 3220 5742 3459 5825; x_wconf 73' lang='lat' dir='ltr'><strong>videtur,</strong></span> <span class='ocrx_word' id='word_1_663' title='bbox 3503 5742 3558 5804; x_wconf 74' lang='lat' dir='ltr'><strong>ut</strong></span> <span class='ocrx_word' id='word_1_664' title='bbox 3613 5742 3910 5820; x_wconf 80' lang='lat' dir='ltr'><strong>Dionysius</strong></span> <span class='ocrx_word' id='word_1_665' title='bbox 3944 5751 4023 5805; x_wconf 88' lang='lat' dir='ltr'><strong>De</strong></span> 
     </span>
    </p>
   </div>
   <div class='ocr_carea' id='block_1_109' title="bbox 774 5812 2326 5885">
    <p class='ocr_par' dir='ltr' id='par_1_109' title="bbox 774 5812 2326 5885">
     <span class='ocr_line' id='line_1_109' title="bbox 774 5812 2326 5885; baseline -0.001 -19"><span class='ocrx_word' id='word_1_666' title='bbox 774 5814 934 5883; x_wconf 78' lang='lat' dir='ltr'><strong>plane</strong></span> <span class='ocrx_word' id='word_1_667' title='bbox 955 5813 1485 5885; x_wconf 76' lang='lat' dir='ltr'><strong>insuperabilcm,cx</strong></span> <span class='ocrx_word' id='word_1_668' title='bbox 1515 5827 1625 5882; x_wconf 88' lang='lat' dir='ltr'><strong>quo</strong></span> <span class='ocrx_word' id='word_1_669' title='bbox 1641 5821 1925 5883; x_wconf 85' lang='lat' dir='ltr'><strong>peccatum</strong></span> <span class='ocrx_word' id='word_1_670' title='bbox 1950 5820 2008 5868; x_wconf 90' lang='lat' dir='ltr'><strong>et</strong></span> <span class='ocrx_word' id='word_1_671' title='bbox 2036 5812 2326 5885; x_wconf 84' lang='lat' dir='ltr'><strong>injustttia,</strong></span> 
     </span>
    </p>
   </div>
   <div class='ocr_carea' id='block_1_110' title="bbox 2458 5813 3309 5886">
    <p class='ocr_par' dir='ltr' id='par_1_110' title="bbox 2458 5813 3309 5886">
     <span class='ocr_line' id='line_1_110' title="bbox 2458 5813 3309 5886; baseline 0.004 -18"><span class='ocrx_word' id='word_1_672' title='bbox 2458 5813 2659 5868; x_wconf 87' lang='lat' dir='ltr'><strong>divinis</strong></span> <span class='ocrx_word' id='word_1_673' title='bbox 2698 5814 3013 5871; x_wconf 88' lang='lat' dir='ltr'><strong>nominibus</strong></span> <span class='ocrx_word' id='word_1_674' title='bbox 3038 5816 3309 5886; x_wconf 78' lang='lat' dir='ltr'><strong>exposuit.</strong></span> 
     </span>
    </p>
   </div>
  </div>
