4246 6438
268 371 376 436 873

1564 366 1728 426 LOCl
1766 365 2201 426 COMMUNM.

3398 371 3511 441 '8‘”

268 501 457 548 τατος,
518 485 743 554 ταμεῖον
789 482 1102 553 ἀφύλακτον
1129 494 1143 510 ⁸
1191 478 1404 534 πολλῶν
1442 479 1834 542 ἀποτεθέντων,
1870 488 1945 539 Αε

1870 488 1911 539 Α
1940 478 2123 537 cium;
2157 494 2299 546 penu
2325 487 2409 532 est
2442 477 2861 531 incustoditum.
2899 478 3100 548 lnjecta
3134 492 3337 531 meum
3370 482 3518 532 cibo—

266 576 372 646 τὴν
404 575 505 646 μὲν
536 574 742 646 βλάϐην
777 573 1252 645 παρακατέχουσα,
1281 572 1350 626 τὰ
1377 574 1435 626 δὲ
1460 570 1834 644 παραδοθέντα

266 668 336 719 οὐ
370 665 694 736 κατέχουσα.

341 758 515 828 Λίχνη
559 755 794 827 γαστὴρ,
826 758 860 828 ὴ
885 757 972 810 ἀεὶ
1002 754 1309 810 ἀπαιτοῦσα
1343 754 1439 809 καὶ
1454 753 1720 824 μηδέποτε
1740 755 1837 825 λή-

268 866 465 925 mea.
503 848 573 902 Ἦ
614 848 968 919 λαμϐάνουσα
994 849 1256 919 σήμερον,
1298 846 1395 900 καὶ
1421 844 1611 917 αὔριον
1637 845 1837 900 λανθαο

266 940 494 1010 νομένη.
525 940 694 992 Ὅταν
746 938 1036 1010 ἐμπλησθῇ
1067 979 1081 1003 ,
1133 938 1264 1009 περὶ
1314 937 1639 1009 ἐγκρατείας
1677 937 1832 1005 φιλο-

269 1031 428 1097 σοφεῖ
451 1044 464 1059 ⁸
522 1029 651 1084 ὅταν
701 1029 1055 1100 διαπνευσθῇ.
1117 1026 1533 1082 ἐπιλανθάνεται
1593 1025 1706 1080 τῶν
1747 1024 1838 1078 δο-

267 1122 518 1190 γμάτων.

336 1297 611 1369 Φοϐήθητι
646 1298 707 1352 τὺ
748 1297 1060 1369 ὑπόδειγμα
1104 1298 1199 1353 τοῦ
1251 1299 1528 1353 πλουσίου.
1603 1299 1841 1352 Ἐκεῖνον

268 1388 557 1456 παρέδωκε
576 1388 654 1459 τῷ
676 1389 811 1459 πυρὶ
828 1391 862 1458 ἡ
890 1388 977 1442 διὰ
998 1389 1115 1459 βίου
1138 1392 1341 1462 τρυφή.
1370 1390 1445 1443 Οὐ
1463 1390 1572 1461 γὰρ
1596 1389 1837 1453 ἀδικίαν,

263 1476 406 1530 ἀλλά
437 1478 499 1531 τὸ
536 1478 874 1550 ἁϐροδίαιτον
895 1479 1205 1550 ἐγκληθεὶς,
1228 1481 1657 1552 ἀπετηγανίζετο
1684 1482 1742 1534 ὲν
1772 1482 1838 1550 τῇ

268 1570 432 1639 φλογὶ
464 1573 563 1641 τῆς
593 1571 847 1642 καμίνου.

355 1663 451 1716 Ἐκ
478 1664 588 1732 γὰρ
635 1662 734 1733 τῆς
777 1663 1015 1735 παχείας
1048 1662 1253 1735 τροφῆς
1282 1662 1377 1716 καὶ
1409 1661 1578 1726 οῐνου,
1609 1658 1839 1713 αἰθαλώ-

1944 586 2065 623 l'llm
2099 571 2256 637 copia
2308 570 2485 621 labem
2527 568 2762 631 retinet;
2813 584 2934 637 quas
2984 570 3064 623 illi
3107 570 3320 623 credita
3368 584 3517 629 sunt.

1943 677 2048 713 non
2082 670 2284 712 servat.

2014 754 2216 806 Venter
2245 752 2500 820 liguritor
2537 760 2643 813 est,
2673 749 2768 819 qui
2798 762 3021 818 semper
3045 752 3280 819 expetit,
3317 760 3376 807 et
3402 755 3495 807 nul

1938 846 2053 898 lum
2094 858 2337 911 unquam
2369 843 2535 897 ﬁnem
2578 841 2727 896 facit.
2762 839 2868 907 Qui
2904 841 3076 895 sumit
3110 842 3294 907 hodie,
3340 859 3444 899 nec
3472 846 3504 897 it

1938 934 2240 990 crastinum
2275 934 2546 988 meminit.
2578 932 2715 987 Cum
2747 934 2991 1003 repletus
3021 932 3187 986 fuerit
3219 947 3283 986 ac
3313 934 3521 988 disten-

1941 1036 2049 1085 tus,
2080 1025 2149 1079 de
2171 1024 2530 1092 temperantia
2557 1032 2613 1076 et
2652 1022 2832 1076 victus
2870 1022 3141 1091 parcitate
3168 1021 3525 1090 philosopha-

1939 1126 2060 1180 tur;
2099 1117 2193 1170 ubi
2223 1130 2455 1184 vapores
2484 1114 2830 1177 discusserit,
2860 1129 3054 1169 eorum
3094 1128 3217 1183 quae
3256 1121 3525 1168 statuerat

1940 1208 2149 1262 oblivio
2177 1207 2349 1261 subit.
3178 1272 3181 1275 δ

2012 1291 2381 1347 Fortnidabile
2415 1292 2603 1347 divitis
2659 1292 2971 1361 exemplum
3038 1291 3189 1361 (Luc.
3230 1294 3362 1361 xvi).
3408 1293 3522 1362 lgni

1938 1386 2031 1441 ille
2063 1386 2302 1439 traditus
2331 1394 2417 1440 est
2467 1387 2539 1439 ob
2577 1386 2704 1440 vita:
2749 1385 2995 1439 delicias.
3039 1386 3203 1440 Nullo
3234 1389 3385 1440 enim
3437 1388 3523 1440 in-

1933 1480 2166 1550 justitize
2189 1487 2367 1543 reatu,
2404 1480 2500 1533 sed
2525 1480 2651 1533 vita:
2685 1479 2942 1533 lautioris
2972 1479 3378 1547 luxuriosaeque
3411 1481 3527 1547 pia-
3554 1474 3557 1477 ⁴

1939 1572 2066 1625 culo
2101 1571 2156 1624 itt
2184 1571 2386 1625 camini
2428 1571 2644 1625 ﬂamma
2675 1569 3049 1624 cruciabatur.

2012 1662 2091 1716 Ex
2118 1663 2391 1718 crassiore
2419 1662 2545 1717 cibo
2566 1662 2794 1730 vinique
2814 1669 2970 1730 potu,
2999 1660 3276 1729 fuliginosi
3304 1661 3525 1729 quidam

263 1756 379 1819 δεις
422 1757 567 1816 τινὲς
618 1754 1013 1825 ἀναθυμιάσεις
1060 1754 1540 1825 ἀναπεμπόμεναι,
1608 1751 1840 1819 νεφέλης
1874 1824 1897 1825 η

1874 1824 1897 1825 η
1942 1768 2178 1822 vapores
2219 1754 2444 1817 sublati,
2488 1754 2663 1807 instar
2717 1752 3012 1808 condensae
3048 1751 3235 1815 nubis,
3282 1752 3527 1821 Spiritus

261 1844 423 1914 δίκην
450 1842 685 1913 πυκνῆς,
709 1824 809 1908 τὰς
834 1844 943 1899 ἀπὺ
971 1844 1066 1897 τοῦ
1087 1844 1245 1913 ἁγίου
1293 1843 1612 1914 Πνεύματος
1640 1842 1841 1911 ὲλλάμ-
1872 1824 1914 1879 Β

1872 1824 1914 1879 Β
1943 1844 2117 1898 sancti
2143 1845 2544 1898 illustrationes
2566 1845 2620 1898 in
2653 1843 2897 1897 animam
2919 1844 3283 1912 intercipiunt
3306 1858 3369 1897 ac
3390 1859 3527 1911 prae-

260 1936 388 2003 ψεις
415 1936 509 1989 ἐπὶ
537 1936 630 1990 τὸν
656 1935 782 1992 νοῦν
804 1937 1179 1991 διακόπτουσι.
1201 1936 1295 1991 Διὸ
1320 1936 1416 1990 καὶ
1440 1934 1680 2001 Μωῦσῆς
1706 1931 1844 2003 πρὸς

264 2024 506 2095 θεωρίαν
555 2024 692 2078 Θεοῦ
749 2026 1060 2081 ἀναϐαίνων
1101 2027 1191 2082 διὰ
1232 2026 1328 2080 τοῦ
1358 2026 1474 2087 νοῦ.
1512 2028 1696 2089 ἄσιτος
1748 2026 1844 2078 καὶ

261 2116 465 2179 ἄποτος
520 2116 749 2188 ἡμερῶν
823 2118 1236 2188 τεσσαράκοντα
1303 2118 1637 2181 διετέλεσεν,
1712 2116 1843 2170 ἀθό-

262 2207 436 2261 λωτον
452 2206 725 2277 διαμένειν
741 2206 895 2279 αὐτῷ
916 2207 978 2262 τὸ
998 2206 1327 2279 ἡγεμονικὸν
1344 2206 1735 2277 διοικούμενος.

342 2393 522 2445 Θεολ.
556 2420 627 2431 -
658 2390 899 2453 Ἀὓπνός
926 2392 1043 2443 ἐστι
1080 2403 1175 2444 και
1227 2390 1524 2459 άκοιμητος
1571 2387 1705 2456 πρὸς
1745 2387 1843 2456 τὴν

261 2481 366 2537 τοῦ
399 2482 646 2546 πλείονος
676 2481 977 2551 ἐπιθυμίαν
999 2483 1033 2552 ή
1066 2480 1383 2556 ἀνθρωπίνη
1414 2479 1594 2549 φύσις.

334 2706 450 2770 Δὸς
480 2703 611 2759 εἶπε
640 2704 891 2774 γαστήρ.
918 2706 1033 2774 *Ηυξ
1059 2702 1336 2774 λαϐοῦσα
1364 2700 1713 2774 σωφρονεῖς,

334 2776 514 2829 Δώσω
534 2771 848 2843 πρυθύμωςῖ
865 2790 882 2806 ο
914 2775 993 2841 ἣν
1009 2773 1078 2826 δὲ
1102 2772 1226 2839 τοῖς
1239 2772 1396 2825 κάτω
1416 2771 1592 2836 δίδως

336 2840 606 2913 Κόπρονξ·
638 2840 847 2911 λάϐοι(-
867 2840 1002 2913 ptiar,
1024 2844 1164 2913 ἀλλ’
1187 2844 1343 2911 ὅμως
1355 2843 1442 2911 μὴ
1463 2840 1790 2913 πλουσίαν.

337 2919 407 2970 El
443 2915 495 2968 δ’
524 2911 642 2970 οὖν
663 2910 1010 2984 κατάσᾷεοις,
1040 2910 1325 2982 δώσωμεν
1353 2910 1450 2966 καὶ
1481 2910 1809 2964 πλουσίαν.

346 3048 617 3121 ’Λκρασία
631 3050 739 3121 γὰρ
768 3051 912 3120 ἐμοὶ,
938 3050 1047 3103 πᾶν
1075 3045 1137 3101 τὸ
1165 3046 1421 3119 περιττὸν
1449 3045 1547 3100 καὶ
1583 3045 1724 3114 ὑπὲρ
1744 3042 1842 3114 τὴν

1946 1935 2196 2003 pediunt.
2252 1935 2623 2002 Quamobrem
2664 1935 2832 1990 etiam
2872 1936 3103 2006 Moyses,
3154 1950 3280 1990 cum
3323 1936 3390 1989 ad
3430 1936 3525 1989 Dei

1944 2026 2466 2096 contemplationem
2518 2035 2703 2081 mente
2753 2027 3098 2091 ascenderet,
3135 2027 3255 2081 dies
3292 2027 3529 2096 quadra-

1945 2119 2093 2188 ginta
2124 2118 2334 2186 absque
2358 2116 2484 2171 cibo
2530 2127 2776 2187 potuque
2820 2116 3043 2187 jejunus
3080 2118 3214 2185 egit,
3261 2117 3367 2171 hoc
3400 2118 3527 2171 inde
3570 2102 3573 2109 ’

1944 2219 2221 2278 satagens,
2254 2218 2318 2264 ut
2348 2209 2435 2263 vis
2457 2210 2626 2264 animi
2656 2218 2824 2279 atque
2851 2209 3001 2264 acies
3040 2210 3175 2264 nihil
3201 2211 3279 2264 illi
3310 2210 3526 2265 turbata

1944 2308 2243 2353 constaret.

2016 2390 2549 2462 Theologi.—Nullo
2596 2391 2857 2460 torpescit
2900 2405 3116 2455 somno,
3159 2406 3223 2446 ac
3260 2402 3529 2461 perpetuo

1945 2484 2075 2555 vigil
2111 2492 2198 2539 est
2227 2485 2469 2539 humana
2497 2490 2717 2547 natura,
2746 2484 2939 2539 insana
2962 2484 3188 2555 majoris
3215 2484 3529 2553 compendii

1945 2576 2180 2645 plusque
2221 2575 2464 2631 habendi
2495 2574 2662 2631 fame.

1947 2709 2051 2781 pa,
2069 2712 2242 2777 inquit
2270 2717 2471 2781 venter.
2508 2708 2565 2764 Si
2597 2726 2717 2781 cum
2751 2709 3014 2781 acceperis
3046 2710 3310 2765 modestus
3341 2710 3525 2781 fueris,

1946 2779 2193 2850 Prompte
2235 2780 2391 2833 dabo.
2424 2778 2519 2833 Sin
2552 2778 2886 2847 inferioribus
2929 2781 3248 2833 transmittis

1945 2848 2190 2920 Stercus;
2222 2851 2447 2919 accipies
2484 2851 2717 2919 quidem,
2756 2850 2846 2902 sed
2892 2865 2997 2903 non
3029 2849 3275 2920 opulente
3292 2865 3312 2904 .'

1944 2919 2039 2973 Sin
2086 2921 2356 2985 retinebis,
2395 2920 2642 2989 opulente
2690 2920 2955 2974 dabimus.

2014 3052 2095 3108 Ad
2129 3069 2218 3108 me
2258 3053 2407 3123 quod
2441 3054 2658 3119 attinet,
2692 3054 3089 3111 incontinentia
3115 3066 3199 3111 est
3222 3072 3286 3111 ac
3310 3057 3526 3112 luxuria

259 3140 459 3212 γρείαν
506 3142 601 3194 καὶ
625 3140 831 3203 ταῦτα,
872 3140 1172 3193 τεινόντων
1200 3137 1377 3194 ἄλλων
1405 3136 1500 3189 καὶ
1545 3133 1839 3205 δεομένων,
1868 3168 1911 3226 C

1868 3168 1911 3226 α
1943 3146 2213 3215 quidquid
2258 3145 2601 3215 superﬂuum
2630 3160 2693 3201 ac
2736 3146 2878 3201 ultra
2907 3148 3111 3217 justam
3140 3148 3523 3201 necessitatem

256 3233 375 3286 τῶν
400 3234 468 3286 ὲκ
503 3231 600 3286 τοῦ
630 3231 800 3286 αὑτοῦ
837 3230 1012 3312 πτιλοῦ
1039 3231 1133 3284 καὶ
1160 3229 1467 3300 κράματος.

332 3411 505 3466 οὐδὲν
561 3411 707 3466 οὕτω
744 3412 1019 3483 ἐπίμαχόν
1056 3427 1116 3464 τε
1150 3409 1248 3464 καὶ
1298 3407 1626 3477 φιλόνεικον,
1676 3406 1754 3470 ὡς
1802 3409 1836 3477 ἡ

258 3506 502 3575 γαστήρ.

334 3601 603 3666 Χρυσοσ.
657 3626 727 3639 ——
767 3594 965 3665 Φαγὼν
994 3594 1090 3649 καὶ
1128 3594 1270 3647 πιὼν
1324 3592 1419 3646 καὶ
1477 3589 1838 3662 ἐμπλησθεὶς,

256 3691 503 3760 πρόσεχε
561 3688 798 3758 σεαυτῷ.
855 3687 1240 3759 Ἀπόκρημνος
1276 3686 1388 3756 γάρ
1431 3686 1581 3738 ἐστιν
1606 3686 1638 3738 ό
1675 3683 1841 3746 τόπος

254 3798 361 3850 της
403 3798 642 3851 τρυφης.

346 3872 460 3925 Ἰω.
482 3871 658 3939 Κλίμ.
683 3899 754 3911 --
782 3869 1119 3937 Θλιϐομένης
1151 3868 1357 3931 κοιλίας
1393 3867 1464 3938 (r)
1486 3867 1841 3921 ταπεινοῦται

258 3962 461 4032 καρδια
492 3980 509 3996 ο
539 3961 988 4031 θεραπευομένης
1013 3961 1092 4026 δὲ,
1140 3960 1348 4029 γαυριᾷ
1384 3958 1661 4028 λογισμός.

336 4138 538 4190 Νυσσ.
576 4164 645 4175 —
678 4134 849 4204 Ὄψον
902 4150 987 4187 σοι
1019 4132 1262 4202 γενέσθω
1289 4131 1465 4184 ἔνδεια
1490 4147 1503 4161 ·
1540 4129 1638 4183 καὶ
1673 4129 1733 4181 τὸ
1765 4128 1841 4199 μὴ

259 4227 583 4281 ἐπιϐάλλειν
642 4226 804 4298 κόρον
857 4224 936 4297 τῷ
967 4225 1141 4296 κόρῳ,
1203 4222 1340 4295 μηδὲ
1401 4220 1702 4292 ἀμϐλύνειν
1771 4223 1838 4290 τῇ

260 4320 551 4392 κραιπάλῃ
587 4319 681 4390 τὴν
708 4318 909 4390 ὄρεξιν.

348 4412 503 4476 Ῥίζα
537 4411 648 4463 τῶν
692 4411 821 4481 περὶ
858 4410 952 4463 τὸν
981 4409 1096 4480 βίον
1142 4406 1638 4479 πλημμελημάτων
1668 4405 1837 4470 ἐστὶν,

260 4506 297 4575 ἡ
326 4503 460 4571 περὶ
493 4503 584 4555 τὸν
615 4502 815 4571 λαιμὸν
846 4500 1092 4571 ἀσχολία.

332 4597 512 4666 Μέχρι
545 4594 645 4663 τῆς
683 4592 941 4664 ὑπερώας
971 4596 1004 4664 ὴ
1042 4591 1150 4647 τῶν
1204 4590 1532 4662 ἡδυσμάτων
1583 4594 1839 4666 αἴσθησις

256 4687 357 4740 τὸν
384 4686 511 4757 ὅρον
536 4685 683 4754 ἔχει’
736 4684 846 4737 ἀπὸ
892 4684 950 4737 δὲ
1004 4682 1286 4753 ὑπερώας,
1322 4682 1639 4754 ἀδιάκριτος
1670 4686 1704 4756 ἡ
1733 4686 1841 4738 τῶν

259 4776 693 4848 ἐμϐαλλομένων
716 4775 971 4846 διαφορὰ,
999 4774 1280 4845 δμοτίμως
1307 4773 1375 4827 τὰ
1403 4776 1580 4828 πάντα
1605 4775 1710 4845 τῆς
1738 4776 1838 4845 φύ-

261 4888 403 4933 σεως
434 4870 572 4940 πρὸς
595 4868 863 4922 δυσωδίαν
891 4867 1232 4934 ἀλλοιούσης.

333 4964 626 5028 Φίλωνος.
660 4990 731 5001 —
776 4959 1135 5032 Ἐγκρατείας
1171 4960 1271 5030 μὲν
1312 4958 1465 5021 ἴδιον,
1516 4961 1701 5029 ὑγίεια
1746 4963 1837 5016 καὶ

1942 3245 2026 3291 est
2055 3254 2069 3291 :
2094 3237 2258 3306 idque
2283 3252 2411 3292 cum
2436 3237 2529 3292 alii
2557 3237 2806 3292 esuriant
2827 3254 2891 3294 ac
2914 3246 3158 3309 egestate
3186 3249 3525 3309 premantur,

1941 3330 2103 3401 612
2139 3331 2232 3399 qui
2257 3344 2324 3384 ex
2353 3330 2547 3385 eodem
2581 3331 2700 3385 luto
2722 3346 3011 3401 massaque
3064 3333 3311 3388 concreti
3340 3346 3485 3389 sunt.

2012 3420 2160 3475 Nihil
2202 3430 2313 3475 tam
2348 3421 2758 3477 contentiosum
2787 3431 2845 3477 et
2882 3439 3118 3492 pronum
3159 3425 3226 3479 ad
3275 3426 3422 3495 lites,
3463 3443 3530 3484 ac

1943 3520 2159 3566 venter.

2016 3601 2437 3673 Chrys—Cum
2468 3602 2774 3658 comederis
2811 3612 2978 3673 atque
3008 3605 3217 3660 biberis
3246 3606 3525 3678 [uerisque

1944 3704 2243 3759 saturatus,
2274 3696 2499 3750 attende
2529 3696 2630 3750 tibi
2649 3704 2707 3750 et
2739 3706 2937 3751 cautus
2958 3708 3078 3753 esto
3106 3717 3119 3752 :
3154 3702 3357 3754 etenim
3387 3718 3523 3771 prae-

1942 3800 2073 3855 ceps
2103 3786 2428 3841 deliciarum
2458 3786 2637 3841 locus.

2013 3875 2255 3930 Climaci.
2278 3876 2516 3931 —Inter
2540 3878 2754 3933 ventris
2790 3880 3073 3949 angustias
3105 3881 3332 3951 ejusque
3364 3899 3521 3952 pres-

1944 3982 2093 4030 sura,
2124 3981 2222 4021 cor
2245 3967 2601 4035 humiliatur;
2633 3968 2784 4025 illius
2806 3985 2935 4026 vero
2961 3973 3246 4029 curatione
3273 3979 3525 4046 superbit

1942 4072 2177 4111 animus.

2012 4147 2565 4218 Nyssen.-—Obsonii
2600 4150 2720 4205 loco
2756 4152 2857 4206 tibi
2886 4153 2958 4208 sit
3004 4154 3228 4224 inopia;
3278 4165 3334 4209 et
3375 4160 3519 4228 quod

1944 4236 2249 4291 satietatem
2280 4238 2531 4293 satietate
2555 4254 2665 4295 non
2694 4241 2961 4306 cumules,
2990 4258 3093 4297 nec
3117 4246 3392 4314 appetitus
3422 4250 3521 4301 he-

1946 4328 2166 4383 betetur
2207 4345 2307 4399 per
2347 4331 2652 4400 crapulam.

2014 4420 2189 4474 Radix
2227 4436 2503 4486 errorum,
2541 4423 2636 4493 qui
2668 4422 2725 4478 in
2752 4424 2863 4479 vita
2901 4435 3214 4494 versantur,
3258 4438 3345 4483 est
3385 4431 3522 4501 gulm

1870 4498 1915 4552 1)
1943 4510 2208 4564 studium.

2017 4600 2510 4658 Condimcntorum
2548 4620 2744 4661 sensus
2764 4606 2832 4660 ad
2861 4608 3103 4676 palatum
3139 4626 3313 4680 usque
3340 4617 3523 4670 termi-

1940 4699 2106 4743 natur
2138 4709 2151 4744 ε
2185 4692 2448 4763 deinceps
2468 4709 2600 4749 vero
2622 4710 2817 4749 eorum
2842 4713 2965 4766 quas
2997 4698 3337 4769 injiciuntur,
3369 4707 3516 4760 nulla

1940 4782 2225 4848 discretio,
2266 4795 2464 4840 cuncta
2507 4802 2573 4840 ex
2603 4803 2761 4856 aequo
2802 4788 2855 4842 in
2892 4799 3080 4857 putres
3128 4791 3286 4848 faeces
3316 4794 3515 4849 immu-

1934 4880 2087 4928 tantc
2122 4884 2341 4928 natura.

2008 4964 2268 5022 Philonis.
2291 4999 2358 5007 —
2382 4968 2728 5039 Temperatze
2758 4970 2939 5027 victus
2962 4974 3181 5039 rationi,
3203 4990 3390 5031 comes
3425 4993 3514 5033 sa-

1813 5106 2019 5163 NO'UE

332 5199 411 5269 (r)
446 5196 1092 5269 91r6opérnqxod/ac.
1126 5196 1409 5269 Sententia
1446 5195 1679 5269 Climaci
1713 5197 1830 5269 ipsa

261 5266 714 5340 aperta,_ventri_s
747 5267 1114 5340 alllictatione
1157 5267 1408 5340 maloque
1450 5266 1830 5340 ipedichani-

263 5335 415 5393 nium
435 5337 504 5390 ad
522 5337 889 5391 humilitatem
908 5338 1052 5405 cogi,
1068 5336 1294 5405 ejusque
1310 5335 1828 5400 luxuriaetdeliciis,

263 5356 415 5393 munt
435 5355 504 5390 au
523 5355 889 5391 uummtatem
908 5355 974 5389 eo
1016 5355 1052 5399 ι,
1068 5355 1294 5405 ejusque
1313 5355 1828 5400 tuxunaetoeucus,

262 5410 329 5463 ad
379 5408 698 5476 superbiam
740 5407 913 5477 erigi;
947 5355 1110 5475 igque
1150 5405 1449 5477 Scriptura:
1481 5406 1690 5477 phrasi,
1724 5422 1830 5476 qua

262 5478 525 5550 jubetuur
549 5476 851 5550 _humi_liare
874 5477 1088 5550 animas
1112 5485 1329 5550 nostras
1356 5476 1411 5529 in
1437 5476 1668 5550 jejunio,
1695 5485 1830 5550 _etc.

262 5546 471 5603 absone
513 5547 669 5615 plane
694 5546 860 5600 Gesn.
884 5547 998 5601 sive
1025 5546 1204 5615 (cujus
1234 5546 1323 5599 ille
1356 5546 1665 5600 versionem
1693 5546 1832 5600 inta-

261 5626 409 5672 ctam
440 5615 634 5685 voluit)
660 5615 961 5681 Ribbitius,
998 5615 1229 5671 Onerato
1291 5625 1468 5669 ventre
1520 5616 1834 5685 deprimitur

260 5704 352 5740 cor
372 5703 391 5739 :
418 5687 465 5739 si
487 5698 663 5740 autem
690 5687 824 5739 ratio
848 5686 959 5755 ejus
1008 5686 1285 5747 habeatur,
1333 5685 1565 5739 exsultat
1590 5704 1652 5739 ac
1679 5688 1833 5755 gestit

262 5759 494 5813 animus.
526 5757 667 5826 Ergo
710 5756 986 5809 θλίϐεσθαι
1014 5766 1070 5811 et
1095 5756 1291 5824 θλίψις,
1334 5772 1555 5809 onerare
1582 5764 1638 5809 et
1663 5757 1836 5809 onus?

431 5852 699 5911 t’nnos.
732 5849 848 5909 Gn.
884 5849 1038 5910 XCI.

1938 5200 2131 5265 Quale,
2196 5204 2366 5271 rogo?
2405 5202 2945 5258 escarumne?lstud
3001 5219 3162 5272 quam
3220 5207 3425 5260 morale
3456 5218 3511 5259 et.

1940 5272 2166 5341 dignum
2216 5275 2483 5332 (iliniaco.
2539 5273 2903 5326 severissima:
2929 5274 3235 5342 disciplina:
3265 5276 3505 5334 homine.

1939 5357 2068 5395 cura
2090 5345 2309 5416 _ventris
2340 5345 2617 5416 exsultare
2659 5351 2717 5396 ct
2769 5343 2967 5416 gestire
3019 5345 3299 5416 animum;
3354 5349 3508 5416 quasi

1935 5426 2053 5485 eam
2089 5414 2180 5485 ille
2209 5429 2394 5467 curam
2422 5414 2668 5474 suadeat,
2696 5428 2759 5466 ac
2783 5414 2825 5466 si
2855 5414 2965 5466 fere
2986 5414 3232 5485 medicus
3260 5414 3512 5485 przescri-

1937 5482 2030 5554 bat
2062 5483 2309 5547 cmliaco,
2337 5499 2443 5537 non
2477 5500 2581 5551 qua
2610 5499 2811 5551 corpus
2842 5485 3004 5549 levet,
3028 5484 3122 5539 sed
3137 5501 3242 5554 qua
3261 5482 3508 5539 animum

1936 5553 2239 5627 ditl'undat_;
2267 5571 2373 5607 non
2416 5555 2587 5627 magis
2634 5554 2701 5607 ab
2744 5570 2816 5627 ea
2849 5564 3090 5627 revocet,
3141 5553 3297 5625 quasi
3355 5556 3505 5609 Pauli

1936 5624 2140 5748 ζει-υἱδὰ
2187 5624 2379 5747 Curiis
2403 5624 2583 5678 curam
2615 5641 2679 5677 ne
2726 5626 2967 5691 feceritis,
3011 5638 3069 5679 ut
3107 5627 3288 5679 animo
3318 5642 3506 5695 super-

1978 5710 2079 5748 tam
2148 5704 2382 5748 elr:ital..

1978 5693 2079 5748 iant
2109 5695 2382 5749 detrahat.

3040 5849 3115 5910 28
