4246 6438
794 390 901 454 875

1960 377 2015 433 S.
2061 373 2343 433 MAXlMl
2391 372 2897 432 CONFESSORIS

3937 375 4042 440 876

791 510 937 561 mtas
954 498 1271 567 viriumque
1296 492 1497 557 robur;
1529 488 1945 545 incontinentiae
1969 500 2102 543 vero
2127 501 2191 542 ac
2215 485 2375 541 luxu-
2401 487 2449 545 Α

2370 515 2375 526 ι
2401 487 2449 545 Α
2479 483 2636 553 ἰσχύς
2671 500 2686 513 ο
2729 484 3007 557 ἀκρασίας
3034 484 3114 551 δὲ,
3152 485 3411 543 ἀσθένεια
3435 487 3531 544 καὶ
3557 486 3713 551 νόσος
3752 487 4047 556 γειτνιῶσα

791 594 908 657 rite,
957 589 1251 645 inllrmitas
1278 600 1343 640 ac
1368 582 1640 654 aegritudo
1674 586 1790 653 ipsa
1836 593 2006 651 prepe
2054 576 2251 633 mortis
2285 576 2371 630 in-

794 681 1043 739 teritioni
1091 679 1322 731 haerens.

862 762 1487 825 Ptutarch.-Delici:e,
1521 759 1671 813 velut
1702 771 1771 811 ex
1794 756 2013 819 castris,
2044 770 2113 811 ex
2143 751 2373 809 indisci-

793 863 1127 932 plinatorum
1172 856 1378 917 animo,
1427 851 1635 921 optima
1670 861 1901 918 quaeque
1933 845 2210 901 auferunt.

862 1027 1563 1090 Democrit.—Sanitatem
1614 1041 1645 1080 a
1691 1025 1805 1079 Deo
1849 1030 2157 1092 exposcunt
2192 1018 2373 1073 homi-

2476 575 2712 645 θανάτῳ.

2547 754 2884 822 Πλουτὰρχ.
2928 782 3000 795 -
3075 754 3141 808 Ἢ
3204 756 3431 827 τρυφὴ,
3487 755 3747 827 καθάπερ
3820 772 4051 826 στρατο⁴

2476 843 2665 907 πέδου,
2694 842 2796 913 τῆς
2816 842 2931 898 τῶν
2962 843 3306 899 ἀπαιδεύτων
3351 844 3530 916 ψυχῆς
3557 845 3628 898 τά
3653 845 3854 916 ἄριστα
3876 848 4049 913 ἀφαι-

2479 949 2671 1002 ρειται.

2545 1027 2857 1095 Δημοκρίτ.
2883 1053 2957 1065 -
2992 1025 3212 1095 Ὑγείαν
3249 1027 3393 1097 ἔχειν
3419 1025 3571 1097 παρά
3599 1025 3733 1080 Θεοῦ
3772 1024 4052 1080 αἰτοῦνται

794 1141 929 1193 nes;
960 1138 1199 1194 cumque
1228 1122 1348 1191 ejus
1386 1119 1531 1186 apud
1562 1132 1619 1172 se
1648 1117 1910 1169 virtutem
1956 1112 2214 1173 habeant,
2265 1123 2375 1163 non

2476 1120 2525 1172 οἱ
2568 1118 2846 1188 ἂνθρωποι
2874 1130 2890 1148 ⁸
2917 1117 3017 1188 τὴν
3057 1117 3118 1172 δὲ
3157 1118 3361 1190 ταύτης
3399 1119 3630 1191 δύναμιν
3660 1119 3792 1188 παρ’
3831 1118 4054 1178 ἑαυτοῖς

794 1216 1137 1286 intelligunt.
1171 1214 1275 1267 Per
1301 1208 1759 1264 incontinentiam
1790 1205 1935 1260 enim
1959 1204 2194 1272 vitaeque
2215 1203 2376 1255 luxu-

2477 1215 2724 1283 ἔχοντες,
2771 1212 2874 1267 οὐκ
2944 1213 3142 1269 ἴσασιν.
3215 1212 3480 1285 ’Δκρασία
3534 1214 3648 1282 γὰρ
3701 1211 3769 1264 τὰ
3826 1210 4055 1263 ἐναντία

796 1310 934 1364 riam
965 1303 1243 1361 contraria
1272 1308 1620 1372 praestantes,
1654 1297 1758 1367 lpsi
1781 1294 2033 1350 sanitatis
2065 1293 2378 1363 proditores

2267 1304 2378 1346 ποθ
2480 1309 2843 1377 πράσσοντες,
2871 1307 3027 1360 αὐτοὶ
3046 1306 3302 1379 προδόται
3334 1307 3434 1376 τῆς
3459 1305 3649 1373 ὑγείας
3680 1306 3944 1373 γίνονται.

795 1401 1092 1457 exsistunt.

866 1486 1349 1556 Quemadmodum
1388 1484 1578 1539 unctio
1604 1496 1715 1533 non
1747 1496 1869 1549 quae
1902 1478 2107 1541 suavis,
2130 1488 2231 1532 aut
2258 1490 2378 1545 qua:

2553 1487 2762 1555 Ὥσπερ
2790 1486 3033 1556 ἄλειμμα
3050 1484 3113 1538 οὐ
3144 1484 3209 1537 τὸ
3234 1485 3333 1555 ἡδὺ
3363 1484 3549 1548 καλὸν,
3573 1483 3695 1538 οὐδὲ
3722 1484 3784 1537 τὸ
3813 1482 4053 1555 μακρὸν,

796 1582 1033 1651 prolixa,
1089 1579 1237 1633 bona
1285 1585 1390 1641 est,
1442 1574 1539 1630 sed
1584 1588 1706 1643 qua:
1746 1587 1940 1625 sanum
1994 1575 2247 1639 praestat;
2298 1566 2381 1623 sic

2379 1607 2381 1615 ι
2480 1579 2616 1635 ἀλλά
2655 1580 2716 1634 τδ
2758 1580 3027 1647 ὑγιεινόν
3078 1578 3222 1632 οὕτω
3272 1579 3366 1632 καὶ
3404 1578 3614 1649 τροφὴ,
3667 1577 3767 1647 οὐχ
3814 1579 3848 1647 ή
3898 1576 4056 1646 ἡδεῖα

797 1672 977 1735 cibus,
1016 1686 1129 1724 non
1165 1668 1259 1738 qui
1305 1666 1600 1721 deliciosus
1627 1672 1723 1716 aut
1753 1662 2032 1729 copiosus,
2063 1659 2243 1713 bonus
2272 1666 2377 1721 est,

798 1763 894 1816 sed
920 1761 1016 1829 qui
1060 1758 1126 1812 ad
1169 1754 1544 1810 valetudinem
1593 1750 1876 1805 conducit.

2481 1672 2644 1742 καλὴ,
2676 1671 2796 1724 οὐδὲ
2816 1672 2853 1740 ἡ
2874 1670 3064 1741 πολλὴ,
3092 1669 3208 1723 ἀλλ’
3233 1670 3268 1741 ἠ
3293 1670 3528 1740 ὑγιεινή.

870 1852 950 1905 Ne
984 1850 1096 1904 cito
1159 1846 1441 1915 nimiaque
1474 1841 1830 1898 festinatione
1885 1836 2198 1893 comederis
2232 1852 2246 1888 :
2296 1841 2383 1889 est
2412 1814 2455 1870 Β

2380 1872 2383 1883 ›
2412 1814 2455 1870 Β
2553 1843 2729 1911 Τάχος
2770 1841 2865 1894 καὶ
2901 1839 3107 1904 ἔπειξις
3148 1840 3372 1893 ἀπέστω
3402 1837 3495 1891 τοῦ
3544 1836 3745 1890 ἐσθίειν
3768 1852 3781 1867 ·
3814 1833 4057 1895 κυνῶδες

796 1941 947 1995 enim
995 1940 1101 1993 hoc
1144 1937 1427 2000 caninum,
1474 1948 1540 1988 ac
1574 1929 1867 2003 ejusmodi,
1894 1937 1955 1983 ut
1988 1926 2222 1983 bestiam
2262 1940 2380 1980 ma-

797 2035 881 2103 gis
916 2045 1081 2101 quam
1115 2028 1396 2082 hominem
1432 2024 1645 2079 deceat.

867 2121 1103 2179 Catonis.
1125 2149 1196 2161 --
1216 2119 1288 2184 Is,
1310 2131 1436 2172 cum
1461 2113 1785 2170 deliciarum
1805 2116 2060 2180 sumptus
2085 2106 2382 2177 reprehen—

2482 1935 2591 2005 γὰρ
2620 1932 2798 1997 τοῦτο,
2826 1931 2923 1986 καὶ
2950 1930 3127 2002 θηρίῳ
3156 1931 3356 2001 μᾶλλον
3384 1930 3418 2000 ἢ
3450 1927 3723 1999 ἀνθρώπῳ
3754 1927 3988 1997 πρέπον.

2552 2113 2847 2176 Κάτωνος.
2900 2139 2972 2151 -
2999 2102 3168 2173 Οὗτος
3217 2109 3318 2177 τῆς
3358 2106 3711 2170 πολυτελείας
3772 2101 4054 2158 καθαπτό-

794 2216 989 2269 deret:
1016 2214 1195 2279 Quam
1227 2208 1472 2273 difﬁcile,
1495 2205 1700 2270 aiebat,
1738 2212 1825 2259 est
1875 2201 1942 2256 ad
1969 2209 2241 2266 ventrem,
2283 2195 2381 2268 qui

2379 2242 2381 2248 ν
2486 2220 2668 2275 μενος.
2702 2197 2879 2266 εἷπεν,
2907 2200 2995 2265 Ὠς
3017 2199 3253 2271 χαλεπόν
3276 2198 3587 2268 ἐστιλέγειν
3619 2196 3756 2267 πρὸς
3782 2195 4056 2266 γαστέρα.

795 2306 1030 2363 auribus
1076 2309 1282 2364 careat,
1321 2298 1490 2352 verba
1542 2295 1751 2350 facercl

866 2394 1095 2451 Antistii.
1119 2422 1185 2431 —
1200 2388 1561 2444 Antisthenes
1576 2385 1983 2452 interrogatus:
2008 2379 2153 2448 Quid
2176 2379 2251 2435 sit
2272 2376 2381 2435 diei

799 2488 927 2543 festi
971 2480 1303 2539 celebritas?
1349 2477 1504 2533 Gulae
1547 2474 1789 2539 occasio,
1826 2473 2029 2542 inquit.

871 2578 1119 2650 Epicteti.
1139 2604 1208 2614 —
1228 2572 1372 2628 Cura
1408 2585 1479 2624 ne
1509 2576 1562 2623 te
1590 2566 1726 2632 cibi,
1765 2565 1858 2635 qui
1891 2565 1948 2618 in
1976 2572 2225 2618 ventrem
2258 2560 2385 2615 mit-

799 2682 1014 2733 tuntur,
1039 2665 1299 2739 pinguius
1328 2662 1499 2723 alant,
1531 2658 1624 2714 sed
1646 2672 1768 2727 qua:
1795 2656 1981 2710 animo
2003 2654 2150 2708 inest
2172 2652 2382 2706 laetitia.

798 2764 879 2818 llli
903 2763 1052 2817 enim
1088 2760 1143 2813 in
1164 2762 1517 2813 excrementa
1536 2757 1851 2814 vertuntur,
1882 2759 2103 2812 unaque
2128 2758 2253 2797 cum
2277 2741 2385 2797 illis

798 2859 919 2910 laus
945 2852 1170 2916 deﬂuit;
1196 2849 1419 2903 animus
1441 2854 1625 2900 autem
1652 2857 1682 2896 a
1717 2853 1950 2909 corpore
1971 2838 2273 2908 sejunctus,
2303 2832 2386 2888 in-

798 2952 1094 3013 corruptus
1122 2947 1395 3010 perpetuo
1429 2941 1642 2990 manet.

872 3034 928 3087 In
959 3029 1230 3086 conviviis
1271 3024 1557 3094 omnisque
1585 3018 1880 3084 obeundis,
1920 3025 2199 3073 memento
2244 3014 2384 3069 duos

2483 2289 2600 2352 ὦτα
2635 2295 2711 2365 μὴ
2745 2293 2993 2364 ἔχουσαν.

2564 2385 2887 2441 Ἆντισθέν.
2916 2413 2987 2425 -
3031 2381 3377 2451 Ἀντισθένης
3405 2380 3721 2453 ἐρωτηθεὶς,
3772 2376 3841 2431 Τί
3896 2378 4052 2432 ἐστιν

2482 2478 2665 2549 ἑορτὴ,
2695 2474 2840 2542 εἷπε,
2866 2475 3319 2548 Γαστριμαργίας
3346 2473 3593 2543 ἀφορμή.

2567 2575 2942 2641 Ἐπικτήτου.
2967 2602 3037 2614 -
3068 2570 3329 2643 Φρόντιζε
3373 2570 3523 2633 ὃπως
3554 2585 3613 2621 σε
3650 2567 3724 2638 μὴ
3769 2563 3840 2620 τὰ
3880 2564 3941 2619 ἐν
3984 2563 4056 2633 τῇ

2481 2667 2683 2738 γαστρὶ
2716 2665 2864 2718 σιτία
2887 2664 3114 2726 πιαίνει,
3146 2662 3262 2716 ἀλλ’
3288 2662 3323 2731 ἠ
3356 2662 3412 2713 ἐν
3453 2663 3522 2731 τῇ
3568 2659 3715 2730 ψυχῇ
3759 2654 4056 2727 εὐφρασία.

2499 2759 2651 2815 Ἐπεὶ
2699 2756 2770 2811 τά
2824 2756 2924 2826 μὲν
2981 2750 3514 2815 ἀποσκυσαλίζεται,
3568 2752 3664 2803 καὶ
3722 2744 3983 2817 συνεκρεῖ
4028 2744 4060 2797 ὁ

2484 2851 2705 2912 ἔπαινος
2726 2863 2740 2878 ο
2775 2848 2809 2917 ἡ
2829 2845 2888 2899 δέ
2914 2843 3062 2915 ψυχὴ
3089 2842 3442 2913 χωρισθεῐσα,
3463 2841 3759 2902 διαπαντὸς
3778 2838 4061 2908 ἀκήρατα

2531 2941 2661 2996 ἐνει.

2531 2958 2661 2996 ενει.

2488 2958 2528 3015 μ
2568 3034 2658 3086 Ἐν
2683 3032 2803 3094 ταῖς
2830 3025 3108 3084 ἑστιάσεσι
3125 3066 3140 3092 ,
3172 3026 3423 3098 μέμνησο
3448 3025 3531 3078 ὅτι
3555 3023 3650 3077 δύο
3665 3020 4023 3091 ὑποδέχονται
4044 3036 4058 3049 -

799 3140 921 3181 esse
946 3122 1043 3193 qui
1077 3119 1449 3189 excipiantur,
1473 3124 1589 3170 tum
1616 3113 1829 3169 scilicet
1866 3125 2089 3180 corpus,
2112 3117 2229 3164 tum
2261 3107 2380 3162 ani-
2409 3144 2453 3202 ϐ

2409 3144 2453 3202 ο
2484 3123 2547 3178 τό
2585 3139 2646 3176 τε
2698 3121 2857 3191 σῶμα
2888 3118 2984 3173 καὶ
3027 3118 3062 3188 ἡ
3099 3117 3248 3189 ψυχή
3273 3133 3288 3149 ο
3340 3109 3437 3170 vel
3465 3114 3497 3167 ὅ
3524 3121 3578 3166 τι
3603 3113 3673 3167 ἀν
3711 3110 3792 3181 τῷ
3844 3109 4059 3178 σώματι

801 3233 978 3282 mam;
1014 3230 1078 3269 ae
1110 3210 1382 3283 quidquid
1417 3206 1635 3278 corpori
1667 3203 1908 3267 dederis,
1941 3201 2125 3257 statim
2155 3209 2208 3253 te
2235 3198 2380 3252 eﬂu-

802 3308 948 3361 disse
987 3324 999 3359 :
1040 3305 1093 3359 in
1115 3311 1448 3373 perpetuum
1494 3311 1629 3353 vero
1654 3308 1903 3359 servare,
1950 3291 2100 3362 quod
2124 3289 2181 3345 in
2207 3288 2379 3343 animi

802 3408 1011 3469 partem
1051 3393 1304 3451 cesserit.

867 3488 1029 3560 613
1062 3486 1281 3556 Diogen.
1306 3513 1377 3524 —
1403 3481 1618 3550 Quibus
1640 3479 1698 3535 in
1742 3478 1957 3534 aedibus
2001 3476 2197 3546 ingens
2226 3472 2380 3528 cibo-

804 3597 924 3634 rum
960 3577 1117 3648 copia
1146 3584 1252 3642 est,
1274 3574 1485 3630 versari
1508 3581 1566 3628 et
1589 3570 1832 3626 murium
1889 3567 2196 3635 feliumque
2231 3563 2380 3618 mul-

804 3672 1131 3736 titudinem;
1164 3667 1260 3723 scd
1290 3674 1347 3721 et
1377 3679 1614 3735 corpora
1642 3660 1833 3717 multis
1862 3658 2005 3714 cibis
2028 3657 2250 3722 inferta,
2278 3669 2380 3725 pro

804 3781 996 3822 eorum
1062 3764 1278 3819 ratione
1332 3760 1539 3815 multos
1589 3757 1797 3829 pariter
1864 3754 2090 3810 morbos
2158 3758 2378 3805 contra-

807 3859 965 3913 bere.

878 3945 1086 4001 Crates.
1114 3973 1184 3983 —
1203 3941 1342 3999 Cum
1367 3938 1594 4010 Delphis
1616 3936 1864 4007 Phrynes
1910 3934 2085 3990 scorti
2139 3942 2380 3990 statuam

808 4051 1035 4092 auream
1062 4034 1312 4097 vidisset,
1341 4028 1673 4087 exclamavit
1701 4045 1716 4082 :
1748 4026 1865 4082 Hoc
1885 4040 2084 4095 nempe
2111 4036 2379 4095 tropaeum

808 4136 987 4186 exstat
1016 4126 1337 4181 Graecorum
1377 4118 1754 4191 impudicitia.

882 4217 1030 4272 Idem
1056 4216 1318 4286 juvenem
1348 4210 1677 4265 luctatorem
1721 4204 1936 4268 videns,
1969 4202 2100 4257 vino
2119 4212 2177 4259 et
2201 4204 2380 4258 carni-

811 4312 936 4373 bus,
966 4322 1028 4362 ac
1058 4320 1167 4375 qua
1196 4301 1511 4365 exercebat,
1543 4300 1705 4368 longe
1727 4294 2193 4364 eorpulcntiorcm
2218 4293 2338 4350 ﬁeri
2365 4312 2378 4347 :

809 4402 854 4459 0
885 4400 1077 4463 miser,
1101 4396 1305 4468 inquit,
1341 4393 1533 4449 desine
1587 4388 1859 4445 adversus
1889 4388 2125 4457 teipsum
2160 4387 2380 4444 ﬁrmum

811 4495 950 4550 adeo
979 4502 1195 4547 struere
1226 4500 1525 4543 carcerem.

1449 4598 1778 4668 Theognidis.

813 4699 982 4755 Multo
1015 4696 1193 4766 plures
1215 4694 1337 4765 jam
1359 4692 1601 4753 satietas,
1636 4683 2282 4766 quamfantesnperdidit.

816 4750 1088 4830 Virorum,
1120 4750 1249 4835 quo}
1273 4777 1438 4831 supra
1464 4750 1623 4831 quam
1649 4750 1762 4812 sors
1791 4750 1926 4825 ferat
1951 4750 2174 4835 habendi
2206 4750 2392 4835 cupido

2060 4820 2314 4892 [iaceant

887 4953 1155 5007 Socrates.
1184 4976 1255 4987 ——
1279 4944 1544 5000 Homines
1565 4941 1753 4994 vivere
1774 4945 1836 4990 ut
1862 4935 2052 4999 edant,
2078 4932 2295 4997 aiebat;
2332 4946 2393 4985 se

816 5057 999 5102 autem
1031 5041 1200 5098 edere
1230 5047 1293 5093 ut
1312 5036 1545 5091 viveret.

1349 5124 1582 5183 SEBMO
1630 5122 1865 5177 XXVIII.

962 5223 1038 5278 De
1072 5220 1313 5283 tristitia,
1345 5216 1614 5285 animique
1640 5211 1821 5265 dolore
1871 5227 1933 5264 ac
1983 5208 2247 5262 maestitia.

891 5313 1082 5369 Matth.
1114 5326 1169 5375 v,
1188 5309 1244 5364 5.
1283 5337 1353 5347 —
1380 5304 1532 5359 Beati
1583 5302 1677 5371 qui
1716 5301 1925 5371 lugent,
1976 5297 2236 5367 quoniam
2291 5296 2394 5365 ipsi

821 5403 1278 5461 consolabuntur.

893 5498 951 5555 11
968 5498 1090 5553 Cor.
1120 5510 1179 5560 ιι,
1204 5493 1259 5547 2.
1282 5523 1349 5531 ——
1376 5489 1512 5558 Quis
1537 5496 1620 5542 est
1644 5486 1737 5555 qui
1770 5502 1853 5540 me
1878 5482 2136 5547 ltetilicct,
2168 5480 2272 5535 nisi
2299 5479 2390 5549 qui

824 5590 1190 5646 contristatur
1226 5600 1292 5640 ex
1329 5583 1461 5637 me?

2485 3214 2610 3284 δῷς,
2640 3211 2804 3266 τοῦτο
2841 3209 2970 3265 εὐθὺ
3017 3208 3241 3279 ἐξέχεας
3268 3222 3283 3239 ’
3337 3208 3368 3262 ὃ
3398 3224 3451 3261 τι
3477 3204 3524 3258 δ’
3572 3204 3639 3259 ἂν
3665 3205 3733 3273 τῇ
3760 3201 3909 3272 ψυχῇ
3943 3199 4061 3252 δια-

2484 3303 2688 3366 παντὸς
2716 3318 2783 3371 τη
2791 3304 2924 3372 ρεῖς.

2557 3481 2854 3551 Διογένης.
2893 3509 2964 3520 -
3005 3477 3127 3531 Τῶν
3177 3475 3365 3531 οἰκιῶν
3419 3474 3549 3528 ἔνθα
3590 3471 3818 3543 πλείστη
3855 3469 4060 3541 τροφὴ,

2485 3575 2715 3637 πολλοὺς
2767 3572 2871 3641 μῦς
2911 3567 3054 3625 εἶναι
3110 3568 3205 3623 καὶ
3242 3567 3445 3637 γαλάς·
3512 3564 3606 3619 καὶ
3649 3562 3873 3633 σώματα
3900 3560 3963 3614 δέ
3988 3560 4060 3613 τὰ

2486 3666 2689 3737 πολλὴν
2708 3664 2914 3735 τροφὴν
2934 3662 3219 3734 δεχόμενα,
3238 3660 3333 3714 καὶ
3355 3659 3543 3721 νόσους
3567 3655 3688 3721 ίσας
3709 3652 4057 3724 ἐφέλκεσθαι.

2556 3929 2809 3999 Κράτης.
2848 3957 2919 3969 -
2965 3928 3185 3999 Κράτης
3232 3923 3359 3980 ίδὼν
3393 3925 3602 3997 χρυσῆν
3629 3920 3815 3977 εἰκόνα
3843 3918 4061 3993 Φρύνης

2485 4021 2584 4093 τῆς
2625 4022 2849 4090 ἑταίρας
2893 4021 2953 4071 ἐν
2996 4017 3219 4087 Δελφοῖς
3258 4016 3538 4082 ἑστῶσαν,
3579 4014 3925 4085 ἀνέκραγεν,
3977 4013 4062 4065 ὅτι

2487 4113 2660 4167 Τοῦτο
2687 4113 2787 4181 τῆς
2822 4108 3087 4180 Ἑλλήνων
3115 4108 3385 4179 ἀκρασίας
3411 4107 3671 4177 τρόπαιον
3696 4105 3953 4174 ἔστηκεν.

2571 4205 2629 4258 ’0
2658 4204 2819 4266 αὐτὸς
2846 4203 3126 4256 νεανίσκον
3161 4200 3282 4254 ίδὼν
3308 4198 3597 4267 ἀθλητικὸν
3625 4196 3751 4265 οἴνῳ
3780 4197 3875 4247 καὶ
3903 4210 4064 4265 κρεο-

2489 4294 2664 4365 φαγίᾳ
2698 4295 2794 4346 καὶ
2825 4294 3059 4361 ἀσκήσει
3095 4290 3276 4360 σάρκα
3307 4287 3507 4357 πολλὴν
3536 4284 3944 4356 ὑποτρέφοντα,
3980 4280 4061 4335 εἷ-

2490 4402 2611 4450 πεν,
2640 4386 2704 4438 Ὦ
2744 4385 2991 4454 δαιμόνιε
3010 4421 3026 4447 ,
3080 4380 3284 4435 παῦσαι
3319 4376 3441 4433 καθ’
3469 4375 3662 4431 ἐαυτοῦ
3692 4376 3863 4430 ποιῶν
3890 4375 3953 4429 τὸ
3974 4376 4063 4427 δε-

2420 4489 2463 4544 ι)
2493 4476 2683 4547 σμωτή
2692 4492 2804 4546 ριον
2838 4476 2958 4544 ίσχυ
2967 4473 3079 4544 ρόν.

3098 4582 3428 4651 Θεόγνιδος.

2600 4678 2814 4743 Πολλῷ
2842 4695 2932 4732 τοι
2960 4676 3224 4743 πλέονας
3253 4674 3434 4745 λιμοῦ
3460 4674 3637 4743 κόρος
3661 4671 3896 4745 ὤλεσεν
3913 4671 4032 4745 ἥξη

2605 4741 2880 4817 ’Δγ-δρας,
2913 4748 3048 4801 ὅσοι
3069 4741 3282 4815 μοίρης
3309 4741 3708 4811 πλεῖονἜχειν
3730 4741 4028 4797 water”.

2567 4924 2901 4995 Σωκράτης.
2948 4952 3019 4965 -—
3064 4917 3230 4986 Οὗτος
3267 4921 3393 4984 τοὺς
3420 4919 3520 4989 μὲν
3549 4914 3871 4988 ἀνθρώπους
3910 4912 4067 4982 ἔλεγε

2498 5020 2597 5092 ζῇν
2624 5020 2711 5071 ἵνα
2738 5015 3014 5071 ἐσθίωσιν
3050 5014 3163 5083 ἐγὼ
3185 5014 3242 5068 δέ
3271 5012 3436 5066 ἐσθίω
3468 5011 3554 5065 ἵνα
3581 5008 3679 5074 ζῶ.

3055 5104 3271 5159 ΛΟΓυΣ
3297 5104 3411 5157 KH'
3432 5102 3496 5155 ⁵⁸.

2890 5198 3030 5268 Περὶ
3049 5198 3253 5265 λύπης
3281 5195 3379 5249 καί
3401 5192 3674 5263 ἀθυμίας.

2567 5296 2750 5349 Ματθ.
2773 5290 2840 5349 ε’.
2860 5316 2931 5332 -
2955 5289 3235 5359 Μακάριοι
3279 5288 3329 5341 οί
3374 5282 3699 5345 πενθοῦντες
3721 5323 3737 5347 ,
3789 5280 3872 5333 ὅτι
3912 5278 4070 5331 αὖτοὶ

2499 5385 3038 5457 παρακληθήσονται.

2572 5481 2637 5531 6'.
2665 5480 2803 5543 Kop.
2827 5476 2893 5529 ϐ’.
2920 5505 2989 5518 -
3026 5471 3123 5533 Τίς
3162 5470 3309 5523 ἐστιν
3354 5469 3383 5521 ὁ
3424 5464 3732 5535 εὐφραίνων
3763 5480 3830 5534 με
3853 5502 3866 5526 ,
3907 5464 3955 5513 εί
3995 5458 4067 5527 μὴ

2498 5574 2526 5625 ὁ
2556 5566 2889 5638 λυπούμενος
2919 5564 2976 5631 ἐξ
3003 5561 3166 5634 ἐμοῦς

2137 5686 2366 5741 VARle
2416 5682 2815 5741 LECTIONES.

896 5800 942 5831 “
973 5797 1033 5853 Β.
1074 5794 1346 5849 ἐθέλουσιν
1377 5791 1539 5853 ἔχειν.

1648 5788 1690 5817 ⁵⁵
1728 5786 1816 5839 Est
1855 5784 1904 5835 in
1937 5784 2097 5833 (lem.
2138 5781 2285 5831 Stult.
2324 5780 2442 5830 :Z'nU.
