4246 6438
273 400 379 464 επ
1570 392 1740 452 LOCI
1778 391 2213 452 COMMUNEs.
3390 408 3514 472 «873

340 504 853 575 Σολομ.-”Ωσπερ
880 504 980 575 σὴς
1006 500 1292 574 ίματίῳβ)
1323 500 1416 553 καὶ
1439 498 1655 568 σκώληξ
1679 499 1842 569 ξύλῳ,
1874 506 1920 560 Α

1839 506 1920 560 ,Α
2017 500 2175 553 Prov.
2215 515 2337 566 xxv,
2400 497 2490 553 20.
2548 528 2618 538 --
2662 498 2816 554 Sicut
2881 500 3027 557 tinea
3079 502 3406 560 vestimento
3460 520 3516 564 et

268 597 420 652 οὕτω
448 597 594 666 λύπη
624 595 821 667 ἀνδρὸς
849 595 1081 664 βλάπτει
1105 594 1355 664 καρδίαν.

341 689 528 758 Σιρὰχ
547 686 885 754 λη’.-’Δπὺ
906 685 1085 757 λύπης
1108 685 1352 738 ἐκϐαίνει
1373 683 1620 747 θάνατος·
1646 683 1741 737 καὶ
1761 682 1852 736 λύ-

268 799 349 852 πη
380 779 606 850 καρδίας
636 778 844 848 κάμψει
873 778 1045 848 ἰσχύν.

1949 784 2007 829 οι
2037 775 2260 829 tristitia
2278 774 2462 828 cordis
2492 774 2602 829 vim
2633 774 2835 829 ﬂectet.

341 871 685 924 Βασίλειον.
708 900 780 911 -
802 870 1017 939 Ὠσπερ
1047 868 1098 921 oi
1128 865 1408 937 σκώληκες
1431 867 1547 929 τοῖς
1567 865 1852 920 ἁπαλωτέ-

1842 894 1852 904 -
2019 865 2228 919 Basilii.
2258 894 2327 904 ——
2366 864 2837 929 Quemadmodum
2882 866 3161 923 teredines
3224 871 3519 927 teneriori-

274 980 393 1033 ροις
421 964 532 1016 τῶν
563 962 735 1026 ξύλων
758 961 1098 1015 ἐντίκτονται
1125 959 1382 1029 μάλιστα,
1411 957 1584 1023 οὕτως
1610 960 1666 1010 αἱ
1687 956 1853 1010 λύπαι
1949 956 1951 961 “

1843 974 1853 1009 ι
1949 955 2057 1009 bus
2111 954 2274 1024 lignis
2329 954 2565 1008 maxime
2621 955 3017 1024 innascuntur;
3078 959 3159 1013 sic
3182 960 3408 1016 tristitia
3454 978 3520 1019 ac

269 1056 389 1117 τοῖς
420 1052 832 1123 μαλακωτέροις
864 1051 1021 1122 ἤθεσι
1053 1050 1163 1103 τῶν
1193 1049 1499 1120 ἀνθρώπων
1526 1048 1849 1119 ιμφύονται.

358 1145 418 1198 '0
445 1144 623 1213 λέγων
653 1144 728 1214 μὴ
756 1142 990 1212 πρέπειν
1020 1140 1097 1211 τῷ
1122 1140 1317 1211 δικαίῳ
1344 1140 1446 1211 τὴν
1474 1140 1675 1208 θλίψιν,
1704 1139 1853 1191 οὐδὲν

272 1236 464 1307 ἕτερον
493 1235 662 1303 λέγει,
692 1235 726 1305 ἢ
763 1232 839 1305 μὴ
862 1231 1127 1304 ἁρμόζειν
1156 1230 1233 1301 τῷ
1254 1231 1462 1302 ἀθλητῇ
1488 1230 1581 1285 τὸν
1606 1232 1854 1295 άνταγω·

270 1324 487 1393 νιστήν.

346 1413 665 1483 Θεολότου.
712 1441 777 1453 -
813 1411 975 1483 Φέρει
1006 1409 1366 1482 παραμυθίαν
1401 1408 1707 1480 ὁδυνομένῳ
1736 1427 1853 1463 κοι-

268 1503 444 1558 νωνία
474 1503 583 1556 τῶν
615 1500 958 1571 στεναγμῶν.

347 1593 510 1647 Ἐστι
540 1593 671 1646 ποτὲ
701 1575 900 1664 ἡδονῆς
928 1591 1073 1663 λύπη
1105 1593 1434 1663 τιμιωτέρα,
1462 1592 1558 1645 καὶ
1582 1594 1854 1663 κατήφεια

270 1681 667 1752 πανηγύρεωςο
720 1680 1087 1749 καὶνγέλωτος
1120 1681 1181 1735 οὐ
1209 1677 1398 1750 καλοῦ,
1428 1680 1663 1753 δάκρυον
1692 1684 1852 1736 ὲπαι-

264 1773 445 1827 νετύν.

1951 591 2343 660 vermisligno,
2373 590 2453 644 sic
2480 590 2705 645 tristitia
2736 590 2841 644 viri
2866 600 3029 648 nocet
3057 592 3211 648 cordi

2021 683 2184 737 Eccli.
2216 698 2433 746 xxxvm,
2464 681 2552 735 l9.
2585 711 2655 720 —
2684 681 2765 735 Ex
2795 682 3017 738 tristitia
3050 686 3307 753 provenit
3330 701 3515 755 mors;

1950 1044 2107 1098 dolor
2137 1043 2484 1098 mollioribus
2515 1044 2801 1098 hominum
2831 1046 3035 1101 animis
3057 1063 3124 1102 ac
3156 1049 3412 1119 ingeniis.

2019 1134 2123 1200 Qui
2152 1144 2314 1203 negat
2342 1134 2541 1189 decere
2559 1135 2795 1205 justum,
2813 1137 2962 1204 quod
2996 1138 3185 1209 allligit
3203 1156 3267 1195 ac
3287 1143 3520 1209 cruciat,

1950 1226 2090 1280 nihil
2143 1226 2294 1279 aliud
2358 1227 2515 1291 dicit,
2567 1240 2734 1296 quam
2783 1226 2829 1281 si
2888 1227 3107 1288 athleta:
3143 1231 3521 1288 adversarium

1952 1317 2144 1372 deesse
2178 1318 2517 1373 conveniens
2559 1326 2786 1373 statuat.

2023 1408 2284 1478 Thcologi.
2311 1438 2379 1450 —
2407 1408 2737 1463 Communio
2754 1416 2811 1464 et
2847 1410 3087 1466 societas
3116 1412 3322 1477 luctus,
3344 1413 3396 1468 ei
3426 1428 3518 1469 so-

1952 1501 2085 1554 latio
2112 1509 2220 1563 est,
2250 1500 2347 1569 qui
2384 1500 2438 1554 in
2464 1500 2658 1555 dolore
2683 1501 2817 1571 agit.

2023 1592 2268 1647 Tristitia
2289 1592 2618 1661 quandoque
2663 1592 2945 1661 voluptate
2992 1592 3358 1660 praestabilior
3412 1605 3517 1659 est.

1952 1682 2257 1752 festivaque
2284 1681 2631 1752 iucunditate
2663 1682 2929 1738 mmstitia
2964 1699 2977 1736 :
3008 1683 3303 1739 inhonesto
3359 1686 3522 1741 deni-

1953 1788 2060 1841 que
2091 1773 2205 1825 risu
2232 1772 2495 1826 meliores
2522 1772 2829 1827 laudabiles
2854 1772 3130 1843 lacrymze.

343 1865 505 1932 Μέγα
519 1862 629 1935 γὰρ
650 1862 709 1916 τδ
730 1862 880 1935 παρὰ
903 1862 1309 1931 συναλγούντων
1329 1864 1640 1936 φάρμακον.
1663 1866 1726 1919 ΟΞ
1744 1864 1852 1936 γάρ
1884 1878 1926 1935 Β

1843 1883 1852 1915 l
1884 1878 1926 1935 Β
2021 1862 2273 1932 Magnum
2296 1863 2507 1917 scilicet
2537 1862 2607 1916 ab
2623 1865 2704 1916 eis
2738 1862 3066 1928 remedium,
3089 1863 3184 1932 qui
3215 1863 3336 1932 pari
3370 1872 3520 1919 sorte

264 1954 336 2007 τὸ
364 1948 484 2008 ἴσον
525 1953 621 2008 τοῦ
656 1955 861 2018 πάθους
886 1954 1139 2025 ἔχοντες,
1185 1954 1348 2011 πλέον
1377 1958 1517 2011 εἰσὶν
1559 1959 1642 2022 εἰς
1671 1974 1852 2028 παρα-

1843 1985 1852 1997 ·
1950 1954 2158 2010 dolent.
2189 1954 2294 2020 Qui
2320 1954 2467 2008 enim
2492 1954 2777 2024 aequaliter
2823 1954 3097 2019 laborant,
3132 1956 3258 2024 plus
3308 1955 3520 2025 aliquid

268 2048 475 2116 μυθίαν
504 2049 616 2111 τοῖς
641 2047 967 2118 πάσχουσιν.

1950 2043 2332 2098 laborantibus
2350 2044 2530 2098 solatii
2558 2043 2757 2098 aﬂ‘erre
2777 2053 3027 2113 possunt.

343 2141 643 2207 Χρυσόστ.
660 2140 950 2212 -Καιρδς
977 2139 1234 2212 ἀθυμίας,
1267 2142 1367 2213 οὐχ
1392 2142 1522 2198 ὃταν
1550 2144 1849 2213 πάσχωμεν

1844 2162 1849 2188 l
2021 2134 2209 2205 Chrys.
2261 2166 2330 2174 —
2358 2135 2516 2189 Tunc
2562 2135 2824 2189 nimirum
2878 2136 3199 2206 indulgendi
3245 2136 3521 2193 mmstitia:

268 2230 484 2295 κακῶς,
514 2231 628 2284 ἀλλ’
645 2232 775 2286 ὅταν
798 2231 1016 2302 δρῶμεν
1042 2231 1253 2297 κακῶς.

1953 2234 2169 2295 tempus
2181 2235 2285 2293 est,
2312 2240 2425 2280 non
2458 2240 2586 2280 cum
2603 2226 2759 2280 malis
2782 2226 3073 2293 allicimur,
3099 2227 3195 2282 sed
3220 2242 3346 2281 cum
3377 2228 3520 2283 mala

1950 2324 2254 2393 patramus.

342 2407 683 2476 Πλουτάρχ.
737 2436 809 2450 —
856 2408 1009 2463 Ὀδὸν
1057 2411 1160 2482 μὲν
1219 2411 1323 2483 τὴν
1367 2410 1650 2482 λειοτάτην
1697 2412 1852 2465 ἐκλέ-

2021 2408 2317 2462 Plutarchi.
2342 2437 2413 2448 -
2454 2408 2554 2462 Via
2590 2407 2816 2477 quidem
2854 2407 3107 2476 eligenda
3165 2407 3519 2476 planissima;

266 2497 489 2567 γεσθαι’
529 2498 642 2569 βίον
667 2498 749 2563 δὲ,
780 2498 874 2554 τὸν
903 2501 1261 2557 atoma-nov.

1952 2498 2063 2552 vita
2089 2497 2254 2568 614
2270 2512 2425 2563 vero,
2452 2512 2484 2552 a
2507 2497 2700 2551 dolore
2723 2511 2788 2551 ac
2816 2496 3091 2551 maestitia:
3147 2512 3314 2553 sensu
3342 2513 3525 2553 remo-

1954 2588 2068 2643 tissi
2077 2605 2183 2643 ma.

2024 2677 2261 2734 Thoraci
2301 2679 2560 2742 tunicam,
2599 2678 2769 2731 menti
2816 2677 3099 2732 tristitiam
3154 2677 3524 2748 superindua-

1954 2784 2077 2824 mus
2107 2785 2290 2839 opera:
2318 2770 2557 2840 pretium
2597 2779 2703 2824 est.

2024 2861 2230 2915 Socrat.
2262 2891 2335 2901 —
2356 2863 2596 2931 Rogatus
2628 2860 2885 2915 Socrates
2911 2878 2925 2914 :
2956 2859 3098 2927 Quid
3149 2859 3314 2916 bonis
3347 2860 3523 2915 mole-

351 2677 738 2735 Ἐπενδύεσθαι
762 2677 872 2745 δεῖ,
920 2677 999 2748 τῷ
1028 2678 1129 2749 μὲν
1155 2678 1384 2750 θώρακι,
1411 2678 1641 2749 χιτῶνα·
1696 2681 1761 2749 τῇ
1796 2679 1854 2732 δὲ

268 2769 448 2842 λύπῃ,
477 2770 625 2824 νοῦν.

341 2862 682 2931 Σωκράτης.
704 2862 1142 2933 -Ἑρωτηθεὶς,
1169 2862 1238 2916 Τί
1259 2861 1422 2917 λύπει
1442 2863 1570 2927 τοὺς
1587 2861 1850 2930 ἀγαθοὺς,

260 2950 444 3019 εἶπεν,
482 2953 715 3024 Εὑτυχία
745 2953 1017 3025 πονηρῶν.

1954 2960 2101 3005 stum
2135 2952 2243 3007 sit:
2274 2952 2563 3016 Malorum,
2596 2952 2796 3020 inquit,
2829 2951 3186 3020 prosperitas.

352 3045 414 3098 '0
442 3044 606 3107 αὐτὸς
645 3044 944 3117 ἐρωτηθεὶς
964 3084 981 3110 ,
1030 3044 1156 3108 Πῶς
1185 3044 1251 3099 ἄν
1286 3060 1373 3108 τις
1396 3043 1620 3107 ἀλύπως
1649 3044 1850 3112 διάγει,
2022 3044 2029 3097 1

1841 3084 1850 3106 ,
2022 3042 2171 3098 Idem
2198 3052 2442 3113 rogatus,
2475 3058 2582 3111 qua
2606 3042 2732 3111 quis
2751 3043 2964 3095 ratione
2987 3058 3019 3096 a
3050 3040 3270 3095 tristitia
3315 3040 3518 3095 immu-

263 3133 444 3188 Τοῦτο
471 3134 754 3203 ἀδύνατον,
787 3132 942 3189 εἶπεν
966 3150 982 3167 °
1037 3135 1099 3187 οὐ
1133 3134 1245 3205 γάρ
1276 3135 1394 3188 ἐστι
1427 3135 1582 3187 πόλιν
1608 3134 1643 3205 ἢ
1672 3136 1852 3187 οἰκίαν

1842 3152 1852 3182 ο
1955 3133 2043 3188 nis
2070 3143 2219 3204 agat:
2246 3135 2375 3197 Res,
2408 3134 2608 3201 inquit,
2630 3144 2716 3188 cst
2747 3133 3127 3202 impossibilis.
3157 3132 3346 3201 Neque
3369 3133 3519 3187 enim

259 3224 523 3279 οἰκοῦντα
555 3226 650 3278 καὶ
680 3223 1004 3297 ἀνθρώπους
1031 3222 1322 3295 ὁμιλοῦντα
1358 3224 1436 3297 μὴ
1461 3223 1767 3278 λυπεῖσθαι.
1867 3210 1907 3265 C

1867 3210 1907 3265 C
1942 3224 2059 3277 ﬁeri
2109 3232 2290 3293 potest
2324 3232 2385 3277 ut
2434 3223 2560 3292 quis
2602 3224 2659 3276 in
2710 3223 2870 3287 urbe,
2923 3233 3021 3278 aut
3051 3225 3201 3278 domi
3231 3232 3510 3289 versetur,

1948 3308 2344 3384 hominumque
2377 3313 2782 3369 consuetudine
2841 3323 3050 3381 utatur,
3111 3324 3168 3370 et
3218 3331 3247 3371 a
3294 3316 3519 3372 tristitia

1950 3406 2212 3460 immunis
2238 3408 2471 3460 exsistat
2493 3422 2672 3475 neque
2701 3406 2906 3461 doleat.

336 3488 589 3543 Λευκίπ.
611 3518 682 3530 -
707 3487 878 3542 Τοῦτο
901 3488 1010 3562 γάρ
1032 3489 1167 3544 ἴδιον
1189 3488 1303 3543 τῶν
1322 3490 1639 3562 ὀφθαλμῶν,
1664 3493 1723 3546 ὲν
1737 3494 1852 3557 τοῖς

1842 3510 1852 3555 :
2022 3494 2316 3563 Leucippre.
2350 3495 2464 3548 lloc
2494 3495 2644 3548 enim
2675 3494 2963 3548 oculorum
3010 3495 3319 3564 prepriun,
3350 3505 3411 3550 ut
3462 3497 3519 3554 in

267 3580 533 3652 μεγάλοις
581 3581 772 3643 κακοῖς
825 3579 902 3651 μὴ
948 3580 1164 3650 ὲκχέειν
1210 3580 1478 3649 δάκρυον·
1532 3583 1592 3636 ἐν
1629 3582 1689 3636 δὲ
1728 3585 1846 3646 ταῖς

1843 3601 1846 3639 :
1952 3585 2164 3654 magnis
2196 3586 2355 3639 malis
2385 3586 2655 3655 lacrymas
2683 3601 2795 3640 non
2830 3586 3145 3650 eil‘undant;
3178 3587 3232 3642 in
3287 3588 3520 3643 minori-

268 3673 529 3755 μετρίαις
558 3674 897 3743 συμφοραῖς,
949 3672 1199 3741 ἀφθόνως
1226 3672 1295 3728 τά
1321 3673 1536 3746 δάκρυα
1560 3677 1844 3747 καταρρεῖ.

1843 3720 1844 3724 η
1953 3675 2057 3729 bus
2086 3687 2269 3729 autem
2302 3684 2357 3728 et
2395 3690 2516 3744 qua:
2540 3691 2650 3729 non
2687 3691 2918 3745 prorsus
2942 3677 3240 3741 excedant,
3299 3678 3520 3746 c0piose

410 3833 417 3841 .
1951 3765 2059 3820 illis
2091 3765 2427 3835 indulgeant.

333 3853 600 3919 XapaxJ.
638 3880 708 3890 —
743 3848 1014 3911 Πολλάκις
1043 3848 1154 3920 γὰρ
1183 3849 1245 3902 τὺ
1271 3851 1449 3921 χαρᾶς
1478 3850 1845 3921 ὑπερϐάλλον,

261 3942 346 4005 εῖς
369 3940 619 4010 ἀλγεινὸν
647 3940 983 4010 περιίστησιο
1018 3939 1114 3992 καὶ
1141 3939 1245 4010 τῆς
1266 3939 1463 4009 ἡδονῆς
1492 3941 1555 3994 τὸ
1581 3940 1844 4013 ἄμετρον,

261 4032 604 4085 ἐπίσπαστον
634 4030 813 4099 λύπην
840 4028 1121 4098 ἐγέννησε.

2021 3855 2268 3910 Characl.
2300 3885 2371 3895 —
2406 3854 2557 3908 Haud
2594 3869 2722 3908 raro
2756 3868 2995 3924 namque
3025 3855 3305 3911 excellens
3330 3857 3520 3928 longe-

1950 3962 2060 4017 que
2092 3955 2357 4016 praestans
2379 3945 2661 4015 gaudium,
2684 3946 2739 3999 in
2771 3946 2981 4000 doloris
3001 3962 3225 4000 sensum
3243 3949 3515 4015 vertitur;

1949 4049 2007 4093 et
2036 4054 2160 4108 qua:
2175 4038 2399 4091 modum
2422 4037 2633 4093 nesciat
2657 4040 2933 4107 voluptas,
2968 4037 3245 4092 tristitiam
3273 4052 3397 4092 una
3418 4055 3517 4094 co-

1948 4131 2137 4184 mitem
2170 4129 2360 4182 trahit.

330 4217 641 4286 Μοσχίων.
674 4246 741 4258 -
778 4215 1049 4269 Ἐπεσθαι
1102 4214 1215 4277 τοῖς
1255 4216 1511 4285 τερπνοῖς
1549 4214 1709 4269 εῐωθε
1749 4217 1844 4268 καὶ

1833 4233 1844 4268 ι
2018 4222 2304 4276 Moschion.
2334 4248 2398 4261 —
2428 4219 2567 4274 Cum
2603 4219 2672 4274 iis
2699 4234 2820 4289 quae
2853 4229 3106 4274 recreant
3134 4219 3342 4289 pariter
3356 4222 3510 4291 sequi

258 4308 333 4361 τά
362 4306 607 4376 λυπηρά.

1943 4319 2371 4375 consueverunt,
2403 4327 2524 4380 quae
2547 4312 2778 4366 molesta
2802 4322 2949 4366 sunt.

2013 4404 2325 4457 Demonact.
2376 4430 2446 4441 --
2504 4401 2754 4456 Tristitia
2812 4402 2966 4455 velut
3018 4405 3196 4456 onus'
3232 4402 3513 4471 quoddam

1870 4499 1913 4553 D
1941 4496 2260 4565 impositum
2285 4493 2434 4546 haud
2461 4492 2632 4549 invite
2656 4493 2884 4549 ferenda
2912 4503 3076 4563 atque
3101 4494 3335 4563 gemitu.

2011 4586 2318 4642 Chariclew.
2352 4586 2706 4641 —Mortales
2768 4586 3023 4654 sepulcra
3084 4594 3400 4650 exstruunt,
3455 4594 3514 4641 et

1940 4688 2061 4740 quae
2088 4672 2157 4725 ad
2218 4673 2382 4729 funus
2431 4682 2487 4727 et
2508 4672 2844 4741 sepulturam
2876 4672 3156 4741 pertinent
3182 4682 3514 4744 praeparant,

1940 4764 2096 4831 quasi
2119 4763 2206 4817 his
2229 4766 2340 4819 sint
2362 4763 2516 4819 usuri
2548 4781 2559 4815 :
2591 4763 2872 4832 quomodo
2897 4771 3082 4817 autem
3131 4764 3328 4818 mortis
3361 4772 3513 4819 metu

1944 4862 2000 4907 et
2022 4854 2227 4909 dolore
2242 4864 2459 4920 vacent,
2474 4869 2712 4924 quorum
2739 4869 2872 4909 usus
2890 4853 3110 4908 futurus
3124 4865 3231 4921 est,
3249 4855 3387 4910 nihil
3405 4856 3513 4911 tale

1943 4954 2270 5013 praeparant.

332 5036 636 5104 Θεοπόμπ.
688 5064 757 5076 -
811 5034 878 5086 Εί
922 5050 1005 5096 τις
1054 5032 1285 5085 πλεῖστα
1332 5030 1441 5084 τῶν
1484 5030 1703 5098 ἀγαθῶν
1747 5048 1838 5083 κε-

1833 5060 1838 5070 ν
2009 5037 2345 5106 Theopompi.
2383 5065 2450 5075 —
2504 5036 2559 5091 Si
2588 5037 2715 5104 quis
2749 5036 3013 5104 pleraque
3059 5035 3332 5089 bonorum
3378 5035 3510 5090 ade-

257 5146 364 5199 κτη
374 5130 535 5199 μένος
569 5129 709 5197 μετὰ
737 5129 832 5180 τοῦ
863 5126 1154 5180 λυπεῖσθαι
1179 5126 1357 5193 διάγει
1385 5124 1477 5178 τὸν
1505 5124 1639 5194 βίον,
1667 5127 1839 5179 ἁπάν-

1833 5157 1839 5167 ι
1936 5138 2082 5199 plus,
2108 5145 2298 5184 eorum
2331 5144 2555 5197 compos
2576 5128 2808 5183 eilectus
2834 5142 2957 5182 cum
2997 5126 3217 5179 tristitia
3253 5142 3510 5197 aegroque

255 5237 369 5273 των
401 5221 469 5273 ἂν
498 5222 583 5288 εἴη
620 5220 715 5272 καὶ
742 5221 852 5273 τῶν
880 5219 1051 5272 ὄντων
1085 5218 1180 5271 καὶ
1204 5216 1315 5271 τῶν
1345 5216 1618 5287 ἐσομένων
1642 5217 1838 5271 ἀθλιώ-

1834 5246 1838 5256 ·
1937 5221 2121 5273 animo
2169 5221 2338 5273 vitam
2398 5219 2547 5289 agit,
2609 5220 2695 5281 is,
2755 5233 2838 5271 me
2892 5216 3206 5271 mortalium
3266 5217 3511 5270 omnium

252 5328 435 5381 τερος.

330 4396 675 4463 Δημώνακτ.
726 4426 796 4438 -
855 4396 948 4448 Δεῖ
998 4394 1189 4466 ὥσπερ
1240 4395 1460 4466 φορτίον
1514 4395 1614 4467 τὴν
1663 4395 1840 4467 λύπην

255 4488 616 4558 ἀναθέμενον,
652 4486 729 4557 μὴ
756 4487 981 4540 στέοντα
1007 4485 1311 4559 [στένοντα]
1344 4487 1553 4558 φέρειν.

328 4580 577 4647 Χαρικλ.
611 4608 682 4620 -——
725 4576 789 4630 Οἱ
814 4576 1094 4648 ἄνθρωποι
1121 4578 1330 4647 τάφους
1355 4578 1455 4648 μὲν
1491 4578 1833 4631 κατασκευά-

255 4672 416 4734 ζουσι
449 4670 543 4724 καὶ
576 4670 801 4739 ἐντάφια
835 4668 1026 4737 ὥσπερ
1057 4668 1345 4739 μέλλοντες
1370 4669 1555 4732 αὐτοῖς
1578 4669 1834 4739 χρῆσθαιο

257 4761 497 4831 ἀφοϐίαν
521 4761 578 4814 δὲ
609 4760 704 4814 καὶ
730 4760 966 4815 ἀλυπίαν
992 4760 1093 4831 τὴν
1122 4761 1251 4832 περὶ
1271 4760 1366 4816 τοῦ
1389 4759 1620 4816 θανάτου
1648 4756 1837 4835 χρήο

260 4868 474 4917 σονται,
506 4851 568 4905 οὐ
597 4850 1135 4923 παρασκευάζονται.

1938 5310 2443 5365 miserabilissimus
2473 5310 2568 5379 qui
2604 5310 2689 5363 vel
2726 5307 3000 5364 exsistunt
3029 5314 3125 5360 aut
3148 5305 3322 5360 futuri
3352 5308 3514 5362 sunt?

1724 5399 1958 5459 ΝΟΤΛΕ.

329 5498 402 5569 (ε)
431 5500 663 5569 Ὠσπερ
689 5496 811 5565 σὴς
844 5497 1069 5569 ἱματίῳ.
1131 5495 1225 5569 Ait
1277 5493 1530 5569 Nobilius
1585 5509 1836 5569 non__ex-
1942 5497 2006 5550 de

1827 5527 1836 5536 -
1942 5497 2131 5569 ὼλνυῑί
2152 5496 2391 5569 videtur,
2426 5510 2588 5569 quam
2617 5510 2682 5549 ex
2733 5493 2999 5548 Hebraeis.
3030 5492 3249 5564 Syriaca
3298 5491 3461 5569 etiam
3490 5503 3504 5547 ς

258 5561 409 5628 stare
451 5570 506 5623 in
542 5561 700 5638 Vulg.
728 5561 876 5638 quod
896 5561 1069 5638 multa
1092 5581 1158 5621 ex
1176 5566 1259 5638 eis
1301 5565 1636 5638 desiderent.
1685 5562 1832 5638 Heu—
1942 5568 2171 5636 proinde
2216 5584 2327 5620 non
2366 5561 2648 5638 immerito
2678 5561 3096 5638 servatur_n__est',
3146 5576 3243 5617 seu
3278 5561 3507 5638 restitu-

260 5652 375 5695 len-
402 5639 567 5709 Obelo
589 5631 887 5709 οοῖιίὶέθῐιεν
920 5653 1030 5709 non
1059 5636 1334 5691 invenisse
1381 5636 1435 5688 in
1459 5634 1656 5709 decem
1683 5633 1836 5686 codi-
1942 5631 2056 5691 tum
2108 5638 2163 5691 in
2209 5648 2485 5707 postrema
2537 5635 2855 5690 Latinorum
2908 5632 3211 5687 Bibliorum
3257 5631 3509 5702 recogni-

262 5710 423 5772 cib_us
467 5703 762 5763 admonet:
806 5708 927 5763 Non
973 5707 1173 5761 desunt
1216 5714 1401 5760 tamen
1446 5703 1540 5774 qui
1572 5703 1830 5774 habeant.
1870 5752 1873 5757 .

264 5717 423 5772 cibus
467 5717 746 5763 admonet.
806 5717 927 5763 Non
973 5717 1173 5761 desunt
1216 5717 1401 5760 tamen
1446 5719 1540 5774 qui
1572 5717 1830 5756 naneant.
1870 5752 1873 5757 ,
1944 5717 2108 5763 none,

264 5779 497 5835 Hebraea
528 5794 638 5833 non
674 5778 901 5845 habent,
932 5777 1029 5833 sed
1050 5777 1286 5845 Targum
1321 5775 1506 5841 habet,
1539 5789 1639 5829 nec
1658 5773 1836 5827 aliun-
