4246 6438
776 364 880 426 879

845 477 927 530 Ea:
962 475 1212 548 Epictet,
1247 476 1470 532 lsocmt.
1530 487 1578 528 ct
1635 477 1920 532 Democrit.
1958 481 2253 533 sententiis.
2281 508 2349 517 —-
2381 486 2424 540 Α

1940 368 2000 426 S.
2044 367 2330 427 ΜΑΧΙΜΙ
2367 368 2876 430 CONFESSORIS

3927 378 4031 442 880

2537 481 2635 534 Ἐκ
2678 480 2798 533 τῶν
2842 481 3211 546 Ἐπικτήτου,
3256 482 3546 550 Ἰσοκράτ,
3583 487 3838 554 Δημοκρ.
3871 517 3940 528 --
3971 488 4029 540 Εἰ

773 568 829 620 Si
864 569 948 622 vis
975 570 1212 623 tristitia:
1233 580 1517 638 expertem
1539 570 1706 624 vitam
1734 585 1917 638 agere,
1939 585 2062 639 qua:
2076 579 2342 626 eventura

2455 572 2634 638 βούλει
2688 571 2893 626 ἄλυπον
2946 573 3062 640 βίον
3108 570 3246 640 ζῇν,
3300 573 3371 626 τὰ
3411 573 3677 642 μέλλοντα
3709 577 4028 645 συμϐαίνειν

769 669 903 713 sunt
936 659 1017 713 sic
1049 659 1328 722 existima,
1353 675 1418 714 ac
1441 661 1488 716 si
1507 662 1616 730 jam
1645 661 1998 715 accidissent.

841 751 950 807 Fac
1001 751 1167 804 animi
1210 751 1400 806 dolore
1453 766 1636 815 vaces,
1691 768 1802 807 non
1856 762 1916 807 ut
1959 753 2169 808 doloris
2222 755 2343 823 ipso

769 857 938 898 sensu
968 856 1180 907 careas,
1219 842 1506 897 brutorum
1537 857 1728 910 more;
1756 858 1860 898 nec
1890 855 1947 899 ut
1982 845 2213 900 rationis
2239 859 2340 899 ex-

766 950 920 1004 pers.
942 934 1098 990 velut
1119 935 1474 1005 insipientes;
1493 934 1590 990 sed
1613 945 1872 1005 tanquam
1889 936 2114 991 virtutis
2135 936 2338 1001 cultor,

765 1025 864 1094 qui
890 1025 1152 1082 videlicet
1199 1039 1304 1096 pro
1347 1023 1558 1080 doloris
1619 1024 1865 1080 remedio
1911 1025 2186 1082 rationem
2241 1026 2340 1080 lia-

765 1117 922 1174 beas.

833 1207 918 1264 Illi
941 1208 1028 1263 vir
1049 1207 1260 1278 probus
1280 1207 1538 1278 gratique
1575 1207 1746 1262 animi
1769 1218 1876 1274 est,
1902 1209 1998 1278 qui
2029 1222 2141 1263 non
2167 1207 2342 1264 tristis

2450 665 2522 727 ὡς
2555 664 2654 733 ἤδη
2685 663 3074 733 συμϐεϐηκότα
3102 663 3342 730 λογίζου.

2525 756 2766 818 Ἀλυπος
2811 756 2922 809 ἴσθι
2945 794 2960 819 ,
3027 755 3103 826 μὴ
3137 757 3237 824 τὴν
3265 755 3537 809 ἀπάθειαν
3563 800 3576 820 ,
3629 757 3706 819 ὡς
3737 759 3808 811 τὰ
3835 759 4026 824 ἀλόγια

2448 848 2559 902 τῶν
2590 848 2748 911 ζώων
2768 864 2782 877 ⁵
2846 847 2982 917 μηδὲ
3009 847 3112 918 τὴν
3136 846 3384 915 ἀλογίαν,
3419 847 3494 910 ὡς
3521 849 3570 900 oi
3595 849 3826 918 ἄφρονες
3848 865 3860 876 ·
3913 849 4026 902 ἀλλ’

2447 941 2522 1003 ὡς
2549 940 2826 1010 ἐνάρετος,
2856 940 2950 992 τὸν
2973 939 3131 1007 λόγον
3160 938 3461 1010 τῆςολύπης
3486 940 3626 1010 ἔχων
3653 942 4022 1011 παραμύθιον.

2518 1198 2832 1268 Εὺγνώμων
2865 1199 2894 1250 ὁ
2925 1197 3000 1266 μὴ
3031 1197 3368 1268 λυπούμενος
3400 1198 3460 1249 ὲν
3485 1191 3566 1261 οἷς
3593 1197 3694 1251 οὐκ
3719 1199 3853 1268 ἔχει,
3887 1199 4021 1254 ἀλλὰ

762 1298 895 1369 agit,
929 1307 1024 1352 aut
1051 1297 1199 1352 dolet
1227 1298 1300 1353 ob
1324 1312 1390 1354 ea
1413 1313 1537 1368 quae
1563 1313 1674 1354 non
1703 1297 1892 1364 habet,
1919 1299 2016 1355 sed
2044 1298 2248 1370 gaudet
2270 1299 2338 1353 dc

1362 1313 1390 1352 a
1413 1313 1537 1368 quae
1563 1313 1674 1354 non
1703 1297 1892 1364 habet,
1919 1299 2016 1355 sed
2044 1298 2248 1370 gaudet
2270 1299 2338 1353 dc
2446 1291 2652 1361 χαίρων
2687 1292 2772 1358 ἐφ’
2793 1284 2874 1352 οἷς
2906 1289 3039 1359 ἔχει·

764 1387 832 1442 iis
853 1402 976 1456 qua:
1010 1387 1196 1442 habet.

830 1477 936 1544 Qui
985 1478 1058 1532 ob
1125 1478 1464 1533 calamitates
1519 1487 1634 1533 tum
1694 1479 1922 1534 minime
1978 1479 2166 1533 animo
2219 1479 2336 1533 dis-

2526 1469 2686 1521 ’Ὀσοι
2708 1467 2851 1529 τινὲς
2879 1469 3015 1534 πρὸς
3034 1466 3134 1527 τὰς
3157 1463 3467 1534 συμφορὰς,
3486 1464 3683 1535 γνώμῃ
3708 1465 3805 1535 μὶν
3823 1465 4021 1534 ἥκιστα

760 1569 1103 1635 cruciantur,
1151 1578 1271 1624 tum
1335 1569 1479 1624 facto
1548 1569 1786 1625 maxime
1844 1570 2138 1634 resistunt,
2187 1571 2226 1627 ii
2282 1581 2339 1625 et

2443 1558 2778 1620 λυποῦνται,
2823 1555 2972 1627 ἔργῳ
2995 1555 3052 1607 δὲ
3086 1554 3323 1624 μάλιστα
3352 1554 3704 1624 ἀντέχουσιν,
3749 1549 3896 1609 οὗτοι
3928 1557 4021 1608 καὶ

759 1658 1049 1714 civitatum
1103 1667 1163 1714 et
1200 1656 1355 1713 rudis
1390 1658 1540 1727 vulgi
1587 1659 2030 1728 praestantissimi
2096 1659 2336 1716 habendi

2004 1661 2030 1715 li
2096 1659 2336 1716 habendi
2441 1649 2555 1702 τῶν
2579 1648 2788 1702 πόλεων
2823 1648 2916 1701 καὶ
2948 1645 3174 1699 ίδιωτῶν
3208 1645 3495 1715 κράτιστοί
3525 1647 3681 1698 είσιν.

759 1759 912 1805 sunt.

853 1839 1082 1912 Epictet.
1149 1869 1237 1883 —-
1273 1841 1649 1913 Interrogatus
1718 1843 2038 1913 Epictetus,
2101 1859 2342 1912 quonam
2374 1842 2416 1899 Β

757 1933 888 2004 quis
920 1934 1087 1989 modo
1121 1933 1267 1989 hosti
1296 1933 1544 1989 dolorem
1580 1935 1881 1990 incusserit
1917 1953 1931 1989 :
1981 1935 2036 1991 Si
2070 1936 2217 2005 quis,
2247 1936 2336 1991 in-

760 2027 900 2098 quit,
938 2026 1015 2081 ita
1042 2041 1102 2083 se
1131 2034 1436 2097 comparet,
1469 2036 1531 2081 ut
1557 2041 1722 2096 quam
1741 2026 1950 2096 optime
1977 2027 2146 2082 vitam
2177 2027 2338 2083 insti-

759 2126 902 2174 tuat.

824 2207 1179 2278 lnsipientes,
1213 2209 1472 2278 tempus;
1502 2208 1782 2278 sapientes
1807 2216 1992 2263 autem
2031 2208 2175 2262 ratio
2197 2221 2332 2263 ma:-

756 2313 880 2354 rore
900 2299 1123 2354 liberat.

826 2389 1142 2462 Pouidippi.
1164 2418 1234 2431 —
1274 2389 1448 2445 Nemo
1474 2397 1582 2455 cst,
1643 2389 1811 2444 homo
1859 2403 1985 2443 cum
2014 2389 2106 2451 sit,
2136 2390 2231 2458 qui
2262 2389 2332 2444 ab

753 2483 908 2540 omni
943 2483 1245 2540 immunem
1265 2482 1457 2537 dolore
1483 2495 1547 2537 ac
1577 2481 1802 2536 tristitia
1833 2482 1999 2536 vitam
2019 2481 2182 2553 615
2202 2496 2332 2552 ege-

755 2575 869 2642 rit;
902 2590 1007 2632 nec
1027 2574 1119 2632 cui
1145 2573 1206 2629 in
1220 2573 1384 2629 linem
1420 2588 1598 2642 usque
1630 2572 1807 2628 fauste
1826 2588 1889 2627 ac
1914 2588 2177 2643 prospere
2206 2587 2328 2629 ces-

754 2667 918 2726 serit.

824 2759 1072 2830 Euripid.
1097 2787 1166 2799 —
1199 2757 1258 2813 ln
1286 2728 1439 2813 nullo
1468 2757 1580 2811 vita
1619 2757 1855 2812 inveniri
1899 2765 2085 2826 potest
2121 2757 2191 2811 ab
2217 2771 2337 2810 om-

754 2849 816 2909 ni
835 2850 1027 2909 dolore
1059 2865 1125 2908 ac
1152 2850 1379 2907 tristitia
1412 2848 1695 2904 immunis.

1304 3002 1536 3058 SERMO
1574 3001 1741 3058 XXIX
1754 3042 1767 3056 .

1387 3097 1460 3150 De
1483 3113 1686 3152 somno.

2527 1839 2900 1908 Ἐπικτήτου.
2965 1869 3034 1880 -
3091 1837 3426 1909 Ἐρωτηθεὶς
3491 1837 3610 1902 πῶς
3667 1841 3733 1894 ἄν
3788 1857 3874 1903 τις
3928 1839 4020 1892 τὸν

2438 1931 2632 2002 ἐχθρὸν
2679 1931 2897 2000 λυπήσῃ
2923 1971 2936 1994 ,
2989 1930 3122 2000 ἐφη,
3161 1929 3390 1983 Ἑαυτὸν
3421 1931 3860 2000 παρασκευάζων
3896 1931 4016 2000 βέλ-

2440 2039 2598 2076 τιστα
2630 2019 2916 2091 πράττειν.

2506 2201 2646 2263 Τοὺς
2693 2200 2936 2270 ἄφρονας
2974 2201 3002 2251 ὁ
3041 2199 3259 2268 χρόνος·
3308 2199 3434 2262 τοὺς
3463 2199 3518 2251 δὲ
3553 2200 3853 2268 φρονίμους
3881 2202 3910 2253 ό
3933 2199 4019 2253 λό-

2435 2307 2532 2360 γος
2558 2291 2656 2361 τῆς
2686 2289 2864 2360 λύπης
2892 2289 3248 2342 ἀπαλλάττει.

2509 2380 2832 2435 Ποσσιδιπ.
2882 2412 2954 2421 -
3002 2381 3193 2443 Οὐδεὶς
3230 2380 3436 2443 ἀλυπος
3469 2380 3560 2434 τὸν
3589 2381 3704 2450 βίον
3729 2381 4015 2451 διήγαγεν,

2437 2474 2723 2546 ἄνθρωπος
2748 2472 2824 2526 ῶν
2841 2489 2853 2504 ο
2906 2472 3016 2525 οὐδ’
3037 2472 3168 2543 ἀχρι
3191 2472 3285 2526 τοῦ
3307 2472 3492 2536 τέλους
3519 2471 3730 2526 ἔμεινεν
3752 2472 4013 2543 εὐτυχῶν.

2496 2757 2966 2826 Εὑριπίδ.-Οὺκ
2991 2756 3140 2812 ἔστιν
3165 2756 3348 2827 εὑρεῖν
3371 2755 3486 2826 βίον
3513 2754 3718 2812 ἄλυπον
3746 2757 3806 2813 ἑν
3822 2757 4019 2814 οὐδενί.

3004 2998 3225 3054 ΛΟΓΟΣ
3257 3000 3366 3053 ΚΘ¹
3383 3002 3448 3057 ⁵³.

3028 3094 3171 3164 Περὶ
3199 3096 3414 3150 ὕπνου.

824 3191 1017 3248 Matth.
1051 3206 1197 3254 τινι,
1233 3188 1323 3254 40,
1349 3189 1448 3254 Ης
1483 3189 1650 3242 Marc.
1677 3204 1784 3245 xw.
1825 3189 1912 3243 57.
1937 3219 2006 3231 --
2055 3187 2214 3242 Venit
2238 3187 2327 3242 Je-
2354 3211 2397 3266 ο

2354 3211 2397 3266 C
2506 3189 2688 3241 Ματθ.
2721 3193 2835 3250 κς’.
2872 3188 3024 3254 Map.
3051 3183 3142 3237 ιδ’.
3183 3189 3367 3238 Λουκ.
3394 3185 3504 3238 κδ’.
3525 3187 3814 3242 -Ἐλθὼν
3843 3191 3872 3243 ὁ
3910 3192 4017 3261 ’1η-

752 3297 872 3349 sus,
902 3293 960 3338 et
984 3281 1196 3337 invenit
1226 3279 1532 3349 discipulos
1561 3294 1693 3334 suos
1738 3279 2114 3343 dormientes;
2171 3286 2328 3332 erant

751 3374 903 3431 enim
938 3372 1085 3428 oculi
1115 3386 1312 3428 eorum
1343 3370 1577 3440 gravati,
1609 3377 1666 3424 et
1685 3369 1820 3424 dicit
1841 3370 1953 3424 eis:
1979 3368 2070 3423 Sic
2093 3384 2203 3424 non
2230 3385 2328 3438 po—

752 3465 941 3522 tuistis
1010 3479 1120 3519 una
1170 3463 1308 3518 hora
1366 3462 1596 3532 vigilare
1659 3461 1922 3516 mecum?
1979 3461 2076 3514 Vel
2128 3461 2323 3514 Judam

749 3557 965 3623 videte,
1012 3555 1292 3626 quomodo
1348 3569 1458 3610 non
1509 3553 1740 3608 dormit.
1800 3553 2034 3622 Vigilate
2088 3567 2221 3623 ergo
2270 3563 2326 3606 ct

750 3655 929 3702 oraun

821 3739 850 3794 1
876 3737 1055 3793 Thess.
1085 3753 1140 3801 v,
1179 3737 1230 3791 6.
1261 3766 1329 3777 ——
1364 3735 1535 3806 Igitur
1590 3749 1699 3788 non
1746 3733 2083 3788 dormiamus
2106 3732 2248 3785 sicut
2270 3741 2327 3785 ct

751 3828 1078 3892 αξιοι-ἰ,ωά
1103 3828 1414 3897 vigilemus,
1466 3835 1522 3880 et
1563 3825 1735 3880 sobrii
1785 3825 1974 3879 simus.
2027 3823 2130 3889 Qui
2176 3823 2323 3876 enim

749 3920 1053 3983 dormiunt,
1080 3928 1244 3973 nocte
1271 3917 1592 3982 dormiunt;
1627 3925 1684 3970 et
1709 3915 1802 3985 qui
1825 3915 1965 3970 ebrii
1987 3924 2135 3976 sunt,
2163 3922 2323 3966 nocte

749 4009 891 4066 ebrii
922 4018 1072 4066 sunt.
1123 4009 1234 4064 Nos
1265 4016 1452 4063 autem
1495 4006 1592 4077 qui
1623 4006 1735 4060 diei
1777 4020 1989 4068 sumus,
2043 4003 2211 4059 sobrii
2245 4002 2323 4055 si-

749 4117 893 4158 Inus.

817 4190 979 4246 Prov.
1011 4207 1161 4257 χχιιι,
1194 4195 1250 4245 2.
1287 4219 1356 4230 —
1421 4187 1678 4244 Induitur
1735 4187 1985 4256 disrupta
2027 4196 2082 4239 et
2141 4186 2322 4240 lacera

749 4282 931 4338 omnis
951 4283 1348 4338 somnolentus.

815 4372 1150 4436 Eccli.xxn,
1198 4373 1254 4426 2.
1289 4400 1353 4412 --
1387 4368 1718 4426 Sollicitudo
1769 4368 2085 4439 vigiliarum
2147 4367 2322 4423 inter-

749 4463 978 4534 pellabit
1007 4462 1478 4517 dormitationem.

2432 3278 2557 3339 σοῦς
2581 3319 2597 3342 .
2631 3273 2758 3348 εὗρε
2788 3277 2916 3338 τοὺς
2945 3276 3196 3346 μαθητὰς
3223 3276 3390 3330 αὑτοῦ
3418 3278 3779 3344 καθεύδοντας
3803 3300 3817 3313 ·
3873 3280 4017 3354 ἦσαν

2428 3370 2537 3440 γὰρ
2590 3371 2638 3422 oi
2692 3368 2963 3436 ὀφθαλμοὶ
3015 3367 3196 3420 αὐτῶν
3251 3368 3663 3441 βεϐαρημένοι,
3724 3375 3819 3428 καὶ
3869 3375 4017 3444 λέγει

2428 3461 2642 3524 αὐτοῖς,
2691 3457 2879 3520 Οὕτως
2910 3459 3012 3511 οὐκ
3041 3458 3298 3528 ἰσχύσατε
3331 3460 3461 3530 μίαν
3491 3460 3642 3532 ὥραν
3667 3466 4018 3536 γρηγορῆσαι

2431 3553 2546 3620 μετ’
2590 3549 2745 3619 ἐμοῦ.
2811 3549 2930 3602 Κᾶν
2971 3549 3066 3602 τὸν
3104 3550 3303 3604 Ἰούδαν
3364 3553 3638 3609 θεάσασθε
3679 3558 3742 3626 (t)
3787 3558 3906 3622 πῶς
3954 3559 4017 3611 ού

2431 3641 2701 3694 καθεύδει.
2737 3640 3069 3711 Γρηγορεῖτε
3101 3636 3195 3694 οὖν
3227 3643 3322 3694 καὶ
3353 3646 3744 3714 προσεύχεσθε.

2499 3732 2552 3786 α’
2583 3735 2806 3785 Θεσ.ε¹.
2849 3761 2918 3772 -
2962 3733 3102 3801 ’Δρα
3145 3728 3237 3785 οὖν
3295 3734 3370 3805 μὴ
3417 3737 3768 3806 καθεύδωμεν
3811 3739 4017 3801 (ὓς-καὶ

2427 3828 2475 3876 oi
2517 3823 2716 3887 λοιποὶ,
2765 3822 2902 3877 ἀλλὰ
2937 3824 3306 3894 γρηγορῶμεν
3351 3827 3448 3881 καὶ
3480 3829 3763 3899 νήφωμεν.
3811 3832 3874 3883 Oi
3905 3833 4016 3902 γὰρ

2429 3915 2809 3978 καθεύδοντες,
2847 3917 3042 3978 νυκτὸς
3074 3918 3434 3971 καθεύδουσι·
3497 3921 3593 3973 καὶ
3641 3924 3690 3974 οἱ
3737 3923 4010 3992 μεθυσκό-

2431 4024 2602 4076 μενοι,
2655 4007 2850 4070 νυκτὸς
2895 4007 3224 4091 μεθύουσιν·
3285 4011 3450 4080 ἡμεῖς
3488 4012 3547 4065 δὲ
3594 4013 3808 4085 ἡμέρας
3831 4014 4009 4079 ὄντος,

2429 4101 2709 4170 νήφωμεν.

2502 4194 2747 4260 "apag.
2775 4198 2882 4259 κγ’.
2906 4221 2976 4232 --
3009 4192 3282 4246 Ἐνδύεται
3309 4193 3683 4266 διερρηγμὲνα
3711 4200 3804 4253 καὶ
3830 4201 4014 4270 ῥακώ-

2424 4283 2512 4353 δη,
2543 4285 2651 4347 πᾶς
2676 4284 2947 4351 ὑπνώδης.

2495 4375 2696 4445 Σιρὰχ.
2721 4375 2835 4429 λα’.
2861 4404 2929 4415 -
2957 4375 3214 4446 Μέριμνα
3243 4379 3556 4450 ἀγρυπνίας
3588 4381 3887 4451 ἀπαιτήσει
3914 4401 4009 4438 vu-

2427 4466 2689 4536 σταγμόν.

816 4551 1026 4606 Basilii.
1050 4581 1118 4592 —-
1145 4551 1361 4606 Gratias
1382 4565 1504 4620 age,
1537 4564 1571 4602 o
1602 4549 1790 4613 homo,
1817 4548 1896 4602 illi
1936 4550 2031 4618 qui
2088 4556 2145 4604 et
2177 4549 2321 4603 iuvi-
2353 4569 2400 4626 ι)

2353 4569 2400 4626 ι)
2497 4557 2921 4612 Βασιλείου.-
2943 4557 3292 4626 Εὐχαρίστει,
3323 4558 3599 4628 ἄνθρωπε,
3635 4562 3712 4632 τῷ
3736 4563 4010 4628 ἀκουσίως

750 4645 821 4700 tis
847 4660 947 4714 per
973 4658 1223 4699 somnum
1245 4642 1566 4698 continuam
1588 4640 1796 4695 laboris
1813 4640 2188 4710 fatigationem
2212 4641 2326 4694 sol—

2422 4649 2569 4718 ἡμᾶς
2596 4647 2689 4701 διὰ
2711 4647 2806 4700 τοῦ
2833 4647 3004 4700 ὕπνου
3031 4648 3129 4718 τῆς
3155 4648 3436 4718 συνεχείας
3462 4648 3574 4702 τῶν
3598 4653 3777 4705 πόνων
3800 4652 4008 4718 λύοντι,

749 4734 848 4798 vit,
880 4733 1145 4801 brevique
1171 4741 1387 4800 captata
1434 4730 1625 4799 requie
1675 4729 1742 4785 ad
1794 4730 2056 4799 potentiae
2085 4730 2332 4800 vigorem
2423 4758 2426 4765 ι

2423 4739 2519 4791 καὶ
2553 4739 2617 4792 ὲκ
2650 4740 2852 4807 μικρᾶς
2879 4738 3274 4802 ἀναπαύσεως,
3325 4739 3491 4793 πάλιν
3523 4744 3662 4811 πρὸς
3692 4743 3790 4814 τὴν
3819 4745 4010 4816 ἀκμὴν

750 4827 955 4881 iterum
984 4824 1223 4880 reducit.

817 4918 1104 4988 Theologi.,
1136 4945 1204 4956 —
1264 4917 1357 4972 Vir
1407 4919 1791 4973 somnolentus
1841 4922 2186 4976 somniorum
2242 4921 2326 4975 in-

749 5020 946 5065 ventor
974 5019 1060 5064 est
1085 5027 1100 5075 ;
1126 5025 1354 5064 somnus
1382 5010 1528 5063 enim
1554 5011 1691 5075 visa,
1726 5025 1837 5063 non
1871 5027 1963 5068 res
1991 5012 2175 5068 docet.

817 5100 1082 5170 Clarysost.
1113 5127 1184 5140 ——
1210 5099 1448 5153 Somnus
1485 5100 1634 5153 aliud
1688 5101 1826 5154 nihil
1853 5111 1938 5155 cst
1969 5119 2134 5171 quam
2177 5111 2318 5157 tem-

748 5207 989 5263 poranea
1015 5207 1185 5255 mors,
1215 5199 1271 5245 et
1309 5191 1665 5262 quotidianus
1693 5192 1973 5247 interitus.

810 5308 862 5342 ιο
880 5308 1061 5379 Apud.
1096 5308 1250 5364 Stob.
1283 5306 1372 5361 90.

2421 4828 2523 4899 τῆς
2551 4829 2836 4898 δυνάμεως
2867 4830 3217 4897 ὲπανάγοντι.

2495 4920 2810 4988 Θεολόγου.
2834 4949 2904 4958 -
2935 4919 3098 4989 Ἀνὴρ
3125 4920 3400 4992 ὑπνώδης,
3429 4924 3662 4994 εὑρετὴς
3686 4926 4006 5000 ὀνειράτων·

2426 5009 2636 5082 μύστης
2660 5012 2768 5082 γὰρ
2803 5010 2970 5074 ’ύπνος
3000 5012 3326 5081 φασμάτων,
3361 5015 3424 5067 οὐ
3456 5017 3834 5086 πραγμάτων.

2497 5102 2796 5169 Χρυσόστ.
2820 5100 3114 5164 --”¹Υπνος
3143 5101 3298 5155 οὐδέν
3326 5105 3497 5169 ἐστιν,
3527 5106 3559 5176 ἢ
3586 5105 3816 5170 θάνατος
3840 5108 4010 5179 πρόσο

2430 5209 2639 5262 καιρος.
2677 5191 2771 5244 καὶ
2805 5191 3083 5262 ἐφήμερος
3108 5191 3353 5262 τελευτή.

2271 5371 2508 5427 NOTAE.

815 5479 913 5549 (ι)
950 5477 1075 5549 Κᾷν
1111 5474 1219 5527 τὸν
1262 5471 1504 5549 laudat:
1526 5469 1848 5549 θεάσασθε.
1881 5469 2005 5549 liget:
2065 5470 2315 5539 perinde,

743 5539 866 5618 qua:
885 5539 1285 5618 desiderantur:
1302 5544 1361 5618 in
1383 5539 1671 5618 codicibus
1691 5541 2043 5618 cvapgelicis,
2085 5549 2317 5610 usurpat

742 5609 986 5675 Ecclesia
1016 5616 1226 5679 Latina,
1264 5611 1399 5667 feria
1425 5612 1478 5676 5,
1511 5611 1564 5664 in
1587 5609 1754 5665 C(ena
1780 5609 2019 5673 Dcinini,
2053 5626 2117 5664 ex
2138 5609 2318 5666 secre-

747 5690 873 5745 tiori
905 5689 1044 5740 forte
1091 5685 1274 5753 aliqua
1316 5682 1897 5753 scriptura__accepta,
1938 5681 2230 5753 additque,
2264 5689 2313 5753 et

750 5761 970 5829 festinat
999 5773 1076 5811 me
1113 5751 1323 5810 tradere
1359 5751 1582 5809 Juda'is.
1609 5751 1875 5808 Maximus
1906 5752 1985 5807 sic
2011 5751 2138 5808 olim
2173 5751 2315 5808 scri-

2424 5468 2976 5546 pta_inve_ni_t,_quod
3038 5472 3112 5526 ita
3148 5474 3305 5546 quasi
3353 5472 3651 5546 Scriptura:
3692 5475 3863 5546 verba
3883 5493 4010 5546 pro-

2423 5539 2553 5593 duci
2593 5539 2753 5615 :_nisi
2795 5539 3182 5615 Tractatorum
3219 5544 3419 5615 aliquis
3456 5539 3765 5600 enarranda
3792 5539 4006 5600 textum

2423 5609 2804 5737 ῧζίηὲζξέξοὲιίιμ
2833 5610 3111 5681 adhibuit,
3147 5613 3294 5683 quod
3311 5609 3516 5685 postea
3556 5615 3715 5687 quasi
3746 5631 3816 5672 ex
3843 5626 4004 5672 textu
