4246 6438
275 405 371 474 881

1557 403 1726 466 LOCI
1761 399 2196 465 COMMUNES.

3376 397 3486 464 882

345 519 526 588 Γρητ.
548 517 824 585 Νύσσης.
842 515 1141 588 -Ὃσπερ
1167 515 1260 571 επὶ
1284 519 1388 586 τῆς
1413 516 1685 587 καθύγρου
1709 514 1829 583 γῆς,
1864 517 1910 573 Α
2002 514 2022 569 ί

1802 529 1829 578 ς.
1864 517 1910 573 Δ
2002 511 2159 583 Greg.
2193 509 2347 582 Nysa.
2383 537 2442 550 --
2465 510 2534 569 Ut
2556 511 2611 565 in
2645 510 2905 566 bumente
2935 516 3099 575 terra,
3129 506 3479 564 calidioribus

275 610 494 664 δπειδάν
560 608 916 679 θερμοτέραις
974 608 1188 660 ἀκτῖσιν
1231 594 1534 677 ἱπιλάμψαι
1584 610 1612 659 6
1651 606 1833 674 ἥλιος,

274 699 438 765 ἀτμοί
465 715 607 761 τινες
633 696 956 768 ὁμιχλώδεις
999 697 1107 750 ἀπὺ
1139 696 1233 750 τοῦ
1269 696 1460 767 βάθους
1487 696 1799 750 ἀνέλκονται
1819 709 1834 723 ·

275 791 460 860 ὅμοιόν
482 807 535 843 τι
563 790 770 857 γίνεται
799 789 893 840 καὶ
919 790 978 841 έν
1002 791 1069 857 τῇ
1095 787 1217 841 καθ’
1234 789 1382 856 ἡμᾶς
1402 790 1495 857 γῇ,
1515 787 1615 855 τῆς
1633 785 1841 856 τροφῆς

278 874 383 935 ὕπο
408 881 506 950 τῆς
529 878 764 949 φυσικῆς
794 877 1128 949 θερμότητος
1157 878 1512 946 ἀναζεούσηςο
1541 879 1842 946 ἀνωφερείς

276 972 334 1027 δὲ
386 971 540 1032 ὄντες
584 971 634 1023 οἰ
676 969 841 1038 ἀτμοὶ
890 961 1032 1022 κατά
1079 969 1238 1038 φύσιν
1275 967 1370 1020 καὶ
1404 967 1694 1036 ἀερώδεις,
1750 966 1844 1020 καὶ

279 1063 420 1134 πρὸς
444 1063 504 1116 τὸ
527 1060 922 1131 ὑπερκείμενον
953 1059 1332 1124 ἀναπνέοντες,
1366 1062 1423 1114 ἑν
1451 1061 1556 1122 τοίς
1586 1059 1727 1112 κατά
1747 1058 1845 1127 τὴν

280 1152 525 1220 κεφαλὴν
550 1150 790 1218 γίνονται
814 1149 1038 1220 χώροις.

352 1241 568 1294 Φίλων.
590 1267 660 1278 -
684 1239 922 1302 Εἰκότως
949 1239 1179 1310 μελέτην
1203 1238 1453 1292 θανάτου·
1493 1238 1652 1291 σκιάν
1670 1238 1726 1291 δι
1750 1238 1848 1291 καὶ

282 1329 648 1399 ὑπογραμμὸν
697 1329 800 1398 τῆς
849 1325 1007 1393 αὖθις
1048 1329 1312 1400 ἰσομένης
1340 1328 1720 1392 ἀναύιώσεως,
1757 1330 1847 1382 τὸν

282 1419 454 1474 ὕπνον
480 1420 530 1471 οἰ
559 1419 767 1489 τάληθῆ
796 1420 1196 1490 πεφρονηκότες
1221 1418 1563 1489 ἀπεφῄναντο
1580 1436 1592 1448 ·
1652 1419 1845 1471 ἑκατέ-

286 1525 400 1580 ρων
435 1508 543 1578 γάρ
589 1511 841 1579 ιναργέίς
880 1511 1035 1579 φέρει
1061 1510 1158 1574 τὰς
1181 1511 1390 1574 εἰκόνας
1415 1550 1432 1578 ,
1490 1513 1587 1565 καὶ
1620 1511 1849 1580 μεθιστᾷ

284 1599 380 1652 τὸν
401 1599 562 1652 αύτδν
593 1599 652 1664 ἐξ
678 1600 998 1668 ὁλοκλήρου.

358 1687 723 1755 Κλήμεντυ-
737 1686 885 1741 ’Ὅσα
907 1704 974 1740 πε
981 1688 1038 1759 ρὶ
1059 1687 1227 1742 ὕπνου
1244 1688 1480 1756 λέγουσι,
1501 1689 1567 1742 τὰ
1583 1689 1720 1743 αὐτὰ
1745 1689 1849 1758 χρὴ

283 1775 385 1878 uel.
425 1778 568 1878 ’περί
610 1777 842 1878 θανάτου
889 1778 1188 1878 ἐξακούειν.
1230 1778 1527 1851 Ἐκάτερος
1557 1781 1667 1850 γάρ
1705 1766 1854 1849 δηλοῖ
1884 1824 1927 1878 Β

284 1866 389 1936 τὴν
415 1868 752 1922 ἀποστασίαν
776 1869 876 1940 τῆς
896 1868 1093 1942 ψυχῆςο
1126 1873 1156 1922 6
1179 1870 1277 1941 μὲν
1302 1871 1522 1941 μᾶλλον,
1548 1874 1576 1925 6
1594 1872 1650 1925 δὲ
1669 1866 1848 1940 ἦττον.

370 2044 506 2098 ωσι
531 2044 609 2111 δὲ,
654 2045 730 2110 ὡς
770 2044 899 2108 [nec
930 2047 1126 2110 εἰπεῖν,
1161 2048 1523 2118 διαμαχητέον
1557 2050 1685 2119 ύμῖν
1719 2050 1855 2119 πρὸς

291 2132 386 2187 τδν
411 2133 598 2200 ὕπνον,
634 2136 710 2199 ὡς
736 2136 954 2189 πλείονα
982 2138 1172 2208 χρόνον
1201 2139 1296 2192 τοῦ
1323 2139 1422 2210 ζῇν
1454 2139 1542 2192 διὰ
1568 2139 1667 2211 τὴν
1690 2140 1855 2212 £796-

292 2239 486 2296 τορσιν
515 2224 973 2295 μεταλαμϐάνειν.

380 2312 438 2366 '0
482 2313 592 2385 γὰρ
635 2314 800 2379 ὕπνος
848 2316 1037 2390 ὥσπερ
1080 2319 1448 2391 τελώνης.τδν
1479 2322 1683 2393 ἥμισυν
1723 2323 1856 2395 ἡμῖν

292 2402 391 2459 τοῦ
416 2403 532 2474 βίου
565 2406 950 2478 ωνδιαιρεῖται
973 2410 1188 2481 χρόνον.

332 2493 584 2597 ,Πολλοιῖ
613 2513 699 2597 γε.
722 2497 802 2597 dei
843 2498 973 2597 μεθ’
999 2500 1209 2572 ἡμέραν
1248 2501 1532 2556 καθεύδειν
1554 2542 1571 2567 ,
1622 2505 1732 2566 τοῖς
1765 2503 1858 2557 καὶ

292 2583 395 2653 τῆς
427 2583 620 2650 νυκτός
649 2586 711 2640 τὸ
742 2588 990 2642 πλεῖστον
1022 2592 1102 2652 εἰς
1129 2592 1456 2662 εγρήγορσιν
1484 2595 1856 2663 ἀποτεμνομέ-

293 2690 432 2738 νοις.

367 2762 673 2832 Δημοκριτ.
698 2791 764 2805 -
787 2763 1101 2834 Ἀγρυπνος
1124 2765 1216 2820 ἔσο
1242 2767 1381 2822 κατά
1407 2768 1498 2822 τὸν
1522 2769 1646 2824 νοῦν
1666 2787 1681 2801 ο
1729 2788 1859 2840 συγ-

294 2850 461 2923 γενὴς
479 2850 589 2922 τάρ
613 2850 706 2905 τοῦ
728 2851 982 2924 ἀληθινοῦ
1005 2853 1233 2908 θανάτου
1261 2859 1290 2909 6
1311 2858 1443 2930 περὶ
1461 2858 1650 2913 τοῦτον
1668 2859 1856 2924 ὕπνος.

370 3023 435 3076 οι
481 3018 770 3094 ήμερήσιοι
819 3025 976 3079 ὕπνοι
1024 3025 1275 3099 σώματος
1313 3028 1568 3100 δχλησιν,
1622 3032 1859 3104 ᾒψυχῆς

296 3112 647 3184 όδημοσύνην
667 3155 684 3182 ,
734 3115 768 3184 ἢ
802 3117 1000 3188 ἀργίην
1032 3117 1065 3188 ἢ
1095 3118 1454 3174 ἀπαιδευσίαν
1483 3123 1855 3193 σημαίνουσιν.
1885 3160 1929 3219 C

370 3291 723 3360 Φιλοστρόε.
740 3293 954 3346 *οὐδὲ
975 3294 1082 3364 γὰρ
1104 3297 1155 3348 οἰ
1181 3297 1452 3368 σώφρονες
1477 3301 1571 3353 καὶ
1592 3304 1864 3357 σπουδαῖοι

299 3382 621 3447 νυστάζουσι
645 3423 662 3449 ,
714 3385 820 3438 κᾶν
861 3389 1050 3458 πορρω
1080 3387 1188 3441 τῶν
1212 3390 1422 3443 νυκτῶν
1449 3392 1860 3455 σπουδάζουσιν.

301 3472 379 3527 ού
427 3477 535 3545 γὰρ
585 3475 785 3542 ἔξωθεν
832 3479 1032 3541 αὐτοὺς
1081 3480 1109 3530 6
1152 3479 1316 3542 ὕπνος
1356 3482 1545 3552 ὥσπερ
1577 3484 1859 3555 δεσπότης.

303 3562 534 3634 ὑϐρίσας
579 3566 658 3627 είς
684 3565 775 3618 τὸν
803 3566 1003 3634 αὐχένα
1025 3565 1416 3635 δεδουλωμένον
1445 3568 1551 3621 ὑπὸ
1573 3569 1667 3622 τοῦ
1688 3571 1828 3624 οῐνου
1845 3588 1860 3602 ·

302 3652 422 3705 ἀλλ’
443 3653 717 3722 ἐλεύθεροί
745 3670 802 3707 τε
836 3656 930 3708 καὶ
957 3654 1107 3726 ὀρθοὶ
1135 3656 1434 3724 φαίνονται.
1481 3660 1863 3731 Καταδαρθέν-

303 3759 396 3804 τες
440 3741 497 3795 δι
550 3742 769 3815 καθαρᾷ
816 3748 882 3817 τῇ
921 3745 1064 3818 ψυχῇ
1103 3747 1346 3816 δέχονται
1385 3749 1476 3802 τὸν
1509 3749 1706 3816 ὕπνον,
1742 3751 1864 3805 οὕτε

307 3832 414 3886 ὑπὸ
437 3833 544 3887 τῶν
566 3835 882 3906 εύπραγιῶν
908 3838 1416 3908 ἀνακουφιζόμενοι,
1436 3840 1559 3894 οὕτε
1583 3841 1686 3894 ύπδ
1707 3857 1868 3895 κακο-

306 3923 551 3996 πραγίας
591 3926 734 3988 τινος
773 3927 1194 3998 ἐκτρώσκοντες.
1251 3930 1569 3998 Σύμμετρος
1591 3929 1701 3998 γὰρ
1731 3929 1867 4000 πρὸς

305 4012 476 4080 ἄμφω
526 4012 700 4066 ταῦτα
751 4014 896 4084 ψυχὴ
946 4017 1222 4084 νήφουσα,
1286 4017 1378 4070 καὶ
1429 4017 1710 4088 οὐδετέρου
1756 4018 1863 4072 τῶν

308 4101 500 4156 παθῶν
526 4103 724 4174 ἥττων·
759 4103 884 4157 ὅθεν
915 4105 1008 4159 καὶ
1039 4099 1288 4159 καθεύδει
1322 4107 1515 4176 ἥδιστα
1544 4107 1638 4161 καὶ
1665 4109 1865 4163 ἀλυπό-

305 4211 467 4260 τατα,
506 4195 582 4265 μὴ
613 4196 939 4268 ἐξισταμένῃ
968 4196 1060 4251 τοῦ
1087 4196 1275 4253 ὕπνου.

896 4481 1112 4535 ΛΟΓΟΣ
1142 4483 1200 4534 Λ⁸
1222 4482 1285 4535 ⁸⁷.

907 4592 1046 4657 Περι
1068 4593 1272 4660 μέθης.

382 4701 564 4753 Δουκ.
591 4697 702 4754 xa'.
757 4729 826 4740 —
879 4701 1178 4770 Προσέχετε
1230 4705 1480 4768 ἑαυτοῖς,
1525 4704 1732 4773 μήποτε
1775 4702 1870 4772 βα-

1896 4555 1947 4613 D

1934 602 2068 658 solis
2094 601 2259 657 radiis
2282 601 2546 657 illustrata
2565 617 2630 657 ac
2651 601 2783 665 fota,
2816 615 3051 670 vapores
3099 598 3323 669 quidam
3379 611 3480 650 ne—

1937 691 2203 746 bulosiex
2232 691 2343 746 imo
2367 691 2707 755 excitantur;
2743 689 2886 743 idem
2910 687 3302 759 propemodum
3354 697 3485 738 eon-

1938 781 2100 851 tingit
2137 781 2193 835 in
2214 780 2388 836 nostri
2420 779 2664 849 corporis
2697 778 3009 842 terra,dum
3031 776 3263 831 naturaii
3303 774 3485 829 calore

1940 872 2099 927 cibus
2149 871 2512 927 cll'ervescit:
2559 883 2794 938 cumque
2848 882 3080 937 vapores
3137 873 3331 934 suapte
3385 876 3487 916 na-

1942 973 2065 1019 tura
2117 977 2340 1018 sursum
2405 961 2649 1016 ferantur
2699 967 2756 1013 et
2803 958 2941 1012 aerii
2995 957 3123 1014 sint.
3177 954 3489 1024 exspirem-

1943 1070 2052 1124 que
2098 1055 2152 1108 in
2185 1053 2365 1108 locum
2398 1051 2755 1122 superiorem,
2793 1048 2849 1102 in
2900 1045 3094 1115 capitis
3123 1044 3253 1099 sede
3307 1040 3491 1097 consi-

1943 1146 2091 1200 denL

2014 1235 2267 1289 Plutonis.
2305 1231 2591 1286 —Merito
2644 1229 2836 1284 mortis
2890 1223 3324 1285 meditationem,
3371 1235 3492 1275 um-

1949 1325 2211 1394 bramque
2241 1332 2298 1378 et
2325 1322 2554 1377 formam
2587 1321 2786 1374 futura:
2808 1331 2998 1371 rursus
3041 1313 3167 1367 vitae
3223 1311 3466 1364 iustaura

1950 1417 2139 1480 tionis,
2159 1415 2416 1469 viri'vera
2433 1412 2706 1481 sapientes
2724 1417 2932 1464 asserte
2961 1403 3306 1459 tradiderunt
3336 1418 3352 1454 :
3377 1415 3493 1454 am-

1948 1507 2141 1561 borum
2187 1504 2333 1559 enim
2385 1503 2533 1556 clara
2590 1500 2697 1554 fert
2752 1496 3041 1552 simulacra
3070 1508 3134 1547 ac
3160 1491 3229 1546 de
3283 1490 3495 1560 integro

1949 1595 2203 1652 eumdem
2219 1611 2287 1649 ex
2314 1595 2486 1648 altero
2507 1592 2562 1644 in
2593 1590 2824 1644 alterum
2861 1581 3146 1639 transfert.

2018 1684 2318 1741 Clementis.
2366 1712 2434 1723 —
2463 1679 2657 1736 Omnia
2677 1693 2798 1748 qua;
2837 1675 2906 1730 de
2964 1683 3158 1726 somno
3211 1669 3492 1729 dicuntur,

1949 1775 2142 1832 eadem
2170 1783 2226 1828 et
2250 1773 2317 1827 de
2346 1779 2525 1825 morte
2558 1769 2702 1824 dicta
2729 1763 3047 1835 accipienda
3077 1765 3206 1817 sunt
3231 1775 3247 1824 ;
3280 1767 3492 1813 utrum-

1952 1883 2060 1937 que
2086 1865 2233 1921 enim
2255 1861 2423 1918 animi
2450 1859 2812 1916 defectionem
2845 1855 3123 1912 declarat:
3167 1851 3281 1906 haec
3302 1844 3495 1916 magis,

1951 1960 2044 2016 ille
2065 1957 2267 2012 minus.

2021 2047 2177 2103 Totis
2203 2044 2437 2109 viribus,
2477 2051 2539 2097 ut
2565 2053 2771 2095 summa
2797 2037 2999 2098 dicam,
3030 2045 3156 2087 cum
3172 2028 3464 2101 316mm
3481 2052 3499 2064 -

1951 2155 2028 2195 no
2055 2138 2218 2194 nobis
2236 2132 2666 2207 digladiandum,
2694 2138 2756 2184 ut
2803 2143 2901 2198 per
2932 2123 3194 2196 vigiliam,
3251 2117 3494 2183 longion

1953 2229 2079 2283 vita
2106 2226 2281 2298 spatia
2301 2234 2722 2292 consequamur.

2024 2293 2260 2376 Somnus
2288 2315 2439 2370 velut
2473 2311 2694 2382 quidam
2721 2307 3062 2378 publicanus,
3118 2314 3287 2371 prope
3340 2293 3504 2351 dimi-

1954 2410 2105 2465 dium
2135 2408 2258 2462 vita
2276 2413 2492 2472 tempus
2522 2399 2682 2455 nobis
2705 2394 2906 2470 aufert.

2025 2499 2261 2556 Tantum
2291 2494 2446 2549 abest
2477 2500 2539 2547 ut
2565 2486 2806 2544 interdiu
2835 2480 3220 2539 dormiendum
3290 2474 3386 2538 sit,
3440 2480 3517 2527 ιε·

1955 2601 2012 2650 et
2060 2591 2241 2648 noctis
2273 2595 2484 2658 partem
2531 2579 2820 2637 maximam
2878 2573 3077 2646 vigilia
3135 2569 3204 2625 sit
3253 2565 3504 2622 tribuen-

1956 2682 2108 2738 dum.

2030 2769 2306 2826 Democrit.
2356 2794 2426 2806 —
2469 2762 2649 2816 Mente
2698 2756 2830 2825 vigil
2871 2761 3028 2818 esto;
3087 2748 3183 2819 qui
3232 2744 3379 2801 enim
3424 2740 3506 2795 illi

1959 2874 2184 2915 somnus
2215 2852 2462 2917 obvenit,
2514 2862 2654 2904 verae
2701 2842 2893 2900 mortis
2931 2846 3194 2911 cognatus
3241 2843 3298 2891 et
3334 2829 3512 2887 aﬂinis

1959 2940 2193 2996 exsistit.

2030 3028 2223 3087 Diurni
2256 3023 2432 3082 somni
2474 3035 2675 3091 corpus
2730 3021 2990 3090 gravant,
3051 3018 3145 3068 aut
3190 3006 3374 3064 animo
3417 3011 3513 3057 ta:-

1961 3122 2114 3178 dium
2143 3136 2207 3175 ac
2237 3115 2666 3174 mmstitudinem
2692 3108 2947 3168 aﬂ‘erunt,
2981 3111 3076 3157 aut
3107 3098 3267 3154 otiosi
3299 3093 3511 3164 segnis-

1958 3229 2068 3286 que
2126 3211 2291 3266 animi
2321 3207 2526 3263 indicio
2555 3211 2702 3266 sunt,
2741 3207 2835 3254 aut
2864 3187 3272 3286 indisciplilnati.

2031 3296 2359 3355 Philostrati.
2388 3292 2576 3358 —Qui
2618 3288 2896 3358 sapientes
2921 3291 2978 3337 et
2997 3277 3164 3335 sobrii
3212 3282 3362 3338 sunt,
3393 3281 3513 3326 stu-

1962 3388 2293 3456 diosique'ac
2323 3381 2556 3445 strenui,
2582 3389 2863 3460 nunquam
2915 3368 3238 3431 dormitaut,
3297 3364 3510 3419 etiamsi

1963 3452 2144 3536 studia
2168 3492 2264 3532 sua
2290 3476 2347 3529 in
2371 3474 2595 3527 multam
2627 3452 2842 3523 noctem
2864 3461 3189 3534 producant.
3211 3456 3333 3512 Non
3364 3452 3511 3507 enim

1964 3580 2190 3622 somnus
2224 3573 2482 3633 tauquam
2512 3557 2770 3612 dominus
2802 3567 2898 3608 eos
2921 3547 3185 3610 extrudit,
3243 3541 3512 3598 cervicem

1964 3659 2094 3713 vino
2127 3655 2406 3710 subactam
2424 3646 2767 3705 contumeliae
2790 3643 2998 3696 habens
3011 3649 3240 3704 eamque
3263 3637 3512 3690 tentans;

1966 3748 2060 3802 sed
2086 3745 2247 3800 liberi
2270 3741 2515 3809 rectique
2541 3732 2975 3802 conspiciuntur.
2997 3724 3336 3780 Dormientes
3362 3732 3512 3779 vero,

1965 3852 2100 3908 pura
2131 3841 2315 3890 mente
2339 3805 2587 3888 somnum
2622 3822 2944 3892 suscipiunt,
2972 3826 3028 3871 ut
3060 3827 3238 3883 neque
3264 3805 3519 3908 secundis

1967 3893 2133 3981 iebus
2155 3923 2333 3979 levius
2353 3918 2675 3978 eﬂerantur,
2707 3925 2885 3980 neque
2918 3907 3045 3960 ullis
3095 3899 3341 3956 adversis
3385 3893 3522 3964 deji-

1967 4014 2204 4070 ciantur.
2233 4013 2293 4067 In
2313 4011 2563 4078 utrisque
2591 4005 2740 4060 enim
2767 4014 2920 4056 mens
2943 3993 3127 4052 sobria
3181 3985 3520 4044 moderatiu-

1967 4121 2095 4162 nem
2128 4112 2298 4167 tenet,
2331 4076 2711 4168 neutroquese
2737 4092 2933 4148 aﬂectu
2964 4085 3108 4139 vinci
3155 4079 3378 4151 patitui.
3409 4076 3516 4127 ita—

1970 4212 2077 4268 que
2097 4205 2153 4251 et
2181 4166 2501 4249 suavissime
2535 4166 2724 4243 etsine
2754 4177 3022 4241 molestia,
3049 4185 3239 4231 somno
3271 4184 3381 4224 non
3436 4166 3520 4218 iu-

1973 4294 2238 4356 tercepto,
2268 4283 2491 4338 dormit.

2525 4471 2752 4532 SERMO
2795 4468 2961 4524 XXX.

2559 4589 2634 4643 De
2669 4586 2934 4640 ebrietate.

2042 4702 2168 4756 Luc.
2192 4717 2303 4764 ut,
2329 4699 2418 4754 54.
2444 4725 2510 4736 --
2531 4692 2811 4752 Attendite
2843 4687 3021 4742 vobis.
3054 4699 3123 4737 ne
3158 4681 3376 4750 quando
3400 4694 3523 4749 gra-

319 4789 588 4860 ρυνθῶσιν
641 4791 697 4844 αἰ
748 4789 966 4860 καρδίαι
1012 4791 1164 4860 ὑμῶν
1209 4793 1268 4844 έν
1301 4770 1705 4864 κραιπάλῃ-καὶ
1736 4770 1874 4863 μέθῃ
1974 4810 1996 4848 ι

1849 4810 1874 4863 η
1974 4801 2170 4848 ventur
2200 4789 2364 4845 corda
2392 4795 2571 4842 vestra
2594 4783 2652 4836 in
2678 4778 2902 4849 crapula
2933 4784 2989 4835 et
3009 4775 3280 4830 ebrietate
3301 4779 3358 4824 et
3377 4770 3526 4822 curis

316 4858 414 4933 καὶ
447 4879 738 4950 μερίμναις
763 4858 1060 4951 βιοτικαίςέ
1092 4882 1186 4937 καὶ
1216 4858 1496 4952 αἰφνιδίως
1530 4858 1654 4949 ὑμῖν
1680 4858 1875 4954 επιστῇ
1945 4875 1993 4939 ’1

1848 4858 1875 4954 ᾗ
1945 4875 2142 4955 ~hujus
2169 4881 2294 4937 vita:
2330 4887 2425 4931 :ct
2455 4870 2805 4944 superveniat
2861 4868 2918 4922 in
2967 4880 3066 4921 vos
3095 4861 3377 4933 repentina
3407 4858 3525 4914 die‘s

319 4972 353 5040 ἡ
384 4971 566 5040 ἡμέρα
594 4971 798 5043 εκείνη.

405 5061 576 5130 Ῥωμ.
601 5070 690 5130 ιγ’.
715 5063 884 5126 -Ὢς
908 5064 966 5117 ἑν
990 5065 1171 5136 ἡμέρᾳ
1201 5065 1553 5146 εὐσχημόνως
1580 5071 1880 5140 περιπατή-

1979 4975 2203 5118 matiam
2236 5075 2346 5121 xm,
2401 5057 2486 5110 l5.
2507 5084 2574 5094 ——
2603 5051 2756 5107 Sicut
2778 4972 2844 5103 .in
2899 5047 2990 5102 die
3015 5046 3242 5100 honeste
3290 5040 3521 5095 ambule-

321 5168 536 5222 σωμενο
593 5153 666 5223 μὴ
715 5154 928 5224 κώμαις
1106 5133 1484 5229 μέθαιςνξνμὴ
1517 5133 1747 5224 ’κοίταις
1791 5133 1883 5214 καὶ
1989 5174 1998 5211 ι

1850 5133 1883 5212 il.
1989 5171 2112 5211 mus
2144 5171 2156 5205 :
2194 5165 2303 5204 non
2326 5149 2382 5202 in
2411 5140 2902 5200 comessationibus
2916 5146 2974 5192 et
2997 5133 3372 5196 ebrietatibus,
3421 5144 3527 5182 non

320 5240 622 5310 ἀσελγίαις.

392 5333 533 5386 Σολ.
562 5328 625 5390 ζ’.
644 5363 713 5373 --
744 5332 970 5401 ’Δγαθδν
1000 5339 1331 5410 πορευθῆναι
1361 5341 1439 5403 εἰς
1461 5336 1608 5394 οἷκον
1637 5340 1883 5404 πένθους,

320 5419 350 5486 ἤ
386 5423 468 5485 είς
494 5418 642 5476 οἷκον
672 5422 856 5476 πότου.

398 5514 639 5580 Ποροιμ.
667 5520 776 5582 κγ’.
797 5515 977 5586 -ιΜὴ
1010 5517 1119 5572 ταθι
1149 5521 1458 5592 οἰνοπότης·
1514 5526 1619 5588 πᾶς
1650 5523 1886 5593 γὰρμε-

327 5602 489 5664 om;
520 5603 837 5672 πτωχεύσει.

403 5720 445 5750 ⁸⁷
478 5720 533 5775 In
565 5718 724 5775 Gesn.
751 5718 965 5777 Stober
992 5722 1079 5778 88.

1988 5254 2042 5308 in
2074 5246 2350 5305 cubilibus
2377 5251 2432 5296 et
2461 5237 2840 5308 impudicitiis.

2059 5336 2231 5394 Eccic.
2264 5349 2356 5395 vn,
2389 5331 2442 5384 '5.
2472 5322 2764 5382 —ﬁonum
2794 5335 2876 5378 εει
2901 5321 2984 5376 ire
3005 5317 3061 5373 in
3084 5318 3302 5373 domum
3332 5315 3531 5374 luctus,

1989 5443 2149 5500 quam
2185 5426 2238 5478 in
2270 5422 2490 5476 domum
2519 5415 2774 5471 convivii.

2060 5518 2214 5571 Prov.
2243 5527 2392 5574 χχιιι,
2417 5509 2508 5572 9.0,
2539 5507 2628 5561 2i.
2662 5503 2866 5558 —Noli
2897 5518 3017 5557 esse
3041 5499 3153 5554 viui
3186 5496 3382 5560 bibax;
3415 5508 3532 5548 oni-

1994 5611 2076 5665 uis
2102 5606 2246 5662 enim
2274 5604 2401 5658 vino
2423 5601 2636 5656 deditus
2668 5591 3011 5650 mendicabit.
