4246 6438
775 383 879 446 883

770 586 1078 643 nitionibus
1110 590 1225 644 suis
1250 591 1528 661 relinquet
1550 595 1850 651 infamiam.

842 676 1009 732 Eccli.
1060 694 1203 745 uxr,
1238 682 1327 735 41.
1362 684 1516 739 -Ιιι
1572 686 1826 742 convivio
1872 688 1986 744 vini
2028 704 2100 745 ne
2146 704 2346 760 arguas

769 770 1107 836 proximum,
1140 778 1198 826 et
1241 787 1355 829 non
1408 775 1679 845 despicias
1730 792 1859 834 eum
1890 780 1946 834 in
2001 781 2345 852 iucunditate

771 858 939 914 illius.

838 950 1046 1008 Basilii.
1075 986 1146 995 —
1185 958 1254 1013 Ut
1301 959 1447 1012 enim
1503 974 1646 1030 aqua
1700 962 2024 1018 adversatur
2086 964 2219 1035 igni,
2263 964 2346 1019 sic

766 1040 884 1095 vini
918 1044 1317 1103 immoderatus
1342 1058 1507 1118 potus
1530 1051 1804 1107 rationem
1841 1054 2165 1124 exstinguit.

836 1132 1093 1202 Optimus
1116 1138 1230 1193 vini
1262 1148 1427 1208 potus
1443 1142 1642 1197 modus
1662 1152 1769 1208 est,
1806 1145 2059 1215 corporis
2091 1158 2345 1200 necessa-

767 1236 885 1276 τιυε
910 1239 1064 1279 usus.

822 1314 987 1383 617
1010 1316 1265 1375 Ebrietas
1309 1322 1603 1379 Dominum
1634 1340 1745 1380 non
1777 1326 2041 1396 suscipit;
2064 1327 2342 1397 Spiritum

764 1417 1016 1461 sanctum
1049 1412 1295 1478 expellit.
1340 1414 1477 1468 Nam
1510 1414 1695 1470 fumus
1724 1416 1949 1485 quidem
1994 1433 2128 1488 apes
2155 1417 2340 1488 fugat;

762 1498 988 1565 crapula
1016 1515 1150 1554 vero
1182 1502 1451 1571 spiritalia
1471 1504 1619 1560 dona
1646 1506 1919 1562 eliminat.

826 1588 1089 1660 Theologi.
1116 1621 1187 1632 —
1217 1595 1395 1664 Atque
1434 1596 1492 1650 hi
1524 1598 1749 1667 quidem
1778 1600 1847 1653 ad
1874 1600 2023 1655 hunc
2047 1601 2273 1656 modum
2323 1617 2338 1654 :

760 1694 865 1733 nos
882 1690 1063 1736 autem
1100 1683 1155 1737 in
1182 1684 1310 1740 altis
1330 1695 1388 1743 et
1412 1688 1751 1745 sublimibus
1773 1692 1952 1755 lectis,
1984 1692 2339 1762 eximiisque,

760 1778 818 1823 et
853 1785 976 1839 quae
1007 1788 1146 1842 pene
1179 1782 1403 1846 tangere
1435 1779 1588 1834 nefas
1614 1780 1708 1846 sit,
1738 1781 2026 1851 stragulis,
2064 1782 2339 1853 splendidi

1939 397 1998 455 S.
2041 397 2326 457 MAXIMI
2360 399 2868 462 CONFESSORIS

840 492 947 559 Qui
974 494 1209 551 libenter
1230 497 1285 551 in
1311 497 1423 552 vini
1444 501 1823 569 potationibus
1847 512 2117 571 moratur,
2141 507 2200 561 in
2222 523 2346 563 mu-
2377 513 2425 568 Α

3924 400 4030 463 884

2533 509 2636 573 "0;
2664 513 2813 565 ἐστιν
2845 513 2974 583 ἡδὺς
2998 514 3057 566 ἐν
3082 512 3241 566 οίνων
3264 513 3591 582 διατριϐαῖς,
3620 512 3680 564 ἐν
3697 513 3812 577 τοῖς
3833 513 4029 567 ἑαυτοῦ

2445 602 2768 672 ὀχυρώμασι
2800 603 3124 673 καταλείψει
3150 606 3401 674 ἀτιμίαν.

2516 695 2717 764 Σιρὰχ.
2744 699 2858 750 λα’.
2886 726 2955 738 -
2983 696 3073 749 Ἐν
3104 696 3391 766 συμποσίῳ
3417 697 3562 750 οίνου
3601 696 3677 767 μὴ
3706 695 3899 767 ἔλεγχε
3932 698 4029 751 τὸν

2447 785 2713 855 πλησίον,
2766 788 2861 841 καὶ
2914 786 2990 857 μὴ
3027 783 3395 860 ἑξουδενὼσῃς
3423 788 3589 842 αὐτὸν
3632 789 3690 840 ἐν
3714 787 4027 858 εὐφροσύνῃ

2445 874 2634 928 αὑτοῦ.

2514 970 2819 1022 Βασιλ.-
2853 966 3070 1040 ’Ὠσπερ
3098 968 3208 1040 γὰρ
3242 967 3386 1041 ὕδωρ
3432 968 3693 1038 πολέμιόν
3722 970 3839 1022 ἐστι
3864 969 4021 1037 πυρὶ,

2442 1055 2619 1121 οὕτως
2638 1059 2877 1130 ἀμετρία
2893 1059 3038 1114 οἴνου
3062 1060 3320 1130 λογισμὸν
3335 1061 3731 1114 κατασϐέννυσι
3747 1059 4020 1129 σώφρονα.

2513 1150 2731 1221 Μέτρον
2759 1151 2983 1222 ἄριστον
3014 1151 3115 1220 τῆς
3146 1152 3241 1205 τοῦ
3269 1153 3415 1206 οῐνου
3446 1154 3697 1223 χρήσεως
3719 1193 3735 1217 ,
3792 1152 3827 1222 ἡ
3861 1151 4023 1221 χρεία

2442 1238 2539 1292 τοῦ
2567 1239 2844 1310 σώματος.

2512 1330 2693 1402 Μέθη,
2726 1332 2931 1403 Κύριον
2958 1334 3058 1403 οὐχ
3078 1334 3420 1405 ὑποδέχεται.
3453 1333 3677 1403 Πνεῦμα
3710 1331 3864 1399 ἅγιον
3886 1331 4022 1384 ἀπο-

2441 1420 2651 1474 διώκει.
2699 1424 2921 1488 Καπνὸς
2954 1426 3051 1495 μὲν
3084 1426 3215 1495 γὰρ,
3258 1425 3552 1493 φυγαδεύει
3584 1424 3846 1493 μελίσσας
3866 1438 3879 1452 ·
3914 1440 4019 1492 χα-

2446 1512 2687 1583 ρίσματα
2713 1514 2769 1568 δέ
2799 1517 3150 1586 πνευματικὰ
3180 1515 3479 1570 ἀποδιώκει
3510 1513 3811 1583 κραιπάλη.

2516 1605 2687 1658 Θεολ.
2724 1634 2795 1644 —
2827 1606 2938 1659 Καὶ
2978 1608 3028 1660 οί
3065 1607 3165 1677 μὲν
3202 1606 3471 1675 πένητες,
3520 1604 3727 1668 οὔτως·
3759 1606 3918 1674 ἡμεῖς
3959 1603 4017 1656 δὲ

2444 1695 2851 1765 ἀνακεισόμεθα
2881 1698 3126 1769 λαμπροὶ
3155 1699 3444 1769 λαμπρῶς,
3476 1699 3571 1751 ἐπὶ
3606 1696 3855 1757 στιϐάδος
3883 1697 4020 1765 ὑψη-

2443 1785 2541 1856 λῆς
2567 1804 2628 1840 τε
2656 1788 2752 1841 καὶ
2782 1789 3060 1861 μετεώρου
3086 1834 3101 1857 ,
3148 1792 3245 1845 καὶ
3278 1789 3386 1844 τῶν
3416 1789 3689 1860 περιττῶν
3717 1789 3812 1841 καὶ
3838 1787 4018 1856 ἀψαύ-

760 1862 1051 1930 splendide
1098 1868 1509 1924 recumbemus.
1561 1869 1632 1926 Et
1657 1870 1894 1942 quidem
1940 1871 2019 1926 illi
2080 1852 2339 1943 praeclare
2370 1852 2413 1907 Β

2370 1852 2413 1907 Β
2443 1852 2585 1933 στων
2611 1852 3023 1950 ἐπιϐλημάτων.
3047 1852 3158 1935 Καὶ
3190 1883 3303 1945 τοῖς
3339 1881 3439 1951 μὲν
3462 1852 3630 1941 πολὺς
3646 1880 3693 1911 ⁸⁸
3729 1852 3898 1948 κόρος.
3921 1878 4017 1930 καὶ

758 1967 946 2007 secum
993 1956 1079 2026 agi
1125 1958 1429 2026 putabunt,
1461 1961 1508 2015 si
1535 1961 1621 2016 vel
1668 1977 1808 2032 aqua
1845 1963 2208 2033 expleantur;
2241 1980 2344 2020 nos

757 2053 943 2099 autem
972 2045 1085 2101 vini
1111 2050 1308 2117 pocula
1336 2066 1510 2122 usque
1533 2053 1601 2108 ad
1627 2053 1953 2111 ebrietatem
1981 2056 2300 2113 hauriemus
2324 2075 2338 2111 :

758 2133 871 2189 imo
917 2135 1085 2191 etiam
1119 2138 1264 2194 ultra
1293 2142 1673 2199 temulentiam
1698 2186 1712 2207 ,
1745 2146 1893 2216 quod
1925 2147 2119 2202 saltem
2147 2148 2213 2201 ad
2243 2164 2341 2203 eos

754 2222 958 2280 attinet
989 2226 1084 2295 qui
1116 2230 1325 2299 majore
1372 2232 1803 2303 intemperantia
1850 2235 2133 2302 laborant;
2169 2246 2337 2308 atque

754 2328 824 2368 ex
878 2316 1133 2385 pluribus
1183 2322 1330 2376 vinis
1378 2323 1487 2378 alia
1513 2325 1865 2395 rejiciemus;
1916 2328 2045 2392 alia,
2093 2337 2153 2383 ut
2208 2345 2338 2384 sua-

755 2402 845 2458 via
876 2414 933 2459 et
965 2415 1142 2475 grata,
1195 2409 1590 2478 probabimus,
1621 2412 1690 2468 de
1731 2414 1856 2469 aliis
1902 2417 2071 2471 etiam
2096 2418 2342 2486 philoso-

756 2495 1077 2563 phabimur,
1110 2508 1276 2569 atque
1310 2500 1651 2559 detrimento
1673 2504 1962 2571 ducemus,
2001 2506 2109 2561 nisi
2134 2508 2204 2562 ad
2239 2524 2338 2578 pa-

757 2582 946 2647 trium,
974 2586 1140 2641 etiam
1190 2589 1466 2644 exoticum
1513 2593 1790 2662 quoddam
1821 2595 2009 2649 vinum
2057 2597 2203 2651 inter
2231 2599 2338 2653 alia

756 2676 976 2731 celebre
1010 2678 1164 2733 velut
1195 2686 1466 2750 tyrannus
1492 2684 1811 2738 accesserit.
1850 2684 1961 2741 Nos
1987 2686 2191 2757 quippe
2216 2688 2338 2743 lau-

2442 1966 2638 2033 ὓδατος
2658 1983 2672 1997 ⁶
2706 1971 2839 2039 ἡμῖν
2868 1970 2926 2023 δὲ
2966 1971 3061 2024 καὶ
3092 1971 3253 2042 μέχρι
3296 1970 3469 2041 μέθης
3499 1970 3548 2023 oi
3578 1970 3671 2021 τοῦ
3701 1968 3844 2022 οἴνου
3881 1984 4019 2037 κρα-

2436 2064 2636 2133 τῆρεςο
2670 2063 2872 2134 μᾶλλον
2915 2064 2972 2119 δὲ
3004 2065 3101 2119 καὶ
3143 2066 3284 2137 ὑπὲρ
3318 2065 3492 2135 μέθην
3515 2067 3629 2127 τοῖς
3664 2060 4019 2117 ἀκολαστοτέ-

2441 2168 2557 2221 ροις
2576 2170 2591 2185 ·
2622 2155 2718 2206 καὶ
2743 2156 2838 2207 τὸν
2873 2156 2971 2225 μὲν
3001 2156 3448 2226 ἀποπεμψάμεθα
3475 2154 3586 2206 τῶν
3615 2154 3797 2217 οίνων,
3827 2152 3921 2204 τὸν
3955 2151 4017 2203 δὲ

2435 2243 2800 2316 ἐκκρινοῦμεν
2830 2248 2905 2310 ὡς
2935 2246 3235 2318 ἀνθοσμίαν
3256 2261 3271 2277 °
3317 2247 3447 2317 περὶ
3494 2246 3549 2299 δέ
3581 2245 3675 2299 τοῦ
3717 2243 4017 2313 φιλοσοφή-

2438 2351 2607 2406 σομεν
2626 2352 2641 2369 ·
2683 2338 2858 2409 ζημία
2886 2339 2967 2403 δέ,
2999 2341 3050 2391 εἰ
3078 2339 3153 2410 μὴ
3180 2338 3479 2410 προσέσται
3511 2337 3588 2408 τῷ
3613 2335 3884 2407 ἐγχωρίῳ,
3918 2336 4019 2387 καὶ

2434 2425 2546 2479 τῶν
2573 2427 2991 2499 ὀνομαζομένων
3019 2430 3185 2497 ξένων
3224 2447 3309 2493 τις
3328 2469 3343 2493 ,
3375 2429 3565 2500 ὥσπερ
3594 2428 3881 2500 τύραννος.
3924 2429 4021 2479 Δεῖ

2435 2515 2545 2585 γὰρ
2575 2517 2724 2585 ἡμᾶς
2753 2518 2957 2586 ἁδροὺς
2994 2518 3089 2571 καὶ
3119 2518 3219 2589 τῆς
3249 2518 3437 2590 χρείας
3483 2517 3902 2589 περιττοτέρως
3934 2511 4016 2568 εί-

2440 2622 2529 2660 ναι
2550 2623 2564 2637 ο
2598 2608 2788 2680 ὥσπερ
2824 2611 3273 2681 αἰσχυνομένους,
3299 2612 3349 2663 εί
3378 2611 3451 2680 μὴ
3488 2610 3650 2663 κακοὶ
3680 2608 4018 2679 νομιζόμεθα

2402 2714 2407 2719 ·
2436 2698 2532 2751 καὶ
2557 2697 2733 2753 δοῦλοι
2764 2702 3024 2772 γαστρὸς,
3057 2702 3152 2756 καὶ
3186 2701 3298 2756 τῶν
3320 2701 3428 2756 ὑπὸ
3458 2702 3724 2773 γαστέρα.

759 2778 843 2823 tos
867 2779 925 2824 et
964 2771 1262 2841 delicatos,
1293 2791 1357 2831 ac
1386 2791 1552 2847 supra
1592 2794 1756 2847 quam
1792 2795 1924 2835 usus
1962 2780 2165 2851 exigat,
2226 2786 2571 2853 profusiores
2607 2808 2729 2850 esse
2772 2771 2941 2865 atque
2981 2795 3176 2851 haberi
3213 2794 3410 2862 decet;
3448 2771 3679 2865 perinde
3713 2802 4019 2866 atqueve-

757 2872 977 2914 reamur
1010 2877 1080 2915 ne
1110 2878 1220 2917 non
1267 2865 1397 2919 mali
1428 2866 1812 2923 existimemur
1836 2909 1852 2934 ,
1898 2872 2221 2941 ventrisque
2270 2890 2335 2930 ac
2372 2894 2743 2938 venereorum
2776 2885 3070 2955 mancipia.

829 2946 1094 3019 Clirysost.
1126 2980 1196 2990 —
1222 2951 1329 3018 Qui
1362 2952 1634 3010 ebrietate
1676 2964 1735 3009 et
1773 2956 1991 3012 luxuria
2022 2958 2193 3014 vitam
2228 2960 2335 3016 du-

756 3048 913 3101 cunt,
950 3040 1037 3095 his
1065 3042 1120 3095 in
1146 3044 1326 3098 noctis
1355 3045 1612 3100 tenebras
1639 3046 1759 3102 dies
1780 3049 2050 3103 vertitur:
2074 3063 2186 3105 non
2217 3052 2335 3107 vel-

2513 2971 2814 3040 Χρυσόστ.
2833 3003 2906 3013 -
2925 2975 3052 3039 Τοῖς
3077 2977 3133 3029 ἐν
3163 2975 3302 3047 μέθῃ
3346 2976 3441 3030 καὶ
3483 2975 3751 3047 ἀκολασίᾳ
3785 2973 4018 3046 βιοῦσιν,

2443 3064 2475 3134 ἡ
2502 3064 2689 3135 ἡμέρα
2719 3066 2855 3137 πρὸς
2880 3067 2943 3120 τὸ
2971 3068 3075 3138 τῆς
3105 3069 3303 3132 νυκτὸς
3336 3068 3773 3139 μεταστρέφεται
3803 3068 4016 3131 σκότος’

756 3142 819 3186 ut
867 3132 949 3186 sol
982 3134 1385 3204 exstinguatur,
1433 3138 1527 3192 sed
1562 3138 1709 3208 quod
1738 3154 1932 3194 eorum
1967 3142 2186 3197 animus
2219 3143 2334 3199 vini
2364 3219 2401 3233 Α

2364 3219 2401 3233 Α
2441 3132 2501 3210 οὐ
2524 3132 2643 3212 ’τού
2689 3132 2841 3229 ἡλίου
2891 3132 3278 3233 σϐεννυμένου,
3313 3132 3451 3217 ἀλλά
3495 3132 3597 3232 cii;
3626 3132 3864 3217 ’ἐκείνων
3908 3162 4021 3216 6m-

754 3224 977 3292 crapula
1004 3225 1449 3284 obtencbreseat.

824 3314 1061 3386 Evagrii.
1086 3318 1306 3385 Vinum,
1337 3336 1571 3393 corpus;
1602 3325 1698 3381 Dei
1741 3342 1925 3383 sermo
1968 3330 2214 3385 animum
2244 3348 2334 3387 ro-

754 3407 934 3462 borat.

820 3500 1117 3557 Plutarchi.
1150 3534 1220 3545 —
1268 3506 1457 3563 Mundi
1501 3510 1728 3580 quidem
1758 3512 1871 3585 igni
1908 3524 1966 3571 et
1999 3531 2158 3587 aqua:
2179 3517 2336 3572 labes

752 3608 817 3648 ac
857 3594 1119 3651 interitus
1146 3606 1266 3664 est;
1298 3599 1706 3659 luxuriosorum
1727 3621 1863 3662 vero
1892 3623 2026 3679 opes
2051 3609 2335 3664 amoribus

752 3691 1021 3737 corruunt
1044 3693 1100 3739 et
1131 3688 1479 3743 temulentia.

812 3792 1090 3865 Diogenes.
1122 3828 1189 3839 —
1214 3798 1352 3853 Cum
1388 3800 1467 3855 illi
1499 3803 1554 3857 in
1587 3805 1824 3873 quodam
1853 3809 2108 3864 convivio
2130 3811 2335 3882 largius

751 3899 966 3939 merum
998 3889 1417 3958 propinaretur,
1455 3892 1509 3948 id
1538 3895 1754 3952 effudit.
1793 3897 1952 3964 Quod
1989 3916 2127 3955 vero
2162 3902 2334 3973 aliqui

752 3992 871 4031 rem
914 3978 1301 4048 improbabant
1341 3999 1356 4037 :
1393 3984 1450 4039 Si
1483 3986 1735 4052 ebibero,
1774 3989 1972 4059 inquit,
2009 4008 2121 4047 non
2153 3994 2332 4048 solum

753 4068 942 4123 vinum
970 4071 1198 4140 peribit,
1235 4074 1332 4129 sed
1358 4084 1415 4131 et
1443 4093 1529 4132 me
1555 4094 1664 4133 una
1691 4095 1880 4135 secum
1911 4084 2124 4152 perdet.

826 4180 1416 4258 Menandri.-——lnjuria
1462 4191 1763 4261 vinumque
1793 4194 2104 4250 amicorum
2148 4212 2335 4255 mores

751 4287 818 4328 ac
846 4274 1090 4333 indolem
1120 4280 1314 4336 amicis
1344 4281 1602 4353 detegere
1626 4284 1829 4341 solent.

750 4393 1143 4467 yultummeri
1177 4411 1371 4467 parum
1392 4412 1578 4465 sapere
1606 4398 1763 4467 cogit.

752 4465 873 4536 1_Von
914 4464 1136 4536 quidem
1162 4465 1313 4536 capia
1343 4464 1515 4535 potus,
1540 4468 1585 4521 si
1608 4464 1723 4536 quis
1759 4469 2013 4535 observet,

750 4534 1002 4607 Qesipere
1036 4534 1181 4603 facit,
1209 4534 1299 4587 sed
1321 4538 1553 4605 potantia
1573 4534 1865 4607 ingenium.

750 4604 1029 4682 galeatum
1050 4611 1124 4655 est
1146 4604 1328 4682 autem
1350 4622 1468 4657 cum
1490 4604 1737 4682 quisjme
1758 4609 1876 4662 vino
1903 4610 2058 4663 nimis
2074 4610 2326 4682 loquitur,

751 4672 899 4728 Nihil
917 4674 1106 4737 sciens,
1132 4673 1391 4728 simulam
1411 4672 1530 4728 vero
1552 4672 1699 4731 scire.

822 4783 1050 4855 Pythag.
1077 4814 1149 4824 —
1189 4784 1292 4841 Hic
1320 4785 1502 4842 aiebat
1527 4788 1857 4843 ebrietatem
1896 4790 2132 4845 vesaniae
2171 4794 2331 4846 exer4

752 4877 1110 4932 citamentum
1133 4891 1276 4932 esse.

825 4987 1109 5045 Cteostrat.
1163 5021 1233 5031 —
1278 4992 1621 5049 Cleostratus
1669 4995 1889 5051 cuidam
1921 4996 2029 5051 sibi
2081 4998 2335 5053 dicenti:

2437 3250 2586 3315 νοίας
2614 3252 3006 3325 σκοτιζομένης
3027 3257 3094 3325 τῇ
3131 3254 3293 3326 μέθῃ.

2503 3346 2825 3414 Εὐαγρίου.
2866 3376 2938 3388 —
2965 3345 3226 3401 Ῥώννυσι
3270 3346 3369 3417 μὲν
3414 3340 3557 3410 οἶνος
3590 3345 3784 3416 σῶμα·
3819 3343 3921 3415 τὴν
3960 3344 4020 3398 δὲ

2436 3440 2614 3510 ψυχὴν
2644 3439 2805 3508 λόγος
2832 3439 2994 3495 Θεοῦ,

2504 3530 2841 3599 Πλουτάρχ.
2883 3561 2952 3571 -
2999 3531 3288 3602 Φθείρεται
3337 3531 3438 3602 μέν
3492 3531 3698 3601 κόσμος
3741 3528 3876 3599 πυρὶ
3922 3527 4020 3581 καὶ

2436 3620 2620 3675 ὓδατιο
2650 3624 2679 3675 ὁ
2696 3622 2754 3676 δὲ
2778 3621 2886 3677 τῶν
2910 3621 3225 3678 ἀκολάστων
3251 3621 3505 3687 πλοῦτος,
3533 3622 3699 3692 ἔρωτι
3727 3620 3824 3675 καὶ
3849 3618 4018 3690 μέθῃ.

2505 3821 2731 3892 Διογέν.
2753 3852 2825 3863 -
2857 3822 2946 3875 Ἐν
2978 3821 3267 3892 συμποσίῳ
3301 3819 3430 3884 τινὶ,
3462 3817 3660 3874 πολλοῦ
3686 3817 3838 3888 αὐτῷ
3867 3819 4020 3875 οἴνου

2433 3912 2736 3983 διδομένου,
2785 3911 2975 3967 τοῦτον
3032 3911 3281 3981 ἐξέχεεν·
3348 3910 3473 3965 ἐπεὶ
3531 3910 3592 3964 δέ
3645 3926 3791 3972 τινες
3850 3910 4023 3963 αὑτὸν

2436 4002 2771 4073 ἐμέμφοντο,
2820 4001 2948 4055 Ἐἀν
2987 4000 3098 4069 γὰρ
3126 4000 3314 4063 αὑτὸν,
3346 3998 3453 4070 ἐφη
3480 4038 3495 4063 ,
3529 3997 3727 4063 ἐκπίω,
3752 3998 3814 4050 οὐ
3850 3996 4023 4067 μόνον

2434 4092 2600 4157 αὐτὸς
2624 4092 2946 4155 ἀπόλλυται,
2981 4091 3120 4145 ἀλλὰ
3146 4091 3293 4161 κάμὲ
3320 4089 3783 4162 προσαπόλλυσιν.

2504 4201 2805 4269 Μενάνδρ.
2826 4232 2895 4241 -
2919 4201 3118 4272 ’Υϐρις
3140 4201 3235 4255 καὶ
3260 4197 3405 4266 οἶνος
3438 4198 3852 4255 ἀποκαλύπτειν
3884 4198 4022 4253 sitis-

2437 4295 2594 4348 θασιν
2629 4294 2808 4363 φίλοις
2832 4293 2901 4347 τὰ
2928 4292 3034 4364 ἢθη
3067 4294 3177 4347 τῶν
3207 4294 3402 4362 φίλων.

2445 4409 2509 4482 'Q
2546 4405 2741 4482 πολὺς
2767 4405 3046 4482 deposce,
3068 4404 3225 4482 55.117“
3259 4402 3575 4482 ἀναγκάζει
3603 4400 3873 4482 ςεροτςεῒν.

2429 4479 2512 4530 υὺ
2537 4475 2651 4544 γὰρ
2673 4476 2739 4528 τὸ
2771 4474 3024 4541 πλῆθος,
3060 4474 3137 4544 ᾂν
3156 4472 3363 4541 σκοπῇ
3394 4490 3503 4544 τις,
3538 4472 3646 4526 τοῦ
3683 4473 3874 4526 πότου

2367 4552 2406 4606 ἰ)
2439 4542 2948 4611 Πυιὲῖζττιιροινεῐν,
2978 4543 3086 4611 τοῦ
3119 4544 3365 4607 πιόντος
3394 4542 3453 4611 δῖ
3472 4543 3509 4608 ἡ
3534 4543 3740 4611 φύσις.

2437 4607 2717 4667 Χαλεπὸῦ
2748 4613 2893 4667 ὅταν
2918 4631 3008 4677 τις
3033 4607 3121 4665 ὧν
3154 4616 3300 4677 πίνῃ
3340 4607 3751 4678 xin-aruum,

2437 4682 2646 4752 Μηδὲν
2676 4682 2954 4748 κατιδὼν,
2986 4680 3149 4737 ἀλλὰ
3173 4682 3710 4750 προσποιούμενος.

2506 4802 2733 4867 Πυθαγ.
2756 4827 2826 4838 -
2848 4792 3018 4861 Οὗτος
3048 4797 3202 4864 ἔλεγε
3231 4837 3246 4863 ,
3274 4796 3385 4867 Τὴν
3417 4795 3612 4867 μέθην,
3643 4794 3841 4865 μανίας
3871 4788 4026 4848 εἶναι

2440 4890 2695 4961 μελέτην.

2506 5003 2878 5068 Κλεόστρατ.
2928 5028 2996 5039 -
3034 4999 3413 5069 Κλεόστρατος
3458 4998 3595 5069 πρὸς
3642 4997 3735 5051 τὸν
3789 4998 4029 5051 εἰπόντα

755 5081 878 5137 Non
915 5091 967 5135 te
995 5082 1188 5151 pudet,
1216 5083 1312 5153 qui
1330 5085 1521 5139 ebrius
1549 5086 1627 5140 sis
1652 5126 1667 5151 ,
1691 5088 1977 5157 respondit
2011 5106 2025 5142 :
2060 5089 2174 5144 Nec
2206 5106 2338 5145 vero

2434 5091 2607 5162 αὐτῷ,
2637 5092 2752 5145 Οὐκ
2781 5090 3014 5163 αἰσχύνῃ
3047 5090 3284 5161 μεθύων,
3312 5092 3441 5162 ἐφη,
3469 5090 3541 5144 Σὺ
3565 5090 3621 5143 δὲ
3646 5091 3749 5143 οὑκ
3778 5090 4026 5162 αἰσχύνῃ

758 5170 992 5240 teipsum
1028 5172 1220 5240 pudet,
1252 5173 1399 5241 quod
1433 5173 1715 5229 hominem
1744 5178 1963 5233 ebrium
1992 5180 2274 5250 corripis?

816 5264 1045 5334 Epictet.
1073 5295 1142 5303 —
1170 5264 1420 5329 Cieades,
1446 5281 1660 5322 canora:
1676 5278 1803 5322 sunt
1826 5288 1840 5337 ;
1861 5271 2103 5327 cochleae
2129 5282 2335 5338 autem,

2436 5184 2704 5255 μεθύοντα
2730 5184 2999 5237 νουθετῶν
3020 5200 3035 5249 ;

2519 5275 2894 5340 Ἐπικτήτου.
2920 5307 2990 5318 -——
3024 5277 3087 5328 Ui
3130 5276 3371 5342 τέττιγες
3422 5273 3707 5344 μουσικοί·
3741 5274 3792 5326 οἱ
3826 5273 3883 5326 δὲ
3920 5292 4027 5328 κο-

758 5363 956 5421 mutaa;
1014 5356 1399 5426 gaudentque,
1432 5357 1515 5436 hu:
1564 5361 1787 5430 quidem
1818 5403 1833 5427 ,
1869 5364 2037 5433 618
2105 5365 2336 5421 humido

2442 5366 2587 5437 χλίαι
2614 5407 2630 5433 ,
2678 5368 2885 5435 ἄφωνοι
2907 5383 2919 5396 ’
2972 5368 3223 5438 χαίρουσι
3256 5366 3315 5419 δὲ
3337 5405 3352 5429 ,
3384 5367 3433 5418 oi
3467 5368 3564 5435 μὲν
3597 5365 4025 5435 ὑγραινόμενοι·

760 5446 1069 5513 allabente;
1121 5448 1225 5502 illas
1259 5465 1413 5514 vero,
1445 5452 1625 5507 calido
1666 5452 2016 5509 confovente.
2068 5452 2337 5511 Cochleas

2441 5460 2488 5510 oi
2517 5457 2593 5519 δὲ.
2628 5457 3043 5528 ἀλεαινὼμενοι.
3066 5458 3299 5510 Ἔπειτα
3328 5455 3704 5526 προκαλεῖται,
3728 5456 3859 5518 τοὺς
3891 5455 4026 5524 μὲν,

760 5555 853 5594 ros
875 5538 1112 5605 excitat,
1143 5555 1251 5609 qua
1290 5541 1615 5600 infundente
1649 5546 1960 5617 gurgitibus
1985 5558 2226 5612 exeunt;
2256 5548 2334 5602 ci-

760 5630 923 5686 cadas
961 5630 1041 5685 sol
1084 5630 1378 5688 ardoribus
1402 5646 1685 5706 provocat,
1727 5652 1826 5708 per
1849 5654 1990 5709 quos
2034 5638 2330 5693 stridulum

2443 5547 2719 5619 ἠδρόσος·
2758 5549 2853 5601 καὶ
2892 5548 2984 5602 ἐπὶ
3030 5546 3203 5617 ταύτῃ
3237 5546 3550 5600 ἐκδύνουσιο
3584 5546 3713 5609 τοὺς
3750 5546 3797 5599 δ’
3829 5541 3901 5599 αὖ
3939 5548 4028 5601 δι-

2442 5639 2645 5707 εγείρει
2677 5640 2945 5711 ἀκμάζων
2973 5640 3000 5693 ὁ
3041 5638 3213 5708 ἥλιος,
3250 5637 3346 5689 καὶ
3372 5637 3429 5689 ἐν
3462 5635 3610 5705 αὐτῷ
3640 5635 3849 5707 ᾄδουσι.
3884 5636 4027 5689 Τοι-

2062 5726 2291 5783 VARl/E
2332 5727 2731 5784 LElZ'l'lUNl‘IS.

836 5793 878 5821 ⁵⁸
909 5792 963 5846 Β.
1007 5794 1133 5847 πολύ
1162 5813 1226 5847 τε.
