4246 6438
284 383 383 446 885

1575 389 1746 451 LOCI
1784 390 2218 453 COMMUNES.

3409 397 3514 462 886

281 498 480 571 γαροῦν
508 498 557 552 εί
586 498 767 569 βούλει
795 500 1058 571 μουσικὸς
1085 500 1180 555 καὶ
1204 501 1546 575 εὐάρμοστος
1575 505 1845 577 ὑπάρχειν
1871 510 1921 570 Α
1946 526 1958 561 ι

1839 525 1845 552 ι
1871 510 1921 570 Α
1946 509 2121 564 melos
2152 510 2485 564 cantilantes
2526 510 2721 566 edunt.
2771 511 2923 583 Ergo
2948 510 2994 566 si
3044 512 3252 566 musice
3281 526 3516 567 canorus

280 590 418 661 ἀνὴρ
443 630 460 656 ,
491 589 654 661 ἡνίκα
694 590 793 662 μὲν
820 592 878 643 ὲν
909 593 1022 655 τοῖς
1052 592 1238 657 πότοις
1271 594 1378 648 ὑπὸ
1420 595 1513 649 τοῦ
1542 597 1687 650 οῐνου
1716 600 1841 666 δρο-

282 683 434 753 σισθῇ
465 685 498 753 ὴ
520 681 666 753 ψυχὴ
692 723 707 747 ,
737 684 861 737 τότε
889 683 1059 755 αὐτὴν
1099 684 1177 755 μὴ
1206 683 1270 740 ἔα
1295 685 1595 757 προϊοῦσαν
1618 687 1844 757 μολύνε-

282 772 432 826 σθαι’
480 773 596 828 ἀλλ’
628 774 791 844 ἡνίκα
824 775 885 828 ὲν
911 777 1029 839 τοῖς
1073 776 1370 849 συνεδρίοις
1403 778 1509 832 ὑπὸ
1547 779 1645 832 τοῦ
1682 778 1843 848 λόγου

278 864 592 936 διαωρωθῇ
618 904 634 929 ,
656 866 778 919 τότε
805 864 1085 933 θεσπίζειν
1111 867 1207 922 καὶ
1231 868 1379 939 ᾄδειν
1400 869 1470 923 τὰ
1495 870 1600 940 τῆς
1640 870 1847 925 δικαιο-

282 955 445 1024 σύνης
477 956 665 1009 κέλευε
696 956 873 1024 λόγια.

342 1048 575 1116 Αίσχίν.
606 1076 675 1088 -
708 1047 1033 1120 Κάτοπτρον
1076 1048 1255 1115 εἴδους
1295 1049 1495 1122 χαλκός
1525 1051 1661 1119 ἐστ’,
1706 1047 1849 1117 οἶνος

279 1137 336 1191 δὲ
364 1136 476 1191 νοῦ.

363 1228 732 1298 Ἀνάχαρσις.
756 1259 829 1271 —
851 1231 1199 1304 Κιρναμένου
1243 1233 1522 1304 κρατῆρος
1571 1234 1848 1304 έφεστίου,

282 1319 374 1374 τὸν
407 1320 509 1391 μὲν
538 1321 758 1392 πρῶτον
782 1321 1009 1390 ὑγείαςο
1056 1322 1148 1377 τὸν
1192 1323 1250 1377 δὲ
1295 1323 1569 1395 δεύτερον,
1617 1324 1847 1397 ἡδονῆς⁰

282 1409 374 1464 τὸν
400 1410 456 1464 δὲ
486 1412 688 1482 τρίτον,
717 1411 929 1482 ὕϐρεως
947 1428 963 1443 '
991 1413 1086 1467 τὸν
1114 1412 1173 1466 δὲ
1198 1413 1528 1482 τελευταῖον,
1562 1414 1779 1485 μανίας.

352 1586 621 1642 Πλάτων.
652 1616 724 1629 --
745 1587 977 1644 Μεθύων
1001 1589 1363 1661 κυϐερνήτης,
1388 1589 1485 1644 καὶ
1512 1591 1623 1652 πᾶς
1654 1592 1852 1656 παντὸς

282 1678 488 1749 ἄρχων,
532 1677 827 1750 ἀνατρέπει
875 1680 1089 1749 πάντα,
1135 1682 1245 1735 εἴτε
1277 1681 1482 1747 πλοῖον,
1523 1682 1633 1735 είτε
1678 1683 1852 1755 ἅρμα,

281 1767 396 1822 εῐτε
428 1770 812 1838 στρατόπεδον,
843 1770 954 1825 εἴτε
985 1771 1016 1826 ὃ
1052 1772 1106 1826 τί
1137 1788 1268 1826 ποτε
1301 1773 1385 1843 εἴη
1414 1773 1477 1827 τὸ
1504 1773 1855 1845 κυϐερνώμε-

282 1876 374 1915 νον
395 1861 488 1914 im‘
518 1859 707 1918 αὑτοῦ.

355 1954 781 2022 Σοφοκλειους.
827 1983 897 1996 -
934 1955 1209 2028 Σοφοκλῆς
1254 1958 1535 2029 ἐμέμφετο
1577 1960 1852 2030 Αἰσχύλῳ,

283 2043 369 2097 δτι
425 2043 640 2115 μεθύων
687 2045 918 2118 ἔγραφε.
964 2048 1077 2104 Καὶ
1107 2048 1216 2122 γὰρ
1246 2052 1297 2106 εί
1340 2053 1413 2106 τὰ
1450 2051 1643 2108 δέοντα
1688 2055 1850 2122 ποιεῖ,

283 2136 474 2205 φησιν,
498 2136 614 2189 ἀλλ’
641 2137 742 2190 οὐκ
769 2137 929 2201 εἰδώς
953 2155 1042 2208 γε.

369 2224 670 2293 Ἐπικτήτ.
701 2255 772 2266 —
807 2227 874 2281 Ἥ
904 2227 1150 2299 ἄμπελος
1192 2234 1345 2304 τρεῖς
1389 2234 1623 2306 βότρυας
1667 2236 1850 2309 φέρει,

284 2314 380 2368 τὸν
415 2315 516 2384 μὲν
547 2317 763 2386 πρῶτον
801 2319 1023 2391 ὴδονῆςο
1071 2322 1164 2377 τὸν
1208 2323 1463 2397 δεύτερον
1511 2326 1709 2399 μέθης·
1761 2329 1856 2382 τὸν

286 2405 475 2477 τρίτον
508 2406 738 2479 ὕϐρεως.

373 2498 464 2553 Ἐν
495 2498 622 2553 οῐνω
649 2499 724 2573 μὴ
752 2501 1064 2573 πολυλόγει,
1102 2504 1549 2579 ιπιδεικνύμενος
1578 2508 1855 2564 παιδείαν

287 2593 492 2664 κολερά
519 2594 627 2666 γὰρ
651 2596 992 2671 amoma.

286 2683 574 2757 @éﬂquc
596 2687 769 2741 ἐστιν
800 2691 833 2742 ό
865 2689 1046 2757 τριῶν
1071 2691 1263 2747 πίνων
1283 2691 1494 2757 πλέον,

290 2753 423 2809 Κᾶν
438 2754 527 2824 μὴ
547 2757 810 2826 μεθύση,
840 2753 1099 2829 ὑπερέϐη
1130 2762 1198 2816 τὸ
1220 2761 1458 2832 μέτρον.

853 2916 1071 2971 ΛΟΓΟΣ
1106 2915 1214 2979 ΛΔ⁹
1231 2918 1297 2971 ⁹⁹.

540 3001 678 3073 Περὶ
704 3004 1044 3073 πσῤῥησίας
1069 3005 1169 3062 καὶ
1202 3007 1308 3061 τοῦ
1332 3006 1606 3077 ἐλέγχου.

390 3093 564 3148 Ιωάν.
590 3064 931 3159 ξ’.-ούδείς
960 3064 1280 3168 ένσκρυπτῷ
1311 3097 1363 3152 τί
1388 3064 1551 3165 πὸίὲῖ,
1584 3099 1677 3153 καὶ
1708 3100 1861 3172 ζητεῖ
1887 3064 1930 3122 C

289 3182 457 3248 αὐτὸς
490 3185 551 3238 ὲν
573 3186 857 3256 παρρησίᾳ
887 3180 1028 3240 εῖναι
1058 3188 1161 3257 (u).

374 3272 506 3329 Ἐὰν
550 3275 584 3343 ἠ
639 3275 840 3348 καρδία
886 3276 1046 3349 ἡμῶν
1098 3277 1175 3350 μὴ
1228 3279 1630 3348 καταγινώσκει
1680 3283 1857 3353 ἡμῶν,

289 3364 608 3437 παρρησίαν
634 3364 829 3435 ἔχομεν
866 3365 1005 3438 πρὸς
1040 3366 1133 3421 τὸν
1161 3366 1327 3422 Θεόν·
1372 3370 1469 3423 καὶ
1496 3370 1525 3424 δ
1556 3370 1655 3441 μὲν
1680 3370 1862 3425 αίτοῦ-

292 3471 419 3525 μεν,
450 3454 820 3527 λαμϐάνομεν,
856 3458 988 3529 παρ’
1017 3456 1184 3512 αὐτοῦ
1212 3495 1230 3523 ,
1258 3459 1341 3513 ὅτι
1369 3459 1469 3525 τὰς
1512 3461 1734 3527 ἐντολὰς
1766 3462 1864 3518 αύ-

288 3544 387 3599 τοῦ
416 3546 674 3617 τηρῶμεν
695 3586 711 3613 ,
768 3548 861 3603 καὶ
890 3550 959 3603 τὰ
997 3548 1205 3619 ἀρεστὰ
1238 3548 1468 3607 ἐνώπιον
1500 3552 1665 3607 αὐτοῦ
1706 3553 1863 3607 ποιῶ⁸

294 3653 399 3707 μεν
418 3637 487 3693 ss.

362 3728 611 3795 Παροιμ.
660 3726 746 3786 ιζ’.
781 3758 854 3769 -
890 3728 1169 3793 Ἔξουσίαν
1213 3730 1399 3786 δίδωσι
1443 3729 1659 3801 λόγοις,
1718 3732 1863 3804 ἀρχὴ

287 3817 679 3889 δικαιωσύνης.

364 3907 551 3977 Σιρὰχ
576 3907 649 3977 η’.
675 3938 747 3951 -
767 3910 859 3981 Μὴ
912 3910 1146 3985 ὲκκαίῃς
1185 3912 1462 3985 ἄνθρακας
1503 3914 1863 3985 ἁμαρτωλοὺς

289 4000 558 4070 ἐλέγχων,
606 3998 681 4072 μὴ
711 4001 1036 4074 ἑμπρησθῇς
1065 4005 1123 4057 ἐν
1162 4004 1324 4075 φλογὶ
1356 4004 1529 4076 πυρὸς
1575 4004 1865 4077 ἁμαρτιῶν

288 4108 501 4146 αυτων.

364 4186 715 4241 Βασιλείου.
755 4214 827 4227 —
864 4186 1082 4240 Ἔοικεν
1106 4186 1135 4240 ὀ
1164 4187 1261 4258 μὲν
1290 4186 1513 4258 ἔλεγχος
1534 4186 1689 4251 τέλος
1718 4184 1863 4258 ἔχειν

288 4276 394 4345 ¹τὴν
436 4275 721 4348 διόρθωσιν
757 4275 853 4331 τοῦ
885 4277 1322 4349 ἁμαρτάνοντοςο
1371 4281 1400 4333 ὁ
1440 4280 1497 4334 δὲ
1542 4278 1859 4351 ὀνειδισμὸς,

287 4365 388 4417 ἐπὶ
418 4365 777 4439 ἀσχημοσύνῃ
803 4367 900 4421 τοῦ
930 4368 1255 4433 ὲπταικότος
1282 4369 1522 4439 γίνεται.

377 4453 441 4508 '0
476 4456 857 4527 ὲφησυχάξων,
903 4459 1011 4519 καὶ,
1043 4459 1119 4531 μὴ
1158 4458 1401 4530 ἐλέγχων
1443 4460 1545 4532 τὴν
1588 4459 1864 4532 ἁμαρτίαν

288 4544 391 4600 τοῦ
425 4546 656 4616 ἀδελφοῦ
680 4588 696 4615 ,
726 4548 1072 4620 ἄσπλαγχνος
1120 4550 1305 4617 ἐστιν,
1338 4550 1529 4624 ὥσπερ
1575 4552 1605 4605 ὀ
1645 4556 1737 4606 τὸν
1786 4550 1865 4606 ίὸν

289 4638 519 4707 ἑναφεὶς
544 4638 624 4692 τῶ
653 4639 903 4711 δηχθέντι
936 4641 1041 4695 ὑπὸ
1072 4642 1166 4695 τοῦ
1199 4641 1432 4696 ίοϐόλου.

367 4732 689 4801 Θεολόγου.
723 4761 797 4774 —
829 4731 1019 4802 Πολλῷ
1053 4732 1258 4802 βέλτιον
1305 4730 1511 4802 βραχέα
1547 4731 1864 4801 λυπήσαντα

294 4821 542 4893 μέγιστα
585 4821 867 4892 ὠφελῆσαι
886 4862 902 4887 .
933 4824 969 4893 ἢ
990 4823 1053 4877 τὸ
1081 4823 1219 4894 πρὸς
1248 4822 1441 4895 ἡδονὴν
1467 4821 1729 4877 διώκοντα
1768 4821 1867 4891 ζη-

293 4912 507 4984 μιῶσαι
539 4911 619 4986 τῷ
646 4914 951 4986 κεφαλαίῳ.

364 5090 573 5157 Μεῖζον
599 5091 710 5165 γὰρ
739 5092 943 5164 ἀγαθὸν
970 5092 1031 5147 τὸ
1059 5093 1382 5165 ἐλεγχθῆναι
1406 5091 1501 5161 (υ),
1529 5089 1621 5144 τοῦ
1650 5088 1867 5157 ἐλέγξαι

1894 4406 1941 4464 D

1943 598 2047 663 vir,
2080 600 2341 668 omnique
2363 614 2432 654 ex
2459 608 2613 668 parte
2641 607 2801 671 aptus
2823 616 2946 656 esse
2973 602 3133 667 velis,
3155 615 3280 656 cum
3313 601 3367 654 in
3390 615 3492 655 con

1942 689 2104 745 viviis
2124 689 2343 744 animus
2368 690 2519 754 vino,
2557 698 2813 760 tanquam
2847 706 2972 746 rore
3010 688 3381 753 immaduerit,
3404 699 3519 743 tum

1942 795 2076 835 cave
2114 782 2350 837 ulterius
2399 796 2727 852 progressus
2778 783 3104 853 polluatur:
3142 781 3241 836 sed
3294 796 3420 835 cum
3464 780 3519 833 in

1944 875 2196 930 conciliis
2254 891 2319 929 ac
2361 875 2720 934 concessibus
2763 876 2981 930 ratione
3028 871 3352 936 incaluerit,
3405 881 3522 926 tum

1945 966 2158 1022 sancire
2182 968 2345 1037 jube,
2386 984 2449 1022 ac
2474 966 2705 1038 iustitiae
2727 968 2929 1036 placita
2959 974 3016 1023 et
3035 966 3262 1021 oracula
3293 977 3514 1019 canere.

2016 1056 2299 1110 zEschinis.
2326 1086 2395 1096 —
2424 1056 2722 1126 Speculum
2750 1054 2982 1109 formam
3008 1054 3278 1115 referens,
3309 1066 3383 1107 es
3402 1058 3522 1115 est;

1946 1148 2161 1210 vinum,
2184 1154 2427 1200 mentem
2445 1146 2748 1216 explicans.

2014 1238 2359 1293 Anacharsis.
2382 1268 2454 1278 —
2473 1238 2601 1307 Ejus
2627 1236 2810 1307 poculi
2838 1236 2986 1305 quod
3023 1233 3332 1290 honestatis
3363 1245 3527 1287 causa

1949 1328 2099 1383 domi
2135 1336 2496 1397 temperatur,
2527 1329 2767 1396 primum
2796 1326 3072 1390 sanitatis,
3108 1325 3344 1379 alterum
3366 1321 3527 1375 volu-

1950 1418 2138 1489 ptatis,
2160 1418 2383 1473 tertium
2405 1418 2641 1489 injuriae,
2662 1425 3006 1488 postremum
3024 1414 3254 1470 insania:
3268 1413 3527 1467 haustum

1953 1508 2090 1564 bibi.

2022 1596 2286 1650 Platonis.
2307 1626 2377 1636 —
2409 1597 2617 1652 Ebrius
2649 1596 3012 1668 gubernator,
3046 1610 3111 1650 ac
3144 1592 3398 1663 quisquis
3419 1590 3531 1644 ullo

1954 1688 2118 1743 modo
2140 1697 2361 1757 praeest,
2410 1688 2597 1743 omnia
2632 1688 2854 1753 evertit,
2889 1688 3005 1742 sive
3027 1686 3231 1750 navim,
3262 1684 3379 1740 sive
3407 1698 3533 1737 cur-

1954 1794 2103 1845 rum,
2156 1780 2273 1834 sive
2299 1780 2631 1844 exercitum,
2656 1778 2775 1834 sive
2816 1776 3087 1849 quidquid
3136 1776 3355 1831 tandem
3384 1774 3533 1829 illius

1956 1885 2103 1927 curae
2135 1870 2433 1940 regendum
2465 1870 2822 1926 commissum
2844 1869 3034 1923 fuerit.

2027 1958 2320 2029 Sophoclis.
2340 1989 2411 1999 —-
2437 1958 2745 2029 Sophocles
2784 1958 3107 2028 Eschylum
3154 1952 3533 2025 reprehende-

1955 2050 2071 2116 bat,
2095 2050 2242 2120 quod
2266 2050 2456 2105 ebrius
2481 2049 2773 2105 scriberet.
2792 2049 2912 2104 Etsi
2928 2047 3100 2111 enim,
3124 2045 3325 2115 inquit,
3358 2050 3530 2105 recta,

1956 2150 2014 2197 at
2040 2155 2153 2195 non
2177 2140 2528 2210 prudentem,
2556 2154 2621 2195 ac
2642 2139 2738 2208 qui
2762 2138 2902 2195 sciat
2925 2152 3055 2193 eum
3089 2136 3292 2192 facere.

2026 2231 2272 2302 Epicteti.
2322 2260 2393 2271 —
2420 2231 2564 2286 Vitis
2616 2238 2731 2285 tres
2781 2228 3041 2299 producit
3089 2241 3270 2281 uvas:
3300 2223 3534 2294 primam

1958 2321 2291 2393 voluptatis;
2322 2321 2553 2378 alteram
2568 2319 2897 2385 ebrietatis;
2920 2316 3137 2373 tertiam
3164 2311 3531 2371 contumeliae.

2028 2496 2181 2553 Inter
2205 2496 2403 2567 pocula
2430 2495 2547 2551 noli
2565 2494 2864 2549 verborum
2896 2491 3110 2561 copiam
3132 2487 3387 2550 fundere,
3409 2500 3538 2541 eru—

1962 2586 2193 2643 ditionis
2208 2586 2548 2643 ostentandae
2563 2601 2727 2641 causa
2744 2602 2758 2650 ;
2785 2583 3038 2639 ﬁetenim
3062 2589 3123 2635 ut
3141 2579 3253 2635 bile
3270 2575 3534 2648 loquaris.

1965 2696 2217 2768 Ebriosus
2246 2706 2344 2763 est,
2375 2699 2465 2768 qui
2492 2696 2843 2768 pluraitribus
2873 2694 2997 2768 bibit
3015 2691 3242 2763 pocula;
3482 2756 3493 2768 .

1965 2766 2038 2821 Ae
2058 2767 2177 2822 licet
2192 2784 2297 2822 non
2318 2763 2477 2837 fuerit
2492 2763 2812 2828 inebriatus,
2851 2763 3063 2817 modum
3093 2770 3271 2816 tamen
3300 2763 3535 2815 excessit.

2531 2915 2762 2972 SERMO
2795 2913 2984 2969 XXXI.

2168 3008 2247 3063 De
2287 3008 2525 3063 libertate
2550 3007 2795 3078 loquendi
2823 3015 2872 3061 et
2910 3005 3336 3076 reprehendendi.

2034 3098 2195 3152 Joan.
2230 3112 2329 3160 vn,
2374 3097 2428 3150 4.
2456 3125 2528 3136 ——
2555 3095 2731 3151 Nemo
2780 3095 2837 3150 in
2873 3094 3094 3151 occulto
3123 3093 3259 3164 quid
3297 3090 3449 3157 facit,
3484 3100 3542 3149 et

1967 3188 2295 3260 quaeritipse
2322 3187 2506 3242 clarus
2534 3200 2679 3241 esse.

2025 3276 2055 3331 ι
2077 3275 2237 3331 Joan.
2258 3274 2442 3339 "1,20.
2466 3273 2612 3329 —Si
2643 3288 2740 3328 cor
2773 3281 3027 3329 nostrum
3054 3287 3164 3329 non
3188 3271 3544 3343 reprehendit

1967 3381 2091 3432 nos,
2122 3366 2377 3421 ﬁduciam
2408 3364 2675 3420 habemus
2711 3364 2781 3420 ad
2808 3365 2983 3419 Deum
3017 3381 3033 3417 :
3061 3372 3119 3420 et
3145 3362 3412 3434 quidquid
3443 3376 3542 3432 pe-

1970 3458 2244 3522 tierimus,
2277 3456 2612 3526 accipiemus
2634 3455 2703 3509 ab
2739 3470 2828 3521 eo,
2851 3454 3115 3525 quoniam
3144 3454 3399 3511 mandata
3422 3454 3544 3524 ejus

1969 3547 2333 3614 custodimus,
2363 3554 2420 3602 et
2460 3562 2527 3602 ea
2565 3561 2687 3617 qua:
2710 3554 2840 3604 sunt
2861 3547 3063 3607 placita
3105 3559 3295 3602 coram
3331 3559 3421 3612 eo,
3454 3544 3540 3600 l‘a-

1969 3638 2166 3693 cimus.

2039 3727 2199 3783 Ρνου.
2231 3743 2373 3790 xvii,
2410 3729 2499 3785 14.
2526 3760 2597 3770 -
2636 3729 2974 3783 Potestatem
3019 3724 3115 3780 dat
3171 3726 3563 3793 sermonibus,.

1969 3817 2306 3889 principium
2329 3819 2583 3890 justilite.

2036 3910 2200 3966 Eccli.
2230 3927 2343 3975 vm,
2375 3910 2462 3965 l5.
2485 3940 2556 3950 —
2576 3909 2657 3965 Ne
2674 3908 2945 3965 accendas
2971 3909 3246 3966 carbones
3264 3905 3546 3979 arguendo

1969 4010 2307 4073 peccatores,
2344 4018 2416 4058 ne
2444 4002 2756 4058 incendaris
2782 4000 2997 4056 ﬂamma
3019 4001 3161 4073 ignis
3193 4008 3545 4071 peccatorum

1970 4095 2239 4164 ipsorum.

2038 4181 2248 4237 Basilii.
2286 4213 2357 4222 —
2385 4182 2616 4238 Videtur
2639 4180 3000 4252 reprehensio
3029 4180 3136 4236 hoc
3181 4188 3457 4250 spectare,
3487 4188 3548 4234 ut

1969 4273 2016 4329 is
2040 4273 2136 4345 qui
2168 4273 2423 4344 deliquit,
2449 4273 2808 4339 emendetur;
2832 4271 3144 4327 convicium
3174 4286 3331 4337 vero,
3361 4278 3423 4326 ut
3445 4269 3541 4341 qui

1970 4362 2222 4428 oﬂ‘endit,
2246 4362 2455 4432 probro
2482 4361 2769 4418 aﬂiciatur.

2041 4451 2209 4522 619
2237 4450 2341 4517 Qui
2371 4460 2535 4516 tacet,
2572 4465 2676 4506 nec
2710 4457 2999 4521 peccatum
3032 4449 3222 4505 fratris
3260 4448 3544 4519 coarguit,

1953 4542 2370 4619 ‘immisericors
2404 4550 2510 4606 est,
2550 4541 2696 4596 haud
2731 4556 2893 4598 secus
2917 4556 2981 4597 ac
3008 4542 3105 4613 qui
3140 4542 3197 4597 in
3239 4555 3485 4596 morsum
3515 4554 3547 4595 a

1974 4642 2235 4703 serpente
2268 4648 2542 4687 venenum
2567 4631 2834 4686 immittit.

2047 4715 2311 4794 Theologi.
2349 4753 2419 4764 --
2450 4722 2636 4793 Longe
2682 4729 2941 4792 praestat,
2999 4720 3201 4777 minori
3246 4720 3438 4776 dolore
3482 4735 3551 4777 ac

1973 4814 2228 4870 molestia
2258 4812 2549 4868 maximam
2581 4812 2877 4868 utilitatem
2905 4810 3135 4879 ali‘erre,
3166 4828 3331 4883 quam
3358 4827 3546 4883 perse-

1972 4904 2197 4977 quendo
2255 4904 2403 4974 quod
2449 4904 2730 4973 voluptate
2777 4905 3029 4971 deliniat,
3068 4904 3242 4975 ipsius
3298 4904 3553 4978 capitalis

1968 4998 2194 5069 jactura:
2223 5004 2506 5050 auctorem
2538 5009 2680 5050 esse.

2046 5088 2241 5143 Melius
2290 5086 2549 5142 existimo
2595 5086 2773 5159 argui,
2832 5101 2997 5157 quam
3024 5102 3295 5159 arguere;
3340 5096 3549 5158 quanto

1559 5202 1798 5259 VARLE
1836 5200 2132 5258 LECTION
2141 5200 2245 5257 ES.

366 5296 416 5329 "
445 5295 510 5352 In
531 5295 696 5353 Gesn.
731 5294 880 5353 Stob.
915 5296 1004 5352 67.
1076 5297 1121 5330 ‘°
1158 5296 1322 5353 Gesn.
1353 5294 1587 5368 τηροῦμ.
1627 5291 1844 5366 ποιοῦμ.

1851 5383 2082 5442 NOTAE.

368 5478 457 5551 (at)
491 5478 866 5551 Ζητεῖαῦτὸς
895 5480 968 5535 ἐν
1000 5481 1306 5550 παρῤησίᾳ
1341 5477 1514 5536 εἶναι.
1539 5480 1694 5547 Quod
1727 5481 1872 5551 lege-

298 5558 392 5603 rat

465 5564 590 5621 esn.
646 5549 796 5615 αὐτὸ,
824 5549 1119 5621 habetque
1152 5551 1385 5607 Ballesd.
1434 5551 1605 5621 αύτῷ,
1636 5549 1872 5621 probare
1977 5552 2139 5607 conio
2162 5551 2494 5615 celebretur,
2515 5565 2625 5605 non
2666 5552 2985 5621 priorvidit

298 5634 413 5690 non
435 5618 615 5690 potui,
641 5634 744 5690 nec
784 5619 928 5690 ullos
970 5618 1302 5690 interpretes
1357 5618 1653 5690 agnovi—sse
1678 5620 1873 5689 depre-

1975 5482 2184 5537 clarum
2206 5496 2349 5545 esse,
2381 5481 2522 5535 fama
2560 5481 2858 5547 celebrem,
2896 5490 2953 5537 ct
3038 5484 3093 5538 ui
3126 5486 3372 5540 omnium
3404 5500 3544 5555 [ιι-ωδ

1977 5552 2139 5607 conio
2162 5551 2494 5609 celebretur.
2515 5565 2625 5605 non
2666 5499 3165 5609 nriorviditilieza.
3206 5554 3301 5609 sed
3329 5556 3544 5609 antiaui

3083 5569 3165 5620 za,
3187 5554 3301 5626 sed
3329 5554 3545 5626 antiqui

1979 5622 2245 5691 praeiverc
2288 5622 2662 5692 interpretes,
2724 5629 2780 5675 et
2829 5621 2884 5676 in
2943 5622 3051 5679 illis
3105 5624 3197 5695 qui
3268 5621 3542 5697 Polyglot.

302 5687 518 5761 bendi;
550 5687 836 5761 emendavi
863 5704 1014 5760 ergo,
1044 5687 1192 5760 quod
1222 5705 1376 5747 sacer
1395 5687 1582 5745 textus
1618 5687 1872 5761 vulgatus
1978 5687 2213 5761 exstant.

303 5756 499 5825 habet,
522 5757 705 5825 αὐτὸς,
729 5756 973 5830 petitque
996 5756 1104 5816 tota
1145 5761 1337 5819 series.
1363 5761 1443 5826 τὸ,
1484 5763 1541 5815 έν
1562 5756 1869 5833 παρῤἧσίᾳ,

2055 5760 2126 5829 (υ)
2186 5759 2397 5823 Μεῖζον
2435 5762 2498 5816 τὸ
2527 5760 2906 5834 ἐλεγχθῆναι.
2936 5762 3027 5821 Sic
3055 5764 3194 5822 bene
3248 5766 3411 5825 Gesn.
3443 5774 3547 5828 etii
