4246 6438
779 394 882 456 887

1906 391 1965 448 S.
2004 387 2290 448 ΜΑΧῙΜΙ
2327 384 2835 448 CONFESSORIS

3927 399 4034 461 888

776 509 966 575 potius
1009 511 1094 558 est
1131 512 1184 556 te
1223 517 1253 555 a
1297 501 1440 554 malo
1466 499 1691 554 liberari
1718 539 1733 564 ,
1771 514 1933 570 quam
1971 509 2032 553 ut
2067 499 2236 552 alium
2292 499 2337 553 li

2386 501 2436 558 Α
2462 499 2670 567 νομίζω
2690 516 2702 529 ·
2755 502 2865 571 ὅσῳ
2903 501 3087 570 μεῖζόν
3116 499 3263 555 ἑστιν
3287 542 3301 566 ,
3349 502 3410 554 τδ
3455 502 3618 556 αὐτὸν
3651 503 4033 577 ἀπαλλαγῆναι

777 597 1109 757 ὺρὲἷῗιιεοει.
1141 711 1212 724 --
1240 681 1450 748 Quovis
1479 681 1643 736 modo
1676 680 1851 734 libere
1897 680 2069 749 loqui,
2108 679 2354 749 vulgaris

773 777 938 831 etiam
983 775 1228 829 hominis
1253 785 1638 842 saepenumero
1670 770 1776 836 sit;
1814 772 1894 824 sic
1945 785 2077 825 vero
2105 770 2257 840 loqui
2293 778 2354 823 ut

775 867 936 921 oﬂicii
971 867 1114 920 ratio
1141 866 1342 936 poscit,
1374 874 1430 918 et
1462 864 1811 926 convenienti
1849 872 2117 932 tempore,
2146 871 2202 917 et
2225 877 2354 917 cum

773 957 1154 1012 moderatione
1203 973 1446 1028 congrua
1481 966 1538 1012 et
1586 957 1880 1027 prudentia
1917 969 2032 1008 rem
2061 963 2350 1023 praestare,

773 1047 826 1100 id
857 1062 988 1101 vero
1012 1062 1269 1118 magnum
1288 1047 1448 1102 valde
1483 1049 1728 1102 animum
1759 1056 1814 1102 et
1847 1046 2233 1101 admirandum
2266 1062 2353 1101 re-

772 1139 967 1206 quirit.

838 1231 958 1286 Vita
990 1233 1204 1302 legibus
1243 1232 1516 1295 instituta,
1544 1229 1806 1301 loquendi
1841 1231 2158 1286 libertatem
2197 1231 2348 1285 facit.

839 1325 1068 1379 Maxima
1102 1325 1334 1382 libertas
1373 1339 1438 1379 ac
1467 1324 1688 1387 fiducia,
1721 1323 2045 1380 existimare
2084 1338 2206 1378 eam
2249 1324 2349 1377 tibi

770 1413 998 1476 deesse;
1031 1421 1092 1467 ut
1137 1422 1193 1470 et
1237 1425 1431 1470 contra
1464 1413 1644 1484 pudor
1697 1413 1991 1479 maximus,
2044 1413 2350 1484 justifieare

769 1505 1011 1573 seipsum
1041 1506 1187 1575 apud
1232 1506 1525 1560 Dominum
1554 1522 1568 1559 :
1603 1520 1668 1560 ac
1694 1506 1774 1560 rei
1808 1513 2000 1571 testes,
2041 1505 2349 1561 Pbarisaaus

767 1601 824 1646 et
867 1593 1199 1661 publicanus
1233 1594 1536 1662 locupletes
1559 1601 1708 1648 sunt.

827 1680 1126 1734 Phocionis.
1152 1710 1222 1721 -
1251 1680 1390 1737 Cum
1417 1681 1716 1750 aliquando
1761 1680 2008 1736 Phocion
2041 1679 2345 1735 Athenien-

766 1772 862 1835 sis,
890 1787 998 1826 non
1033 1772 1099 1826 ad
1127 1772 1378 1844 gratiam,
1405 1771 1499 1828 sed
1531 1772 1599 1826 ad
1623 1773 1918 1827 utilitatem
1947 1771 2179 1828 Athenis
2207 1787 2343 1828 con-

767 1864 1122 1927 cionaretur,
1163 1864 1328 1933 eique
1364 1863 1635 1919 Demades
1662 1871 1850 1918 orator
1873 1863 2105 1919 dixisset
2143 1862 2344 1919 :Occi-

763 1957 860 2010 det
893 1965 944 2012 te
991 1957 1251 2027 populus,
1301 1957 1547 2013 Phocion
1569 1997 1584 2021 ,
1619 1958 1666 2012 si
1699 1957 2026 2013 insanierit:
2061 1957 2140 2013 Te
2186 1973 2346 2026 vero,

765 2044 946 2113 inquit
973 2045 1086 2109 ille,
1113 2046 1161 2099 si
1191 2059 1340 2100 sana
1360 2045 1560 2100 mentis
1587 2045 1885 2101 exstiterit.

839 2133 1134 2189 Plutarchi.
1154 2135 1357 2191 —-Nec
1379 2151 1410 2191 e
1442 2136 1650 2191 mundo
1685 2138 1765 2192 sol
1793 2137 2097 2205 tollendus,
2130 2155 2235 2195 nec
2261 2140 2345 2195 lo-

765 2225 972 2295 quendi
1004 2227 1232 2283 libertas
1251 2241 1317 2285 ex
1338 2227 1630 2282 hominum
1657 2229 1995 2284 eliminanda
2021 2246 2342 2302 congressu.

837 2315 1131 2371 Xenochar.
1158 2345 1228 2360 -—
1259 2317 1608 2374 Xenoeharis
1639 2319 2008 2388 philosophus
2037 2321 2105 2374 de
2149 2322 2345 2378 obsce-

764 2407 853 2462 nis
873 2407 1204 2476 quibusdam
1229 2407 1525 2476 aliquando
1544 2417 1789 2478 rogatus,
1814 2421 1938 2462 cum
1961 2410 2098 2464 nihil
2119 2426 2348 2481 respon-

766 2501 948 2563 deret,
972 2508 1030 2555 ct
1063 2500 1110 2554 is
1129 2499 1224 2568 qui
1251 2499 1693 2570 interrogaverat
1719 2498 1926 2554 silentii
1957 2514 2178 2556 causam
2199 2518 2348 2571 qua:-

766 2599 917 2646 rerct
950 2608 963 2643 :
992 2591 1068 2645 De
1099 2590 1324 2655 talibus,
1354 2589 1555 2659 inquit,
1597 2599 1652 2645 te
1687 2603 1884 2660 rogare
1911 2590 2092 2656 decet,
2124 2607 2211 2647 me
2245 2609 2346 2647 au-

768 2692 877 2735 tem
906 2691 1110 2736 tacere.

839 2772 1184 2829 lsocratis.-—
1205 2773 1283 2827 Da
1328 2772 1642 2828 libertatem
1664 2769 1929 2843 loquendi
1954 2775 2090 2830 viris
2111 2777 2348 2846 pruden-

767 2861 938 2928 tibus,
971 2871 1030 2917 ut
1050 2863 1119 2918 de
1149 2863 1362 2933 quibus.
1381 2862 1646 2935 ambigis,
1670 2863 1876 2920 habeas
1899 2865 1994 2935 qui
2033 2875 2217 2921 tecum
2249 2884 2349 2923 ex-

766 2956 994 3023 quirant
1021 2969 1086 3009 ac
1109 2954 1382 3026 judicent.

835 3046 1120 3099 Democrit.
1157 3076 1227 3086 -—
1267 3045 1406 3100 Cum
1453 3046 1802 3102 Democritus
1842 3062 1946 3116 pro
1997 3049 2347 3103 Atheniensi-

2463 589 2656 650 κακοῦ.
2681 591 2776 643 τοῦ
2803 592 2963 646 ἄλλον
2988 593 3318 660 ἀπαλλάξαι.

2532 683 2832 747 Χρυσόστ.
2861 711 2929 722 -
2952 683 3028 737 Τὸ
3057 683 3156 751 μὲν
3180 683 3366 746 ἁπλῶς
3396 683 3896 755 παρρησιάζεσθαι,
3937 687 4035 741 καὶ

2459 773 2568 825 τῶν
2609 776 2877 843 τυχόντων
2896 776 2939 807 ⁶¹
2987 776 3279 840 πολλάκις·
3323 777 3388 829 τὸ
3432 776 3488 829 δέ
3532 779 3612 839 είς
3659 777 3722 830 τὸ
3767 777 3885 830 δέον
3935 779 4034 832 καὶ

2458 863 2638 934 καιρῷ
2673 865 2751 934 τῷ
2791 867 3162 937 προσήκοντι,
3196 868 3292 920 καὶ
3345 868 3485 936 μετὰ
3519 869 3618 936 τῆς
3653 870 4033 939 ἁρμοττούσης

2459 956 2804 1026 συμμετρίας
2833 959 2927 1010 καὶ
2951 958 3217 1022 συνέσεως
3254 958 3337 1029 τῷ
3377 959 3663 1030 πράγματι
3694 961 4030 1032 χρήσασθαι,

2460 1046 2700 1116 μεγάλης
2723 1047 2844 1101 λίαν
2871 1049 2962 1100 καὶ
2992 1048 3314 1119 θαυμαστῆς
3349 1049 3520 1102 δεῖται
3547 1050 3745 1120 ψυχῆς.

2529 1225 2791 1294 Ἔννομος
2825 1224 2938 1295 ζωὴ
2958 1263 2974 1288 ,
3004 1225 3320 1297 παρρησίας
3343 1224 3698 1295 δημιουργός.

2523 1315 2774 1386 Μεγίστη
2802 1316 3088 1387 παρρησία
3111 1315 3216 1381 ,τὸ
3247 1317 3323 1386 μὴ
3351 1316 3598 1386 νομίζειν
3627 1317 3775 1385 ἐχειν
3805 1317 4032 1388 παρρη-

2455 1409 2602 1460 σίανο
2635 1406 2825 1478 ὥσπερ
2850 1405 2944 1463 οὖν
2982 1407 3211 1479 αἰσχύνη
3246 1408 3506 1479 μεγίστη,
3541 1407 3607 1461 τὸ
3628 1408 3872 1462 δικαιοῦν
3901 1411 4032 1462 ἐαυ-

2452 1498 2542 1551 τὸν
2566 1497 2796 1552 ἐνώπιον
2829 1500 3036 1570 Κυρίου
3058 1517 3074 1532 ο
3126 1500 3223 1553 καὶ
3254 1500 3467 1569 μάρτυς
3493 1499 3602 1551 τῶν
3629 1500 3964 1570 λεγομένων,
4002 1503 4035 1554 δ

2448 1590 2743 1658 Φαρισαῖος
2782 1589 2874 1642 καὶ
2908 1591 2937 1642 ὁ
2975 1588 3249 1659 Τελώνης.

2520 1680 2780 1734 Φωκίων.
2806 1709 2878 1719 -
2903 1681 3190 1744 Φωκίωνος
3241 1681 3373 1734 ποτέ
3399 1680 3495 1734 τοῦ
3535 1681 3822 1748 Ἀθηναίου
3850 1681 4030 1751 δημη-

2451 1768 2758 1839 γοροῦντος,
2786 1770 2848 1822 οὑ
2876 1770 2944 1822 τὰ
2969 1769 3105 1840 πρὸς
3126 1771 3310 1841 χάριν,
3334 1770 3473 1824 ἀλλὰ
3495 1772 3565 1824 τὰ
3595 1772 3730 1840 πρὸς
3756 1772 4030 1839 ὠφέλειαν

2373 1831 2422 1893 Β
2447 1831 2562 1921 soi;
2600 1831 2907 1929 Ἀθηναίοις
2927 1879 2940 1894 ·
3345 1862 3441 1916 τοῦ
3478 1831 4027 1934 ῥήτοροςγείρηιιότος

2447 1951 2617 2023 αὐτῷ,
2652 1953 3036 2006 Ἀποκτενοῦσί
3067 1970 3148 2017 σε,
3181 1950 3226 2007 ὦ
3246 1953 3496 2017 Φωκίων,
3531 1955 3562 2006 δ
3593 1954 3788 2025 δῆμος,
3816 1956 3886 2025 ἢν
3918 1972 4028 2025 μα·-

2447 2044 2580 2098 νῶσι
2603 2060 2616 2073 ·
2651 2044 2719 2098 Σέ
2749 2044 2828 2102 δέ.
2861 2039 3039 2110 εἶπεν,
3072 2044 3140 2098 ἂν
3173 2044 3546 2113 σωφρονῶσιν.

2517 2141 2740 2191 Πλουτ.
2767 2135 2990 2190 -Οῦτε
3021 2138 3086 2189 ἐκ
3112 2135 3207 2188 τοῦ
3239 2135 3446 2205 κόσμου
3475 2136 3570 2188 τὸν
3595 2136 3773 2205 ἣλιον,
3801 2133 3929 2188 οὔτε
3959 2135 4027 2189 ἐκ

2446 2230 2544 2300 τῆς
2570 2230 2786 2300 ὁμιλίας
2817 2230 2914 2302 τὴν
2937 2228 3273 2301 παρρησίαν.

2517 2322 2804 2391 Ξενόχαρ.
2828 2351 2900 2364 -
2923 2321 3218 2391 Ξενόχαρις
3268 2321 3297 2374 ὁ
3347 2319 3640 2388 φιλόσοφος
3670 2361 3683 2374 .
3725 2318 4026 2390 ἐρωτηθεὶς

2448 2414 2554 2467 ὑπό
2597 2430 2744 2475 τινος
2783 2412 2911 2482 περί
2939 2429 3102 2465 τινων
3127 2411 3393 2483 αίσχρῶν,
3423 2411 3518 2464 καὶ
3545 2412 3620 2480 μὴ
3653 2411 4024 2480 ἀποκρινόμε-

2446 2521 2568 2568 νοςο
2616 2503 2826 2557 ἐκείνου
2858 2502 2916 2555 δέ
2945 2503 3214 2566 εἰπόντος,
3259 2500 3328 2554 Τί
3361 2501 3608 2571 σιωπᾷςς
3659 2501 3796 2570 Περὶ
3841 2499 4024 2552 τοιού-

2445 2615 2575 2664 των,
2607 2596 2735 2666 ἐφη,
2767 2596 2851 2648 σοὶ
2882 2595 2981 2665 μέν
3003 2594 3235 2664 ἐρωτᾷν,
3269 2592 3394 2663 ἐμοὶ
3419 2592 3476 2645 δέ
3509 2591 3586 2662 μὴ
3614 2590 4025 2662 ἀποκρίνασθαι

2404 2710 2408 2715 ·
2447 2688 2670 2761 πρέπει.

2530 2779 2824 2848 Ἰσοκράτ.
2853 2807 2923 2820 -
2957 2777 3110 2831 Δίδου
3142 2776 3460 2848 παρῤησίαν
3485 2776 3597 2838 τοῖς
3621 2770 3680 2828 εὖ
3706 2772 4022 2844 φρονοῦσιν,

2448 2875 2537 2928 ἵνα
2581 2872 2712 2944 περὶ
2761 2865 2840 2925 ὦν
2890 2868 3225 2941 ἀμφιγνοίης
3257 2907 3275 2935 ,
3325 2867 3455 2938 ἔχῃς
3509 2868 3640 2930 τοὺς
3695 2863 4026 2935 συνδοκιμά-

2450 2979 3250 3123 σοῗτῗιῗοκρίτ.-Δημοκρίτου
3281 3046 3683 3118 πρεσϐεύοντός
3717 3061 3850 3098 ποτε
3876 3044 4024 3114 ὑπὲρ

768 3138 871 3191 bus
927 3135 1073 3205 apud
1150 3135 1465 3206 Philippum
1518 3137 1794 3206 legatione
1849 3136 2218 3208 fungeretur,
2280 3154 2337 3194 ac

2373 3160 2416 3220 α
2461 3149 2762 3220 Ἀθηναίων
2796 3146 2931 3215 πρὸς
2961 3145 3226 3196 Φίλιππον
3247 3183 3261 3206 ,
3313 3143 3410 3195 καὶ
3443 3141 3727 3212 παρρησίᾳ
3769 3139 4023 3207 διαλεγο-

767 3226 1003 3280 liberius
1047 3226 1390 3294 loqueretur,
1443 3226 1511 3281 ad
1551 3242 1680 3282 eum
1717 3227 2004 3298 Philippus
2040 3247 2052 3283 :
2083 3229 2341 3299 Nunquid

767 3316 928 3368 times
983 3330 1051 3368 ne
1106 3315 1207 3369 tibi
1257 3324 1424 3385 caput
1470 3317 1697 3388 jubeam
1730 3319 2148 3387 amputari?Ad
2177 3337 2340 3390 quem

767 3405 860 3459 ille
893 3423 906 3458 :
931 3405 1100 3469 Nihil,
1135 3406 1392 3476 inquam;
1422 3423 1548 3462 nam
1574 3407 1620 3462 si
1649 3418 1813 3478 caput
1833 3409 2146 3476 abstuleris,
2167 3411 2340 3481 patria

765 3496 944 3563 ipsum
981 3495 1115 3550 mihi
1152 3497 1461 3552 immortale
1492 3508 1741 3568 reponet.

835 3583 1168 3655 Pythagorw.
1202 3615 1271 3626 ——
1295 3587 1520 3642 Dicente
1547 3588 1788 3657 quodam
1825 3607 1836 3642 :
1870 3589 2039 3644 Valde
2082 3607 2169 3645 me
2212 3607 2341 3660 per-

762 3678 990 3747 stringis
1025 3678 1392 3749 suggillasque
1423 3696 1438 3733 :
1465 3679 1631 3745 Sane,
1663 3680 1875 3751 inquit;
1920 3697 2046 3757 nam
2082 3683 2342 3750 splenieis

765 3783 956 3838 aspera
983 3779 1216 3838 prosunt
1267 3776 1432 3840 atque
1489 3782 1711 3827 austera
1761 3781 1819 3827 et
1866 3774 2104 3840 acerba,
2159 3775 2338 3830 dulcia

763 3875 895 3912 vero
930 3861 1091 3914 noxia
1116 3873 1263 3915 sunt.

837 3947 1058 4016 Epicteti
1085 3958 1132 4002 et
1171 3949 1437 4005 Isocratis.
1465 3981 1534 3992 —-
1562 3951 1750 4021 Neque
1777 3951 1958 4022 gladio
1988 3953 2206 4016 obtuso,
2239 3969 2340 4008 ne—

761 4053 882 4103 que.
911 4038 1224 4093 inordinata
1248 4039 1506 4095 libertate
1543 4041 1806 4110 loquendi
1836 4042 2102 4096 utendum
2126 4052 2232 4096 est.

836 4129 916 4181 Ea:
954 4131 1191 4184 Ariston.
1221 4161 1291 4171 ——
1336 4131 1817 4198 Quemadmodum
1866 4134 1972 4187 mel
2025 4135 2338 4189 exulcerata

760 4219 924 4289 620
952 4221 1186 4287 mordet,
1224 4221 1291 4276 iis
1305 4231 1489 4279 autem
1522 4239 1646 4293 quas
1673 4234 1804 4280 sunt
1834 4239 1902 4279 ex
1925 4234 2145 4287 natura,
2173 4241 2337 4281 suave

760 4320 876 4374 est;
929 4312 1007 4365 sic
1041 4319 1096 4364 et
1130 4312 1586 4382 philosophorum
1628 4331 1814 4370 sermo
1842 4331 1907 4369 ac
1954 4316 2228 4371 doctrina.

831 4401 1066 4456 Perinde
1098 4403 1251 4469 facit,
1277 4405 1376 4473 qui
1416 4420 1484 4459 ex
1507 4406 1758 4460 oratione
1810 4407 2123 4462 libertatem
2172 4408 2334 4471 tollit,

760 4509 824 4547 ac
856 4494 900 4547 s‘i
929 4509 995 4548 ex
1029 4493 1312 4549 absinthio
1341 4496 1703 4551 acrimoniam
1743 4497 2016 4552 sublatam
2042 4499 2192 4554 velit.

700 4582 707 4588 ’
830 4583 1038 4638 Herma
1085 4594 1136 4638 et
1173 4584 1386 4639 hidori.
1416 4614 1489 4627 -—-
1513 4587 1898 4656 Reprehensio
1935 4589 2152 4659 agnita,
2185 4605 2218 4642 o
2253 4606 2337 4645 re-

758 4691 887 4744 gum
917 4677 1174 4740 maxime,
1198 4691 1327 4731 eum
1359 4677 1456 4746 qui
1491 4677 1564 4732 sit
1613 4679 2007 4748 reprehensus,
2049 4681 2116 4734 ad
2142 4696 2338 4735 eorum

759 4767 1122 4835 cupiditatem
1163 4766 1350 4832 ducit,
1379 4783 1615 4838 quorum
1660 4777 1821 4822 antea
1853 4769 2157 4840 ignorantia
2187 4771 2342 4826 labo-

762 4859 938 4912 rabat.

831 4946 1040 5001 Socrat.
1071 4979 1142 4987 —-
1166 4947 1462 5001 Libertatis
1515 4947 1811 5016 loquendi,
1851 4948 2000 5002 velut
2047 4962 2338 5016 pomorum

756 5039 979 5094 dulcior
995 5039 1171 5109 gratia
1198 5051 1443 5106 congruo
1478 5047 1723 5107 tempore
1749 5036 1984 5091 exsistit.

2451 3241 2616 3311 μένου
2638 3258 2652 3274 ο
2685 3241 2714 3294 ὁ
2743 3239 3029 3299 Φίλιππος,
3078 3236 3153 3288 Οὐ
3182 3233 3348 3302 φοϐοῦ
3388 3233 3462 3304 μὴ
3491 3233 3588 3302 τὴν
3619 3233 3864 3300 κεφαλήν
3899 3247 4023 3295 σου,

2446 3334 2552 3402 ἔφη
2575 3374 2592 3399 ,
2642 3330 2934 3402 προστάξω
2974 3324 3380 3395 ἀφαιρεθῆναι;
3411 3326 3509 3387 Οὐ,
3554 3325 3717 3392 φησίν
3737 3342 3750 3356 ·
3783 3323 3880 3376 ἐὰν
3913 3322 4025 3391 γὰρ

2448 3425 2512 3479 σύ
2555 3442 2659 3496 μου
2697 3422 2904 3492 ταύτην
2947 3418 3188 3488 ἀφέλῃς,
3222 3417 3258 3486 ὴ
3298 3416 3497 3488 πατρίς
3552 3433 3641 3485 μοι
3676 3415 3847 3484 αὐτὴν
3881 3414 4023 3469 ἀθά-

2444 3535 2603 3572 νατον
2631 3516 2918 3586 ἀναθήσει.

2515 3607 3105 3677 ιΙυθαγ.-Φήσαντός
3134 3623 3303 3670 τινος,
3331 3603 3471 3658 Δίαν
3505 3620 3594 3669 μοι
3626 3597 4018 3661 ἐπισκώπτεις,

2443 3701 2583 3770 Egon:
2628 3702 2736 3752 Καὶ
2775 3699 2883 3770 γὰρ
2920 3700 3034 3762 τοῖς
3085 3697 3400 3768 σπληνικοῑς
3427 3693 3496 3746 τὰ
3531 3692 3630 3760 μέν
3657 3691 3888 3759 δριμαία
3924 3688 4021 3742 καὶ

2446 3791 2640 3862 πικρὰ,
2667 3789 2924 3860 ὠφέλιμα
2942 3807 2956 3821 ·
2986 3790 3056 3844 τὰ
3080 3790 3137 3844 δὲ
3163 3789 3423 3859 γλυκαϊα,
3463 3783 3729 3855 βλαὸερά.

2524 3962 2618 4013 Ἐκ
2652 3960 2770 4013 τῶν
2813 3962 3041 4014 Ἐπικτ.
3071 3959 3168 4011 καὶ
3208 3958 3426 4023 Ἰσοκρ.
3458 3983 3528 3994 —-
3565 3951 3704 4005 Οὔτε
3738 3950 4018 4021 μάχαιραν

2443 4051 2710 4122 άμ6λείαν
2729 4067 2742 4080 ⁸
2772 4050 2896 4103 οὔτε
2926 4050 3242 4121 παρρησίαν
3274 4048 3509 4102 ἄτακτον
3537 4044 3683 4113 ἔχειν
3720 4043 3820 4095 δεῖ.

2526 4147 2626 4196 Ἐκ
2665 4143 2785 4196 τῶν
2834 4139 3285 4211 Ἀριστωνύμου.
3331 4138 3634 4205 -Ὠσπερ
3675 4135 3737 4186 τδ
3786 4133 3910 4200 μέλι
3948 4130 4018 4185 τὰ

2443 4232 2736 4302 ἡλκωμένα
2778 4231 2995 4284 δάκνει·
3029 4232 3143 4292 τοῖς
3185 4229 3241 4282 δέ
3287 4227 3429 4281 κατά
3475 4225 3638 4295 φύσιν
3683 4220 3782 4292 ἡδύ
3826 4224 4011 4275 ἐστιν’

2442 4324 2586 4375 οὕτω
2618 4325 2711 4376 καὶ
2735 4323 2784 4374 οξ
2810 4324 2877 4374 ἐκ
2906 4321 3224 4387 φιλοσοφίας
3256 4320 3425 4384 λόγοι.

2513 4416 2741 4482 ’Ὅμοιον
2765 4411 3011 4482 ἀψινθίου
3033 4412 3220 4482 δριμὺ,
3251 4409 3345 4462 καὶ
3372 4409 3532 4475 λόγου
3561 4406 3663 4476 τὴν
3698 4402 4017 4476 παῤῥησίαν

2371 4513 2412 4566 D
2441 4504 2670 4573 ἐκκόψαι
2687 4544 2700 4566 ,
2736 4505 2942 4572 ὅμοιον.

2529 4595 2738 4664 Ἐρμοῦ
2770 4594 2868 4647 καὶ
2907 4592 3124 4648 Ἰσιδώ.
3153 4621 3220 4632 --
3250 4591 3509 4658 Ἔλεγχος
3543 4583 3905 4652 ἐπιγνωσθεὶς
3928 4624 3943 4647 9
3969 4576 4016 4635 ὦ

2447 4685 2667 4754 μέγιστε
2679 4681 2935 4747 Βασιλιῦ,
2953 4683 3034 4745 εἰς
3059 4679 3353 4750 ἐπιθυμίαν
3377 4677 3531 4749 φέρει
3557 4675 3651 4730 τὸν
3666 4673 4015 4743 ἐλεγχθέντα,

2437 4769 2513 4830 ὧν
2546 4776 2808 4846 πρότερον
2835 4774 2935 4828 οὐκ
2963 4773 3100 4844 ᾔδει.

2509 4949 2767 5017 Σωκρὰτ.
2797 4979 2867 4988 —-
2899 4949 3010 5019 τῆς
3034 4947 3348 5020 παρρησίας
3380 4947 3569 5017 ὥσπερ
3597 4942 3822 5014 ὀπώρας
3847 4941 3928 5014 (3)
3953 4941 4016 4996 ἐν

2439 5041 2617 5110 καιρῷ
2644 5043 2676 5108 ὴ
2709 5040 2866 5112 χάρις
2892 5039 3048 5109 ἡδεῖα
3063 5038 3131 5093 ⁸⁸.

2065 5148 2298 5208 νΑιιυε
2327 5153 2618 5210 LEC'HON
2628 5149 2731 5204 ES.

829 5243 874 5272 “
901 5238 1068 5294 Gesn.
1103 5239 1195 5290 τοῦ
1233 5239 1510 5308 τυχόντος.
1587 5241 1633 5271 ⁸⁸
1671 5238 1836 5294 Gesn.
1892 5238 2075 5308 ἡδίων.

2316 5357 2544 5415 Νοῒιῑ.

757 5446 1040 5501 contrario
1062 5461 1234 5502 sensu
1268 5445 1493 5508 reddat;
1515 5444 1669 5500 velut
1695 5444 2056 5500 etiam‘habet
2091 5445 2327 5504 Ballead.

756 5516 850 5569 τοῦ
879 5516 1292 5600 ἐλεγχθῆναιηῴ
1323 5515 1665 5600 ἐλὲγξαιηςμί
1690 5515 1906 5600 Maximi
1938 5516 2078 5596 ratio
2100 5528 2325 5600 pugnat,

758 5601 881 5710 351a:
917 5585 1113 5641 nititur
1137 5586 1292 5666 utili;
1327 5587 1475 5708 ηυοά
1502 5586 1717 5640 scilicet
1777 5585 1841 5649 is,
1896 5585 1988 5654 qui
2025 5587 2322 5655 reprehen-

795 5666 930 5710 itur.
957 5658 1084 5710 inde
1114 5659 1308 5710 melior
1375 5666 1451 5710 at.
1485 5672 1552 5710 eo
1608 5657 1754 5710 quod
1819 5655 2160 5710 emendetur.
2199 5673 2322 5710 cum

795 5656 930 5717 itur,
957 5658 1084 5711 inde
1114 5657 1308 5711 melior
1339 5655 1451 5717 ﬁat,
1485 5672 1552 5710 eo
1608 5657 1754 5724 quod
1819 5655 2160 5720 emendetur,
2199 5673 2323 5713 cum

761 5727 1186 5796 reprehendenti
1219 5726 1359 5796 nihil
1391 5726 1522 5781 lucri
1553 5725 1820 5796 ejusmodi
1863 5727 2108 5782 accedat.

2433 5463 2664 5520 prorsus
2701 5463 2888 5512 sensu,
2914 5444 3182 5517 quidquid
3210 5443 3374 5500 Gesn.
3427 5442 3546 5514 (seu
3572 5442 3883 5513 Ribhitlus)
3912 5459 4012 5499 eo-

2433 5530 2596 5571 natus
2625 5518 2878 5571 reddere.
2903 5515 3045 5571 Ouid
3079 5516 3227 5568 enim
3261 5513 3405 5571 frugi
3432 5513 3578 5571 quod
3625 5513 3891 5571 reddunt.
3921 5514 4012 5568 Li-

2433 5515 2596 5574 iiatus
2625 5518 2878 5574 reddere.
2903 5515 3045 5582 Quid
3079 5516 3227 5568 enim
3261 5515 3405 5584 frugi
3432 5515 3578 5583 quod
3625 5515 3891 5577 reddunt,
3921 5515 4013 5568 Li-

2429 5590 2665 5650 bertatis,
2695 5598 2749 5641 ut
2775 5588 3027 5657 cujusque
3047 5587 3279 5657 partium
3309 5585 3460 5657 anui,
3488 5585 3546 5657 in
3571 5586 4012 5657 temporg_grat-ia

2435 5660 2736 5723 iucundior.
2765 5653 2907 5726 Ergo
2940 5653 2996 5711 et
3024 5653 3353 5726 istuvissimte
3369 5654 3601 5726 hiemis,
3637 5663 3744 5708 etc.
3787 5653 4013 5726 Uti-ero

2426 5728 2738 5788 emendavi.
2776 5723 2865 5782 dc'
2884 5725 3065 5798 pomis
3118 5733 3174 5778 et
3195 5723 3762 5798 fructibustquorum
3807 5723 4009 5798 pauci-

835 5791 912 5863 i1)
967 5795 1488 5864 Ὧσετιὶρ·ττ²πίῖψαςι
1542 5791 1667 5851 Em
1707 5795 1894 5856 ὥσπερ
1941 5796 2111 5865 ὥρας’
2167 5800 2317 5857 “uno

2426 5814 2532 5867 pue
2557 5805 2857 5868 proventus
2884 5791 3170 5863 autumno,
3217 5791 3611 5851 nihilclarius.
3661 5791 4003 5862 Nempe-ho-
