4246 6438
744 334 844 400 891

1869 327 1930 386 S.
1969 324 2256 385 MAXIMI
2294 321 2801 387 CONFESSORIS

3889 322 3997 387 892

815 445 1080 498 Demostn.
1127 467 1199 482 -
1241 438 1640 493 Demosthenes
1691 452 1722 492 a
1776 438 2017 506 quodam
2066 444 2311 507 rogatus,
2343 438 2384 494 Α
2484 470 2492 489 ι

2343 438 2384 494 Α
2484 439 2745 506 Δημοσθ.
2774 468 2839 478 -
2880 435 3205 507 Ἐρωτηθεὶς
3225 436 3330 489 ὑπό
3361 450 3525 498 τινος,
3557 433 3678 496 Πῶς
3711 434 3810 503 τῆς
3833 436 3997 504 ῥητο-

745 548 987 603 quonam
1022 530 1184 584 modo
1207 528 1499 582 oratoriam
1528 536 1700 581 artem
1723 535 1916 581 nactus
1946 534 2092 580 esset
2118 544 2129 579 :
2161 526 2310 589 Plus,

744 624 945 693 inquit,
979 621 1107 683 olei,
1132 634 1297 689 quam
1328 618 1442 672 vini
1470 616 1820 671 insumendo.

814 714 896 768 Ex
948 713 1184 765 Democr.
1255 718 1306 763 et
1356 708 1582 764 Isocrat.
1636 708 1934 761 sententiis.
1986 737 2055 748 —
2103 706 2317 776 Corpus

742 804 963 874 quidem
1003 801 1286 856 laboribus
1317 800 1509 870 subige
1555 798 1736 868 iisque
1780 813 2015 863 exerce;
2073 799 2315 852 animum

743 909 876 947 vero
923 891 991 945 ad
1035 890 1262 946 ferenda
1311 899 1534 945 strenue
1575 888 1906 957 fortiterque
1944 887 2191 957 pericula
2224 886 2323 941 ad-

745 984 894 1037 bibe.

817 1073 962 1127 Idem
1018 1082 1244 1144 rogante
1292 1072 1552 1142 quodam,
1605 1086 1715 1141 qua
1766 1084 1827 1125 re
1875 1069 2166 1125 dill'errent
2214 1068 2320 1123 viri

746 1162 1030 1217 laboribus
1083 1160 1333 1226 strenui,
1386 1161 1455 1215 ab
1504 1161 1574 1216 iis
1606 1162 1701 1230 qui
1748 1175 1946 1230 segnes
1992 1168 2050 1214 et
2103 1159 2325 1215 desides

745 1252 915 1306 vitam
947 1260 1207 1323 agerent:
1245 1251 1381 1317 Qua,
1422 1250 1519 1317 ait,
1553 1252 1630 1321 pii
1666 1251 1739 1306 ab
1778 1250 1999 1321 impiis:
2037 1251 2185 1321 quod
2219 1250 2328 1307 sci-

748 1342 880 1397 licet
912 1343 1052 1396 bona
1084 1358 1181 1411 spe
1210 1342 1335 1396 freti
1371 1350 1519 1396 sunt.

820 1431 969 1483 Idem
999 1438 1297 1499 conspecto
1333 1431 1536 1501 juvene
1582 1429 1867 1485 laboribus
1916 1440 2167 1494 strenuo,
2194 1429 2327 1484 Pul-

750 1519 1107 1583 clierrimum,
1140 1520 1338 1589 inquit,
1367 1520 1637 1575 senectuti
1684 1520 1877 1576 condis
1903 1521 2216 1575 obsonium.

820 1608 1127 1663 Democriti.
1164 1640 1236 1649 —
1258 1610 1462 1680 Sponte
1490 1611 1755 1680 assumpti
1784 1609 2024 1675 labores,
2054 1617 2114 1663 ut
2150 1608 2328 1664 levius

751 1698 1126 1755 sustineamus
1153 1699 1246 1767 qui
1283 1707 1513 1753 externo
1528 1707 1723 1770 agente
1755 1708 1920 1768 atque
1950 1698 2140 1754 invitis
2164 1698 2327 1754 adbi-

751 1789 972 1855 bentur,
1010 1788 1273 1844 eﬂiciunt.

1294 1878 1526 1936 SERMO
1562 1878 1803 1936 XXXIII.

1293 1969 1371 2023 De
1399 1969 1783 2040 jurejurando.

821 2060 1014 2116 Matth.
1049 2075 1105 2125 v,
1166 2058 1257 2115 34.
1302 2089 1342 2098 --
1412 2058 1528 2128 Ego
1583 2067 1767 2112 autem
1820 2057 1946 2114 dico
1988 2057 2146 2114 vobis
2216 2068 2328 2113 non

745 2148 931 2216 jurare
966 2148 1232 2212 omnino;
1273 2159 1453 2215 neque
1500 2160 1600 2214 per
1648 2146 1870 2212 caelum,
1918 2146 2049 2216 quia
2092 2146 2330 2202 thronus

749 2236 847 2290 Dei
897 2246 1015 2302 est;
1057 2252 1237 2306 neque
1284 2252 1386 2306 per
1440 2242 1668 2299 terram,
1721 2236 1854 2306 quia
1896 2236 2200 2292 scabellum
2243 2246 2329 2293 est

748 2328 950 2397 pedum
983 2331 1123 2400 ejus.

816 2418 937 2474 Jac.
974 2437 1031 2485 v,
1062 2421 1151 2475 12.
1192 2451 1260 2466 -υ-
1284 2420 1426 2478 Ante
1458 2424 1643 2480 omnia
1688 2430 1896 2486 autem,
1945 2420 2147 2475 fratres
2196 2420 2325 2484 mei,

747 2512 917 2566 nolite
941 2512 1150 2581 iurare,
1177 2527 1357 2582 neque
1384 2528 1482 2583 per
1506 2514 1729 2580 coelum,
1763 2527 1945 2583 neque
1971 2527 2071 2583 per
2102 2520 2325 2576 terram,

747 2617 929 2670 neque
959 2602 1109 2656 aliud
1156 2603 1528 2673 quodcunque
1569 2605 1968 2674 juramentum.
2011 2600 2096 2656 Sit
2140 2610 2327 2655 autem

748 2706 934 2745 sermo
958 2701 1140 2746 vester
1167 2707 1181 2744 :
1220 2692 1347 2755 Est,
1377 2702 1493 2758 est;
1527 2692 1671 2756 Non,
1697 2708 1829 2746 non.

819 2780 951 2852 Sap.
1006 2799 1115 2848 xiv,
1171 2783 1261 2837 50.
1318 2813 1389 2823 —
1432 2783 1771 2839 Juraverunt
1822 2782 2025 2851 injuste
2083 2780 2140 2834 in
2202 2779 2329 2834 dolo

748 2882 931 2943 spreta
965 2874 1275 2929 sanctitate.
1302 2874 1421 2929 Non
1444 2874 1591 2927 enim
1620 2886 1816 2928 eorum
1844 2887 1944 2942 per
1975 2887 2116 2941 quos
2140 2873 2331 2941 juran-

750 2972 843 3017 tur
871 2963 1070 3028 virtus,
1108 2965 1203 3019 sed
1241 2965 1588 3034 peccantium
1632 2978 1794 3033 pcena
1847 2963 2133 3018 ulciscitur
2163 2963 2327 3032 622

750 3069 970 3122 semper
992 3054 1323 3124 injustorum
1346 3054 1882 3124 praevaricationem.

824 3144 988 3197 Eccli.
1026 3159 1176 3208 xxm,
1200 3145 1255 3209 9,
1290 3146 1374 3199 IS.
1404 3175 1469 3190 -ηρ
1500 3145 1571 3201 Ut
1609 3158 1807 3201 servus
1848 3143 1904 3197 in
1943 3158 2108 3212 quem
2155 3143 2334 3197 conti-

755 3252 867 3289 nuo
898 3237 1218 3305 inquiritur,
1248 3253 1276 3291 a
1300 3236 1473 3291 livore
1502 3251 1611 3289 non
1651 3235 1971 3301 minuetur;
2007 3235 2087 3289 sic
2129 3234 2224 3304 qui
2247 3234 2335 3304 ju-

756 3334 841 3379 rat
864 3326 1147 3396 Deumque
1173 3326 1394 3382 assidue
1422 3325 1689 3390 nominat,
1722 3340 1753 3379 a
1776 3332 2001 3395 peccato
2029 3338 2140 3380 non
2170 3338 2331 3379 mun-

755 3417 1002 3471 dabitur.

828 3509 926 3563 Vir
952 3508 1183 3563 multum
1217 3508 1410 3578 jurans
1434 3507 1756 3578 implebitur
1789 3506 2103 3577 iniquitate,
2135 3515 2193 3562 et
2222 3521 2334 3561 non

757 3596 1005 3652 discedet
1032 3611 1063 3650 a
1084 3597 1247 3651 domo
1278 3596 1428 3651 illius
1450 3597 1630 3667 plaga.

829 3773 934 3842 Qui
963 3775 1324 3846 jurejurando
1364 3776 1559 3831 falsum
1607 3776 1828 3841 astruit,
1861 3790 2131 3846 pessumas
2173 3776 2339 3833 inhu-

762 3866 1045 3921 manitatis
1072 3881 1284 3921 merces
1308 3866 1615 3934 elucratur,
1648 3866 1796 3937 quod
1821 3882 1952 3922 reus
1987 3867 2215 3937 pcrjurii
2243 3866 2338 3925 sit.

837 3955 1043 4010 Basilii.
1077 3985 1148 3998 -—
1173 3954 1357 4025 Turpe
1397 3965 1483 4010 est
1511 3955 1736 4010 omnino
1779 3970 1844 4009 ac
1882 3955 2174 4012 dementiae
2222 3959 2342 4027 ple-

764 4066 920 4115 num,
956 4065 1220 4106 accusare
1243 4050 1506 4120 teipsum,
1540 4065 1605 4104 ac
1644 4050 1691 4105 si
1724 4049 1887 4104 Iidem
1922 4065 2033 4105 non
2059 4052 2343 4119 merearis,

763 4142 1040 4212 dictisque
1062 4141 1426 4214 jurisjurandi
1470 4141 1790 4197 ﬁrmitatem
1825 4140 2083 4212 adjicere.

834 4255 884 4290 ⁸⁸
909 4255 997 4314 Al.
1024 4256 1311 4313 Demosth.
1386 4257 1433 4288 “
1458 4256 1520 4313 In
1545 4256 1713 4313 Gesn.
1755 4256 1913 4312 Stob.
1942 4256 2067 4312 115.

2419 526 2582 595 ρικῆς
2613 525 2980 596 περιεγένετο,
3023 525 3150 595 ἔφη,
3180 524 3346 577 Πλέον
3370 523 3548 575 ἔλαιον
3575 521 3720 574 οἴνου
3756 522 3999 593 δαπανή-

2418 632 2538 680 σας.

2500 708 2601 762 Ἐκ
2620 709 2740 762 τῶν
2754 709 3068 778 Δημοκρίτ.
3082 707 3181 762 καί
3208 705 3500 774 Ἰσοκράτ.
3521 737 3588 747 -
3602 706 3675 759 Γύ
3685 705 3857 776 μναζε
3886 707 4001 769 τοϊς

2422 800 2524 869 μὲν
2551 799 2757 865 πόνοις,
2786 800 2848 853 τὸ
2879 800 3062 870 σῶμα,
3104 800 3207 871 τὴν
3252 799 3314 853 δὲ
3346 799 3526 870 ψυχὴν
3564 798 3827 867 γενναίως
3865 799 4000 852 ὑπο·

2425 889 2606 961 μένειν
2637 893 2767 956 τοὺς
2788 892 3064 955 κινδύνους

2507 1071 2568 1124 Ὀ
2622 1071 2782 1136 αὐτὸς
2838 1072 3135 1144 ἐρωτηθεὶς
3168 1070 3275 1125 ὑπό
3301 1085 3471 1135 τινος,
3499 1068 3608 1122 τίνι
3630 1068 3680 1121 οἱ
3716 1064 4002 1136 φιλόπονοι

2425 1178 2532 1214 των
2558 1161 2819 1234 ῥᾳθύμων
2835 1163 3205 1234 διαφέρουσιν,
3231 1155 3410 1226 εἶπεν,
3430 1159 3509 1223 ὡς
3538 1160 3588 1213 οἱ
3620 1155 3866 1219 εὐσεϐεῖς
3894 1154 4005 1209 τῶν

2426 1254 2639 1308 ἀσεϐῶν
2673 1254 2773 1327 (y),
2797 1255 3009 1309 ἐλπίσιν
3034 1256 3289 1324 ἀγαθαῖς.

2511 1432 2572 1487 '0
2608 1433 2773 1497 αὐτὸς
2806 1432 2930 1487 ίδὼν
2954 1432 3172 1487 νεανίαν
3221 1426 3638 1499 φιλοπονοῦντα,
3678 1424 3807 1496 εφη,
3857 1426 4009 1483 Κάλ-

2428 1524 2606 1578 λιστον
2633 1523 2762 1594 ὄψον
2790 1524 2867 1595 τῷ
2884 1525 3088 1593 γήρατι
3121 1521 3360 1593 ἀρτύεις.

2499 1616 2811 1685 Δημοκρίτ.
2844 1644 2914 1656 -
2939 1616 3001 1668 Ui
3030 1615 3267 1668 ἑκούσιοι
3297 1614 3470 1677 πόνοι,
3518 1613 3619 1684 τὴν
3675 1611 3785 1666 τῶν
3837 1610 4004 1666 ἀκου-

2433 1708 2565 1763 σίων
2589 1704 2868 1778 ὑπομονήν
2898 1705 3264 1778 ἐλαφροτέραν
3296 1705 3827 1775 παρασκευάζουσιν.

2983 1883 3203 1939 ΛΟΓΟΣ
3240 1885 3343 1938 AI"
3380 1885 3451 1939 “.

3010 1975 3151 2045 Περὶ
3206 1976 3414 2043 ὅρκου.

2495 2071 2684 2125 Maro.
2715 2066 2778 2123 ε’.
2812 2097 2881 2108 -
2909 2067 3068 2136 Λέγω
3093 2068 3225 2137 ὑμῖν
3252 2067 3328 2137 μὴ
3353 2066 3553 2137 ὀμόσαι
3580 2065 3744 2133 ὅλως,
3778 2066 3922 2139 μήτε
3949 2065 4011 2121 ἐν

2427 2161 2507 2233 τῷ
2534 2160 2773 2233 οὑρανῷ,
2799 2161 2882 2215 ὃτι
2909 2160 3100 2232 θρόνος
3137 2159 3255 2213 ἐστὶ
3289 2157 3384 2213 τοῦ
3432 2157 3592 2222 Θεοῦ,
3634 2157 3775 2231 μήτε
3827 2159 3890 2213 ἐν
3938 2159 4009 2230 τῇ

2428 2253 2521 2322 γῇ,
2550 2250 2634 2304 ὅτι
2669 2248 2959 2305 ὑποπόδιόν
2978 2250 3099 2302 ἐστι
3124 2247 3233 2303 τῶν
3264 2246 3443 2301 ποδῶν
3471 2245 3660 2301 αὐτοῦ.

2511 2428 2657 2481 Ἰακ.
2675 2434 2812 2481 ε’.-
2827 2424 2943 2497 Πρὸ
2971 2424 3191 2479 πάντων
3205 2424 3286 2489 δὲ,
3307 2422 3527 2492 ἀδελφοί
3552 2440 3678 2493 μου,
3710 2421 3787 2493 μή
3815 2420 4015 2494 ὀμνύε-

2428 2534 2509 2572 τε·
2547 2518 2686 2589 μήτε
2716 2516 2807 2571 τὸν
2839 2516 3069 2581 οὐρανὸν
3102 2516 3240 2587 μήτε
3266 2516 3367 2582 τὴν
3393 2513 3517 2584 γῆν,
3548 2515 3684 2585 μήτε
3710 2513 3869 2569 ἄλλον
3891 2514 4015 2568 τινὰ

2428 2609 2590 2678 ὅρκον
2623 2624 2635 2637 ·
2665 2607 2804 2661 ἔστω
2830 2606 2888 2661 δὲ
2918 2606 3074 2677 ὑμῶν
3105 2606 3189 2673 τὸ,
3216 2605 3353 2670 Ναὶ,
3392 2606 3504 2672 ναὶ,
3533 2605 3632 2659 καὶ
3668 2604 3752 2671 τὺ,
3785 2602 3890 2687 QD,
3925 2602 4013 2661 οὗ.

2500 2788 2715 2855 Σολομ,
2744 2784 2825 2838 ιδ’.
2860 2814 2931 2825 -
2967 2782 3196 2845 ’Δδίκως
3223 2779 3447 2851 ὤμοσαν
3480 2781 3540 2836 ἐν
3568 2780 3706 2853 δόλῳ
3732 2740 4016 2854 καταφρο-

2430 2876 2691 2946 νήσαντες
2745 2872 3022 2943 ὁσιότητος
3068 2870 3163 2941 (z).
3224 2869 3300 2923 Οὐ
3332 2870 3443 2940 γὰρ
3464 2871 3499 2940 ή
3530 2870 3641 2922 τῶν
3662 2869 4016 2940 ὀμνυομένων

2430 2968 2677 3036 δύναμις,
2705 2964 2821 3018 ἀλλ’
2843 2966 2877 3034 ή
2904 2963 3016 3016 τῶν
3045 2960 3474 3034 ἁμαρτανόντων
3491 2960 3637 3031 δίκη,
3660 2959 4016 3032 ἐπεξέρχεται

2357 3090 2399 3147 c
2431 3057 2520 3110 ἀεὶ
2555 3055 2655 3125 τήν
2680 3055 2789 3108 τῶν
2812 3053 3016 3109 ἀδίκων
3035 3051 3376 3122 παράϐασιν.

2508 3147 2691 3216 Σιρὰχ
2745 3152 2852 3213 κγ’.
2888 3175 2961 3185 -
2993 3144 3205 3214 Ὠσπερ
3232 3142 3450 3211 οἰκέτης
3491 3141 3883 3213 ἐξεταζόμενος
3938 3143 4019 3196 ἐν’

2436 3238 2666 3310 δελεχῶς
2732 3238 2837 3308 (a),
2897 3236 3006 3290 ἀπὸ
3060 3236 3326 3305 μώλωπος
3372 3235 3473 3289 οὒκ
3526 3235 3967 3306 ἐλαττωθήσεται
3998 3249 4016 3267 ⁶

2436 3329 2609 3392 οὕτως
2637 3328 2666 3381 ὀ
2688 3327 2906 3399 ὀμνύων
2934 3328 3029 3381 καὶ
3058 3324 3346 3398 ὀνομάζων
3392 3325 3525 3380 Θεὸν
3571 3324 3864 3391 διαπαντὸς
3921 3324 4017 3382 ἄν·

2438 3420 2675 3492 θρωπος,
2702 3419 2809 3473 ἀπὸ
2838 3417 3110 3489 ἁμαρτίας
3127 3418 3188 3471 οὐ
3212 3417 3694 3489 καθαρισθήσεται.

2504 3513 2629 3578 Σιρ.
2655 3508 2763 3577 κγ.
2791 3539 2863 3550 -
2892 3508 3060 3580 Ἀνὴρ
3106 3509 3407 3579 πολύορκος
3461 3507 3839 3578 πλησθήσεται
3890 3507 4016 3561 ἀνο-

2439 3600 2591 3670 μίας,
2655 3599 2751 3653 καὶ
2802 3598 2901 3653 οὐκ
2954 3597 3324 3667 ἀποστήσεται
3365 3596 3475 3651 ἀπὸ
3515 3594 3612 3650 τοῦ
3656 3596 3808 3650 οἴκου
3848 3594 4017 3650 αὐτοῦ

2442 3689 2664 3763 μάστιξ.

2510 3780 2710 3837 Πιστού
2720 3797 2879 3852 μενος
2906 3777 2967 3831 τδ
2986 3776 3180 3847 ψεῦδος
3203 3774 3294 3830 διὰ
3318 3775 3427 3830 τῶν
3450 3775 3651 3847 ὅρκων,
3701 3774 3872 3830 κακὸν
3917 3774 4020 3842 ἐμ-

2446 3875 2700 3945 πόρευμα
2716 3872 2816 3940 τῆς
2837 3867 3230 3939 ἀπανθρωπίας
3248 3866 3348 3938 τὴν
3363 3866 3647 3937 ἐπιορκίαν
3658 3866 4017 3938 προσκτᾶται.

2521 3965 2737 4018 Βασιλ.
2768 3989 2841 4001 --
2884 3959 3118 4029 Δίσχρὸν
3161 3956 3272 4027 γὰρ
3320 3957 3600 4020 παντελῶς
3649 3958 3744 4010 καὶ
3792 3958 4020 4027 ἀνόητον

2450 4052 2645 4110 ἐαυτοῦ
2684 4051 3034 4122 κατηγορεῖν,
3067 4049 3143 4112 ὡς
3191 4048 3415 4111 ἀναξίου
3460 4048 3719 4112 πίστεως,
3775 4048 3869 4102 καὶ
3920 4047 4021 4116 τὴν

2452 4142 2563 4198 τῶν
2582 4142 2762 4214 ὅρκων
2785 4137 3086 4210 ἀσφάλειαν
3115 4135 3490 4207 ἐπιφέρεσθαι.

2232 4325 2465 4386 NOTAE.

840 4490 919 4564 (ῃ)
955 4490 1121 4564 Ὧςρὶ
1143 4488 1414 4564 εὐσεϐεῖς
1434 4489 1553 4564 τῶν
1568 4489 1824 4545 ἀσεϐῶν.
1850 4488 2043 4564 Simile
2065 4492 2341 4564 superiori
2373 4498 2415 4554 ιι
2444 4494 2517 4550 sci

2373 4498 2415 4554 Β
2444 4493 2658 4550 scilicet
2676 4488 2973 4560 juramenti
3030 4486 3315 4559 iujustitiaa
3359 4482 3545 4555 causa)
3602 4484 3698 4540 Dei
3735 4482 3875 4539 iram
3899 4499 4022 4556 ενι-

768 4560 1012 4618 erratum
1048 4560 1342 4624 Gesn.,sed
1367 4560 1605 4628 gravius,
1635 4574 1747 4628 quo
1776 4560 1990 4614 strenui
2030 4560 2335 4627 laboribus,

771 4632 957 4700 impiis
977 4631 1191 4685 similes
1211 4631 1509 4700 dicunt_ur_;
1538 4630 1767 4700 inertes,
1795 4628 1927 4700 piis,
1947 4630 2094 4700 quod
2114 4638 2172 4685 et
2197 4630 2341 4700 bona

769 4697 867 4770 spe
898 4700 1217 4761 fulciantur,
1248 4714 1358 4752 nou
1396 4697 1656 4770 industrii
1686 4707 1744 4752 et
1781 4697 2081 4770 laboribus
2108 4699 2342 4770 assidui,

775 4767 967 4824 contra
1010 4786 1074 4824 ac
1099 4770 1234 4824 dicit
1271 4774 1489 4838 auctor:
1543 4767 1619 4820 Eo
1669 4767 1822 4838 modo
1871 4784 1973 4837 quo
2011 4769 2087 4838 pii
2126 4768 2189 4821 ab
2242 4771 2345 4821 im-

775 4842 897 4911 piis,
932 4856 1023 4909 spe
1049 4840 1301 4893 nimirum
1327 4836 1462 4890 bona
1488 4855 1506 4903 ;
1542 4851 1653 4891 non
1686 4845 1747 4891 ut
1778 4836 1944 4893 Gesn.
1976 4836 2078 4907 quo
2136 4838 2287 4909 impii
2312 4855 2345 4891 τι

813 4912 899 4972 iis,
923 4922 1029 4963 etc.
1779 4964 1787 4974 ,
2026 4962 2030 4967 ,

776 4928 1565 5048 ρηῖέξιῗιεαταφρονήσαντες
1636 4977 1754 5043 τὴν
1779 4962 2107 5048 ίόσιότητα.
2184 4975 2351 5048 Quasi

776 5047 1276 5126 spretajuramenti
1308 5050 1598 5126 religione;
1628 5047 1863 5126 enim
1914 5047 2156 5126 ῥσιότῃς,
2204 5047 2351 5126 quod

776 5120 934 5186 Vulg.
980 5115 1144 5187 paulo
1192 5115 1461 5173 remotius
1520 5118 1781 5187 iustitiam
1834 5115 2018 5170 reddit
2067 5115 2353 5185 secutique

778 5184 959 5242 Nobili
983 5184 1039 5242 et
1061 5188 1226 5242 Gesn.
1263 5190 1397 5243 Illud
1421 5189 1588 5243 etiam
1616 5184 1998 5255 ἐπεξέρχεται,
2037 5200 2232 5254 parum
2266 5184 2355 5237 ao-

779 5258 1490 5325 commodate,perambuiat
1513 5272 1672 5326 super
1694 5257 2017 5326 injrustorum
2039 5256 2360 5326 praevarica-

782 5329 996 5380 tionem.
1035 5323 1244 5389 Potius,
1277 5328 1435 5397 quasi
1469 5323 2356 5397 hostiliterinsequitur,invadit,

784 5397 1091 5451 ulciscitur.
1177 5394 1483 5452 Pessimum
1550 5396 1696 5464 quod
1756 5394 1921 5450 Gesn.
1977 5394 2358 5464 ὀμνυομένυιν,

777 5467 1083 5537 juruntium
1114 5465 1315 5531 reddit,
1361 5484 1471 5521 non
1517 5463 1688 5535 magis
1708 5466 2043 5537 juratorum.
2088 5472 2148 5517 ut
2200 5463 2358 5530 Vulg.

784 5535 867 5590 vel
901 5535 1125 5597 clarius,
1161 5536 1379 5592 illorum
1412 5554 1504 5608 per
1546 5553 1675 5608 quos
1695 5536 1941 5605 juratur.
1980 5535 2202 5608 Sensus
2248 5542 2359 5594 est,

784 5608 949 5661 etiam
991 5621 1114 5658 cum
1164 5607 1285 5660 [icta
1331 5604 1579 5668 numina,
1627 5604 1905 5675 jurantur,
1942 5604 2131 5659 ulcisci
2161 5604 2359 5665 Deum,

792 5692 903 5747 non
934 5676 1310 5747 proptcrlicta
1359 5678 1471 5747 ipsa
1534 5676 1778 5736 numina,
1839 5685 1895 5729 et
1947 5674 2091 5747 quod
2144 5689 2358 5747 eorum

801 5743 1000 5802 violata
1027 5746 1246 5817 religio,
1280 5743 1544 5817 sedquod
1575 5748 1751 5817 ipsum
1781 5747 1885 5801 hoc
1911 5745 2087 5800 scelus
2134 5743 2363 5815 (abusus

2444 4565 2581 4632 vius,
2597 4568 2880 4632 provocet.

2517 4622 2617 4754 Sp)-
2674 4627 3126 4709 Ἐξεταζᾷμενος
3147 4623 3500 4709 magno
3518 4622 3596 4677 De
3627 4639 3749 4703 ιῙιιο⁸
3774 4624 4024 4677 continue

2555 4709 2710 4754 eatur
2738 4707 2977 4754 autestw.
3006 4700 3127 4754 Stat
3174 4705 3357 4754 itaque
3383 4710 3440 4749 ιιι
3473 4693 3581 4747 hoc
3627 4693 3829 4754 Simile.
3862 4692 4015 4754 quod

2446 4692 2710 4756 habeatur
2738 4692 2977 4768 (imm.
3006 4692 3127 4757 Stat
3174 4692 3365 4768 itaque
3383 4696 3440 4749 in
3473 4693 3590 4768 hoe
3627 4692 3829 4755 simile,
3862 4692 4015 4768 quod

2448 4771 2596 4840 sicut
2626 4761 2818 4840 servus
2845 4769 2941 4840 qui
2970 4768 3051 4826 sic
3080 4761 3304 4821 austero
3332 4765 3470 4818 hero
3515 4763 3711 4826 utitur,
3735 4770 3811 4840 ,ιιι
3837 4761 4025 4815 conti-

2450 4855 2561 4893 nuc
2584 4837 2640 4890 in
2666 4837 2817 4890 illum
2861 4837 3124 4907 inquirat,
3148 4849 3383 4907 necesse
3406 4840 3493 4886 est
3510 4842 3574 4907 ιιι
3621 4837 3820 4907 smptus
3841 4846 4023 4907 vapu-

2455 4910 2553 4971 let,
2587 4899 3013 4980 livoremque'ac
3050 4906 3255 4980 vibices
3282 4902 3559 4980 lerat;_sic
3603 4909 3658 4955 et
3686 4900 3799 4980 _qui
3823 4899 4027 4980 saepius

2453 4970 2627 5049 jurat,
2701 4970 3248 5049 Deuutqtle_assidue
3314 4972 3582 5049 nominat,
3621 4970 4023 5049 Autuperjurio,

2449 5038 2680 5115 ejusque
2708 5038 2973 5115 nominis
3004 5042 3386 5106 irreverentia,
3445 5046 3671 5115 peccet.‘
3708 5038 3829 5092 Non
3884 5038 4028 5115 bene

2455 5104 2623 5186 igitur
2693 5114 2859 5186 Gesn.
2936 5112 3130 5186 Servus
3216 5104 3425 5186 semper
3445 5104 3471 5186 ί
3508 5107 3768 5186 vapulans
3786 5123 3805 5171 ;
3858 5104 4028 5186 _apttd

2452 5176 2617 5255 qvuem
2644 5184 2810 5237 etiam
2860 5183 3203 5255 mendosum,
3271 5176 3380 5233 ἀπὸ
3407 5176 3687 5255 μᾲστιγοξν
3713 5176 4026 5255 cupa?

2456 5242 2771 5324 ’ἓωοήσεται
2808 5293 2823 5315 ,
2859 5242 3277 5319 inauditumque
3324 5242 3473 5318 quod
3516 5242 3717 5328 reddit,
3755 5261 3789 5297 a
3809 5242 4030 5368 εὲρςιζο

2460 5341 2567 5368 mm
2593 5323 2921 5368 emendatur.
2959 5322 3072 5368 Etsi
3096 5322 3242 5368 enim
3267 5336 3396 5368 vera
3421 5325 3712 5368 sententia.
3743 5330 3807 5368 su
3890 5322 4030 5366 ιιιιια

2460 5341 2567 5378 non
2593 5322 2923 5376 emendatur.
2959 5322 3074 5376 Etsi
3096 5322 3243 5375 enim
3267 5336 3396 5374 vera
3421 5322 3712 5376 sententia,
3743 5322 4031 5368 subdititia

2466 5403 2668 5455 tamen,
2728 5408 2830 5446 nec
2877 5391 3134 5461 scriptori
3194 5404 3359 5461 sacro
3389 5384 3799 5461 intenta._Vo_x
3856 5381 4030 5461 ςερν,

2462 5450 2747 5535 petimen
2774 5461 2895 5516 istis
2916 5450 2973 5535 in
2991 5450 3162 5535 'Vulg.
3206 5467 3263 5535 et
3309 5458 3447 5513 Sixt.
3500 5451 3824 5535 supplenda.

2461 5532 2876 5601 Χρυσοστόμου.
2914 5530 3184 5603 inscribit.
3218 5529 3320 5603 An
3371 5528 3516 5597 quod
3544 5526 3921 5603 Magimushsic
3944 5526 4034 5603 in:

2461 5593 2668 5671 teigram
2712 5593 3038 5655 sententiam
3088 5616 3157 5671 ex
3206 5593 3601 5671 Glirysostomo
3651 5593 3883 5659 habuit;
3938 5594 4034 5644 aut

2461 5668 2663 5741 potius,
2686 5672 2830 5741 quod
2862 5672 2941 5727 sic
2974 5669 3331 5739 Antiquarius
3367 5668 3537 5722 lusit?
