4246 6438
225 444 329 509 893

1531 437 1699 497 LOCI
1740 437 2178 501 COMMUNES.

3373 436 3479 501 894

293 559 465 612 880.1.
492 583 564 596 —
605 553 664 607 Ὀ
695 553 796 623 μὲν
825 551 936 624 γὰρ
962 551 1224 623 εύορκῶν,
1244 553 1404 622 τυχὸν
1428 551 1494 605 ἄν
1537 568 1668 605 ποτε
1707 555 1800 607 καὶ
1827 560 1873 614 Α

1827 560 1873 614 Α
1971 556 2235 626 Theologi.
2274 581 2340 595 -
2374 555 2476 622 Qui
2516 569 2642 608 vere
2664 569 2727 607 ac
2744 552 3119 622 sancteiurat,
3151 549 3291 606 forte
3313 554 3479 609 etiam

222 646 606 721 παρασφαλείη
631 663 646 679 ο
669 647 697 700 ὀ
728 646 784 699 δὲ
811 645 888 715 μὴ
938 645 1178 714 ὀμνύων,
1229 643 1322 696 τὸν
1372 643 1471 714 τῆς
1514 644 1798 714 ἐπιορκίας

220 741 468 796 κίνδυνον
491 737 846 806 διαπέφευγε.

302 833 364 886 '0
390 831 554 902 νόμος
577 830 762 901 φησὶν,
795 830 918 884 οὐκ
940 827 1336 898 ἐπιορκήσῃςο
1360 827 1426 882 σὺ
1449 827 1506 882 δὲ
1527 829 1661 882 Ούδὲ
1691 828 1798 898 ὀμῇ

218 925 321 994 τὴν
357 924 554 996 ἀρχὴν,
585 924 645 977 ού
699 920 895 994 μικρὸν
925 920 984 974 ού
1013 919 1196 990 μεῖζον
1228 936 1244 952 ’
1281 920 1357 985 ὼς
1387 917 1482 973 τοῦ
1510 920 1673 990 ὅρκου
1699 919 1800 989 τὴν

219 1014 510 1084 ἐπιορκίαν
538 1012 840 1074 τίκτοντος.

290 1189 595 1256 Χρυσόστ.
625 1216 698 1228 -
728 1187 791 1241 Oi
845 1186 1180 1256 συκοφάνται
1232 1186 1296 1240 τὸ
1347 1185 1546 1255 ψεῦδος
1590 1185 1799 1257 πιπρὰ-

223 1297 449 1334 σκουσιν
476 1295 491 1309 ο
525 1277 790 1348 ἀλλήλους
824 1277 1149 1348 ψευδόμενοι
1179 1276 1306 1340 τοὺς
1345 1278 1544 1348 ὅρκους
1594 1278 1802 1347 ἀνήλω-

224 1387 351 1436 σαν,
371 1369 451 1434 είς
467 1367 528 1422 τὺ
549 1366 796 1439 ὀμνύειν,
819 1368 917 1422 καὶ
939 1367 1119 1438 μόνον,
1142 1368 1235 1422 τὸν
1262 1368 1395 1422 Θεὸν
1424 1369 1797 1440 ἐπιστάμενοι.

294 1548 635 1621 Σωκράτης.
658 1579 728 1590 -
755 1548 848 1601 Δεῖ
876 1547 987 1618 γάρ
1010 1548 1140 1613 τοὺς
1168 1549 1406 1617 ἀγαθοὺς
1430 1550 1651 1621 ἄνδρας,
1678 1550 1801 1622 τρό-

221 1661 330 1700 πον
364 1645 530 1716 ὅρκου
553 1643 873 1715 πιστότερον
901 1641 1194 1712 φαίνεσθαι
1230 1643 1657 1714 παρεχομένους.

295 1828 502 1892 ὀρκον
545 1825 781 1880 ἐπακτὸν
831 1824 1130 1896 προσδέχου
1183 1823 1273 1878 διὰ
1318 1822 1412 1878 δύο
1449 1823 1752 1892 προφάσεις
1782 1838 1799 1855 ο

218 1917 255 1987 ἢ
286 1917 515 1970 σεαυτὸν
551 1915 733 1980 αἰτίας
782 1894 1065 1982 ἀπολύων,
1104 1916 1139 1987 ἢ
1194 1914 1386 1984 φίλους
1439 1915 1503 1968 εκ
1551 1914 1805 1985 μεγάλων
1835 1894 1876 1949 Β

219 2008 489 2063 κινδύνων
521 2006 822 2072 διασώζων.

298 2093 528 2148 Ἕνεκεν
561 2095 865 2166 χρημάτων
913 2094 1180 2167 μηδαμῶς
1218 2095 1352 2149 Θεὸν
1392 2095 1597 2167 ὀμόσῃς
1622 2113 1637 2126 ·
1682 2096 1807 2168 μηδ’

217 2181 287 2235 ἂν
303 2181 554 2251 εύορκεῖν
581 2182 796 2254 μέλλεις
815 2200 830 2216 ·
869 2183 1043 2250 δόξεις
1063 2185 1192 2256 γὰρ,
1224 2186 1336 2250 τοῖς
1363 2186 1462 2257 μὲν
1500 2187 1804 2258 ἐπιορκεῖν,

216 2275 334 2338 τοῖς
358 2273 418 2328 δὲ
451 2274 878 2348 φιλοχρημάτως
901 2276 1069 2347 ἔχειν.

869 2387 1171 2459 Ἄμφιδος.

351 2479 558 2552 Ὅστις
577 2481 687 2552 γὰρ
719 2482 1002 2551 ὀμνύοντι
1015 2484 1213 2552 μηδὲν
1241 2485 1524 2551 πείθεται,

350 2549 542 2617 Αὐτὸς
567 2549 870 2620 ἐπιορκεῖν
893 2549 1116 2620 ῥᾳδίως·
1150 2555 1488 2608 ἐπίσταται.

290 2637 359 2691 Oi
392 2637 581 2692 πολλοὶ
610 2642 724 2704 τοῖς
756 2641 1069 2712 ἀνθρώποις
1095 2644 1158 2697 τὸ
1192 2644 1455 2716 εὐόρκους
1497 2639 1637 2697 εἶναι
1667 2661 1785 2714 παρ

219 2728 472 2782 αινοῦσιν
509 2745 525 2760 ·
584 2729 695 2799 ἑγὼ
725 2731 784 2786 δὲ
816 2734 914 2787 καὶ
941 2733 1042 2805 τὴν
1070 2735 1246 2808 ἀρχὴν
1283 2737 1406 2807 μηδ’
1430 2736 1676 2801 εὐπετῶς
1704 2737 1808 2807 ὀμ-

218 2819 374 2873 νῦναι
410 2819 560 2875 ὅσιον
583 2821 980 2897 ἀποφαίνομαι.

215 2912 537 2967 Εὐσεσίου.
569 2943 640 2956 -
670 2914 888 2986 Τρόπου
918 2919 1351 2991 καλοκαγαθίαν,
1386 2921 1550 2994 ὅρκου
1582 2921 1683 2977 δεῖ.
1711 2923 1804 2977 Πι·

222 3001 490 3074 ποτέραν
512 3002 680 3074 ἔχειν.

785 3140 1006 3194 ΛΟΓΟΣ
1041 3141 1144 3196 ΔΔ⁹
1173 3141 1239 3196 ⁸⁷.

741 3230 880 3299 Περὶ
912 3230 1282 3299 κενοδοξίας·

301 3318 488 3372 ἰωανο
516 3315 570 3373 ι’.
600 3347 678 3363 --
699 3319 869 3386 Δόξαν
927 3323 1062 3391 παρ’
1113 3322 1360 3394 ἀλλήλων
1407 3323 1804 3396 λαμϐάνοντες,

213 3406 319 3479 τὴν
345 3407 511 3472 δόξαν
537 3409 638 3481 τὴν
669 3412 819 3482 παρά
846 3411 1012 3482 μόνου
1035 3412 1174 3468 Θεοῦ
1204 3417 1266 3468 ού
1299 3417 1532 3487 ζητεῖτε.

285 3586 446 3639 Pal.
492 3590 558 3638 ε’.
601 3587 786 3656 -Μὴ
845 3587 1137 3657 γενώμεθα
1194 3591 1488 3659 κενόδοξοι,
1544 3591 1806 3663 ἀλλήλους

212 3674 684 3746 προκαλούμενοι,
709 3676 972 3749 ἀλλήλους
995 3678 1040 3711 ⁸⁸
1068 3679 1414 3749 φθονοῦντες.

283 3871 537 3939 Παροιμ.
571 3867 672 3934 ιβ’.
705 3871 1090 3941 -Κρείσσων
1130 3873 1270 3946 ἀνὴρ
1324 3876 1384 3928 ἐν
1433 3875 1626 3947 ἀτιμίᾳ
1675 3877 1801 3930 δου-

206 3959 390 4015 λεύων
439 3961 641 4032 ἑαυτῷ,
679 3962 714 4032 ἢ
749 3965 779 4017 ὀ
809 3963 976 4036 τιμὴν
1007 3965 1190 4036 ἑαυτῷ
1220 3967 1468 4037 περιθεὶς
1497 3969 1592 4024 καὶ
1626 3986 1799 4041 προσ-

203 4052 471 4123 δεόμενος
490 4053 679 4125 ἄρτου.

285 4145 475 4214 Σιρὰχ
511 4151 582 4198 α’.
629 4175 699 4186 -
727 4145 820 4217 Μὴ
857 4145 1057 4217 ὲξύψου
1089 4150 1338 4217 σεαυτὸν,
1367 4151 1456 4206 ῐνα
1484 4154 1559 4224 μὴ
1607 4155 1800 4226 πέσῃς,

204 4234 309 4288 καὶ
339 4234 560 4308 ἐπάγῃς
582 4237 650 4307 τῇ
685 4235 833 4307 ψυχῇ
869 4253 963 4292 σου
987 4239 1236 4311 ἀτιμίαν.

284 4324 476 4392 Σιρὰχ
530 4330 584 4381 ι’.
616 4353 688 4364 -
723 4327 945 4398 Μισητὴ
1003 4328 1247 4384 ἐναντίον
1305 4333 1514 4405 Κυρίου
1562 4334 1657 4389 καὶ
1708 4335 1801 4390 ἀν-

206 4415 455 4486 Θρώπων
485 4417 520 4486 ἡ
548 4416 824 4484 κενοδοξία
848 4419 915 4472 ⁸⁸.

290 4505 582 4571 Κενόδοξοί
605 4507 745 4562 εἰσιν
797 4509 848 4563 oi
898 4510 1276 4578 πλουτίζοντες
1327 4514 1580 4582 ἑαυτοὺς,
1634 4519 1802 4590 μηδὲν

200 4596 457 4666 ἔχοντες.

284 4688 508 4738 Baeti.
543 4715 615 4726 —
644 4687 935 4754 Κενόδοξὸς
965 4691 1134 4757 ἐστιν,
1159 4693 1188 4745 ὁ
1220 4693 1383 4767 ψιλῆς
1417 4695 1601 4752 ἕνεκεν
1620 4701 1720 4770 τῆς
1745 4701 1805 4753 ὲν

199 4775 414 4846 κόσμῳ
450 4775 613 4848 δόξης
648 4778 819 4832 ποιῶν
838 4796 892 4833 τι
917 4781 951 4851 ἢ
973 4780 1171 4850 λέγων,
1281 4825 1286 4833 .

280 4949 376 5022 Τῷ
406 4950 525 5004 ὄντι
560 4951 974 5025 Θεραπευόμενα
1003 4955 1073 5009 τά
1099 4956 1425 5028 ὑπερήφανα
1485 4957 1614 5030 ἢθη,
1669 4958 1802 5013 iuu-

189 5043 322 5097 τῶν
352 5046 847 5118 ὑπεροπτικώτερα
872 5049 1084 5118 πέφυκε
1107 5050 1374 5117 γίνεσθαι.

292 5137 537 5207 Ὁμοίως
558 5141 668 5211 γάρ
697 5142 815 5193 ἐστι
836 5142 1069 5218 χαλεπόν
1101 5143 1155 5196 ἐν
1184 5161 1243 5197 τε
1263 5145 1572 5212 δυσκολίαις
1625 5165 1803 5218 τοαγ-

199 5229 415 5299 μάτων
449 5230 820 5284 ἀταπείνωτον
845 5232 945 5304 τὴν
975 5215 1152 5305 ᾦχὴν
1189 5236 1584 5306 διασώσασθαι,
1625 5241 1718 5296 καὶ
1743 5243 1801 5294 ὲν

188 5323 336 5384 ταίς
363 5319 804 5391 ὑπερηφανείαις
841 5323 918 5395 μὴ
952 5325 1283 5398 ἐπαρθῆναι.

273 5497 464 5551 Θεολ.
497 5526 572 5538 -
591 5496 754 5564 Μέγα
769 5499 882 5563 τοῖς
902 5498 1213 5570 ἀνθρώποις
1254 5503 1288 5574 ἡ
1319 5457 1610 5572 ’κενοδοξία
1659 5505 1798 5578 πρὸς

184 5587 417 5661 ἀρετὴν
448 5588 729 5659 ἐμπόδιον.

1901 648 2241 717 quandoque
2264 645 2536 700 erraverit
2561 661 2574 708 ;
2608 651 2684 707 at,
2712 645 2807 712 qui
2837 644 3136 714 noniurat,
3165 657 3328 697 omne
3356 660 3484 713 per-

1898 740 2030 810 iurii
2069 739 2374 808 periculum
2420 737 2639 807 ell‘ugit.

1974 831 2083 885 Lex
2111 831 2220 883 ait:
2254 829 2370 884 Non
2403 830 2699 900 perjumbis
2735 827 2921 900 (Levii.
2956 842 3030 888 Ix,
3065 827 3174 895 12)
3215 843 3232 890 ;
3280 835 3337 879 tu
3386 841 3485 879 au-

1903 929 2013 976 tem
2071 940 2086 975 :
2131 921 2320 990 Neque
2389 920 2615 974 omnino
2668 920 2877 987 iurato,
2929 917 3197 986 quidquid
3251 915 3485 970 minoris

1900 1011 2192 1080 maiorisve
2233 1010 2528 1080 iuramenti
2558 1009 2864 1077 est(.'llatth.
2893 1025 2947 1070 v,
2979 1008 3091 1076 35);
3147 1009 3292 1076 quod
3320 1007 3485 1060 nimi-

1901 1118 2024 1156 rum
2049 1103 2426 1172 iuralnentunt
2448 1100 2679 1170 periurii
2705 1115 2904 1167 parcns
2942 1114 3006 1152 ac
3030 1108 3224 1152 auctor
3245 1099 3481 1151 exsistit.

1971 1189 2238 1260 Chrysost.
2263 1217 2328 1230 -ο
2357 1190 2741 1260 Sycophantae,
2766 1188 3050 1241 mendacia
3077 1187 3326 1242 vendunt
3349 1204 3364 1252 ;
3391 1188 3484 1240 alii

1899 1285 2038 1338 alios
2097 1284 2367 1346 fallentes,
2425 1283 2739 1352 iuramenta
2811 1281 3146 1343 insumunt;
3218 1294 3327 1332 uno
3381 1279 3486 1332 hoc

1900 1375 2074 1429 Deum
2102 1374 2360 1437 scientes,
2394 1371 2542 1442 quod
2575 1370 3048 1440 interiuramenta
3071 1369 3195 1436 eius
3216 1368 3492 1421 memine~

1902 1473 2052 1518 I'UDL

1972 1553 2234 1608 Socrates.
2283 1581 2350 1594 -
2390 1551 2570 1606 Bonos
2613 1551 2765 1604 viros
2823 1548 3001 1611 decet,
3056 1563 3179 1602 eam
3221 1546 3483 1601 exhibere

1903 1656 2117 1694 morum
2191 1639 2557 1710 probitatem,
2617 1654 2740 1708 qua:
2780 1635 3144 1708 jurejurando
3201 1635 3268 1688 ad
3320 1633 3484 1687 ﬁdem

1903 1735 2116 1789 ﬁrmior
2137 1735 2416 1788 videatur.

1974 1825 2370 1896 Jusjurandum
2422 1825 2669 1879 oblatum
2711 1822 2918 1892 duplici
2967 1837 3033 1876 ex
3084 1835 3247 1875 causa
3305 1821 3484 1874 susci-

1903 1923 2054 1992 pito;
2095 1928 2157 1974 ut
2189 1936 2386 1989 nempe
2439 1929 2492 1974 te
2551 1919 2666 1989 ipse
2718 1934 2749 1972 a
2792 1917 3025 1971 crimine
3068 1916 3343 1981 absolvas,
3391 1925 3488 1969 aut

1906 2015 2114 2069 amicos
2139 2030 2169 2068 a
2198 2012 2410 2084 magnis
2444 2011 2702 2080 periculis
2735 2011 2960 2064 liberes.

1975 2106 2340 2162 Pecuniarum
2392 2120 2558 2159 causa
2598 2118 2668 2158 ne
2720 2103 2894 2158 Deum
2937 2101 3236 2173 iuraveris,
3281 2114 3386 2154 nec
3439 2099 3486 2155 si

1907 2213 2102 2253 verum
2161 2199 2457 2269 iuraturus
2499 2195 2612 2260 sis;
2663 2193 2788 2248 aliis
2833 2193 2982 2247 enim
3030 2193 3308 2262 periurus,
3365 2190 3489 2245 aliis

1907 2288 2155 2342 avaritia:
2186 2285 2382 2340 morbo
2415 2284 2667 2338 laborare
2694 2280 2995 2336 videberis.

2546 2394 2841 2464 Amphidis.

2083 2486 2187 2552 Qui
2215 2486 2348 2540 nihil
2382 2485 2509 2552 ﬁdei
2547 2485 2756 2552 iuranti
2791 2483 2996 2547 tribuit,

2082 2557 2202 2627 Ipse
2227 2557 2465 2626 pejerare
2503 2553 2657 2624 facile
2698 2555 2861 2607 novit.

1980 2649 2235 2718 Plerique
2309 2646 2564 2701 homines
2628 2645 2925 2699 hortantur
3000 2642 3347 2714 suadentque
3426 2651 3490 2698 ut

1907 2756 2104 2795 verum
2137 2740 2358 2809 iurent;
2403 2752 2506 2807 ego
2536 2752 2670 2791 vero
2694 2752 2765 2790 ne
2802 2736 3041 2806 primum
3072 2735 3300 2805 quidem
3327 2735 3490 2790 facile

1905 2830 2117 2900 iurare,
2151 2837 2404 2883 sanctum
2430 2825 2862 2896 religiosumque
2897 2825 3125 2880 allirmo.

1978 2917 2217 2972 Eusebii.
2254 2947 2323 2957 —
2354 2916 2567 2971 Merum
2597 2915 2931 2984 probitatem
2981 2922 3038 2968 et
3088 2913 3487 2979 innocentiam,

1910 3007 2115 3064 habere
2141 3007 2301 3062 decet
2331 3002 2695 3076 iurisiurandi
2742 3004 3013 3074 religione
3054 3003 3381 3061 firmiorem.

2407 3139 2675 3195 SERMO
2733 3140 3009 3194 XXXIV.

2469 3233 2546 3285 De
2571 3234 2722 3286 inani
2747 3233 2940 3303 gloria.

1975 3326 2137 3380 Joan.
2168 3341 2222 3390 ν,
2255 3324 2347 3379 44.
2375 3352 2444 3363 -
2466 3320 2572 3388 Qui
2621 3322 2852 3392 gloriam
2884 3322 2954 3376 ab
2996 3322 3230 3377 invicem
3280 3322 3490 3392 accipi-

1909 3416 2013 3481 tis,
2048 3424 2106 3470 et
2133 3415 2388 3486 gloriam,
2442 3428 2564 3482 qua:
2617 3427 2648 3466 τι
2707 3413 2826 3468 solo
2865 3413 3121 3477 Deocst.
3183 3427 3296 3467 non
3341 3428 3491 3483 quae-

1910 3509 2055 3563 ritis.

1979 3600 2144 3671 623
2198 3598 2379 3654 Galat.
2416 3612 2471 3660 ν,
2520 3597 2613 3651 25.
2659 3624 2730 3638 —-
2779 3597 2901 3652 Non
2950 3597 3256 3652 efﬁciamur
3307 3597 3488 3653 inanis

1906 3693 2099 3764 gloria:
2132 3691 2346 3762 cupidi,
2377 3690 2613 3744 invicem
2644 3698 3035 3760 provocantes,
3079 3691 3313 3745 invicem
3347 3690 3492 3744 invi.-

1905 3784 2124 3840 dentes.

1974 3875 2132 3931 Prov.
2161 3891 2257 3940 ιιι,
2297 3876 2350 3930 9.
2373 3901 2443 3915 —-
2466 3873 2659 3928 Melior
2678 3881 2763 3928 est
2793 3873 2879 3927 vir
2901 3873 2956 3927 in
2990 3874 3204 3928 vilitate
3235 3873 3486 3930 serviens

1904 3964 2036 4032 sibi,
2087 3980 2252 4037 quam
2300 3965 2396 4035 qui
2456 3961 2564 4017 sibi
2614 3962 2884 4018 honorem
2929 3962 3224 4029 adhibens,
3275 3961 3489 4033 indiget

1902 4073 2065 4128 pane.

1972 4147 2137 4201 Eccli.
2173 4163 2210 4209 ι,
2245 4148 2334 4202 38.
2371 4179 2438 4189 —
2473 4149 2549 4203 Ne
2575 4147 2786 4202 cxaltes
2814 4144 3076 4212 teipsum,
3107 4159 3178 4198 ne
3205 4143 3392 4210 cadas,
3433 4151 3489 4198 et

1903 4239 2135 4294 inducas
2162 4238 2359 4295 animm
2389 4247 2497 4294 tuae
2532 4237 3038 4292 inhonorationcm.

1972 4330 2140 4386 Ectli.
2173 4347 2226 4394 x,
2261 4331 2313 4385 7.
2346 4363 2417 4373 —
2439 4329 2677 4386 0dibilis
2723 4342 2909 4384 coram
2939 4327 3174 4382 Domino
3220 4335 3276 4381 et
3299 4325 3485 4381 homi-

1902 4422 2075 4478 nibus
2111 4423 2294 4477 inanis
2332 4422 2525 4492 gloria.

1973 4513 2157 4568 Inanis
2195 4513 2386 4583 gloria:
2423 4513 2562 4567 vitio
2607 4511 2885 4577 laborant,
2913 4509 3010 4580 qui
3041 4525 3100 4564 se
3163 4509 3364 4565 divites
3406 4511 3490 4582 ia-

1909 4611 2082 4667 ctant,
2106 4619 2234 4657 eum
2268 4604 2405 4657 nihil
2442 4604 2702 4658 habeant.

1970 4693 2182 4748 Basilii.
2211 4724 2277 4734 -
2311 4694 2500 4749 Inanis
2545 4696 2731 4764 gloria:
2777 4693 3013 4763 cupidus
3058 4709 3123 4747 ac
3162 4709 3338 4748 vanus
3381 4702 3486 4759 est,

1901 4784 1998 4854 qui
2022 4784 2188 4839 nuda:
2217 4784 2408 4854 gloria:
2441 4780 2628 4840 saeculi
2672 4800 2861 4850 causa,
2904 4783 3192 4853 quidpiam
3230 4783 3362 4838 facit
3390 4792 3488 4838 aut

1901 4873 2058 4928 dicit.

1971 4965 2138 5020 Plane
2173 4965 2400 5034 superbi
2446 4980 2632 5020 mores
2676 4964 2947 5033 obsequio
2993 4964 3234 5030 deliniti,
3285 4964 3487 5034 seipsis

1899 5055 2314 5125 arrogantiores
2341 5055 2462 5111 ﬁeri
2486 5072 2852 5112 consuevere.

1970 5147 2204 5203 Perinde
2238 5149 2388 5203 enim
2417 5165 2582 5219 grave
2614 5164 2679 5204 ac
2707 5148 2940 5202 arduum
2967 5155 3074 5212 est,
3126 5157 3240 5200 tum
3290 5163 3476 5202 rerum

1900 5237 2168 5307 angustiis
2233 5237 2413 5309 iisque
2467 5238 2682 5293 alllictis
2736 5253 2847 5291 non
2897 5235 3084 5291 animo
3124 5235 3330 5306 deiici,‘
3365 5244 3482 5290 tum

1900 5328 2009 5382 illis
2039 5326 2368 5385 ﬂorentibus
2413 5329 2717 5399 mundique
2761 5328 3046 5399 superbia,
3080 5345 3191 5383 non
3230 5343 3298 5382 eo
3328 5327 3486 5394 exal-

1902 5419 2025 5474 tari.

1977 5511 2238 5582 Theologi.
2270 5542 2341 5555 —
2368 5511 2553 5568 Inanis
2575 5512 2746 5584 gloria
2791 5511 3000 5583 grande
3031 5510 3359 5568 mortalibus
3391 5523 3484 5578 pa-

1908 5602 2092 5658 randae
2120 5603 2345 5659 virtutis
2385 5605 2734 5661 obstaculum
2774 5605 2950 5675 ponit.

1493 5730 1724 5789 VARI/1'3
1758 5734 2162 5792 LECTIONES.

273 5813 332 5848 "
361 5813 424 5869 In
459 5812 631 5871 Gesn.
666 5813 821 5871 Stob.
860 5816 976 5873 165.
1055 5819 1282 5877 “Gesn.
1317 5821 1585 5894 ἀλλήλοις.

1663 5827 1706 5858 ⁶⁰
1742 5828 1879 5883 Bibl.
1922 5829 1952 5896 ἡ
1990 5829 2234 5896 ύπερηφ.
2272 5831 2538 5884 suvcrbia.
