4246 6438
759 371 862 435 899

1918 367 1979 426 S.
2020 361 2304 424 MAXIMI
2343 357 2853 421 CONFESSORIS

3910 345 4008 409 900

760 477 1092 532 labefactare
1112 483 1405 541 conantur,
1425 475 1697 531 illustrior
1722 474 2030 541 celsiorque
2060 469 2331 532 evaserit;

2470 466 2505 518 t‘
2538 463 2720 517 αὐτῶν
2747 461 2855 515 τῶν
2904 456 3237 530 ιπηρεάζειν
3289 451 3740 525 ἰπιχειρούντων,
3790 452 4012 520 φαιδρο-

762 566 890 631 illis,
920 568 1015 636 qui
1044 583 1102 622 sc
1136 567 1339 621 frustra
1364 572 1684 634 torqueant,
1710 568 1824 618 risu
1846 564 1971 633 jure
2000 560 2263 630 exceptis.

836 744 1074 812 Evagrii.
1109 773 1179 783 —
1206 743 1510 799 Veritatem
1564 740 1787 797 silentio
1831 756 2105 812 premere,
2141 756 2337 795 aurum

761 842 849 885 est
881 834 1049 885 humo
1084 831 1371 887 defodere.

832 925 1026 977 Isidori
1060 924 1367 979 Pelusiotw.
1400 953 1469 965 ——
1506 922 1665 990 Quod
1696 923 1941 994 primum
1992 921 2339 976 mendacium

761 1014 1008 1079 auditur,
1057 1018 1322 1086 majorem
1362 1014 1419 1068 in
1465 1029 1657 1069 aurem
1716 1014 1879 1068 fidem
1935 1014 2122 1077 habet,
2175 1029 2341 1082 quam

760 1108 988 1167 veritas,
1009 1124 1132 1176 quae
1160 1117 1348 1176 postea
1373 1122 1438 1161 ac
1466 1115 1660 1161 secuto
1686 1121 1940 1161 sermone
1980 1114 2340 1160 monstratur.

830 1196 1123 1252 Seueriani.
1152 1229 1223 1240 —
1254 1198 1624 1262 Mendacium,
1669 1198 1799 1251 dum
1843 1196 1949 1250 sibi
1984 1196 2146 1251 fidem
2190 1212 2343 1266 quae-

761 1291 853 1354 rit,
889 1307 1000 1346 non
1043 1294 1203 1345 aliter
1246 1292 1477 1357 invenit,
1515 1308 1680 1361 quam
1733 1289 2054 1360 apparentis
2092 1289 2345 1345 veritatis

759 1383 1178 1438 fundamentum
1220 1384 1420 1438 fixerit.

830 1474 1035 1526 Thales.
1060 1504 1131 1513 ——
1164 1474 1366 1528 Thales
1391 1473 1639 1527 Milesius
1678 1478 2042 1541 percontante
2080 1471 2342 1552 quodam,

759 1574 1026 1633 quantum
1068 1580 1099 1617 a
1138 1579 1273 1618 vero
1312 1564 1507 1617 falsum
1531 1561 1779 1617 abesset:
1814 1562 2114 1627 Quantum,
2143 1563 2344 1631 inquit,

761 1655 910 1710 oculi
949 1654 1019 1709 ab
1068 1655 1320 1709 auribus.

832 1747 1129 1801 Plutarchi.
1194 1777 1265 1787 —
1328 1745 1561 1817 [Equale
1621 1746 1847 1816 quidem
1903 1746 2091 1813 libra;
2136 1745 2346 1802 veritas

763 1845 971 1901 autem,
1006 1838 1393 1908 philosophica
1431 1840 1647 1893 ratione
1683 1838 1986 1909 judicatur.

832 1929 1009 1985 Grave
1032 1938 1117 1983 est
1155 1946 1185 1984 a
1212 1930 1301 1984 via
1328 1944 1392 1983 ac
1418 1944 1447 1981 a
1476 1929 1716 1983 veritate
1747 1943 1957 1983 errare.

834 2021 1141 2077 Chariclew.
1176 2052 1247 2061 —
1293 2020 1596 2075 Honestum
1646 2021 1963 2090 bonumque
2015 2021 2347 2090 quandoque

764 2110 1113 2166 mendacium
1148 2118 1255 2175 est,
1303 2118 1435 2165 tunc
1473 2110 1734 2164 nimirum
1778 2125 1904 2165 cum
1945 2111 2053 2165 illis
2100 2126 2346 2164 commo-

764 2202 920 2264 dum,
974 2202 1070 2271 qui
1127 2202 1453 2270 loquuntur,
1512 2202 1727 2255 nullum
1776 2201 2130 2255 auditoribus
2187 2201 2349 2257 all'ert

764 2292 1159 2349 detrimentum
1185 2294 1300 2362 (b').

834 2384 1038 2440 Cerim'.
1066 2415 1136 2423 —-
1157 2382 1635 2450 Quemadmodum
1670 2383 1873 2438 debilis
1906 2383 2187 2453 hcbesque
2218 2398 2345 2439 ocuo

764 2476 852 2529 lus
880 2475 1011 2530 solis
1051 2477 1237 2529 lumen
1274 2474 1480 2529 intueri
1520 2490 1632 2529 non
1672 2484 1876 2545 potest,
1906 2476 1985 2529 sic
2029 2478 2115 2543 (ac
2146 2476 2344 2545 potiori

765 2566 925 2637 longe
952 2564 1187 2635 ratione)
1211 2580 1315 2620 nec
1339 2580 1496 2620 mens
1526 2566 1742 2620 inﬁrma
1773 2566 2133 2634 obtusiorquc
2160 2582 2348 2622 verum

766 2671 997 2711 cernere
1026 2658 1196 2710 valet.

838 2746 921 2801 Ea:
950 2746 1127 2815 Epict.
1161 2757 1211 2799 et
1239 2745 1462 2801 Isocrat.
1491 2776 1561 2786 —
1580 2746 1728 2801 Nihil
1764 2762 1876 2817 pra:
1900 2747 2134 2801 veritate
2157 2748 2350 2817 majori

767 2838 825 2893 in
867 2839 1048 2908 pretio
1093 2836 1442 2903 habendum;
1492 2855 1595 2894 nec
1648 2840 1905 2893 amicitia:
1950 2839 2198 2896 delectus
2247 2841 2352 2895 im-

770 2928 953 2982 munis
981 2927 1050 2981 ab
1081 2927 1374 2983 aﬂ‘ectibus
1398 2937 1502 2993 est,
1530 2928 1964 2999 quibusjustitia
1992 2929 2355 2985 confunditur

768 3031 833 3070 ac
874 3017 1325 3071 contenebratur.

2438 558 2570 627 τέρα
2604 556 2700 609 καὶ
2740 552 3049 623 ὑψηλοτέρα
3096 550 3162 603 ἂν
3198 549 3306 618 εἴη,
3362 547 3474 600 τῶν
3524 544 3652 615 εἰκῆ
3703 544 4013 597 κοπτόντων

2438 650 2667 711 ἑαυτοὺς
2697 643 3078 714 καταγελῶσα.

2506 740 2913 810 Εὑαγρίου.-
2939 737 3013 790 Τὸ
3048 736 3209 806 σιγᾷν
3238 733 3337 804 τὴν
3362 731 3648 802 ἀλήθειαν,
3677 728 3878 800 χρυσόν
3900 728 4013 781 ἐστι

2442 835 2691 890 θάπτειν.

2523 924 2821 992 Ἰσιδώρου
2858 923 3145 976 Πελουσι.
3176 947 3246 962 -
3294 919 3369 971 Τὸ
3425 915 3621 986 ψευδὲς
3673 917 3733 967 ὲν
3778 913 4015 985 πρώτοις

2441 1016 2629 1087 λεχθὲν
2657 1014 2878 1068 πλείονα
2905 1011 3088 1065 πίστιν
3113 1009 3225 1081 ἔχει
3242 1007 3395 1078 παρὰ
3414 1007 3512 1078 τὴν
3538 1008 3594 1059 ὲν
3612 1006 3853 1075 δευτέρῳ
3875 1003 4016 1072 λόγῳ

2443 1111 2625 1163 δεικνυ
2634 1108 2802 1178 μένην
2839 1104 3119 1176 ἀλήθειαν.

2517 1198 2904 1268 Σευηριανοῦ.
2957 1226 3026 1239 --
3060 1196 3136 1249 Τδ
3185 1194 3384 1264 ψεῦδος
3436 1194 3567 1247 ὅταν
3612 1190 3744 1262 θέλῃ
3793 1204 4021 1241 πιστευ-

2446 1292 2629 1363 θῆναι,
2666 1291 2762 1344 ὲάν
2789 1290 2864 1361 μὴ
2891 1286 3041 1362 πήξῃ
3068 1286 3323 1357 θεμέλιον
3355 1283 3619 1353 δοκούσης
3647 1279 3925 1353 ἀληθείας,
3958 1279 4017 1331 ού

2449 1382 2793 1437 πιστεύεται.

2522 1475 2743 1541 Θάλης.
2798 1505 2869 1515 ——
2927 1472 3109 1542 Θάλης
3148 1471 3179 1524 ὁ
3225 1468 3502 1539 Μελήσιος
3560 1467 3862 1538 ἐρωτηθεὶς
3917 1465 4020 1518 ύπό

2446 1585 2615 1632 τινος,
2652 1568 2826 1622 Πόσον
2855 1566 3051 1635 ἀπέχει
3085 1564 3148 1616 τὸ
3192 1562 3391 1633 ψεῦδος
3416 1559 3513 1613 τοῦ
3545 1558 3804 1629 ἀληθοῦς,
3831 1558 4017 1621 Ὅσον,

2450 1660 2580 1731 εφη,
2610 1659 2882 1730 ὀφθαλμοὶ
2902 1657 3014 1711 τῶν
3046 1655 3221 1709 ὢτων.

2519 1750 2936 1820 Πλουτάρχου.
2977 1778 3045 1789 -
3088 1746 3163 1799 Τὸ
3193 1745 3292 1816 μὲν
3327 1737 3447 1797 ἴσον
3480 1742 3663 1814 ζυγῷο
3714 1742 3778 1795 τὸ
3804 1740 3863 1795 δὲ
3892 1740 4024 1811 ἀλη-

2447 1843 2559 1906 θὲς,
2587 1842 2668 1913 τῷ
2701 1843 2765 1893 ὲκ
2810 1838 3131 1908 φιλοσοφίας
3161 1836 3306 1905 λόγῳ
3331 1834 3601 1906 κρίνεται.

2531 1931 2685 1986 Ὀδοῦ
2710 1930 2805 1984 καὶ
2842 1927 3102 1997 ἀληθείας
3129 1925 3371 1995 χαλεπὸν
3401 1922 3880 1993 ἀποπλανηθῆναι.

2517 2026 2764 2092 Χαρικλ.
2799 2049 2869 2062 -—
2894 2020 3075 2074 Καλὸν
3105 2018 3216 2089 γάρ
3250 2034 3379 2071 ποτε
3411 2018 3504 2070 καὶ
3555 2014 3615 2068 τὸ
3646 2014 3867 2084 ψεῦδος,
3898 2013 4026 2067 ὅταν

2447 2113 2692 2185 ὠφελοῦν
2736 2112 2863 2176 τοὺς
2918 2112 3198 2181 λέγοντας,
3258 2110 3424 2180 μηδὲν
3475 2106 3852 2161 καταϐλάπτει
3899 2105 4022 2167 τοὺς

2448 2210 2770 2272 ἀκούοντος.

2521 2388 2807 2455 Γηρίνου.
2848 2413 2917 2424 -
2946 2381 3219 2452 Καθάπερ
3250 2380 3309 2434 τὸ
3344 2380 3438 2434 τοῦ
3462 2379 3615 2450 ἡλίου
3639 2379 3755 2449 φῶς
3779 2378 3884 2431 οὐκ
3913 2376 4029 2431 εστι

2452 2476 2756 2533 θεάσασθαι
2804 2474 3023 2529 ἀσθενεῖ
3049 2475 3144 2527 καὶ
3172 2472 3422 2542 ἀδυνάτῳ
3453 2473 3519 2541 τῇ
3559 2471 3699 2538 ὕψει,
3736 2468 3902 2532 οὕτω,
3935 2470 4030 2522 καὶ

2452 2572 2534 2626 ἔτι
2566 2569 2769 2642 μᾶλλον
2794 2568 2893 2637 τὴν
2926 2566 3189 2637 ἀλήθειαν
3222 2566 3325 2618 οὐκ
3352 2564 3500 2617 ἔστιν
3535 2562 3662 2615 ίδείν
3690 2560 3912 2616 ἀσθενεῖ
3934 2562 4032 2615 καὶ

2426 2678 2431 2682 ’
2452 2663 2705 2732 ἀδυνάτῳ
2730 2664 2795 2733 τῇ
2825 2660 3059 2729 διανοίᾳ.

2538 2754 2632 2807 Ἐκ
2679 2751 2800 2806 τῶν
2863 2749 3218 2815 Ἐπικτήτου
3252 2746 3652 2816 Ἰσοκράτους.
3725 2776 3797 2787 —
3847 2745 4033 2817 Μηδὲν

2454 2848 2555 2916 τῆς
2586 2844 2847 2915 ἀληθείας
2876 2840 3207 2912 τιμιώτερον
3236 2839 3378 2894 ἔστω
3397 2856 3411 2870 '
3448 2840 3585 2911 μηδὲ
3617 2838 3802 2909 φιλίας
3829 2836 4033 2908 ἰκλογὴ

2456 2936 2616 2999 ὲκτδς
2649 2936 2839 2990 παθῶν
2872 2935 3217 3005 διακειμένη,
3243 2926 3326 2997 οἷς
3378 2933 3440 2987 τὺ
3486 2931 3698 2986 δίκαιον
3740 2930 4033 3001 συγχέεται

2457 3027 2551 3082 καὶ
2588 3028 2915 3091 σκοτίζεται.

840 3111 1025 3181 Αἰδορ.
1084 3143 1154 3151 --
1212 3112 1449 3182 )Esopus
1492 3121 1715 3183 rogatus
1757 3114 1891 3183 quid
1954 3113 2354 3169 mentientibus

2527 3120 2754 3174 Αίσώπ.
2792 3150 2865 3159 -
2914 3118 3171 3180 Αἴσωπος
3220 3115 3547 3187 ἐρωτηθεὶς,
3578 3115 3646 3168 Τί
3695 3114 3893 3183 ὄφελος
3922 3114 4036 3176 τοῖς

769 3203 909 3257 lucri
948 3203 1270 3258 accederet:
1312 3205 1384 3260 Ut
1414 3221 1540 3272 nec,
1570 3206 1617 3262 si
1644 3222 1836 3261 verum
1885 3206 2095 3272 dicant,
2149 3205 2349 3275 inquit,

771 3296 881 3352 illis
922 3295 1059 3349 fides
1084 3296 1370 3351 habeatur.

841 3387 1019 3441 Plato.
1060 3419 1133 3429 —
1157 3389 1315 3443 Plato
1367 3389 1656 3444 veritatem
1688 3405 1802 3444 rem
1837 3390 2030 3445 auditu
2059 3389 2351 3461 jucundis-

771 3478 965 3533 simam
1001 3479 1225 3545 aiebat;
1268 3480 1531 3533 Polemon
1585 3488 1768 3533 autem
1806 3479 1992 3535 dicere
2039 3480 2350 3543 veritatem,

769 3585 935 3641 quam
974 3570 1187 3636 audire,
1227 3571 1399 3625 multo
1424 3570 1723 3640 jucundius
1756 3586 1878 3627 esse
1910 3572 2209 3627 asserebat.

839 3660 1140 3714 Menandri.
1170 3691 1240 3700 —
1268 3661 1499 3715 Praestat
1526 3661 1899 3727 mendacium,
1937 3677 2104 3732 quam
2156 3678 2350 3717 verum

772 3752 974 3804 malum
1003 3751 1229 3821 eligere.

1258 3904 1261 3907 ‹
1314 3863 1545 3919 SERMO
1582 3864 1820 3920 XXXVI.

1410 3956 1487 4010 De
1517 3966 1705 4010 morte.
1746 3957 1760 3981 '

843 4045 1003 4101 Joan.
1029 4062 1103 4110 ιι,
1130 4045 1222 4102 25.
1252 4076 1323 4086 -
1352 4044 1456 4112 Qui
1485 4046 1664 4103 credit
1717 4046 1772 4103 in
1805 4063 1913 4112 me,
1944 4046 2159 4103 etiamsi
2202 4062 2349 4102 mor-

774 4149 902 4193 tuus
926 4138 1112 4203 fuerit,
1141 4138 1322 4193 vivet:
1354 4147 1410 4193 et
1450 4140 1633 4193 omnis
1665 4140 1759 4208 qui
1793 4139 1951 4203 vivit,
1992 4147 2050 4194 et
2070 4139 2250 4195 credit
2297 4140 2352 4195 in

775 4245 882 4293 me,
909 4245 1021 4283 non
1050 4229 1319 4285 morietur
1352 4229 1408 4283 in
1447 4239 1737 4284 aeternum.

842 4321 1008 4391 626
1053 4320 1081 4375 I
1115 4320 1289 4374 Thess.
1340 4337 1414 4385 tv,
1444 4320 1529 4375 12.
1561 4351 1631 4361 —
1652 4322 1789 4377 Nolo
1810 4338 1909 4377 vos
1946 4322 2219 4392 ignorare,
2252 4323 2357 4378 rm-

2457 3210 2811 3281 ψευδομένοις
2863 3212 2928 3263 ὲκ
2985 3209 3081 3262 τοῦ
3134 3207 3387 3278 ψεύδους,
3425 3206 3553 3277 ἔφη,
3604 3205 3678 3259 To
3720 3206 3826 3259 κᾶν
3860 3204 4037 3275 ἀληθῆ

2458 3303 2677 3371 λέγουσι
2711 3302 2786 3373 μὴ
2820 3300 3192 3355 πιστεύεσθαι.

2528 3393 2800 3449 Πλάτων.
2834 3422 2903 3433 -
2937 3392 3166 3446 Πλάτων
3194 3392 3295 3462 μὲν
3322 3392 3542 3461 ἥδιστον
3571 3385 3709 3442 εἶναι
3739 3388 3848 3440 τῶν
3873 3385 4041 3440 ἀκου-

2460 3486 2684 3555 σμάτων
2709 3482 2807 3553 τὴν
2833 3483 3094 3552 ἀλήθειαν
3118 3481 3272 3551 ἔλεγε
3294 3498 3309 3511 ο
3340 3479 3599 3550 Πολέμων
3632 3476 3691 3531 δὲ
3724 3476 3860 3530 πολὺ
3890 3477 4041 3547 ηδιον

2456 3576 2553 3629 τοῦ
2580 3574 2801 3629 ἀκούειν
2828 3573 2890 3626 τὸ
2924 3572 3103 3642 λέγειν
3140 3573 3211 3643 (c)
3237 3568 3376 3627 εἷναι
3406 3571 3454 3625 τ’
3480 3570 3678 3640 ἀληθῆ.

2528 3664 2902 3732 Μενάνδρου.
2932 3692 3004 3706 -
3033 3664 3297 3735 Κρεῖττον
3336 3662 3554 3716 ἑλέσθαι
3580 3662 3799 3732 ψεῦδος,
3832 3662 3867 3733 ἢ
3898 3661 4039 3733 ἀλη-

2461 3755 2552 3819 θὲς
2590 3755 2783 3809 κακόν.

3005 3874 3245 3925 ΛΟΓΟΣ
3282 3870 3389 3935 Λς⁹
3422 3870 3487 3925 ⁷³.

3024 3963 3162 4031 Περὶ
3189 3962 3471 4017 θανάτου.

2492 4084 2495 4085 ν
2547 4055 2727 4109 Ἰωαν.
2747 4053 2843 4107 ια’.
2868 4082 2937 4092 -
2968 4052 3027 4106 '0
3056 4069 3333 4105 πιστευων
3360 4053 3440 4115 είς
3478 4052 3601 4120 ἐμὲ,
3633 4053 3737 4107 κᾶν
3766 4054 4041 4125 ἀποθάνῃ.

2461 4147 2723 4217 ζήσεται·
2761 4145 2854 4199 καὶ
2884 4145 2995 4208 πᾶς
3024 4146 3053 4197 ὁ
3086 4144 3195 4208 ζῶν
3227 4145 3321 4199 καὶ
3348 4143 3621 4199 πιστεύων
3650 4146 3730 4207 είς
3758 4146 3886 4215 ἐμὲ,
3939 4148 4043 4200 οὐκ

2461 4237 2709 4309 ἀποθάνῃ
2738 4238 2817 4301 είς
2854 4236 2946 4290 τὸν
2975 4236 3168 4291 αἰῶνα.

2534 4336 2607 4383 α’.
2647 4332 2787 4383 Θεσ.
2819 4328 2889 4381 δ’.
2921 4358 2992 4368 -
3021 4327 3098 4380 Ού
3146 4327 3286 4381 θέλω
3315 4327 3460 4398 ὑμᾶς
3512 4328 3748 4395 ἀγνοεῖν,
3796 4328 4041 4396 ἀδελφοὶ,

776 4422 909 4477 tres,
940 4414 1008 4466 de
1068 4413 1493 4477 dormientibus,
1542 4421 1604 4466 ut
1643 4430 1752 4468 non
1812 4413 2065 4479 doleatis,
2105 4414 2249 4469 sicut
2300 4412 2365 4471 et

2467 4421 2593 4493 περὶ
2621 4421 2731 4474 τῶν
2779 4420 3221 4491 κεκοιμημένων,
3259 4420 3347 4473 ἵνα
3397 4421 3475 4490 μὴ
3526 4419 3807 4485 λυπεῖσθε,
3856 4420 4047 4483 καθὼς

774 4505 961 4557 ueteri
990 4506 1085 4573 qui
1111 4520 1264 4574 spem
1303 4520 1414 4559 non
1461 4505 1685 4559 habent.

847 4593 978 4665 Sap.
1008 4611 1080 4661 tv,
1110 4596 1195 4650 15.
1231 4626 1301 4636 —
1349 4594 1777 4651 Consummatus
1812 4595 1867 4650 in
1906 4596 2084 4661 brevi,
2113 4598 2357 4667 explevit

849 4725 896 4758 "
928 4725 987 4781 In
1022 4724 1188 4781 Gesn.
1238 4726 1396 4783 Stob.
1435 4728 1562 4783 261.

858 4929 957 4997 (b‘)
979 4929 1101 4982 Non
1128 4929 1328 4997 probat
1352 4927 1619 4986 Ecclesia.

850 4998 1065 5071 (9)1'ofi
1114 4998 1358 5071 ἀκούειν
1420 5002 1486 5054 τὸ
1538 5001 1761 5068 λέγειν.
1804 5001 1895 5057 Sic
1941 5002 2165 5057 emend.
2212 5002 2359 5071 quod

781 5069 916 5141 Ball.
947 5069 1158 5141 pariter
1202 5069 1413 5141 habet,
1442 5072 1538 5141 τοῦ
1583 5072 1798 5137 λέγειν·
1825 5087 1989 5127 secus
2028 5088 2092 5126 ac
2145 5069 2364 5141 putavit

693 5198 700 5204 ,
779 5140 947 5211 tlesn.
978 5139 1039 5190 τὸ
1060 5138 1301 5211 -άκούειν
1324 5140 1417 5211 τοῦ
1449 5138 1651 5207 λέγειν,
1682 5147 1942 5211 tanquam
1990 5143 2092 5197 hoc
2133 5138 2365 5211 reponat

782 5208 1041 5261 Polemon
1060 5208 1294 5272 Platoni,
1329 5208 1466 5282 γεω
1482 5211 1690 5275 audire,
1713 5208 1871 5280 quam
1888 5212 2030 5280 loqui
2052 5208 2364 5282 jucundius;

784 5294 892 5331 non
925 5287 1138 5340 contra,
1170 5294 1304 5352 uera
1326 5278 1491 5352 loqui,
1514 5298 1673 5349 quam
1695 5278 1884 5334 audire
1910 5278 2225 5352 jucundius.
2248 5281 2362 5336 Hoc

782 5355 955 5411 certe,
1017 5363 1123 5421 non
1172 5348 1307 5421 illud
1353 5348 1487 5421 petit
1528 5348 1660 5420 ’ejus
1703 5348 2231 5421 arguta'responsio.
2262 5352 2357 5406 Di-

780 5427 939 5470 cente
973 5418 1121 5471 enim
1156 5419 1283 5491 pillo
1327 5418 1617 5491 veritatem
1654 5418 1990 5475 essc'auditu
2017 5418 2358 5491 jucundissi-

783 5502 946 5561 mam,
978 5489 1304 5561 r_cpouit_,_ac
1334 5490 1379 5542 si
1406 5490 1576 5544 dicat:
1611 5492 1722 5544 lmo
1789 5501 1939 5545 certe
1974 5489 2148 5555 dictu,
2189 5507 2354 5561 quam

782 5556 973 5611 auditu
998 5558 1325 5631 jucundior;
1356 5576 1461 5629 qua
1485 5560 1600 5630 ipsa
1626 5564 1897 5616 sententia
1926 5563 2046 5616 viro
2078 5556 2355 5631 gratiﬁca-

786 5635 895 5687 tur,
943 5643 1042 5680 nec
1100 5629 1344 5696 proclive
1400 5629 1660 5699 loquatur
1703 5633 2012 5701 discipulus
2070 5629 2355 5701 magistro,

785 5704 1083 5765 postquein
1102 5708 1336 5766 quartus
1358 5704 1691 5755 academiam
1723 5704 1863 5756 rexit
1883 5720 1896 5766 ;
1919 5703 2215 5756 utnonnisi
2244 5704 2360 5756 val-

782 5766 1083 5836 dejuvenis
1102 5769 1260 5823 aliter
1289 5772 1531 5837 potuerit
1566 5773 1842 5827 Platonem
1867 5773 2079 5839 audire,
2108 5774 2151 5828 si
2180 5784 2359 5828 tamen

2387 4487 2433 4541 Β
2460 4487 2558 4565 καί
2590 4512 2639 4564 oi
2666 4510 2846 4563 λοιποὶ
2874 4487 3038 4580 oliui;
3063 4510 3279 4581 ἔχοντες
3304 4487 3514 4564 ἐλπίδα.

2537 4600 2759 4668 Σολομ.
2786 4597 2857 4652 δ’.
2886 4627 2955 4638 -
2990 4598 3313 4663 Τελειωθεὶς
3345 4600 3403 4653 ὲν
3428 4597 3616 4669 ὀλίγῳ,
3644 4597 3936 4670 ἐπλήρωσε
3966 4600 4046 4669 (d)

2294 4756 2529 4856 neme.

2463 4950 2591 5015 vere
2621 4937 2854 5015 audivit,
2886 4948 2943 4993 et
2999 4955 3108 4994 non
3140 4939 3531 5007 Xenocratem,
3572 4942 3662 4999 cui
3708 4943 3962 5012 proxime
3991 4945 4049 4999 in

2464 5006 2560 5060 illa
2594 5009 2886 5062 successit.

2537 5076 2987 5157 (dLTﬁZStto-Bgic
3016 5082 3087 5133 ἐν
3122 5082 3326 5157 ὀλίγῳ,
3377 5082 3715 5151 ἐπλήρωσε.
3738 5084 3818 5137 Ita
3843 5083 4050 5157 distin-

2461 5147 2583 5223 guit
2612 5147 2746 5203 Ball.
2775 5148 2875 5223 alii
2896 5150 3009 5204 fere
3031 5166 3143 5223 non
3163 5147 3840 5223 distinguunthotestque
3872 5154 3957 5219 τὸ,
3993 5157 4052 5206 ὲν

2463 5217 2652 5293 eum),
2681 5219 2912 5293 perinde
2936 5222 3152 5293 utrique
3172 5217 3361 5291 jungi:
3381 5239 3477 5277 seu
3517 5217 3683 5277 etiam
3717 5217 3770 5277 in
3801 5217 4050 5293 utroque

2468 5286 2715 5357 intelligi.
2749 5288 2905 5364 Brevi
2941 5286 3123 5364 itaque
3144 5286 3579 5364 consummatus,
3631 5293 3791 5364 brevi
3854 5286 4053 5364 longos

2466 5372 2644 5427 annos
2687 5359 3285 5427 cornplevit;’mcritis
3341 5362 3554 5418 scilicet
3614 5378 3678 5417 ac
3736 5359 4051 5418 virtutibus

2466 5426 2626 5499 longe
2676 5438 2991 5499 provectus,
3043 5440 3100 5484 et
3146 5432 3301 5499 quasi
3350 5432 3405 5485 in
3464 5433 3573 5487 illis
3635 5434 4048 5495 consenuisset,

2466 5496 2690 5577 Argent.
2717 5506 2773 5577 et
2836 5498 3131 5577 llasileens.
3166 5496 3547 5577 sequentibus
3599 5502 3810 5577 addunt
3841 5520 4049 5577 _voccm

2467 5570 2681 5645 κακῶν·
2720 5570 2921 5645 ἀρεστῂ
2943 5571 3060 5645 *γὰρ
3091 5571 3281 5645 κακῶν
3309 5574 3341 5638 ή
3377 5572 3757 5645 ψυχὴ-αὺτοῦ.
3803 5574 4050 5629 obscuro
4095 5604 4102 5611 -

2466 5640 2601 5710 satis
2624 5652 2811 5710 sensu.
2852 5640 2955 5693 nisi
2990 5641 3145 5693 mulis
3172 5658 3342 5710 praua
3370 5658 3433 5695 ac
3456 5640 3700 5706 inﬁrma,
3734 5659 3832 5697 seu
3865 5645 4048 5697 obno-

2467 5707 2553 5781 gia
2572 5708 2750 5781 anima
2772 5710 2992 5781 vitaque
3022 5707 3418 5781 intelligatur;
3474 5729 3595 5781 qua:
3622 5715 3691 5767 sit
3723 5714 3887 5775 ratio,
3946 5730 4051 5767 cur

2469 5776 2611 5831 Deus
2640 5776 2981 5835 festinaverit
3003 5779 3070 5834 de
3116 5776 3317 5835 szeeulo
3349 5776 3561 5852 rapere,
3610 5784 3917 5838 secundum
3952 5800 4049 5838 or-
