4246 6438
789 377 895 437 903

1954 366 2017 424 S.
2056 364 2109 422 Μ
2119 360 2344 423 ΑΧΙΜΙ
2385 359 2898 421 CONFESSORIS

3944 359 4047 423 9M

856 479 1135 543 Clitarchi,
1157 507 1225 519 —-
1254 474 1437 531 Satius
1464 481 1550 529 est
1578 473 1745 538 mori,
1771 486 1935 541 quam
1974 468 2373 525 incontinentia

2406 474 2450 530 Δ
2555 470 2937 538 Κλητάρχου.
2969 500 3038 511 --
3066 468 3331 541 Κρεῖττον
3372 469 3689 535 ἀποθανεῖν,
3716 469 3749 541 ἢ
3780 470 3850 524 δι’
3872 470 4049 541 ἀκρα-

785 573 1035 626 animum
1062 570 1359 625 oﬂ‘uscare.

856 660 1188 713 Maso/tionis.
1230 685 1301 695 —
1342 654 1481 709 Aliis
1540 652 1664 708 aliis
1730 650 2121 720 ingruentibus
2164 647 2371 702 morbis

786 768 1038 825 pencque
1071 749 1377 816 continuis,
1410 763 1516 803 nec
1550 760 1702 802 mors
1749 746 1869 816 ipsa
1917 744 2112 799 adesse
2147 750 2375 799 cuneta-

790 854 902 899 ιυΐ.

860 936 945 989 Ea:
964 933 1256 988 Phaoorini
1286 932 1516 1002 scriptis.
1567 959 1638 970 —
1694 929 1965 985 Aristides
2008 935 2374 998 cognomento

784 1028 995 1090 Justus,
1020 1038 1281 1097 rogatus,
1323 1023 1574 1093 quandiu
1616 1023 1780 1078 liccat
1807 1021 2083 1077 hominem
2118 1021 2251 1091 justi
2282 1035 2373 1074 re-

786 1119 972 1187 ctique
995 1127 1244 1172 tenacem
1270 1116 1461 1169 vivere
1491 1131 1504 1167 :
1550 1113 1771 1180 Quoad,
1799 1112 2002 1182 inquit,
2033 1111 2375 1167 existimabit

787 1218 1053 1280 prmstare
1088 1208 1249 1270 mori,
1282 1222 1447 1277 quam
1497 1205 1702 1261 vivere.

860 1303 1090 1356 Amasis.
1127 1330 1195 1339 —
1224 1299 1439 1354 Amasis
1464 1297 1844 1370 Egyptiorum
1872 1312 1989 1362 rex,
2020 1296 2089 1351 ad
2134 1293 2370 1349 amicum

788 1394 993 1448 amisso
1032 1392 1146 1445 ﬁlio
1176 1390 1602 1446 consolatoriam
1663 1388 1916 1443 scribens
1970 1404 1983 1440 :
2046 1386 2126 1449 Si,
2172 1385 2370 1453 inquit,

790 1483 1179 1537 cumnondum
1211 1491 1358 1537 esset
1386 1498 1494 1536 non
1524 1480 1772 1543 dolebas,
1816 1495 1887 1533 ne
1926 1494 2081 1533 nunc
2125 1476 2370 1546 quidem,

789 1593 915 1631 cum
953 1592 1061 1630 non
1083 1574 1324 1644 amplius
1353 1574 1576 1627 futurus
1601 1580 1707 1634 est,
1744 1571 1935 1625 dolere
1970 1570 2157 1623 debes.

861 1668 1085 1738 Diogen.
1111 1693 1183 1705 η-
1215 1666 1487 1732 Diogenes
1505 1662 1744 1733 Cynicus
1761 1662 2082 1730 deplorante
2111 1660 2371 1729 quodam,

782 1759 931 1829 quod
958 1772 1189 1827 peregre
1207 1757 1333 1809 fatis
1372 1754 1664 1807 l‘uneturus
1692 1761 1858 1812 esset,
1880 1751 1958 1805 ait
1989 1769 2003 1805 :
2038 1751 2203 1818 Quid,
2237 1750 2375 1805 stul-

788 1859 840 1903 te
860 1889 875 1912 ,
926 1847 1183 1917 deploras
1213 1846 1277 1899 a'e
1309 1842 1585 1913 quereris,
1621 1856 1831 1896 cuinex
1846 1841 1996 1895 onmi
2028 1842 2150 1896 loco
2179 1842 2370 1896 eadem

787 1939 856 1994 ad
882 1938 1163 1993 infernum
1190 1936 1275 1990 via
1294 1935 1407 1989 sit?

864 2030 1107 2083 Docebat
1130 2027 1378 2096 quidem,
1418 2041 1520 2079 nos
1545 2033 1739 2081 coacto
1765 2033 1935 2089 coetu,
1983 2040 2110 2080 cum
2143 2024 2239 2095 qui
2272 2039 2371 2078 na-

792 2130 882 2174 tns
907 2120 999 2182 sit,
1026 2118 1251 2187 quantis
1283 2116 1442 2171 malis
1465 2116 1739 2169 obnoxius
1763 2116 1970 2179 veniat,
2005 2115 2155 2169 luctu
2181 2130 2372 2185 prose-

790 2210 885 2280 qui
912 2227 928 2275 ;
961 2217 1155 2264 contra
1185 2221 1320 2261 vero
1349 2206 1491 2260 vivis
1520 2206 1799 2261 sublatum
1836 2213 1892 2260 et
1923 2206 2176 2260 laborum
2206 2204 2371 2260 tinem

791 2302 1074 2371 adeptum,
1099 2298 1318 2369 gaudio,
1348 2298 1542 2352 faustis
1570 2297 1829 2353 laudibus
1853 2313 1917 2354 ac
1938 2298 2239 2365 ominibus,
2271 2297 2371 2352 do-

793 2408 883 2447 Ino
908 2392 1130 2447 efferre.

866 2484 1104 2552 Epicuri.
1133 2513 1204 2522 —
1230 2482 1515 2538 Adversus
1552 2481 1659 2537 alia
1693 2482 1913 2552 quidem
1942 2497 2001 2537 se
2036 2492 2214 2538 tutum
2238 2500 2375 2554 prae-

789 2587 936 2631 stare
962 2578 1091 2630 licet
1121 2593 1137 2641 ;
1164 2575 1233 2631 ad
1260 2583 1493 2629 mortem
1514 2583 1697 2628 autem
1727 2575 1874 2644 quod
1907 2576 2126 2639 attinet,
2182 2592 2375 2631 omnes

793 2670 986 2723 urbem
1017 2668 1252 2724 colimus
1281 2668 1435 2721 nullo
1455 2667 1714 2737 prasidio
1740 2668 2027 2722 munitam.

864 2761 1114 2813 Musonii.
1140 2790 1213 2799 —
1236 2759 1357 2814 Non
1382 2768 1562 2829 potest
1596 2768 1928 2828 praesentem
1960 2761 2109 2816 diem
2142 2762 2375 2816 honeste

794 2852 1001 2916 vivere,
1038 2852 1132 2921 qui
1162 2865 1272 2905 non
1298 2849 1651 2919 proposuerit
1674 2864 1801 2903 eum
1818 2865 1879 2904 se
1928 2858 2240 2906 extremum
2290 2852 2374 2904 vi-

792 2953 883 2997 ctu
892 2958 1009 2996 l‘lllll
1021 2982 1034 2994 .

864 3034 1126 3103 Polyivni.
1149 3062 1219 3072 —
1241 3033 1321 3088 Ne
1351 3034 1541 3089 doleas
1565 3049 1734 3104 super
1750 3034 1837 3088 his
1880 3034 1977 3103 qui
2016 3035 2333 3089 moriuntur
2359 3051 2373 3101 ;

2474 561 2600 623 σίας
2634 561 2812 632 ψυχὴν
2839 561 3194 632 ἀμαυρῶσαι.

2545 651 2921 717 Μοσχίωνος.
2957 678 3021 689 -
3070 649 3206 711 Ταῖς
3249 648 3431 712 νόσοις
3462 651 3492 703 ό
3524 649 3759 714 θάνατος
3791 650 4051 720 ἀλλήλαις

2472 741 3141 811 ἐπικαταλαμϐανούσαις,
3188 741 3296 794 οὐδ’
3327 741 3491 803 αὐτὸς
3526 744 3784 811 παρεῖναι
3816 742 4051 797 ἀναϐάλ-

2473 830 2642 884 λεται.

2554 921 2650 975 Ἐκ
2688 923 2807 975 τῶν
2833 923 3121 991 φαΰωρῖν.
3148 952 3219 965 -—-
3261 923 3591 994 Ἀριστείδης
3622 926 3651 979 ό
3672 925 3882 987 δίκαιος
3915 927 4056 995 ὲρωσ

2471 1015 2676 1085 τηθεὶς,
2700 1016 2871 1068 Πόσον
2901 1017 3018 1068 ἐστὶ
3046 1016 3237 1086 χρόνον
3260 1017 3550 1087 ἄνθρωπον
3578 1018 3745 1072 καλὸν
3772 1019 3894 1089 ζῇν,
3922 1019 4050 1089 ἔφη,

2474 1109 2620 1171 Ἕως
2667 1107 2734 1161 ἂν
2783 1108 3034 1181 ὐπολὰὅῃ
3086 1107 3150 1162 τὸ
3209 1109 3463 1164 τεθνάναι
3506 1110 3603 1163 τοῦ
3655 1113 3756 1184 ζῇν
3803 1116 4052 1184 κρεῖττον

2473 1198 2634 1253 εἶναι.

2548 1294 2826 1360 Ἄμασις.
2850 1321 2921 1332 -
2945 1293 3190 1359 Ἀμασις
3216 1294 3244 1345 ό
3272 1293 3383 1348 τῶν
3421 1294 3740 1362 Αἰγυπτίων
3771 1294 4049 1364 βασιλεὺς,

2473 1383 2612 1454 φίλῳ
2643 1383 2976 1437 ἀποϐαλόντι
3007 1384 3144 1449 υίὸν,
3177 1386 3407 1457 γράφων
3438 1387 3923 1457 παραμυθητικὸν,
3975 1386 4051 1441 εἷς

2472 1492 2594 1541 πεν,
2625 1476 2689 1529 Εἰ
2716 1476 2805 1529 ὅτε
2832 1474 3048 1528 οὐδέπω
3075 1469 3145 1545 ἦν
3171 1476 3272 1529 οὐκ
3298 1476 3523 1543 ἐλύπου,
3552 1478 3687 1548 μηδὲ
3717 1479 3813 1531 νῦν
3843 1481 3928 1533 ὅτι
3953 1480 4051 1532 οὐκ

2473 1567 2553 1621 ἔτι
2594 1567 2750 1621 ἔσται
2785 1567 3055 1638 λυπηθῇς.

2542 1658 2850 1726 Διογένης.
2880 1687 2951 1699 -
2982 1658 3241 1729 Διογένης
3266 1661 3294 1712 ό
3323 1660 3562 1722 Κυνικὸς
3604 1661 3931 1732 ὀδυρομένου
3969 1678 4050 1713 τι-

2475 1750 2563 1813 νὸς
2596 1752 2802 1821 ἐπειδὴ
2853 1753 2948 1807 ὲπὶ
3008 1751 3166 1821 ξένης
3212 1750 3413 1821 ἠμελλε
3460 1752 3739 1823 τελευτᾷν,
3797 1750 3942 1816 εἷπε,
3985 1752 4051 1805 ΤΞ

2406 1808 2448 1865 Β
2474 1808 2664 1914 ὁδῦρῃ,
2712 1838 2758 1898 ὦ
2790 1808 3035 1915 phata;
3059 1808 3399 1914 πανταχόθεν
3429 1844 3539 1915 γὰρ
3582 1809 3697 1907 ὁδός
3802 1808 3941 1916 αὐτη
3972 1847 4053 1908 είς

2472 1933 2622 2003 ᾅδου.

2558 2024 2759 2094 Ἐχρῆν
2781 2024 2881 2095 μὲν
2906 2025 3054 2095 ἡμᾶς
3076 2023 3332 2092 σύλλογον
3354 2024 3731 2094 ποιουμένους,
3755 2025 3848 2079 τὸν
3878 2025 4051 2094 φῦντα

2474 2117 2692 2189 θρηνεῖν
2722 2121 2804 2181 είς
2842 2118 2922 2173 ὂσ’
2954 2118 3172 2187 ἔρχεται
3200 2118 3375 2171 κακά’
3405 2118 3497 2170 τὸν
3525 2118 3570 2169 δ’
3599 2113 3666 2171 αὖ
3691 2117 3923 2172 θανόντα
3959 2121 4053 2170 καὶ

2473 2212 2653 2266 πόνων
2678 2212 3058 2281 πεπαυμένον,
3080 2211 3393 2283 χαίροντας,
3414 2212 3818 2282 εὐφημοῦντας,
3852 2213 4053 2282 ἐκπέμ-

2474 2317 2603 2355 πειν
2625 2300 2832 2371 δόμων.

2558 2479 2854 2547 Ἐπικούρ.
2912 2508 2982 2518 --
3035 2478 3178 2550 Πρὸς
3210 2478 3311 2549 μὲν
3341 2479 3391 2532 τ’
3416 2478 3551 2534 ἄλλα
3595 2480 3822 2535 δυνατὸν
3876 2482 4053 2553 ἀσφά-

2478 2570 2634 2623 λειαν
2664 2569 3028 2640 πορίσασθαιο
3068 2571 3229 2641 χάριν
3259 2571 3316 2624 δὲ
3347 2570 3579 2625 θανάτου
3610 2571 3812 2637 πάντες
3836 2574 4051 2645 ἀνθρω-

2438 2662 2439 2665 ’
2476 2679 2569 2716 ποι
2596 2665 2751 2716 πόλιν
2779 2664 3087 2733 ἀτείχιστον
3119 2665 3399 2736 οἰκοῦμεν.

2547 2755 2928 2811 Μουσωνίου.
2951 2787 3024 2798 -
3052 2756 3169 2813 Οὐκ
3196 2759 3314 2812 ἐστι
3336 2761 3433 2833 τὴν
3452 2764 3811 2837 ἐνεστηκυῖαν
3840 2766 4054 2837 ἡμέραν

2476 2847 2660 2951 καλῶς
2700 2848 2916 2919 βιῶναι,
2972 2850 3048 2921 μὴ
3097 2852 3435 2924 προθέμενον
3479 2856 3651 2929 αὐτὴν
3697 2858 3776 2923 ὼς
3816 2859 4054 2929 ἑσχάτην

2517 2956 2695 2995 ιωσαι.

2517 2956 2695 2995 ιωσαι.

2479 2938 2510 3009 β
2546 3035 2912 3090 Πολυαίνου.
2935 3068 3005 3078 -
3036 3038 3160 3090 Ἐπὶ
3186 3041 3300 3102 τοῖς
3319 3040 3725 3113 ἀποθνήσκουσι
3760 3044 3835 3115 μὴ
3860 3044 4050 3098 λυποῦ·

790 3134 876 3178 est
904 3125 1053 3178 enim
1095 3124 1211 3180 haec
1233 3127 1558 3180 necessariae
1609 3127 1733 3180 vita:
1782 3126 2026 3193 functio;
2068 3126 2163 3180 sed
2208 3142 2375 3195 super

2406 3142 2447 3201 α
2477 3124 2774 3193 ἀναγκαῖον
2803 3128 2913 3199 γάρ
2933 3143 2948 3159 ’
2988 3128 3105 3183 ἀλλ’
3128 3131 3223 3183 ἐπὶ
3252 3133 3365 3196 τοῖς
3393 3134 3638 3206 αἰσχρῶς
3666 3136 4017 3191 τελευτῶσιν.

795 3216 884 3269 his
903 3216 999 3285 qui
1026 3216 1262 3285 turpiter
1282 3215 1429 3270 diem
1454 3216 1739 3270 claudunt.

864 3308 1152 3361 Democrit.
1179 3308 1782 3373 —Democritus,eum
1826 3321 1893 3361 ex
1947 3306 2275 3376 aagritudine
2321 3307 2377 3361 in

794 3400 1104 3470 lethargum
1189 3398 1519 3465 incidisset,
1551 3408 1775 3468 tumque
1814 3399 2131 3454 emersisset
2162 3416 2178 3453 :
2228 3399 2377 3454 Nihil

794 3488 955 3555 mihi,
988 3486 1189 3556 inquit,
1219 3486 1345 3542 vita:
1386 3502 1543 3543 amor
1592 3489 2076 3558 imponetzseque
2118 3487 2298 3557 ipsum
2346 3502 2377 3543 e

794 3580 906 3635 vita
941 3579 1156 3635 eduxit.

1431 3669 1712 3723 Menandri
1733 3710 1748 3724 .

1043 3760 1143 3830 Ter
1178 3763 1371 3815 misera
1410 3770 1461 3814 et
1504 3778 1805 3816 wrumnosa
1842 3771 2081 3830 natura;

1042 3829 1332 3901 Multisque
1351 3833 1491 3885 curis
1520 3833 1628 3884 vita
1661 3833 1882 3901 referta.

867 3922 1037 3993 Major
1058 3922 1364 3977 necessitas
1392 3921 1649 3976 medendi
1674 3923 1881 3989 animo,
1917 3940 2082 3993 quam
2119 3926 2373 3996 corpori:

796 4023 1022 4083 pnestat
1050 4014 1200 4068 enim
1236 4013 1400 4078 mori,
1429 4028 1594 4081 quam
1624 4014 1765 4069 male
1788 4015 1992 4070 vivere.

1446 4103 1736 4175 Sophoclis.

938 4196 1098 4250 Fidus
1130 4195 1239 4259 tibi,
1265 4194 1486 4259 tumule,
1512 4196 1627 4265 quis
1652 4211 1716 4249 ea:
1742 4197 2050 4251 mortalibus
2072 4199 2097 4251 .9

940 4266 1055 4336 Heu
1077 4267 1296 4319 mortuis
1325 4266 1343 4317 !
1373 4282 1535 4336 quam
1563 4267 1664 4318 cito
1679 4268 1795 4336 ﬂuit
1826 4267 2150 4333 brevissima,

943 4335 1011 4389 Et
1040 4337 1265 4405 pristina
1292 4351 1469 4388 omnes
1495 4335 1686 4388 deserit
1708 4338 1840 4389 inita
1868 4339 2097 4407 gratiag?

870 4427 1017 4481 Bias.
1040 4458 1107 4466 —
1132 4427 1280 4490 Bias,
1317 4442 1442 4481 cum
1472 4426 1596 4495 quis
1630 4427 1687 4481 in
1731 4427 2030 4482 liberorum
2088 4429 2371 4484 interitum

2548 3305 2860 3373 Δημοκρίτ.
2893 3338 2963 3350 —
2987 3301 3159 3373 Οὗτος
3190 3312 3425 3381 νοσήσας
3461 3311 3556 3366 καὶ
3588 3313 3849 3386 ληθαργῷ
3896 3332 4056 3387 περι-

2478 3393 2684 3460 πεσὼν,
2713 3397 2789 3461 ὼς
2823 3399 3109 3471 ἀνένηψεν,
3153 3402 3321 3457 Οὐδέν
3350 3421 3439 3474 με,
3476 3403 3603 3475 ἔφη,
3632 3407 3967 3478 ὲξαπατήσει
4017 3410 4053 3476 ἠ

2478 3485 2742 3555 φιλοζωτα
2762 3504 2777 3521 ·
2820 3490 2914 3543 καλ⁵
2944 3491 3214 3562 ἐξήγαγεν
3239 3493 3433 3548 ἑαυτὸν
3463 3494 3557 3549 τοῦ
3584 3495 3720 3566 βίον.

3081 3670 3453 3741 Μενάνδρου.

2588 3759 2941 3835 ζοισάρλιὸν
2967 3778 3035 3830 γε
3062 3762 3158 3835 καί
3197 3765 3577 3835 ταλαίπωρον
3602 3768 3803 3835 φύσει,

2584 3829 2842 3884 Πολλῶν
2870 3847 2934 3884 τε
2969 3829 3196 3899 μεστόν
3220 3834 3351 3887 ἐστι
3385 3829 3576 3902 tam,
3602 3829 3976 3905 ’φροντίδωικ

2548 3921 2743 3993 Ψυχὴν
2791 3922 3045 3993 σώματος
3077 3926 3502 3999 ἀναγκαιότερον
3540 3930 3743 3984 ἰᾶσθαι.
3800 3930 3908 3984 Τοῦ
3944 3931 4052 4001 γὰρ

2478 4013 2668 4078 κακῶς
2688 4014 2809 4085 ζῇν,
2840 4015 2903 4069 τὸ
2928 4016 3183 4071 τεθνάναι
3215 4022 3486 4091 κρεῖσσον.

3135 4114 3392 4179 Σοφοκλ.

2484 4199 2687 4277 ’ζύίιϐφ
2714 4200 2828 4277 γὰρ
2874 4201 3070 4277 οξιδείς
3099 4204 3313 4277 πιστὸς
3349 4206 3673 4277 ιζνθρώπων
3707 4211 3907 4277 φίλος.

2478 4269 2596 4345 ξιξεῦ
2633 4269 2741 4345 τοᾷ
2771 4273 3083 4345 maror-tog,
3114 4273 3194 4337 ὡς
3222 4275 3427 4345 ταχεῖα
3453 4269 3578 4341 τοῖς
3613 4269 3859 4345 βροτοῖς

2476 4338 2656 4406 Χάρις
2704 4339 2951 4408 διαρρεῖ,
2980 4342 3078 4394 καί
3109 4338 3397 4410 προδοῧσ’
3428 4338 3765 4402 ἁλίσκεται.

2552 4431 2714 4495 Βίας.
2749 4462 2820 4471 -
2873 4433 3005 4496 Βίας
3057 4435 3486 4505 ἐπικαλουμένου
3519 4438 3663 4504 τινὸς
3694 4442 3789 4496 τὸν
3821 4443 4051 4497 θάνατον

797 4530 1031 4574 mortem
1080 4519 1383 4572 invocaret:
1437 4518 1579 4583 Quid
1623 4527 1729 4581 est,
1784 4519 1982 4588 inquit,
2043 4520 2227 4585 homo,
2274 4536 2373 4574 cur

2406 4518 2445 4529 ”
2476 4524 2571 4576 ἐπὶ
2599 4526 2805 4577 τέκνων
2834 4526 3108 4597 ἀπωλείᾳ.
3150 4529 3280 4598 ἔφη,
3311 4532 3378 4584 Τί
3407 4533 3571 4586 αὑτὸν
3600 4535 3806 4602 καλεῖς,
3837 4535 4054 4607 ἀνθρω-

796 4614 948 4667 illam
976 4626 1223 4665 arcessas
1252 4611 1274 4663 ?
1298 4610 1552 4679 nunquid
1577 4625 1687 4664 non
1718 4612 1901 4666 veniet
1914 4612 2022 4666 nisi
2051 4615 2375 4668 arcesseris?

2481 4632 2585 4681 πε;
2615 4618 2715 4671 οὐκ
2746 4618 2812 4671 ἂν
2854 4619 2929 4690 μὴ
2959 4621 3195 4692 καλέσῃς
3219 4622 3337 4692 ἥξει
3363 4642 3379 4688 ;

867 4703 1036 4774 628
1076 4702 1222 4755 Idem
1252 4711 1552 4768 conspecto
1574 4702 1818 4771 projecto
1873 4704 2135 4772 humique
2162 4705 2378 4772 iacente

799 4795 1002 4866 gladio,
1031 4794 1228 4860 Quem,
1263 4793 1360 4857 ait,
1388 4792 1703 4861 perdidisti,
1732 4802 1829 4849 aut
1848 4794 1975 4864 quis
1998 4794 2089 4849 te?

873 4885 1020 4940 Idem
1066 4894 1305 4953 rogatus,
1338 4898 1586 4953 quamam
1645 4883 1789 4937 inter
1816 4892 2020 4939 mortes
2052 4899 2202 4939 mors
2238 4885 2377 4940 mala

804 4975 965 5039 loret,
994 4976 1281 5045 respondit
1332 4990 1347 5029 :
1388 4974 1520 5041 Qua:
1561 4976 1711 5046 justa
1767 4976 1949 5045 legum
2009 4991 2246 5032 censura
2300 4975 2381 5032 in-

806 5066 1030 5136 “igitur.

874 5158 1079 5214 Socrat.
1117 5156 1462 5213 ——Soerates
1501 5158 1570 5213 ab
1615 5158 2043 5215 Atheniensibus
2092 5161 2381 5231 prmeipitii

800 5251 1112 5315 damnatus,
1149 5250 1315 5305 ﬂente
1346 5252 1467 5320 ejus
1502 5267 1671 5304 uxore
1706 5250 2000 5321 Xantippe,
2058 5264 2224 5323 atque
2292 5254 2379 5307 di-

2552 4702 2719 4769 Οὗτος
2765 4708 3100 4779 θεασάμενος
3154 4712 3432 4784 μάχαιραν
3495 4715 3863 4787 ἐρριμμένην,
3922 4717 4052 4789 ἔφη.

2482 4796 2578 4860 Τις
2612 4814 2672 4852 σε
2701 4798 3006 4864 ἀπώλεσεν,
3035 4800 3068 4871 ἢ
3098 4801 3219 4855 τίνα
3256 4802 3343 4856 σύ.

2558 4890 2619 4942 ὐ
2648 4890 2813 4952 αὐτὸς
2843 4891 3162 4962 ἐρωτηθεὶς,
3218 4894 3376 4958 Ποῖος
3424 4894 3534 4949 τῶν
3579 4897 3828 4951 θανάτων
3857 4900 4053 4966 κακὸς,

2479 4980 2605 5051 ἔφη,
2649 4983 2706 5037 ’0
2737 4982 2846 5036 ἀπὸ
2870 4984 2979 5037 τῶν
3007 4985 3186 5056 νόμων
3220 4988 3577 5058 ἐπαγόμενος.

2552 5163 2887 5231 Σωκράτης.
2944 5194 3011 5203 -
3086 5166 3381 5237 Σωκράτης
3461 5168 3885 5234 καταδικασθεὶς
3950 5173 4072 5225 imb-

2492 5254 2794 5324 ’Δθηναίων
2823 5260 3390 5328 κατακριμνησθῆναι,
3421 5261 3520 5329 τῆς
3548 5263 3805 5328 γυναικὸς
3826 5264 4056 5317 Ξανθίπ-

799 5353 961 5398 cente
992 5360 1005 5395 :
1033 5342 1205 5408 Quam
1248 5343 1457 5411 inique,
1493 5359 1526 5397 ο
1555 5343 1832 5409 Socrates,
1880 5346 2113 5400 moreris
2144 5348 2155 5399 !
2200 5348 2375 5403 Velles

2482 5364 2589 5415 πης
2618 5348 2910 5419 κλαιούσης
2947 5352 3040 5402 καὶ
3071 5350 3359 5422 λεγούσης,
3387 5347 3459 5404 Ὦ
3492 5352 3801 5423 Σώκρατες,
3836 5356 3915 5419 ὼς
3940 5357 4054 5411 ἀδί-

801 5436 991 5507 igitur,
1010 5435 1210 5504 inquit,
1250 5437 1494 5506 tnejuste
1526 5432 1663 5489 mori
1688 5438 1711 5491 ?

871 5611 1044 5675 Idem,
1075 5610 1296 5665 dicente
1329 5610 1566 5679 quodam
1604 5609 1972 5668 Athenienses
2011 5616 2209 5669 mortis
2247 5631 2374 5671 scn-

803 5702 1031 5757 tentiam
1067 5704 1123 5758 in
1147 5719 1274 5759 eum
1309 5703 1512 5760 dixisse
1556 5722 1569 5759 :
1605 5702 1749 5771 Quin
1799 5714 1927 5761 ante
1984 5707 2131 5774 illos,
2175 5708 2375 5779 inquit,

802 5805 1017 5851 ιιίιιυι-ίι.

2481 5454 2590 5500 κως
2618 5437 3009 5509 ἀποθνήσκεις,
3046 5436 3191 5506 εἷπε,
3234 5443 3305 5495 Σὺ
3343 5438 3439 5495 οῦν
3476 5442 3699 5497 ἐϐούλου
3730 5462 3801 5513 με
3826 5446 4052 5509 δικαίως

2476 5529 2770 5582 ἀποθανεῖν
2789 5546 2804 5596 ;

2559 5623 2617 5673 ’0
2646 5623 2811 5685 αὐτὸς
2858 5624 3103 5688 εἰπόντος
3148 5624 3298 5696 αὐτῷ
3339 5625 3505 5693 τινὸς,
3553 5628 3615 5681 Oi
3653 5627 3925 5700 Ἀθηναῖοί
3959 5648 4048 5683 σου

2476 5715 2706 5769 θάνατον
2746 5716 3108 5787 ἐψηφίσαντο,
3139 5717 3266 5790 ἔφη,
3295 5719 3410 5790 Πρὸ
3432 5720 3612 5775 αὐτῶν
3643 5722 3699 5775 δὲ
3726 5722 3759 5791 ἡ
3798 5720 3981 5791 φύσις.
