4246 6438
273 369 379 434 939

1575 371 1741 430 LOCI
1781 371 1987 429 COMM
1999 372 2099 430 ΠΝ
2112 375 2215 431 ES.

3403 379 3507 444 910

345 479 681 549 Προκοπιου
737 480 1058 546 σοφιστοῦ.
1105 505 1173 519 σ-
1222 479 1295 532 Τὸ
1344 479 1598 534 ἐλπισθὲν
1639 481 1840 548 ἀγαθὴν
1872 492 1914 545 Α
2015 523 2022 544 λ

1829 492 1914 545 θΑ
2015 489 2258 556 I’roropii
2291 491 2555 557 sup/risus.
2593 519 2656 528 -—-
2715 491 3024 559 Exspectati
3057 491 3186 545 boni
3233 508 3401 548 versae
3452 499 3506 550 in

269 573 354 634 εἰς
405 567 710 622 τούναντίον
765 568 1084 637 περιπεσδν,
1127 567 1559 637 ἀπαραμύθητον
1613 569 1725 638 ἔχει
1780 572 1840 622 τὸ

271 660 469 723 πάθος.

341 749 680 818 Πλουτάρχ.
712 778 784 789 -
811 747 952 802 Οὔτε
983 747 1116 802 ναῦν
1145 749 1203 812 ἐξ
1233 748 1350 810 ἐνὸς
1378 749 1643 818 ἀγκυρίου
1666 791 1678 810 ,
1715 749 1837 800 οὒτε

273 842 389 912 βίον
417 843 479 896 ἐκ
504 843 635 913 μιᾶς
662 841 875 904 ἐλπίδος
902 840 1210 912 ὀρμιστέον.

342 930 603 1002 Στάσιμοί
633 933 770 984 εἰσιν
799 929 984 983 αἰτῶν
1013 930 1460 997 πεπαιδευμένων
1491 929 1724 990 ἐλπίδες,
1766 931 1840 991 ὡς

269 1026 332 1076 ἐν
359 1023 541 1091 λιμένι
572 1021 650 1092 τῷ
674 1021 919 1091 λογισμῷ
933 1020 1222 1090 ὁρμοῦσαι.

341 1113 408 1165 Δί
443 1113 540 1181 μὲν
577 1111 678 1181 τῆς
708 1111 910 1180 ἀρετῆς
937 1110 1168 1173 ἐλπίδες.
1200 1109 1330 1164 ἴδιαί
1355 1111 1461 1162 εἰσι
1489 1109 1590 1179 τῆς
1621 1111 1798 1179 ψυχῆς
1824 1126 1836 1138 ·

270 1205 330 1256 αῖ
356 1204 413 1257 δὲ
435 1204 534 1273 τῆς
561 1202 973 1270 κακίαςηνόθοι.

343 1296 552 1349 Ταυτόν
607 1297 754 1349 ἐστιν
804 1294 863 1358 ἐξ
897 1293 1155 1357 ἀσθενοῦς
1191 1295 1458 1364 ἀγκυρξου
1497 1295 1702 1362 σκάφος
1750 1299 1840 1364 ὁρ-

274 1391 424 1460 μεῖν,
449 1389 548 1442 καὶ
574 1390 638 1442 ἐκ
671 1386 886 1458 φαύλης
914 1385 1140 1457 γνώμης
1169 1386 1378 1438 ἐλπίδα.

345 1477 606 1546 Σωκρὰτ.
636 1509 706 1519 -
729 1479 794 1530 Αἱ
825 1478 1060 1547 πονηραὶ
1086 1477 1322 1541 ἐλπίδες,
1353 1475 1544 1548 ὥσπερ
1588 1478 1634 1529 οἱ
1680 1476 1840 1531 κακοὶ

271 1570 478 1640 ὁδηγοὶ,
503 1570 594 1623 ἐπὶ
613 1571 984 1640 ἁμαρτήματα
1005 1569 1251 1635 ἄγουσιν.

346 1658 483 1711 Οὔτε
509 1659 645 1729 γυνὴ
679 1659 849 1730 χωρὶς
876 1659 1087 1728 ἀνδρὸς,
1111 1657 1234 1711 οὒτε
1263 1657 1422 1721 ἐλπὶς
1461 1657 1640 1727 ἀγαθὴ
1672 1656 1838 1727 χωρὶς

273 1749 442 1801 πόνου
478 1749 645 1818 γεννᾷ
678 1765 731 1801 τι
753 1748 1045 1818 χρήσιμον.

1948 581 2284 634 contrarium
2331 595 2476 646 spes.
2527 581 2976 636 inconsolabilem
3033 582 3276 637 dolorem
3333 587 3510 642 addu-

1947 678 2102 721 cunt.

2016 761 2318 813 Plutarrlu'.
2355 791 2422 799 —
2455 762 2564 813 Nec
2591 761 2746 814 navis
2772 778 2837 814 ex
2874 776 2980 814 una
3011 764 3272 828 anchora,
3311 780 3413 820 nec
3443 781 3510 820 ex

1950 864 2054 900 una
2085 864 2180 916 spe
2209 849 2320 900 vita
2345 847 2608 900 ﬁrmanda
2635 858 2741 900 est.

2017 939 2251 992 Stabiles
2284 949 2411 991 sunt
2440 938 2782 990 eruditorum
2814 955 2957 1006 spes,
3002 950 3060 992 ut
3089 955 3210 1008 quae
3248 941 3300 995 in
3340 944 3512 996 ratio-

1947 1045 2015 1083 ne
2048 1032 2202 1098 quasi
2237 1031 2290 1083 in
2322 1039 2486 1098 portu
2540 1029 2953 1096 conquiescant.

2019 1121 2244 1176 Virtutis
2272 1136 2417 1189 spes,
2437 1119 2603 1172 animi
2633 1119 2864 1187 propr-ise
2887 1130 3012 1170 sntit
3039 1136 3101 1174 ac
3124 1119 3403 1187 genuinae;
3437 1121 3513 1171 vi-

1950 1212 2008 1264 tii
2043 1227 2108 1264 au
2118 1221 2248 1274 tem,
2277 1211 2500 1279 spur-ite.

2017 1302 2164 1355 Idem
2192 1312 2276 1354 est
2299 1316 2364 1356 ex
2383 1301 2596 1354 inﬁrma
2622 1300 2862 1353 anchora
2906 1298 3088 1351 navim
3116 1299 3169 1350 in
3211 1309 3367 1365 portu
3405 1299 3515 1352 hae-

1949 1407 2091 1454 rere,
2114 1407 2177 1445 ac
2209 1406 2358 1460 spem
2385 1407 2452 1446 ex
2481 1390 2620 1443 mala
2643 1390 2946 1443 voluntate.

2015 1480 2367 1533 Socrates.—
2385 1481 2650 1548 lmproba:
2677 1495 2823 1548 spes,
2850 1491 3107 1546 tanquam
3135 1479 3264 1533 mali
3285 1479 3388 1533 via:
3416 1480 3516 1532 du-

1947 1588 2055 1634 ces,
2091 1573 2145 1625 in
2180 1587 2424 1626 errorem
2452 1572 2737 1624 inducunt.

2017 1661 2128 1714 Nec
2170 1661 2366 1713 mulier
2420 1660 2538 1713 sine
2566 1661 2703 1722 viro,
2730 1674 2832 1712 nec
2866 1661 3007 1714 bona
3031 1675 3159 1729 spes
3185 1663 3300 1715 sine
3327 1660 3512 1714 labore

1951 1753 2084 1805 utile
2111 1751 2408 1820 quidquam
2437 1751 2598 1820 parit.

346 1840 644 1894 Λευκίππ.
669 1868 740 1880 ——
759 1840 840 1892 Τὰ
865 1839 974 1911 γὰρ
1012 1838 1163 1910 ἡδέα,
1189 1839 1293 1892 κᾶν
1327 1828 1403 1910 μὴ
1434 1841 1580 1908 ποιρῇ
1605 1880 1618 1902 ,
1643 1837 1836 1906 τέρπει
1871 1829 1916 1887 Β
2013 1844 2023 1895 1

1871 1829 1916 1887 Β
2013 1843 2308 1911 Leucippis.
2342 1871 2407 1881 —
2449 1839 2721 1903 Jucunda,
2773 1856 3086 1909 quanquam
3142 1856 3254 1894 non
3322 1853 3516 1911 praesto

272 1933 402 1995 ταῖς
423 1932 661 1986 ἐλπίσιν.

343 2024 417 2078 Τὸ
451 2023 558 2093 γὰρ
587 2022 841 2076 ἐλπισθὲν
878 2021 966 2092 (Γ),
1009 2021 1158 2086 ἅπαξ
1181 2021 1448 2092 ἐξῄρηται
1475 2023 1572 2090 τῆς
1616 2022 1793 2091 ψυχῆς
1823 2037 1838 2051 ·

271 2117 366 2170 καὶ
413 2115 477 2169 τὸ
525 2113 838 2186 μηδαμόθεν
882 2113 962 2166 ἔτι
1004 2113 1451 2184 προσδοκώμενον
1475 2155 1488 2178 ,
1518 2113 1843 2182 ἀπαλλαγὴν

269 2207 686 2280 παρασκευάζει
713 2208 827 2269 τοῖς
857 2206 1180 2276 κάμνουσιν.

341 2299 683 2364 Χαρικλ.-
724 2296 790 2348 'll
822 2297 932 2366 γὰρ
963 2295 1043 2358 εἰς
1071 2294 1134 2347 τὸ
1180 2295 1348 2364 μήπω
1393 2295 1581 2363 λεχθὲν
1637 2294 1841 2358 ἔπειξις

265 2387 367 2443 τοῦ
424 2388 586 2454 λόγου
619 2426 634 2450 ,
701 2386 762 2441 τὸ
817 2385 1113 2458 ὁλόκληρον
1182 2384 1292 2440 τῶν
1364 2385 1467 2458 ἤδη
1540 2385 1840 2456 λεχθέντι-Ν

271 2483 653 2552 παραιρεῖται.

341 2571 712 2637 Λευκίππης.
741 2599 814 2610 --
852 2570 914 2622 '0
957 2568 1056 2638 μὲν
1083 2569 1194 2639 γὰρ
1218 2569 1314 2622 τοῦ
1355 2567 1607 2622 κινδύνου
1636 2567 1800 2636 φόϐος
1823 2606 1838 2630 ,

267 2659 523 2730 ἐθορύϐει
575 2659 674 2722 τὰς
713 2661 813 2728 τῆς
851 2657 1031 2728 ψυχῆς
1075 2656 1296 2720 ἐλπίδας
1324 2672 1338 2685 ⁸
1381 2657 1415 2727 ἡ
1451 2655 1510 2708 δὲ
1542 2655 1698 2718 ἐλπὶς
1743 2655 1838 2706 τοῦ

266 2751 486 2823 τυχεῖν,
540 2749 844 2804 ἐκάλυπτεν
906 2749 1066 2819 ἡδονῇ
1121 2749 1213 2802 τὸν
1270 2747 1436 2816 φόϐον
1466 2766 1478 2778 ο
1543 2746 1687 2799 οὕτω
1747 2745 1842 2797 καὶ

265 2839 488 2905 ἐλπίζον
516 2838 564 2873 ⁸⁸
595 2838 864 2910 ἐφοϐεῖτο,
893 2840 984 2891 καὶ
1012 2837 1195 2908 ἔχαιρε
1223 2838 1286 2890 τὸ
1314 2837 1672 2906 λυπούμενον.

859 2950 1080 3006 ΛΟΓΟΣ
1126 2949 1251 3002 AO’.

763 3041 902 3109 Περὶ
941 3039 1247 3109 γυναικῶν
1275 3039 1319 3071 ⁸⁸
1333 3078 1345 3090 .

1943 1944 2093 1997 sunt,
2125 1949 2220 2002 spe
2253 1933 2524 1986 deliniunt
2555 1931 2823 1984 animum.

2011 2026 2182 2095 Cujus
2206 2027 2353 2081 enim
2374 2043 2499 2096 spes
2523 2028 2673 2081 nulla
2699 2036 2803 2088 est,
2830 2023 3000 2078 semel
3031 2025 3216 2076 animo
3238 2023 3514 2078 sublatum

1941 2125 2021 2172 est
2048 2135 2062 2182 ;
2100 2119 2355 2188 quodque
2387 2133 2662 2186 nusquam
2686 2113 2922 2183 amplius
2941 2125 3313 2182 exspectatur,
3342 2130 3520 2184 tegi-os

1943 2221 2091 2265 metu
2130 2213 2348 2265 liberat.

2012 2301 2568 2372 Charcelei.—631
2626 2302 2900 2357 Orationis
2951 2301 3098 2355 enim
3147 2298 3213 2353 ad
3270 2298 3322 2352 id
3370 2297 3515 2366 quod

1941 2393 2176 2446 necdum
2213 2393 2416 2447 dictum
2451 2404 2554 2455 est,
2592 2396 2893 2458 festinatio,
2921 2407 3110 2445 eorum
3137 2406 3256 2460 qua:
3278 2391 3388 2458 jam
3428 2388 3515 2442 di-

1941 2495 2024 2539 cta
2055 2495 2182 2539 sunt
2213 2486 2579 2555 integritatem
2615 2486 2775 2539 tollit.

2011 2577 2310 2646 Lcucippes.
2331 2608 2398 2617 -
2414 2577 2647 2631 Periculi
2672 2585 2870 2639 metus,
2895 2575 3058 2628 animi
3081 2588 3206 2642 spes
3230 2572 3515 2637 turbabat,

1940 2680 2174 2733 spesque
2225 2668 2303 2719 rei
2337 2665 2756 2733 consequendaz,
2788 2673 2996 2718 metum
3045 2663 3322 2730 voluptate
3367 2669 3516 2728 tege-

1942 2757 2032 2808 bat
2061 2775 2073 2809 :
2099 2766 2262 2825 atque
2295 2757 2348 2810 in
2379 2758 2525 2811 hunc
2555 2757 2797 2816 modum,
2831 2764 2887 2807 ct
2913 2753 3005 2822 qui
3050 2751 3303 2820 sperabat
3340 2761 3515 2804 terre-

1940 2845 2121 2907 batur,
2154 2854 2210 2898 et
2249 2847 2342 2913 qui
2392 2849 2574 2899 animo
2607 2845 2844 2906 dolebat,
2879 2843 3022 2895 idem
3071 2839 3186 2908 ipse
3219 2839 3513 2909 gaudebat.

2473 2959 2602 3013 SER
2612 2958 2704 3013 MO
2743 2957 2984 3012 XXXIX.

2507 3048 2582 3100 De
2628 3048 2950 3100 mulieribus.

351 3135 542 3191 Ἰωαν.
573 3133 644 3188 δ’.
687 3162 756 3174 ——
800 3131 962 3199 Λέγει
992 3130 1127 3199 αὐτῇ
1157 3130 1186 3181 ὁ
1221 3127 1446 3198 Ἰησοῦς·
1495 3127 1635 3196 Ἐγὼ
1671 3128 1838 3196 εἰμιὸ
1866 3167 1908 3224 c
2009 3142 2028 3192 λ

1866 3167 1908 3224 c
2009 3141 2165 3192 Joan.
2212 3154 2285 3202 tv,
2334 3138 2688 3192 26.—Dicit
2735 3137 2785 3191 ei
2833 3138 2992 3191 Jesus
3030 3155 3042 3188 :
3083 3139 3197 3205 Ego
3248 3151 3390 3198 sum,
3421 3138 3515 3204 qui

265 3225 452 3280 λαλῶν
505 3241 610 3279 σοι.
640 3225 752 3276 Καὶ
781 3223 873 3274 ἐπὶ
912 3221 1074 3274 τοῦτο
1096 3217 1261 3291 ἦλθον
1285 3219 1335 3273 oi
1383 3218 1623 3289 μαθηταὶ
1650 3217 1837 3280 αὑτοῦ,

267 3319 368 3374 καὶ
393 3307 713 3386 ἐθαύμασαν
741 3315 821 3369 ὃτι
855 3314 993 3384 μετὰ
1025 3313 1284 3381 γυναικὸς
1303 3311 1507 3366 ἐλάλει.

341 3407 407 3464 A'
446 3410 567 3476 Τιμ.
591 3405 757 3470 ,β’.-
780 3405 923 3469 Γυνὴ
940 3405 998 3457 ἐν
1021 3402 1225 3473 ἠσυχίᾳ
1254 3400 1574 3470 μανθανέτω
1606 3401 1664 3453 ἐν
1692 3400 1840 3470 πάσῃ

270 3500 525 3569 ὑποταγῇ
548 3513 562 3527 ο
594 3495 816 3564 γυναικὶ
857 3495 913 3548 δέ
953 3492 1225 3547 διδάσκειν
1264 3492 1365 3546 ούκ
1390 3493 1694 3562 ἐπιτρέπω,
1723 3492 1842 3544 ούδέ

268 3589 556 3645 αὐθεντεῖν
573 3586 785 3657 ἀνδρὸς.

340 3685 592 3749 Παροιμ.
613 3685 732 3733 ε’.-
752 3677 844 3748 Μὴ
868 3677 1102 3747 πρόσεχε
1129 3673 1308 3745 φαύλη
1330 3675 1568 3742 γυναικί·
1593 3672 1712 3744 μέλι
1734 3672 1842 3741 γὰρ

267 3773 574 3834 ἀποστάζει
624 3769 731 3824 ἀπὸ
772 3769 996 3840 χειλέων
1036 3767 1296 3836 γυναικὸς
1333 3767 1585 3836 πόρνης,
1617 3767 1650 3835 ἢ
1702 3767 1842 3835 πρὸς

267 3863 469 3934 καιρὸν
511 3861 751 3914 λιπαίνει
803 3876 886 3913 σοι
934 3859 1190 3930 φάρυγγα
1223 3873 1239 3888 ο
1269 3857 1499 3927 ὕστερον
1531 3855 1713 3924 μέντοι
1750 3873 1844 3906 πι-

265 3954 537 4026 κρότερον
564 3951 726 4022 χολῆς
758 3951 1033 4021 εὑρήσεις.

340 4049 590 4113 Παροιμ.
645 4041 746 4096 κε’.
775 4070 846 4080 -
868 4041 1080 4108 Ὠσπερ
1111 4037 1330 4106 σκώληξ
1369 4041 1427 4091 ἐν
1478 4036 1640 4107 ξύλῳ,
1671 4035 1844 4098 οὕτως

267 4139 444 4210 ἄνδρα
472 4137 735 4191 ἀπόλλυσι
759 4135 895 4204 γυνὴ
927 4135 1003 4204 (g)
1029 4132 1343 4194 κακοποιὸς.

343 4231 589 4298 Παροιμ.
627 4227 738 4281 xa'.
793 4254 863 4266 —
913 4227 1180 4294 Κρεῖσσον
1234 4225 1403 4276 οἰκεῖν
1444 4223 1504 4274 ἐν
1551 4219 1843 4291 ἐρήμῳ,ἢ

271 4320 418 4392 μετὰ
504 4319 764 4386 γυναικὸς
836 4316 1076 4388 μαχίμου
1159 4313 1256 4368 καὶ
1316 4311 1671 4382 γλωσσώδους
1751 4311 1846 4362 καὶ

265 4409 513 4482 ὀργίλου.

1941 3229 2137 3297 loquor
2163 3237 2365 3283 tecum.
2394 3227 2462 3282 Et
2491 3228 2754 3280 continuo
2788 3233 3054 3280 venerunt
3085 3226 3343 3293 discipuli
3373 3227 3514 3295 ejus,

1941 3328 1997 3374 et
2023 3319 2365 3373 mirabantur
2387 3317 2533 3387 quod
2566 3333 2691 3371 cuiu
2724 3318 2956 3370 muliere
2987 3316 3337 3384 loquebatur.

2009 3411 2039 3463 1
2070 3411 2198 3464 Tim.
2238 3427 2295 3475 ιι,
2344 3408 2732 3464 ll.-——Mulier
2785 3408 2839 3460 in
2889 3408 3111 3462 silentio
3165 3407 3340 3460 discat
3391 3421 3514 3458 cum

1942 3500 2088 3554 omni
2141 3499 2518 3568 subjectione;
2551 3497 2752 3550 docere
2785 3506 2968 3549 autem
2999 3494 3219 3547 mulieri
3253 3509 3359 3546 non
3392 3510 3523 3561 per-

1943 3591 2124 3652 mitto,
2155 3603 2332 3656 neque
2367 3587 2638 3641 dominari
2673 3587 2725 3639 in
2756 3587 2958 3640 virum.

2012 3679 2168 3732 Prov.
2205 3696 2256 3742 v,
2290 3678 2344 3731 5.
2365 3707 2430 3718 -—
2456 3678 2573 3731 Noli
2605 3677 2889 3730 attendere
2921 3675 3140 3729 mulieri
3171 3690 3351 3743 pravae
3414 3673 3518 3728 Mel

1942 3770 2089 3823 etaim
2121 3770 2389 3824 distillant
2421 3769 2564 3822 labia
2611 3767 2860 3822 mulieris
2901 3765 3247 3832 fornicariae;
3294 3781 3416 3834 quae
3449 3763 3520 3824 ad.

1946 3869 2164 3929 tempus
2199 3860 2542 3928 impinguant
2569 3858 2756 3912 fauces
2787 3868 2909 3913 tuas
2937 3875 2949 3911 :
2975 3867 3164 3926 postea
3187 3867 3366 3912 tamen
3393 3856 3521 3912 felle

1943 3951 2269 4004 amariorem
2306 3951 2572 4004 invenies.

2013 4042 2169 4096 Prov.
2207 4058 2330 4103 xxv,
2363 4041 2721 4096 20.—Sicut
2771 4043 2824 4093 in
2876 4041 3024 4109 ligno
3066 4039 3292 4103 vermis,
3321 4038 3402 4092 sic
3437 4054 3520 4091 vt-

1945 4147 2066 4185 rum
2101 4147 2259 4184 suum
2287 4132 2470 4198 perdit
2496 4147 2636 4186 uxor
2663 4132 2928 4186 maleﬁca.

2013 4219 2170 4273 Prov.
2207 4237 2315 4284 xxi,
2354 4221 2440 4275 19.
2464 4251 2532 4260 —-
2555 4221 2749 4274 Melius
2783 4228 2867 4274 est
2906 4221 3153 4274 habitare
3187 4220 3243 4272 in
3277 4219 3520 4284 deserto,

1946 4326 2107 4380 quam
2139 4326 2263 4365 cum
2309 4312 2538 4366 muliere
2557 4312 2747 4366 rixosa
2780 4320 2836 4365 et
2865 4311 3096 4380 loquace
3136 4319 3193 4364 et
3238 4295 3521 4364 iracunda.

339 4503 467 4568 Σιρ.
503 4504 607 4552 κε’.
630 4528 702 4539 -
722 4497 1048 4566 Συνοικῆσαι
1071 4496 1244 4549 λέοντι
1269 4496 1368 4548 καὶ
1405 4495 1661 4566 δράκοντι
1683 4493 1834 4548 εὑδό-
1874 4505 1915 4559 ι)
2015 4536 2016 4542 η

1874 4505 1915 4559 ι)
2015 4488 2178 4542 Eccli.
2212 4504 2338 4551 xxv,
2373 4486 2464 4540 23.
2488 4516 2556 4527 —
2576 4486 2714 4542 Cum
2744 4486 2902 4540 leone
2927 4493 2984 4541 et
3011 4486 3250 4540 dracone
3276 4498 3522 4538 commo-

262 4602 462 4657 κησαι,
489 4585 522 4656 ἢ
559 4587 879 4653 συνοικῆσαι
914 4585 1050 4653 μετὰ
1077 4584 1334 4651 γυναικὸς
1367 4585 1633 4654 πονηρᾶς.

340 4826 390 4859 ⁸⁸
419 4825 484 4880 Β.
525 4825 780 4892 ἐλπίζων.
879 4828 922 4859 ⁸⁸
952 4826 1010 4881 ιη
1041 4827 1207 4880 Gesn.
1250 4824 1410 4880 Stob.
1440 4822 1562 4878 181.

1951 4581 2056 4634 rari
2112 4580 2286 4650 magis
2330 4581 2564 4648 placeat,
2611 4593 2777 4647 quam
2815 4577 3069 4632 habitare
3117 4593 3245 4633 cum
3294 4576 3528 4631 muliere

1952 4685 2206 4739 nequam.

1780 4946 2013 5006 NOTIE.

332 5059 439 5182 At?
464 5057 544 5140 .Τό
610 5059 720 5129 γὰρ
780 5057 1177 5156 ἀπελπισϐἐῃ.
1210 5060 1286 5112 ita
1322 5057 1474 5138 mihi~
1496 5061 1840 5156 .mutapduin

375 5145 405 5182 ιι
433 5144 501 5182 St.
535 5131 680 5182 auod
701 5147 803 5182 vox
845 5145 1082 5182 sequens
1111 5129 1372 5182 ιεήοηται
1415 5145 1510 5182 της
1554 5129 1753 5182 duum.
1787 5133 1840 5182 id

261 5128 501 5200 indulsi,
535 5128 803 5200 quod'vox
845 5145 1082 5198 sequens
1111 5129 1372 5200 ἐξῄρηται
1415 5128 1511 5196 τῆς
1554 5129 1753 5200 ψυχῆς.
1787 5133 1840 5186 id

259 5199 502 5253 omnino
529 5199 730 5269 exigat.
763 5201 883 5253 Non
915 5200 1062 5253 enim
1093 5199 1239 5270 quod
1262 5205 1536 5270 speratur,
1562 5199 1662 5252 sed
1694 5202 1840 5270 quod

257 5285 383 5324 non
415 5265 710 5340 sperata},
742 5270 1016 5340 sublatum
1069 5265 1252 5323 animo
1294 5265 1445 5340 est:_
1470 5265 1524 5320 in
1581 5284 1691 5340 quo
1712 5265 1839 5340 'jam

256 5347 375 5402 est,
412 5346 577 5406 atque
601 5339 835 5403 exsistit,
860 5339 1006 5409 quod
1045 5354 1140 5408 spe
1192 5336 1649 5409 przesuniitur,rsi
1681 5336 1841 5395 modo

257 5409 363 5465 illa
376 5413 539 5462 'certa
567 5419 622 5464 et
650 5409 802 5464 ﬁrma
825 5408 927 5464 est.
945 5410 1062 5463 Non
1085 5409 1222 5462 male
1245 5408 1410 5477 igitur
1432 5420 1559 5473 spes
1582 5408 1635 5461 in
1661 5410 1840 5474 bonis,

254 5478 332 5533 τὸ
365 5478 813 5548 προσδοκώμενον
841 5481 892 5533 in
917 5479 1095 5542 malis,
1114 5492 1351 5548 quorum
1379 5483 1525 5528 metu
1552 5477 1840 5544 liberatur,

255 5549 367 5604 aui
396 5562 463 5618 ea
494 5558 760 5604 eventura
786 5565 894 5603 non
920 5559 1220 5618 exspectat.

337 5617 422 5688 '(g)
466 5619 665 5690 Οὕτως
696 5619 884 5688 ἄνδρα
933 5617 1242 5673 ἀπόλλυσι
1275 5620 1452 5687 γυνή.
1487 5618 1574 5674 Sic
1621 5635 1843 5690 quoque

255 5683 426 5760 Hier.
469 5688 506 5742 l.
555 5705 571 5742 ι
616 5683 877 5744 Adversus
917 5683 1292 5760 Iovinianum,
1315 5683 1425 5760 pro.
1443 5705 1510 5745 eo
1544 5683 1690 5760 quod
1722 5683 1842 5745 uio-

256 5759 343 5814 do
367 5757 575 5826 (ἔναιρε,
604 5761 746 5814 οὕτω
771 5760 915 5832 λύπη
945 5759 1134 5832 ἀνδρὸς
1163 5757 1389 5830 βλάπτει
1421 5757 1646 5833 καρδίαν
1667 5777 1678 5789 '
1698 5762 1842 5831 quod

1949 5079 2112 5117 voces
2151 5062 2294 5130 λύπη
2327 5070 2382 5115 et
2403 5062 2538 5130 γυνὴ
2600 5067 2926 5128 permutata:
2976 5059 3105 5113 sint.
3165 5057 3287 5130 Nec
3317 5059 3518 5130 liquet,

1951 5133 2080 5202 quid
2126 5126 2308 5201 potius
2360 5126 2616 5185 Salomon
2662 5130 2989 5202 scrips_erit__,
3027 5127 3188 5202 quod
3248 5126 3517 5202 llebraica

1953 5196 2058 5256 rion
2096 5196 2346 5265 exstent;
2376 5210 2432 5255 et
2485 5216 2605 5268 quae
2655 5196 2791 5252 sunt
2828 5198 2882 5250 in
2938 5198 3097 5267 Vulg.
3159 5196 3246 5268 Ita
3305 5200 3520 5252 tristitia

1950 5273 2046 5325 viri
2075 5279 2218 5324 uocet
2246 5273 2412 5327 cordi.
2438 5266 2730 5323 exﬁGrtecis
2747 5277 2971 5336 accepta
2997 5266 3126 5321 sint.
3160 5266 3312 5331 Quod
3338 5278 3521 5321 autem

1951 5343 2026 5394 ait
2062 5341 2244 5394 Nobil.
2274 5341 2398 5394 Tota
2423 5342 2521 5392 ista
2554 5339 2812 5391 sententia
2852 5343 2992 5391 abest
3025 5339 3076 5390 in
3122 5336 3270 5406 Vulg.
3303 5338 3520 5391 videtur

1947 5428 2054 5464 non
2104 5410 2238 5463 satis
2290 5421 2494 5464 attente
2551 5409 2780 5470 dictum,
2845 5423 2967 5461 cum
3029 5409 3290 5476 pleraque
3337 5408 3515 5460 Biblia

1948 5481 2104 5549 Vulg.
2138 5479 2396 5534 editionis
2431 5479 2687 5542 habeant,
2712 5477 2816 5532 etsi
2851 5478 3155 5549 llentenius
3195 5478 3353 5530 ohelo
3379 5493 3510 5549 con-

1948 5547 2141 5620 ﬁgens,
2176 5569 2282 5603 non
2320 5561 2532 5620 exstare
2562 5547 2917 5620 admonetiini
2941 5547 3518 5620 Δ(ἰουεξιιιίίζξειιψιιιιπξ-

1949 5616 2069 5673 bus.
2110 5621 2246 5674 llinc
2293 5622 2345 5673 in
2388 5619 2618 5688 Lugdun
2681 5634 2768 5672 an.
2825 5617 2956 5672 1521
3017 5626 3071 5672 et
3128 5619 3279 5688 1593
3311 5616 3514 5686 reperi,

1947 5691 2098 5744 Alias
2144 5706 2247 5743 nou
2279 5692 2460 5743 haberi
2478 5686 2660 5743 totum
2683 5690 2818 5742 hunc
2841 5705 3086 5752 versum;
3139 5686 3283 5757 quod
3323 5696 3379 5742 et
3407 5687 3514 5742 Νυ-

1948 5761 2131 5828 bilius,
2160 5760 2241 5815 uti
2271 5760 2486 5816 cautius
2511 5760 2692 5816 dicere
2722 5759 2924 5830 potuit,
2951 5758 3029 5814 sic
3069 5771 3122 5813 et
3167 5759 3369 5814 verius.
