4246 6438
275 401 382 465 913

1552 399 1717 457 LOCI
1756 399 1902 457 Ειιιι
1916 400 1960 456 Μ
1977 401 2017 457 ὓ
2031 401 2072 456 .\'
2089 402 2188 457 ES.

3408 398 3516 463 913-

271 513 456 576 τινδς,
510 512 663 563 Διατὶ
722 509 1002 580 Σοφοκλῆς
1060 509 1301 580 χρηστὰς
1368 509 1700 580 παρεισάγει
1748 511 1845 572 τὰς
1880 521 1918 573 Α

1842 530 1845 564 r
1880 521 1918 573 Α
1952 514 2097 575 dum,
2129 517 2239 567 tiur
2274 515 2571 582 Sophocles
2621 513 2788 566 bonas
2823 513 3082 566 mulieres
3126 512 3364 576 inducat,
3410 515 3519 580 ipse

270 604 560 670 γυναῖκας,
586 601 748 663 αὐτὸς
797 601 856 654 δὲ
907 600 1138 670 φαύλας,
1179 596 1353 661 εἶπεν,
1383 601 1508 653 Ὅτι
1561 601 1845 669 Σοφοκλῆς

278 690 398 759 μὲν,
440 706 556 753 οιας
579 689 660 741 δεῖ
681 683 820 741 εἶναι
843 688 943 752 τὰς
968 689 1231 756 γυναῖκας
1262 686 1415 756 λέγει
1437 705 1451 718 ·
1485 688 1596 756 ἐγὼ
1629 689 1708 752 δὲ,
1735 683 1849 742 οἷαί

273 784 437 834 εἰσιν.

859 894 1079 948 ΛΟΓΟΣ
1109 895 1179 947 Μ’
1203 894 1270 948 ⁸³.

345 983 482 1049 Περὶ
515 982 861 1053 ἀντιλογίας
886 984 986 1039 καί
1020 984 1391 1052 θρασύτητος
1417 985 1513 1037 καὶ
1548 984 1774 1052 ἔριδος.

345 1074 530 1127 Mota.
562 1072 701 1127 ε’.-
713 1075 1014 1128 Ἠκούσατε
1045 1075 1125 1127 ὅτι
1151 1074 1349 1146 ἐρρέθη
1377 1115 1392 1138 ,
1422 1074 1701 1144 ὀφθαλμὸν
1729 1077 1852 1127 ἀντὶ

269 1161 578 1234 ὀφθαλμοῦ,
615 1165 706 1218 καὶ
743 1166 929 1219 ὀδόντα
969 1166 1095 1218 ἀντὶ
1141 1165 1379 1230 ὀδόντος;
1447 1167 1589 1232 Ἐγὼ
1624 1164 1680 1218 δὲ
1710 1166 1852 1233 λέγω

272 1254 427 1324 ὑμίνο
457 1257 550 1326 Μὴ
580 1257 896 1326 ἀντιστῆναι
923 1257 1001 1327 τῷ
1023 1257 1264 1328 πονηρῷ·
1290 1258 1404 1310 ἀλλ’
1435 1260 1580 1320 ὅστις
1606 1274 1665 1309 σε
1690 1259 1849 1327 ῥαπί-

273 1361 360 1397 σει
411 1347 490 1408 εἰς
527 1346 625 1418 τὴν
657 1346 839 1412 δεξιὰν
887 1348 1111 1416 σιαγόνα
1130 1387 1146 1412 ,
1173 1347 1404 1418 στρέψον
1435 1347 1584 1418 αὐτῷ
1606 1348 1698 1399 καὶ
1755 1350 1852 1418 τὴν

278 1441 476 1509 ἄλλην.

359 1531 534 1598 Ῥωμ.
567 1533 711 1583 θ’.-
742 1525 812 1582 Ὧ
842 1529 1120 1601 ἄνθρωπε,
1161 1530 1355 1600 μενοῦν
1387 1547 1473 1597 γε,
1527 1533 1591 1582 σὺ
1634 1529 1718 1589 τίς
1748 1523 1798 1580 εἴ
1825 1532 1854 1586 ὁ

271 1620 811 1691 ἀνταποκρινόμενος
837 1619 917 1690 τῷ
945 1619 1064 1691 θεῷ
1097 1639 1111 1684 ;
1144 1622 1235 1690 Μὴ
1273 1622 1390 1692 ἐρεῖ
1436 1620 1497 1673 τὸ
1526 1620 1750 1688 πλάσμα
1777 1617 1855 1686 τῷ

274 1713 568 1773 πλάσαντι,
593 1711 660 1764 Τί
695 1729 763 1782 με
813 1710 1076 1781 ἐποίησας
1106 1711 1278 1776 οὕτως
1311 1729 1325 1778 ;
1359 1711 1516 1781 ἢούκ
1555 1711 1669 1779 ἔχει
1706 1710 1856 1774 ἐξου-

275 1803 405 1857 σίαν
425 1801 456 1852 ὁ
482 1800 757 1869 κεραμεὺς
781 1798 876 1852 τοῦ
902 1799 1075 1871 πηλοῦ
1104 1801 1168 1852 ὲκ
1191 1800 1284 1852 τοῦ
1313 1798 1481 1853 αὑτοῦ
1517 1800 1840 1868 φυράματος

276 1892 524 1962 ποιῆσαι,
587 1889 614 1942 ὃ
673 1891 773 1961 μὲν
820 1893 901 1954 είς
954 1891 1122 1962 τιμὴν
1184 1891 1399 1955 σκεῦος,
1433 1890 1542 1943 ὃδὲ
1592 1891 1671 1951 εἰς
1730 1891 1844 1941 ἀτι-

278 1983 415 2055 μίαν
447 2000 461 2047 ;

348 2077 592 2144 Παροιμ.
627 2073 732 2134 κζ’.
758 2102 830 2113 -
849 2073 1074 2145 Σίδηρος
1103 2072 1322 2145 σίδηρον
1369 2072 1548 2138 ὀξύνει.
1579 2089 1592 2104 ·
1628 2073 1768 2142 ἀνὴρ
1798 2071 1855 2124 δὲ

275 2166 578 2236 παροξύνει
615 2166 684 2237 (j)
716 2167 1008 2235 πρόσωπον
1037 2167 1276 2237 ἑταίρου.

351 2263 597 2327 Παροιμ.
637 2259 738 2314 κε’.
789 2289 856 2301 -
899 2259 1135 2328 ’Ἄνεμος
1186 2259 1397 2329 Βορρᾶς
1458 2257 1724 2328 ἐξεγείρει.
1769 2257 1856 2310 νέ-

276 2369 360 2422 φη
417 2349 564 2422 (8)·
622 2349 919 2420 πρόσωπον
966 2349 1024 2403 δὲ
1077 2349 1312 2416 ἀναιδὲς,
1375 2350 1625 2416 γλῶσσαν
1681 2351 1856 2422 ἐρεθί-

275 2444 366 2508 ζει
405 2482 416 2496 .

352 2535 535 2600 ripa);
570 2532 637 2586 δ’.
667 2562 735 2574 -
777 2533 870 2604 Μὴ
896 2533 1045 2602 γίνου
1078 2533 1282 2604 θρασὺς
1315 2534 1372 2585 ὲν
1395 2537 1462 2604 τῇ
1490 2534 1713 2606 γλώσσῃ
1741 2551 1859 2598 σου,

276 2623 380 2679 καὶ
407 2623 612 2696 νωθρὸς
643 2626 739 2679 καὶ
768 2623 1102 2696 παρειμένος
1134 2625 1192 2678 ὲν
1218 2627 1332 2688 τοῖς
1359 2626 1542 2696 ἔργοις
1569 2642 1684 2680 σου.

353 2717 537 2785 Σιρὰχ
576 2717 692 2782 κβ.
733 2745 799 2758 -—-
849 2714 966 2786 Πρὸ
1012 2714 1220 2786 πυρὸς,
1273 2717 1438 2786 ἀτμὶς
1486 2717 1715 2788 καμίνου
1769 2720 1862 2771 καὶ

277 2805 512 2868 καπνός·
547 2805 688 2860 οὕτω
720 2805 826 2877 πρὸ
849 2806 1119 2878 αἱμάτων,
1153 2805 1436 2878 λοιδορίαι.

355 2895 677 2965 Ἀνθρωπος
702 2894 1115 2966 συνεθιζόμενος
1135 2896 1313 2964 λόγοις
1335 2897 1662 2970 ὀνειδισμοῦ,
1687 2902 1744 2954 ὲν
1767 2900 1864 2953 πά-

279 3003 405 3050 σαις
430 2990 549 3049 ταῖς
579 2986 814 3058 ἡμέραις
838 2985 1004 3040 αὐτοῦ
1037 2987 1114 3058 μὴ
1143 2987 1432 3058 παιδευθῇ.

357 3079 519 3147 Ἔρις
563 3077 1052 3148 κατασπευδομὲνη
1101 3077 1316 3132 ἐκκαίει
1364 3077 1514 3147 πῦρ⁶
1573 3082 1666 3134 καὶ
1714 3082 1861 3151 μάχη

279 3168 666 3224 κατασπεύδου
675 3185 742 3221 σα
768 3168 946 3238 έκχέει
977 3165 1136 3239 αἷμα.
1751 3155 1768 3162 ’

356 3262 661 3314 Βασιλ.-
701 3257 767 3312 Ἦ
807 3258 1088 3328 ἀντιλογία
1138 3261 1200 3313 τὸ
1247 3261 1711 3335 αὐτοκρατορικὺν
1771 3270 1865 3314 και

278 3351 663 3406 ἀνυπότακτον
685 3349 956 3414 δείκνυσι,
999 3349 1104 3405 κᾶν
1131 3352 1191 3405 ἐν
1215 3353 1456 3424 σχήματι.
1482 3353 1866 3414 ταπεινώσεως

277 3443 523 3513 γίνηται.

356 3535 682 3604 Θεολότου.
722 3564 794 3575 -
833 3535 982 3587 Φιλεῖ
1038 3534 1148 3603 γὰρ
1193 3537 1263 3590 τὰ
1291 3538 1513 3604 γενναῖα
1540 3537 1866 3606 φρονήματα

283 3624 425 3696 πρὸς
476 3625 543 3678 τὸ
585 3625 678 3697 βίᾳ
725 3626 962 3696 κρατοῦν
1005 3625 1429 3690 αὑθαδίζεσθαι,
1488 3631 1586 3683 καὶ
1615 3628 1866 3697 καθάπερ

280 3717 420 3786 φλὸξ
460 3717 553 3770 ὑπ’
574 3717 779 3788 ἀνέμου
812 3717 1137 3788 ῥιπιζομένη
1162 3758 1177 3781 ,
1231 3718 1474 3789 τοσούτῳ
1507 3719 1706 3790 μᾶλλον
1734 3719 1862 3772 ἀνά-

284 3805 546 3873 πτεσθαι,
578 3807 797 3878 ὅσῳπερ
826 3807 893 3861 ἂν
922 3808 1279 3879 σφοδρότερον
1308 3810 1702 3881 καταπνέηται.

360 3995 664 4060 Χρυσοστ.
701 4020 770 4031 -
810 3989 902 4061 Μὴ
946 3990 1081 4060 πρὸς
1116 3991 1244 4050 τοὺς
1277 3989 1678 4062 παραινοῦντας
1709 3992 1863 4060 σιγᾷν

282 4085 577 4147 ἁντίτεινε,
605 4081 778 4150 λέγων
804 4124 818 4146 ,
871 4080 986 4134 Οὐκ
1014 4081 1276 4151 ἀνέξομαι
1307 4082 1394 4134 ἵνα
1427 4099 1527 4150 μου
1561 4081 1864 4149 καταγελὰ-

284 4191 392 4237 σας
421 4175 450 4225 ὁ
475 4173 625 4226 δεῖνα
649 4173 882 4243 ἀπέλθῃ.
937 4173 1012 4225 Οὐ
1043 4173 1151 4243 γὰρ
1190 4173 1254 4242 δὴ
1292 4173 1414 4226 τότε
1444 4190 1536 4226 σου
1569 4173 1864 4241 καταγελᾷ.

284 4266 408 4320 ἀλλ’
430 4267 561 4319 ὅταν
596 4264 909 4336 ἐπεξέλθῃς.
946 4264 1010 4319 Εἰ
1037 4264 1094 4317 δὲ
1131 4266 1222 4318 καὶ
1250 4265 1372 4318 τότε
1429 4264 1751 4334 γελάσεται,
1792 4265 1864 4326 ὡς

284 4359 522 4429 ἀνόητος
567 4361 662 4412 καὶ
704 4356 864 4410 τοῦτο
910 4356 1178 4409 πείσεται.
1230 4357 1302 4409 Σὺ
1331 4356 1391 4409 δὲ
1426 4355 1502 4428 μὴ
1529 4354 1678 4428 ζήτει
1704 4356 1868 4408 νικῶν

285 4453 394 4526 τὴν
423 4453 575 4523 παρὰ
602 4451 715 4505 τῶν
739 4451 984 4521 ἀνοήτων
1015 4449 1321 4522 μαρτυρίαν
1341 4488 1356 4513 ,
1402 4449 1515 4502 ἀλλ’
1538 4447 1866 4520 ἁποχρὼσας

367 4591 417 4624 ³⁸
442 4590 502 4645 ιιι
526 4587 694 4645 Gesn.
731 4586 887 4644 Stob.
924 4588 1046 4644 l0l.

1952 620 2085 655 vero
2120 605 2313 666 malas;
2369 606 2514 673 quod
2565 605 2844 666 nimirum,
2883 604 2979 664 ait,
3032 603 3122 655 ille
3171 603 3360 670 quales
3404 618 3522 657 esse

1950 696 2207 758 debeant,
2248 697 2426 754 dicat:
2464 711 2586 767 ego,
2621 696 2810 764 quales
2844 696 3020 763 reipsa
3061 695 3349 749 exsistam.

2549 901 2778 956 SERMO
2819 900 2931 953 XL.

2061 992 2133 1043 De
2167 992 2576 1044 contradictione
2619 1000 2668 1042 ιί
2709 993 2951 1059 promriu
2985 997 3033 1040 et
3075 993 3415 1040 contentione.

2023 1083 2209 1136 Matth.
2249 1100 2300 1144 v,
2347 1083 2434 1134 58.
2461 1113 2526 1121 —-
2550 1083 2794 1135 Audistis
2824 1083 2948 1149 quia
2983 1081 3188 1133 dictum
3229 1087 3308 1129 est
3341 1097 3352 1130 :
3383 1079 3526 1131 Ocu-

1953 1175 2066 1228 lum
2102 1189 2199 1242 pro
2242 1175 2424 1238 oculo,
2473 1185 2528 1227 et
2565 1175 2783 1226 dentem
2831 1191 2927 1241 pro
2973 1173 3177 1225 dente?
3208 1171 3318 1239 E50
3347 1180 3528 1222 autem

1953 1265 2078 1318 dico
2111 1265 2262 1319 vobis
2299 1284 2311 1317 :
2346 1267 2463 1320 Non
2499 1267 2750 1317 resistere
2787 1265 2965 1325 malo;
3006 1263 3099 1317 sed
3145 1261 3396 1329 quisquis
3431 1258 3528 1312 tibi

1956 1357 2009 1411 in
2040 1358 2320 1411 dexteram
2364 1358 2634 1410 maxillam
2677 1356 2972 1410 incusserit
3003 1355 3234 1421 alapam,
3267 1362 3418 1405 verte
3452 1352 3528 1404 illi

1952 1455 2008 1500 et
2032 1448 2276 1500 alterum.

2025 1538 2174 1591 Rom.
2208 1553 2280 1600 ix,
2315 1537 2404 1590 9.0.
2431 1537 2706 1604 —Alqui,
2751 1551 2784 1588 o
2837 1535 3021 1595 homo,
3059 1543 3114 1587 tn
3161 1533 3284 1601 quis
3325 1548 3405 1596 es,
3434 1531 3530 1600 qui

1954 1645 2017 1682 ex
2047 1629 2279 1681 adverso
2323 1628 2622 1690 respondes
2657 1627 2801 1678 Deo?
2831 1625 3089 1692 Nunquid
3121 1625 3258 1678 dicit
3304 1623 3529 1691 ﬁgmen-

1957 1730 2090 1783 tum,
2117 1721 2167 1773 ei
2196 1719 2288 1788 qui
2323 1734 2380 1772 se
2433 1719 2586 1772 tinxit
2616 1737 2630 1772 :
2655 1718 2795 1785 Quid
2841 1732 2926 1770 me
2971 1715 3146 1770 fecisti
3180 1715 3293 1770 sic?
3337 1715 3532 1769 Annon

1960 1813 2124 1866 liabet
2170 1821 2492 1880 potestatem
2539 1811 2733 1878 ﬁgulus
2766 1810 2886 1870 inti,
2925 1817 2980 1861 ut
3011 1825 3075 1860 ex
3117 1807 3308 1860 eadem
3354 1819 3532 1858 massa

1957 1899 2122 1964 tingat
2157 1899 2300 1952 aliud
2327 1899 2548 1967 quidem
2585 1913 2678 1950 vas
2722 1898 2775 1950 in
2806 1897 3093 1958 honorem,
3131 1895 3277 1949 aliud
3309 1894 3363 1947 iu
3395 1909 3530 1948 con—

1961 1989 2272 2043 tumeliam?

2026 2081 2183 2134 Prov.
2219 2096 2384 2144 xxvu,
2438 2083 2516 2134 17.
2539 2111 2607 2119 —-
2629 2080 2858 2133 Ferrum
2908 2078 3057 2132 acuit
3101 2078 3332 2141 ferrum,
3365 2088 3420 2131 et
3452 2077 3532 2128 vir

1955 2180 2185 2226 exacuet
2216 2174 2408 2225 iacieni
2441 2171 2625 2224 amici.

2028 2263 2186 2316 Prov.
2223 2279 2346 2322 xxv,
2379 2261 2466 2315 9.5.
2491 2291 2558 2300 —
2582 2261 2785 2315 Ventus
2817 2259 3001 2326 aquilo
3050 2255 3275 2310 suscitat
3328 2253 3530 2316 nubes;

1961 2358 2144 2410 vultus
2175 2367 2356 2409 autem
2387 2354 2680 2422 impudens
2710 2352 2894 2404 irritat
2920 2351 3178 2417 linguam.

2034 2535 2196 2587 Iz'crti.
2228 2549 2299 2598 iv,
2331 2534 2418 2586 54.
2442 2531 2690 2602 -633
2726 2529 2844 2584 Noli
2889 2544 3008 2584 esse
3056 2527 3229 2581 audax
3265 2527 3318 2579 in
3351 2525 3535 2592 lingua

1965 2637 2076 2691 tua,
2105 2635 2160 2680 et
2196 2625 2380 2694 segnis
2410 2639 2470 2676 ac
2495 2624 2754 2676 remissus
2786 2623 2837 2675 iu
2867 2620 3126 2688 operibus
3160 2619 3287 2671 tuis.

2037 2719 2198 2773 Ecrli.
2243 2733 2371 2781 χχιι,
2398 2717 2736 2770 50.—Ante
2780 2715 2981 2783 ignem,
3025 2711 3225 2767 camini
3269 2723 3435 2779 vapor
3479 2716 3536 2761 et

1964 2812 2174 2876 fumus;
2211 2811 2289 2865 sic
2317 2817 2444 2863 ante
2470 2809 2696 2862 vulnera
2722 2817 2776 2861 et
2809 2805 3006 2870 czedes,
3033 2803 3298 2860 convicia.

2039 2903 2129 2954 \‘ir
2161 2911 2410 2956 assuetus
2455 2899 2739 2970 probrosis
2781 2896 2966 2950 verbis
3015 2909 3080 2949 ac
3121 2891 3447 2954 maledictis,
3479 2888 3538 2944 in

1966 2993 2224 3046 erunibus
2253 2992 2449 3045 diebus
2477 2992 2591 3043 suis
2625 3005 2732 3042 non
2765 2985 3172 3040 emendabitur.

2041 3084 2202 3136 Ia'rcli.
2230 3098 2415 3141 xxviii.
2450 3083 2533 3133 15.
2555 3077 2940 3132 —(Iontentio
2987 3075 3242 3130 festinata
3291 3068 3542 3127 accendit

1971 3175 2170 3243 ignem,
2210 3181 2265 3226 et
2293 3173 2356 3226 lis
2380 3173 2643 3226 festinans
2667 3167 2900 3221 effundit
2923 3166 3264 3235 sanguinem.

2044 3265 2341 3318 Bosilii.-——
2383 3261 2802 3318 Cuntradiccndi
2869 3259 2983 3327 ipsa
3037 3256 3208 3310 libido
3266 3256 3350 3310 sui
3402 3254 3545 3326 juris

1975 3357 2254 3425 quidpiam
2297 3355 2572 3418 ostendit,
2621 3369 2683 3408 ac
2725 3350 2871 3420 quod
2915 3348 3112 3417 subjici
3157 3348 3394 3416 respuit,
3439 3347 3540 3400 etsi

1976 3448 2301 3500 humilitatis
2327 3447 2508 3514 Specie
2543 3445 2827 3514 contingit.

2045 3539 2303 3608 Theologi.
2329 3568 2396 3577 —-
2418 3537 2605 3590 Solent
2628 3538 2773 3590 enim
2798 3552 3059 3606 generosa
3091 3533 3354 3600 fortisque
3376 3528 3542 3584 animi

1976 3629 2212 3692 ingenia.
2245 3629 2295 3681 ei
2337 3631 2718 3681 contumacius
2750 3631 3144 3696 pnel'racteqne
3177 3622 3370 3685 obniti,
3398 3619 3542 3688 quod

1975 3720 2022 3772 vi
2051 3718 2255 3772 addicit
2275 3734 2338 3770 ac
2362 3718 2641 3770 dominatu
2677 3717 2904 3784 premit;
2938 3731 3039 3770 nec
3066 3715 3222 3768 aliter
3246 3730 3308 3765 ac
3333 3711 3544 3763 [lamina

1975 3809 2367 3862 ventilanlibus
2413 3807 2584 3868 auris,
2634 3816 2781 3860 tanto
2832 3807 3002 3877 magis
3055 3803 3304 3865 accendi,
3342 3811 3546 3869 quanto
3586 3855 3592 3862 ,

1980 3899 2356 3955 ιιιΙιιξιιιιειιιίιιε
2395 3900 2672 3966 perﬂatur.

2041 3995 2306 4061 Chrysa-st.
2337 3993 2494 4045 —-—Ne
2531 3993 2616 4045 liis
2659 3993 2750 4061 qui
2793 3993 2954 4045 silere
3000 3990 3317 4049 admonent,
3351 3983 3546 4037 adver-

1973 4087 2131 4150 seris,
2163 4087 2352 4139 dicens
2381 4103 2394 4138 :
2429 4087 2545 4140 Non
2574 4086 2742 4139 feram
2769 4092 2829 4138 ut
2861 4083 2950 4137 illc
2986 4097 3072 4135 mc
3103 4081 3213 4134 risu
3242 4076 3544 4146 excipiens,

1973 4178 2153 4230 abeat.
2189 4178 2306 4231 Non
2340 4176 2486 4231 enim
2538 4185 2670 4230 tunc
2716 4174 2950 4236 deridet,
3005 4173 3099 4227 sed
3145 4171 3191 4225 si
3244 4167 3543 4224 ulciscaris.

1973 4269 2124 4335 Quod
2161 4269 2206 4322 si
2251 4270 2417 4324 etiam
2449 4279 2580 4322 tunc
2623 4267 2902 4328 deriserit,
2937 4274 2995 4319 et
3041 4273 3101 4318 ut
3148 4261 3314 4318 stulto
3361 4259 3414 4314 id
3467 4256 3544 4310 illi

1975 4361 2286 4430 contigerit.
2314 4360 2394 4413 Tn
2457 4375 2587 4412 vero
2617 4357 2713 4427 qui
2744 4355 2972 4411 victoria
3006 4355 3218 4425 potiris,
3251 4368 3320 4406 ne
3350 4349 3544 4406 stulto-

1978 4465 2095 4502 rum
2125 4449 2506 4506 testimonium
2533 4447 2782 4514 ambias;
2805 4446 2900 4502 sed
2922 4447 3058 4500 satis
3084 4461 3204 4500 esse
3226 4441 3541 4497 existimato

1799 4704 2027 4761 ΝΟΤίΕ.

372 4822 472 4892 (j)
505 4821 858 4897 "apo£i_}r:ei.
899 4821 1174 4897 InUHebr.
1234 4819 1425 4876 eadem
1477 4828 1562 4897 est
1611 4833 1734 4897 vox3
1762 4834 1871 4887 qua
1908 4823 1947 4875 D
1978 4835 2040 4873 ac
2083 4816 2215 4897 illud
2244 4816 2425 4897 tegat,
2471 4816 3101 4897 Hieronymi.._ProbatI
3142 4815 3206 4894 lt.
3269 4811 3542 4897 ηἰιηιιιιιιιζ

289 4887 510 4948 ferrum
541 4887 731 4946 eiacui
764 4893 916 4946 ferro
950 4892 1176 4954 dieitur,
1225 4900 1282 4945 et
1336 4906 1443 4959 qua
1501 4887 1585 4940 vir
1628 4888 1864 4959 amicum

286 4977 598 5018 exacuere:
630 4971 690 5016 ut
721 4972 1017 5031 utrumque
1051 4962 1105 5015 in
1137 4958 1360 5015 bonum
1398 4967 1579 5020 sonet,
1605 4958 1864 5031 __altcrum

290 5031 548 5104 physice,
584 5034 820 5104 alterum
849 5027 946 5104 per
965 5031 1385 5104 metaphoram;
1437 5043 1540 5082 nec
1570 5027 1867 5104 alitcr_vo:

295 5097 511 5156 iuerint
533 5104 580 5154 οἱ
616 5102 778 5164 LXX,
815 5097 917 5156 etsi
965 5097 1299 5156 Hellenismo
1327 5114 1428 5152 suo
1458 5113 1522 5151 ac
1545 5112 1678 5150 voce
1707 5097 1862 5150 abusi

291 5173 562 5242 sint,qu:e
599 5170 919 5242 exasperare
950 5167 1605 5237 sonat;redditqueGesn.
1633 5177 1684 5221 et
1719 5168 1864 5242 forte

291 5240 477 5310 voluit
506 5239 790 5302 Maximus,
822 5252 986 5310 atque
1014 5242 1083 5295 ad
1116 5243 1387 5295 intentum
1417 5253 1576 5310 suum
1611 5239 1820 5306 aptavit
1849 5255 1860 5289 :

291 5309 450 5381 apud
474 5326 636 5378 quem
662 5313 845 5376 ἐτέρου
870 5308 954 5366 est
996 5327 1097 5381 pro
1133 5311 1370 5381 ἑταίρου,
1405 5308 1550 5376 quod
1577 5316 1634 5360 et
1677 5323 1866 5361 emcn-

291 5380 431 5444 davi
458 5395 524 5433 ex
561 5396 720 5435 sacro
757 5391 927 5435 textu.

375 5470 454 5541 (k)
491 5471 804 5538 Ἐξεγειζρει
832 5471 1004 5540 νέφη.
1045 5471 1200 5541 Vulg.
1236 5470 1408 5541 Fugat
1441 5470 1694 5541 pluviam.
1727 5468 1869 5541 Cou-

295 5538 482 5596 tra'rio
525 5541 676 5595 enim
721 5538 914 5595 sensu
945 5555 1052 5596 vox
1094 5538 1362 5596 Hebraiea
1411 5538 1685 5604 redditur,
1714 5546 1777 5593 ut
1802 5538 1873 5593 ab

295 5612 414 5668 alia
437 5610 654 5680 aliaque
685 5611 871 5665 radice
929 5612 1054 5665 aliis
1099 5611 1335 5681 aliisque
1398 5609 1874 5681 deduciturasive

296 5682 477 5736 etiam
511 5681 614 5734 alia
645 5688 701 5735 et
733 5681 839 5735 alia
863 5681 946 5736 vis
997 5681 1053 5735 in
1088 5679 1284 5737 eodem
1326 5682 1498 5736 verbo
1552 5679 1874 5735 considera-

302 5750 549 5829 ttir._dq.
575 5751 754 5829 di§ivsi
786 5751 1046 5829 bpﬁpo‘ug,
1082 5753 1312 5829 parturit
1335 5753 1569 5829 imbres,
1607 5751 1876 5829 idemque

304 5821 380 5876 Β.
407 5820 587 5875 Clum.
617 5819 834 5891 Symmﬁ
864 5819 1092 5885 διαλύει,
1135 5820 1386 5886 dissolvit,
1427 5821 1572 5891 quod
1607 5820 1750 5875 idem
1792 5826 1873 5874 est

1976 4888 2120 4958 quod
2150 4883 2331 4956 aquilo
2365 4896 2562 4940 ventus
2591 4883 2772 4941 siccus
2795 4887 2886 4947 sit,
2918 4903 3027 4939 non
3051 4883 3333 4958 pluviosas
3356 4900 3370 4936 :
3397 4885 3542 4958 quod

1972 4987 2028 5031 et
2053 4977 2240 5044 liquet.
2275 4975 2477 5028 Eadem
2510 4984 2594 5028 est
2631 4991 2731 5026 vox
2776 4975 2911 5044 psal.
2945 4974 3172 5044 ΗΑΛ),
3201 4957 3360 5044 1115’s
3396 4957 3543 5032 Βίπιν

1974 5049 2065 5101 ubi
2112 5043 2304 5114 Aquila
2359 5047 2551 5100 eodem
2585 5045 2778 5106 modo,
2815 5043 3113 5103 ὡδίνοντος,
3149 5043 3545 5114 Ῑίιείριιιὶδγρίινέ

1973 5118 2136 5171 (urire
2163 5113 2359 5177 cervos,
2376 5119 2425 5168 οἱ
2448 5114 2608 5177 LXX,
2634 5114 3049 5181 καταρτίζοντος
3079 5113 3450 5180 prozprirontis,
3476 5113 3542 5164 ad

1972 5196 2206 5257 partum
2239 5186 2479 5257 scilicet;
2509 5183 2654 5254 quod
2682 5183 2742 5235 lit
2771 5181 3314 5257 terrendopavidum
3342 5182 3540 5257 animal

1975 5251 2029 5311 et
2057 5254 2213 5325 quasi
2251 5251 2543 5326 fugandof
2567 5263 2643 5316 et,
2692 5261 2754 5306 ut
2803 5251 2974 5326 iidem
3003 5253 3111 5326 hic,
3159 5253 3539 5326 epuscitando.

1985 5322 2220 5381 Aenum
2243 5322 2736 5379 sic‘intellexerunt
2764 5322 3086 5376 exsuscitari
3118 5322 3315 5379 nubes,
3349 5337 3455 5373 non
3482 5331 3540 5373 ιιι

1985 5398 2223 5467 pluviam
2247 5395 2496 5458 aderant,
2518 5409 2692 5467 eaque
2718 5409 2906 5467 graves
2934 5393 3254 5467 densentur,
3277 5391 3419 5467 quod
3442 5407 3543 5443 au-

1981 5462 2081 5521 ἐιτὶ
2117 5466 2299 5536 potius
2337 5474 2442 5525 est,
2467 5464 2562 5518 sed
2587 5474 2647 5515 ut
2674 5462 2739 5516 eo
2768 5463 3009 5536 ditllante
3050 5462 3203 5536 quasi
3231 5462 3462 5528 fugitent
3488 5470 3542 5536 et

1983 5530 2280 5593 tenuentur
2337 5551 2398 5589 HC
2447 5535 2778 5587 vanescant?
2829 5533 3019 5587 eadem
3057 5531 3169 5586 fere
3201 5546 3385 5587 causa.
3443 5530 3538 5583 sed

1981 5609 2262 5662 contrario
2273 5608 2499 5660 eilcctu.
2523 5605 2805 5658 Sententia
2827 5604 2938 5671 ipsa
2959 5601 3232 5672 proverbii
3254 5599 3305 5672 id
3322 5598 3541 5672 exigere

1982 5678 2222 5740 videtur,
2258 5686 2315 5729 ιιι
2349 5675 2690 5730 contrarium
2733 5669 2972 5741 prieStet
3011 5673 3193 5726 vultus
3254 5669 3542 5741 impudens

1982 5763 2045 5802 ac
2076 5754 2274 5801 ventus
2295 5747 2513 5815 aquilo:
2549 5745 2639 5799 illc
2684 5740 2848 5797 verba
2897 5751 3176 5813 provocet,
3231 5740 3316 5792 liie
3370 5745 3544 5792 nubes

1981 5818 2206 5886 dissipet
2237 5834 2299 5872 ac
2328 5818 2472 5886 fuget
