4246 6438
278 363 381 425 917

1545 363 1714 424 LOCI
1751 363 2070 427 COMMUN
2077 369 2186 429 ES.

3414 375 3519 442 918

343 465 524 539 2:19:21
548 477 652 525 κε’.
695 502 764 514 ——
800 469 887 534 Ὠς
941 471 1143 542 ὡραῖον
1202 471 1416 536 πολιαῖς
1467 472 1689 544 κρίσις,
1747 473 1918 536 καὶΑ
2017 519 2020 528 .

1868 478 1918 536 Α
2017 477 2181 530 Eccli.
2216 493 2365 543 χχιιι,
2395 479 2460 544 6;
2510 493 2604 542 vn,
2647 481 2966 546 4.—Quam
3010 482 3318 551 speciosum
3368 486 3520 539 canis

269 562 670 633 πρεσϐυτέροις
699 559 998 630 ἐπιγνῶναι
1027 561 1244 632 βουλήν.

352 652 440 716 Ὠς
485 651 666 722 ὡραία
712 651 986 721 γερόντων
1040 652 1237 721 σοφία,
1299 655 1395 705 καὶ
1439 653 1844 723 δεδοξασμένοις

267 742 609 812 διανοήματα
627 743 672 774 ⁸⁸
698 742 894 812 βουλῆς
918 743 931 795 l

359 833 658 904 Ἐμίσησεν
689 835 722 904 ή
747 834 895 904 ψυχή
927 851 1028 904 μου
1054 833 1284 906 γέροντα
1311 835 1498 907 μοιχὸν
1523 875 1538 901 ,
1593 836 1846 891 ἐλαττού-

273 941 440 993 μενον
475 923 710 978 συνέσει.

343 1018 562 1072 Βασιλ.
608 1045 680 1056 -
725 1016 895 1070 Πλέον
942 1017 1021 1089 τῷ
1063 1017 1179 1072 ὄντι
1209 1020 1311 1089 τῆς
1339 1018 1454 1072 tv"
1485 1019 1630 1091 θριξὶ
1657 1020 1846 1073 λευκό-

267 1120 437 1176 τητος
485 1107 568 1168 είς
611 1105 990 1178 πρεσϐυτέρου
1039 1107 1340 1175 σύστασιν,
1392 1111 1452 1163 τὸ
1499 1111 1556 1163 ὲν
1588 1111 1848 1181 φρονήσει

269 1198 728 1270 πρεσϐυτερικόν.
825 1259 828 1262 ,

343 1291 601 1361 Διαφέρει
633 1292 726 1346 τοῦ
756 1293 951 1364 νηπίου
983 1291 1108 1347 καθ’
1132 1293 1351 1364 ἠλικίαν
1379 1294 1554 1357 οὐδὲν,
1588 1295 1616 1346 ὁ
1646 1295 1705 1347 ἐν
1726 1297 1850 1358 ταῖς

270 1383 441 1452 φρεσὶ
470 1384 771 1453 νηπιάζων.

345 1473 664 1543 Θεολόῃου.
690 1505 760 1515 -
783 1475 1020 1546 Αἰσχρὸν
1051 1475 1150 1547 τὴν
1183 1476 1281 1547 μὲν
1308 1476 1528 1547 ἠλικίαν
1557 1476 1845 1548 παρακμά-

271 1579 386 1625 σαι,
425 1563 501 1634 μὴ
526 1566 894 1636 παρακμάσαι
920 1567 976 1619 δὲ
1006 1566 1108 1638 τὴν
1138 1568 1428 1635 ἀσέλγειαν
1443 1571 1508 1622 ⁸⁸.

343 1655 663 1710 Παιδεύεταί
689 1673 740 1710 τι
776 1658 872 1712 καὶ
903 1657 1095 1722 πολιὰ,
1141 1659 1235 1712 καὶ
1263 1660 1325 1713 ού
1353 1660 1526 1730 πάντη
1557 1660 1618 1713 τὸ
1645 1660 1840 1730 γῆρας,

270 1745 350 1810 ὡς
380 1745 580 1814 ἔοικεν,
612 1749 690 1812 είς
717 1747 936 1802 σύνεσιν
963 1749 1290 1814 ἀξιόπιστον.

341 1923 644 1989 Χρυσοστ.
667 1953 739 1963 -
764 1923 934 1976 Πολιὰ
960 1923 1021 1978 ού
1047 1923 1232 1995 τρίχες
1256 1925 1469 1988 λευκαὶ,
1509 1927 1647 1981 ἀλλὰ
1669 1927 1845 1997 ψυχῆς

268 2011 490 2080 ἀρεταί.

344 2099 438 2172 Μὴ
490 2101 582 2156 τδν
631 2103 750 2156 νέον
796 2103 1052 2159 διάϐαλλε
1078 2121 1092 2136 °
1149 2107 1286 2178 μηδὲ
1352 2109 1443 2161 τὸν
1499 2111 1846 2180 γεγηρακότα

268 2189 485 2244 ιπαίνει
507 2207 524 2224 ·
579 2191 704 2246 οὔτε
732 2192 842 2266 γὰρ
875 2195 934 2248 ἑν
954 2198 1020 2266 τῇ
1045 2197 1283 2269 διαφορᾷ
1307 2199 1404 2268 τῆς
1427 2198 1645 2268 ήλικὶας
1679 2201 1845 2271 ἀρετὴ

270 2282 371 2335 καὶ
400 2282 592 2350 κακία,
626 2283 743 2338 ἀλλ’
765 2285 824 2338 ἐν
850 2288 916 2357 τῇ
944 2286 1173 2359 διαφορᾷ
1205 2288 1305 2358 τῆς
1330 2289 1576 2360 γνώμης.

342 2465 532 2534 Γρηγ.
555 2467 822 2522 Νύσσ.-
868 2469 992 2522 Ἐπὶ
1019 2473 1220 2534 παντὸς
1262 2470 1338 2534 ὼς
1374 2471 1468 2524 ἐπὶ
1496 2472 1631 2526 πολὺ
1668 2475 1846 2542 πρᾶγ-

277 2571 480 2624 ματος,
514 2555 820 2627 ἐπισφαλὴς
849 2559 1153 2630 σύμϐουλος
1182 2563 1216 2632 ή
1244 2563 1433 2633 νεότης
1453 2580 1467 2595 ·
1527 2564 1620 2617 καὶ
1656 2566 1754 2618 οὐκ
1781 2566 1846 2620 άν

271 2663 360 2710 τις
411 2647 611 2719 ῥᾳδίως
661 2649 994 2721 κατώρθωσέ
1014 2670 1067 2706 τι
1101 2652 1207 2706 τῶν
1258 2654 1497 2724 σπουδῆς
1546 2655 1750 2721 ἀξίων,
1801 2648 1846 2725 ᾧ

274 2736 462 2809 μήκαὶ
476 2739 634 2794 πολιὰ
657 2743 1091 2815 συμπαρελήφθη
1112 2745 1247 2817 πρὸς
1269 2747 1554 2802 κοινωνίαν
1574 2747 1667 2802 τοῦ
1685 2749 1848 2820 σκέμ-

273 2847 470 2898 ματος.

344 2923 648 2978 Φίλων.-
680 2925 738 2978 Ὀ
764 2925 993 2999 ἀληθείᾳ
1022 2928 1390 3000 πρεσϐύτερος
1408 2969 1423 2994 ,
1466 2924 1652 2984 ούκ“ὲν
1678 2932 1844 3002 μήκει

272 3015 491 3086 χρόνου,
527 3015 934 3089 ἁλλ’ὲπαινετῷ
964 3019 1058 3073 καὶ
1085 3019 1276 3089 τελείῳ
1307 3019 1407 3091 βίῳ
1436 3019 1741 3090 θεωρεῖται.

337 3189 656 3260 Εὑαγριου.
679 3219 751 3234 —
770 3191 844 3246 Τδ
866 3191 1082 3266 ἔντιμον
1111 3195 1168 3248 ἐν
1193 3195 1340 3268 γήρᾳ
1364 3192 1504 3250 εἶναι
1525 3241 1540 3262 ,
1575 3195 1848 3262 ἀπόδειξις

272 3281 370 3334 τοῦ
401 3282 688 3352 φιλόπονον
715 3285 821 3356 πρὸ
841 3287 1028 3357 γήρως
1053 3289 1356 3356 γεγονέναιο
1390 3288 1454 3342 τὸ
1475 3289 1533 3342 δὲ
1561 3289 1849 3343 σπουδαῖον

274 3374 336 3427 ὲν
368 3377 493 3448 νέῳ,
528 3375 791 3449 ἐχέγγυον
824 3378 920 3432 τοῦ
945 3379 1164 3450 ἔντιμον
1191 3383 1250 3434 ἐν
1272 3382 1420 3452 γήρᾳ
1445 3381 1684 3436 ἔσεσθαι.

359 3559 540 3616 ’Δνθεῖ
572 3561 708 3634 πρὸς
737 3562 1052 3632 ἐπιστήμην
1080 3561 1260 3632 ψυχὴ,
1312 3564 1475 3616 ὁπότε
1515 3563 1572 3615 αἱ
1611 3561 1704 3615 τοῦ
1743 3561 1850 3614 σώ-

277 3673 451 3728 ματος
482 3656 660 3726 άκμαὶ
689 3656 880 3726 χρόνου
913 3655 1079 3725 μήκει
1111 3655 1482 3726 περαίνονται.

340 3747 583 3802 Νείλου.
628 3775 696 3787 -
741 3744 876 3816 Θρὶξ
907 3744 1276 3815 λελευκαμένη
1297 3785 1312 3810 ,
1345 3744 1446 3815 τὴν
1475 3741 1722 3797 ἐντεῦθεν
1753 3741 1850 3811 τῆς

271 3839 458 3911 ψυχῆς
487 3837 802 3909 ἀποδημίαν
834 3838 930 3910 βοᾷ
961 3838 1061 3892 καὶ
1086 3839 1537 3911 διαμαρτύρεται.

349 3929 834 3999 Πλουτάρχ.σ-⁹Ο
860 3928 960 4000 μὲν
985 3927 1216 4000 χειμὼν,
1241 3929 1470 4001 σκέπης·
1497 3930 1557 3984 τὸ
1575 3929 1632 3986 δὲ
1652 3931 1849 4004 γῆρας,

273 4020 517 4084 ἀλυπίας
549 4020 740 4076 δεῖται.

351 4191 667 4263 Πλουτάρχ
682 4191 964 4250 ⁸’.-Ἦδύ
997 4193 1145 4246 ἔστιν
1173 4190 1363 4264 ὥσπερ
1393 4192 1534 4265 φίλῳ
1555 4193 1848 4266 σπουδαίῳ,

273 4286 420 4344 οὓτω
449 4285 544 4341 καὶ
571 4285 716 4354 λόγῳ
745 4282 898 4354 καλῷ
927 4283 1354 4358 συγγηράσκειν.

1945 566 2240 636 judicium,
2268 577 2323 622 et
2354 569 2692 638 presbyteris
2727 571 2868 624 scire
2899 572 3225 626 consilium!

2019 654 2189 719 Quam
2217 656 2463 724 speciosa
2489 672 2682 711 senum
2712 658 2998 726 sapientia,
3029 669 3084 714 et
3113 661 3366 730 gloriosis
3394 677 3523 717 cou-

1947 745 2056 799 silii
2086 747 2444 815 intelligentia
2467 749 2478 799 l

2019 835 2148 891 Odit
2177 838 2357 892 anima
2392 853 2512 891 mea
2547 854 2732 894 senem
2763 839 3098 902 adulterum,
3129 849 3186 894 et
3214 828 3307 910 qui
3357 857 3520 898 sensu

1948 925 2252 982 deficiatur.

2018 1018 2226 1072 Basilii.
2251 1049 2318 1058 —
2341 1021 2468 1073 Plus
2516 1035 2705 1074 revera
2749 1021 2817 1073 ad
2863 1021 3171 1092 presbyteri
3206 1022 3281 1092 (id
3322 1032 3406 1076 est
3439 1037 3523 1077 se-

1950 1109 2145 1176 nioris)
2182 1109 2713 1164 commendationem
2765 1108 2916 1173 facit,
2946 1111 3137 1165 senilis
3206 1111 3520 1190 prudentia,

1949 1215 2112 1270 quam
2145 1200 2393 1254 canities.

2017 1290 2166 1344 Nihil
2204 1289 2393 1342 dill‘ert
2435 1291 2504 1343 ab
2552 1308 2619 1345 eo
2657 1290 2750 1360 qui
2795 1291 2956 1345 annis
2997 1307 3166 1359 puer,
3212 1293 3306 1360 qui
3354 1290 3524 1348 animi

1948 1397 2110 1436 sensu
2149 1382 2445 1445 pueraseit.

2021 1471 2574 1540 TIwologi.—Turpe
2625 1479 2709 1524 est
2758 1472 2958 1539 pubem
3010 1470 3368 1535 defloruissc,
3421 1486 3522 1526 nec

1947 1563 2232 1616 libidinem
2267 1563 2625 1617 defcrhuisse.

2017 1654 2192 1708 Etiam
2220 1655 2449 1708 canities
2480 1655 2687 1723 aliquid
2733 1655 2916 1719 discit,
2950 1670 3052 1710 nec
3096 1657 3322 1710 omnino
3364 1671 3523 1712 sene-

1947 1758 2096 1810 ctus,
2149 1747 2227 1800 uti
2271 1763 2370 1815 par
2411 1757 2516 1809 est,
2561 1763 2779 1801 omnem
2840 1756 3001 1802 nacta
3061 1749 3384 1817 sapientiam
3421 1764 3524 1818 pu-

1877 1809 1920 1868 Β
1951 1839 2114 1893 tanda
2148 1849 2250 1892 est.

2018 1924 2286 1995 Chrysosl.
2309 1957 2375 1965 —-
2396 1925 2554 1988 Cani,
2590 1941 2697 1980 non
2722 1927 3026 1981 albicantes
3054 1927 3256 1996 capilli,
3293 1927 3387 1982 sed
3418 1927 3530 1980 vir-

1951 2027 2096 2070 tutes
2119 2018 2307 2070 animi.

2018 2106 2095 2160 Nc
2126 2107 2316 2175 juveni
2363 2108 2643 2170 detrahas,
2679 2123 2815 2162 neve
2850 2124 2976 2163 eum
3007 2108 3201 2163 laudes
3238 2109 3332 2177 qui
3364 2109 3528 2178 longo

1949 2205 2242 2264 provectus
2276 2197 2432 2250 senio
2461 2197 2530 2250 sit
2560 2214 2572 2248 :
2603 2210 2711 2248 non
2745 2196 2894 2249 enim
2923 2197 2976 2250 in
3009 2196 3187 2251 :etatis
3211 2196 3527 2250 discrimine

1949 2288 2124 2356 posita
2164 2288 2325 2358 635
2371 2288 2548 2342 virtus
2597 2296 2681 2341 est
2736 2303 2798 2341 ac
2845 2288 3076 2351 malitia,
3123 2287 3216 2342 sed
3265 2290 3318 2342 in
3358 2287 3528 2343 animi

1948 2379 2049 2432 alia
2091 2380 2305 2447 aliaque
2345 2380 2638 2433 sententia.

2019 2473 2172 2540 Crcg.
2203 2471 2360 2541 Nysa.
2384 2501 2452 2510 —-
2474 2471 2531 2524 ln
2555 2473 2710 2526 omni
2738 2472 2850 2526 fere
2874 2472 3094 2542 negotio
3111 2472 3375 2542 juvenum
3398 2485 3530 2525 con-

1946 2566 2067 2620 silia
2100 2580 2289 2634 parum
2334 2574 2446 2618 tuta
2481 2572 2630 2629 sunt,
2676 2581 2948 2634 nemoque
2983 2565 3106 2635 ejus
3145 2564 3326 2619 aetatis
3368 2563 3527 2618 facile

1947 2658 2172 2728 dignum
2225 2657 2429 2726 aliquid
2483 2658 2832 2712 aemulatione
2891 2657 3241 2727 praestiterit,
3294 2671 3361 2712 ac
3416 2657 3527 2711 nisi

1947 2747 2076 2818 caui.
2105 2748 2309 2801 auxilio
2343 2746 2572 2800 fuerint.

2023 2925 2486 2991 Pliilonis.—Qui
2538 2925 2768 2980 veritate
2815 2926 3003 2981 senior
3045 2934 3150 2988 est,
3195 2939 3306 2978 non
3353 2923 3528 2979 aetatis

1948 3016 2311 3086 longitudine,
2344 3015 2437 3069 sed
2467 3015 2725 3070 laudabili
2759 3032 2822 3071 ac
2847 3018 3089 3086 perfecta
3120 3018 3232 3072 vita
3270 3018 3523 3072 conside-

1951 3115 2121 3160 ratur.

2021 3201 2488 3270 Evagrii.—Quod
2521 3204 2829 3258 veneranda
2847 3205 2972 3273 quis
3003 3213 3284 3261 senectute
3301 3206 3525 3276 fulgeat,

1951 3293 2154 3347 indicio
2177 3301 2262 3348 est
2287 3302 2416 3347 ante
2441 3304 2788 3350 senectutem
2824 3295 3050 3350 virtutis
3080 3295 3298 3352 labores
3336 3297 3528 3352 sedulo

1951 3383 2216 3447 coluisse;
2247 3384 2496 3438 studiose
2533 3393 2716 3438 autem
2742 3386 2890 3440 culta
2921 3386 3036 3440 vita
3061 3387 3300 3457 juvenis,
3332 3389 3529 3458 pignus

1949 3481 2034 3526 est
2063 3473 2363 3526 senectutis
2393 3473 2446 3525 in
2474 3480 2756 3542 posterum
2788 3474 3132 3529 venerationi
3167 3475 3456 3530 habendae.

2020 3564 2176 3618 Tunc
2216 3563 2378 3617 floret
2416 3564 2632 3617 animus
2669 3564 2735 3618 ad
2782 3565 3092 3630 scientiam,
3127 3579 3253 3619 cum
3279 3567 3528 3634 corporis

1953 3654 2106 3723 vigor
2139 3651 2484 3722 longazvitate
2519 3653 2827 3708 marcescit.

2016 3742 2147 3796 Nili.
2171 3740 2394 3796 ——Cani
2426 3741 2748 3805 albicantes,
2781 3743 2976 3797 animm
2997 3744 3108 3814 jam
3145 3744 3272 3798 inde
3295 3745 3529 3816 emigra-

1951 3836 2156 3890 tionem
2195 3835 2452 3895 clamant,
2484 3835 2713 3905 ejusque
2755 3835 3129 3890 testimonium
3161 3833 3314 3889 dant.

2019 3925 2310 3980 Plutarchi.
2337 3924 2608 3981 —lliems
2632 3926 2856 3996 quidem
2887 3934 2943 3982 et
2974 3927 3180 3997 pluvia,
3217 3937 3364 3984 tecto
3388 3927 3530 3982 indi-

1949 4025 2071 4090 get;
2099 4029 2355 4072 senectus
2400 4025 2605 4080 autem,
2632 4017 2799 4070 animi
2845 4018 3142 4076 serenitate
3181 4025 3237 4072 et
3268 4029 3327 4072 ut
3359 4035 3528 4073 vacua

1952 4109 2174 4165 tristitia
2198 4108 2289 4164 sit.

1988 4218 1998 4222 ·
2020 4200 2313 4255 Plutarchi.
2337 4230 2405 4240 -
2425 4198 2740 4256 Iucundum
2777 4197 2938 4270 plane
2963 4207 3025 4254 ut
3053 4214 3180 4255 cum
3209 4201 3389 4256 amico
3413 4218 3528 4256 mo-

1951 4308 2072 4347 rum
2105 4293 2391 4347 honestate
2421 4291 2741 4361 conspicuo,
2771 4291 2851 4346 sic
2877 4305 3002 4347 cum
3045 4291 3279 4348 honesta
3313 4293 3526 4350 ratione

1950 4384 2372 4454 eruditioneque
2409 4397 2826 4438 consenescere.

351 4455 764 4530 Παρεκελεύετο
789 4456 905 4519 τοῖς
927 4455 1072 4519 νέοις
1098 4454 1229 4526 τρία
1249 4453 1420 4508 ταῦτα
1441 4453 1610 4526 ἔχειν,
1632 4455 1728 4509 ἐπὶ
1749 4454 1850 4525 μὲν
1881 4464 1926 4520 Ι)
2021 4474 2028 4527 ;

1848 4475 1850 4492 ’
1881 4464 1926 4520 Ι)
2021 4472 2260 4528 Iuvenes
2285 4453 2612 4527 hortabatur
2637 4471 2742 4526 tria
2775 4471 2894 4528 hac
2935 4471 3141 4528 habere
3173 4489 3188 4526 :
3220 4473 3277 4528 in
3320 4473 3525 4536 animo,

275 4556 377 4626 τῆς
420 4552 684 4625 γνώμης.
734 4549 1126 4622 σωφροσύνην
1183 4549 1279 4602 ἐπὶ
1321 4549 1380 4602 δὲ
1423 4548 1527 4619 τῆς
1567 4549 1846 4620 γλώττης.

277 4647 462 4716 σιγήν·
496 4645 590 4697 ἐπ’).
613 4643 671 4696 δὲ
697 4641 794 4696 τοῦ
821 4639 1141 4711 προσώπου,
1177 4639 1329 4693 αίδὼ.

359 4739 463 4793 Ἐκ
489 4735 610 4791 τῶν
636 4735 1002 4808 Φαυωρινου.
1043 4763 1114 4776 -
1143 4733 1540 4805 Ἐρατοσθένης
1586 4737 1616 4789 ὁ
1657 4737 1848 4808 Κυρη-

275 4834 450 4898 ναῖος,
479 4829 578 4900 τῆς
605 4828 822 4901 ἡλικίας
851 4825 977 4897 ἔφη,
1007 4827 1070 4880 τὸ
1099 4826 1197 4898 μὲν
1228 4826 1500 4897 ἀκμάζον,
1533 4825 1634 4900 ἔαρ
1686 4823 1846 4882 εἶναι·

277 4922 439 4994 θέρος
462 4921 520 4975 δὲ
549 4923 645 4974 καὶ
671 4919 1008 4993 μετόπωρον.
1036 4918 1098 4972 τὸ
1121 4917 1260 4988 μετὰ
1285 4917 1385 4989 τὴν
1409 4918 1613 4991 ἀκμήν·
1648 4920 1851 4991 χειμῶ-

279 5035 346 5071 να
368 5016 446 5083 δὲ,
483 5015 545 5068 τὺ
570 5015 770 5086 γῆρας.

352 5131 647 5197 Σόλωνος.
671 5157 743 5170 -
787 5127 974 5200 Γῆρας
995 5167 1011 5192 ,
1065 5125 1251 5195 ιλεγεν
1278 5126 1450 5197 ὅρμον
1479 5121 1616 5181 εἶναι
1643 5125 1813 5182 κακόν

279 5227 360 5288 είς
387 5222 520 5277 αὐτὸ
539 5221 648 5292 γάρ
678 5220 858 5274 πάντα
881 5217 1242 5287 καταφεύγει.

350 5311 631 5383 Διογένης
645 5311 785 5366 ”.--
802 5310 1096 5382 Ἐρομένου
1121 5307 1267 5372 τινὸς
1295 5308 1480 5371 αὐτὸν,
1512 5308 1579 5362 Τί
1605 5307 1847 5378 νομίζεις

276 5408 340 5462 τὸ
369 5407 580 5477 γῆρας;
633 5405 990 5476 ἁπεκρίνατο,
1010 5403 1118 5458 Τοῦ
1141 5403 1239 5473 ζῇν
1264 5402 1530 5473 χειμῶνα.

348 5499 650 5567 Διογένης.
675 5527 744 5538 —
774 5495 920 5550 Ἰδὼν
947 5495 1005 5550 δὲ
1032 5492 1210 5566 γραῦν
1237 5491 1744 5563 καλλωπιζομένην,
1777 5489 1853 5544 εἷ-

1953 4561 2274 4618 modestiam
2306 4577 2370 4616 ac
2403 4563 2744 4629 castitatem;
2781 4563 2837 4616 in
2884 4563 3092 4634 lingua,
3117 4563 3402 4620 silentium
3428 4582 3444 4631 ;
3474 4566 3527 4618 in

1953 4652 2133 4716 vultu,
2162 4650 2576 4706 verecundiam.

2026 4742 2109 4796 Ex
2147 4742 2423 4811 phavorini
2469 4741 2879 4795 commentariis.
2901 4741 3387 4796 ~Eratosthenes
3423 4740 3527 4809 Cy-

1956 4845 2192 4891 renzeus.
2225 4830 2403 4884 aetatis
2441 4829 2651 4894 florem,
2678 4845 2774 4886 ver
2811 4845 2934 4886 esse
2973 4831 3227 4897 dicebat;
3270 4829 3419 4901 quod
3459 4829 3528 4882 ab

1955 4919 2053 4975 illo
2074 4927 2178 4983 est,
2200 4928 2440 4975 aestatem
2466 4927 2934 4990 autumnumque;
2960 4933 3023 4975 ac
3041 4920 3264 4975 demum
3288 4919 3524 4983 senium,

1951 5011 2207 5066 hiemem.

2019 5123 2246 5179 Solonis.
2273 5153 2340 5163 —
2361 5123 2556 5178 Aiebat
2582 5123 2769 5189 Solon,
2803 5132 3147 5178 senectutem
3176 5124 3381 5177 malum
3405 5136 3527 5178 esse

1947 5225 2199 5283 portum;
2226 5212 2429 5282 quippe
2466 5213 2534 5266 ad
2567 5228 2731 5282 quam
2763 5213 2947 5269 omnia
2971 5213 3312 5283 confugiant.

2025 5305 2694 5376 Diogenes.——Quzereute
2726 5304 2986 5374 quodam,
3012 5303 3283 5368 Quidnam
3321 5303 3398 5356 illi
3436 5317 3526 5356 se-

1958 5406 2152 5452 nectus
2182 5397 2462 5451 videretur
2491 5398 2646 5450 esse?
2675 5395 2956 5466 respondit
2981 5412 2996 5448 :
3029 5393 3164 5450 Vita:
3197 5395 3454 5449 hiemem.

2035 5491 2303 5560 Diogenes.
2328 5521 2391 5528 ——
2419 5489 2703 5559 Diogenes,
2753 5498 3041 5558 conspecta
3076 5505 3183 5542 anu
3247 5485 3526 5556 superﬂuo

1539 5628 1773 5685 VARIAE
1806 5627 2214 5684 LECTIONES.

348 5747 394 5780 “
431 5747 490 5804 Β.
511 5745 792 5818 διανόημα.
862 5748 905 5779 ⁸⁷
946 5746 1059 5802 Bal.
1093 5745 1202 5801 ἐπί.
1272 5748 1316 5778 ⁸⁸
1340 5747 1450 5801 Bal.
1479 5743 1748 5800 ἀσέϐειαν.
1832 5743 1874 5774 ⁸⁹
1904 5742 2040 5795 (21.1.
2077 5743 2320 5812 Σωγρὲιτ.

2397 5741 2438 5770 ’⁸
2480 5740 2560 5794 ΑΙ.
2597 5739 2789 5793 Σόλων.
