4246 6438
295 310 400 377 921

288 445 438 490 οικος
468 467 484 491 ,

288 521 637 590 πραγμάτων
695 522 970 593 διάκρισιν
1038 524 1396 590 ἀδιαλείπτως
1466 531 1810 599 παρεχομένη
1843 548 1857 562 ο

286 612 415 681 ἥτις
448 611 734 684 πόρρωθεν
786 613 883 683 τὴν
905 618 1005 684 τῆς
1036 616 1211 686 ψυχῆς
1244 635 1337 671 σου
1372 620 1696 673 ἐπιστασίαν
1726 638 1859 686 προ-

290 701 641 771 κατασχοῦσα
667 745 683 769 ,
740 705 835 756 καὶ
880 704 981 769 τὰς
1023 706 1246 777 ἀληθεῖς
1286 710 1415 775 περὶ
1445 710 1676 763 ἑκάστου
1706 709 1861 774 δόξας

288 794 794 864 προευτρεπίζουσα
818 836 833 860 ,
893 798 986 850 ὑπ’
1009 799 1218 862 οὐδενὸς
1269 801 1418 855 ἐάσει
1456 818 1515 853 σε
1553 802 1662 854 τῶν
1694 819 1860 872 προσ-

287 884 601 938 πιπτόντων
664 884 1024 958 ἀλλοιωθῆναι
1048 905 1062 920 ⁶
1131 889 1267 943 ἀλλά
1330 894 1861 963 προευτρεπισμένον

284 977 354 1043 τῇ
382 974 622 1046 διανοίᾳ,
654 975 845 1048 ῶσπερ
875 980 997 1034 τινὰ
1024 979 1285 1035 σκόπελον
1314 981 1590 1053 θαλάσσης
1617 985 1856 1050 γείτονα,

284 1064 551 1134 ἀσφαλῶς
608 1068 704 1121 καὶ
754 1070 1021 1134 ἀσείστως
1066 1072 1177 1125 τῶν
1209 1089 1270 1125 τε
1314 1072 1506 1143 βιαίων
1535 1076 1862 1145 πνευμάτων

289 1154 387 1208 καὶ
416 1155 529 1209 τῶν
559 1158 947 1227 κυμάτωνπὰς
972 1162 1277 1232 προσϐολάς
1304 1163 1617 1232 ὑπομένειν.

362 1249 534 1302 880.1.
557 1278 628 1291 —
654 1251 872 1306 Βέλτιον
903 1254 998 1307 τοῦ
1026 1256 1227 1325 τάχους
1259 1258 1292 1326 ή
1321 1257 1674 1328 μακροθυμία
1698 1300 1713 1324 ,
1766 1262 1861 1312 καὶ

286 1338 391 1408 τῆς
414 1338 703 1406 αὐθαδείας
734 1345 767 1414 ἠ
802 1346 1232 1412 συγκατάϐασις.

371 1512 600 1580 Ἀγαθὸν
614 1518 941 1589 χρηστότητι
960 1522 1118 1591 νικᾷν
1142 1520 1478 1591 θρασύτητα,
1502 1526 1595 1578 καὶ
1617 1526 1861 1596 βελτίους

287 1607 469 1657 ποιεῖν
530 1607 657 1670 τοὺς
702 1609 1058 1674 ἀδικοῦντας,
1129 1609 1212 1678 οἷς
1285 1615 1665 1686 καρτεροῦμεν
1752 1618 1858 1670 πά-

290 1708 529 1762 σχοντες.

1566 323 1733 386 LOCI
1771 322 2204 385 COMMUNES.

540 426 651 482 οἷόν
702 447 753 484 τι
803 431 918 509 φῶς
974 433 1067 487 καὶ
1120 433 1370 502 διαύγεια
1421 437 1556 507 πρὸς
1606 439 1705 509 τὴν
1758 439 1937 494 τῶνΑ
1968 454 2065 493 ceu
2098 440 2186 493 lux

1853 457 1867 491 ι
1894 442 1937 494 Α
1968 454 2065 493 ceu
2098 440 2186 493 lux
2218 436 2461 506 quzedam
2493 450 2558 489 ac
2585 434 2855 491 irradiaus
2896 434 3097 504 fulgor,
3127 433 3193 487 ad
3231 447 3412 487 rerum
3440 436 3530 504 ju-

3425 321 3532 388 θῇ

1964 531 2167 583 (licium
2205 546 2271 586 ac
2319 528 2710 584 discretionem
2750 526 2952 596 jugiter
3006 534 3335 594 suppetens;
3385 525 3529 593 quod

1961 624 2096 676 olim
2133 633 2349 676 nactum
2380 632 2437 675 ut
2465 622 2649 676 animo
2693 629 2788 675 tuo
2816 619 3125 689 praesideat,
3154 632 3420 687 verasque
3455 618 3530 670 rei

1960 717 2228 784 cujusque
2259 713 2549 781 opiniones
2580 721 2846 783 occupato
2889 712 3146 775 instruat,
3176 710 3234 765 in
3281 708 3449 763 nullis
3480 717 3532 763 te

1960 808 2182 860 casibus
2212 822 2239 857 a
2273 805 2577 857 constantia
2601 802 2868 858 dimoveri
2894 802 3071 866 sinat;
3103 802 3199 856 sed
3233 809 3415 856 mente
3446 800 3529 853 in»

1960 902 2230 947 structum
2253 904 2416 961 atque
2440 899 2709 960 paratum,
2736 891 2886 945 velut
2920 890 3208 959 scopulum
3238 889 3530 959 quamdam

1960 985 2097 1038 mari
2158 984 2593 1052 prominentem,
2647 996 2841 1034 secure
2895 983 3228 1049 immotaque
3280 980 3534 1035 lirmitalc

1960 1075 2231 1130 violentos
2271 1085 2564 1128 ventorum
2596 1074 2758 1127 ﬂatus
2800 1086 2863 1126 ac
2924 1088 3045 1127 sese
3094 1072 3385 1127 allidcules
3435 1072 3534 1125 llu-

1959 1174 2106 1226 ctus.
2131 1167 2402 1220 sustinere
2434 1166 2619 1220 faciat.

2032 1257 2290 1326 Theologi.
2311 1288 2381 1297 -—
2403 1257 2594 1312 Melior
2621 1266 2708 1313 est
2730 1256 2928 1313 lenitas
2956 1256 3256 1318 celeritate,
3282 1266 3338 1309 et
3363 1252 3534 1309 comi—

1962 1356 2044 1401 tas
2066 1347 2348 1415 animique
2373 1347 2706 1418 indulgentis
2723 1346 3177 1410 accommodatio,
3192 1345 3351 1415 637
3369 1358 3531 1414 quam

1959 1439 2289 1508 pervicacia.

2030 1528 2261 1580 Praestat
2290 1525 2579 1581 audaciam
2604 1526 3030 1581 mansuetudine
3078 1524 3326 1588 vincere,
3362 1533 3529 1593 atque

1960 1618 2026 1671 ad
2059 1619 2345 1673 meliorem
2377 1618 2593 1688 frugem
2648 1618 2866 1688 injuriae
2916 1628 3192 1682 auctores,
3241 1632 3351 1685 qua
3382 1616 3533 1670 tale-

1963 1712 2140 1764 rantia
2166 1712 2309 1765 mala
2340 1710 2605 1780 patimur,
2633 1710 2932 1765 adducere.

372 1784 652 1853 Ἀλγοῦσιν
678 1789 774 1841 καὶ
814 1792 864 1842 οἱ
908 1790 988 1861 τῷ
1034 1794 1224 1865 κόσμῳ
1276 1797 1707 1867 προστετηκότες
1741 1799 1857 1867 (m),
1892 1770 1934 1823 Β
2037 1802 2049 1854 Ι

1854 1839 1857 1856 .
1892 1770 1934 1823 Β
2037 1802 2229 1855 Dolent
2252 1812 2309 1856 et
2338 1770 2431 1869 qui
2459 1770 2666 1854 mundo
2695 1800 2903 1855 addicti
2929 1809 3081 1863 sunt,
3119 1814 3184 1853 ac
3218 1798 3393 1852 multo
3418 1812 3531 1850 ma-

285 1874 384 1927 καὶ
415 1875 596 1948 πολλῷ
623 1879 785 1934 πλέον
816 1881 897 1951 τῷ
926 1883 1047 1954 Θεῷ
1078 1885 1465 1941 δουλευόντωνο
1501 1889 1635 1942 ἀλλά
1670 1890 1861 1959 μισθὸς

285 1965 475 2029 αὐτοῖς
499 1968 560 2021 τὸ
578 1969 764 2037 ἀλγεῖν
791 1987 804 2001 ·
844 1974 980 2042 ἡμῖν
1009 1975 1066 2028 δὲ
1112 1976 1209 2030 καὶ
1236 1977 1298 2031 τδ
1320 1981 1551 2050 πάσχειν
1569 1980 1860 2050 ἔμμισθον,

282 2057 414 2109 ὅταν
446 2058 534 2113 διά
562 2060 653 2115 τὸν
685 2062 818 2116 Θεὸν
853 2068 1232 2138 καρτερῶμεν.

353 2236 448 2307 Μὴ
496 2237 782 2309 γενώμεθα
826 2241 1004 2298 δοῦλοι
1033 2250 1212 2313 κακοὶ,
1240 2249 1568 2319 ἀγαθύνοντι
1626 2257 1726 2325 μὲν
1769 2259 1848 2325 ἐξ·

280 2328 711 2421 ομολογούμενοι
739 2334 819 2404 τῷ
866 2337 1113 2410 Δεσπότῃ
1141 2354 1155 2370 ⁸
1198 2342 1579 2415 παιδευόμενοι
1633 2348 1690 2401 δὲ
1712 2389 1728 2413 ,
1782 2349 1856 2421 μὴ

279 2420 701 2492 προστιθέμενοι
752 2440 765 2453 ·
838 2426 1019 2481 καίτοι
1106 2430 1236 2484 ποτέ
1320 2437 1575 2504 κρεῖσσον
1670 2420 1858 2507 ὑγείας

278 2511 467 2655 ζειίνος,
504 2514 600 2567 καὶ
626 2513 873 2588 ὑπομονὴ
923 2519 1183 2588 ἀνέσεως,
1228 2525 1325 2579 καὶ
1372 2525 1660 2600 ἐπίσκεψις
1719 2532 1856 2601 ἀμε-

366 2619 450 2655 ας.

366 2619 450 2666 ας.

348 2695 652 2763 Χρυσοστ.
674 2729 742 2741 -
754 2701 921 2757 οὐδὲν
943 2702 1117 2769 οὕτως
1136 2706 1446 2778 αἰδεσίμους
1460 2712 1624 2776 ποιεῖ,
1640 2711 1716 2777 ὡς
1730 2713 1853 2778 τοὺς

278 2784 677 2858 ὑϐριζομένους
710 2791 921 2863 φέρειν.

351 2963 621 3036 Καθάπερ
634 2969 750 3032 τοῖς
766 2971 1120 3039 μετανοοῦσιν
1149 2974 1183 3043 ἠ
1214 2973 1308 3028 τοῦ
1337 2973 1474 3030 Θεοῦ
1501 2980 1852 3052 μακροθυμία

1961 1893 2064 1964 gis,
2101 1909 2265 1962 quam
2292 1893 2387 1961 qui
2441 1892 2646 1946 divinis
2698 1892 2982 1961 obsequiis
3014 1889 3311 1958 mancipati
3360 1897 3525 1941 sunt:

1960 2002 2151 2042 verum
2185 1986 2297 2039 illis
2330 1986 2433 2040 hoc
2456 2000 2672 2039 merces
2698 1994 2806 2048 est,
2834 1993 2894 2037 ut
2916 1984 3173 2041 doleant:
3197 1981 3527 2042 nobisvero,

1959 2095 2061 2133 ucc
2088 2089 2146 2133 ut
2172 2078 2311 2131 mala
2342 2078 2588 2131 feramus
2617 2076 2873 2131 mercede
2905 2084 3083 2138 vacat,
3122 2072 3286 2127 modo
3306 2081 3529 2140 propter

1960 2170 2130 2223 Deum
2168 2168 2614 2222 toleraverimus.

2030 2262 2108 2314 Ne
2139 2260 2314 2315 simus
2357 2260 2503 2313 servi
2535 2259 2703 2322 mali,
2734 2258 2831 2326 qui
2873 2255 3246 2312 benelacienti
3296 2253 3528 2307 Domino

1957 2353 2160 2423 gratias
2192 2367 2451 2422 agamus;
2482 2353 2777 2421 castiganti
2807 2365 2959 2412 vero,
3008 2348 3255 2403 animum
3291 2362 3398 2399 non
3430 2347 3529 2400 ad~

1956 2444 2247 2499 liibcamus
2279 2461 2291 2496 :
2323 2442 2541 2497 tametsi
2599 2442 2932 2512 quandoque
2984 2439 3253 2509 :egritudo
3295 2438 3528 2491 sanitate

1958 2535 2173 2599 melior,
2204 2542 2537 2604 praestatque
2592 2533 2920 2587 remissione
2970 2529 3258 2600 patientia,
3310 2538 3367 2583 et
3395 2543 3525 2582 cura

1956 2639 2121 2693 quam
2148 2623 2440 2678 securitas.

2026 2713 2294 2785 Chrysost.
2317 2741 2390 2753 --
2438 2712 2587 2767 Nihil
2624 2720 2833 2767 tantam
2872 2711 3290 2765 venerationem
3338 2708 3524 2763 conci-

1956 2807 2075 2872 liat,
2112 2822 2178 2861 ac
2210 2803 2358 2875 quod
2416 2804 2654 2875 injurias
2714 2802 3029 2873 probraque
3070 2800 3347 2870 patienter
3398 2800 3527 2853 feri-

1958 2913 2501 3055 n“gllemadmodum
2549 2984 2950 3055 pmnitentibus
2999 2983 3095 3037 Dei
3126 2982 3323 3037 lenitas
3376 2981 3525 3036 utilis

279 3054 579 3154 ὠφέλιμος,
607 3056 892 3154 οῦτωΔτοῖς
908 3062 1209 3129 άνενδότοις
1240 3067 1338 3120 καὶ
1378 3068 1637 3139 σκληροῖς
1666 3074 1850 3143 μειζό-
1876 3098 1920 3154 C
1950 3103 1956 3129 ι

1847 3105 1850 3113 ν
1876 3098 1920 3154 C
1950 3054 2059 3142 est,
2095 3079 2175 3134 sic
2209 3088 2265 3134 et
2290 3054 2676 3149 pervicacibus
2700 3092 2766 3131 ac
2794 3076 2937 3130 duro
2962 3074 3129 3129 corde
3154 3075 3381 3145 majoris
3395 3088 3524 3142 sup-

277 3161 389 3200 νων
414 3145 626 3213 γίνεται
649 3149 926 3205 κολάσεων
953 3155 1246 3225 πρόφασις.

350 3236 522 3293 Ὅταν
548 3256 634 3302 τις
667 3242 952 3314 ἐπηρεάζῃ
975 3283 991 3308 ,
1053 3246 1130 3318 μὴ
1167 3248 1304 3318 πρὸς
1332 3250 1498 3303 αὑτὸν
1540 3252 1677 3324 ἴδῃς,
1712 3256 1849 3310 ἀλλά

274 3328 416 3399 πρὸς
432 3329 525 3383 τὸν
558 3333 809 3387 κινοῦντα
837 3335 1101 3407 δαίμονα·
1136 3340 1231 3394 καὶ
1264 3341 1371 3414 τὴν
1414 3344 1584 3416 ὀργὴν
1632 3345 1849 3403 ἅπασαν

274 3419 410 3472 κατ’
442 3420 654 3475 ἐκείνου
693 3424 929 3480 κένωσον
953 3445 967 3460 ·
1007 3429 1172 3484 αὐτὸν
1218 3432 1273 3487 δέ
1317 3434 1413 3488 καὶ
1439 3435 1581 3491 ἐλέει
1628 3438 1721 3492 τὸν
1758 3439 1850 3493 ὑπ’

275 3511 491 3565 ἐκείνου
524 3514 861 3584 κινούμενον.

345 3603 511 3657 Οὐδὲν
530 3606 638 3676 γάρ
659 3607 801 3693 οῦτω
823 3609 1109 3683 λαμπροὺς
1131 3616 1278 3667 ποιεῖ
1297 3615 1390 3669 καὶ
1411 3615 1687 3688 ζηλωτοὺς
1708 3661 1721 3684 ,
1757 3621 1850 3675 καὶ

274 3695 490 3763 μυρίων
517 3697 823 3769 ἐμπίπλησι
852 3703 1099 3771 ἀγαθῶν,
1131 3706 1207 3770 ὡς
1252 3710 1580 3780 πειρασμῶν
1622 3712 1846 3780 πλῆθος,

272 3786 371 3840 καὶ
403 3785 636 3843 κίνδυνοι
656 3789 751 3843 καὶ
781 3791 935 3844 πόνοι
957 3793 1053 3846 καὶ
1074 3794 1300 3865 ἀθυμίαι
1320 3812 1335 3827 ο
1378 3799 1473 3851 καὶ
1501 3799 1560 3853 τὸ
1585 3799 1849 3870 διηνεκῶς

271 3875 742 3945 ἐπιϐουλεύεσθαι,
784 3882 878 3936 καὶ
936 3885 1065 3954 παρ’
1093 3879 1169 3940 ὧν
1201 3886 1457 3958 οὐδαμῶς
1506 3892 1694 3961 ἐχρῆν,
1754 3895 1848 3946 καὶ

271 3968 454 4023 πάντα
481 3971 675 4042 πράως
704 3972 910 4041 φέρειν.

346 4144 526 4215 Ὅπερ
576 4145 687 4217 γάρ
723 4148 791 4201 ἂν
834 4148 1099 4220 πάθωμεν
1120 4152 1322 4219 ἀδίκως
1354 4156 1483 4226 παρ’
1536 4156 1775 4223 ὁτουοῦν,
1811 4160 1843 4231 ἢ

270 4238 356 4299 είς
406 4238 821 4309 ἁμαρτημάτων
853 4241 1101 4296 διάλυσιν
1133 4246 1161 4300 ὁ
1200 4245 1335 4310 Θεὸς
1389 4246 1522 4318 ἡμῖν
1569 4247 1847 4319 λογίζεται

270 4328 375 4399 τὴν
408 4329 626 4385 ἀδικίαν
659 4332 897 4401 ἐκείνην,
929 4335 963 4405 ἦ
1000 4338 1082 4399 είς
1112 4337 1310 4406 μισθοῦ
1341 4339 1630 4396 ἀντίδοσιν.

343 4423 587 4478 Νείλου.
618 4452 690 4464 -
718 4426 791 4478 Τὸ
832 4427 1139 4500 ὀλιγωρεῖν,
1183 4432 1277 4487 καὶ
1308 4432 1384 4504 μὴ
1419 4432 1597 4487 θέλειν
1631 4436 1840 4509 ὑπομέ-
1875 4425 1917 4481 ί)

270 4531 390 4657 :65”
454 4518 764 4587 συμφορὰς,
820 4521 1063 4594 μεγάλης
1093 4524 1189 4577 καὶ⁸
1233 4525 1488 4598 ποικίλης
1534 4530 1844 4602 ἀφροσύνης

327 4622 426 4657 ιον.
776 4628 783 4633 ο

269 4606 426 4658 ἴδιον.
776 4628 783 4633 ο

339 4696 685 4773 Γλύκωνος.
715 4730 786 4740 -
809 4702 1012 4768 Γνῶσις
1037 4704 1173 4759 Θεοῦ
1197 4707 1286 4761 διὰ
1318 4712 1705 4783 μακροθυμίας
1740 4718 1837 4773 καὶ

267 4789 579 4859 πραότητος
603 4793 683 4856 εἰς
707 4794 880 4872 ἀνδρα
906 4798 1255 4868 γνωρίζεται.

340 4884 525 4952 Γρηγ.
559 4885 831 4949 Νύσσρ-
868 4890 934 4941 Ἠ
960 4888 1057 4942 τοῦ
1086 4890 1447 4964 λοιδορεῖσθαι
1478 4897 1573 4951 καὶ
1596 4898 1841 4969 ὑϐρίζειν

264 4972 600 5036 ἀκολουθία,
638 4976 726 5029 διά
784 4980 1171 5051 μακροθυμίας
1224 4985 1438 5040 ἵσταται
1480 4990 1579 5058 τῆς
1626 4992 1721 5045 ἐπὶ
1771 4993 1840 5046 τὰ

266 5063 459 5131 πρόσω
512 5071 718 5136 φορᾶς·
758 5070 835 5133 ὡς
880 5071 932 5124 εἴ
960 5073 1024 5142 γέ
1061 5091 1146 5137 τις
1191 5075 1348 5147 ὕϐρει
1404 5079 1504 5152 τὴν
1548 5081 1708 5153 ὕϐριν
1743 5085 1837 5138 καὶ

264 5154 504 5228 λοιδορία
540 5158 638 5229 τὴν
667 5161 934 5234 λοιδορίαν
962 5165 1243 5236 ἀμύνοιτο,
1272 5169 1558 5228 πλεονάσει
1595 5176 1834 5241 πάντως,

262 5247 483 5317 τρέφων
506 5249 595 5305 διὰ
627 5253 736 5306 τῶν
758 5256 960 5324 ὁμοίων
980 5259 1042 5312 τὸ
1068 5258 1285 5315 ἄτοπον.

1953 3171 2100 3242 plicii
2132 3170 2351 3225 occasio
2376 3183 2653 3237 causaque
2678 3167 2933 3224 edicitur.

2018 3260 2155 3316 Cum
2175 3262 2304 3330 quis
2333 3262 2536 3332 injuria
2567 3260 2840 3315 damnove
2877 3259 3147 3320 aﬂ‘eccrit,
3182 3274 3252 3313 ne
3290 3256 3357 3311 ad
3390 3270 3523 3309 eum

1953 3353 2237 3422 respicias,
2262 3354 2358 3408 sed
2393 3353 2462 3406 ad
2503 3354 2806 3407 daemonem
2833 3367 2989 3406 noxa:
3021 3352 3521 3414 iucentorem,om-

1950 3458 2187 3512 nemque
2220 3446 2275 3499 in
2303 3460 2430 3498 eum
2454 3444 2593 3497 iram
2620 3443 2845 3500 effunde
2881 3458 2893 3495 :
2926 3442 3075 3496 illius
3115 3450 3300 3497 autem
3325 3440 3420 3510 qui
3442 3442 3524 3495 sic

1951 3546 2144 3605 agatur
2174 3550 2238 3589 ac
2268 3535 2606 3604 impellatur,
2640 3534 2808 3587 etiam
2848 3532 3135 3587 miserere.

2018 3630 2178 3685 Nulla
2207 3630 2454 3699 profecto
2498 3644 2588 3683 res
2615 3636 2723 3695 est,
2769 3642 2892 3697 qua
2935 3626 3016 3681 sic
3068 3624 3389 3695 splendidos
3434 3623 3520 3678 di-

1950 3740 2197 3795 gnosque
2217 3724 2573 3779 aemulatione
2597 3722 2819 3787 eﬂiciat,
2868 3730 2924 3777 et
2969 3722 3241 3775 sexcentis
3301 3722 3521 3774 domum

1950 3817 2113 3871 bonis
2145 3816 2462 3886 adimplcat,
2487 3830 2551 3870 ac
2586 3816 2953 3870 tentationum
2983 3814 3143 3867 turba
3173 3822 3229 3867 ct
3276 3812 3521 3881 pericula

1949 3909 2279 3977 laboresque
2317 3923 2381 3961 ac
2432 3908 2708 3971 tristitiae;
2747 3921 2963 3960 necnon
2999 3906 3352 3960 continenter
3384 3903 3521 3958 insi-

1949 4000 2055 4053 diis
2081 3998 2287 4067 appeli,
2316 3998 2558 4067 ipsorum
2584 4011 2804 4066 quoque
2841 4010 2981 4065 quos
3007 3994 3235 4047 minime
3263 3993 3519 4057 decebat,

1951 4090 2253 4143 titulilione.
2284 4099 2595 4157 cunctaque
2620 4088 2822 4141 leuiter
2856 4087 3025 4141 ferre.

2017 4179 2297 4248 Quidquid
2333 4180 2481 4232 enim
2528 4179 2731 4248 injuste
2776 4191 3158 4247 aquocunque
3210 4175 3517 4244 patiamur,

1948 4282 2041 4327 aut
2067 4272 2134 4324 ad
2164 4270 2427 4325 diluenda
2459 4279 2682 4339 peccata
2717 4269 2880 4323 nobis
2937 4268 3194 4338 injuriam
3242 4268 3388 4322 Deus
3419 4268 3520 4320 im-

1947 4372 2124 4436 putat,
2155 4370 2249 4416 aut
2274 4361 2343 4415 ad
2374 4360 2646 4414 mercedis
2674 4359 3201 4414 remunerationem.

2018 4451 2439 4507 Nat—Taedio
2478 4451 2787 4521 negligere,
2848 4464 2951 4503 nec
2987 4450 3128 4503 mala
3179 4448 3293 4517 pati
3353 4449 3493 4503 velle

1946 4559 2156 4615 magna:
2184 4542 2456 4610 variaeque
2483 4538 2767 4609 proprium
2817 4539 3144 4608 insipientia:
3165 4547 3270 4594 est.

2015 4721 2233 4791 Glycon.
2273 4749 2341 4758 ——
2376 4718 2472 4773 Dei
2523 4717 2756 4772 scientia
2819 4733 2916 4786 per
2946 4718 3229 4771 lenitatem
3256 4726 3314 4773 et
3364 4732 3517 4772 man-

1945 4811 2297 4870 suetudinem
2337 4810 2390 4863 iu
2426 4809 2606 4862 virum
2648 4809 3020 4879 cognoscitur.

2015 4905 2171 4972 Creg.
2199 4902 2354 4973 Nysa.
2376 4931 2444 4941 —
2463 4901 2854 4955 Conviciorum
2912 4901 3349 4973 injuriarumque
3381 4916 3513 4970 pro-

1942 5012 2165 5067 gressus
2188 4994 2416 5047 leuitate
2447 4993 2659 5048 ferendi
2692 4993 2929 5048 sistitur.
2954 4993 3087 5047 Nam
3123 4995 3166 5047 si
3203 4995 3328 5062 quis
3373 4994 3512 5063 inju-

1943 5086 2078 5140 riam
2108 5086 2333 5151 injuria,
2369 5085 2793 5153 eonviciumque
2819 5085 3069 5140 convicio
3096 5086 3284 5139 ulcisci
3320 5087 3482 5140 voiue

1942 5176 2035 5236 rit,
2068 5177 2173 5229 hoc
2201 5174 2322 5244 ipso
2358 5176 2522 5244 plane
2554 5176 2687 5230 vitia
2715 5177 2957 5248 augebit,
2982 5176 3113 5233 dum
3141 5178 3288 5247 quod
3312 5180 3507 5233 absur-

1942 5268 2072 5322 dum
2100 5277 2204 5331 est,
2230 5282 2299 5322 ex
2341 5267 2617 5322 similibus
2649 5268 2767 5323 alit.

1765 5401 1855 5458 ΝΟ
1862 5403 1970 5457 ΤίΕ
1980 5442 1994 5456 .

339 5478 440 5561 (ηιξ
463 5482 586 5561 "qu
616 5484 673 5536 οἱ
698 5483 780 5549 τῷ
797 5487 1529 5561 ριόσμῳᾼπροστετηκότες.
1551 5492 1653 5559 Qui
1687 5512 1839 5549 umn-

264 5548 333 5634 ιζο
367 5549 563 5634 adflicti
581 5562 724 5634 sunt“,
750 5548 1091 5634 eituie'a‘ﬂix'i
1122 5578 1136 5613 :
1171 5548 1590 5634 metaphora'al;
1609 5564 1697 5628 iis,
1718 5548 1839 5634 qua:

263 5618 564 5703 liquefacta
628 5623 748 5703 aliis
791 5618 1172 5703 aﬂ'unduntur,
1230 5618 1395 5703 atq'ue
1452 5633 1580 5687 hinc
1625 5618 1841 5689 ῆῐιιίίῖίὲ

268 5686 476 5745 luerent
499 5709 512 5756 ;
541 5709 598 5747 re
618 5693 697 5749 sic
722 5697 975 5765 proclivi,
1001 5700 1139 5754 nihil
1161 5686 1321 5771 apte.
1339 5686 1523 5759 Gesn:
1563 5686 1676 5769 Qui
1697 5686 1838 5760 ’ὅὼί

1976 5496 2167 5565 rwfecn'
2199 5506 2341 5550 sunt.
2375 5497 2613 5551 Possunt
2633 5505 2691 5567 et
2719 5495 2842 5551 orbi
2893 5496 3134 5567 praefecti
3200 5513 3502 5555 esseservt

1982 5566 2031 5619 ci
2064 5584 2125 5621 ac
2162 5567 2358 5627 sancti,
2392 5583 2495 5621 nec
2525 5583 2619 5621 eos
2645 5566 2960 5637 Tlieologus
2994 5568 3102 5621 illis
3130 5567 3380 5637 opponit,
3410 5570 3504 5625 sed

1937 5637 2029 5705 qui
2067 5637 2144 5692 sic
2178 5638 2381 5693 mundo
2406 5637 2579 5694 dediti
2605 5645 2755 5704 sunt,
2781 5646 2837 5694 et
2865 5638 2933 5694 de
2980 5638 3187 5695 mundo
3212 5648 3362 5694 sunt.
