4246 6438
717 318 820 384 9’23

1874 320 1934 379 S.
1978 317 2266 378 ΜΑΧῙΜΙ
2305 316 2816 378 CONFESSORIS

3860 317 3979 381 92k

790 430 973 485 Firma
1003 436 1060 485 et
1088 429 1397 485 indubitata
1417 428 1606 500 gratia:
1628 443 1772 499 spes,
1809 430 2130 483 consecutio
2172 427 2289 482 fru-
2318 433 2365 487 Α
2461 434 2467 453 ¹

2318 433 2365 487 Α
2461 433 2535 485 Τὸ
2559 432 2750 484 πιστὸν
2772 432 2866 485 καὶ
2886 430 3257 501 ἀναμφίὸολον
3285 431 3387 501 τῆς
3411 430 3781 502 άλπιζομένης
3808 432 3966 503 χάρι-

718 529 863 585 ctus,
890 520 978 577 his
1011 522 1106 591 qui
1135 537 1233 590 per
1263 520 1584 590 patientiam
1629 527 1992 589 exspectant,
2033 520 2291 576 efiicitur.

791 612 1149 667 Democrit.—
1175 612 1231 667 Si
1249 628 1336 676 ea,
1362 628 1485 682 quae
1514 622 1645 669 sunt
1667 611 2055 682 perpetienda,
2080 612 2295 666 discere

723 703 941 769 liceret,
976 718 1077 757 nec
1102 717 1165 757 ea
1196 705 1410 773 perpeti
1442 719 1665 758 necesse
1707 712 1881 766 esset,
1915 703 2131 758 discere
2193 703 2296 757 bo-

726 808 859 846 nunt
887 802 1030 846 esset
1053 809 1067 857 ;
1098 793 1184 847 sin
1202 804 1383 847 autem
1411 795 1831 863 perpetiendum
1855 794 2024 865 638
2042 793 2298 863 est,quid

728 896 867 950 opus
899 880 1133 945 discere,
1160 898 1284 936 cum
1310 884 1520 952 perpeti
1555 899 1781 938 necesse
1810 885 1925 937 sit?

798 967 1279 1035 Solon.—Solon,
1327 972 1565 1039 quodam
1621 971 1676 1025 in
1721 988 1849 1026 eum
1890 980 2148 1041 spuente,
2184 987 2299 1026 rem

730 1059 1005 1126 patienter
1035 1063 1192 1125 tulit;
1229 1062 1473 1131 alioque,
1499 1064 1644 1131 quod
1672 1063 1749 1117 sic
1797 1062 2052 1126 tulisset,
2089 1063 2305 1132 vitupe-

732 1160 921 1207 rante:
953 1154 1140 1222 Atqui.
1169 1154 1369 1221 inquit,
1403 1154 1705 1221 piscatores
1731 1161 1791 1207 ut
1816 1153 2040 1222 gobium
2063 1154 2303 1223 capiant,

735 1245 901 1300 maris
931 1262 988 1301 se
1026 1262 1219 1314 spuma
1244 1248 1461 1317 aspergi
1494 1247 1711 1312 ferunt;
1764 1262 1868 1300 nec
1900 1262 2001 1317 ego
2059 1246 2204 1301 idem
2234 1247 2310 1302 fe-

736 1350 857 1387 ram.
885 1344 946 1388 ut
976 1335 1256 1389 hominem
1285 1336 1535 1404 capiatur?

805 1425 1112 1479 Metrodori.
1166 1458 1235 1469 -—
1279 1427 1401 1479 Noli
1453 1440 1701 1495 quaerere
1765 1434 1826 1478 ut
1857 1440 1921 1478 ca
1973 1442 2093 1495 quae
2146 1426 2305 1490 fiunt,

738 1514 872 1573 ﬂant
903 1528 962 1572 ut
993 1517 1106 1584 vis;
1128 1518 1225 1574 sed
1250 1519 1326 1574 sic
1358 1526 1417 1572 ut
1446 1517 1587 1571 fiunt
1616 1518 1734 1571 fieri
1767 1518 1924 1572 velis.

1305 1670 1535 1749 sstmo
1562 1691 1747 1748 xun.

1188 1862 1193 1866 ι
1363 1784 1441 1845 De
1476 1785 1655 1841 laude.

812 1876 917 1933 Luc
946 1893 1020 1941 vr,
1040 1878 1129 1933 26.
1148 1908 1215 1921 -μ
1236 1878 1327 1931 Vae
1351 1878 1530 1941 vobis,
1564 1893 1691 1932 cum
1733 1876 2127 1931 benedixerint
2154 1875 2316 1931 vobis

744 1969 1041 2036 homines;
1076 1968 1156 2024 sic
1179 1970 1327 2024 enim
1357 1968 1632 2024 faciebant
1668 1968 2169 2039 pseudoprophetis
2221 1983 2316 2037 pa-

745 2070 859 2115 tres
902 2076 1118 2117 eorum.

811 2156 924 2211 Jac.
950 2173 1028 2222 m,
1062 2158 1149 2212 lO.
1170 2189 1216 2200 -
1242 2159 1319 2211 Ex
1348 2157 1542 2212 eodem
1575 2171 1671 2212 ore
1713 2155 1966 2225 procedit
1990 2154 2317 2210 benedictio

744 2257 802 2302 et
827 2248 1162 2303 maledictio.
1217 2250 1337 2303 Non
1389 2256 1632 2317 oportet,
1693 2246 1891 2302 fratres
1949 2246 2079 2311 mei,
2104 2247 2221 2301 haec
2245 2247 2319 2299 ita

748 2340 1175 2410 ﬁeri.Nunquid
1225 2340 1349 2396 fons
1394 2356 1462 2396 ex
1511 2341 1705 2394 eadem
1762 2338 2097 2409 scaturigine
2138 2339 2320 2393 fundit

748 2433 966 2487 dulcem
993 2444 1048 2487 et
1074 2448 1315 2487 amaram
1340 2434 1573 2503 aquam?

823 2524 976 2577 Prov.
1035 2540 1200 2587 xxvii,
1247 2525 1338 2578 21.
1381 2553 1450 2563 -
1489 2522 1754 2579 Probatio
1802 2521 2014 2592 argenti
2071 2530 2130 2576 et
2176 2521 2319 2584 auri,

751 2613 976 2682 ignitio;
1013 2613 1099 2666 vir
1125 2627 1260 2665 vero
1285 2612 1553 2680 probatur
1575 2625 1670 2665 ore
1698 2610 2039 2664 laudantium
2072 2625 2222 2665 eum.

822 2704 988 2758 Eccli.
1026 2721 1190 2770 xxvu,
1233 2705 1381 2759 8.—
1422 2706 1570 2758 Ante
1617 2705 1790 2758 animi
1840 2720 2009 2759 sensu
2050 2706 2322 2775 prolatum

753 2810 1089 2859 sermonem,
1115 2811 1184 2849 nc
1215 2795 1527 2852 laudaveris
1550 2796 1831 2851 hominem
1857 2815 1869 2850 :
1894 2797 2012 2851 haec
2055 2797 2203 2853 enim
2243 2808 2326 2853 est

755 2886 985 2939 tentatio
1010 2887 1317 2941 hominum.

824 2975 1032 3031 Basilii.
1057 3009 1123 3019 —
1141 2978 1217 3031 Ne
1241 2979 1309 3030 ad
1344 2979 1536 3033 laudes
1579 2979 1764 3034 animo
1804 2978 2178 3045 emolliamur,
2207 2996 2329 3048 qum

753 3068 1044 3122 veritatem
1074 3079 1359 3137 superant.

828 3159 1336 3228 Thcologi.——Qu:e
1395 3159 1617 3214 modum
1670 3161 1946 3215 excedunt
1993 3162 2185 3216 laudes
2214 3203 2228 3227 ,
2276 3164 2330 3217 in

758 3265 922 3304 causa
949 3258 1080 3304 sunt
1110 3259 1171 3303 ut
1217 3250 1425 3319 aliqui,
1489 3250 1545 3304 id
1597 3266 1819 3320 quoque
1847 3251 1998 3321 quod
2032 3250 2194 3305 officii
2225 3260 2328 3315 est,

757 3351 1136 3397 contemnant.
1191 3341 1437 3408 Quorum
1494 3344 1643 3399 enim
1687 3344 1816 3398 novi
1861 3345 2074 3412 laudes,
2132 3345 2331 3400 horum

759 3435 920 3502 plane
957 3442 1018 3503 et
1048 3433 1350 3502 profectus.

829 3524 943 3579 Nec
975 3525 1242 3594 quidquid
1272 3526 1515 3581 alienum
1544 3527 2335 3598 estlaudetur,.quodjustitize

761 3616 885 3671 luce
919 3632 1030 3670 non
1060 3617 1271 3687 fulget;
1302 3632 1407 3672 nec
1437 3618 1709 3687 quidquid
1745 3630 1999 3674 nostrum
2025 3631 2110 3675 cst
2146 3637 2211 3675 ac
2233 3621 2333 3675 do-

761 3708 1077 3771 mesticum,
1100 3707 1145 3761 si
1179 3709 1504 3777 praeclarum
1538 3723 1604 3763 ac
1633 3710 1934 3764 honestum
1988 3720 2093 3774 est,
2142 3711 2339 3782 despe-

764 3801 880 3854 ctui
906 3799 1216 3865 habeatur;
1246 3816 1315 3855 ne
1346 3801 1474 3855 inde
1532 3802 1611 3854 illi
1641 3802 1857 3856 lucrum
1888 3801 2137 3867 accedat,
2188 3803 2336 3871 quod

2395 542 2505 589 τος,
2539 524 2837 587 ἀπόλαυσις
2871 526 2986 586 τοῖς
3044 522 3110 575 δι’
3158 523 3437 593 ὑπομονῆς
3493 522 3967 592 ἀπεκδεχομένοις

2397 616 2630 681 γίνεται,

2468 704 2782 771 Δημοκρίτ.
2822 731 2892 743 --
2923 702 2986 755 Et
3028 701 3127 771 μὲν
3155 695 3225 772 ἦν
3258 699 3449 773 μαθεῖν
3469 700 3505 755 ἃ
3526 701 3608 753 δεῖ
3633 701 3848 763 παθεῖν,
3880 703 3975 753 καὶ

2405 797 2480 867 μὴ
2510 795 2723 858 παθεῖν,
2758 794 2923 848 καλὸν
2944 792 3007 845 τὸ
3032 792 3224 859 μαθεῖν
3241 808 3253 821 ·
3285 794 3332 845 εί
3359 791 3417 845 δὲ
3452 792 3667 858 παθεῖν,
3689 793 3742 845 τί
3757 793 3840 845 δεῖ
3868 809 3977 861 μα-

2404 888 2552 951 θεῑν;
2582 889 2774 938 παθεῖν
2803 885 2914 954 γὰρ
2942 886 3067 955 χρή.

2474 976 2698 1029 Σόλων.
2740 1004 2810 1015 -—
2857 973 3056 1034 Σόλων,
3090 971 3541 1043 προσπτύσαντος
3605 970 3754 1040 αὐτῷ
3805 987 3976 1033 τινος,

2403 1066 2695 1135 ἠνέσχετο·
2740 1063 3095 1135 μεμψαμένου
3124 1062 3183 1114 δέ
3227 1060 3374 1129 αύτῷ
3398 1061 3587 1131 ἐτέρου
3637 1060 3733 1112 ἐπὶ
3773 1058 3977 1126 τούτῳ,

2410 1153 2543 1209 Εἶτα
2571 1158 2619 1209 οί
2646 1156 2745 1227 μὲν
2778 1156 2969 1218 ἁλιεῖς,
3000 1151 3173 1219 εἶπεν,
3206 1154 3537 1223 ὑπομένουσι
3594 1152 3878 1221 ῥαίνεσθαι
3910 1154 3981 1219 τῇ

2409 1246 2680 1316 θαλάσσῃ,
2709 1246 2795 1299 ῖνα
2843 1244 3039 1298 κωὸίον
3087 1243 3397 1315 θηράσωσιν
3428 1257 3442 1272 ο
3483 1239 3594 1307 ἐγὼ
3630 1239 3686 1291 δέ
3719 1240 3794 1309 μὴ
3847 1237 3985 1292 ἀνά·

2413 1355 2629 1407 σχωμαι
2654 1338 2715 1389 τὸ
2733 1337 2864 1389 αὐτὸ
2893 1337 3084 1388 παθεῖν
3125 1334 3215 1388 ἵνα
3240 1334 3525 1403 ἄνθρωπον
3562 1329 3797 1385 ἁλιεύσω
3820 1347 3836 1394 ;

2486 1426 2900 1497 Μητροδώρου.
2952 1457 3024 1468 -
3074 1427 3165 1497 Μὴ
3225 1426 3379 1495 ζήτει
3424 1424 3674 1493 γίνεσθαι
3729 1424 3799 1476 τὰ
3833 1424 3985 1491 γινό-

2422 1538 2556 1591 μενα
2578 1519 2653 1581 ὡς
2685 1519 2882 1583 θέλεις,
2914 1517 3052 1572 ἀλλὰ
3092 1517 3213 1571 θέλε
3250 1516 3325 1581 ὡς
3360 1517 3427 1571 ἂν
3479 1517 3551 1570 τὰ
3585 1516 3850 1585 γινόμενα
3897 1515 3987 1582 γί-

2416 1631 2594 1684 νηταμ

2970 1703 3185 1757 ΛΟΓΟΣ
3220 1704 3331 1757 ΜΓ¹
3360 1704 3404 1735 ’⁵

2975 1794 3122 1861 Περὶ
3149 1794 3423 1847 ἐπαίνου.

2488 1893 2667 1941 Λουκ.
2705 1894 2778 1951 ς’.
2804 1916 2869 1925 —
2896 1885 3030 1938 Οὐαὶ
3058 1875 3361 1953 ύμῖν,’ὄταν
3380 1881 3558 1945 καλῶς
3582 1882 3724 1951 ὑμᾶς
3756 1880 3991 1935 εἴπωσιν

2417 1981 2467 2033 οί
2496 1979 2799 2050 ἄνθρωποι·
2833 1976 2976 2030 κατά
3014 1975 3188 2028 ταῦτα
3243 1976 3350 2045 γὰρ
3395 1972 3609 2026 ἐποίουν
3632 1974 3758 2035 τοὺς
3794 1972 3991 2042 ψευδο-

2420 2071 2707 2141 προφήτας
2736 2070 2785 2122 oi
2811 2066 3052 2138 πατέρες
3081 2065 3281 2120 αὐτῶν.

2502 2164 2642 2214 Ἰακ.
2685 2166 2755 2227 7’.
2788 2188 2851 2198 —
2906 2159 3001 2211 Ἐκ
3034 2157 3127 2211 τοῦ
3180 2156 3344 2209 αὑτοῦ
3384 2155 3654 2225 στόματος
3704 2155 3987 2225 ἐξέρχεται

2421 2252 2639 2319 uxoria.
2671 2252 2765 2303 καὶ
2792 2249 3025 2320 κατάρα.
3084 2248 3159 2301 οὐ
3218 2247 3344 2319 χρὴ,
3387 2246 3607 2315 ἀδελφοί
3656 2264 3781 2317 μου,
3814 2244 3995 2298 ταῦτα

2421 2345 2563 2396 οὕτω
2625 2343 2892 2411 γίνεσθαι.
2926 2342 3015 2412 Μή
3049 2357 3102 2394 τι
3131 2342 3164 2410 ἡ
3202 2340 3354 2410 πηγὴ
3403 2341 3467 2391 ἐκ
3501 2338 3601 2407 τῆς
3636 2338 3809 2407 αὐτῆς
3851 2335 3994 2405 ὀπῆς

2425 2436 2577 2507 βρύει
2602 2437 2660 2488 τὸ
2685 2435 2856 2503 γλυκὺ
2882 2434 2978 2487 καὶ
3009 2432 3071 2486 τὸ
3093 2432 3288 2504 πικρόν
3313 2448 3327 2496 ;

2494 2528 2748 2596 Δοκίμιον
2768 2524 3035 2596 ἀργυρίου
3065 2522 3158 2575 καὶ
3188 2521 3434 2593 χρυσίου,
3457 2518 3703 2590 πύρωσις
3721 2535 3735 2549 ’
3776 2518 3917 2587 ἀνὴρ
3935 2516 3997 2571 δὲ

2387 2663 2391 2667 .
2426 2620 2780 2689 δοκιμάζεται
2805 2616 2893 2671 διὰ
2932 2615 3198 2685 στόματος
3224 2611 3678 2682 ἐγκωμιαζόντων
3703 2610 3887 2666 αὐτόν.

2496 2712 2681 2781 Σιρὰχ
2707 2709 2999 2776 acti—Dp?)
3025 2704 3288 2777 λογισμοῦ
3320 2704 3397 2776 (η)
3444 2704 3519 2775 μὴ
3549 2702 3849 2773 ἐπαινέσῃς
3900 2700 3997 2755 ἆν-

2426 2803 2531 2874 δρα
2559 2819 2573 2833 ο
2604 2794 2758 2863 οὗτος
2783 2799 2893 2871 γὰρ
2912 2795 3223 2868 πειρασμὸς
3243 2793 3572 2865 ἀνθρώπων.

2504 2995 2715 3045 nam}.
2766 3019 2829 3032 --
2859 2988 2953 3058 Μὴ
2987 2987 3124 3059 πρὸς
3156 2984 3417 3046 ἐπαίνους
3446 2978 3816 3053 χαυνωθῶμεν
3874 2978 4003 3039 τοὺς

2353 3074 2395 3131 C
2431 3086 2573 3154 ὑπὲρ
2603 3085 2700 3153 τὴν
2731 3082 3014 3149 άλήτειαν.

2505 3176 2673 3229 680.1.
2714 3201 2778 3212 -
2804 3171 2869 3223 Δί
2897 3167 3005 3220 τῶν
3032 3180 3210 3234 τιμων
3264 3160 3591 3231 ὑπερϐολαὶ,
3646 3154 4005 3225 παρασκευά-

2445 3266 2594 3331 ζουσί
2645 3277 2796 3322 τινας
2859 3257 2955 3311 καὶ
3007 3254 3104 3307 τοῦ
3147 3252 3360 3313 δέοντος
3423 3248 3871 3316 καταφρονῆσαι·
3928 3234 4007 3295 ὧν

2435 3358 2541 3425 γὰρ
2570 3357 2695 3416 τοὺς
2734 3349 2991 3410 ἐπαίνους
3013 3342 3151 3399 οἶδα.
3173 3342 3381 3396 τούτων
3414 3339 3601 3408 σαφῶς
3631 3338 3724 3389 καὶ
3751 3336 3848 3397 τὰς
3882 3334 4007 3385 ἐπι-

2434 3448 2626 3507 δόσεις.
3889 3467 3892 3469 λ

2506 3538 2658 3605 Μήτε
2691 3535 2752 3585 τὸ
2785 3531 3065 3600 ἀλλότριον
3092 3523 3422 3579 ἐπαινείσθω
3451 3523 3581 3587 πᾶν,
3612 3519 3641 3573 ὃ
3674 3519 3749 3589 μὴ
3776 3515 4009 3570 δίκαιονο

2441 3630 2577 3699 μήτε
2617 3622 2967 3695 ἀτιμαζέσθω
3005 3621 3066 3673 τὸ
3109 3619 3307 3671 οἰκεῖον
3347 3616 3398 3669 εί
3446 3613 3649 3683 τίμιονο
3687 3610 3775 3663 ἵνα
3814 3608 3891 3679 μὴ
3929 3605 4013 3676 τῷ

2442 3718 2539 3789 μὲν
2568 3716 2757 3786 κέρδος
2792 3716 2824 3782 ἡ
2856 3708 3201 3780 ἀλλοτριότης
3282 3722 3298 3736 ο
3326 3703 3404 3774 τῷ
3428 3703 3475 3757 δ’
3498 3703 3578 3764 είς
3605 3699 3807 3770 ζημίαν
3850 3712 4013 3789 περιῖ

2442 3786 2538 3879 στῇ
2603 3808 2664 3859 τὸ
2720 3804 2819 3873 τῆς
2855 3801 3207 3869 οἰκειότητος.
3248 3793 3601 3866 Ἀμφοτέρως
3628 3791 3738 3861 γὰρ
3761 3788 3827 3843 ἂν
3914 3786 4011 3841 τοῦ

764 3888 1009 3942 alienum
1051 3888 1143 3951 sit,
1202 3890 1332 3944 huic
1378 3907 1509 3943 vero
1554 3891 1669 3960 ipsa
1729 3890 2082 3945 necessitudo
2138 3891 2339 3947 damno
2438 3926 2441 3946 ι

2333 3915 2339 3941 ν
2438 3878 2648 3955 δικαίου
2703 3896 2991 3967 βλάπτοιτο
3025 3891 3216 3958 λόγος,
3258 3886 3529 3941 κάκείνων
3576 3878 4010 3951 ἐπαινουμένων,

765 3981 1036 4027 vertatur.
1066 3973 1312 4044 Utroque
1339 3977 1488 4031 enim
1542 3978 1843 4053 aequitatis
1883 3978 2123 4033 violetur
2170 3981 2334 4044 ratio,

768 4064 989 4116 illorum
1028 4080 1227 4134 nempe
1270 4069 1567 4135 praeconio,
1608 4068 1919 4138 horumque
1955 4071 2195 4126 silentio.

837 4156 1327 4227 Ultrysost.—Qui
1379 4175 1618 4229 namque
1662 4158 2075 4230 improbitatem
2127 4161 2335 4225 laudat,

767 4266 879 4319 quo
920 4267 1018 4321 per
1072 4253 1457 4322 paenitentiam
1511 4255 1756 4309 curanda
1820 4256 1913 4319 sit,
1945 4271 2065 4309 eam
2090 4257 2340 4312 remedio

770 4342 1011 4397 fraudat.

2442 3993 2536 4046 καὶ
2565 3990 2771 4043 τούτων
2803 3985 3194 4057 σιωπωμένων.

2511 4176 2811 4241 Χρυσοστ.
2845 4196 2915 4208 -
2951 4166 3008 4220 '0
3030 4164 3139 4236 γὰρ
3157 4161 3396 4217 ἐπαινῶν
3417 4157 3702 4230 πονηρίαν,
3720 4156 3819 4227 τῆς
3831 4157 3895 4210 ἐκ
3920 4154 4016 4209 τοῦ

2446 4263 2776 4336 μετανοῆσαι
2803 4256 3103 4329 θεραπείας
3134 4252 3302 4324 αὐτὴν
3324 4250 3693 4322 ἀπεστέρησε.

838 4434 960 4489 Non
989 4435 1166 4490 solum
1189 4435 1287 4505 qui
1311 4438 1453 4491 mala
1502 4447 1695 4507 agunt,
1750 4437 1847 4493 sed
1881 4448 1938 4493 et
1965 4439 2061 4509 qui
2094 4455 2190 4495 eos
2217 4441 2339 4494 lau-
2372 4411 2415 4465 θ

2372 4411 2415 4465 D
2516 4441 2562 4472 ³⁸
2594 4440 2706 4508 Οὐχ
2733 4438 2784 4490 οἱ
2812 4435 2880 4489 τά
2910 4433 3089 4504 φαῦλα
3135 4430 3469 4503 πράττοντες
3532 4426 3710 4497 μόνον,
3738 4423 3879 4478 άλλὰ
3922 4423 4018 4476 καὶ

770 4525 924 4589 dant,
969 4525 1218 4594 ejusdem
1251 4542 1317 4582 ac
1361 4528 1444 4582 illi
1492 4544 1690 4599 preme,
1721 4538 1819 4584 aut
1858 4530 2025 4584 etiam
2070 4530 2343 4601 gravioris

770 4617 905 4672 socii
934 4627 1117 4673 erunt.

841 4705 1025 4761 Sancti
1046 4708 1263 4779 Ignatii.
1277 4738 1348 4750 —
1362 4708 1687 4780 Quanquam
1706 4712 1973 4782 religione
1996 4714 2259 4784 cultuque
2286 4712 2345 4770 in

774 4797 946 4876 [leum
981 4799 1191 4869 fulgeo,
1232 4799 1406 4870 magis
1435 4800 1570 4855 mihi
1603 4801 1905 4856 verendum
1934 4810 2041 4867 est,
2086 4812 2251 4873 atque
2275 4806 2345 4861 ab

775 4879 885 4942 illis
916 4891 1242 4955 cavendum,
1285 4891 1382 4959 qui
1408 4899 1615 4947 temere
1638 4892 1791 4947 inani
1824 4891 1966 4948 fastu
2000 4893 2217 4951 inflant.
2242 4895 2345 4962 Qui

773 4980 925 5036 enim
961 4981 1190 5036 laudant
1227 4997 1315 5036 me
1344 4980 1639 5054 ﬂagellant.

848 5133 897 5166 "
936 5133 993 5189 In
1027 5132 1191 5190 Gesn.
1234 5133 1387 5190 Stob.
1415 5134 1503 5191 68.
1576 5134 1623 5169 “
1649 5134 1711 5190 In
1749 5134 1964 5193 Melissa
2004 5137 2275 5209 pluribus.

2446 4534 2495 4585 οί
2517 4528 2744 4591 τούτους
2777 4522 3214 4596 ἐγκωμιάζοντες
3234 4563 3249 4589 ,
3277 4523 3380 4591 τῆς
3408 4519 3581 4589 αὐτῆς
3606 4559 3620 4583 ,
3658 4516 3692 4587 ἢ
3734 4515 3830 4569 καὶ
3851 4514 4017 4585 χαλεο

2452 4623 2702 4692 πωτέρας
2722 4620 2951 4682 ἐκείνοις
2972 4615 3364 4685 κοινωνήσουσι
3395 4610 3692 4670 κολάσεως.

2524 4688 2634 4769 Toi)
2678 4712 2850 4781 ἁγίου
2915 4708 3218 4778 Ἰγνατίου.
3286 4732 3357 4743 —-
3397 4701 3517 4755 Κᾶν
3566 4697 3886 4769 ἐρρωμένος
3970 4688 4017 4749 ὦ

2448 4806 2516 4860 τὰ
2541 4804 2681 4859 κατὰ
2703 4802 2859 4867 Θεὸν,
2898 4799 3061 4854 πλέον
3096 4813 3165 4868 με
3184 4795 3265 4848 δεῖ
3290 4792 3578 4864 φοϐεῖσθαι
3601 4789 3695 4842 καὶ
3725 4787 4020 4858 προσέχειν

2446 4902 2559 4961 τοῖς
2601 4898 2725 4967 είκῆ
2759 4891 3012 4965 φυσιοῦσί
3043 4907 3131 4961 με.
3170 4883 3553 4946 Ἐπαινοῦντες
3575 4881 3685 4953 γάρ
3722 4896 3790 4952 με
3823 4896 4021 4951 μαστιο

2448 5004 2653 5056 γουσιν.

2280 5249 2514 5307 NOTAE.

851 5367 931 5435 (η)
967 5364 1088 5434 Πρὸ
1109 5366 1424 5435 λογισμοῦ.
1462 5366 1584 5421 Ald.
1626 5365 1817 5437 editio,
1849 5365 2043 5437 λόγου*
2096 5384 2219 5437 quae
2268 5379 2349 5425 ta-

785 5455 907 5510 men
942 5454 1049 5491 una
1070 5436 1315 5510 reliquis
1346 5452 1453 5510 non
1486 5436 1812 5510 praescribit,
1855 5436 2058 5510 quibus
2083 5436 2348 5510 λογισμοῦ

785 5509 1039 5564 habetur.
1069 5506 1283 5561 Vatabl.
1352 5505 1496 5560 idem
1540 5506 1720 5559 valere
1761 5521 1826 5559 ac
1882 5505 2041 5573 λόγος
2085 5505 2259 5573 (Ιίοἰι,’
2290 5519 2348 5564 et

786 5593 911 5634 esse
946 5592 1254 5631 sermonem
1283 5592 1375 5630 seu
1412 5576 1739 5638 orationem,
1790 5591 1897 5644 qua
1947 5576 2235 5632 hominum
2268 5580 2352 5632 in-

792 5648 949 5717 genia
977 5647 1295 5715 probantur.
1321 5647 1410 5699 Sic
1433 5646 1833 5717 quoquevulg.
1854 5655 1909 5699 ct
1931 5645 2070 5717 Sixt.
2101 5660 2224 5701 ante
2243 5665 2353 5702 ser-

792 5714 1017 5771 monem.
1053 5718 1154 5783 Qui
1208 5717 1252 5772 si
1303 5714 1587 5785 orabam
1650 5714 2018 5783 διαλογισμοῦ,
2065 5727 2187 5772 ante
2228 5736 2352 5772 con-

2445 5382 2643 5425 sertum
2670 5368 3109 5425 sermonemnel
3154 5374 3304 5422 certe
3353 5362 3634 5434 λογισμόν,
3690 5362 3849 5431 quasi
3888 5376 4025 5418 eon-

2448 5443 2635 5496 silium
2658 5442 2794 5496 velit
2825 5448 3039 5505 auctor,
3075 5437 3442 5492 deliberatum
3493 5448 3803 5505 sermonem
3832 5441 3890 5487 et
3950 5449 4020 5487 ex

2452 5513 2660 5584 animo,
2693 5511 2788 5580 qui
2813 5510 2990 5584 ipsum
3007 5502 3258 5584 animum
3290 5506 3519 5584 prodat;
3545 5502 3869 5584 dixeratque
3927 5517 4023 5584 su:

2453 5580 2665 5649 periori
2712 5576 2903 5644 Versu,
2960 5579 3121 5645 λόγον
3176 5576 3583 5649 ἐνθυμήματος,
3628 5576 3784 5641 quasi
3852 5576 4020 5649 animi

2450 5641 2585 5774 395m
2616 5641 2913 5720 cogitantis.
2941 5641 3147 5722 Syriae.
3176 5656 3232 5703 et
3256 5641 3419 5701 Ai‘ab.
3470 5645 3618 5697 hunc
3665 5656 3885 5696 versum
3925 5641 4030 5695 tle..

2452 5736 2497 5774 Si
2540 5731 2718 5774 crant.

2452 5731 2718 5775 sulcrant.
