4246 6438
246 323 357 390 935

1453 289 1457 293 ’
1513 337 1683 434 LQCI
1721 339 2159 404 COMMUNES.

3403 364 3513 428 920

323 440 689 509 Κλήμεντος.
739 438 1159 514 -ξθηρεύουσι
1209 448 1320 510 τοῖς
1358 448 1457 517 μὲν
1510 453 1658 514 κυσὶ.
1697 454 1826 518 τοὺς
1861 461 1901 516 Α

1861 461 1901 516 Α
2000 460 2306 516 Clementis.
2331 493 2396 502 —
2425 466 2634 520 Venatu
2671 468 2899 537 capiunt
2931 481 3246 540 venatores,
3279 477 3507 538 canibus

243 528 516 596 λαγωοὺς,
550 531 600 582 οἱ
631 533 894 602 κυνηγοί·
931 535 1043 598 τοῖς
1059 533 1120 587 δέ
1139 533 1380 599 ἐπαίνοις
1407 537 1535 602 τοὺς
1567 541 1828 612 ἀνοήτους

241 622 295 672 oi.
322 619 530 674 πολλοί.

322 714 431 768 Τὺν
465 715 566 786 μὲν
609 715 930 782 λιϐανωτὸν,
972 721 1086 782 τοῖς
1128 720 1274 786 Θεοῖς
1305 739 1320 755 ο
1363 723 1454 778 τὸν
1493 725 1551 778 δὲ
1606 725 1829 780 ἔπαινον

244 808 366 868 τοῖς
394 806 622 874 ἀγαθοῖς
658 808 958 878 ἀπονέμειν
980 812 1110 880 χρή.

333 897 622 966 Ἶσοκρὰτ.
653 928 720 941 —
758 899 994 964 Πιστοὺς
1025 903 1182 970 ἡγοῦ,
1225 905 1301 975 μὴ
1323 906 1451 970 τοὺς
1481 909 1590 961 πᾶν
1625 909 1653 960 ὃ
1683 925 1734 961 τι.
1762 909 1828 962 ἂν

242 992 408 1061 ποιῇς
447 991 542 1044 καὶ
573 990 742 1064 λέγῃς
775 992 1158 1060 ἐπαινοῦντας,
1201 997 1338 1050 ἀλλά
1367 1001 1483 1062 τοῖς
1513 999 1828 1069 ἁμαρτανο-

245 1081 435 1150 μένοις
479 1082 873 1152 ἐπιτιμῶντας.

315 1173 624 1242 Μοσχίων.
657 1205 729 1214 —
757 1176 822 1242 El
870 1175 1045 1240 θέλεις
1083 1177 1264 1245 καλῶς
1310 1179 1552 1244 ἀκούειν,
1589 1183 1824 1250 μάνθανε

239 1262 430 1327 καλῶς
472 1263 676 1332 λέγειν.
714 1265 900 1337 Πειρῶ
955 1266 1137 1333 καλῶς
1199 1269 1485 1340 πράττειν,
1533 1273 1630 1326 καὶ
1684 1273 1827 1328 οὕτω

239 1354 522 1426 καρπώσῃ
556 1354 618 1408 τὸ
645 1355 831 1420 καλῶς
872 1358 1116 1414 ἀκούειν.

312 1446 682 1502 Πολυαίνου.
700 1471 768 1487 -ι-
796 1448 1050 1519 Παρόντα
1070 1451 1209 1522 μήτε
1236 1451 1397 1520 ψέγε,
1425 1454 1553 1526 μήτ’
1571 1457 1786 1510 ἐπαίνει
1812 1471 1825 1487 ⁸

237 1535 304 1588 τδ
337 1538 439 1607 μὲν
469 1537 577 1608 γὰρ
601 1537 802 1609 ἔχθραν
821 1540 978 1612 φέρει
1003 1557 1018 1570 ⁸
1051 1541 1113 1595 τὸ
1138 1543 1196 1596 δὲ
1226 1542 1538 1599 κολακείαν.

312 1738 664 1808 Κυψέλλου.
696 1767 762 1781 -
803 1738 922 1792 Ζῶν
969 1741 1092 1810 μὲν,
1129 1740 1355 1796 ἐπαινοῦ
1381 1757 1394 1772 ο
1423 1742 1715 1797 ἀποθανὼν
1743 1745 1821 1811 δὲ,

242 1831 574 1903 μακαρίζου.

323 1923 707 1992 Ἀντατένης.
738 1952 806 1966 --
845 1913 1016 1985 Οὗτος
1043 1915 1218 1987 εἶπεν,
1259 1925 1427 1978 Ὅταν
1459 1927 1724 1980 ὲπαινῶσί
1755 1945 1819 1998 με

239 2015 455 2076 πολλοὶ,
491 2015 612 2069 τότε
668 2014 878 2085 νομίζω
914 2015 1141 2086 μηδενὸς
1165 2015 1318 2081 ἄξιος
1343 2011 1486 2072 εἶναι
1516 2035 1529 2048 ·
1584 2020 1713 2074 ὅταν
1765 2019 1821 2072 δὲ

237 2105 437 2175 ὀλίγοι,
477 2105 764 2160 σπουδαῖον
786 2105 1094 2178 ἄνθρωπον.

808 2221 1026 2274 ΛΟΓΟΣ
1055 2223 1166 2276 ΜΔ⁹
1185 2222 1252 2276 ⁸⁷.

795 2311 935 2380 Περὶ
972 2309 1264 2379 κάλλους.

314 2407 501 2476 Muta.
539 2403 614 2470 ς’,
646 2435 720 2448 —
749 2405 1119 2476 Καταμάθετε
1152 2409 1222 2460 τά
1260 2407 1423 2478 κρίνα
1476 2408 1570 2462 τοῦ
1623 2410 1818 2480 ἀγροῦ,

236 2495 362 2558 πῶς
398 2496 617 2562 αὐξάνει
644 2510 659 2524 ·
694 2496 754 2548 οὐ
777 2497 955 2566 κοπιᾷ
982 2495 1102 2548 οὐδὲ
1139 2495 1316 2563 νήθει.
1347 2497 1507 2565 Λέγω
1528 2497 1635 2568 γὰρ
1670 2500 1820 2568 ὑμῖν,

236 2589 327 2642 ὅτι
357 2586 478 2641 οὐδὲ
527 2583 782 2658 Σολομὼν
819 2586 877 2640 ἐν
911 2586 1062 2658 πάσῃ
1097 2589 1166 2657 τῇ
1201 2585 1326 2657 δόξῃ
1360 2587 1526 2640 αὐτοῦ
1559 2588 1822 2659 περιεϐά-

238 2679 368 2744 λετο
389 2679 466 2745 ὡς
488 2678 550 2732 ἒν
588 2681 818 2742 τούτων.

307 2770 374 2825 A'
419 2774 538 2841 Τιμ.
572 2769 632 2836 ,ϐ’
638 2810 652 2826 .
687 2800 760 2810 —
801 2769 1073 2840 Βούλομαι
1104 2769 1204 2832 τὰς
1235 2771 1499 2838 γυναῖκας
1543 2772 1600 2823 ὲν
1659 2789 1824 2824 κατα-

240 2863 405 2935 στολῇ
435 2863 651 2935 κοσμίῳ
677 2902 691 2925 ,
722 2862 863 2932 μετά
893 2860 1072 2924 αἰδοῦς
1096 2862 1191 2914 καὶ
1211 2860 1567 2932 σωφροσύνης
1598 2865 1824 2932 κοσμεῖν

237 2954 452 3018 ἑαυτάς
471 2970 486 2985 ·
514 2953 590 3025 μὴ
616 2956 675 3006 ὲν
704 2953 1011 3023 πλέγμασιν
1044 2952 1077 3022 ἢ
1109 2953 1348 3025 χρυσῷῆ
1378 2956 1765 3026 μαργαρίταις,
1792 2956 1822 3025 ἢ

241 3046 531 3117 ἱματισμῷ
567 3045 872 3101 πολυτελεῖ.

1930 551 2177 619 quidem,
2215 553 2467 622 lepores;
2517 560 2716 630 vulgus
2754 576 2887 616 vero
2921 565 3203 633 laudibus,
3243 570 3339 638 qui
3381 583 3510 627 sunt

1929 642 2277 710 insipientes.

1998 731 2164 801 639
2193 734 2346 788 Thus
2383 736 2634 805 quidem,
2695 741 2838 807 diis;
2875 743 2994 797 laus
3029 761 3162 801 vero
3216 749 3378 806 bonis
3407 754 3509 807 tri-

1929 820 2149 876 bucnda
2176 825 2266 878 sit.

1998 910 2318 968 lsocrat.—
2358 915 2577 973 Fideles
2620 921 2900 988 existima,
2960 942 3070 980 non
3117 930 3220 997 qui
3280 932 3511 992 laudent

1929 1003 2202 1072 quidquid
2235 1010 2418 1077 egeris
2441 1020 2538 1065 aut
2562 1011 2792 1079 dixeris,
2821 1016 2916 1072 sed
2950 1020 3047 1088 qui
3077 1021 3509 1094 increpentcum

1927 1109 2264 1164 peccaveris.

2001 1186 2338 1246 How/tionis.
2381 1223 2450 1234 —
2491 1194 2548 1249 Si
2581 1195 2724 1253 bene
2780 1202 2975 1256 audire
3028 1205 3134 1269 vis,
3184 1207 3338 1264 disce
3369 1211 3510 1264 bene

1929 1279 2103 1348 loqui.
2131 1279 2302 1336 Stude
2325 1284 2468 1339 bene
2487 1301 2673 1357 agere,
2705 1297 2874 1359 atque
2891 1302 2954 1348 ut
2983 1294 3124 1349 bene
3151 1297 3363 1364 audias,
3380 1300 3510 1356 boni

1927 1368 2114 1435 operis
2140 1368 2323 1425 fructu
2367 1377 2746 1444 consequeris.

1999 1459 2255 1530 Polywm'.
2282 1492 2351 1503 —
2381 1465 2713 1522 Praesentem
2743 1486 2845 1524 nec
2874 1473 3151 1543 vitupera,
3184 1492 3288 1532 nec
3320 1476 3512 1533 lauda-

1928 1555 2102 1617 veris;
2142 1555 2380 1610 alterum
2416 1559 2567 1612 enim
2616 1561 2966 1619 inimicitiam
3029 1569 3210 1633 all‘ert,
3273 1572 3510 1626 alterum

1928 1644 2322 1702 adulationem.

1998 1736 2250 1808 Cypselli.
2283 1743 2601 1807 —Vivens,
2644 1746 2900 1814 laudare;
2938 1751 3048 1806 vita
3109 1751 3360 1816 functus,"
3387 1755 3514 1810 bea-

1929 1839 2016 1883 tus
2051 1833 2405 1899 praedicator.
3353 1905 3360 1912 _

1997 1923 2314 1993 Antagcnes.
2351 1957 2419 1963 —
2444 1927 2641 1983 Aiebat
2670 1929 3026 2001 Antagenes:
3073 1934 3211 1989 Cum
3247 1951 3334 1991 me
3387 1939 3514 1992 vul-

1923 2028 2027 2082 gus
2051 2012 2336 2068 hominum
2366 2017 2576 2080 laudat,
2613 2022 2824 2075 nullius
2868 2038 2956 2077 me
3007 2024 3232 2092 dignum
3269 2042 3390 2082 esse
3418 2046 3510 2083 ar-

1925 2106 2103 2160 bitror
2129 2123 2143 2171 ;
2169 2122 2294 2162 cum
2324 2124 2456 2164 vero
2480 2113 2665 2179 pauci.
2697 2115 2877 2167 virum
2929 2116 3263 2172 studiosum.

2491 2219 2726 2274 SERMO
2757 2222 2942 2279 XLIV.

2452 2310 2530 2364 De
2574 2314 2980 2382 pulcln'ilndine.

1995 2398 2184 2453 Matth.
2211 2417 2286 2465 vr,
2315 2402 2407 2457 28.
2437 2432 2500 2442 —
2520 2403 2883 2462 Considerate
2917 2407 3031 2462 lilia
3065 2409 3203 2480 agri,
3233 2416 3511 2480 quomodo

1925 2500 2225 2554 crescunt;
2256 2507 2367 2545 non
2403 2493 2680 2558 laborant,
2741 2512 2922 2565 neque
2952 2507 3107 2553 nent.
3158 2501 3292 2556 Dico
3325 2513 3510 2561 autem

1925 2581 2104 2638 vobis.
2133 2583 2394 2649 quoniam
2442 2600 2548 2639 nec
2575 2585 2841 2642 Salomon
2896 2591 2952 2642 in
3002 2593 3151 2646 omni
3197 2595 3368 2664 gloria
3411 2615 3508 2652 sua

1925 2684 2224 2740 c00pertus
2251 2683 2336 2728 est
2358 2676 2694 2732 sicutunum
2730 2694 2797 2733 ex
2833 2681 2976 2736 istis.
3365 2693 3367 2695 ’

1997 2762 2025 2816 Ι
2050 2764 2180 2819 Tim.
2219 2782 2278 2829 ιι,
2311 2767 2366 2820 9.
2389 2796 2462 2809 --
2485 2768 2621 2823 Volo
2638 2771 2904 2829 mulieres
2930 2775 2982 2828 in
3015 2775 3205 2829 habitu
3238 2787 3511 2854 modesto,

1926 2871 2052 2908 cum
2089 2858 2421 2912 verecundia
2458 2868 2515 2914 et
2557 2862 2812 2919 castitate
2851 2881 3050 2919 ornare
3095 2870 3353 2939 scipsns;
3401 2893 3509 2932 non

1928 2947 2092 3001 tortis
2121 2949 2394 3013 crinibus,
2422 2960 2519 3006 aut
2542 2967 2705 3019 auro,
2734 2963 2832 3008 aut
2859 2958 3193 3026 margaritis,
3233 2974 3327 3016 aut
3356 2977 3510 3022 veste

1930 3040 2193 3108 pretiosa.
3348 3035 3350 3037 ί

313 3145 561 3211 Παροιμ.
590 3148 665 3206 ς’.
696 3171 768 3180 -
796 3141 886 3210 Μή
925 3158 983 3194 σε
1029 3141 1230 3212 νικήσῃ
1259 3136 1491 3200 κάλλους
1520 3137 1785 3207 ἐπιθυμία
1806 3155 1818 3166 ·
1849 3137 1890 3192 C

1849 3137 1890 3192 C
1993 3130 2152 3184 Prov.
2186 3148 2261 3194 γι,
2294 3133 2384 3187 25.
2411 3163 2480 3173 —-
2508 3135 2588 3189 Ne
2619 3144 2675 3192 te
2716 3138 2903 3194 vincat
2950 3139 3384 3210 pulchritudinis
3413 3158 3507 3195 cu-

245 3234 389 3305 μηδὲ
417 3233 696 3305 ἀγρευθῇς
725 3234 838 3295 σοῖς
865 3231 1184 3302 ὀφθαλμοῖς.

311 3324 496 3394 Σιρὰχ
558 3331 650 3380 ια’.
703 3353 776 3366 -
826 3324 918 3394 Μὴ
978 3323 1202 3394 αἰνέσῃς
1268 3321 1438 3394 ἄνδρα
1519 3321 1580 3374 έν
1632 3320 1819 3373 κάλλει

239 3416 437 3473 αὑτοῦ.

308 3510 496 3578 Σιρὰχ
521 3509 638 3574 κς’.
673 3537 746 3550 -
779 3508 992 3572 Κάλλος
1023 3505 1320 3582 προσώπου
1347 3507 1443 3562 ἐπὶ
1464 3505 1655 3580 ἡλικίᾳ
1691 3523 1820 3560 στα-

237 3602 401 3662 aint.

299 3621 656 3752 ιὲἳσιλείου.
694 3727 766 3738 -—
799 3696 858 3750 Ὀ
908 3695 1151 3766 σήμερον
1197 3691 1428 3764 εὐθαλὴς
1474 3690 1554 3761 τῷ
1606 3688 1820 3758 σώματι

234 3789 808 3860 κατασεσαρκωμένος
862 3787 967 3841 ὑπὸ
1019 3787 1254 3858 τρυφῆς,
1303 3783 1647 3838 ἐπανθοῦσαν
1680 3781 1820 3849 ἔχων

232 3885 339 3952 τὴν
381 3881 658 3953 εὔχροιαν,
699 3880 804 3935 ὑπὸ
859 3881 958 3950 τῆς
1000 3878 1144 3932 κατὰ
1208 3879 1307 3947 τὴν
1355 3875 1574 3946 ἠλικίαν
1633 3875 1820 3940 ἀκμῆς

235 3974 498 4045 σφριγῶν
521 3975 616 4026 καὶ
648 3972 899 4035 σύντονος
927 3970 1025 4024 καὶ
1059 3969 1434 4030 ἀνυπόστατος
1467 3967 1568 4043 τὴν
1601 3967 1781 4035 ὁρμὴν
1803 4007 1816 4028 ,

233 4065 431 4137 αὔριον
458 4068 487 4120 6
510 4065 676 4129 αὐτὸς
693 4059 845 4128 οὗτος
864 4061 1172 4133 ὲλεεινδς,ἢ
1202 4060 1278 4131 τῷ
1300 4059 1480 4131 χρόνῳ
1498 4058 1817 4130 μαρανθεὶς,

235 4159 271 4230 ἢ
311 4159 450 4230 νόσῳ
475 4158 767 4221 διαλυθείς.

313 4251 634 4319 Θεολόγου.
668 4279 743 4292 -
763 4249 980 4322 Χρυσὸς
997 4247 1096 4302 καὶ
1111 4245 1274 4313 λίθοι,
1304 4245 1400 4298 καὶ
1418 4243 1487 4298 τὰ
1498 4243 1694 4314 τέχνης
1729 4242 1821 4296 καὶ

235 4343 427 4416 χειρὸς
488 4343 866 4416 ὡραϊσματα,
923 4341 1025 4412 τὴν
1073 4341 1172 4411 μὲν
1209 4337 1443 4417 αἰσχρὰν
1491 4337 1705 4408 ἐλέγχει
1753 4338 1820 4407 τῇ

235 4434 567 4505 παραθέσει,
597 4437 664 4506 τῇ
691 4433 832 4504 καλῇ
855 4433 898 4486 δ’
933 4433 994 4486 οὐ
1023 4431 1308 4504 προσθήκη
1331 4468 1348 4495 ,
1391 4427 1621 4490 κάλλους
1650 4427 1822 4499 ἡττώ-

241 4537 404 4593 μενα.

309 4701 526 4765 Κάλλος
552 4699 740 4772 νόμιζε
761 4699 861 4771 τὴν
889 4699 1103 4772 φρενῶν
1137 4697 1460 4770 εὐκοσμίαν.

310 4877 453 4932 υῦτε
479 4877 613 4946 φλὸξ
640 4877 792 4948 μένει
828 4877 929 4946 τῆς
959 4875 1090 4948 ῦλης
1118 4875 1549 4948 δαπανηθείσης,
1580 4875 1718 4931 ἀλλά
1744 4876 1822 4946 τῷ

233 4970 533 5024 ἀνάπτοντι
585 4967 982 5039 συναπέρχεται
1017 4985 1032 5000 ο
1072 4967 1197 5022 οὔτε
1248 4967 1512 5039 λογισμὸς
1563 4967 1820 5038 ἐμπαθὴς

235 5063 534 5132 ὑφίσταται
572 5062 976 5133 μαραινομένου
1003 5060 1099 5114 τοῦ
1123 5062 1570 5130 ὑπεκκαύματος.

309 5153 404 5222 Μή
431 5168 490 5204 σε
516 5149 797 5222 νικησάτω
828 5149 1060 5214 κάλλους
1103 5149 1392 5220 ἐπιθυμία,
1436 5149 1572 5220 μηδὲ
1619 5165 1821 5220 συναρ-

237 5242 458 5314 πασθῇς
483 5245 595 5306 σοῖς
626 5241 940 5314 βλεφάροις,
968 5242 1019 5296 εί
1048 5240 1297 5308 δυνατὸν,
1336 5239 1500 5312 μέχρι
1526 5240 1623 5294 καὶ
1679 5258 1821 5313 παρ-

237 5335 524 5407 οράματος
553 5334 662 5405 (ο)ο

307 5531 355 5567 ’ν
391 5531 453 5589 ιιι
485 5531 663 5591 .Gesu.
689 5531 848 5588 Stob.
880 5532 1001 5588 161.

1929 3223 2152 3291 piditas,
2187 3240 2291 3277 nec
2320 3227 2562 3295 capiaris
2594 3230 2774 3284 oculis
2812 3230 2943 3286 tuis.

1998 3313 2166 3368 Eccli.
2199 3330 2274 3379 ιιι,
2310 3317 2366 3370 2.
2392 3345 2462 3356 —
2487 3318 2567 3372 Ne
2592 3317 2912 3376 laudaveris
2963 3322 3140 3376 virum
3188 3322 3244 3375 in
3273 3323 3512 3392 pulchri-

1932 3399 2125 3455 tudine
2155 3402 2295 3471 ejus.

1997 3493 2164 3547 Eccli.
2198 3510 2346 3558 xxx-1,
2383 3496 2472 3550 22.
2507 3527 2579 3538 —
2616 3498 2985 3556 Pulchritudo
3039 3503 3227 3558 vultus
3269 3504 3321 3558 in
3350 3513 3510 3561 nitate

1928 3585 2133 3638 stabili.

1995 3673 2206 3729 Basilii.
2243 3708 2308 3718 —-
2335 3676 2440 3743 Qui
2474 3679 2642 3734 hodie
2673 3689 2872 3750 vegeto
2899 3693 2984 3737 est
3017 3699 3271 3753 corpore,
3306 3701 3510 3754 corpu-

1929 3768 2114 3822 lentus
2151 3785 2267 3838 pra:
2296 3769 2533 3837 deliciis,
2568 3773 2788 3828 ﬂorenti
2820 3775 2993 3831 forma
3043 3793 3107 3832 ac
3159 3787 3394 3832 venusto
3421 3793 3514 3833 co-

1929 3859 2065 3924 lore,
2103 3861 2174 3914 ob
2207 3863 2387 3917 aetatis
2428 3866 2675 3935 vigorem
2742 3868 3016 3923 lascivens
3065 3878 3422 3939 turgensque,
3457 3880 3514 3924 et

1929 3957 2168 4013 torosus,
2195 3967 2259 4005 ac
2298 3955 2460 4024 cujus
2487 3970 2650 4010 nemo
2674 3957 2944 4027 impetum
2970 3958 3146 4023 lerat;
3182 3959 3228 4013 is
3255 3959 3369 4027 ipse
3391 3976 3514 4013 cras

1929 4042 2263 4098 miserabilis
2285 4046 2416 4110 erit,
2442 4048 2526 4101 vel
2576 4057 2823 4118 tempore
2867 4048 3047 4104 factus
3095 4050 3395 4117 marcidus,
3426 4053 3510 4107 vel

1929 4135 2124 4188 morbo
2161 4135 2493 4206 dissolutus.

2002 4226 2264 4297 Theologi.
2291 4228 2607 4294 ~Aurum,
2631 4229 2831 4299 lapilli,
2869 4232 3198 4302 reliquaque
3221 4233 3510 4287 hominum

1929 4316 2064 4369 artis
2098 4333 2405 4387 manusque
2431 4329 2782 4384 ornamenta,
2848 4321 3124 4386 mulieris,
3177 4338 3300 4392 qua:
3337 4323 3511 4392 turpis

1929 4408 2001 4462 sit
2044 4410 2438 4474 ctinvenusta,
2499 4410 2586 4465 sui
2623 4413 3040 4480 comparatione
3099 4413 3510 4468 deformitatem

1853 4489 1900 4545 Ι)
1928 4499 2205 4568 produnt;
2240 4499 2499 4556 formosa:
2525 4516 2654 4556 vero
2688 4501 2826 4555 nihil
2845 4501 3068 4556 decoris
3100 4502 3336 4570 addunt,
3354 4506 3515 4576 cujus

1928 4591 2203 4644 venustati
2235 4592 2457 4646 cedant.

1999 4683 2483 4740 Pulchritudinem
2506 4684 2789 4752 existima,
2821 4685 2992 4742 animi
3035 4697 3294 4743 ornatum
3326 4704 3390 4744 ac
3413 4690 3511 4744 dc-

1927 4773 2188 4829 centiam.

1997 4871 2109 4926 Nec
2139 4870 2358 4929 ﬂamma
2383 4884 2570 4929 manet
2590 4885 2925 4947 consumpta
2942 4879 3201 4944 materia,
3232 4880 3329 4933 sed
3349 4880 3512 4935 simul

1928 4978 2053 5018 cum
2086 4963 2333 5019 fomento
2365 4979 2468 5020 suo
2496 4968 2820 5034 evanescit;
2875 4985 2982 5026 nec
3026 4972 3326 5028 libidinosa
3367 4976 3515 5045 cogi-

1932 5055 2067 5108 tatin
2091 5056 2370 5120 consistit,
2390 5057 2543 5111 illius
2566 5069 2976 5117 emarcescente
3004 5062 3272 5121 fomento.

2005 5148 2159 5202 Prov.
2191 5166 2265 5214 vi,
2289 5150 2380 5205 25,
2405 5180 2474 5192 -
2497 5152 2574 5205 Ne
2601 5160 2654 5206 te
2678 5153 2867 5208 vincat
2897 5154 3088 5210 forma:
3110 5157 3511 5227 concupiscen-

1929 5240 2027 5303 tia,
2069 5255 2173 5296 nec
2215 5241 2504 5312 arripiaris
2553 5246 2840 5316 palpebris
2864 5247 2996 5312 tuis,
3047 5249 3094 5303 si
3137 5249 3257 5304 lieri
3308 5260 3508 5321 potest,

1927 5330 2092 5401 640
2110 5348 2179 5386 ne
2210 5333 2279 5388 ad
2311 5336 2600 5393 minimum
2619 5346 2675 5393 et
2701 5341 2860 5410 quasi
2885 5340 3316 5399 conniventibus
3336 5344 3513 5402 oculis

1928 5423 2207 5480 obtutum.

1745 5625 1976 5684 ΝΟΤᾸΕ.

315 5720 390 5788 (ο)
412 5721 598 5789 Μέγρι
636 5721 730 5774 καὶ
764 5717 1202 5789 παροράμιιτος.
1237 5717 1306 5774 Ut
1338 5717 1424 5772 vel
1445 5717 1635 5772 saltem
1669 5718 1816 5773 lituis

1924 5721 2110 5778 Patres
2141 5726 2410 5781 castitatis
2443 5726 2943 5796 observantissimi,
2990 5749 3258 5791 summam
3311 5737 3504 5791 oculo-

241 5793 423 5861 oculis
443 5801 534 5846 aut
554 5794 708 5863 quasi
748 5791 1176 5847 conniventibus
1211 5789 1481 5860 aspicias:
1525 5789 1604 5844 sic
1655 5790 1802 5846 enim
1913 5807 2036 5848 rum
2094 5797 2317 5867 exigunt
2348 5802 2771 5870 cniitinenliam,
2821 5789 2972 5874 quod
3026 5789 3127 5876 per
3161 5789 3276 5863 ἰδὲ,
3321 5789 3496 5863 facile
