4246 6438
752 362 853 429 931

1908 360 1967 418 S.
2010 355 2299 417 MAXIMI
2328 356 2762 419 CONFESSOR
2775 359 2841 419 [3

3878 360 3994 423 932

750 480 896 551 quod
930 480 984 534 in
1015 494 1114 534 eos
1167 493 1276 533 non
1325 477 1792 532 animadvertitur
1822 476 2033 544 Deique
2071 472 2319 533 lenitate,
2349 472 2427 527 Αε

2315 472 2540 536 νΑτοῖς
2578 472 2647 525 τὰ
2691 475 2790 544 τῆς
2828 471 3100 542 τιμωρὲας
3172 470 3260 525 διὰ
3309 471 3408 542 τῆς
3460 472 3845 542 ἀτιμωρησίας
3893 474 3992 523 καὶ

749 586 911 640 poena
936 570 1019 625 eis
1046 577 1297 639 augetur.
1772 617 1775 621 .

819 658 874 713 Si
908 659 1056 712 enim
1101 659 1198 726 qui
1252 658 1385 713 solis
1429 673 1593 712 usura
1643 672 1753 711 non
1809 655 2093 719 fruuntur,
2144 652 2313 706 vitam

748 747 898 799 omni
928 754 1104 801 morte
1130 747 1477 801 acerbiorem
1508 747 1713 800 ducere
1736 761 1794 799 se
1814 744 2167 806 existimant;
2193 756 2315 810 quae

748 837 969 889 illorum
992 835 1193 890 merito
1213 836 1454 906 putanda
1480 834 1773 899 erueiatio,
1802 833 1898 903 qui
1934 833 2059 886 luce
2100 831 2192 885 illa
2226 845 2316 886 ca-

748 927 998 980 ruerint?

815 1016 973 1085 Greg.
1010 1014 1166 1085 Nyss.
1210 1045 1278 1056 —-
1301 1015 1473 1085 Digna
1515 1014 1614 1067 tibi
1644 1028 1744 1081 pro
1798 1012 2063 1067 sementis
2096 1009 2311 1064 ratione

744 1106 941 1160 messis
979 1106 1297 1159 constituta.
1354 1105 1650 1159 Seminasti
1698 1103 2100 1159 acerbitatem?
2132 1102 2312 1155 mani-

742 1197 902 1265 pulos
952 1196 1168 1266 collige.
1223 1198 1623 1251 humanitatem
1674 1194 1929 1250 coluisti?
1970 1194 2110 1247 habe
2164 1192 2311 1262 quod

740 1288 1007 1343 dilexisti.
1034 1289 1241 1358 Fugisti
1286 1286 1758 1341 misericordiam?
1790 1294 1842 1340 te
1882 1285 2057 1355 fugiet
2090 1285 2312 1338 miseri-

738 1379 949 1434 cordia.
986 1379 1353 1433 Abominatus
1381 1395 1443 1433 es
1491 1378 1832 1449 pauperem?
1861 1386 1914 1432 te
1964 1378 2055 1430 ille
2103 1376 2313 1431 abomi-

737 1470 963 1524 nabitur
992 1471 1089 1539 qui
1125 1479 1350 1539 propter
1374 1486 1477 1524 nos
1510 1484 1719 1539 egenus
1742 1469 1925 1523 factus
1958 1478 2063 1523 est.

805 1559 1067 1614 Philonis.
1116 1590 1188 1601 —-
1237 1561 1380 1614 Fieri
1435 1576 1548 1614 non
1596 1568 1801 1630 potest,
1852 1568 1913 1613 ut
1964 1559 2051 1613 vel
2102 1558 2310 1626 impro-

735 1650 842 1705 bus
861 1651 1061 1705 bonam
1109 1667 1139 1705 a
1167 1652 1280 1707 Deo
1306 1651 1615 1707 mercedem
1658 1651 1895 1717 amittat,
1930 1651 2095 1704 unius
2120 1651 2307 1720 cujus-

736 1742 861 1795 dam
911 1743 1066 1806 boni,
1090 1743 1235 1812 quod
1287 1743 1405 1812 ipse
1436 1743 1583 1797 inter
1619 1759 1729 1796 non
1764 1742 1922 1813 plura
1950 1742 2119 1806 bona,
2177 1756 2306 1811 per-

2418 565 2518 633 τῆς
2551 563 2939 633 μακροθυμίας
2966 563 3062 617 τοῦ
3094 563 3253 616 Θεοῦ.

2488 653 2555 706 Et
2578 653 2687 723 γὰρ
2722 654 2771 706 οἱ
2794 653 2855 705 τὸ
2882 653 2997 721 φῶς
3026 654 3088 705 τὸ
3120 653 3345 722 ἡλιακὸν
3366 653 3439 725 μὴ
3474 652 3761 723 θεώμενοι,
3784 654 3997 717 παντὸς

2416 741 2648 795 θανάτου
2698 742 3030 811 πικροτέραν
3078 742 3410 811 ὑπομένουσι
3457 740 3625 812 ζωὴν,
3681 742 3733 795 τί
3795 743 3997 796 παθεῖν

2414 835 2562 898 εἰκὸς
2590 834 2719 898 τοὺς
2743 832 2839 886 τοῦ
2888 833 3065 902 φωτὸς
3101 831 3578 903 ἀποστερηθέντας
3610 833 3845 887 ἐκείνου.

2484 1011 2667 1077 Γρηγ.
2694 1007 3161 1073 Νύσσ.-”Αξιόν
3208 1024 3290 1060 σοι
3321 1006 3425 1077 τῆς
3472 1008 3679 1077 σπορᾶς
3709 1006 3771 1059 τδ
3803 1006 3993 1076 θέρος.

2415 1100 2646 1165 Πικρίαν
2674 1099 2969 1169 ἔσπειρας;
2999 1100 3204 1169 δρέπου
3226 1098 3293 1150 τὰ
3317 1097 3638 1169 δράγματα;
3664 1099 3737 1150 Τὸ
3759 1097 3996 1166 ἀνηλεὲς

2414 1193 2682 1261 ἐτίμησας
2707 1211 2723 1258 ;
2760 1193 2849 1262 ἔχε
2880 1194 3018 1261 ὅπερ
3058 1194 3375 1260 ἠγάπησας.
3399 1193 3645 1259 Ἔιρυγες
3670 1190 3761 1243 τὸν
3792 1190 3943 1243 ἔλεον
3971 1208 3991 1255 ς

2412 1282 2673 1348 Φεύξεταί
2708 1300 2768 1336 σε
2800 1286 2830 1336 ὁ
2856 1283 3026 1344 ἔλεος,
3062 1282 3360 1349 Ἐὁδελύξω
3389 1282 3605 1351 πτωχόν
3629 1298 3645 1348 ;
3673 1279 3995 1351 βδελύξεταὶ

2414 1390 2475 1426 σε
2502 1375 2531 1426 ὁ
2558 1374 2626 1427 δι’
2660 1376 2805 1444 ἡμᾶς
2830 1374 3174 1443 πτωχεύσεις.

2485 1560 2775 1622 Φίλωνος.
2809 1585 2873 1597 -
2914 1556 3028 1609 Οὐκ
3064 1556 3183 1608 ἐστι
3214 1553 3365 1624 παρὰ
3391 1552 3550 1615 Θεοῦ,
3577 1552 3702 1606 οὔτε
3746 1554 3993 1623 πονηρὸν

2408 1646 2537 1702 ὄντα
2562 1647 2828 1701 ἀπολέσαι
2852 1646 2945 1699 τδν
2975 1646 3181 1714 ἀγαθὸν
3210 1645 3402 1714 μισθὸν
3444 1644 3573 1714 περὶ
3603 1643 3721 1706 ἐνὸς
3751 1642 3987 1710 ἀγαθοῦ,

2415 1738 2533 1806 μετ’
2558 1738 2620 1790 οὐ
2648 1737 2910 1791 πλειόνων
2943 1736 3164 1804 ἀγαθῶν
3183 1735 3576 1804 πεπραγμένου
3609 1734 3702 1801 (r)'
3726 1733 3854 1786 οὔτε
3883 1733 3993 1788 πά-

735 1832 949 1902 egerit;
1005 1801 1329 1888 aut-rursus
1380 1841 1440 1887 ut
1490 1833 1702 1902 probus
1728 1801 2060 1902 supplicium
2088 1801 2304 1895 evadat,
2340 1801 2380 1854 Β

2340 1801 2380 1854 Β
2412 1801 2493 1881 λιν
2524 1828 2727 1896 ἀγαθὸν
2763 1829 2892 1881 ὄντα
2943 1801 3209 1880 ἀπολέσαι
3247 1801 3347 1896 την
3376 1801 3597 1880 κδλασιν
3636 1828 3733 1880 καὶ
3776 1828 3851 1897 μὴ
3884 1826 3986 1881 λα·

736 1939 841 1978 nec
875 1938 1093 1993 pmnam
1120 1923 1373 1994 recipiat,
1432 1925 1475 1978 si
1506 1923 1638 1993 quid
1674 1924 1825 1987 mali,
1862 1924 2028 1978 etiam
2057 1924 2309 1994 pluribus

733 2015 907 2069 fretus
934 2014 1117 2077 bonis,
1148 2014 1509 2069 commiserit.
1540 2015 1774 2069 Necesse
1799 2015 1945 2069 enim
1984 2026 2090 2080 est,
2127 2018 2306 2071 Deum

732 2122 888 2175 aequa
918 2104 1071 2159 lance
1098 2106 1359 2175 justeque
1385 2106 1627 2174 pondere
1659 2116 1857 2161 cuncta
1886 2107 2139 2162 reddere.

800 2196 921 2250 Non
949 2196 1041 2250 hic
1068 2196 1305 2250 cruciari
1350 2198 1555 2251 malum
1585 2208 1691 2264 est,
1728 2198 1825 2253 sed
1857 2198 2045 2251 futuro
2080 2198 2193 2252 illic
2221 2198 2309 2252 dio

731 2302 899 2358 gnum
929 2287 1122 2343 haberi
1152 2288 1442 2356 supplicio.

802 2377 1121 2431 Zaleuci.-—
1167 2377 1257 2431 Sic
1298 2378 1459 2432 nobis
1505 2389 1839 2448 praeceptum
1880 2389 2020 2443 esto,
2051 2380 2311 2434 omnibus

731 2470 1004 2541 ejusmodi
1060 2469 1297 2533 civibus,
1353 2471 1490 2526 viris
1542 2473 1749 2541 pariter
1784 2482 1949 2541 atque
1980 2471 2220 2536 feminis,
2246 2487 2310 2525 ac

733 2559 1056 2629 inquilinis;
1094 2567 1155 2612 ut
1191 2559 1611 2614 meminerimus
1636 2563 1808 2616 Deum
1839 2578 1982 2627 esse,
2019 2572 2073 2616 et
2105 2562 2310 2632 iniquis

732 2664 923 2720 pmnas
966 2650 1244 2720 inﬂigere;
1324 2651 1597 2719 nobisque
1651 2668 1925 2721 ponamus
1984 2654 2056 2708 ob
2113 2655 2308 2709 oculos

734 2749 954 2810 tempus
984 2740 1143 2803 illud,
1168 2756 1279 2810 quo
1324 2740 1766 2812 uniuscujusque
1791 2743 2014 2797 futurus
2043 2743 2170 2799 vitae
2196 2746 2310 2799 exi-

733 2841 827 2885 tus
847 2838 951 2884 cst.
973 2829 1238 2900 Quisquis
1291 2831 1440 2884 enim
1488 2832 1599 2901 jam
1645 2837 1951 2889 moriturus
1998 2844 2103 2899 est,
2133 2835 2310 2905 poeni-

734 2922 869 2976 tudo
899 2922 1022 2991 ejus
1072 2921 1320 2976 animum
1372 2923 1621 2986 incessit,
1654 2938 1846 2978 eorum
1895 2925 2158 2979 memoria
2189 2941 2310 2994 qua:

733 3013 922 3082 inique
949 3014 1140 3085 gessit,
1166 3023 1477 3081 cunctaque
1503 3013 1652 3083 juste
1687 3029 1750 3067 ac
1780 3024 1969 3068 sancte
2010 3014 2116 3067 sibi
2157 3024 2308 3086 gesta

732 3120 875 3170 esse,
910 3105 1073 3159 enixe
1097 3104 1250 3159 velit.

802 3196 1226 3267 Apollonii.—Si
1256 3197 1381 3267 quis
1408 3211 1606 3253 sensus
1633 3197 1779 3267 apud
1812 3197 2020 3251 inferos
2050 3208 2153 3261 est,
2179 3198 2307 3252 Dei-

731 3301 839 3355 que
870 3286 1236 3355 providentia,
1269 3296 1331 3339 ut
1376 3286 1603 3355 quidem
1645 3287 2051 3353 existimamus,
2107 3286 2307 3341 defun-

730 3386 851 3432 ctos
890 3386 1086 3443 curat;
1147 3376 1294 3430 haud
1340 3376 1510 3431 dubie
1538 3417 1553 3442 ,
1595 3377 1690 3446 qui
1745 3378 2062 3432 labentibus
2105 3377 2308 3431 divinis

731 3468 1037 3523 honoribus
1066 3469 1307 3538 proclive
1331 3468 1579 3522 auxiliati
1605 3478 1753 3534 sunt,
1780 3486 1969 3524 curam
1995 3486 2026 3524 a
2056 3472 2168 3524 Deo
2194 3486 2309 3523 ma-

731 3556 931 3612 ximam
960 3568 1393 3627 consequantur.

798 3650 1097 3703 Plutarchi.
1117 3680 1185 3688 —
1200 3650 1511 3704 lnferorum
1536 3649 1833 3705 dehiscunt
1864 3652 2153 3721 profundae
2176 3668 2307 3721 por-

730 3749 820 3803 ιω,
844 3748 901 3792 et
932 3739 1076 3809 ignei
1108 3740 1261 3793 fluvii
1318 3740 1480 3794 simul
1521 3748 1580 3794 et
1628 3741 1798 3812 stygis
1838 3741 1943 3795 rivi
1969 3742 2309 3811 permiscen-

734 3840 843 3893 tur,
876 3838 933 3882 et
955 3829 1126 3885 variis
1177 3830 1421 3898 tenebra:
1465 3831 1704 3901 spectris
1753 3845 1817 3885 ac
1869 3831 2183 3886 simulacris
2207 3834 2310 3887 im-

730 3921 973 3991 plentur,
1009 3936 1244 3990 quorum
1279 3931 1439 3976 atrox
1460 3922 1622 3993 643
1646 3934 1905 3992 aspectus
1936 3934 2041 3989 est,
2070 3934 2126 3978 et
2145 3941 2309 3980 voces

728 4011 971 4066 eduntur
1004 4012 1362 4068 miserabiles.
1390 4013 1617 4068 Judiees
1640 4013 1772 4068 item
1799 4024 1856 4070 et
1881 4017 2108 4071 lictores
2130 4026 2185 4071 et
2210 4033 2308 4072 vo-

730 4104 970 4173 ragines,
1023 4102 1079 4159 et
1112 4104 1423 4160 innumeris
1459 4106 1608 4175 pleni
1654 4106 1814 4162 malis
1875 4123 2126 4165 recessus
2157 4123 2308 4179 pate-

729 4204 912 4251 εοιιιιι.

1278 4290 1510 4346 SERMO
1548 4292 1735 4347 XLVI.

1338 4383 1416 4436 De
1443 4384 1640 4453 gloria.

2411 1920 2525 1973 δεῖν
2556 1920 2744 1989 αὐτὴν,
2783 1920 2880 1975 καὶ
2911 1920 3051 1973 κατὰ
3100 1921 3359 1972 πλειόνων
3402 1918 3641 1987 ἀγαθῶν,
3676 1920 3773 1972 ἐὰν
3814 1936 3867 1971 τι
3896 1919 3991 1984 γέ-

2410 2032 2567 2084 νηται
2596 2014 2853 2084 πονηρόν.
2898 2014 3134 2081 Ἀνάγκη
3165 2012 3272 2083 γὰρ
3303 2011 3451 2080 ζυγῷ
3472 2012 3567 2063 καὶ
3596 2009 3820 2081 σταθμῷ
3845 2010 3989 2061 πάν-

2410 2121 2479 2158 τα
2515 2103 2822 2157 ἀποδιδόναι
2859 2104 2950 2155 τὸν
2982 2103 3135 2158 Θεὸν.
3182 2140 3183 2143 η

2482 2196 2557 2249 Οὐ
2595 2195 2657 2247 τὸ
2692 2193 3017 2257 κολάζεσθαι
3051 2193 3285 2248 ἐνταῦθα
3334 2192 3521 2257 κακὸν,
3570 2192 3705 2247 ἀλλὰ
3750 2192 3814 2246 τὸ
3835 2191 3990 2257 ἄξιον

2409 2286 2508 2357 τῆς
2542 2288 2721 2341 ἐκεῖσε
2747 2286 2996 2354 γενέσθαι
3024 2286 3315 2348 κολάσεως.

2480 2380 2812 2431 Ζαλεύκου.
2846 2406 2906 2418 --
2954 2371 3070 2429 Ὧδ’
3107 2380 3242 2447 ἡμῖν
3290 2376 3658 2447 παρηγγέλθω
3699 2379 3835 2430 πᾶσι
3872 2380 3988 2439 τοῖς

2410 2468 2673 2531 τοιούτοις
2722 2469 2965 2531 πολίταις
3013 2469 3109 2519 καὶ
3155 2468 3392 2521 πολίτισι
3422 2469 3518 2520 καὶ
3557 2469 3849 2531 συνοίκοις·
3892 2485 3989 2535 με-

2414 2562 2649 2630 μνῆσθαι
2680 2560 2813 2614 Θεὸν
2840 2561 2914 2624 ὡς
2946 2560 3097 2627 ὄντα,
3126 2562 3220 2614 καὶ
3246 2561 3402 2622 δίκας
3432 2560 3853 2629 ὲπιπέμπτοντα
3869 2561 3985 2621 τοῖς

2376 2672 2384 2682 ι
2411 2651 2631 2714 ἀδίκοις
2665 2651 2759 2703 καὶ
2794 2649 3042 2703 τίθεσθαι
3072 2649 3177 2719 πρὸ
3210 2649 3476 2720 ὀμμάτων
3507 2649 3597 2703 τὸν
3635 2648 3828 2719 καιρὸν
3857 2648 3988 2699 τοῦ-

2410 2759 2521 2804 τον,
2556 2742 2615 2791 ὲν
2652 2733 2696 2806 ᾧ
2727 2740 2937 2807 γίνεται
2989 2739 3051 2792 τὸ
3074 2739 3231 2801 τέλος
3263 2740 3495 2792 ἑκάστου
3530 2739 3631 2806 τῆς
3658 2738 3989 2805 ἀπαλλαγῆς

2410 2830 2503 2884 τοῦ
2540 2831 2658 2900 ζῇν.
2693 2830 2833 2882 [ἰᾶσι
2882 2829 2991 2898 γὰρ
3028 2829 3292 2897 ἐμπίπτει
3326 2828 3661 2898 μεταμέλεια
3707 2828 3819 2888 τοῖς
3854 2828 3985 2895 μέλ-

2409 2922 2562 2975 λουσι
2613 2921 2872 2990 τελευτᾷν
2902 2960 2917 2984 ,
2977 2918 3349 2990 μεμνημένοις
3390 2911 3465 2972 ὧν
3512 2918 3847 2987 ἠδικήκασι,
3889 2919 3987 2971 καὶ

2409 3013 2554 3085 ὁρμὴ
2585 3012 2678 3066 τοῦ
2731 3012 3016 3082 βούλεσθαι
3056 3014 3237 3066 πάντα
3282 3010 3600 3083 πεπρᾶχθαι
3623 3009 3851 3073 δικαίως
3886 3010 3987 3062 αὐ-

2330 3120 2377 3182 c
2406 3111 2539 3170 τοῖς.

2489 3200 2925 3254 Ἀπολλωνίου.
2946 3229 3017 3238 --
3047 3199 3113 3250 Εἰ
3142 3197 3187 3249 δ’
3243 3196 3392 3249 ἔστιν
3435 3197 3688 3266 αἴσθησις
3740 3197 3799 3249 ὲν
3830 3195 3978 3265 ᾅδου,

2407 3291 2502 3344 καὶ
2535 3290 2821 3358 ἐπιμέλεια
2854 3288 2964 3339 τῶν
3008 3274 3310 3356 οίςίομένων
3358 3287 3510 3357 παρὰ
3550 3286 3646 3338 τοῦ
3676 3286 3978 3355 δαιμονίου,

2406 3381 2595 3452 ὥσπερ
2649 3380 3106 3449 ὑπολαμϐάνομεν
3132 3420 3147 3444 ,
3200 3382 3285 3447 εἴη
3339 3380 3467 3442 τοὺς
3498 3382 3617 3441 ταῖς
3649 3381 3833 3448 τιμαῖς
3869 3378 3981 3430 τῶν

2405 3474 2557 3527 Θεῶν
2598 3474 3030 3544 καταλυομέναις
3062 3473 3458 3543 βοηθήσαντας,
3490 3471 3750 3540 πλείστης
3780 3474 3980 3541 ἐπιμε-

2408 3572 2559 3635 λείας
2589 3571 2694 3623 ὑπὸ
2724 3569 2819 3621 τοῦ
2864 3568 3144 3637 δαιμονίου
3172 3568 3488 3637 τυγχάνειν.

2485 3660 2902 3728 Πλουτάρχου.
2947 3690 3017 3702 -
3063 3660 3226 3729 ’ᾼδου
3273 3660 3416 3723 τινος
3461 3659 3765 3726 ἀνοιγονται
3813 3657 3983 3711 πύλαι

2411 3751 2643 3821 βαθεῖαι,
2666 3748 2760 3800 καὶ
2810 3746 3049 3816 ποταμοὶ
3096 3746 3269 3814 πυρὸς
3308 3745 3403 3798 καὶ
3436 3744 3630 3813 στυγὺς
3656 3744 3984 3815 ἀπορρῶγες

2410 3841 2873 3909 ἀνακεράννυνται
2902 3839 2995 3890 καὶ
3030 3836 3222 3899 σκότος
3264 3837 3603 3906 ἐμπίπλαται
3634 3836 3982 3903 πολυφαντά-

2411 3948 2551 3983 στων
2573 3929 2827 3990 εἰδώλων,
2856 3926 3101 3996 χαλεπὰς
3133 3928 3229 3996 μὲν
3258 3926 3430 3994 ὄψεις,
3460 3926 3682 3996 οἰκτρὰς
3712 3926 3767 3979 δὲ
3799 3929 3985 3995 φωνὰς

2409 4019 2799 4089 ἐπιφερόντων.
2826 4019 3088 4071 Δικασταὶ
3124 4018 3181 4069 δὲ
3225 4018 3320 4070 καὶ
3346 4017 3609 4070 κολασταὶ
3642 4018 3737 4071 καὶ
3764 4017 3984 4088 χάσμα-

2408 4128 2497 4175 τα,
2530 4111 2620 4162 καὶ
2656 4108 2817 4179 μυχοὶ
2856 4108 3066 4178 μυρίων
3096 4108 3285 4161 κακῶν
3314 4107 3596 4177 γέμοντες.

2973 4281 3192 4335 ΛΟΓΟΣ
3221 4282 3352 4347 MC."
3379 4282 3420 4336 ³.

2996 4373 3137 4442 nep:
3170 4373 3381 4439 δόξης.

786 4472 977 4527 Matth.
1005 4488 1079 4535 vt,
1103 4472 1191 4526 32.
1212 4502 1283 4512 -
1312 4449 1553 4538 Quaerite
1580 4492 1806 4547 regnum
1842 4479 1937 4534 Dei
1980 4488 2036 4534 et
2075 4480 2302 4548 gloriam
2336 4449 2382 4502 υ

2336 4449 2382 4502 Ῑ)
2478 4474 2665 4525 Maca.
2697 4468 2773 4533 ς’.
2800 4497 2870 4507 —
2899 4468 3120 4535 Ζητεϊτε
3140 4465 3237 4533 τὴν
3270 4464 3549 4534 βασιλείαν
3578 4465 3674 4518 τοῦ
3702 4465 3860 4530 Θεοῦ,
3894 4468 3986 4519 καὶ

726 4565 867 4636 ejus,
896 4574 954 4619 et
981 4562 1099 4618 haec
1122 4564 1306 4618 omnia
1336 4564 1668 4636 adjicientur
1711 4570 1887 4624 vobis.

800 4792 820 4823 ³
849 4789 906 4842 1η
932 4787 1100 4843 Gesn.
1129 4784 1285 4839 Stob.
1324 4788 1443 4843 162.

2411 4564 2509 4635 τὴν
2542 4560 2700 4628 δόξαν
2738 4557 2905 4613 αὐτοῦ
2950 4557 3041 4628 (ε),
3086 4556 3183 4610 καὶ
3228 4554 3400 4609 ταῦτα
3451 4557 3630 4609 πάντα
3678 4556 3987 4627 προστεθή-

2411 4672 2565 4709 τεται
2604 4654 2755 4722 ὑμῖν.

2243 4888 2476 4946 NOTAE.

799 5002 867 5071 (r)
893 5000 1048 5073 l'llsr‘
1096 5000 1168 5052 οὐ
1209 5001 1509 5073 πλειόνων
1564 5002 1807 5073 ἀγαθῶν
1852 5002 2298 5073 πεπραγμένον.

799 5022 867 5071 μ’)
914 5022 1028 5054 Μετ
1096 5022 1168 5052 Ου
1209 5022 1509 5053 πλειονων
1564 5022 1807 5073 arcu/tur
1852 5022 2051 5071 πεπρα
2088 5022 2298 5073 μενον.

729 5074 820 5128 Sic
850 5070 1505 5144 visum_emendare,_pro
1531 5086 1598 5126 eo
1619 5074 1765 5144 quod
1792 5082 1910 5126 erat
1947 5022 2090 5143 μετζ
2120 5075 2304 5144 πλειο-

728 5160 835 5194 νων
887 5139 1109 5206 ἀγαθῶν
1140 5178 1155 5202 ,
1187 5139 1650 5210 _emendabatque
1701 5142 1867 5196 Gesn.
1921 5139 2109 5197 κακῶν
2141 5186 2155 5205 ,
2210 5139 2306 5199 sed

728 5212 867 5267 nihil
900 5223 1144 5281 necesse.
1174 5208 1417 5278 Opponit
1446 5208 1716 5266 bonorum
1763 5214 2071 5281 penuriam,
2117 5222 2173 5266 et
2207 5214 2307 5267 bo-

727 5294 929 5336 norum
959 5279 1197 5351 copiam,
1224 5294 1459 5351 quarum
1482 5282 1653 5336 altera
1689 5279 1799 5336 non
1824 5294 2082 5351 gravetur
2102 5283 2308 5337 bonum

727 5366 888 5421 opus,
921 5356 977 5400 et
1009 5348 1157 5422 quod
1193 5348 1491 5422 singulare,
1518 5366 1589 5406 ne
1625 5348 1867 5406 donetu'r
1887 5354 2295 5422 ῇιιειορηυιιιὶυς

728 5417 901 5475 altera
919 5417 1270 5491 non_levetu_r
1300 5420 1684 5491 malum_0pus,
1702 5438 1772 5475 ne
1796 5417 1973 5491 pinnae
1998 5417 2298 5475 obnoxium

726 5485 1285 5561 exsistat._Exigenda
1317 5489 1433 5561 haec
1460 5489 1528 5543 ad
1558 5485 1847 5561 theologia:
1882 5503 1938 5547 et
1957 5493 2299 5547 ecclesiasti—

729 5577 821 5615 cas
846 5556 1090 5632 regulas,
1122 5554 1193 5611 de
1226 5560 1429 5614 merito
1465 5575 1719 5630 operum,
1748 5554 2067 5632 "divinaque
2125 5562 2181 5616 in
2219 5562 2301 5616 eis

731 5628 960 5685 iustitia.
1505 5628 1519 5630 ⁷
1827 5628 1835 5635 ’

726 5652 1155 5772 Ιυῖΐῖιῖῲζτὴν
1181 5697 1376 5772 adfati
1398 5702 1605 5772 αυτοῦ.
1642 5703 1717 5757 Ita
1750 5704 1974 5772 scripsit
2003 5703 2294 5764 Maximus,

730 5764 916 5840 sicque
947 5764 1113 5821 habet
1145 5782 1245 5823 ms.
1278 5770 1401 5827 cod.
1434 5771 1669 5828 Ballesd.
1697 5776 1800 5830 etsi
1831 5764 1997 5829 Gesn.
2026 5773 2299 5827 δικαιοσύ-

2409 5023 2508 5073 νην
2538 5012 2914 5074 repraesentat,
2933 5001 3088 5074 quasi
3119 5017 3186 5055 ex
3201 5001 3439 5065 Melissa,
3458 5003 3560 5057 sub
3582 5004 3774 5058 eodem
3796 5004 3983 5070 titulo,

2412 5072 2551 5142 Περὶ
2602 5072 2798 5141 δόξης,
2835 5072 3111 5143 quomodo
3172 5088 3281 5125 non
3326 5084 3450 5139 apte
3515 5089 3617 5125 vox
3668 5074 3984 5143 δικαιοσύνη

2414 5145 2591 5213 posita
2648 5155 2813 5197 esset.
2869 5142 3031 5213 Aliud
3102 5144 3249 5194 enim
3299 5151 3383 5195 est
3425 5143 3659 5210 justitia,
3736 5142 3984 5197 medium

2416 5212 2627 5267 scilicet
2687 5222 2742 5266 et
2788 5213 2881 5265 via
2932 5212 2999 5266 ad
3059 5213 3461 5279 assequendum
3512 5228 3780 5281 regnum:
3834 5213 3981 5279 δόξα,

2418 5284 2613 5351 gloria,
2636 5282 2906 5353 splendor,
2934 5282 3083 5350 quod
3106 5282 3280 5353 magis
3308 5292 3516 5353 spectat
3560 5282 3643 5353 ad,
3673 5284 3982 5351 praemium.

2409 5354 2515 5405 Sed
2540 5364 2624 5406 est
2643 5352 2853 5420 aliquid
2895 5352 3251 5420 μνημονικόν,
3284 5366 3409 5404 cum
3438 5352 3601 5418 hujus
3635 5352 3891 5406 lectionis
3929 5354 3985 5406 in

2408 5424 2601 5476 Bibliis
2635 5423 2828 5476 Matth.
2856 5438 2931 5485 γι,
2967 5429 3023 5475 et
3043 5421 3178 5473 Luc.
3201 5437 3295 5482 χιι,
3324 5422 3536 5475 nullum
3570 5423 3861 5491 vestigium
3889 5424 3981 5477 sit.

2410 5492 2503 5563 Sic
2533 5508 2678 5563 sape
2701 5494 2894 5548 Patres
2921 5507 2990 5545 ex
3023 5491 3291 5544 memoria
3319 5493 3480 5563 aliter
3519 5491 3786 5556 eitabant,
3815 5508 3983 5561 quam

2409 5562 2681 5617 haberent
2728 5563 2843 5631 ipsa
2896 5577 3087 5615 eorum
3132 5562 3505 5631 exemplaria;
3558 5571 3620 5615 ut
3666 5564 3832 5617 etiam
3868 5578 3987 5615 mo.

2409 5642 2504 5686 net
2534 5631 2693 5687 Grot.
2727 5631 3082 5700 ostenditque
3146 5632 3200 5685 in
3236 5632 3381 5685 lren.
3435 5631 3618 5700 Cypri.
3680 5633 3876 5689 Ambr.
3913 5633 3980 5686 ad

2408 5703 2541 5757 Luc.
2578 5702 2733 5767 illud,
2766 5702 3041 5772 Baptismo
3061 5702 3221 5756 habeo
3252 5702 3531 5773 baptizari.
