4246 6438
246 367 355 431 933

1511 360 1676 422 UJCI
1720 359 2151 418 COMMUNES.

3368 365 3469 432 sd-

331 481 504 550 ⁹Ρωμ.
535 487 606 548 η’.
641 511 703 521 —-
731 479 843 533 Οὐκ
876 478 1002 544 ἄξια
1032 478 1097 532 τὰ
1129 476 1421 548 παῦήματα
1452 476 1544 529 τοῦ
1571 477 1663 528 νῦν
1695 492 1814 528 και-
1847 483 1888 536 Α
1991 478 2008 530 l

1810 483 1888 536 Ἀ
1991 478 2138 530 Rom.
2171 493 2277 532 νιιι.
2325 478 2409 531 18.
2443 508 2501 516 -
2555 480 2669 533 Non
2719 489 2846 534 sunt
2885 480 3168 549 condignm
3211 485 3487 549 passiones

249 573 350 644 ροῦ
393 573 531 644 πρὸς
580 573 676 643 τὴν
729 573 1028 641 μέλλουσαν
1060 567 1221 633 δόξαν
1255 567 1709 636 ἀποκαλυφθῆναι
1741 567 1819 628 είς

245 665 421 734 ἡμᾶς·

322 758 565 822 Παροιμ.
602 752 670 822 γ’,
701 752 956 816 -Δόξαν
980 753 1133 822 σοφοὶ.
1156 750 1645 823 κληρονομήσουσν
1683 751 1730 800 οἰ
1763 747 1819 800 δὲ

244 845 486 909 ὰσεὸεῖς,
521 845 828 916 ὑψώσουσιν
857 845 1100 914 ἀτιμίαν.

322 939 569 1004 Παροιμ.
603 943 714 988 κα’.
749 967 821 978 -
855 935 1003 999 Ὁδὸς
1028 932 1375 1003 δικαιοσύνης
1399 931 1492 987 καὶ
1520 932 1820 999 ὲλεημοσὺο

246 1043 350 1096 νης
383 1026 603 1097 εὑρήσει
631 1025 776 1098 ζωὴν
812 1028 907 1080 καὶ
934 1026 1113 1092 δόξαν.
1403 1025 1409 1032 ’

321 1120 566 1187 Παροιμ.
593 1116 704 1186 γρ.
735 1147 803 1159 -
829 1119 996 1188 Γενεᾷ
1026 1118 1161 1188 σοφῇ
1190 1115 1252 1187 (ε)
1277 1115 1441 1186 φόϐος
1470 1115 1696 1186 Κυρίου,
1727 1113 1819 1167 καὶ

249 1209 482 1274 πλοῦτος
509 1212 604 1264 καὶ
632 1210 758 1278 δόξα
787 1215 880 1264 καὶ
907 1211 1043 1280 ζωή.

321 1297 504 1367 Σιρὰχ
535 1297 648 1352 .16’.
676 1299 851 1368 -Μὴ
888 1297 993 1369 δῷς
1028 1298 1217 1369 μῶμον
1239 1297 1299 1351 ὲν
1328 1298 1397 1367 τῇ
1425 1295 1552 1367 δόξῃ
1582 1311 1698 1359 σου,
1727 1293 1821 1347 καὶ

250 1391 311 1442 ὲν
341 1389 524 1462 ἡμέρᾳ
561 1388 720 1460 δόξης
751 1390 825 1460 μὴ
863 1391 1112 1461 ἐπαίρου.

324 1481 512 1550 Σιρὰχ
558 1479 624 1541 ζ’.
673 1509 727 1521 -—
757 1481 849 1550 Μὴ
885 1483 1038 1552 ζήτει
1071 1479 1222 1552 παρὰ
1254 1480 1463 1551 Κυρίου
1503 1479 1818 1551 ἡγεμονίαν,

254 1572 396 1643 μηδὲ
417 1573 566 1644 παρὰ
599 1572 862 1642 βασιλέως
885 1571 1157 1642 καθέδραν
1189 1572 1366 1640 δόξης.

323 1663 509 1733 Σιρὰχ
543 1670 637 1718 ta'.
663 1693 735 1704 —-
760 1663 949 1718 Πολλοὶ
973 1663 1233 1718 δυνάσται
1273 1662 1656 1734 ἡτιμὰσθησαν
1691 1663 1820 1731 σφό-

246 1753 376 1823 δρα,
415 1753 511 1806 καὶ
544 1752 745 1818 ἔνδοξοι
773 1753 1153 1824 παρεδόθησαν
1184 1756 1261 1817 είς
1292 1757 1480 1826 χεῖρας
1520 1753 1741 1821 ἑτέρων.

320 1843 504 1912 Σιρὰχ
537 1842 608 1898 θ’.
635 1873 702 1883 —
725 1842 817 1913 Μὴ
855 1843 1104 1914 ζηλώσῃς
1129 1843 1288 1910 δόξαν
1315 1842 1669 1914 ἁμαρτωλῶν,

319 1933 505 2003 Σιρὰχ
523 1932 593 1990 δ’.
616 1964 685 1975 -
705 1935 1001 2002 Μεγιστᾶνι
1028 1933 1284 1987 ταπείνου
1307 1935 1406 2002 τὴν
1429 1934 1670 2003 κεφαλήν
1701 1950 1814 1986 σου.

318 2022 504 2091 Σιρὰχ
533 2020 608 2090 η’.
642 2053 713 2064 -
743 2023 834 2094 Μὴ
863 2024 1131 2094 διαμάχου
1175 2025 1291 2094 μετ’
1339 2021 1628 2094 ἀνθρώπου
1658 2024 1819 2077 δυνά-

248 2127 400 2176 στου,
435 2114 645 2184 μήποτε
673 2114 918 2184 ὲμπέσῃς
948 2115 1026 2176 είς
1058 2113 1156 2177 τὰς
1195 2115 1383 2185 χεῖρας
1420 2113 1606 2167 αὑτοῦ.

318 2202 502 2271 Σιρὰχ
533 2209 626 2272 ιγ’.
661 2233 726 2242 -
761 2203 1246 2274 Προσκαλουμὲνου
1281 2221 1340 2257 σε
1374 2204 1659 2266 δυνάστου.
1685 2205 1819 2257 ὑπο-

247 2292 448 2365 χωρῶν
482 2293 650 2362 γίνου,
683 2294 779 2347 καὶ
821 2294 942 2346 τότε
986 2294 1221 2364 μάλιστα
1255 2295 1708 2364 προσκαλὲσεται.

317 2381 507 2452 Σιρὰχ
535 2382 654 2447 λβν.
673 2382 844 2436 -Ἐν
872 2382 1024 2454 μέσῳ
1053 2383 1398 2454 μεγιστάνων
1437 2384 1512 2454 μή
1545 2383 1794 2448 ἐξισὰζου

316 2559 504 2628 Σιρὰχ
530 2557 655 2627 μβ.
688 2591 759 2603 -
783 2560 896 2613 Οὐκ
936 2560 1193 2630 ἐποίησεν
1238 2560 1394 2614 οὐδὲν
1445 2560 1690 2614 ἐλλεῖπον
1715 2578 1728 2592 ο
1764 2562 1823 2614 ἓν

244 2648 348 2702 τοῦ
385 2649 502 2713 ἑνὸς
532 2649 836 2720 ἐστερέωσε
868 2651 936 2704 τὰ
963 2650 1165 2720 ἀγαθά·
1205 2652 1298 2706 καὶ
1330 2651 1418 2714 τίς
1450 2651 1822 2722 πλησθήσεται

247 2742 397 2813 ὁρῶν
422 2741 578 2806 δόξαν
608 2742 774 2798 αὐτοῦ
795 2761 827 2808 ;'

322 2836 540 2888 Βασιλ.
575 2863 641 2874 --
689 2834 750 2887 Ei
783 2833 941 2904 δόξης
977 2832 1289 2905 ἐπιθυμεῖς,
1333 2835 1428 2888 καὶ
1482 2834 1659 2906 βούλει
1715 2837 1824 2888 τῶν

250 2923 465 2976 πολλῶν
499 2923 947 2993 ὑπερϐαίνεσθαι,
969 2925 1065 2978 καὶ
1093 2923 1375 2995 εὐδόκιμος
1407 2923 1466 2976 ὲν
1489 2927 1602 2988 τοῖς
1633 2941 1824 2994 κοσμιο

251 3016 374 3079 κοῖς
416 3013 705 3086 πράγμασι
735 3015 1003 3083 γίνεσθαι,
1027 3015 1117 3068 ἔσο
1145 3015 1375 3078 δίκαιος,
1409 3013 1663 3085 σώφρων,
1688 3017 1823 3085 φρό-

1929 569 2090 635 hnjus
2128 571 2406 638 temporis,
2439 569 2504 623 ad
2542 569 2776 624 futuram
2803 571 3054 639 gloriam,
3080 587 3202 639 qu:e
3226 575 3490 626 rewlaln.

1928 666 2016 710 tur
2043 676 2093 710 III
2117 660 2291 713 nobis.

2000 751 2151 800 Prov.
2189 766 2262 812 ιιι,
2290 751 2376 803 55.
2407 781 2473 790 ——
2509 750 2750 804 Gloriam
2795 756 3067 820 sapientes
3093 753 3488 823 possidchmt;

1926 838 2074 908 impii
2105 850 2286 892 autem
2317 841 2634 896 cxaltabunt
2665 842 3037 908 ignominiam.

1997 932 2153 984 l’rov.
2193 947 2300 991 im,
2327 931 2415 984 2|.
2444 961 2510 970 -—
2538 932 2632 985 Via
2658 931 2880 1000 justitia:
2899 940 2955 985 et
2979 933 3364 988 misericordia:
3410 937 3491 988 in-

1925 1019 2107 1072 veniet
2137 1019 2304 1072 vitam
2332 1026 2386 1071 et
2407 1019 2652 1086 gloriam.

1993 1106 2146 1159 Prov.
2177 1120 2304 1169 xxn,
2335 1109 2385 1160 4.
2415 1137 2480 1147 -—
2503 1108 2785 1176 Progeniei
2813 1110 3044 1180 sapienti
3068 1110 3232 1164 timor
3254 1111 3491 1179 Domini,

1921 1207 1976 1251 et
2003 1198 2206 1252 divitia:
2240 1205 2295 1251 et
2324 1198 2492 1266 gloria
2507 1209 2564 1252 et
2591 1202 2716 1253 vita.

1987 1288 2147 1341 Ecrli.
2180 1305 2362 1353 χχχιιι,
2386 1291 2487 1354 24ς
2516 1307 2587 1355 xu,
2616 1293 2669 1344 4.
2708 1291 2786 1346 Ne
2813 1293 2910 1347 des
2930 1297 3196 1351 maculam
3228 1298 3282 1352 in
3319 1298 3491 1367 gloria

1924 1389 2036 1444 tua,
2069 1389 2125 1433 et
2156 1382 2209 1434 in
2235 1381 2324 1436 die
2348 1382 2535 1452 gloria:
2555 1398 2623 1436 ne
2653 1385 2950 1439 extollaris.

1983 1472 2142 1525 Ercli.
2179 1489 2271 1535 vn,
2292 1474 2345 1526 4.
2379 1503 2447 1515 --
2477 1474 2600 1528 Noli
2631 1490 2874 1543 qua:rere
2897 1491 2927 1530 a
2949 1476 3180 1532 Domino
3211 1479 3489 1541 ducatum,

1923 1577 2024 1615 nec
2044 1577 2073 1614 a
2105 1578 2229 1631 rege
2253 1561 2439 1617 sedem
2466 1563 2670 1632 gloriae.

1986 1651 2150 1706 Eccli.
2194 1669 2266 1716 xl,
2319 1653 2370 1707 6.
2409 1683 2478 1693 —
2510 1654 2663 1708 Multi
2713 1665 2964 1724 potentes
3010 1658 3333 1712 exhonorati
3365 1671 3493 1714 sunt

1921 1743 2102 1805 valde,
2132 1754 2188 1797 et
2212 1743 2434 1812 gloriosi
2465 1743 2648 1797 traditi
2673 1755 2802 1798 sunt
2829 1745 2882 1798 in
2903 1761 3097 1800 manus
3122 1749 3374 1802 aliorum.

1982 1833 2150 1886 Et-cli.
2187 1849 2259 1896 lx,
2293 1834 2455 1886 16.-
2473 1834 2550 1887 Ne
2576 1836 2850 1889 temuleris
2875 1835 3099 1905 gloriam
3121 1848 3491 1904 peccatorum.

1981 1923 2142 1976 Ercli.
2180 1939 2250 1986 Iv,
2287 1925 2334 1976 7.
2369 1953 2437 1962 -—
2461 1923 2694 1992 Magnati
2723 1926 2948 1980 humilia
2972 1937 3132 1997 caput
3163 1938 3334 1984 tuum.

1978 2013 2140 2067 Eccli.
2178 2030 2290 2077 VIII,
2328 2015 2376 2067 1.
2411 2044 2477 2053 -
2505 2014 2582 2068 Ne
2609 2015 2790 2084 litiges
2816 2033 2940 2072 cum
2983 2019 3203 2075 homine
3231 2032 3454 2090 potente
3473 2065 3488 2087 ,

1921 2121 1988 2160 ne
2016 2105 2154 2161 forte
2190 2107 2402 2160 incidas
2427 2107 2483 2160 in
2511 2121 2706 2161 manus
2741 2107 2909 2164 illius.

1988 2195 2150 2274 Hrof).
2187 2215 2299 2260 xui,
2331 2199 2418 2253 '12.
2445 2228 2516 2240 —
2561 2201 2834 2257 lnvitante
2875 2213 2927 2256 te
2958 2210 3204 2272 potente,
3229 2205 3490 2260 modestia

1921 2289 2076 2343 cede.
2099 2275 2157 2340 et
2191 2299 2321 2344 tunc
2352 2291 2524 2361 magis
2551 2292 2822 2347 invitabit.

1983 2380 2144 2432 Κιτιᾶ.
2169 2397 2330 2445 xxx“,
2355 2383 2511 2436 15.-
2529 2382 2587 2436 In
2609 2385 2789 2439 medio
2816 2396 3150 2454 magnatum,
3182 2405 3248 2442 ne
3270 2389 3495 2458 mquaits

1921 2470 2094 2524 videri
2131 2473 2287 2524 vt-lis.

1983 2561 2148 2616 Eccli.
2183 2579 2308 2627 xw,
2351 2565 2441 2618 95.
2469 2593 2539 2604 —-
2565 2565 2684 2620 Non
2718 2565 2849 2620 fecit
2892 2567 3188 2636 quidquam
3236 2568 3495 2637 imperfe—

1924 2661 2102 2718 ctum;
2134 2669 2300 2708 unum
2330 2655 2496 2710 unius
2530 2656 3068 2723 conﬁrmavitbona;
3097 2669 3151 2713 et
3179 2659 3302 2727 quis
3328 2660 3494 2714 satia-

1925 2745 2075 2799 bitur
2109 2745 2291 2800 videre
2319 2747 2548 2814 gloriam
2578 2748 2758 2801 illius?

1989 2835 2194 2891 Basilii.
2219 2865 2287 2876 -—-
2337 2838 2392 2892 Si
2426 2839 2612 2908 gloria:
2663 2839 2966 2908 cupiditate
2995 2839 3249 2905 duceris,
3302 2843 3494 2912 visque

1928 2930 2144 2998 majori,
2177 2945 2343 2998 quam
2373 2946 2494 2999 qua:
2522 2931 2668 2999 vulgi
2699 2930 2768 2984 sit
2789 2971 2802 2992 ,
2838 2932 3151 3000 praecellere
3182 2933 3384 3000 gloria,
3432 2947 3496 2984 ac

1928 3019 2110 3073 saeculi
2145 3019 2310 3072 rebus
2359 3019 2618 3087 probatus
2653 3018 2826 3073 videri
2853 3035 2866 3070 ε
2890 3031 3007 3072 esto
3037 3021 3220 3089 justus
3243 3061 3256 3084 ,
3311 3020 3499 3074 mode.-

251 3123 434 3176 νιμος,
484 3106 745 3175 ἀνδρεῖος,
776 3105 1176 3176 ὑπομονητικδς
1212 3107 1271 3160 ἐν
1319 3106 1434 3168 τοῖς
1478 3105 1619 3176 ὑπὲρ
1665 3107 1822 3159 εύςε-
1850 3144 1890 3199 C

1816 3137 1890 3199 πρ
1929 3115 2067 3170 stus,
2133 3109 2402 3175 prudens,
2454 3107 2643 3171 fortis,
2693 3109 3031 3160 sustinendis
3075 3109 3294 3173 pietatis
3332 3123 3493 3162 causa

253 3196 417 3260 δείας
452 3196 793 3266 παθήμασιν.
838 3195 996 3250 Οὕτω
1039 3196 1150 3266 γὰρ
1203 3195 1298 3248 καὶ
1343 3195 1568 3248 σεαυτὸν
1601 3194 1815 3257 σώσεις,

253 3289 352 3342 καὶ
403 3287 495 3341 ἐπὶ
527 3286 775 3358 μείζοσιν
816 3286 1041 3354 ἀγαθοῖς
1075 3285 1302 3356 μείζονα
1332 3284 1475 3350 ἕξεις
1516 3287 1612 3356 τήν
1662 3303 1818 3358 7:35:-

255 3377 508 3446 φάνειαν.

327 3469 432 3523 Τὸν
459 3469 779 3540 προεστῶτα
824 3467 899 3540 μὴ
930 3468 1206 3537 ὲπαιρέτω
1245 3469 1305 3520 τὸ
1333 3467 1571 3537 ἀξίωμα,
1619 3469 1704 3522 ἵνα
1746 3470 1817 3538 μὴ

251 3559 464 3632 ὲκπὲσῃ
503 3559 598 3614 τοῦ
645 3559 997 3631 μακαρισμοῦ
1030 3559 1678 3631 τῆς,ταπεινοφροσύνης.

328 3650 585 3720 ὐφειλεν
605 3649 891 3720 ἄνθρωπον
921 3653 980 3703 ὲν
1019 3653 1085 3720 τῇ
1141 3648 1292 3720 παρὰ
1336 3648 1455 3718 Θεῷ
1489 3648 1614 3720 δόξῃ
1652 3666 1820 3719 μεμε-

252 3741 501 3812 νηκέναι,
539 3741 633 3794 καὶ
685 3737 830 3812 εἶχεν
865 3739 930 3794 ἂν
977 3739 1108 3809 ὕψος
1149 3741 1250 3793 οὐκ
1306 3739 1668 3803 ἐπίπλαστον,
1708 3739 1819 3792 ἀλλ’

252 3830 530 3898 ἀληθινὸν,
570 3829 795 3899 δυνάμει
828 3827 963 3880 Θεοῦ
999 3825 1458 3896 μεγαλυνόμενος.
1507 3825 1726 3895 Ἐπειδὴ
1765 3826 1821 3878 δὲ

251 3923 355 3991 τὴν
383 3921 482 3993 τῆς
524 3920 672 3983 θείας
713 3920 870 3990 δίξης
910 3917 1207 3987 ἐπιθυμίαν
1248 3916 1536 3988 μετέθηκε,
1573 3915 1668 3969 καὶ⁵
1703 3915 1822 3985 μεί-

255 4015 388 4078 ζονα
431 4013 836 4084 προσδοκήσας,
875 4008 1120 4072 σπεύσας
1149 4008 1285 4078 ὅπερ
1325 4008 1428 4062 οὐκ
1465 4007 1696 4061 ἠδύνατο
1727 4006 1814 4059 λα·

256 4105 397 4167 δεῖν,
425 4103 708 4156 ἀπώλεσεν
737 4103 875 4174 ὅπερ
899 4100 1044 4170 ἔχειν
1076 4099 1332 4168 ἠδύνατο.

329 4193 602 4264 Βούλομαί
644 4211 727 4246 σοι
774 4192 1132 4262 σφοδρότερον
1170 4191 1270 4260 τῆς
1311 4186 1541 4251 κτίσεως
1586 4188 1819 4260 ἐνιδρυν-

1923 3197 2079 3249 malis
2127 3208 2387 3249 strenuus
2436 3212 2497 3249 ac
2533 3198 2765 3263 patiens.
2802 3196 2891 3250 Sic
2937 3197 3105 3260 enim,
3157 3206 3216 3251 et
3261 3198 3493 3265 teipsum

1921 3288 2128 3338 διιζιίιιιι
2157 3289 2341 3341 liscui-5.
2384 3303 2443 3338 ac
2480 3287 2778 3355 majoribus
2804 3289 2975 3341 fultus
3009 3289 3187 3353 bonis,
3219 3291 3492 3358 'ntajurcta

1920 3379 2225 3429 t-lariiatmn
2255 3378 2608 3431 nancisceris.

1991 3470 2036 3520 Is
2071 3470 2161 3536 qui
2200 3480 2412 3536 prie-cst,
2449 3486 2513 3523 nc
2550 3485 2653 3538 qua
2688 3471 2858 3539 fulget
2891 3471 3176 3540 dignitate,
3203 3473 3342 3526 fastu
3365 3473 3497 3526 effe-

1927 3574 2097 3614 ratur.
2135 3577 2199 3614 nr-
2230 3562 2463 3615 modesti
2504 3578 2567 3615 ac
2597 3562 2764 3615 sobrii
2797 3563 2965 3615 animi
3002 3563 3216 3616 laudem
3257 3565 3490 3618 amittat.

1989 3655 2204 3708 Utinam
2241 3653 2530 3707 mansisset
2563 3654 2726 3706 humo
2770 3655 2823 3707 in
2854 3669 2916 3707 ea
2950 3654 3222 3719 claritate,
3253 3671 3416 3723 quam
3465 3677 3493 3710 a

1921 3745 2032 3798 Deo
2062 3755 2254 3799 nactus
2285 3755 2406 3800 erat
2435 3747 2447 3798 l
2476 3747 2665 3811 sicque
2695 3747 2805 3797 Deo
2843 3745 3082 3813 potentia
3130 3747 3454 3800 honestante
3476 3788 3491 3812 ,

1922 3833 2057 3886 nihil
2083 3832 2226 3896 ficta,
2262 3833 2358 3886 sed
2386 3848 2512 3887 vera
2546 3835 2793 3888 celsitatc
2835 3833 3086 3901 fulgeret.
3120 3833 3276 3899 Quod
3312 3845 3493 3891 autem

1922 3923 2121 3978 divinze
2145 3923 2413 3978 claritatis
2439 3924 2750 3992 posthabito
2770 3924 3066 3988 desiderio,
3084 3926 3287 3995 majora
3304 3940 3492 3993 exspe-

1921 4013 2107 4074 ctavit,
2153 4015 2271 4083 ejus
2301 4014 2498 4067 avidus
2521 4013 2667 4082 quod
2689 4011 2854 4084 644
2882 4015 3097 4083 assequi
3128 4030 3236 4068 non
3270 4015 3491 4082 licebat,

1923 4101 2043 4171 ejus
2060 4102 2233 4170 ipsius
2257 4102 2405 4171 quod
2440 4103 2642 4157 licebat
2672 4104 2909 4172 assequi,
2937 4105 3208 4173 jacturam
3237 4105 3388 4159 fecit.

1992 4190 2126 4245 Volo
2166 4200 2227 4244 ut
2255 4192 2550 4246 creationis
2582 4191 2932 4254 miraculum,
2977 4193 3144 4246 altius
3169 4193 3494 4264 firmiusque

257 4285 420 4357 θῆναι
455 4286 517 4340 τδ
557 4284 762 4355 θαῦμα.
797 4284 1016 4355 Πρῶτον
1051 4285 1150 4354 μὲν
1189 4277 1304 4347 οὖν,
1335 4282 1464 4336 ὅταν
1509 4280 1627 4352 ίδῃς
1665 4279 1824 4350 βοτά·
1925 4294 1934 4332 :

1819 4310 1824 4319 ι
1925 4278 2105 4332 animo
2140 4290 2233 4333 tuo
2275 4279 2562 4349 deligatur.
2594 4281 2838 4334 Primum
2880 4281 3046 4350 igitur
3073 4297 3196 4333 cum
3237 4283 3496 4351 graminis

257 4394 359 4450 νην
394 4378 588 4448 χόρτου
615 4378 710 4430 καὶ
751 4375 932 4439 ἄνθος,
963 4375 1042 4438 είς
1073 4373 1280 4428 ἔννοιαν
1310 4371 1470 4443 ἔρχου
1495 4373 1591 4442 τῆς
1616 4371 1825 4442 ἁνθρω-
1927 4369 1934 4422 l

1818 4401 1825 4411 ι
1927 4369 2156 4424 herbam
2184 4370 2484 4439 ﬂoremque
2518 4370 2727 4425 videris
2749 4411 2763 4436 ,
2796 4371 3090 4424 humanam
3126 4382 3374 4426 naturam
3413 4384 3495 4426 te-

263 4470 428 4539 πίνης
459 4468 691 4536 φύσεως,
722 4466 1070 4537 μεμνημένος
1114 4465 1216 4534 τῆς
1272 4463 1482 4526 εἰκόνος
1521 4463 1618 4516 τοῦ
1660 4462 1826 4531 σοφοῦ
1857 4473 1940 4526 Dt

1820 4485 1826 4510 ι
1857 4473 1901 4526 ι)
1929 4476 2052 4516 cum
2082 4461 2196 4530 ipse
2225 4471 2407 4517 mente
2429 4463 2627 4532 cogita,
2654 4462 3008 4516 simulacrum
3045 4463 3307 4517 memoria
3343 4479 3497 4518 reco-

275 4556 521 4620 Ἦσαῒου,
562 4556 686 4609 Ὅτι
720 4555 887 4608 πᾶσα
915 4553 1072 4623 σὰρξ
1102 4554 1333 4622 χόρτος,
1360 4553 1456 4606 καί
1489 4550 1658 4608 πᾶσα
1679 4551 1830 4616 δόξα
1925 4552 1952 4606 lt

1820 4569 1830 4604 ι
1925 4552 2045 4607 lens
2081 4554 2228 4622 quod
2275 4553 2716 4622 sapientissimus
2761 4554 2988 4609 adduxit
3035 4556 3203 4610 Isaias
3257 4572 3270 4607 :
3316 4554 3497 4611 Omnis

258 4648 568 4717 ἀνθρώπω.
610 4647 692 4713 ὡς
739 4647 922 4711 ἄνθος
961 4647 1199 4714 χόρτου.
1233 4644 1307 4697 Τὸ
1330 4644 1439 4716 γὰρ
1467 4644 1830 4714 ὀλιγοχρόνιον
1925 4664 1935 4697 t

1820 4661 1830 4693 ι
1925 4660 2050 4698 caro
2095 4646 2295 4712 fenum,
2322 4655 2370 4698 et
2401 4649 2571 4700 omnis
2598 4647 2771 4716 gloria
2795 4647 2909 4717 ejus
2943 4647 3077 4700 sicut
3105 4649 3200 4718 ﬂos
3228 4647 3332 4715 feni
3364 4647 3497 4716 (Isa.

258 4741 365 4811 τῆς
417 4739 586 4810 ζωῆς,
634 4738 730 4792 καὶ
767 4738 828 4790 τὸ
865 4740 922 4792 ἐν
959 4737 1126 4807 ὀλίγῳ
1157 4736 1456 4808 περιχαρὲς
1504 4736 1601 4790 καὶ
1645 4735 1829 4807 ίλαρδν
1927 4752 1935 4790 :

1823 4753 1829 4781 ι
1927 4751 2012 4800 χι,
2059 4737 2293 4806 G).Vit:e
2326 4738 2473 4791 enim
2512 4739 2845 4808 angustioris
2886 4753 3091 4802 moras,
3137 4739 3500 4809 humanaeque

257 4831 365 4901 τῆς
390 4830 740 4900 ἀνθρωπίνης
771 4829 1092 4899 εὐημερίας,
1134 4827 1506 4900 καιριωτάτης
1546 4826 1700 4898 παρὰ
1733 4825 1829 4880 τοῦ
1927 4829 1934 4879 1

1823 4826 1829 4876 ἱ
1927 4825 2203 4882 felicitatis
2240 4828 2487 4897 fugacem
2541 4829 2784 4885 laztitiam
2839 4845 2902 4883 ac
2957 4830 3392 4900 jucunditatcm,
3445 4832 3500 4887 in

263 4923 550 4994 προφήτου
585 4921 849 4990 τετύχηκε
893 4923 992 4990 τῆς
1042 4919 1269 4981 εἰκόνος.
1311 4919 1558 4989 Σήμερον
1593 4916 1824 4987 εὐθαλὴς
1934 4918 1940 4972 l

1934 4918 2075 4972 hanc
2108 4928 2228 4988 apte
2247 4919 2511 4988 propheta
2553 4920 2842 4991 imaginem
2868 4920 3054 4975 traxit.
3089 4919 3191 4986 Qui
3216 4919 3380 4975 hodie
3409 4935 3501 4976 ve-

260 5014 343 5084 τῷ
387 5012 621 5084 σώματι,
660 5011 1158 5082 κατασαρκωμένος
1207 5010 1316 5064 ὑπὸ
1366 5009 1602 5081 τρυφῆς,
1656 5010 1825 5062 ιπαν-
1933 5030 1937 5073 ε

1822 5039 1825 5047 ι
1933 5018 2057 5077 geto
2078 5025 2310 5078 corpore
2334 5022 2442 5075 est,
2475 5011 2677 5080 quibus
2703 5025 2763 5065 se
2802 5011 3102 5081 ingurgitat
3131 5011 3344 5066 deliciis
3376 5026 3499 5065 car-

264 5107 467 5159 θοῦσαν
520 5105 658 5175 ἔχων
699 5105 796 5175 τὴν
828 5103 1110 5176 εὔχροιαν,
1146 5104 1251 5157 ὑπὸ
1275 5101 1376 5174 τῆς
1402 5102 1546 5157 κατὰ
1571 5102 1674 5173 τὴν
1703 5100 1826 5172 ήλι-
1930 5113 1941 5151 ι

1822 5131 1826 5142 μ
1930 5112 2120 5165 uosus,
2151 5100 2352 5155 coloris
2374 5110 2661 5156 venustate
2689 5101 2938 5166 ﬂoridus,
2964 5102 3140 5157 zetatis
3161 5103 3348 5172 vigore
3381 5112 3499 5156 tur-

264 5197 391 5249 κίαν
417 5195 601 5265 ἀκμῆς
629 5194 874 5266 σφριγῶν
900 5197 995 5249 καὶ
1030 5195 1299 5260 σύντονος,
1333 5193 1430 5249 καὶ
1457 5192 1827 5254 ἀνυπόστατος
1930 5211 1941 5266 ι

1822 5209 1827 5248 r
1930 5209 2066 5266 gens
2083 5208 2148 5248 ac
2179 5201 2417 5255 torosus,
2439 5194 2596 5264 cujus
2617 5207 2780 5247 nemo
2803 5193 3067 5262 impetum
3104 5193 3247 5248 ferat
3270 5209 3334 5247 ac
3355 5207 3499 5262 prae-

263 5289 366 5355 τὴν
406 5289 600 5358 ὁρμήν·
656 5285 844 5358 αὔριον
895 5289 924 5339 ὁ
977 5286 1137 5349 αὐτὸς
1181 5279 1336 5349 οὗτος
1390 5284 1706 5354 ὲλεεινὺς,ἢ
1749 5283 1828 5354 τῷ
1931 5301 1940 5319 ‘

1820 5303 1828 5334 ι
1931 5284 2184 5348 validus;
2224 5284 2314 5338 hic
2351 5285 2494 5339 idem
2538 5298 2661 5338 cras
2709 5283 3060 5347 miserabilis,
3109 5285 3195 5338 vel
3253 5293 3497 5355 tempore

1765 5419 1998 5478 NOTAE.

343 5514 441 5584 (t)
474 5513 661 5582 Γενεᾷ
719 5513 903 5582 σοφῇ.
959 5513 1150 5585 Graeca
1192 5514 1346 5585 ivulg.
1395 5512 1560 5585 γενεὰ
1606 5512 1832 5585 σοφίας·
1939 5511 2020 5566 alii

1821 5527 1832 5542 υ
1939 5511 2550 5585 οιὶῇ,ηηιαιιειιειιιάίηὶ.ς;
2578 5511 3152 5585 aliihuntilittitis‘sive
3199 5513 3498 5585 afﬂictionis

269 5581 596 5653 videturque
634 5581 924 5638 remotius
975 5584 1042 5637 ab
1108 5581 1450 5638 Hebrfnisi
1511 5581 1687 5653 γενεά
1729 5596 1832 5652 pro
1941 5581 2252 5637 reddidere.
2286 5583 2443 5653 Vulg.
2479 5581 2751 5635 molestiaz.
2792 5582 2959 5653 Arab.
3020 5581 3134 5650 ipsa
3197 5581 3263 5636 ev
3297 5584 3499 5639 Graecis

270 5651 525 5724 γέννημα
539 5652 642 5724 fuit
669 5655 790 5724 τοῖς
815 5653 1271 5717 LXX,proles;et
1299 5654 1446 5724 quod
1465 5653 1578 5716 alii,
1607 5651 1828 5720 fructus,
1939 5666 2219 5722 expressa,
2243 5651 2473 5724 perinde
2507 5653 2782 5722 sapientia:
2842 5652 2964 5720 ﬁnis
2998 5654 3296 5720 sapientiae.

272 5722 494 5786 merces,
526 5722 682 5792 ﬁnis;
741 5723 795 5777 id
838 5725 984 5778 enim
1031 5725 1109 5789 τὸ,
1173 5734 1287 5788 Ζιῦῖ
1318 5722 1404 5777 -τδ
1461 5730 1643 5777 autem
1704 5732 1831 5784 may
