4246 6438
208 416 312 476 927

1519 403 1685 462 LUCI
1725 399 2157 461 COMMUNES.

3335 393 3438 457 938

204 525 475 594 γενομένη
508 522 631 587 δόξα
665 521 758 574 καὶ
799 517 1104 573 δυναστεία.
1128 516 1237 569 Καὶ
1262 515 1512 584 καθάπερ
1535 513 1626 566 τοῦ
1656 515 1778 584 χὸρ-
1809 519 1852 574 Α

1763 541 1778 551 -
1809 519 1852 574 Λ
1881 527 2002 580 qutc
2028 511 2104 563 illi
2138 510 2308 578 gloria
2333 523 2395 562 ac
2418 506 2664 577 potentia
2691 506 2977 560 accedunt.
3011 509 3085 560 Ac
3115 505 3279 571 sicut,
3315 505 3440 562 leno

202 637 298 669 του
346 614 757 686 ξηραινομένου,
816 611 877 662 τὸ
929 610 1086 667 ἄνθος
1139 609 1390 661 ἐκπίπτει
1420 623 1432 637 ο
1489 605 1632 656 οὕτω
1682 605 1775 656 τοῦ

1878 610 2274 664 exarescente,
2321 599 2420 654 llos
2470 599 2709 662 decidit;
2765 600 2846 652 sic
2901 610 3072 653 morte
3131 601 3443 658 ineessente

201 709 441 760 θανάτου
465 709 576 768 τοῖς
597 703 906 772 ἀνθρώποις
944 702 1210 759 ἐπιόντος,
1244 703 1275 767 ἡ
1309 697 1594 750 δυναστεία
1626 697 1719 749 καὶ

1769 714 1778 766 ι
1878 691 2244 762 exstinguitur
2269 691 2534 760 quidquid
2571 691 2824 744 humana!
2861 692 3114 759 potentia:
3139 707 3201 747 ac
3228 693 3446 751 clarita-

204 801 584 868 ὑπερηφάνεια
627 795 931 847 σϐέννυται.

279 889 619 958 Πλουτάρχ.
645 887 799 939 -Τὰ
857 887 955 955 μὲν
991 884 1134 954 φυτὰ
1158 883 1266 936 ἀπὸ
1298 883 1395 950 τῆς
1430 880 1608 951 ῥίζης,
1658 882 1690 948 ἡ
1724 880 1779 931 δὲ

203 978 358 1043 δόξα,
390 979 498 1032 ἀπὸ
523 980 622 1047 τῆς
657 977 877 1047 πρώτης
908 975 1122 1045 λήψεως
1154 970 1328 1035 αὔξει.

281 1072 477 1134 Οὐδεὶς
505 1069 804 1141 φροντίζων
832 1067 990 1138 δόξης
1019 1064 1251 1133 ἀγαθῆς,
1287 1063 1483 1130 γένοιτ’
1528 1061 1596 1114 ἂν
1645 1061 1782 1132 ἀνὴρ

207 1164 420 1234 φαῦλος
445 1181 458 1191 ·
494 1162 657 1216 καλὸν
679 1161 758 1225 δὲ,
795 1159 913 1212 ἀντὶ
941 1155 1201 1227 βραχείας
1235 1152 1585 1215 ἀπολαύσεως
1623 1153 1784 1206 ἀλλά-

211 1257 415 1320 ξασθαι
444 1256 603 1319 δόξαν
630 1252 865 1307 αίώνιον.

297 1428 744 1496 ⁹Αριστοτέλ.--
783 1423 1026 1494 Ἀξίωμα
1080 1421 1336 1492 μέγιστόν
1389 1421 1557 1481 ἐστιν,
1615 1419 1676 1471 οὐ
1727 1419 1787 1470 τὸ

205 1521 514 1592 κεχρῆσθαι
541 1522 744 1586 τιμαῖς,
775 1516 911 1570 ἀλλά
933 1505 995 1568 τὸ
1021 1515 1172 1579 ἄξιον
1195 1511 1387 1564 ἑαυτὸν
1418 1510 1533 1581 [ἴον.
1568 1508 1784 1581 αὐτῶν]

207 1611 355 1665 εἶναι
385 1610 722 1681 νομίζεσθαι.

298 1704 590 1771 Ἰσοκράτ.
609 1733 658 1743 ——
699 1695 797 1754 Ὧν
824 1701 922 1762 τὰς
949 1697 1104 1762 δόξας
1136 1695 1338 1764 ζηλοῖς,
1367 1694 1572 1746 τούτων
1603 1694 1693 1744 καὶ
1723 1693 1786 1743 τὰ

213 1797 397 1866 ἀγαθά
427 1796 634 1867 πράξῃς
647 1836 659 1848 .

1883 785 1954 837 tis
1985 783 2217 838 exsistit.

1952 874 2228 928 Plutarch.
2259 905 2327 916 —
2361 871 2639 942 Stirpibus
2672 874 2896 943 quidem
2937 891 2966 929 a
3003 876 3186 931 radice
3213 918 3226 940 ,
3263 878 3450 947 gloria

1882 981 2013 1022 vero
2039 981 2069 1020 a
2100 967 2280 1036 primo
2303 979 2531 1020 munere
2554 973 2641 1019 est
2676 975 2736 1020 ut
2759 978 3044 1036 augeatur.

1946 1058 2139 1119 Nemo,
2184 1059 2303 1128 ejus
2349 1057 2538 1128 gloriae
2569 1072 2689 1126 qua:
2730 1057 2870 1110 bona
2921 1070 3005 1112 est
3043 1059 3196 1127 (boni
3243 1058 3455 1115 scilicet

1884 1149 2146 1217 nominis)
2172 1149 2484 1211 studiosus,
2519 1146 2678 1202 facile
2697 1149 2784 1200 vir
2815 1149 2990 1202 malus
3012 1149 3312 1215 exstiterit;
3359 1151 3456 1206 b0-

1885 1255 2017 1292 num
2041 1249 2227 1294 autem
2259 1247 2365 1300 est,
2403 1252 2504 1306 pro
2537 1237 2689 1292 brevi
2721 1238 2998 1307 voluptate
3019 1275 3033 1298 .
3068 1242 3456 1311 sempiternam

1886 1331 2113 1400 gloriam
2139 1338 2499 1385 commutare.

1959 1422 2227 1475 Aristotcl.
2261 1452 2330 1460 —-
2366 1421 2598 1475 Maxima
2636 1420 2873 1491 dignitas
2897 1430 3003 1487 est,
3032 1437 3143 1476 non
3187 1422 3460 1478 bonorum

1889 1519 2198 1579 compotem
2229 1525 2372 1572 esse,
2401 1511 2495 1562 sed
2527 1510 2634 1564 illis
2662 1510 2886 1580 dignum
2912 1512 3107 1566 videri.

1962 1687 2180 1738 [ποθι-(ιε.
2215 1684 2458 1751 Quorum
2483 1686 2667 1754 glorim
2692 1686 2881 1738 titulos
2911 1687 3206 1752 mmularis,
3243 1689 3460 1744 illorum

1891 1777 2056 1831 etiam
2091 1777 2239 1830 coles
2259 1777 2506 1828 virtutes.

293 1853 495 1952 Ἰνδοξ·
542 1853 1062 1952 τέὲευτής.-Τὸν
1107 1882 1274 1934 Ἴνδον
1309 1881 1401 1932 τὸν
1449 1879 1681 1948 μέγιστα
1701 1877 1788 1928 δο-
1825 1853 1866 1906 Β
1966 1913 1970 1921 .

1784 1906 1788 1916 .
1825 1853 1866 1906 Β
1966 1869 2130 1921 Indus
2166 1869 2496 1936 sagillarius.
2538 1897 2605 1906 —
2635 1868 2826 1921 Indum
2859 1870 3137 1924 hominem
3171 1869 3461 1939 sagittandi

214 1980 438 2043 κοῧντα,
495 1980 588 2031 καὶ
641 1977 932 2047 λεγόμενον
987 1975 1076 2027 διὰ
1143 1974 1427 2027 δακτυλίου
1479 1971 1569 2025 τὸν
1615 1970 1793 2024 ὀϊστὸν

213 2073 460 2140 άᾳιέναι,
513 2071 798 2122 ἐκέλευσεν
853 2067 1266 2132 ἐπιδείξασθαι·
1335 2065 1430 2119 καὶ
1489 2069 1561 2135 μὴ
1609 2063 1794 2133 βουλό-

216 2181 402 2233 μενον,
438 2160 712 2232 ὀργισθεὶς
733 2160 941 2212 ἀνελεῖν
972 2159 1330 2231 προσέταξεν.
1380 2160 1535 2210 Ἐπεὶ
1593 2159 1650 2209 δὲ
1689 2157 1794 2208 άπ-

214 2251 486 2320 αῖόμενος
529 2251 558 2302 ὁ
591 2248 874 2318 ἄνθρωπος
903 2247 1055 2316 ἔλεγε
1083 2249 1218 2319 πρὸς
1242 2249 1366 2310 τοὺς
1412 2248 1662 2315 ἄγοντας,
1715 2246 1796 2298 ὅτι

218 2344 394 2403 Πολὺς
449 2341 638 2411 χρόνος
681 2342 829 2392 ἐστὶν
887 2342 980 2408 ἀφ’
1023 2335 1084 2394 οὗ
1133 2339 1224 2392 ἐπὶ
1273 2342 1463 2409 χεῖρας
1495 2338 1647 2402 τόξον
1697 2339 1796 2390 οὐκ

217 2431 434 2492 ἔλαϐον,
463 2431 642 2484 καὶτὸ
671 2432 965 2500 ἀποτυχεῖν
998 2431 1292 2501 ἐφοϐήθην.
1334 2432 1600 2493 Ἀκούσας
1622 2429 1797 2482 ταῦτα

231 2523 605 2593 Ἀλέξανδρος,
658 2523 938 2593 ἐθαύμασε
977 2523 1074 2574 καὶ
1126 2523 1361 2576 ἀπέλυσε
1418 2522 1558 2590 μετὰ
1609 2523 1798 2591 δώρων

217 2615 406 2678 αὐτὴν,
441 2615 521 2667 ὅτι
553 2613 752 2683 μᾶλλον
790 2613 1082 2667 ἀποθανεῖν
1119 2613 1430 2681 ὑπέμεινεν,
1463 2613 1614 2682 ῆτῆς
1640 2611 1798 2682 δόξης

217 2704 441 2768 ἀνάξιος
470 2707 724 2773 φανῆναι.

298 2879 716 2948 Θεοφράστμ-
741 2880 817 2932 υὺ
846 2878 954 2949 γὰρ
987 2879 1046 2943 ἐξ
1075 2878 1290 2949 ὁμιλίας
1321 2879 1401 2930 δεῖ
1449 2880 1540 2930 καὶ
1580 2879 1798 2947 χάριτος

218 2972 325 3033 τὰς
355 2971 541 3041 τιμὰς,
571 2969 685 3023 ἀλλ’
720 2973 786 3023 ὲκ
813 2970 923 3024 τῶν
951 2969 1204 3040 πράξεων
1233 2968 1552 3037 λαμϐάνειν.

309 3149 545 3214 Ἠρακλ.
564 3147 1073 3216 -Συντομωτάτην
1101 3146 1219 3196 ὁδὸν
1259 3147 1288 3196 ὁ
1326 3146 1487 3206 αὐτὸς
1515 3144 1694 3210 ἔλεγεν
1723 3146 1799 3204 εἰς

223 3238 495 3302 εὐδοξίαν,
521 3236 583 3289 τὸ
605 3236 857 3304 γενέσθαι
883 3236 1105 3300 ἀγαθόν.

300 3333 588 3395 φίλων-ος.
612 3361 682 3370 -
708 3330 765 3382 ’0
783 3328 970 3399 μαθὼν
997 3327 1281 3399 ἄρχεσθαι,
1312 3329 1404 3381 καὶ
1430 3328 1616 3396 ἄρχειν
1646 3326 1805 3387 εὐθὺς

232 3422 517 3492 μανθάνει.
553 3420 687 3473 Οὐδὲ
723 3421 832 3491 γὰρ
867 3421 916 3472 εί
959 3421 1138 3488 πάσης
1173 3421 1276 3489 γῆς
1315 3419 1412 3472 καὶ
1447 3417 1720 3486 Θαλάσσης
1747 3417 1810 3468 τὸ

227 3516 436 3582 κράτος
476 3512 742 3582 άνάψαιτό
773 3529 875 3575 τις,
927 3511 1112 3580 ἄρχων
1141 3511 1208 3564 ἂν
1247 3511 1332 3580 εἴη
1363 3509 1497 3581 πρὸς
1527 3507 1805 3579 ἀλήθειαν,

230 3610 282 3660 σί
319 3607 394 3676 μὴ
422 3606 569 3676 μάθῃ
596 3606 688 3657 καὶ
715 3602 1135 3672 προπαιδευθείη
1163 3602 1224 3655 τὸ
1258 3601 1543 3671 ἄρχεσθαι.

321 3783 662 3848 Ἰωσήππου
736 3778 1342 3849 Ἀρχαιολ.-Πάντες
1417 3778 1464 3828 οἱ
1551 3775 1811 3847 ἄρχεσθαι

235 3876 421 3936 καλῶς
451 3874 850 3943 μεμαθηκότες,
889 3872 984 3925 καὶ
1022 3871 1211 3941 ἄρχειν
1244 3871 1480 3923 εἴσονται
1519 3865 1811 3938 παρελθόν-

235 3983 330 4027 τες
362 3967 441 4027 ei;
472 3964 739 4027 ἐξουσίαν.

800 4077 930 4130 ΛυΓ
935 4076 1015 4130 ΟΣ
1055 4076 1166 4129 MZ'
1211 4075 1250 4128 '.

716 4167 855 4235 Περὶ
909 4165 1352 4235 γλωσσαλγίας.

312 4286 501 4338 Ματθ.
539 4281 888 4350 ιϐ’.-Λὲγω
913 4281 969 4334 δὲ
1019 4280 1169 4350 ὑμῖν,
1204 4281 1286 4333 ὅτι
1315 4279 1424 4332 πᾶν
1453 4278 1626 4348 ῥῆμα,
1661 4278 1689 4331 ὃ
1723 4277 1818 4330 ἐὰν

235 4376 554 4447 λαλήσωσιν
604 4376 654 4426 οἱ
712 4373 1030 4443 ἄνθρωποι,
1081 4371 1420 4426 ἀποδώσουσι
1479 4370 1635 4437 λόγον
1692 4369 1820 4439 περὶ

237 4467 433 4522 σι’-τοῦ.
478 4467 572 4518 Ἐκ
598 4466 706 4536 γάρ
730 4463 840 4517 τῶν
885 4464 1061 4532 λόγων
1093 4480 1186 4516 σου
1232 4462 1587 4532 δικαιωθήσῃ,
1621 4461 1713 4515 καὶ
1756 4463 1820 4514 ἐκ

236 4557 354 4611 τῶν
375 4556 550 4623 λόγων
578 4571 672 4607 σου
700 4551 1104 4623 κατακριθήσῃ.

329 4648 478 4704 Ἰάλι.
532 4643 916 4701 ια’-Ἔστω
959 4647 1064 4707 πᾶς
1099 4644 1384 4716 ἄνθρωπος
1420 4645 1590 4714 ταχὺς
1634 4646 1713 4707 εἰς
1762 4645 1821 4695 τὸ

240 4741 500 4803 ἀκοῦσαι,
539 4738 634 4791 καὶ
678 4736 877 4807 βραδὺς
911 4737 990 4799 εἰς
1021 4735 1082 4789 τὸ
1110 4735 1362 4804 λαλῆσαι.

317 4832 502 4901 Σιρὰχ
531 4837 692 4896 η’.---
714 4827 1028 4881 Γλωσσὼδει
1084 4827 1357 4898 ἀνθρώπῳ
1398 4829 1472 4898 μὴ
1519 4827 1782 4897 διαμάχου
1810 4843 1819 4856 ·

247 4924 389 4994 μηδὲ
418 4920 765 4984 ὲπιστοίϐαζε
790 4919 882 4971 ἐπὶ
906 4917 968 4970 τδ
993 4917 1102 4988 πῦρ
1129 4917 1296 4971 αὑτοῦ
1321 4918 1472 4981 ξύλα.

319 5019 566 5083 Παροιμ.
599 5018 753 5082 ιγθ-
786 5013 880 5074 Ὃς
933 5010 1196 5080 φυλάσσει
1244 5010 1299 5062 τὸ
1360 5010 1558 5065 ἑαυτοῦ
1616 5011 1824 5080 στόμα,

248 5108 408 5177 τηρεῖ
437 5106 532 5175 τὴν
560 5103 754 5158 ἑαυτοῦ
783 5103 980 5172 ψυχήν.

326 5201 570 5267 Ηαροιμ.
616 5205 690 5263 ς’.
718 5227 786 5238 -
805 5200 978 5266 Παγὶς
1006 5199 1160 5268 ἀνδρὶ
1197 5197 1411 5268 ἰσχυρὰ,
1433 5197 1501 5250 τά
1531 5196 1634 5250 ῐδια
1655 5195 1826 5265 χείλη·

249 5289 539 5341 ἁλίσκεται
562 5289 620 5342 δὲ
653 5291 896 5358 ῥήμασιν
927 5290 1058 5342 ίδίου
1092 5291 1379 5359 στόματος.

325 5383 574 5447 Παροιμ.
627 5386 765 5432 ι’.-
792 5379 849 5432 Ὀ
883 5379 1112 5448 άστεγος
1143 5380 1374 5450 χείλεσιν
1408 5379 1504 5450 (ιν),
1533 5378 1831 5442 σκολιάζων

254 5470 624 5543 ὑποσκελισθή
638 5489 806 5524 σεται.

326 5611 347 5641 ⁵
377 5609 436 5663 In
464 5608 629 5664 Gesn.
675 5609 828 5664 Stob.
870 5611 988 5665 154.

1851 4534 1894 4587 D

1895 1960 2093 2030 peritia
2120 1959 2483 2015 clarissimum
2502 2000 2517 2025 ,
2540 1959 2744 2028 quique
2776 1975 2874 2028 per
2900 1961 3164 2015 annulum
3209 1961 3466 2032 sagittam

1896 2052 2267 2106 transmittere
2298 2051 2578 2106 diceretur
2598 2091 2613 2115 ,
2656 2051 2966 2106 Alexander
2999 2051 3276 2121 specimen
3332 2053 3470 2107 artis

1896 2142 2026 2196 dare
2046 2141 2210 2212 jussit
2233 2159 2246 2194 :
2277 2141 2426 2210 quod
2449 2141 2738 2208 imperium
2765 2156 2888 2194 cum
2913 2143 3254 2204 detrectaret,
3271 2158 3469 2198 accen-

1897 2251 1954 2289 sa
1997 2236 2052 2289 in
2083 2249 2210 2289 eum
2256 2235 2357 2297 ira,
2391 2233 2568 2288 occidi
2607 2247 2734 2286 eum
2770 2234 3028 2304 princeps
3061 2233 3365 2304 imperavit.
3420 2237 3471 2291 Is

1898 2341 2064 2394 porro
2098 2339 2222 2378 cum
2255 2324 2574 2386 duceretur,
2604 2322 2893 2377 lictoribus
2926 2325 3094 2395 C(Bpil.
3131 2324 3339 2393 dicere,
3376 2325 3471 2381 diu

1895 2418 2002 2484 jam
2031 2430 2149 2470 esse
2183 2431 2249 2470 ex
2273 2430 2382 2484 quo
2409 2428 2598 2468 arcum
2633 2414 2688 2467 in
2734 2428 2928 2468 manus
2967 2431 3075 2470 non
3127 2417 3470 2485 sumpsisset,

1900 2521 1962 2560 ac
1997 2522 2066 2559 ne
2094 2505 2398 2568 aberraret,
2437 2503 2706 2558 timuisse.
2745 2501 2958 2569 Quibus
2986 2505 3210 2569 auditis,
3237 2504 3473 2564 Alexan-

1899 2597 1997 2652 der
2039 2597 2320 2650 hominem
2353 2595 2605 2658 miratus,
2629 2593 2773 2664 quod
2807 2597 2945 2650 mori
2982 2595 3283 2663 maluisset,
3309 2613 3476 2668 quam

1902 2698 1962 2742 ut
1991 2688 2249 2756 indignus
2287 2685 2452 2757 646
2493 2686 2666 2755 gloria
2700 2685 3005 2749 videretur,
3064 2690 3304 2745 solutum
3349 2705 3476 2745 cum

1902 2779 2227 2833 muneribus
2255 2777 2485 2830 dimisit.

1971 2871 2312 2940 TheOphrast.
2333 2899 2373 2908 —-
2419 2869 2536 2922 Non
2565 2884 2629 2922 ex
2661 2872 2934 2924 sermonis
2960 2871 3292 2925 commercio
3313 2879 3477 2943 atque

1903 2962 2073 3031 gratia
2118 2961 2370 3015 sumendi
2419 2963 2679 3021 honores,
2714 2962 2810 3015 sed
2858 2977 2925 3016 ex
2967 2961 3034 3014 iis
3065 2977 3186 3030 quae
3215 2962 3478 3030 praeclare

1903 3069 2080 3123 exque
2106 3053 2310 3108 virtute
2344 3069 2518 3122 geras.

1971 3145 2287 3198 Heraclitus.
2321 3177 2388 3188 ——
2413 3145 2565 3199 Viam
2595 3145 2660 3197 ad
2689 3145 2918 3211 gloriam
2946 3146 3182 3200 maxime
3219 3160 3478 3214 compen-

1855 3230 1868 3248 ‘
1908 3235 2138 3289 diariam
2161 3251 2281 3291 esse
2311 3235 2552 3300 dicebat,
2578 3238 2622 3292 si
2653 3238 2778 3306 quis
2799 3237 2976 3291 bonus
2997 3251 3119 3291 esse
3146 3236 3414 3290 studeret.

1978 3328 2232 3382 Philonis.
2263 3358 2328 3368 —
2363 3328 2467 3395 Qui
2506 3329 2702 3383 didicit
2729 3328 2958 3384 obedire
2979 3370 2994 3394 ,
3026 3343 3150 3382 mox
3177 3329 3343 3383 etiam
3378 3327 3483 3381 im-

1911 3436 2104 3488 perare
2137 3422 2308 3474 novit.
2336 3421 2437 3487 Qui
2470 3423 2616 3476 enim
2651 3422 2944 3477 obediendi
2973 3431 3146 3476 artem
3183 3437 3292 3476 non
3335 3421 3485 3475 didi-
3532 3429 3540 3437 '

1911 3513 2068 3575 cerit,
2099 3527 2201 3567 nec
2235 3528 2298 3567 ea
2357 3522 2482 3568 ante
2546 3515 2835 3570 institutus
2882 3512 3070 3577 fuerit,
3104 3528 3206 3567 nec
3236 3514 3280 3566 si
3327 3522 3487 3568 terrae

1912 3604 2092 3657 omnis
2117 3619 2180 3658 ac
2215 3605 2380 3659 maris
2413 3606 2677 3675 impetum
2703 3615 2908 3669 teneat,
2949 3618 3082 3659 vere
3115 3605 3374 3674 princeps
3391 3619 3489 3658 ex-

1915 3695 2140 3749 stiterit.

1973 3786 2186 3857 Josephi
2214 3803 2279 3841 ex
2301 3790 2563 3859 Antiquis.
2591 3819 2661 3830 -—
2700 3788 2902 3845 Omnes
2937 3790 3028 3860 qui
3075 3798 3223 3843 recte
3265 3786 3487 3842 obedire

1915 3877 2242 3943 didicerint,
2295 3883 2461 3933 etiam
2517 3880 2836 3950 magistratu
2881 3882 3041 3951 potiti
3089 3896 3212 3935 cum
3259 3879 3488 3950 imperio

1917 3985 2150 4038 praeesse
2178 3988 2241 4025 ae
2269 3971 2544 4041 imperare
2566 3973 2844 4027 noverint.

2479 4085 2708 4142 SERMO
2747 4087 2951 4142 XLVII.

2129 4173 2207 4228 De
2238 4176 2560 4240 loquacitate
2587 4186 2634 4230 et
2659 4177 2852 4248 lingua:
2871 4178 3271 4231 incontinentia.

1991 4287 2179 4341 Matth.
2226 4303 2319 4350 xu,
2356 4287 2443 4341 56.
2475 4316 2544 4326 —
2590 4287 2723 4341 Dico
2770 4297 2955 4342 autem
3003 4287 3181 4349 vobis,
3230 4287 3493 4356 quoniam

1921 4390 2082 4429 omne
2107 4376 2332 4430 verbum
2346 4377 2604 4440 otiosum,
2623 4376 2770 4444 quod
2796 4377 2963 4432 locuti
2993 4377 3200 4431 fuerint
3224 4376 3494 4440 homines,

1924 4467 2158 4520 reddent
2184 4467 2455 4520 rationem
2480 4468 2548 4522 de
2580 4483 2666 4522 eo.
2708 4468 2788 4522 Ex
2818 4467 3004 4522 verbis
3036 4467 3182 4521 enim
3219 4467 3328 4521 tuis
3351 4466 3502 4537 judi-

1924 4558 2157 4620 caberis,
2183 4565 2239 4611 et
2261 4575 2326 4612 ex
2356 4559 2540 4613 verbis
2573 4560 2681 4613 tuis
2702 4559 3178 4614 condemnaberis.

1989 4647 2106 4702 Jac.
2131 4664 2166 4710 I,
2228 4649 2312 4702 I9.
2344 4679 2412 4688 —
2460 4651 2543 4703 Sit
2577 4651 2758 4704 omnis
2785 4650 2950 4704 homo
2975 4650 3134 4703 velox
3159 4648 3227 4702 ad
3271 4647 3503 4702 audien-

1927 4739 2079 4800 dum,
2111 4748 2164 4794 et
2187 4739 2378 4792 tardus
2411 4740 2478 4794 ad
2503 4741 2863 4810 loquendum.

2004 4828 2171 4882 Eccli.
2199 4845 2310 4890 vtn,
2342 4831 2393 4882 .I.
2433 4860 2500 4869 —
2530 4831 2649 4885 Noli
2687 4832 2868 4885 rixare
2896 4845 3021 4885 cum
3048 4830 3268 4883 homine
3293 4828 3506 4898 linguo—

1934 4935 2015 4984 so,
2043 4930 2097 4973 et
2127 4936 2194 4974 ne
2219 4929 2398 4974 struas
2421 4922 2474 4974 in
2496 4923 2617 4992 ejus
2643 4923 2821 4992 ignem
2846 4922 3012 4991 ligna.

2005 5010 2163 5064 Prov.
2197 5026 2308 5072 xm,
2343 5013 2395 5063 5.
2441 5012 2542 5076 Qui
2567 5011 2810 5066 custodit
2842 5027 2904 5065 os
2947 5025 3129 5073 suum,
3161 5015 3340 5063 servat
3385 5005 3503 5060 ani-

1938 5119 2078 5157 mam
2105 5119 2255 5158 suam
2265 5141 2279 5158 ο

2013 5195 2171 5249 Prov.
2204 5213 2276 5262 γι,
2305 5198 2357 5251 Ξ.
2383 5227 2449 5236 -—
2474 5198 2727 5266 Laqueus
2755 5196 2916 5251 fortis
2940 5195 3061 5248 viro
3086 5192 3308 5264 propria
3331 5189 3506 5256 labia;

1935 5288 2187 5357 capietur
2218 5301 2401 5344 autem
2430 5290 2621 5344 verbis
2652 5290 2860 5360 proprii
2888 5289 3023 5342 oris.

1998 5380 2156 5435 Prov.
2207 5398 2240 5435 x
2269 5424 2283 5446 ,
2330 5383 2381 5436 8.
2411 5413 2480 5422 —
2513 5383 2617 5449 Qui
2669 5382 2946 5437 labiorum
2999 5379 3351 5435 incontinens
3403 5389 3509 5446 est,

1939 5471 2158 5540 oblique
2182 5489 2348 5544 agens
2377 5474 2842 5544 supplantabitur.

1726 5677 1957 5736 NOTAE.

328 5816 404 5886 (ν)
477 5816 541 5870 '0
598 5817 853 5886 ᾶστεγος
880 5817 1130 5885 χείλεσι,
1179 5815 1335 5882 Vulg.
1409 5816 1600 5868 stultus
1653 5817 1821 5871 labiis.
1871 5819 2005 5873 IIebt

1871 5819 2040 5873 IIebr.
2098 5821 2482 5890 propinquius,
2556 5838 2585 5874 ιι
2641 5837 2751 5889 quo
2782 5836 2881 5874 nec
2932 5823 2979 5870 οι
3013 5819 3150 5872 LX'X
3185 5821 3510 5884 abscedunt,

514 5912 782 5972 Ριτιιοι..
817 5913 932 5972 Gn.
969 5912 1116 5971 XCI.

3120 5919 3190 5974 3U
