4246 6438
235 403 325 475 941

1511 394 1680 456 LOCI
1718 389 2153 454 COMMUNES.

3332 387 3436 452 942

297 515 555 573 Πλάτων.
575 543 642 554 —
667 512 914 577 Πλάτων,
956 509 1328 573 Ἀντισθένους
1360 509 1417 562 ὲν
1445 509 1514 578 τῇ
1534 499 1782 579 διατρίϐῇ
1815 510 1861 565 Α
1958 504 1974 558 l

1768 508 1782 576 ι
1815 510 1861 565 Α
1958 502 2133 558 Plato.
2164 531 2234 542 -
2281 503 2456 569 Plato,
2486 516 2612 558 cum
2651 502 3006 558 Antisthenes
3045 500 3341 571 aliquando
3391 502 3445 555 in

235 624 354 662 ποτε
412 603 944 676 μακρολωίήσαντος,
1012 600 1272 669 Ἀγνοεῖς,
1317 593 1492 662 εἶπεν,
1557 597 1638 650 δτι
1688 596 1780 648 τοῦ
1883 595 1912 648 d

1768 598 1780 648 ὃ
1883 593 2351 659 disputationibus
2396 593 2558 662 longa
2605 604 2790 663 ageret
2844 594 3092 648 oratione
3128 608 3142 645 :
3174 592 3445 660 Ignoras,

236 701 383 768 λόγου
403 697 604 770 μέτρον
631 697 805 760 ἐστὶν,
838 693 937 762 οὐχ
962 692 992 745 6
1017 691 1210 759 λέγων,
1241 688 1356 744 ἀλλ’
1374 690 1405 740 6
1428 688 1675 750 ἀκούων;

295 869 817 940 Νικοστρὰτ.-Εί
872 867 965 920 ἐπὶ
1008 865 1086 936 τῷ
1127 865 1149 897 ⁸
1182 863 1423 934 συνεχῶς
1466 863 1560 915 καὶ
1615 859 1782 912 πολλὰ

231 965 322 1019 καὶ
340 963 551 1032 ταχέως
581 960 763 1013 λαλεῖν
803 954 872 1028 ἦν
909 953 1004 1010 τοῦ
1050 957 1267 1026 φρονεῖν
1324 951 1672 1023 παράσημον,
1727 950 1782 1001 αἱ

231 1055 488 1128 χελιδόνες
510 1051 740 1120 ἐλέγοντ’
772 1049 840 1102 ἂν
860 1046 1016 1118 ἡμῶν
1045 1043 1468 1115 φρονιμώτεραι.

307 1149 403 1201 Ἐκ
439 1144 558 1198 τῶν
597 1140 954 1210 Ἐπικτήτου
1007 1137 1107 1192 καί
1149 1135 1430 1204 Ἰσοκράτ.
1450 1133 1784 1184 -Γλῶσσαν

234 1239 355 1308 μίαν
375 1238 490 1297 τοῖς
528 1232 840 1305 ἀνθρώποις
880 1232 914 1301 η
949 1228 1111 1301 φύσις
1153 1227 1402 1289 δέδωκεν,
1429 1223 1524 1279 δύο
1558 1223 1616 1276 δὲ
1645 1217 1780 1283 ὦτα,

230 1331 313 1383 ίνα
341 1324 659 1380 διπλασίονα
686 1316 761 1378 ὧν
783 1321 1035 1390 λέγομεν,
1070 1317 1202 1389 παρ’
1234 1317 1436 1386 ἐτέρων
1477 1315 1782 1382 ἀκούωμεν.

293 1414 673 1485 Πυθαγόρ.--
693 1412 893 1481 Ξίφους
934 1409 1119 1480 πληγὴ
1153 1406 1454 1476 κουφοτέρα
1499 1403 1780 1470 γλώσσης.

229 1508 287 1560 τὸ
327 1506 425 1576 μὲν
464 1505 592 1576 γὰρ,
622 1503 803 1572 σῶμα,
833 1503 868 1573 ἡ
894 1502 971 1567 δὲ,
1001 1499 1182 1570 ψυχὴν
1203 1495 1514 1568 τιτρώσκει.

294 1599 592 1663 Αίσωπος.
609 1589 863 1658 -Οὖτος
888 1591 1201 1664 ἐρωτηθεὶς,
1236 1591 1300 1644 Τί
1321 1591 1468 1643 ἐστιν
1490 1588 1546 1640 ἐν
1581 1585 1787 1656 ἀνθρὼ-

230 1706 346 1752 ποις
381 1687 586 1757 ἀγαθόν
616 1701 675 1739 τε
699 1685 794 1750 καὶ
827 1683 1066 1753 φαῦλονς
1106 1682 1231 1752 ἔφη,
1263 1681 1507 1733 Γλῶσσα.

296 1774 731 1844 Δημοκρίτ.’-
771 1770 1061 1839 Πλεονεξίη
1115 1770 1185 1824 τὰ
1234 1769 1411 1824 πάντα
1445 1768 1642 1836 λέγειν,
1697 1766 1789 1819 καὶ

234 1866 399 1938 μηδὲν
423 1865 628 1920 ἐθέλειν
657 1864 900 1919 ἀκούειν.

234 2051 290 2104 τὸ
313 2049 371 2103 δὲ
396 2050 579 2120 σιγᾷν,
614 2047 876 2117 ἀσφαλές.

308 2142 368 2195 '0
417 2139 580 2203 αὐτὸς
626 2139 754 2203 τοὺς
805 2139 1040 2211 ῥήτορας
1078 2137 1183 2209 ἔφη
1236 2135 1457 2205 ὁμοίους
1493 2129 1632 2187 εἶναι
1679 2136 1788 2196 τοῖς

234 2233 556 2304 βατράχοις·
602 2231 728 2291 τοὺς
769 2229 870 2300 μὲν
904 2231 1014 2302 γάρ
1056 2231 1117 2284 ιν
1153 2229 1308 2285 ὕδασι
1356 2226 1620 2290 κελαδεῖν,
1669 2225 1795 2287 τοὺς

231 2323 288 2375 δὲ
327 2323 466 2392 πρὸς
491 2320 816 2390 κλεψύδραν.

301 2414 602 2477 Λύκωνος.
636 2409 982 2481 -Καθάπερ
1034 2411 1092 2465 αί
1141 2409 1404 2480 χελιδόνες
1457 2411 1523 2479 τῇ
1585 2407 1800 2476 συνεχεῖ

233 2506 332 2577 τῆς
346 2505 558 2568 λαλιᾶς,
585 2505 684 2575 τὴν
714 2502 909 2573 ἡδονὴν
947 2501 1049 2572 τῆς
1099 2499 1314 2572 ὁμιλίας
1359 2497 1754 2553 ἀποϐάλλουσιν
1781 2513 1794 2526 ·

234 2584 408 2661 οὕτως
463 2599 511 2650 οί
560 2594 837 2664 ἀδολέσχαι
879 2593 1130 2663 ὀχλήσεις
1176 2593 1418 2660 συνεχεῖς
1465 2589 1796 2659 ποιούμενοι,

235 2685 422 2754 ἀηδεῖς
451 2683 843 2751 ἀποφαίνονται
875 2684 987 2747 τοῖς
1022 2680 1414 2752 ἀκροωμένοις.

304 2771 535 2843 Νομικῷ
566 2772 790 2844 φλυάρῳ
820 2771 926 2841 ἔφη
957 2788 1065 2836 τις,
1096 2771 1171 2825 Ού
1195 2770 1275 2826 δεῖ
1301 2771 1359 2822 ὲν
1383 2769 1594 2832 πολλοῖς
1624 2767 1802 2834 λέγειν

237 2865 420 2934 ὀλίγα,
445 2866 559 2920 ἀλλ’
582 2865 641 2917 ἐν
669 2865 871 2933 ὀλίγοις
887 2863 1077 2918 πολλά.

775 2955 996 3010 ΛΟΓΟΣ
1043 2951 1165 3009 MH'
1204 2955 1265 3005 “.

747 3043 887 3112 Περὶ
991 3042 1294 3112 προνοίας.

1885 686 2085 755 inquit,
2115 685 2382 739 orationis
2405 685 2626 740 modum
2649 699 2790 746 esse,
2837 697 2946 736 non
2986 683 3041 736 in
3073 683 3293 738 dicente
3312 721 3327 746 ,
3353 683 3447 738 sed

1886 775 1940 828 in
1975 775 2228 830 auditore
2259 775 2465 830 situm?

1949 867 2258 921 Nicostrati.
2290 896 2361 907 --
2383 867 2438 921 Si
2463 867 2813 921 continenter
2841 873 2897 919 et
2925 865 3094 918 multa
3121 873 3176 919 et
3195 864 3451 919 celeriter

1884 958 2035 1026 loqui
2083 957 2300 1025 signum
2338 963 2486 1011 esset
2525 957 2823 1024 sapientiae,
2873 955 3203 1009 hirundines
3250 971 3450 1024 majore

1885 1049 2044 1100 nobis
2069 1047 2338 1114 sapientia
2357 1055 2618 1115 prmstare
2652 1047 2762 1101 dici
2790 1056 3032 1115 possent.

1965 1137 2046 1191 Ea:
2065 1138 2292 1207 Epictet.
2318 1147 2367 1190 el
2397 1137 2618 1191 Isocrat.
2635 1167 2705 1177 —
2728 1137 2992 1207 Linguam
3015 1152 3181 1191 unam
3215 1135 3452 1190 homini—

1889 1224 1992 1278 bus
2019 1233 2215 1278 natura
2241 1224 2412 1288 dedit,
2438 1233 2495 1278 et
2520 1239 2684 1279 aures
2715 1225 2873 1289 duas,
2892 1233 2952 1278 ut
2980 1224 3210 1293 duplum
3235 1239 3452 1286 eorum,

1888 1331 2008 1385 qua:
2037 1315 2294 1379 dicimus,
2315 1315 2384 1368 ab
2405 1315 2527 1369 aliis
2558 1314 2868 1369 audiamus.

1961 1409 2248 1477 Pythagor.
2272 1434 2345 1446 --
2375 1407 2551 1462 Gladii
2603 1408 2747 1462 ictus
2793 1406 2971 1460 lenior
3007 1420 3172 1474 quam
3210 1405 3408 1476 linguas
3439 1425 3453 1456 :

1890 1499 1980 1552 ille
2006 1497 2154 1551 enim
2179 1513 2382 1566 corpus
2400 1536 2416 1562 ,
2450 1498 2566 1552 haec
2587 1499 2833 1552 animum
2867 1496 3138 1550 vulnerat.

1957 1589 2142 1658 Αἰεορ.
2171 1618 2240 1629 -
2272 1588 2372 1642 Hic
2419 1589 2788 1658 interrogatus
2829 1608 2838 1640 :
2867 1587 3011 1653 Quid
3042 1588 3096 1641 in
3140 1587 3460 1642 hominibus

1889 1687 2034 1733 esset
2056 1679 2258 1734 bonum
2283 1688 2342 1734 et
2373 1679 2597 1743 malum,
2629 1679 2870 1747 linguam
2907 1693 3030 1733 esse
3062 1678 3364 1747 respondit.

1957 1771 2240 1826 Democrit.
2287 1799 2358 1812 —-
2388 1771 2576 1826 Avidte
2627 1770 2940 1838 rapacitatis
2984 1784 3156 1840 genus
3184 1768 3459 1837 quoddam

1821 1836 1864 1892 Β
1891 1872 1996 1926 e5t,
2015 1863 2201 1918 dicere
2229 1862 2437 1927 omnia,
2473 1877 2575 1916 nec
2605 1836 2744 1915 velle
2773 1836 3071 1930 quidquam
3095 1836 3304 1914 audire.

310 1957 716 2013 Ἄπολλον-ἔον.
739 1985 810 1996 -
832 1952 1136 2022 Πολυλογία
1158 1951 1329 2006 πολλὰ
1345 1950 1634 2020 σφάλματα
1657 1951 1785 2019 ἔχει’
1839 2026 1842 2030 _

1957 1955 2242 2025 Apollonii.
2267 1985 2338 1994 —
2354 1952 2761 2023 Multiloquium
2787 1953 2960 2006 multa
2989 1959 3171 2008 errata
3187 1951 3376 2015 habet,
3408 1961 3462 2005 at

1894 2058 2072 2103 tacere
2102 2056 2303 2102 tututn.

1950 2140 2097 2194 Idem
2114 2147 2363 2194 oratores
2381 2141 2531 2193 ranis
2546 2151 2668 2192 esse
2693 2135 3131 2191 similesdicebat
3149 2152 3164 2200 ;
3193 2135 3293 2190 has
3311 2135 3462 2189 enim

1896 2231 1949 2285 in
1995 2232 2156 2300 aquis
2187 2244 2440 2294 coaxare,
2475 2228 2597 2283 illos
2621 2227 2790 2298 648
2827 2226 2896 2281 ad
2939 2225 3282 2297 clepsydram
3311 2228 3463 2282 voci-

1895 2322 2081 2376 ferari.

1964 2413 2200 2484 Lyconis.
2226 2443 2295 2452 —
2328 2411 2800 2480 Quemadmodum
2847 2410 3174 2465 hirundines
3203 2413 3467 2464 continuo

1895 2503 2120 2573 garritu,
2155 2501 2474 2558 commercii
2503 2502 2703 2572 lingua:
2730 2502 3071 2570 voluptatem
3093 2500 3364 2569 perdunt;
3388 2502 3466 2554 sic

1897 2595 2178 2663 loquaces,
2214 2593 2347 2647 dum
2370 2593 2574 2663 jugiter
2611 2591 2951 2658 obtundunt,
2975 2590 3325 2646 auditoribus
3348 2607 3465 2645 mo-

1901 2685 2114 2741 lestiam
2133 2682 2366 2738 faciunt.

1963 2773 2366 2828 Jurisconsulto
2392 2773 2610 2843 loquaci
2659 2773 2796 2828 dixit
2830 2773 3053 2842 quidam
3083 2789 3096 2826 :
3132 2773 3252 2828 Non
3285 2769 3470 2826 multis

1905 2879 2100 2934 pauca,
2137 2863 2233 2920 sed
2268 2865 2439 2918 multa
2463 2865 2655 2934 paucis
2680 2879 2801 2919 esse
2832 2863 3223 2933 eloquendum.

2423 2955 2658 3012 SEBMO
2706 2952 2938 3008 XLVIII.

2452 3047 2532 3100 De
2564 3047 2921 3102 Proviaeutt‘a.

311 3141 500 3194 Ματθ.
541 3134 826 3205 ι⁸.-Οὐχὶ
877 3134 969 3186 δύο
1019 3131 1275 3203 στρουθία
1318 3131 1579 3202 ἀσσαρίου
1614 3132 1807 3184 πωλεῖ-
1833 3169 1879 3230 C
1977 3140 1988 3193 λ

1795 3162 1807 3173 ·
1833 3169 1879 3230 C
1977 3139 2164 3193 Matth.
2199 3155 2256 3204 ι,
2285 3138 2372 3193 20.
2391 3166 2462 3179 -
2488 3139 2681 3193 Nonne
2706 3139 2816 3192 duo
2848 3151 3098 3208 passeres
3121 3138 3334 3192 minuto
3355 3151 3472 3192 asse

243 3248 368 3298 ταις
405 3229 498 3282 κα).
534 3228 593 3281 ἒν
615 3226 675 3291 ἐξ
701 3225 879 3300 αὐτῶν
909 3225 969 3278 οὐ
999 3223 1245 3276 πεσεῖται
1297 3222 1390 3275 ἐπὶ
1424 3222 1523 3292 τὴν
1551 3223 1654 3291 γῆν
1679 3222 1806 3276 ἄνευ
1841 3222 1878 3230 “
1910 3245 1920 3268 η

1797 3241 1806 3273 ι
1841 3222 1878 3230 “
1910 3229 2194 3284 veneunt?
2228 3239 2286 3284 et
2317 3244 2461 3284 unus
2493 3242 2560 3282 ex
2591 3229 2700 3285 illis
2731 3245 2838 3284 non
2876 3229 3036 3284 cadet
3075 3245 3239 3299 super
3275 3238 3474 3284 terram

243 3319 340 3375 τοῦ
377 3319 592 3390 Πατρδς
622 3317 793 3387 ὑμῶν.
828 3314 1014 3385 ’Υμῶν
1043 3313 1097 3366 δέ
1119 3311 1213 3366 καὶ
1241 3312 1296 3364 αἱ
1319 3311 1506 3382 τρίχες
1530 3312 1625 3380 τῆς
1643 3329 1810 3380 κεφα-

243 3413 343 3482 λῆς
376 3413 549 3467 πᾶσαι
575 3408 948 3480 ἠριθμημέναι
983 3405 1162 3460 είσίν.ί
1513 3391 1516 3394 ’

325 3506 500 3574 Ῥωμ.
533 3503 794 3556 αι’-Ὤ
849 3499 1011 3569 βάθος
1047 3497 1280 3551 πλούτου
1326 3495 1418 3549 καὶ
1476 3495 1667 3564 σοφίας
1720 3494 1812 3545 καὶ

243 3596 502 3665 γνώσεως
533 3591 701 3644 Θεοῦέ
737 3590 812 3652 ὡς
840 3587 1234 3659 άνεξερεύνητα
1260 3588 1328 3640 τὰ
1356 3587 1601 3658 κρίματα
1624 3583 1810 3642 αὑτοῦ.

244 3687 337 3740 x-‘
373 3683 764 3751 ἀνεξιχνίαστοι
795 3681 852 3732 αἱ
881 3679 989 3732 ὁδοὶ
1032 3678 1216 3732 αὑτοῦ.

314 3777 536 3841 Σολομ.
575 3770 843 3835 ιβύ-Σὺ
901 3770 1172 3833 δεσπόζων
1221 3768 1401 3836 ίσχύος
1449 3769 1506 3819 ὲν
1547 3765 1813 3821 ἑπιεικεία

246 3868 480 3935 κρίνεις,
518 3863 622 3925 ,καὶ
655 3862 792 3932 μετά
818 3861 1018 3930 πολλῆς
1047 3857 1263 3929 φειδοῦς
1294 3859 1512 3921 διοικεῖς
1539 3859 1705 3927 ἡμᾶς.

315 4039 442 4106 Σιρ.
497 4041 591 4098 ις’.
618 4034 785 4104 -Μὴ
831 4035 1009 4105 εἴπῃς,
1074 4031 1578 4102 ’Λποκρυδήσομαι,
1619 4032 1714 4084 καὶ
1757 4032 1816 4096 ἐξ

246 4126 421 4196 ὕψους
454 4125 534 4186 ς-’ς
573 4141 674 4193 μου
708 4123 1114 4193 μνησθήσεταις
1159 4121 1290 4173 Ἰδοὺ
1328 4122 1356 4173 6
1398 4120 1623 4190 οὐρανὸς
1651 4121 1742 4173 καὶ
1789 4123 1816 4171 ὁ

244 4218 479 4290 οὐρανὸς
526 4215 619 4269 τοῦ
664 4214 929 4285 οὐρανοῦο
987 4213 1220 4275 ἄϐυσσος
1271 4212 1362 4264 καὶ
1402 4211 1472 4281 γῆ
1529 4211 1720 4264 καὶτὰ
1761 4213 1818 4263 ἐν

246 4312 462 4371 αὐτοῖς,
496 4311 563 4378 τῇ
589 4309 862 4375 ἐπισκοπῇ
888 4304 1052 4358 αὑτοῦ
1084 4301 1492 4373 σαλευθήσεται.
1525 4303 1634 4364 Τάς
1669 4301 1819 4365 ὀδοὺς

246 4399 419 4455 αὑτοῦ
456 4399 540 4462 τίς
576 4396 1044 4466 ὲνθυμηῡήσεται;
1099 4393 1352 4458 καταιγὶς
1392 4392 1459 4460 ἢν
1503 4392 1603 4444 οὐκ
1629 4392 1818 4460 ὄψεται

1911 3319 2031 3374 sine
2049 3318 2212 3374 Patre
2239 3328 2446 3374 vestro.
2473 3317 2584 3372 Sed
2621 3328 2678 3372 et
2708 3319 2890 3387 capilli
2923 3318 3122 3388 capitis
3150 3320 3317 3374 vestri
3355 3335 3476 3372 om-

1913 3425 2010 3462 nes
2041 3410 2313 3465 numerati
2340 3421 2487 3464 sunt.

1979 3501 2132 3555 Rom.
2151 3516 2226 3564 xl,
2249 3499 2337 3554 53.
2364 3528 2432 3538 --
2449 3499 2493 3555 O
2513 3499 2748 3554 altitudo
2775 3499 3093 3554 divitiarum
3114 3506 3170 3554 et
3197 3497 3480 3568 sapientiae

1914 3600 1971 3642 et
2009 3588 2250 3644 scientiae
2297 3588 2434 3643 Dei!
2487 3603 2650 3657 quam
2698 3588 3078 3641 inscrutabilia
3121 3597 3249 3642 sunt
3277 3587 3479 3657 judicia

1914 3679 2032 3747 ejus
2059 3688 2114 3732 et
2147 3676 2673 3747 impervestigabiles
2699 3677 2800 3731 via:
2822 3678 2972 3746 ejus!

1985 3769 2116 3837 Sap.
2143 3785 2239 3831 xu,
2265 3768 2350 3820 IO.
2376 3798 2442 3806 —
2470 3767 2549 3821 Tu
2572 3808 2586 3829 ,
2617 3767 2934 3821 Dominator
2959 3765 3198 3830 virtutis,
3223 3769 3276 3820 in
3309 3768 3481 3836 aequi-

1919 3867 2025 3913 tate
2064 3859 2300 3927 judicas,
2344 3865 2550 3911 etcum
2589 3873 2783 3926 magna
2829 3856 3166 3926 indulgentia
3210 3857 3484 3925 gubernas

1919 3965 2038 4002 ηοε.

1989 4039 2152 4093 Eccli.
2199 4056 2306 4104 xw,
2363 4039 2447 4093 I6.
2479 4068 2546 4082 —
2570 4040 2651 4094 Ne
2704 4040 2855 4093 dicas
2885 4038 3240 4093 :Abscondar
3265 4079 3280 4102 ,
3331 4050 3385 4093 et
3418 4056 3484 4094 ex

1919 4131 2028 4184 alto
2047 4132 2171 4199 quis
2196 4130 2304 4186 mei
2334 4131 2771 4185 memorabitur?
2799 4131 2940 4184 Ecce
2971 4131 3171 4184 coalqu
3198 4142 3254 4185 et
3283 4135 3482 4186 cadum

1919 4220 2075 4283 caeli;
2099 4219 2325 4290 abyssus
2355 4228 2410 4273 et
2449 4228 2618 4282 terra,
2651 4231 2708 4273 et
2734 4236 2855 4289 quae
2893 4221 2948 4274 in
2978 4221 3062 4273 eis
3082 4231 3240 4283 sunt,
3280 4222 3332 4274 in
3360 4223 3485 4275 visi-

1923 4311 2128 4364 tatione
2159 4311 2279 4379 ejus
2301 4311 2814 4365 commovebuntur.
2846 4311 2976 4366 Vias
3003 4311 3152 4365 illius
3176 4311 3300 4379 quis
3324 4312 3485 4365 intel-

1922 4401 2086 4471 liget?
2114 4402 2380 4465 Procella,
2410 4417 2576 4471 quam
2619 4417 2728 4455 non
2754 4400 2964 4456 videbit
3000 4402 3196 4466 homo;
3219 4412 3276 4456 et
3309 4403 3485 4472 plera-

247 4492 574 4561 ἅνθρωπος·
603 4488 696 4541 καὶ
732 4486 800 4538 τά
827 4484 1046 4537 πλείονα
1078 4482 1187 4536 τῶν
1207 4481 1382 4551 ἔργων
1409 4481 1573 4534 αὑτοῦ
1605 4483 1663 4534 ἐν
1683 4483 1819 4536 ἀπο·
1853 4489 1897 4544 D

1284 4498 1382 4550 των
1409 4481 1573 4534 αὖτοῦ
1605 4483 1663 4534 ἐν
1683 4483 1819 4536 ἀπο·
1853 4489 1897 4544 D
1925 4507 2032 4561 quc.
2062 4493 2181 4562 ejus
2208 4507 2437 4561 operum
2472 4493 2792 4547 abscondita
2815 4502 2961 4548 sunt.

249 4598 508 4650 κρυφοις.

564 4699 586 4708 -
609 4698 634 4706 -
657 4667 770 4720 Πᾶν
798 4668 934 4736 ὅπερ
978 4667 1060 4729 είς
1095 4666 1242 4736 ἡμᾶς
1275 4666 1338 4718 ὲκ
1363 4664 1512 4727 θείας
1539 4663 1822 4732 δυνάμεως

252 4762 464 4831 ἀγαθὸν
489 4759 688 4830 φθάσῃ,
726 4757 825 4822 τῆς
860 4757 1038 4809 πάντα
1069 4756 1397 4827 ἐνεργούσης
1429 4755 1649 4824 χάριτος
1675 4754 1821 4822 ἐνέρ-

250 4870 415 4923 γειαν
448 4848 584 4904 εἶναί
613 4867 813 4920 φαμεν.

326 4943 500 4999 Οὐδὲν
537 4942 870 5012 ἀπρονόητον
891 4940 1011 4995 οὐδὲ
1038 4937 1380 5010 ἠμελημένον
1411 4936 1560 5008 παρά
1589 4936 1668 5006 τῷ
1688 4937 1824 5006 Θεῷ.

252 5037 448 5091 Πάντα
508 5029 764 5084 σκοπεύει
840 5031 869 5081 6
931 5028 1231 5096 άκοίμητος
1302 5025 1616 5095 ὀφθαλμός·
1695 5029 1828 5078 πᾶσι

253 5124 517 5184 ςπὲοεστι,
559 5118 796 5188 πορίζων
833 5117 1047 5186 ἑκάστῳ
1076 5116 1174 5185 τὴν
1210 5114 1503 5184 σωτηρίαν.

333 5301 506 5354 Θεολ.
529 5327 596 5338 -
640 5297 906 5358 Πολλάκις
952 5292 1286 5363 παραδόξους
1324 5289 1596 5360 σωτηρίας
1626 5287 1732 5342 οἶδε
1769 5291 1831 5343 τὸ

253 5393 417 5445 Θεῖον
453 5391 814 5458 καινοτομεῖν,
860 5387 1014 5440 νεῦον
1058 5384 1195 5456 πρὸς
1244 5384 1305 5436 τὸ
1342 5382 1723 5452 φιλάνθρωπον
1761 5384 1828 5451 τῇ

256 5482 462 5539 ἑαυτοῦ
493 5480 740 5551 προνοίᾳ.

334 5572 930 5643 navabat—06653.;
971 5569 1144 5633 οὕτως
1182 5567 1396 5622 ιὲαυτοῦ
1449 5567 1707 5635 φείδεται,
1760 5568 1835 5632 ὡς

1997 4667 2207 4722 Basilii.
2239 4698 2305 4709 --
2329 4668 2606 4736 Quidquid
2643 4670 2769 4722 boni
2814 4685 2878 4722 ex
2913 4670 3097 4726 divina
3143 4674 3384 4739 potentia
3425 4675 3491 4726 ad

1930 4777 2030 4815 nos
2057 4761 2226 4824 venit,
2271 4761 2321 4814 id
2347 4761 2530 4829 gratiae
2555 4763 2734 4814 omnia
2766 4763 3046 4830 operantis
3087 4767 3341 4816 effectum
3375 4781 3490 4818 esse

1934 4851 2188 4904 dicimus.
3354 4885 3473 4914 ,,

2006 4943 2151 4996 Nihil
2180 4942 2321 5011 apud
2351 4941 2520 4995 Deum
2557 4959 2664 4996 non
2692 4944 3003 5012 provisum;
3037 4946 3174 4999 nihil
3199 4945 3322 5014 ejus
3352 4945 3498 4997 curis

1936 5034 2324 5088 substractum.
2384 5033 2577 5086 Omnia
2624 5034 2774 5088 videt
2825 5036 3213 5104 itiSOporabilis
3264 5036 3494 5097 oculus;

1936 5126 2192 5179 omnibus
2221 5124 2396 5184 adest,
2430 5125 2680 5193 praebens
2705 5126 2936 5195 singulis
2956 5128 3100 5193 quod
3157 5126 3500 5178 incolumita-

1939 5223 2045 5268 tem
2069 5221 2307 5283 praestet.

2008 5306 2267 5375 Theologi.
2298 5336 2365 5346 —-—
2394 5307 2574 5360 Novas
2593 5307 2736 5360 haud
2767 5322 2893 5361 raro
2917 5317 2974 5361 et
3010 5308 3284 5362 inauditas
3310 5308 3502 5362 salutis

1935 5393 2052 5447 vias
2082 5393 2224 5448 Deus
2254 5394 2500 5462 proferre
2542 5397 2715 5456 novit,
2771 5397 3113 5463 providentia
3158 5413 3254 5450 sua
3281 5398 3347 5450 ad
3397 5397 3501 5449 hu—

1943 5485 2259 5537 mauitatem
2285 5501 2345 5537 at.-
2379 5486 2727 5540 clementiam
2762 5487 3047 5542 inclinans.
3188 5541 3193 5547 ,

2015 5573 2274 5643 Cltrysosl.
2304 5604 2374 5616 -
2408 5575 2575 5629 Nemo
2605 5577 2682 5630 sic
2710 5577 2826 5645 ipse
2861 5592 2987 5647 erga
3026 5577 3266 5646 seipsum
3314 5573 3500 5630 indul-

1560 5683 1792 5742 VAIIUE
1819 5685 2217 5743 LEC'I‘IONES.

345 5785 366 5816 ⁸
397 5783 458 5837 B.
501 5783 590 5835 ἐπὶ
616 5781 696 5836 τό.
772 5784 791 5815 ³
817 5780 980 5835 Gesn.
1015 5780 1070 5834 in
1123 5778 1244 5834 Mel.
1294 5777 1626 5842 Θεοφυλάκτ.
1707 5782 1750 5814 ¹⁶
1783 5783 1840 5839 In
1888 5783 2055 5840 Gesn.
2102 5785 2407 5842 81011.21“.
