4246 6438
781 398 884 465 943

1953 382 2013 441 S.
2054 376 2342 440 MAXIMI
2376 373 2884 436 CONFESSORIS

3952 366 4070 431 944

778 506 961 579 gentia
1006 505 1139 574 agit,
1168 516 1231 555 ac
1265 513 1392 569 erga
1436 512 1540 551 nos
1590 507 1785 549 omnes
1813 491 1982 545 Deus.
2019 488 2190 558 καεὶς
2214 487 2361 541 enim

2469 484 2691 536 πάντων
2716 483 2876 553 ἡμῶν
2914 483 2943 533 ὸ
2973 481 3105 543 Θεός
3134 497 3147 510 ·
3183 480 3365 549 πολλῷ
3402 481 3511 551 γὰρ
3541 481 3702 550 ἡμῶν
3734 481 3898 545 αὐτὸς
3928 481 4059 550 βού-

778 598 934 669 cupit
989 597 1126 649 nihil
1177 592 1339 647 nobis
1394 590 1525 644 mali
1571 584 2050 650 accidere,quam
2105 594 2209 633 nos
2262 593 2362 632 cu-

820 704 1017 742 tamus.

820 705 1017 742 iamus.

779 705 813 757 Ρ
849 779 1040 834 Nescis
1078 788 1157 841 tu,
1188 791 1223 830 o
1260 776 1449 838 homo,
1477 786 1599 843 qua:
1640 785 1707 824 ex
1743 768 1857 821 tuis
1883 767 1995 821 sint
2028 760 2361 817 rationibus.

781 872 1115 939 Plerumque
1141 868 1303 924 noxia
1332 867 1497 937 petis,
1525 871 1585 918 et
1608 877 1732 933 quae
1753 859 2065 932 periculum
2101 854 2361 908 habeant.

780 960 849 1011 At
872 958 986 1022 ille,
1010 958 1105 1027 qui
1135 955 1311 1025 magis
1336 964 1485 1009 tuam
1506 960 1669 1005 curet
1710 949 1966 1007 salutem,
1997 958 2107 997 non
2131 940 2367 995 attendit

783 1060 932 1103 tuam
993 1048 1355 1118 petitionem;
1408 1043 1506 1098 sed
1560 1049 1689 1095 ante
1733 1033 2085 1104 illam,quod
2143 1034 2201 1086 in
2250 1045 2364 1085 rem

782 1150 932 1193 tuam
990 1141 1104 1203 sit,
1147 1138 1391 1207 undique
1412 1133 1691 1205 providet.
1733 1130 1873 1187 Cum
1914 1126 2063 1182 enim
2113 1132 2369 1194 parentes

782 1230 1035 1285 carnales
1072 1245 1185 1284 non
1240 1228 1427 1282 omnia
1472 1226 1720 1280 tribuant
1770 1219 2092 1291 petentibus
2138 1214 2364 1276 liberis;

784 1337 895 1375 non
958 1320 1107 1390 quod
1154 1334 1253 1373 eos
1300 1325 1695 1377 contemnant,
1747 1312 1844 1365 sed
1890 1307 2037 1378 quod
2063 1306 2170 1360 illis
2200 1302 2367 1375 65.9

784 1410 983 1463 melius
1004 1408 1333 1471 consulant;
1365 1408 1539 1459 multo
1569 1403 1741 1473 magis
1781 1402 1949 1463 Deus,
1975 1398 2071 1467 qui
2110 1406 2167 1450 et
2196 1394 2369 1463 magis

784 1508 953 1561 amat.
986 1514 1051 1554 ac
1074 1514 1186 1569 prae
1213 1499 1475 1552 omnibus
1508 1495 1684 1555 novit,
1710 1491 1859 1561 quod
1910 1488 2074 1543 nobis
2104 1486 2237 1540 utile
2274 1484 2364 1538 sit.

856 1673 1336 1743 Didymi.—Cum
1368 1685 1551 1724 rerum
1599 1665 1869 1721 Conditor
1914 1663 2178 1717 'omnium
2239 1662 2366 1714 ani-

784 1780 999 1819 morum
1029 1764 1246 1818 occulta
1273 1761 1514 1823 noverit,
1542 1756 1816 1813 universis
1851 1754 2131 1824 providet,
2158 1751 2365 1806 nedum

2465 574 2617 627 λεται
2646 574 2873 644 μᾶλλον,
2914 573 3081 642 μηδὲν
3104 574 3254 642 ἡμᾶς
3280 572 3516 641 πάσχειν
3546 572 3739 624 κακόν.

2536 750 2651 801 Οὐκ
2675 743 2825 810 οἶδας
2858 746 3016 800 oin-ta
3049 747 3425 815 συμφέροντα,
3475 746 3753 816 ἄνθρωπε.
3785 747 4064 809 Πολλάκις

2466 840 2638 901 αἰτεῖς
2661 837 2932 907 ἐπιϐλαὸἧ
2961 838 3057 888 καὶ
3089 836 3365 906 σφαλερὰ·
3397 835 3517 889 ἀλλ’
3540 838 3747 899 ἐκεῖνος
3790 840 3819 890 ὁ
3854 839 4064 906 μᾶλλον

2468 930 2768 999 κηδόμενός
2817 946 2912 981 σου
2961 928 3062 996 τῆς
3111 928 3411 997 σωτηρίας,
3465 927 3529 980 οὐ
3582 930 3648 997 τῇ
3696 928 3915 995 αἰτήσει
3962 944 4063 978 σου

2469 1025 2761 1092 προσέχει·
2821 1022 2957 1074 ἀλλὰ
2990 1021 3100 1090 πρὸ
3132 1019 3235 1089 τῆς
3265 1022 3535 1089 αἰτήσεως
3568 1018 3631 1071 τὸ
3661 1020 3944 1087 συμφέρον
3978 1034 4065 1069 σοι

2470 1112 2751 1183 πανταχοῦ
2782 1113 3116 1182 προνοεῖται.
3145 1109 3209 1163 Εἰ
3243 1109 3355 1179 γὰρ
3388 1109 3439 1160 οἱ
3463 1109 3701 1178 πατέρες
3728 1110 3777 1159 οἱ
3803 1108 4067 1177 σαρκικοὶ

2468 1206 2531 1258 ού
2566 1206 2746 1258 πάντα
2775 1202 2990 1256 αἰτοῦσι
3018 1203 3153 1266 Ϊτοῖς
3202 1202 3365 1254 παισὶ⁵
3411 1201 3670 1263 διδόασιν,
3718 1202 3819 1252 οὐκ
3869 1201 4067 1269 ἐπειδὴ

2471 1296 2875 1367 καταφρονοῦσι
2938 1295 3050 1349 τῶν
3106 1294 3427 1359 αἰτούντων,
3480 1292 3599 1346 ἀλλ’
3641 1292 3831 1361 ἐπειδὴ
3879 1293 4065 1345 αὐτῶν

2474 1389 2673 1459 μᾶλλον
2698 1388 2991 1456 κήδονται·
3020 1384 3202 1454 πολλῷ
3230 1384 3432 1452 μᾶλλον
3454 1385 3483 1436 ὁ
3502 1383 3660 1447 Θεὸς,
3686 1385 3717 1436 ὁ
3738 1385 3835 1436 καὶ
3857 1384 4065 1450 μᾶλλον

2472 1479 2644 1547 φιλῶν
2673 1481 2767 1530 καὶ
2791 1476 2953 1530 πλέον
2986 1474 3243 1528 ἁπάντων
3277 1470 3459 1536 ειδὼς,
3503 1470 3567 1524 τὸ
3612 1471 3893 1541 συμφέρον
3928 1472 4065 1539 ἡμῖιν

2471 1568 2636 1626 ποιεῖ.

2542 1663 2745 1730 meum.
2779 1690 2848 1701 —
2883 1660 3112 1713 Πάντων
3153 1655 3264 1709 τῶν
3309 1652 3546 1723 λογικῶν
3582 1653 3661 1723 (ε)
3691 1651 4064 1718 ἐπιστάμενος

2471 1753 2534 1805 τὸ
2563 1750 2807 1824 κρυπτὸν
2851 1752 2881 1804 ὁ
2922 1747 3288 1818 Δημιουργδς,
3333 1746 3645 1817 προνοεῖται
3671 1742 3781 1794 τῶν
3805 1741 3967 1802 ὅλων,
3998 1740 4063 1791 οὐ

782 1873 847 1911 ex
876 1854 1133 1925 praesenti
1155 1868 1351 1907 eorum
1377 1852 1579 1906 all'ectu
1600 1864 1778 1918 exque
1809 1848 1880 1901 iis
1898 1862 2020 1915 quae
2035 1853 2362 1914 operantur,

2475 1845 2637 1915 μόνον
2660 1841 2721 1906 ἐξ
2752 1835 2827 1895 ὧν
2856 1839 3161 1893 διάκεινται
3191 1836 3288 1889 καὶ
3315 1835 3676 1904 πράττουσιν,
3709 1830 3849 1884 ἀλλὰ
3881 1830 3977 1881 καὶ
4004 1829 4065 1893 ἐξ

781 1952 848 2003 ad
890 1950 1117 2002 meliora
1146 1946 1479 2014 provehens,
1516 1956 1708 1996 verum
1748 1939 1916 1994 etiam
1961 1953 2030 1991 ex
2084 1936 2193 1991 illis
2248 1951 2370 2005 qna:

786 2041 1104 2113 praenoscit.

851 2133 1001 2186 Beati
1025 2130 1294 2198 Ephram.
1320 2155 1393 2165 -—
1418 2123 1680 2178 Mundum
1708 2123 1853 2177 Deus
1883 2120 2180 2175 tolerantia
2236 2119 2372 2172 visi-

781 2231 859 2277 tat
879 2236 944 2275 ac
967 2226 1153 2283 curat,
1178 2218 1427 2272 laturum
1470 2213 1850 2277 subindicans,
1883 2226 1950 2265 ac
1986 2224 2230 2280 prasens
2257 2225 2375 2262 ma-

778 2316 892 2370 lum
916 2311 1174 2367 terminis
1199 2308 1584 2371 concludens;
1618 2303 2036 2374 improbitatem
2080 2301 2376 2370 praceptis

782 2403 1087 2465 rel‘renans,
1120 2400 1427 2468 ultriceque
1445 2396 1783 2452 conscientia
1809 2394 2106 2449 sceleratas
2128 2407 2190 2446 ac
2225 2391 2376 2446 nel'a-

782 2495 890 2548 rias
915 2500 1132 2548 mentes
1166 2491 1467 2560 castigans.

851 2604 1091 2675 Epicuri.
1123 2601 1403 2657 —Gratia
1429 2601 1603 2655 beatae
1643 2598 1728 2654 illi
1774 2607 2006 2662 naturae,
2061 2599 2207 2667 quod
2252 2612 2376 2667 qua:

780 2695 1093 2751 necessaria
1121 2701 1300 2755 erant,
1358 2690 1625 2760 parabilia
1675 2688 1838 2755 fecit;
1889 2703 2011 2758 qua:
2039 2698 2222 2741 autem
2266 2701 2374 2740 non

778 2785 1114 2848 necessaria,
1145 2792 1339 2853 paratu
1370 2780 1632 2836 dillicilia.

1443 2894 1705 2951 Socrates.

781 2987 839 3044 Si
875 2992 1001 3060 quid
1019 3006 1147 3044 cura
1173 2997 1358 3057 potest,
1393 3004 1577 3060 cures;
1618 2986 1749 3060 utsi
1790 2982 2058 3060 ipse

892 3055 957 3115 7c
987 3055 1257 3121 curat,éur
1288 3066 1344 3109 tu
1375 3056 1631 3109 sollicitus
1652 3055 1745 3107 tibi
1776 3056 1846 3107 sis
1869 3055 1894 3104 ?

2475 1931 2551 1992 ὧν
2581 1931 2950 2006 προγινώσκει
2977 1932 3129 1999 ἄγων
3159 1929 3264 1999 τὴν
3296 1927 3599 1999 βελτίωσιν.

2555 2027 2667 2082 Τοῦ
2708 2025 3009 2095 μακαρίου
3049 2021 3327 2091 Ἐφραίμ.
3353 2050 3423 2061 -
3452 2019 3558 2072 Τὸν
3602 2016 3810 2083 κόσμον
3854 2020 3883 2065 ὁ
3927 2012 4063 2073 Θεὸς

2475 2115 2798 2187 ἀνεξικακίᾳ
2823 2114 3119 2168 ἐπισκοπεῖ
3139 2150 3156 2176 ,
3191 2110 3252 2163 τὸ
3289 2107 3487 2179 μέλλον
3514 2105 3890 2172 αἰνιττόμενος
3915 2142 3928 2159 ,
3969 2099 4067 2151 καὶ

2472 2214 2536 2266 τδ
2566 2210 2741 2280 παρὸν
2770 2208 2944 2262 κακὸν
3001 2207 3152 2274 ὅροις
3197 2200 3521 2271 στοιχίζωνυ
3567 2200 3632 2250 ἐκ
3667 2198 3767 2266 μὲν
3799 2199 3894 2262 τῆς
3926 2194 4065 2245 ἀπο-

2477 2306 2697 2372 φάσεως
2743 2298 2982 2371 χαλινῶν
3027 2297 3125 2365 τὴν
3168 2294 3469 2363 πονηρίαν·
3521 2290 3611 2342 διὰ
3656 2289 3714 2340 δὲ
3782 2287 3881 2354 τῆς
3934 2303 4062 2337 συν-

2480 2394 2739 2462 ειδήσεως
2783 2390 2882 2452 τὰς
2921 2389 3137 2455 ἐναγεῖς
3170 2387 3268 2440 καὶ
3324 2382 3567 2453 πονηρὰς
3601 2381 3836 2440 διανοίας
3884 2395 4064 2445 τιμω-

2482 2484 2764 2555 ρούμενος.

2560 2595 2935 2661 Ἑπικούρου.
2966 2622 3037 2634 -
3065 2591 3241 2662 Χάρις
3268 2591 3333 2657 τῇ
3380 2588 3629 2658 μακαρίᾳ
3659 2584 3854 2650 φύσει,
3883 2583 3963 2633 ὅτι
3994 2580 4065 2632 τὰ

2476 2690 2751 2756 ἀναγκαῖα
2804 2686 3062 2756 ἐποίησεν
3107 2684 3437 2753 εὐπόριστα⁸
3489 2680 3557 2731 τὰ
3597 2679 3652 2729 δὲ
3700 2674 4064 2743 δυσπόριστα,

2478 2784 2577 2835 οὐκ
2608 2780 2900 2847 ἀναγκαῖα.

3098 2886 3434 2953 Σωκράτης.

2480 2985 2549 3037 El
2579 2981 2647 3034 τὸ
2667 2980 2880 3051 μέλειν
2900 2978 3154 3051 δύναταί
3177 2994 3251 3051 τι,
3278 2974 3535 3051 μέριμνα
3561 2969 3916 3051 scalpella“)
3940 2982 4063 3020 σοι.

2478 3055 2547 3107 El
2578 3051 2647 3104 δὲ
2664 3040 2833 3120 μέλει
2862 3049 2995 3116 περὶ
3023 3047 3142 3101 σοῦ
3187 3040 3449 3112 δαίμονι,
3483 3042 3586 3094 σοι
3625 3042 3682 3092 τί
3707 3040 3920 3109 pelei;

852 3167 1111 3221 Platonis.
1140 3198 1208 3206 —
1232 3166 1369 3220 Cum
1396 3166 1543 3219 Deus
1586 3164 1827 3218 faustum
1861 3162 2188 3231 felicemque
2234 3161 2369 3215 civi-

2547 3162 2819 3218 Πλάτων.
2847 3192 2916 3202 -
2942 3161 3111 3212 Ὅταν
3146 3157 3403 3227 βούληται
3448 3154 3582 3213 Θεὸς
3627 3147 3688 3205 εὖ
3733 3150 3938 3219 πρᾶξαι
3970 3150 4065 3201 πό-

784 3256 912 3312 tatis
935 3266 1138 3311 statim
1166 3255 1429 3318 voluerit,
1475 3254 1627 3309 viros
1673 3254 1850 3309 bonos
1873 3267 1939 3308 ac
1999 3252 2149 3306 cives
2198 3250 2367 3316 facit;

780 3362 906 3403 cum
934 3361 1067 3400 vero
1093 3347 1339 3400 futurum
1369 3354 1430 3398 ut
1461 3344 1679 3399 amictis
1728 3346 1897 3401 rebus
1936 3344 2154 3399 laboret
2201 3345 2370 3398 malc-

781 3453 891 3507 que
915 3436 1135 3499 habeat,
1171 3436 1349 3489 bonos
1377 3451 1444 3489 ex
1469 3450 1534 3488 ea
1563 3435 1714 3489 viros
1760 3435 2042 3490 subducit.
2083 3435 2163 3489 lta
2199 3434 2258 3487 ﬁt
2311 3444 2371 3489 ut

782 3528 959 3580 virtus
986 3540 1163 3595 neque
1194 3524 1295 3577 sub
1318 3523 1626 3577 doctrinam
1656 3523 1837 3587 cadat,
1866 3538 1969 3576 nec
1986 3523 2055 3576 sit
2080 3523 2369 3588 naturalis,

782 3616 879 3671 sed
913 3618 1103 3670 divino
1123 3616 1235 3669 fato
1254 3631 1317 3669 ac
1343 3615 1713 3686 providentia,
1764 3615 1875 3668 illis
1919 3615 2100 3683 quica
2140 3614 2373 3668 fulcian-

784 3716 897 3771 tur,
926 3708 1173 3762 advenit.

852 3802 999 3857 Deus
1020 3800 1227 3863 omnia,
1263 3815 1328 3855 ac
1356 3814 1482 3854 cum
1504 3799 1877 3863 Deo,fortuna
1906 3808 1962 3851 et
1997 3808 2230 3867 tempus,
2249 3813 2369 3867 quae

784 3895 1021 3950 humana
1054 3902 1205 3954 sunt,
1238 3892 1552 3962 gubernant
1598 3892 1805 3945 omnia.

1359 4023 1592 4081 SERMO
1614 4024 1803 4079 XLIX.

1063 4138 1141 4194 De
1172 4138 1467 4192 humilitate
1494 4154 1778 4208 sensusque
1809 4139 2083 4192 modestia.

857 4256 983 4309 Luc.
1007 4270 1116 4319 xiv,
1145 4252 1231 4307 ll.
1269 4244 1337 4293 —-F
1360 4251 1551 4307 Omnis
1578 4250 1674 4320 qui
1709 4265 1767 4305 se
1790 4250 2014 4313 exaltat,
2047 4246 2365 4302 humiliabi-

786 4358 876 4399 tur
912 4362 925 4403 :
966 4354 1022 4398 et
1053 4343 1148 4413 qui
1183 4357 1241 4397 se
1278 4340 1553 4403 humiliat,
1576 4339 1931 4394 exaltabitur.

852 4436 1005 4491 Rom.
1041 4452 1135 4498 xu,
1156 4436 1318 4488 lG.-—
1343 4433 1463 4487 Non
1481 4433 1588 4486 alta
1619 4431 1917 4501 sapientes,
1941 4430 2035 4485 sed
2058 4446 2158 4485 vos
2187 4430 2367 4484 humi-

783 4528 933 4582 libus
962 4524 1463 4580 accommodantes.

855 4618 1012 4671 Prov.
1045 4632 1191 4678 xxix,
1214 4616 1304 4668 23.
1340 4644 1410 4654 —
1436 4613 1675 4668 Modeste
1706 4612 1981 4682 sapientes
2014 4614 2211 4669 evehet
2251 4616 2367 4686 glo-

787 4710 865 4763 ria
891 4708 1179 4762 Dominus.

855 4798 1020 4854 Eccli.
1044 4814 1123 4859 ιιι,
1155 4797 1245 4851 20.
1277 4826 1343 4835 -
1380 4795 1597 4861 Quanto
1639 4796 1812 4865 major
1837 4811 1917 4859 es,
1976 4803 2130 4850 tanto
2159 4809 2211 4851 te
2256 4797 2359 4850 liu-

784 4890 955 4952 :.ii|ia,
992 4898 1049 4963 et
1076 4887 1328 4941 invenies
1362 4885 1594 4955 gratiam
1638 4884 1693 4938 in
1710 4884 1889 4939 oculis
1915 4885 2363 4958 Domini.Magna

784 4996 1020 5051 namque
1050 4989 1137 5034 est
1171 4976 1413 5047 potentia
1458 4974 1698 5040 Domini,
1727 4984 1785 5030 et
1806 4975 1875 5030 ab
1905 4976 2211 5031 humilibus
2244 4978 2362 5047 glo-

786 5073 1106 5129 rilicabitur.

851 5161 1061 5217 Basilii.
1086 5191 1155 5200 —-
1182 5160 1329 5215 Fieri
1369 5173 1479 5213 non
1525 5164 1707 5226 potest
1733 5170 1860 5211 eum
1895 5156 1990 5226 qui
2022 5174 2080 5211 se
2112 5158 2361 5213 inﬁmum

854 5303 894 5335 ¹¹
924 5303 984 5356 ln
1000 5301 1165 5357 Gesn.
1192 5297 1409 5352 Stobaeo
1437 5295 1526 5348 42.

2477 3254 2581 3316 λιν,
2614 3253 2813 3324 ἄνδρας
2842 3250 3081 3319 ἀγαθοὺς
3111 3249 3371 3316 ἐποίησεν
3392 3263 3404 3272 ·
3435 3248 3565 3299 ὅταν
3588 3244 3645 3297 δέ
3675 3242 3842 3313 μέλλῃ
3870 3239 4065 3301 κακῶς

2480 3345 2711 3416 πράξειν
2744 3344 2922 3408 πόλις,
2955 3341 3124 3407 ἐξεῖλε
3155 3342 3283 3401 τοὺς
3318 3338 3517 3408 ἄνδρας
3547 3337 3675 3398 τοὺς
3706 3334 3947 3399 ἀγαθοὺς
3997 3334 4065 3383 ἐκ

2476 3437 2684 3505 ταύτης
2709 3436 2810 3505 τῆς
2841 3436 3070 3496 πόλεως.
3100 3432 3288 3494 Οὕτως
3329 3430 3507 3483 ἔοικεν
3537 3429 3660 3481 οὔτε
3694 3425 3947 3480 διδακτὸν
3982 3420 4064 3476 εἶ-

2478 3548 2593 3592 ναι,
2631 3528 2753 3583 οὔτε
2787 3526 2968 3597 φύσει,
2999 3526 3170 3595 ἀρετή
3192 3540 3203 3553 ·
3237 3521 3372 3575 ἀλλὰ
3397 3521 3518 3590 θεία
3555 3519 3721 3591 μοίρᾳ
3753 3516 4033 3587 παραγὶνι

2476 3639 2567 3673 ται
2596 3617 2922 3688 κτωμένοις.

2558 3798 2617 3850 Ὀ
2662 3795 2799 3858 Θεὸς
2828 3793 3005 3847 πάντα
3032 3833 3047 3857 ,
3079 3792 3173 3845 καὶ
3201 3790 3339 3861 μετὰ
3367 3788 3503 3841 Θεοῦ
3544 3790 3682 3857 τύχη
3716 3786 3812 3839 καὶ
3839 3784 4062 3855 καιρὸς,

2474 3890 2545 3939 τὰ
2572 3884 2891 3956 ἀνθρώπινα
2914 3881 3311 3950 διακυϐερνῶσι
3342 3878 3657 3948 συμπάντα.

3027 4014 3248 4068 ΛΟΓΟΣ
3288 4013 3403 4068 ΜΘ’
3432 4011 3499 4045 ⁸¹⁸

2877 4125 3017 4192 Περὶ
3052 4123 3636 4192 ταπεινοφροσύνης.

2545 4251 2729 4299 Λουκ.
2769 4242 2859 4295 ιδ’.
2886 4241 3091 4303 -Πᾶς
3133 4242 3162 4294 ὁ
3209 4239 3357 4309 ὑψῶν
3388 4237 3603 4301 ἐαυτὸν,
3644 4233 4056 4305 ταπεινωθήσεο

2472 4354 2597 4389 ται·
2632 4336 2726 4390 καὶ
2756 4337 2783 4387 ὁ
2816 4331 3089 4387 ταπεινῶν
3118 4331 3331 4390 ἐαυτὸν,
3364 4329 3732 4399 ὑψωθήσεται.

2557 4430 2721 4497 Ῥωμ.
2758 4428 2857 4491 ιβ’.
2878 4424 3051 4493 -Μὴ
3077 4424 3145 4476 τὰ
3177 4422 3359 4494 ὑψηλὰ
3395 4421 3742 4492 φρονοῦντες,
3773 4418 3915 4472 ἀλλὰ
3940 4419 4057 4481 τοῖς

2399 4516 2441 4571 D
2470 4521 2749 4582 ταπεινοῖς
2783 4515 3245 4584 συναπαγόμενοι.

2542 4612 2790 4677 Παροιμ.
2831 4610 2942 4661 κθ.
2973 4637 3044 4650 -
3072 4605 3211 4666 Τοὺς
3263 4601 3825 4672 ταπεινοφρονοῦντας
3870 4602 4055 4669 ἐγερεῖ

2472 4701 2603 4771 δόξῃ
2633 4699 2860 4769 Κύριος.

2542 4790 2724 4859 Σιρὰχ
2759 4789 2824 4859 γ’.
2879 4819 2946 4831 -
2976 4790 3141 4841 Ὅσον
3175 4787 3347 4857 μέγας
3382 4782 3461 4851 εἴ,
3493 4783 3745 4838 τοσοῦτον
3777 4782 4052 4835 ταπεῐνω-

2474 4898 2565 4933 σον
2598 4879 2827 4943 σαυτὸν,
2870 4880 2965 4933 καὶ
2994 4879 3171 4931 ἔναντι
3219 4877 3424 4947 Κυρίου
3455 4877 3713 4948 εὑρήσεις
3741 4876 3904 4945 χάριν
3923 4888 3936 4902 ·
3969 4875 4051 4924 ὅτι

2474 4972 2683 5044 μεγάλη
2714 4972 2748 5042 ἡ
2774 4972 3005 5041 δύναμις
3050 4970 3255 5040 Κυρίου
3281 5009 3295 5033 ,
3346 4969 3442 5021 καὶ
3485 4969 3591 5021 ὑπὸ
3626 4968 3735 5020 τῶν
3775 4965 4052 5019 ταπεινῶν

2469 5064 2881 5134 δοξασθήσεται.

2545 5156 2895 5210 Βασιλείου.
2948 5185 2991 5193 -
3030 5155 3341 5222 ’Δμήχανον
3376 5154 3468 5206 τὸν
3500 5152 3576 5223 μὴ
3605 5149 4051 5219 καταδεξάμενον

2305 5363 2537 5419 NOTAE.

855 5512 932 5581 (π)
965 5506 1241 5581 -Πιὶντων
1287 5501 1957 5581 ’τώιςιλογικῶνηΝΨίΙ
2002 5512 2129 5581 apte
2178 5502 2343 5581 Gesn.

784 5570 943 5635 Forte
964 5576 1261 5646 λογισμῶν,
1286 5570 1585 5646 intulitque
1615 5572 1812 5646 textui,
1857 5570 2106 5626 Omnium
2142 5575 2345 5646 cogita-

784 5654 984 5703 tionum
1004 5642 1328 5701 abscondita.
1359 5645 1577 5715 Aptius,
1608 5642 1755 5712 quod
1781 5653 2099 5715 constanter
2127 5644 2346 5715 codices

785 5722 1007 5779 habent,
1039 5719 1147 5770 τῶν
1180 5713 1430 5783 λογικῶν,
1482 5714 1784 5767 animorum
1810 5724 1865 5766 et
1899 5713 2341 5783 intelligendum,

780 5808 886 5859 qua
924 5804 1054 5844 voce
1083 5787 1284 5859 passim
1306 5784 1478 5856 Orig.,
1514 5783 1782 5839 Maximus
1840 5783 2041 5851 aliique
2104 5784 2342 5855 theologi

2455 5516 2523 5555 eo
2552 5516 2719 5555 sensu
2756 5507 3013 5565 utuntur,
3064 5499 3131 5553 de
3163 5499 3372 5569 angelis
3431 5497 3642 5568 pariter
3697 5494 4043 5569 et‘homini-

2454 5572 2577 5626 bus.
2613 5571 2820 5625 llorum
2840 5585 2973 5639 ergo
3008 5580 3220 5625 secreta
3240 5566 3517 5633 cordiu'm,
3546 5581 3673 5639 cum
3702 5566 3843 5639 sciat
3869 5567 4039 5639 Deus,

2455 5642 2572 5711 ipse
2598 5656 2791 5695 eorum
2827 5636 3105 5703 conditor,
3129 5648 3439 5711 cunctaque
3462 5638 3770 5711 przesciat,_
3800 5636 3880 5711 sic
3930 5636 4046 5689 illis

2455 5708 2729 5781 providet,
2766 5727 2874 5765 non
2905 5725 3008 5780 pro
3032 5710 3288 5779 praesenti
3321 5710 3589 5763 duntaxat
3639 5708 3878 5780 justitia,
3922 5714 4045 5761 elci-
