4246 6438
227 396 242 400 ’⁷
267 380 377 445 945

1579 391 1747 451 LOCI
1785 391 2220 452 COMMUNEb.

3410 392 3518 458 θαίιῖ

260 495 332 546 τὸ
382 492 521 562 πρὸς
574 491 780 556 πάντας
836 493 1060 557 ὑποδεὲς
1106 494 1198 547 καὶ
1249 495 1497 566 ἔσχατον,
1545 495 1836 569 δυνηθῆναί

1942 501 2186 552 omnium
2212 514 2277 552 ac
2295 507 2631 566 postremum
2674 497 2866 553 haberi
2911 517 3020 555 non
3064 501 3243 555 libens
3295 501 3515 565 habeat,

215 585 425 646 ῗποτε,
471 581 506 651 ἦ
553 582 986 653 λοιδορούμενον,
1036 584 1212 654 θυμοῦ
1266 585 1575 658 κρατῆσαι·
1631 587 1666 658 ἢ
1727 589 1841 642 θλι-

261 671 534 743 ϐόμενον,
576 673 662 727 διὰ
715 674 1103 744 μακροθυμίας
1141 677 1536 746 περιγένεσθαι
1562 679 1676 733 τῶν
1715 698 1839 735 πει-

265 761 521 833 ρασμῶν.

334 851 644 918 Γυμνάσιον
688 853 1190 925 ταπεινοφροσύνης
1229 855 1377 909 ἐστὶν
1412 858 1445 926 ή
1479 857 1537 910 ἐν
1577 859 1692 922 τοῖς
1746 859 1838 912 εύο

260 941 668 1013 τελελεστέροις
715 945 1006 1015 πράγμασι
1062 946 1341 1018 διατριϐὴ,
1394 948 1457 1001 τὸ
1504 949 1677 1012 πάθος
1738 949 1840 1019 τῆς

260 1033 574 1100 φιλοδοξίας
602 1035 1008 1105 θεραπεύουσα.

335 1126 654 1194 Θεολόγου.
679 1155 748 1164 -—
783 1127 1052 1196 Κρεῖτσον
1094 1127 1224 1180 ὄντα
1267 1129 1431 1198 σοφὸν
1473 1131 1725 1201 ὑφίεσθαι
1768 1134 1834 1188 δι’

258 1217 588 1281 ἐπιείκειαν,
621 1216 654 1287 ῆ
683 1217 912 1287 ἀμαθῶς
940 1218 1133 1288 ἔχοντα
1161 1218 1251 1273 διὰ
1284 1220 1485 1290 θράσος
1521 1224 1837 1295 ὑπερεκτεί-

259 1303 476 1359 νεσθαι.

331 1395 424 1467 Μὴ
447 1397 505 1449 ὲν
535 1396 726 1466 ἐσθῆτι
755 1396 818 1451 τό
849 1398 1106 1453 ταπεινὸν
1138 1399 1351 1471 ἔχωμεν
1388 1401 1569 1471 μόνον,
1605 1402 1743 1457 ἀλλὰ
1777 1407 1835 1457 ἐν

256 1485 441 1557 ψυχῆς
474 1490 889 1559 καταστήματιο
922 1490 1060 1560 μηδὲ
1085 1490 1282 1563 θρύψις
1309 1491 1555 1562 αὐχένος,
1588 1494 1620 1564 ἢ
1651 1496 1836 1564 φωνῆς

257 1577 476 1644 ὕφεσις,
503 1580 537 1649 ἢ
568 1582 860 1651 προσώπου
891 1582 1094 1647 νεῦσις,
1124 1583 1158 1654 ἢ
1189 1580 1352 1654 βάθος
1403 1586 1696 1658 ὑπήνης,ἢ
1739 1587 1832 1654 βα-

253 1665 521 1735 δίσματος
563 1664 696 1738 ἦθος
736 1670 796 1722 τὸ
836 1673 1092 1724 ταπεινὸν
1145 1674 1492 1743 ὑποκρίνοιτο
1521 1715 1536 1739 ,
1584 1676 1653 1728 τὰ
1696 1676 1833 1747 πρὸς

254 1755 440 1822 ὀλίγον
466 1756 785 1827 τυπούμενα
816 1761 913 1814 καὶ
945 1760 1172 1830 τάχιστα
1199 1761 1552 1830 ἐλεγχόμενα.
1583 1766 1696 1817 Πᾶν
1725 1767 1832 1838 γὰρ

1949 589 2041 632 aut
2072 580 2267 647 injuria
2303 581 2578 649 pulsatum
2629 580 2764 635 iram
2795 583 3189 651 comprimere;
3221 594 3316 638 aut
3364 589 3524 642 malis

1949 671 2224 733 all'ct-tnut,
2258 673 2422 724 animi
2452 673 2673 728 lenitate
2706 675 3068 729 tentationutn
3101 677 3361 732 victorem
3393 693 3521 732 eva-

1947 763 2094 816 dere.
3351 819 3354 823 .

2018 854 2544 926 θεουηιιιιιὶιὶιιιιὶε
2592 859 2934 929 modestique
2975 859 3142 914 animi
3191 875 3386 917 sensus
3430 876 3521 930 pa-

1952 945 2131 1001 laestra
2173 947 2422 1015 quamam
2468 956 2573 1012 est,
2608 951 2660 1003 in
2708 952 2994 1008 vilioribus
3043 952 3209 1009 rebus
3255 955 3515 1018 exerceri,

1945 1039 2124 1092 inanis
2154 1041 2337 1108 gloriae
2367 1041 2556 1094 vitium
2590 1057 2814 1097 curans.

2012 1130 2279 1200 Tlieologi.
2313 1131 2638 1192 ~Priestat,
2671 1145 2798 1182 cum
2826 1133 3044 1199 sapiens
3073 1134 3167 1197 sis,
3205 1149 3302 1202 per
3324 1133 3518 1187 mode--

1937 1222 2097 1276 stiatu
2125 1223 2361 1284 cedere;
2395 1238 2558 1290 quam
2581 1223 2903 1291 imperitum
2949 1241 3046 1292 per
3082 1226 3367 1280 audaciam
3406 1226 3518 1294 pri—

1939 1329 2057 1366 mas
2093 1313 2189 1366 tibi
2220 1328 2506 1380 arrogare.

2009 1417 2128 1471 Non
2167 1418 2286 1470 solo
2321 1418 2558 1470 vestium
2583 1419 2734 1471 cultu
2761 1417 2906 1486 quod
2961 1418 3032 1470 sit
3071 1417 3276 1470 humile
3318 1417 3513 1485 praefe-

1938 1525 2143 1572 ramus,
2180 1510 2274 1563 sed
2305 1508 2474 1562 animi
2509 1525 2728 1577 quoque
2751 1509 3149 1577 tranquillitate
3181 1517 3237 1561 et
3259 1517 3516 1561 constan-

1937 1601 2007 1653 tia
2033 1618 2046 1661 ;
2074 1615 2252 1668 neque.
2288 1600 2456 1654 fracta
2491 1615 2557 1654 ac
2590 1600 2772 1653 mollis
2792 1601 2995 1662 cervix,
3019 1611 3115 1654 aut
3143 1615 3244 1652 vox
3277 1598 3513 1652 submis-

1935 1705 2013 1750 sa,
2041 1701 2135 1743 aut
2165 1694 2348 1744 vultus
2373 1691 2524 1743 humi
2571 1705 2798 1758 pronus,
2848 1700 2942 1743 aut
2994 1691 3167 1743 barba
3219 1687 3510 1757 promissa.

1935 1793 2028 1835 aut.
2051 1784 2296 1836 incessus
2320 1783 2624 1849 composita
2649 1782 2812 1844 ratio,
2863 1781 3231 1834 humilitatem
3288 1779 3514 1832 simula-

252 1846 286 1898 ὃ
312 1850 703 1920 προσποιητὺν,
733 1851 856 1904 οὐδὲ
886 1829 1144 1922 μόνιμονο
1176 1853 1293 1906 ἀλλ’
1499 1856 1694 1924 ὑψηλοὶ

2051 1829 2295 1836 ,---ν,.-,--
2323 1829 2624 1849 ,,---τ-ν.---
2650 1829 2812 1844 ww,

1935 1874 2148 1935 verint;
2199 1888 2287 1926 res
2338 1874 2551 1927 scilicet
2592 1873 2884 1942 ejusmodi,
2939 1888 3059 1940 quae
3115 1870 3182 1924 ad
3233 1870 3509 1924 modicum

251 1936 334 2007 τῷ
381 1937 481 2009 βίῳ
505 1977 522 2002 ,
565 1941 816 1994 ταπεινοὶ
852 1942 910 1995 δὲ
942 1943 1019 2012 τῷ
1052 1945 1358 2016 φρονήματι
1383 1962 1397 1976 ·
1438 1948 1531 2000 καὶ
1575 1951 1675 2018 τὴν
1728 1951 1828 2019 μὲν

252 2028 460 2099 ἀρετὴν
511 2031 800 2101 ἀπρόσιτοι
843 2032 918 2104 (y)
943 2074 959 2098 ,
991 2035 1091 2104 τὴν
1143 2037 1430 2092 συνουσίαν
1473 2039 1530 2091 δὲ
1581 2041 1676 2092 καὶ
1707 2041 1825 2093 λίαν

252 2120 596 2191 εύπρόσοδοι.
625 2125 916 2178 Πολιτικοῦ
963 2126 1062 2196 μὲν
1109 2128 1217 2199 γὰρ
1259 2129 1420 2200 ἔργον
1466 2126 1606 2184 εἶναι
1649 2134 1822 2187 πάντα

254 2213 433 2264 ποιεῖν
457 2214 552 2266 καὶ
579 2213 780 2283 λέγειν,
816 2216 874 2283 ἐξ
900 2210 974 2271 ὧν
1001 2218 1357 2292 εὐδοκιμήσει
1383 2222 1536 2293 παρὰ
1566 2223 1676 2276 τῶν
1704 2225 1834 2288 ἕξω-

254 2300 380 2355 θεν’
415 2305 509 2357 τοῦ
561 2308 935 2377 πνευματικοῦ
983 2309 1042 2364 δὲ
1089 2311 1186 2364 καὶ
1221 2312 1340 2366 καθ’
1371 2315 1558 2384 ἡμᾶς,
1594 2318 1730 2386 πρὸς
1777 2319 1834 2371 ἓν

259 2392 425 2461 μόνον
455 2395 698 2464 βλέπειν,
743 2400 842 2472 τὴν
885 2402 1160 2473 σωτηρίαν
1180 2421 1195 2436 ·
1228 2406 1263 2475 ἦ
1292 2421 1352 2458 τε
1384 2406 1624 2477 ἁπλότης
1657 2411 1751 2462 καὶ
1777 2411 1837 2464 τὸ

252 2484 353 2536 τοῦ
383 2485 545 2556 ἤθους
568 2489 754 2544 ἄδολόν
779 2508 840 2545 τε
868 2493 964 2546 καὶ
982 2492 1384 2565 ἀμνησίκακον.

1927 1963 2293 2020 informando.
2327 1979 2490 2032 quam
2516 1965 2802 2017 celerrime
2847 1979 2999 2015 vanae
3029 1959 3513 2030 deprehendantur

1925 2054 2442 2122 falsaqueludentes
2474 2054 2676 2123 specie.
2707 2053 2985 2122 Quidquid
3016 2054 3162 2106 enim
3195 2053 3510 2106 simulatum

1921 2154 2025 2208 est,
2054 2146 2106 2199 id
2139 2163 2268 2199 vero
2293 2159 2551 2201 constans
2573 2146 2903 2214 ﬁrmumque
2934 2146 3132 2198 durare
3164 2159 3271 2196 non
3307 2151 3534 2211 potest:-

1931 2236 2026 2290 sed
2056 2236 2230 2290 simus
2259 2237 2372 2290 vita
2397 2236 2622 2304 quidem
2654 2236 2942 2296 sublimes,
2991 2238 3192 2288 mentis
3227 2249 3358 2287 vero
3399 2232 3511 2300 spi-

1933 2329 2043 2380 ritu
2082 2327 2438 2390 bumiles;ac
2477 2327 2683 2380 virtute
2732 2327 2957 2392 quidem
3009 2324 3298 2380 inacceSsi.
3336 2333 3391 2376 et
3452 2327 3514 2373 ιιι

1934 2419 2150 2487 assequi
2176 2419 2336 2471 facile
2363 2433 2526 2470 nemo
2569 2419 2764 2486 possit,
2815 2418 2883 2470 ad
2929 2417 3056 2469 vitm
3125 2424 3310 2468 autem
3362 2412 3510 2467 socia

1939 2508 2124 2562 munia
2149 2509 2309 2563 valde
2333 2509 2497 2562 etiam
2520 2508 2710 2563 faciles
2741 2516 2797 2563 et
2839 2507 3107 2562 aﬂabiles.
3138 2507 3240 2572 Qui
3271 2517 3511 2572 namque

253 2576 548 2672 politicutn
581 2582 930 2652 proﬁteatur,
965 2584 1074 2640 hoc
1102 2587 1237 2657 agit,
1280 2588 1335 2644 id
1380 2592 1588 2658 studet,
1623 2605 1684 2650 ut
1711 2597 1978 2669 quidquid
2010 2610 2232 2672 praestet
2269 2610 2323 2655 et
2390 2601 2671 2670 loquatur,
2704 2600 2832 2656 inde
2894 2600 3140 2655 exterius
3191 2597 3369 2669 gloria
3425 2596 3512 2650 in-

253 2667 564 2737 elarescat;
611 2674 697 2728 vir
733 2684 919 2731 autem
962 2677 1268 2746 spiritualis
1309 2698 1373 2738 ac
1399 2684 1765 2751 Christianus,
1807 2667 1976 2746 unum
2011 2667 2288 2747 duntaxat
2357 2667 2721 2760 hocvspectat,
2762 2692 2910 2760 quod
2965 2702 3051 2745 est
3085 2667 3328 2745 nancisci
3365 2687 3510 2741 salu-

255 2769 399 2826 tem;
434 2764 782 2857 utAnimirum
820 2769 1170 2840 simplicitate
1197 2789 1526 2848 morumque
1568 2781 1876 2839 innocentia
1939 2785 2165 2857 fulgeat,
2198 2793 2255 2840 et
2320 2785 2389 2839 ab
2418 2785 2569 2837 omni
2622 2783 2884 2837 immunis
2933 2795 3164 2837 raucore
3220 2796 3285 2835 ac
3322 2776 3513 2833 simul-

253 2858 370 2904 tate
398 2853 644 2910 exsistat.

326 2943 629 3009 Χρυσοστ.
661 2977 731 2988 —-
755 2948 922 3001 Οὐδὲν
949 2949 1094 3005 οὕτω
1119 2953 1198 3023 τῷ
1228 2954 1347 3028 Θεῷ
1376 2959 1549 3028 φίλον,
1578 2961 1654 3026 ὡς
1687 2965 1828 3033 μετὰ

249 3034 366 3086 τῶν
402 3036 643 3105 ἐσχάτων
669 3039 861 3093 ἑαυτὸν
895 3043 1222 3114 ἀριθμῆσαι.

325 3126 533 3193 Μηδεὶς
559 3127 758 3182 ἄπονον
789 3131 985 3186 οἰέσθω
1027 3137 1121 3188 καὶ
1166 3139 1304 3204 μετά
1335 3143 1619 3215 ῥᾳστώνης
1660 3148 1826 3200 ἐκπο-

254 3216 541 3288 ριζόμενον
605 3221 667 3272 τὸ
726 3222 826 3292 τῆς
909 3231 1412 3302 ταπεινοφροσύνης
1473 3236 1823 3308 κατόρθωμα.

266 3309 587 3378 Ἐμπὲφυκε
620 3313 729 3381 γὰρ
760 3316 819 3366 τὸ
863 3317 1004 3370 κατὰ
1038 3320 1134 3388 τὴν
1177 3321 1409 3393 ἔπαρσιν
1452 3327 1622 3391 πάθος
1664 3333 1827 3383 παντὶ

254 3401 442 3470 σχεδὸν
478 3403 555 3472 τῷ
583 3405 924 3460 κοινωνοῦντι
955 3411 1056 3480 τῆς
1089 3411 1438 3486 ἀνθρωπίνης
1468 3419 1684 3487 φύσεως
1705 3437 1720 3454 ⁶
1748 3422 1827 3474 διὸ

251 3496 476 3548 πάντων
497 3497 605 3548 τῶν
637 3499 756 3551 κατ’
787 3500 988 3572 ἀρετὴν
1016 3504 1460 3576 ἐπιτηδευμένων
1489 3511 1644 3566 τοῦτό
1678 3515 1826 3568 ἐστιν

251 3587 278 3636 ὲ
289 3585 559 3638 πιπονώτε
569 3605 682 3657 ρον.

327 3742 623 3810 Κλήμεντ.
653 3775 710 3784 --
751 3746 1016 3799 Τοσοῦτόν
1042 3765 1125 3809 τις
1161 3749 1362 3819 μᾶλλον
1390 3753 1592 3822 ὀφείλει
1638 3775 1828 3812 ταπει-

253 3835 560 3899 νοφρονεῖν,
603 3835 726 3886 ὅσον
754 3833 903 3888 δοκεῖ
949 3836 1150 3906 μᾶλλον
1193 3835 1365 3894 εἶναι’
1415 3845 1580 3899 καλὸν
1611 3849 1719 3916 γάρ
1755 3851 1827 3922 (z)

253 3923 346 3975 ἀεὶ
375 3923 454 3993 τῷ
488 3925 756 3992 κρείττονι
798 3927 862 3980 τὸ
918 3931 1100 4000 χεῖρον
1131 3931 1446 3990 ἀκολουθεῖν
1477 3937 1566 3991 διὰ
1603 3939 1827 4009 βελτιώ-

255 4030 397 4078 σεως
431 4017 634 4072 ἐλπίδα.

327 4108 571 4160 Νεῖλε-υ.
601 4142 670 4150 —
707 4113 993 4186 Μακάριος
1058 4118 1086 4170 ὁ
1116 4118 1207 4172 τὸν
1251 4119 1364 4190 βίον
1421 4122 1623 4195 ὑψηλὸν
1667 4127 1826 4198 ἔχων,

253 4198 514 4249 ταπεινὸν
536 4199 590 4250 δὲ
625 4199 682 4252 τὸ
712 4203 988 4276 φρόνημα.

341 4289 443 4341 Ἐκ
468 4289 585 4342 τῶν
606 4295 901 4362 Πατέρων.
937 4329 998 4338 --
1024 4299 1474 4374 Συναναστρέφου
1503 4309 1616 4370 τοῖς
1643 4307 1830 4380 ἔχουσι

255 4381 613 4447 ταπείνωσιν,
663 4388 758 4438 καὶ
802 4387 1042 4458 μαθήσει
1074 4394 1202 4456 τοὺς
1231 4396 1466 4464 τρόπους
1519 4401 1720 4458 αὐτῶν.
1769 4405 1830 4457 Εἰ

2004 2959 2268 3030 Chrysost.
2308 2989 2380 2998 -—
2408 2958 2556 3014 Nihil
2588 2958 2668 3013 sic
2695 2957 2810 3012 Deo
2854 2965 3091 3027 gratum,
3150 2971 3214 3011 ac
3268 2958 3510 3028 seipsum

1934 3066 2058 3106 cum
2090 3051 2385 3119 postremis
2422 3065 2735 3104 numerare.

2006 3143 2179 3195 Nemo
2237 3141 2522 3194 existimet
2575 3140 2765 3193 labore
2795 3153 3013 3202 vacare,
3076 3138 3297 3209 levique
3341 3154 3508 3210 opera

1932 3234 2214 3287 modestiae
2243 3235 2412 3286 animi
2451 3233 2524 3301 (id
2556 3231 3016 3297 esthumilitatis)
3057 3231 3321 3287 virtutem
3375 3247 3512 3302 pne-

1930 3326 2060 3382 stari
2093 3340 2275 3393 posse.
2309 3325 2480 3379 Nemo
2510 3325 2657 3378 enim
2686 3324 2802 3377 fere
2831 3332 2937 3385 est,
2977 3323 3232 3391 quisquis
3259 3323 3512 3378 humanae

1931 3431 2160 3470 consors
2189 3423 2400 3469 naturae
2429 3424 2534 3476 est,
2564 3414 2706 3467 cuia
2737 3423 2934 3466 natura
2959 3428 3066 3465 non
3099 3412 3250 3475 insit,
3283 3427 3346 3466 ac
3363 3413 3513 3467 velut

1928 3515 2201 3566 concreta,
2233 3505 2493 3558 elationis
2541 3504 2713 3558 Iabes.
2745 3503 2958 3557 Idcirco
3001 3501 3144 3556 inter
3191 3506 3370 3556 omnia
3403 3505 3512 3556 vir-

1931 3595 2064 3648 tutis
2092 3594 2267 3650 oﬂicia
2300 3603 2466 3662 atque
2497 3595 2708 3657 munia,
2743 3593 2891 3647 istud
2929 3609 3054 3646 cum
3091 3592 3512 3661 primisdiﬂicilc

1929 3698 1991 3736 ac
2022 3684 2257 3737 arduum
2291 3694 2396 3737 est.

1998 3775 2301 3829 Clementis.
2339 3805 2409 3814 ——-
2439 3777 2469 3829 'l
2483 3788 2614 3830 anto
2644 3789 2704 3829 se
2724 3774 2961 3844 quisque
2986 3774 3156 3828 debet
3183 3773 3513 3828 submissius

1930 3875 2362 3934 gerere,quanto
2379 3867 2597 3920 videtur
2618 3867 2793 3935 major
2820 3880 2974 3929 esse;
3002 3865 3204 3919 bonum
3227 3866 3372 3918 enim
3406 3874 3509 3927 est,

1933 3965 1992 4011 ut
2028 3972 2245 4025 semper
2275 3958 2476 4012 virtuti
2506 3957 2626 4012 vitii
2659 3955 2868 4026 aliquid
2898 3971 3088 4011 comes
3116 3958 3207 4018 sit,
3239 3957 3310 4010 ob
3342 3957 3512 4025 t'rugis

1932 4052 2178 4104 melioris
2197 4068 2347 4120 spem
2383 4050 2802 4106 eonfovendam.

2003 4140 2132 4192 Nili.
2163 4171 2232 4180 --
2265 4143 2465 4195 [hiatus
2496 4142 2656 4210 cujus
2687 4148 2772 4193 est
2804 4139 2914 4193 vita
2938 4140 3178 4204 excelsa,
3213 4139 3381 4193 animi
3416 4156 3514 4192 au-

1936 4241 2044 4284 tem
2083 4246 2280 4286 sensus
2312 4234 2554 4286 humilis.

2003 4323 2248 4377 Patrum.
2275 4355 2341 4362 —
2367 4326 2503 4378 Cum
2537 4325 2643 4379 illis
2673 4341 2915 4389 versare,
2946 4337 3111 4394 atque
3169 4323 3278 4379 illis
3333 4331 3511 4382 utere,

1933 4415 2029 4482 qui
2069 4415 2379 4470 humilitate
2409 4417 2796 4484 pt'zeditisunt.
2831 4419 2887 4473 Si
2943 4418 3091 4471 enim
3147 4430 3338 4470 eorum
3393 4431 3513 4483 qua:
3589 4423 3592 4426 ’

258 4470 369 4576 γὰρ
445 4472 666 4576 θεωρία
695 4479 804 4530 τῶν
839 4483 1146 4551 εἰρημένων
1186 4485 1478 4557 ὠφέλιμος,
1512 4493 1663 4564 πόσῳ
1691 4498 1828 4566 μᾶλ-

1936 4505 2084 4560 dicta
2122 4519 2249 4561 sunt
2278 4508 2657 4561 consideratio
2696 4510 2849 4563 utilis
2903 4518 3010 4570 est,
3072 4519 3280 4576 quanto
3345 4506 3510 4575 magis
3584 4551 3590 4557 .

256 4562 351 4614 λον
376 4565 408 4630 ἠ
440 4564 752 4621 διδασκαλία
774 4571 868 4622 τοῦ
897 4573 1164 4640 στόματος
1191 4576 1398 4645 αὑτῶνς

349 4655 884 4730 Ἰσοκριέτ.-Νόμῳ
914 4664 1008 4716 καὶ
1036 4665 1277 4734 ἄρχοντι,
1305 4671 1398 4722 καὶ
1425 4669 1504 4742 τῷ
1537 4678 1832 4748 σοφωτέρῳ

259 4747 433 4800 εἴκειν
463 4750 708 4820 κόσμιον.
1475 4732 1486 4742 ’
1613 4732 1624 4743 ’
1753 4732 1766 4748 ⁸
1803 4732 1814 4750 ⁸

1936 4595 2209 4655 doctrina.
2240 4614 2362 4666 qua:
2389 4615 2458 4652 ex
2491 4599 2710 4652 illorum
2741 4615 2836 4654 ore
2893 4598 3260 4669 proﬁciscitur
3289 4598 3312 4648 ?

2008 4687 2275 4741 Isocratis.
2297 4718 2368 4728 —
2395 4689 2527 4759 Legi
2557 4705 2622 4744 ac
2651 4691 2907 4759 principi,
2936 4691 3099 4758 eique
3125 4691 3218 4759 qui
3249 4687 3513 4757 sapientia

1943 4788 2184 4847 prastet,
2216 4779 2524 4834 cedendum
2556 4781 2776 4835 honesti
2808 4782 2924 4850 ipsa
2954 4781 3094 4835 ratio
3110 4780 3305 4850 poscit.

1769 4868 2000 4928 ΝΟΤιΕ.

333 4937 806 5028 (φωῖῂιξάρετὴγ
832 4945 1166 5028 ἀπρόσιτοι.
1210 4949 1425 5028 Glossat
1453 4954 1624 5028 ‘Gesn.
1645 4976 1830 5028 graves

260 5018 314 5088 ct
339 5010 570 5088 diﬂiriles
597 5027 613 5063 :
642 5013 779 5088 nihil
809 5010 934 5082 apte
959 5033 972 5079 ;
1008 5032 1185 5085 neque
1210 5021 1356 5074 enim
1412 5023 1502 5078 hic
1546 5010 1831 5085 enni-536-

262 5083 512 5159 virtutis,
538 5090 608 5159 _ut
635 5083 714 5136 sic
755 5099 1073 5159 _tnoro_smn,
1098 5083 1169 5142 ac
1228 5094 1544 5149 morositate
1585 5083 1830 5154 inacces-

263 5149 643 5228 suntelliciat;
675 5152 770 5206 sed
800 5162 858 5205 ut
914 5153 1029 5223 ipsa
1080 5171 1180 5228 sua
1234 5165 1550 5228 praestantia
1595 5149 1834 5224 etherni-

226 5275 228 5300 ί
263 5221 478 5280 ηθ¹ηί³’
534 5221 600 5273 ad
651 5237 835 5302 quem.
863 5221 1026 5277 ηοίιιο
1072 5221 1250 5281 facile'
1277 5232 1411 5285 eniti
1466 5245 1652 5302 ducat,
1687 5221 1835 5295 eti-ut

221 5297 228 5303 '
263 5301 754 5369 eamasseqnuatur,
791 5297 836 5345 si
863 5308 986 5369 qua:
1011 5303 1112 5369 est,
1149 5313 1309 5365 quam
1366 5297 1521 5367 dixit,
1546 5297 1671 5360 vitae
1701 5311 1833 5363 sub-

265 5355 493 5480 ili-mittas.
550 5360 641 5480 ῗὶυ
685 5361 828 5416 Deus
864 5355 1044 5417 lucem
1092 5355 1832 5435 inaccessibilemiliavbi'ta‘re

308 5442 376 5479 tet
412 5444 495 5480 ur.
521 5445 550 5480 e
581 5445 632 5480 c.

308 5437 495 5488 tottttr,
521 5437 632 5483 etc.

340 5496 637 5588 ςι)
657 5499 791 5588 χείρ.
827 5501 1051 5588 Lacinia
1075 5505 1201 5588 haec
1240 5525 1305 5563 ex
1357 5511 1570 5588 Melissa
1615 5529 1831 5588 sumpta

265 5574 382 5650 est,
401 5571 624 5650 ,ςυρψ-ιι
655 5571 888 5650 maximo
915 5582 1100 5650 exstet
1123 5579 1299 5632 solum
1323 5584 1573 5650 superior
1610 5571 1832 5643 semen:

268 5636 368 5690 tia.
401 5636 626 5718 Dillicile
648 5642 1056 5718 est,.quomodo
1089 5645 1203 5700 luce
1255 5636 1414 5714 ratio:
1462 5636 1561 5709 ut”
1585 5636 1830 5714 modeste

266 5721 488 5795 semper
519 5710 590 5761 sit
625 5710 996 5795 sentiendum,
1042 5710 1410 5795 quantumvis
1462 5710 1830 5795 magni‘nobis

267 5775 544 5846 videatur,
579 5778 726 5850 quod
746 5780 802 5833 τὸ
833 5783 1013 5852 χεῖρον
1029 5775 1314 5842 ἀκολουθεῖ
1335 5791 1422 5846 ἀεὶ

1937 4966 2032 5021 ubi
2075 4965 2429 5038 Gesn._Decct
2473 4977 2528 5020 ut
2554 4969 2772 5036 inferior
2820 4984 3027 5038 semper
3058 4968 3508 5038 superiorem,“-

1937 5046 2155 5106 quatm-.
2190 5035 2337 5088 Nihil
2367 5045 2511 5104 apte.
2554 5035 2664 5105 ligo
2696 5039 2909 5106 potius,
2935 5035 2943 5038 ⁷
2966 5046 3024 5090 ιιι
3073 5035 3187 5090 vitii
3213 5037 3419 5106 aliquid
3446 5053 3510 5091 ac

1938 5107 2185 5158 defectus
2211 5107 2404 5158 virtuti
2422 5122 2606 5160 comes
2633 5108 2736 5172 sit;
2768 5117 2827 5159 ut
2853 5108 3070 5159 modum
3094 5116 3340 5162 nostrum
3368 5123 3513 5161 sem-

1939 5191 2038 5244 per
2064 5191 2446 5243 agnoscamus,
2491 5193 2592 5230 nec
2629 5179 2739 5246 jam
2788 5177 3063 5245 perfectos
3099 5191 3198 5230 nos
3232 5177 3514 5230 existime-

1941 5261 2066 5298 mus
2097 5254 2191 5298 aut
2223 5247 2728 5313 comprehendisse,
2764 5249 2858 5300 sed
2892 5249 3064 5315 magis
3085 5248 3240 5314 sequi
3267 5257 3322 5301 et
3350 5247 3535 5308 eniti,

1942 5316 2022 5369 uti
2053 5315 2214 5368 ttohis
2250 5316 2540 5384 Apostolus
2573 5317 2627 5370 in
2678 5333 2736 5371 se
2776 5318 2889 5384 ipse.
2941 5317 3171 5370 formam
3217 5317 3510 5385 expressit.

1942 5385 2141 5452 Sicque
2175 5387 2231 5438 in
2255 5385 2413 5438 nobis
2444 5388 2586 5454 iugis
2642 5403 2767 5452 spes
2798 5386 3130 5454 βελτιώσεως
3161 5394 3508 5455 perseveret,
3545 5415 3548 5418 ~

1942 5456 2300 5523 asseqtteuda:
2324 5453 2535 5509 scilicet
2557 5453 2910 5525 perl'ectiOuis
2931 5473 2945 5519 ;
2965 5453 3273 5524 quarm—qui
3294 5471 3351 5509 se
3380 5453 3510 5508 adc-

1939 5536 2096 5594 ptum
2130 5525 2456 5588 arbitratur,
2509 5527 2750 5595 quandiu
2799 5528 3011 5580 mortali
3052 5528 3151 5579 hac
3205 5526 3313 5579 vita
3349 5525 3504 5587 vivit,
3549 5546 3551 5549 ·

1938 5609 2049 5664 non
2082 5612 2200 5650 eam
2229 5596 2461 5664 adeptus
2486 5608 2590 5658 est,
2630 5597 2722 5648 sed
2759 5598 2810 5650 in
2839 5597 3056 5651 virtutis
3081 5596 3255 5649 stadio
3281 5595 3502 5649 defecit.

1939 5663 2064 5736 llaec
2099 5677 2206 5719 tam
2252 5663 2358 5719 alta
2420 5675 2476 5719 et
2530 5665 2798 5734 spiritalia
2848 5667 3142 5736 'l‘ignrinus
3209 5665 3503 5720 Calvinista

1937 5735 2184 5791 medicus
2215 5752 2408 5806 capere
2439 5752 2548 5791 nou
2585 5737 2782 5804 potuit.
