4246 6438
769 395 867 453 94⁵1

1921 394 1979 451 S.
2026 389 2308 451 ΜΑΧΙΜΙ
2356 387 2864 457 CONFESSORIS

3921 396 4028 458 948

837 498 1103 552 Socratis.
1135 527 1203 538 —
1232 495 1290 550 In
1323 495 1670 567 navigatione
1711 496 2195 568 obtemperantium
2242 512 2343 568 ευ·
2374 511 2421 563 Α

2374 511 2421 563 Δ
2518 509 2854 579 Σωκράτης.
2878 511 3047 566 -Ἐν
3075 512 3174 582 μὲν
3202 510 3279 581 τῷ
3315 512 3493 577 πλεῖν,
3519 508 3807 563 πείθεσθαι
3832 510 3913 562 δεῖ
3948 509 4029 579 τῷ

770 594 1073 659 bernatori;
1121 593 1175 647 in
1222 592 1364 657 vita,
1412 595 1463 648 ei
1512 594 1604 667 qui
1654 591 1947 661 plurimum
1995 590 2203 648 ratione
2253 605 2345 645 va—

770 683 948 739 merit.
1766 688 1769 689 ⁷

1305 816 1463 887 651
1499 816 1729 874 SERMO
1756 820 1817 875 L.

1384 930 1461 985 De
1502 933 1732 987 medicis.

848 1039 1041 1093 Matth.
1071 1057 1145 1104 rx,
1182 1041 1267 1094 12.
1289 1072 1359 1081 —
1390 1042 1509 1096 Non
1542 1054 1629 1099 est
1652 1061 1792 1115 opus
1816 1047 2129 1102 valentibus
2168 1049 2346 1104 medi-

777 1146 892 1192 cus,
919 1132 1013 1185 sed
1040 1133 1178 1187 male
1220 1133 1575 1189 habentibus.

842 1221 1003 1276 Hebr.
1034 1239 1128 1287 xu,
1164 1223 1249 1276 15.
1291 1251 1363 1263 —-
1392 1223 1626 1280 Gressus
1664 1234 1846 1280 rectos
1896 1226 2059 1282 facile
2115 1229 2350 1297 pedibus

778 1315 994 1379 vestris,
1028 1326 1089 1370 ut
1128 1329 1237 1370 non
1266 1315 1587 1372 claudicans
1608 1318 1732 1387 quis
1758 1328 1932 1383 erret,
1960 1320 2137 1390 magis
2162 1330 2346 1375 autem

777 1410 1025 1455 sanetur.

848 1492 1010 1547 Eccli.
1066 1511 1288 1560 XXXVIII,
1332 1499 1386 1551 3.
1443 1528 1512 1539 —
1557 1499 1799 1556 Scientia
1847 1500 2044 1553 medici
2087 1500 2351 1556 exaltabit

777 1593 945 1652 caput
979 1587 1123 1655 ejus,
1142 1597 1197 1642 et
1232 1590 1287 1642 in
1309 1600 1613 1659 conspectu
1641 1599 1959 1661 magnatum
1992 1591 2349 1661 suspicietur.

846 1673 1011 1729 Prov.
1050 1693 1157 1743 τιν,
1187 1677 1274 1733 50.
1300 1708 1371 1719 -
1393 1679 1711 1735 Mansuetus
1734 1698 1838 1745 νιν,
1868 1682 2052 1737 cordis
2078 1680 2347 1737 medicus.

847 1762 1057 1820 Basilii.
1091 1798 1159 1807 —
1185 1767 1375 1837 Neque
1401 1771 1630 1827 omnino
1686 1772 1945 1843 fugienda
1976 1789 2066 1827 ars
2114 1773 2347 1837 medica,

778 1870 884 1912 nec
913 1872 1045 1911 vero
1070 1873 1169 1927 par
1186 1869 1292 1935 est,
1332 1869 1391 1914 ut
1416 1871 1633 1916 nostras
1675 1878 1870 1918 omnes
1905 1864 1963 1917 in
2005 1879 2128 1919 eam
2176 1865 2352 1934 jacte—

781 1962 905 2002 mus
938 1964 1082 2018 spes.
1123 1949 1251 2013 Sed,
1285 1950 1430 2006 sicut
1482 1954 1693 2008 utimur
1736 1955 1961 2025 quidem
1998 1956 2354 2025 agricultura,

781 2053 908 2092 cum
937 2047 1120 2093 tamen
1142 2055 1173 2093 a
1198 2040 1311 2095 Deo
1343 2040 1556 2097 fructus
1578 2052 1865 2113 petamus;
1911 2054 1969 2099 et
1997 2045 2355 2116 gubernatori

782 2130 999 2185 clavum
1053 2132 1353 2195 credimus,
1396 2133 1495 2188 sed
1544 2151 1575 2189 a
1626 2136 1740 2191 Deo
1791 2152 1823 2191 a
1873 2136 2066 2207 pelago
2124 2135 2356 2191 liberari

783 2220 1170 2289 exposcimus;
1199 2222 1281 2278 sic
1304 2231 1361 2279 et
1387 2224 1662 2281 medicum
1688 2227 2039 2292 adhibentes,
2064 2228 2133 2283 ab
2156 2243 2220 2283 ea
2238 2244 2354 2297 spe,

782 2331 906 2386 qua:
927 2324 1013 2371 est
1042 2317 1099 2372 in
1130 2318 1327 2386 Deum,
1355 2335 1468 2374 non
1500 2321 1870 2377 abscedimus.

853 2406 1117 2464 Indoctus
1144 2409 1392 2465 medicus
1422 2410 1493 2466 ad
1520 2422 1757 2482 :rgrotos
1795 2413 2091 2480 admissus,
2152 2414 2356 2469 nedum

784 2501 1078 2556 sanitatem
1116 2501 1226 2557 illis
1266 2518 1379 2558 non
1424 2505 1701 2571 restituet,
1735 2522 1931 2560 verum
1988 2508 2154 2563 etiam
2209 2509 2357 2578 quod

784 2592 1044 2661 exiguum
1074 2593 1186 2648 illis
1211 2594 1412 2649 virium
1453 2606 1716 2666 superest
1744 2598 1977 2655 auferet.

855 2682 1118 2754 Theologi.
1146 2714 1219 2725 —
1245 2683 1500 2741 Nostram
1537 2687 1894 2753 medicinam,
1947 2704 2010 2743 ea
2045 2705 2168 2758 qua:
2213 2691 2360 2746 circa
2388 2741 2395 2748 .

783 2786 988 2843 corpus
1025 2784 1302 2842 versatur,
1354 2775 1516 2847 longe
1571 2777 1937 2833 difﬁciliorem
1985 2788 2143 2848 puto,
2195 2788 2359 2848 atque

784 2864 994 2919 idcirco
1018 2865 1510 2929 honorabiliorem,
1536 2866 1684 2936 quod
1734 2867 1847 2936 illa,
1882 2883 2057 2939 pauca
2109 2869 2359 2939 quaedam

782 2957 843 3011 in
876 2956 1152 3025 profundo
1184 2958 1410 3013 latentia
1461 2958 1842 3025 considerans,
1877 2960 2182 3029 plurimum
2213 2961 2361 3016 circa

784 3061 873 3111 ea,
912 3062 1035 3116 quae
1057 3048 1162 3102 sub
1194 3049 1386 3104 oculos
1420 3048 1646 3114 cadunt,
1699 3059 1982 3116 versetur;
2028 3051 2134 3105 rios
2175 3061 2359 3107 autem

786 3134 1007 3193 occulto
1029 3138 1213 3194 cordis
1254 3139 1478 3198 homine
1510 3140 1756 3202 sanando
1785 3156 1948 3198 omne
1995 3143 2239 3198 studium
2290 3160 2353 3198 ac

787 3242 977 3283 curam
1015 3245 1307 3299 ponamus.

788 3335 1029 3410 Indigus,
1060 3347 1218 3409 atque
1252 3342 1383 3395 mali
1404 3344 1748 3408 insatiabilis,
1774 3345 1956 3399 ulcera
1986 3347 2183 3410 celans,

923 3408 1087 3476 nfelia:
1109 3408 1315 3480 semper
1343 3416 1521 3481 putria
1553 3416 1785 3468 membra
1809 3426 1972 3485 geret.

860 3522 1128 3594 Chrysost.
1157 3553 1226 3565 ——
1258 3526 1527 3581 Existimo
1555 3544 1666 3583 non
1697 3529 1923 3596 frustra,
1956 3545 2063 3586 nec
2085 3531 2191 3586 nisi
2216 3533 2363 3603 justa

790 3614 1006 3671 ratione
1038 3619 1297 3673 statuisse
1336 3629 1556 3675 veteres
1584 3622 1850 3688 medicos,
1907 3631 1969 3678 ut
2015 3622 2361 3679 diversorum

788 3704 855 3757 ad
880 3717 1053 3760 artem
1081 3709 1351 3763 medicam
1380 3725 1444 3763 ac
1470 3711 1838 3781 chirurgicam
1868 3713 2362 3770 instrumentorum

788 3797 1061 3853 exhibitio
1106 3814 1290 3855 coram
1334 3817 1399 3856 ac
1447 3802 1671 3871 publice
1720 3805 1897 3870 ﬁeret,
1939 3822 2049 3876 quo
2102 3807 2365 3863 nimirum

788 3903 885 3943 eos
921 3889 1016 3958 qui
1047 3892 1162 3944 sani
1199 3900 1385 3947 essent
1410 3895 1685 3949 cautiores
1715 3896 2035 3962 redderent,
2084 3914 2362 3968 praemon-

788 3987 1031 4035 strantes
1074 3985 1296 4051 quantis
1356 3984 1462 4040 illis
1508 4001 1669 4055 opus,
1725 3987 1770 4042 si
1819 3989 2201 4058 incomposite,
2263 4007 2365 4046 nec

782 4070 931 4138 justa
966 4070 1099 4125 satis
1123 4072 1303 4126 victus
1326 4074 1561 4139 ratione,
1588 4076 1825 4145 egerint.

860 4161 1019 4233 Greg.
1072 4163 1229 4234 Nysa.
1266 4195 1336 4206 —
1363 4165 1580 4232 Quanto
1631 4169 1989 4237 praestantior
2026 4178 2111 4225 est
2160 4172 2363 4235 anima,

790 4268 953 4322 quam
1002 4269 1226 4325 corpus,
1270 4265 1422 4311 tanto
1462 4259 1685 4316 charior
1737 4261 2018 4331 plurisque
2078 4264 2366 4320 faciendus

790 4346 885 4414 qui
949 4346 1203 4401 medetur
1274 4349 1593 4415 animabus,
1652 4367 1816 4420 quam
1874 4354 1969 4423 qui
2037 4359 2366 4426 corporibus

792 4449 981 4489 curam
1010 4436 1326 4491 conferunt.

2452 600 2761 674 κυϐερνήτῃ
2784 620 2796 633 ο
2832 604 2889 657 ἐν
2919 603 2975 657 δὲ
3005 603 3085 673 τῷ
3117 604 3245 674 ζῇν,
3283 602 3361 673 τῷ
3386 600 3700 671 λογίζεσθαι
3732 600 4025 672 δυναμένῳ

2454 691 2683 761 βέλτιον.

3021 852 3238 904 ΛΟΓΟΣ
3276 852 3336 904 N'
3372 854 3435 907 “.

3015 965 3155 1034 Περὶ
3209 964 3446 1034 ιατρῶν.

2521 1080 2705 1133 Mam.
2745 1083 2812 1133 θ’.
2848 1078 3015 1133 -Οὑ
3067 1078 3260 1148 χρείαν
3312 1077 3531 1147 ἔχουσιν
3591 1079 3642 1130 οἱ
3691 1076 4032 1144 ὑγιαίνοντες

2456 1168 2664 1235 ἰατροῦ,
2700 1168 2817 1221 ἀλλ’
2840 1171 2887 1221 οἱ
2916 1168 3099 1231 κακῶς
3129 1167 3365 1238 ἔχοντες.

2534 1258 2754 1322 Ἐϐραί.
2826 1257 2921 1321 ιβ’.
2954 1286 3021 1296 -
3051 1256 3287 1327 Τροχίας
3351 1256 3518 1325 ὀρθὰς
3587 1258 3851 1327 ποιήσατε
3917 1258 4035 1318 τοῖς

2452 1353 2610 1405 ποσὶν
2658 1351 2832 1422 ὑμῶν,
2876 1352 2964 1403 ἴνα
3015 1350 3089 1421 μὴ
3126 1350 3188 1403 τὸ
3229 1349 3400 1419 χωλὸν
3441 1350 3737 1419 ἐκτραπῇ,
3792 1349 3917 1419 ἰαθῇ
3974 1348 4034 1400 δὲ

2456 1458 2493 1510 μ
2500 1441 2672 1495 ἄλλον.

2527 1532 2649 1597 Σιρ.
2683 1533 2796 1597 λη’.
2823 1559 2892 1571 -—-
2920 1531 3228 1603 Ἐπιστήμη
3259 1530 3445 1604 ἰατροῦ
3477 1530 3753 1596 ἀνυψώσει
3786 1530 4035 1601 κεφαλὴν

2454 1619 2617 1671 αὑτοῦ
2637 1638 2648 1648 ι
2683 1623 2778 1674 καὶ
2808 1620 2990 1674 ἔναντι
3024 1623 3367 1691 μεγιστάνων
3397 1622 3958 1692 θαυμαστωθήσεται.

2524 1715 2767 1781 Παροιμ.
2795 1714 2887 1768 ιδ’.
2915 1745 2984 1754 -
3003 1714 3333 1785 Πραΰθυμος
3363 1713 3523 1784 ἀνὴρ,
3561 1715 3789 1785 καρδίας
3822 1714 4035 1783 ἱατρός.

2521 1803 2867 1858 Βασιλείου.
2897 1833 2967 1844 -
2996 1803 3135 1858 Οὔτε
3161 1806 3426 1874 φευκτέον
3453 1806 3632 1875 πάντη
3677 1805 3778 1875 τὴν
3808 1805 4033 1874 τέχνην.

2388 1875 2433 1932 Β
2458 1893 2581 1947 οὔτε
2609 1898 2696 1949 ἐπ’
2723 1898 2858 1968 αὑτῇ
2886 1898 3067 1962 πάσας
3106 1900 3203 1962 τὰς
3236 1900 3460 1963 ἐλπίδας
3512 1899 3658 1969 ἔχειν
3699 1898 3995 1952 ἀκόλουθον
4017 1913 4034 1927 ο

2461 1985 2576 2039 ἀλλ’
2609 1988 2684 2050 ὼς
2720 1989 3037 2059 κεχρήμεθα
3066 1989 3166 2059 μὲν
3197 1993 3265 2062 τῇ
3298 1992 3579 2061 γεωργικῇ
3605 2006 3617 2017 ·
3645 1988 3950 2058 αἰτούμεθα
3975 1987 4037 2041 δέ

2461 2079 2612 2149 παρὰ
2635 2079 2713 2150 τῷ
2740 2080 2859 2152 Θεῷ
2884 2082 3011 2145 τοὺς
3036 2083 3311 2152 καρπούςσ
3344 2083 3437 2136 καὶ
3488 2081 3566 2150 τῷ
3592 2082 3908 2153 κυϐερνήτῃ
3939 2081 4040 2149 μὲν

2460 2172 2520 2224 τὸ
2547 2172 2811 2242 πηδάλιον
2837 2173 3225 2244 ἐπιτρέπομεν,
3277 2173 3355 2244 τῷ
3383 2174 3503 2245 Θεῷ
3529 2175 3586 2227 δὲ
3614 2170 4041 2244 προσευχόμεθα

2461 2262 2527 2316 ἐκ
2550 2263 2645 2316 τοῦ
2677 2263 2947 2333 πελάγους
2993 2265 3347 2335 ἀποσωθῆναι
3373 2306 3388 2328 ,
3421 2265 3565 2319 οὕτω
3598 2267 3690 2318 καὶ
3720 2264 3811 2318 τὸν
3854 2262 4041 2331 ίατρὸν

2461 2355 2797 2423 εἰσάγοντες,
2827 2359 2926 2428 τῆς
2954 2357 3087 2428 πρὸς
3112 2358 3244 2410 Θεὸν
3276 2357 3492 2421 ἐλπίδος
3519 2359 3621 2411 οὑκ
3651 2355 4037 2426 ἀφιστάμεθα.

2544 2446 2956 2518 Ἀνεπιστήμων
3013 2448 3195 2519 ἰατρὸς
3250 2448 3384 2520 πρὸς
3452 2449 3763 2519 κάμνοντας
3815 2444 4041 2511 εἰσιὼν,

2461 2537 2583 2589 ἀντὶ
2625 2536 2720 2590 τοῦ
2748 2539 2828 2601 είς
2854 2537 3043 2606 ὑγείαν
3070 2539 3267 2603 αὐτοὺς
3296 2541 3696 2608 ἐπαναγαγεῖν,
3734 2538 3831 2590 καῖ⁸
3853 2536 3914 2589 τὸ
3951 2553 4045 2607 μι-

2462 2627 2595 2699 κρὸν
2621 2628 2870 2698 λείψανον
2897 2630 2996 2700 τῆς
3017 2630 3303 2700 δυνάμεως
3338 2633 3677 2703 ἀφαιρεῖται.

2534 2722 2778 2793 Θεολόγ.
2804 2751 2877 2763 -
2902 2722 3015 2794 Τὴν
3047 2723 3167 2776 καθ’
3205 2725 3356 2794 ἡμᾶς
3393 2724 3644 2796 ἰατρικὴν
3676 2724 3779 2793 τῆς
3809 2726 3941 2795 περὶ
3968 2724 4044 2778 τὰ

2465 2812 2692 2882 σώματα
2715 2814 3123 2884 ἐργωδεστέραν
3145 2814 3367 2885 τίθεμαι
3392 2814 3612 2888 μακρῷ,
3638 2816 3736 2871 καὶ
3765 2816 3854 2868 διὰ
3874 2815 4045 2869 τοῦτο

2461 2904 2796 2974 τιμιωτέραν
2817 2921 2831 2935 ·
2862 2906 2958 2960 καὶ⁴
2977 2906 3060 2959 ὅτι
3091 2906 3333 2969 ἐκείνους
3363 2906 3523 2973 ὀλίγα
3548 2906 3660 2959 τῶν
3684 2908 3743 2959 ἐν
3768 2905 3849 2976 τῷ
3883 2905 4043 2975 βάθει

2464 2993 2863 3047 κατοπτεύουσι
2891 3032 2906 3057 ,
2958 2995 3088 3066 περὶ
3136 2995 3196 3048 τὸ
3255 2997 3579 3065 φαινόμενον
3707 2996 3891 3049 πλεῖον
3937 2997 4045 3066 τῆς

2464 3085 2879 3155 πραγματείας
2901 3086 3033 3155 ἡμῖν
3059 3087 3117 3139 δὲ
3140 3087 3270 3158 περὶ
3295 3086 3389 3141 τὸν
3413 3088 3655 3158 κρυπτὸν
3677 3090 3775 3157 τῆς
3807 3086 4045 3159 καρδίας

2388 3199 2431 3257 C
2465 3174 2752 3245 ἄνθρωπον
2784 3178 2819 3246 ἡ
2848 3179 2999 3231 πᾶσα
3025 3177 3292 3246 θεραπεία
3322 3194 3381 3229 τε
3407 3175 3753 3247 καὶσπουδή.

2465 3379 2723 3447 Χρηΐζων
2760 3380 3048 3435 παθέεσσ’
3077 3380 3420 3448 ἁκορέστως
3441 3381 3507 3443 ’³.
3534 3379 3615 3447 ἣν
3636 3380 3791 3433 κακὰ
3831 3380 4046 3448 κεύθῃ.

2537 3452 2767 3505 Οῡποτε
2798 3450 3110 3517 σηπεδόνα
3136 3450 3418 3520 φεύξεται
3448 3450 3772 3520 ἀργαλέην.

2535 3564 2840 3629 Χρυσοστ.
2880 3591 2949 3603 -
2983 3558 3152 3633 Οἶμαι
3198 3565 3325 3628 τοὺς
3372 3564 3635 3635 ἀρχαίους
3680 3563 3787 3616 τῶν
3837 3562 4052 3632 ίατρῶν

2466 3654 2564 3723 οὑχ
2602 3654 2794 3717 ἁπλῶς
2820 3654 2941 3708 οὑδὲ
2975 3654 3187 3722 ἀλόγως
3230 3655 3591 3724 νομοθετῆσαι
3619 3654 4051 3724 δημοσιεύεσθαι

2467 3746 2565 3816 τὴν
2617 3745 2727 3797 τῶν
2775 3746 3033 3799 ποικίλων
3082 3747 3385 3817 ἐργαλείων
3434 3746 3725 3812 ἐπίδειξιν·
3789 3746 3903 3800 ἀλλ’
3954 3746 4051 3799 ἵνα

2466 3836 2593 3900 τοὺς
2642 3838 2981 3903 ὑγιαίνοντας
3019 3838 3429 3907 ἀσφαλίζωνται
3453 3881 3468 3904 ,
3498 3838 3912 3910 προδεικνύντες
3945 3839 4051 3892 αὑ-

2468 3927 2576 3989 τοῖς
2604 3927 2820 3979 ὁπόσων
2846 3926 3211 3990 ἁτακτοῦντες
3238 3928 3544 3998 δεήσονται.

2541 4191 2726 4257 Γρηγ.
2754 4189 3028 4254 Νὐσσης.
3054 4214 3122 4227 --
3156 4189 3321 4242 Ὅσον
3357 4192 3610 4259 κρεῖσσον
3635 4189 3778 4260 ψυχὴ
3809 4190 3902 4242 τοῦ
3933 4190 4055 4243 σώ-

2472 4295 2675 4347 ματος,
2720 4278 2963 4348 τοσούτῳ
3005 4278 3332 4349 τιμιώτερος
3370 4280 3479 4333 τῶν
3522 4280 3591 4333 τὰ
3621 4279 3849 4350 σώματα
3884 4279 4053 4351 θερα-

2472 4369 2770 4434 πευόντων,
2798 4372 2827 4422 ὁ
2854 4369 2950 4432 τὰς
2984 4371 3161 4439 ψυχὰς
3187 4371 3504 4441 ἐξιώμενος.

861 4528 1094 4605 Didymi.
1145 4557 1212 4570 —-
1264 4529 1574 4585 Perfectum
1622 4535 1897 4590 medicum
1943 4537 2201 4602 dicimus,
2253 4554 2361 4593 non
2402 4528 2443 4580 ί)

2402 4528 2443 4580 ί)
2546 4546 2822 4615 Διδύμου.
2879 4577 2948 4588 —
2998 4547 3217 4601 Τέλειον
3283 4550 3467 4619 ἰατρὸν
3515 4548 3766 4618 λέγομεν,
3826 4549 3889 4602 οὐ
3952 4550 4055 4602 τὸν

791 4619 885 4689 qui
916 4635 1108 4674 omnes
1132 4628 1307 4685 sanat,
1332 4621 1425 4674 sed
1457 4622 1552 4691 qui
1584 4624 1721 4678 nihil
1745 4626 1954 4681 omittit
2004 4645 2224 4695 eorum,
2251 4647 2371 4699 qua:

792 4711 859 4765 ad
890 4712 1020 4781 aegri
1058 4712 1352 4767 utilitatem
1382 4730 1684 4785 curamque
1721 4718 2055 4787 pertineant.

865 4801 1161 4872 Traphilus.
1196 4832 1267 4844 ——
1296 4803 1536 4874 Rogatus
1568 4806 1867 4875 Trophilus
1898 4811 2146 4866 medicus
2166 4854 2179 4875 ,
2222 4815 2370 4883 quis-

794 4905 919 4944 nam
941 4893 1012 4946 sit
1056 4893 1333 4962 perfectus
1368 4896 1651 4950 medicus:
1696 4898 1766 4963 is,
1825 4900 2023 4970 inquit,
2058 4903 2221 4974 652
2275 4906 2370 4976 qui

793 4999 857 5038 ca
889 4999 1011 5053 qua:
1040 4984 1256 5061 possint
1296 4985 1439 5053 fieri,
1495 5003 1686 5062 quaeve
1718 5006 1832 5045 non
1884 4993 2120 5062 possint,
2175 4996 2371 5067 digno-

792 5075 958 5130 verit.

864 5157 1096 5212 Neoclis.
1125 5190 1194 5201 —
1235 5161 1490 5227 Neocles,
1540 5166 1684 5219 malo
1729 5168 1966 5236 quodam
2014 5172 2231 5226 medico
2279 5191 2372 5243 po-

795 5250 1024 5304 tentiam
1051 5252 1326 5321 jactante:
1368 5255 1479 5320 Nae,
1537 5257 1736 5328 inquit,
1791 5263 2095 5329 potentiam
2128 5265 2372 5334 jactare-

794 5340 891 5407 ris,
932 5343 1028 5412 qui
1058 5356 1167 5399 tam
1199 5348 1404 5403 multos
1424 5348 1648 5419 impune
1675 5353 1981 5409 sustuleris.

863 5519 1015 5578 Idem
1042 5521 1231 5579 felices
1270 5527 1515 5583 medicos
1561 5530 1799 5597 dicebat,
1844 5536 1988 5603 quod
2026 5552 2220 5592 eorum
2251 5541 2368 5609 qui-

2475 4639 2846 4710 θεραπεύοντα
2880 4640 3089 4701 πάντας
3109 4680 3123 4702 ,
3164 4639 3300 4692 ἀλλὰ
3337 4641 3428 4693 τὶν
3463 4641 3627 4711 μηδὲν
3653 4640 3757 4693 τῶν
3787 4642 3865 4703 είς
3898 4640 4058 4709 ὼφέ-

2471 4726 2623 4781 λειαν
2648 4729 2889 4798 ἡκόντων
2920 4730 3016 4781 καὶ
3046 4728 3349 4800 θεραπείαν
3381 4730 3809 4801 παραλείποντα.

2548 4822 2855 4887 Τρόφιλος.
2912 4851 2980 4860 -—
3027 4821 3293 4891 Τρόφιλος
3352 4822 3534 4892 ἰατρὸς
3585 4824 3881 4893 ἐρωτηθεὶς
3937 4824 4058 4877 ὑπό

2472 4928 2633 4974 τινος,
2671 4913 2767 4973 Τίς
2801 4911 2867 4963 ἂν
2904 4911 3111 4979 γένοιτο
3142 4912 3349 4975 τέλειος
3387 4914 3591 4983 ἰατρὸς,
3629 4914 3690 4968 Ὀ
3720 4914 3788 4967 τὰ
3819 4916 4058 4985 δυνατὰ,

2474 5001 2600 5073 ἔφη,
2633 5003 2725 5056 καὶ
2756 5003 2823 5055 τὰ
2852 5004 2925 5074 μὴ
2950 5004 3152 5057 δυνατὰ
3186 5004 3484 5076 δυνάμενος
3513 5007 3910 5076 διαγινώσκειν.

2544 5179 2933 5246 Νικοκλέους.
2987 5211 3058 5221 -
3095 5181 3370 5250 Νικοκλῆς
3414 5180 3586 5235 κακοῦ
3645 5198 3792 5247 τινος
3856 5185 4061 5255 ἰατροῦ

2474 5272 2751 5341 λέγοντος,
2781 5274 2862 5325 ὅτι
2895 5272 3139 5344 μεγάλην
3171 5272 3286 5343 ἔχει
3314 5272 3565 5345 δύναμιν,
3603 5275 3706 5345 ἔφη
3729 5316 3743 5339 ,
3778 5276 3901 5339 Πῶς
3932 5278 4063 5350 γὰρ

2476 5364 2535 5415 οὑ
2566 5362 2779 5431 μέλλεις
2802 5362 3005 5430 λέγειν,
3036 5364 3094 5428 ὃς
3118 5364 3406 5429 τοσούτους
3439 5366 3732 5439 ἀνῃρηκὼς
3752 5367 4068 5435 ἀνεύθυνος

2476 5455 2705 5521 γέγονας
2723 5471 2738 5519 ;

2556 5544 2613 5597 '0
2642 5543 2802 5606 αὑτὸς
2847 5543 2971 5608 τοὺς
3025 5545 3244 5618 ἰατροὺς
3295 5545 3541 5619 εὐτυχεῖς
3568 5546 3776 5618 ἔλεγεν,
3816 5547 3899 5603 ὃτι
3943 5547 4066 5615 τὰς

2101 5696 2324 5754 ΥᾹΙΚΙᾸΞ
2364 5700 2767 5758 LECTIONES.

868 5799 1022 5859 "Est
1051 5800 1105 5856 in
1132 5801 1294 5859 Gesn.
1331 5804 1480 5861 Stub.
1520 5808 1644 5863 2-15.
1732 5810 1773 5841 ’³
1804 5810 1862 5866 Β.
1908 5813 2166 5871 πάρεστιν
2222 5818 2532 5886 ἁκέστοοος.
