4246 6438
193 417 288 476 9M

1481 415 1648 474 LOCI
1689 414 2124 474 COMMUNES.

3324 382 3431 474 nso

193 533 288 595 μὲν
341 523 633 591 επιτυχίας
679 523 858 576 αὐτῶν
916 523 945 574 ὁ
987 523 1135 590 ἣλιος
1188 525 1322 593 ὀρᾷ⁶
1381 523 1480 587 τὰς
1529 525 1585 578 δὲ
1634 527 1766 577 άπο-
1798 533 1838 585 Α

1757 554 1766 564 -
1798 533 1838 585 Α
1869 527 1993 578 dem
2037 539 2342 583 successus.
2375 523 2498 576 avsi
2529 521 2660 589 quid
2693 521 2866 574 l'auste
2903 519 3149 585 cederet,
3190 522 3270 576 sol
3296 528 3434 594 περὶ.

191 617 375 684 τυχίας
403 617 436 683 ἡ
465 615 541 684 γῆ
582 613 869 669 καλύπτει.

251 790 598 852 Στρατονικ.
642 817 713 827 -
756 787 1112 857 Στρατονικὸς
1178 789 1358 856 ίατρὺν
1413 786 1758 848 κολακεύων,

187 876 388 944 ἔλεγεν.
428 878 672 931 Ἐπαινῶ
725 895 821 933 σου
869 880 972 949 τὴν
1026 879 1338 950 ἐμπειρίαν,
1384 879 1465 930 ὅτι
1515 878 1762 944 οὐκ-ἐᾷς

185 969 308 1028 τοὺς
353 967 678 1038 ἀρρώστους
725 969 1148 1040 κατασαπῆναισ
1191 971 1376 1040 τάχιον
1418 967 1616 1032 αὐτοὺς
1666 968 1760 1021 τοῦ

181 1059 287 1130 ,ζῇν
325 1060 686 1116 ἁπαλάσσων.

255 1153 593 1221 Δημονὰκτ.
635 1184 704 1194 -
741 1155 867 1218 Τοῖς
911 1154 1337 1224 Ἀσκληπιάδαις
1373 1152 1578 1223 μείζων
1609 1152 1762 1219 ὀφεί-

187 1241 334 1294 λεται
390 1243 555 1312 χάρις
613 1245 992 1316 ἐπερχομένην
1043 1229 1432 1300 ἀναστέλλουσι
1490 1243 1666 1306 νόσον,
1727 1243 1762 1312 ἢ

186 1331 616 1397 παραπεσοῦσαν
679 1333 1030 1403 ἰασαμένοις,
1091 1332 1185 1386 τοῦ
1245 1331 1355 1402 γὰρ
1415 1331 1764 1398 ἀπηλλάνθαι

192 1420 361 1474 κακοῦ
383 1422 448 1475 τὸ
477 1423 554 1494 μὴ
587 1424 818 1495 πάσχειν
846 1425 1228 1497 αἱρετώτερον.

721 1539 939 1593 ΛΟΓΟΣ
1005 1540 1115 1592 NA'
1170 1542 1234 1592 “.

747 1630 889 1697 Περὶ
913 1631 1198 1693 πίστεως.

261 1727 452 1778 Muto.
478 1722 563 1782 ιζ’.
593 1750 666 1763 —
707 1722 879 1794 Ἀμὴν
911 1721 1054 1790 λέγω
1079 1723 1230 1790 ὑμῖν.
1273 1724 1370 1775 ἐὰν
1403 1722 1556 1792 ἔχετε
1583 1721 1766 1775 πίστιν

187 1813 261 1875 ὡς
287 1814 493 1868 κόκκον
523 1813 797 1872 σινάπεως
820 1853 836 1878 ,
867 1813 1044 1884 ἐρεῖτε
1076 1813 1155 1882 τῷ
1192 1807 1308 1883 ὄρει
1353 1813 1548 1882 τούτῳ.
1583 1812 1765 1866 Μετά-

1865 622 2010 666 ι-ρτιιι
2039 631 2051 672 :
2084 629 2304 667 errores
2341 623 2522 666 autem
2543 624 2600 665 et
2618 612 2762 681 quod
2789 622 2904 664 arte
2929 623 3269 679 peccassent,
3295 625 3440 670 terra

1865 706 2127 771 «ψυτίτοι.

1938 795 2226 848 Stratum}:
2269 825 2336 835 —-
2377 793 2742 854 Stratonicus,
2789 793 2973 860 lepide
3017 795 3234 848 medico
3279 795 3438 850 blan-

1868 884 2051 946 diens,
2084 886 2269 938 aiebat
2294 903 2306 938 :
2344 884 2535 938 Laudo
2558 893 2706 939 tuam
2734 884 2963 938 medica:
2988 885 3130 939 artis
3159 887 3438 954 peritiam,

1867 974 2016 1042 quod
2049 984 2284 1042 aegrotos
2311 975 2706 1030 contabescere
2749 990 2861 1054 non
2887 973 3058 1038 sinas,
3113 973 3280 1029 citius
3319 977 3442 1031 illos

1866 1065 1980 1118 vita
2004 1065 2265 1118 liberans.

1939 1154 2246 1208 Demonact.
2273 1185 2343 1195 —
2369 1153 2596 1210 Medicis
2635 1156 2810 1225 major
2838 1157 3014 1224 gratia
3043 1157 3319 1222 habenda,
3348 1159 3442 1227 qui

1869 1244 2216 1312 ingruentem
2231 1245 2483 1298 morbum
2508 1253 2755 1308 arceant,
2774 1248 3043 1315 quatuqui
3058 1248 3168 1316 jam
3192 1247 3446 1301 laborau-

1869 1343 1953 1386 tes
1985 1347 2266 1402 :egrosque
2305 1335 2656 1401 curaverint;
2700 1335 2905 1390 etenim
2943 1339 3086 1390 malo
3119 1353 3228 1392 non
3279 1336 3442 1400 aﬁici,

1869 1440 2031 1494 quam
2067 1439 2134 1480 eo
2167 1425 2392 1481 liberari
2418 1427 2579 1496 longe
2617 1427 3057 1497 prmoptandum.

2469 1536 2700 1593 SERMO
2753 1537 2838 1591 [.l.

2542 1628 2620 1682 De
2651 1628 2779 1697 βαι».

1943 1715 2129 1770 Matth.
2162 1731 2294 1781 χιιι,
2328 1718 2416 1773 i9.
2455 1749 2520 1758 —
2549 1717 2722 1773 Amen
2757 1718 2884 1774 dico
2924 1719 3102 1779 vobis.
3141 1721 3186 1774 si
3239 1722 3448 1776 habue-

1873 1806 1996 1861 ritis
2025 1809 2212 1871 ﬁdem,
2251 1810 2394 1865 sicut
2437 1825 2668 1879 granum
2727 1812 2957 1881 sinapis,
3022 1813 3221 1868 dicetis
3271 1817 3444 1868 monti

187 1905 312 1974 ϐηθι
361 1905 616 1960 ἐντεῦθεν
671 1905 823 1969 ἐκεῖ,
871 1905 967 1959 καὶ
1016 1905 1420 1976 μεταόήσεταιο
1475 1922 1570 1957 και
1609 1902 1764 1955 οὐδὲν
1796 1886 1839 1942 Β

1796 1886 1839 1942 Β
1869 1898 2042 1953 huic:
2093 1900 2287 1954 Transi
2343 1902 2471 1956 hinc
2525 1901 2673 1966 illuc,
2733 1912 2789 1956 ct
2845 1904 3156 1958 transibit:
3197 1915 3253 1959 et
3307 1905 3442 1960 nihil

185 1998 523 2068 ἀδυνατήσει
554 1997 701 2068 ὑμῖν.

266 2110 391 2178 Ἑρ.
423 2107 509 2173 β’.
541 2139 612 2151 -
640 2109 837 2180 Χάριτί
869 2109 994 2162 ἐστε
1034 2109 1370 2178 σεσωσμένοι
1410 2108 1500 2162 διὰ
1537 2109 1636 2177 τῆς
1674 2109 1764 2160 περ

188 2215 382 2264 στεως,
414 2199 513 2254 καὶ
543 2199 704 2254 τοῦτο
732 2201 835 2253 οὐκ
863 2200 924 2266 ἐξ
955 2201 1141 2269 ὕμῶντ
1174 2199 1311 2253 Θεοῦ
1350 2201 1411 2254 τὸ
1434 2201 1629 2271 δῶρον,
1661 2201 1760 2253 οὐκ

185 2291 244 2356 ἐξ
267 2291 469 2362 ἔργων,
499 2292 588 2346 ῐνα
617 2293 694 2364 μή
718 2309 804 2356 τις
832 2294 1197 2363 καυχήσηται.

265 2383 419 2453 'Eb'p.
444 2390 614 2440 ta'.—
640 2384 834 2448 Πίστις
858 2385 1006 2438 ἐστὶν
1040 2384 1412 2456 ἐλπιζομένων
1440 2386 1762 2452 ὑπόστασις,

185 2477 532 2546 πραγμάτων
565 2477 788 2548 ἐλεγχος
813 2478 875 2531 οὐ
910 2477 1284 2548 βλεπομένων.

254 2571 500 2635 Παροιμ.
541 2568 645 2632 ιβ’.
673 2597 748 2614 --
777 2567 1268 2640 Ἐπιδεικνυμένην
1301 2569 1488 2624 πίστιν
1517 2570 1759 2638 άναγγε-

186 2658 267 2712 λεῖ
289 2660 368 2728 (α)
399 2659 636 2727 δίκαιος..

253 2753 440 2821 Σιρὰχ
487 2749 580 2806 ια’.
607 2780 684 2794 —
702 2751 938 2806 Πίστευε
969 2751 1049 2823 τῷ
1078 2753 1292 2825 Κυρίῳ,
1326 2753 1422 2806 καὶ
1451 2753 1655 2823 ἔμμενε
1685 2752 1760 2818 τῷ

183 2845 331 2914 πόνῳ
372 2861 472 2897 σου
521 2844 628 2915 (ω’
678 2846 762 2899 ὅτι
821 2843 1025 2916 κοῦφον
1082 2847 1141 2900 ἐν
1198 2846 1500 2916 ὀφθαλμοῖς
1552 2845 1760 2916 Κυρίου

181 2935 415 3000 ἐξάπινα
449 2935 731 2988 πλουτίσαι
762 2936 996 3005 πένητα.

251 3028 438 3094 Σιρὰχ
466 3025 546 3090 β’.
580 3056 650 3068 —-
682 3026 839 3088 Δόσις
886 3025 1092 3096 Κυρίου
1128 3027 1441 3095 παραμενεῖ
1470 3024 1723 3077 εὐσεϐέσι
1743 3041 1756 3056 ο

183 3117 484 3171 πίστευσον
507 3116 679 3186 αὐτῷ,
711 3118 807 3170 καὶ
842 3116 1196 3187 ἀντιλήψεται
1222 3133 1316 3169 σου
1347 3117 1441 3185 (c).

253 3212 478 3264 Βασιλ.
509 3239 581 3250 -
615 3209 806 3272 Πίστις
834 3207 1076 3277 ἡγείσθω
1101 3207 1211 3260 τῶν
1240 3208 1371 3278 περὶ
1397 3206 1533 3259 Θεοῦ
1563 3206 1756 3274 λόγων.
1792 3237 1834 3294 c

185 3301 398 3364 Πίστις,
430 3299 529 3354 καὶ
563 3299 638 3370 μὴ
669 3300 965 3365 ἀπόδειξις.
995 3300 1187 3363 Πίστις
1228 3301 1262 3368 ἠ
1294 3300 1436 3370 ὑπὲρ
1465 3301 1563 3361 τὰς
1614 3299 1761 3366 λογι-

185 3390 288 3454 κάς
317 3390 607 3462 μεθοδείας
640 3389 740 3460 τὴν
763 3389 943 3460 ψυχὴν
965 3391 1046 3452 είς
1070 3387 1468 3458 συγκατάθεσιν
1493 3388 1726 3442 ἕλκουσα
1741 3403 1756 3420 ο

186 3483 368 3545 πίστις
387 3521 405 3547 ,
456 3483 556 3552 οὐχ
583 3482 618 3552 ἡ
667 3482 1075 3559 γεωμετρικαῖς
1107 3480 1376 3546 ἀνάγκαις
1401 3519 1416 3542 ,
1450 3479 1588 3533 ἀλλὰ
1636 3481 1760 3542 ταῖς

185 3575 279 3628 τοῦ
309 3573 630 3643 Πνεῦματος
664 3572 972 3644 ἐνεργείαις
1006 3571 1357 3642 ἐγγινομένη.

256 3838 452 3902 Πίστις
469 3839 586 3892 ἐστὶ
605 3834 1004 3906 συγκατάθεσις
1016 3835 1332 3906 ἀδιάκριτος
1345 3834 1457 3889 τῶν
1467 3833 1760 3888 ἀκουσθέν-

185 3948 293 3984 των
324 3932 386 3984 ἐν
410 3929 756 4001 πληροφορίᾳ
784 3929 886 3998 τῆς
933 3927 1193 3999 ἀληθείας
1217 3927 1330 3980 τῶν
1353 3925 1762 3998 κηρυχθέντων,

188 4023 324 4078 Θεοῦ
351 4023 559 4094 χάριτι,
582 4023 777 4092 ἥντινα
812 4020 1127 4086 ἐπεδείξατο
1164 4020 1416 4090 Ἀϐραὰμ
1437 4059 1453 4084 ,
1480 4037 1764 4090 μαρτυρη-

189 4115 325 4180 θεὶς,
346 4119 432 4171 ὅτι
463 4119 546 4170 Οὐ
575 4114 843 4184 διεκρίθη
885 4109 961 4180 τῇ
991 4113 1244 4180 ἀπιστίᾳ
1265 4155 1280 4178 ,
1311 4110 1450 4166 ἀλλ’
1479 4110 1765 4166 duradura-

184 4207 350 4276 μώθη
375 4206 452 4274 τῇ
485 4207 685 4260 πίστει
706 4245 721 4268 ,
751 4203 900 4270 δοὺς
927 4202 1120 4268 δόξαν
1155 4201 1238 4267 τῷ
1266 4199 1389 4266 Θεῷ
1411 4240 1426 4264 ,
1473 4202 1575 4254 καί
1607 4204 1764 4268 πλη-

182 4300 545 4368 ροφορηθεις
570 4297 664 4352 ὅτι
687 4298 720 4352 δ
751 4297 1116 4368 ἐπήγγελται
1153 4294 1320 4362 Θεὸς,
1352 4292 1614 4360 δύνατός
1634 4293 1764 4347 ἐστι

189 4391 286 4445 καί
320 4389 596 4460 ποιῆσαι.

1869 1991 2028 2046 vobis
2067 1992 2412 2062 impossibile
2433 1993 2561 2048 erit.

1941 2103 2136 2174 Epﬁes.
2167 2121 2225 2170 ιι,
2253 2105 2306 2159 8.
2335 2137 2405 2147 -
2429 2107 2614 2162 Gratia
2643 2110 2778 2164 estis
2807 2112 3001 2166 salvati
3048 2127 3146 2181 per
3169 2113 3354 2178 Iidem,
3391 2125 3446 2169 et

1869 2194 1974 2251 hoc
2008 2212 2116 2251 non
2157 2211 2224 2250 ex
2259 2197 2448 2264 vobis;
2509 2201 2606 2254 Dei
2645 2202 2796 2256 enim
2849 2202 3055 2258 douutn
3093 2216 3200 2270 est,
3243 2221 3353 2261 non
3377 2221 3444 2261 ex

1866 2287 2151 2356 operibus,
2175 2305 2244 2344 ne
2265 2289 2392 2358 quis
2419 2291 2711 2360 glorietur.

1940 2376 2096 2430 Hebr.
2128 2393 2202 2440 χι,
2243 2378 2293 2431 1.
2326 2409 2386 2421 -
2417 2378 2581 2436 Fides
2612 2390 2701 2436 est
2741 2385 3153 2452 sperandorum
3190 2387 3446 2442 substan-

1868 2466 1964 2523 tia.
1995 2477 2380 2536 argumentum
2403 2485 2594 2524 earum
2623 2489 2833 2538 rerum,
2867 2491 2991 2543 quae
3017 2493 3124 2532 non
3156 2477 3440 2534 videntur.

1940 2557 2096 2611 Prov.
2152 2576 2246 2626 xu,
2313 2561 2399 2616 t9.
2451 2593 2522 2602 —
2582 2561 2806 2620 Planam
2861 2566 3024 2623 ﬁdem
3087 2572 3446 2627 annuntiabit

1861 2649 2063 2717 justus.

1939 2737 2106 2794 Eccli.
2146 2757 2220 2806 xi,
2255 2741 2347 2798 ἓξ.
2381 2772 2448 2782 -
2479 2741 2708 2798 Conﬁde
2740 2745 2794 2799 in
2828 2746 3083 2810 Domino,
3120 2759 3176 2804 et
3207 2765 3366 2805 mane
3387 2751 3442 2804 iu

1866 2827 2054 2883 labore
2087 2839 2200 2884 tuo.
2228 2831 2408 2885 Facile
2435 2832 2586 2886 enim
2618 2841 2705 2888 est
2735 2833 2789 2888 in
2810 2837 2989 2891 oculis
3015 2836 3233 2894 Domini
3260 2840 3445 2897 subito

1869 2919 2160 2974 honestare
2189 2936 2512 2992 pauperem.

1939 3011 2102 3065 Eccli.
2142 3028 2203 3076 ιι,
2246 3012 2298 3066 6.
2333 3043 2403 3052 ——
2442 3014 2602 3069 Datio
2645 3015 2864 3072 Domini
2922 3021 3271 3089 permanebit
3310 3021 3439 3090 piis.

1864 3101 2044 3156 Crede
2072 3103 2148 3165 ei,
2184 3113 2242 3157 et
2267 3103 2623 3159 auxiliabitur
2648 3109 2750 3161 tui.

1939 3188 2146 3241 Basilii.
2171 3217 2240 3228 ——
2268 3189 2479 3244 Praeeat
2515 3190 2656 3247 ﬁdes
2689 3195 3063 3261 sermonibus,
3095 3197 3188 3266 qui
3232 3197 3301 3253 de
3332 3199 3442 3254 Deo

1870 3279 2164 3333 habentur.
2205 3278 2389 3344 Fides,
2422 3281 2668 3351 inquam.
2694 3301 2804 3340 non
2832 3299 3284 3356 argumentorum
3315 3306 3446 3360 pro-

1869 3371 2040 3426 batio.
2064 3371 2244 3433 Fides,
2277 3387 2400 3440 quae
2422 3390 2587 3443 supra
2615 3376 2821 3446 logicas
2859 3381 3364 3450 argumentationes
3386 3395 3444 3436 et

1868 3463 2144 3516 rationum
2193 3463 2435 3530 pondera
2476 3467 2718 3522 animum
2771 3472 2840 3524 ad
2899 3488 3186 3527 assensum
3235 3475 3438 3529 trahat.

1867 3553 2049 3617 Fides,
2081 3555 2148 3609 ad
2177 3570 2339 3624 quam
2373 3571 2484 3610 non
2517 3570 2715 3628 cogant
2745 3564 3092 3629 geometriae
3121 3568 3443 3622 necessaria:

1866 3641 2242 3710 probationes,
2275 3643 2373 3698 sed
2400 3661 2566 3714 quam
2595 3646 2770 3702 divini
2803 3649 3049 3720 Spiritus
3074 3653 3252 3710 virtus
3293 3655 3442 3709 ama-

1870 3742 2065 3802 tusque
2095 3735 2406 3805 progignat.

1935 3824 2098 3880 Fides
2127 3834 2214 3881 est
2249 3842 2449 3884 eorum
2493 3846 2615 3900 quae
2652 3833 2848 3888 auditu
2893 3835 3248 3907 percepimus
3304 3839 3439 3893 citra

1865 3930 2085 3970 omnem
2118 3917 2519 3976 haesitationem
2545 3939 2824 3988 assensus,
2856 3941 2984 3981 cum
3016 3937 3166 3984 certa
3213 3943 3441 4000 persua-

1865 4009 2022 4064 sione
2057 4009 2310 4065 veritatis
2352 4029 2568 4079 eorum,
2614 4032 2740 4085 quae
2792 4026 2925 4072 sunt
2977 4021 3296 4089 praedicata,
3344 4024 3439 4077 Dei

1865 4105 2059 4170 gratia.
2097 4099 2274 4170 Hujus
2304 4106 2582 4173 specimen
2629 4109 2882 4164 exhibuit
2929 4112 3229 4175 Abraham.
3258 4115 3442 4171 istius-

1865 4189 2011 4242 modi
2041 4189 2357 4248 celebratus
2399 4196 2618 4263 elogio:
2663 4198 2782 4252 Non
2819 4202 3085 4255 hmitavit
3130 4205 3439 4272 difﬁdentia,

1863 4280 1954 4334 sed
1979 4281 2306 4347 confortatus
2342 4297 2418 4338 εει
2451 4287 2576 4352 ﬁde,
2629 4289 2765 4343 dans
2813 4291 3044 4360 gloriam
3091 4293 3254 4363 653
3298 4294 3439 4359 Deo,

1866 4370 2166 4440 plenissime
2221 4376 2408 4439 sciens,
2471 4380 2596 4445 quia
2634 4396 2958 4452 quacunque
3006 4387 3248 4452 promisit
3281 4385 3439 4450 Deus,

1867 4476 2050 4535 potens
2078 4477 2155 4523 est
2182 4480 2229 4523 et
2262 4471 2436 4538 facere
2466 4473 2650 4538 (Rom.
2690 4491 2762 4536 tv,
2795 4477 2908 4543 20).

261 4573 435 4627 Θεολ.
465 4601 536 4612 —
567 4570 644 4625 τὸ
677 4571 786 4641 γάρ
818 4571 918 4624 οὐκ
961 4569 1204 4637 ἐφικτὸν,
1242 4567 1362 4621 οὐδέ
1411 4565 1604 4620 πιστόν
1649 4581 1765 4627 πως
1797 4575 1841 4631 ι)

1763 4584 1765 4591 ·
1797 4575 1841 4631 ι)
1940 4558 2204 4630 Theotogi.
2245 4591 2317 4602 —
2344 4562 2500 4627 Quod
2526 4566 2675 4620 enim
2703 4568 2867 4621 alicui
2893 4571 3113 4639 assequi
3147 4561 3254 4625 non
3291 4571 3440 4636 licet,

189 4665 279 4719 διὰ
305 4665 400 4718 τὸν
435 4664 647 4733 φθόνον.
677 4664 891 4734 Ψυχαῐς
917 4662 1027 4734 γὰρ
1057 4661 1308 4732 βεϐήλοις
1333 4659 1489 4713 οὐδὲν
1517 4657 1628 4712 τῶν
1662 4673 1766 4711 κα-

190 4755 299 4810 λῶν
349 4756 683 4820 ἀξιόπιστον.

260 4930 562 4996 Χρυσοστ.
584 4959 656 4972 -—-
680 4926 850 4981 Τοῦτο
880 4927 1114 4996 μάλιστα
1144 4923 1400 4986 πίστεως,
1454 4921 1529 4992 μὴ
1581 4919 1764 4990 ζητεῖν

193 5020 422 5084 εὐθύνας
447 5019 558 5073 τῶν
599 5017 1005 5092 πραττομένων,
1040 5013 1174 5068 ἀλλὰ
1208 5011 1490 5067 πείθεσθαι
1510 5013 1622 5074 τοῖς
1650 5010 1764 5062 ἐπι-

193 5113 558 5183 ταττομένοις.

1868 4647 1924 4702 id
1955 4665 2024 4704 ne
2060 4651 2222 4705 ﬁdem
2247 4653 2472 4721 quidem
2504 4657 2649 4723 apud
2681 4674 2810 4712 eum
2846 4676 2960 4729 pra;
2999 4661 3204 4715 invidia
3253 4663 3438 4717 habet.

1868 4740 2140 4796 Profanus
2161 4745 2436 4812 siquidem
2482 4749 2720 4811 animus,
2768 4751 2910 4805 nihil
2953 4769 3143 4807 eorum
3189 4770 3312 4821 qua:
3344 4755 3442 4808 ho-

1867 4843 2024 4886 nesta
2061 4843 2191 4887 sunt
2235 4853 2298 4891 ac
2325 4840 2563 4907 egregia,
2593 4842 2817 4909 dignum
2869 4845 3084 4900 ercditu
3115 4846 3436 4900 arbitratur.

1937 4924 2202 4995 Chrysost.
2236 4959 2307 4968 -—
2334 4929 2450 4986 lloc
2491 4931 2614 4986 ﬁdei
2643 4937 2878 4989 maxime
2907 4936 3192 5006 proprium
3221 4944 3325 4999 est,
3357 4953 3443 4990 ra-

1869 5016 2049 5069 tiones
2088 5032 2307 5083 eorum,
2349 5037 2471 5089 qua:
2519 5023 2680 5085 ﬁunt.
2725 5041 2836 5081 non
2891 5027 3191 5096 inquirere.
3239 5027 3334 5084 sed
3376 5028 3442 5084 iis

1870 5121 1992 5175 qua:
2023 5107 2290 5176 iubentur
2327 5112 2735 5181 obtemperare.

1453 5265 1689 5322 νΑιιιΑε
1733 5264 2136 5324 LECTIONES.

265 5350 309 5379 ι’
354 5346 415 5401 In
447 5346 614 5402 Gesn.
654 5343 810 5400 Stob.
835 5344 961 5399 9.85.

268 5483 345 5552 (a)
378 5479 908 5552 Ἑπιδεικνυμένηκ
920 5479 1126 5552 πίστιν
1141 5471 1474 5552 ἀναγγελεῖ.
1495 5471 1762 5552 Futurum

201 5543 367 5608 lle'br.
402 5552 678 5607 convenit.
710 5543 812 5624 Est
837 5543 1298 5624 ﬁdes_ejus_modi,
1325 5559 1453 5624 qua}
1487 5543 1764 5624 rebusni-

201 5634 366 5686 tatur,
396 5639 461 5678 ae
487 5638 546 5691 se
569 5621 832 5691 operibus
865 5614 1080 5690 prodat.
1113 5616 1279 5672 Hebr.
1315 5614 1538 5670 Labium
1565 5614 1762 5666 verita--

199 5693 499 5767 tisﬁrntupt
527 5688 579 5767 in
597 5688 955 5767 perpetuuut._
1048 5761 1058 5767 _
1149 5761 1160 5767 _
1528 5756 1539 5767 .
1603 5755 1616 5767 _
1652 5709 1663 5731 ‘-

271 5754 343 5831 (ὗ)
381 5761 463 5815 Τῶ
491 5754 656 5827 adh!)
682 5754 818 5816 ἐγου.
856 5761 1012 5831 Vulg.
1042 5761 1095 5814 in
1143 5761 1250 5814 loco
1272 5768 1359 5812 tuo
1376 5775 1398 5831 _:
1423 5755 1652 5831 proinde
1681 5754 1761 5809 le-

201 5827 359 5902 gerit,
385 5835 442 5886 ἐν
471 5833 636 5903 τόπῳ.
663 5833 869 5903 Syriae.
891 5827 1089 5903 ln'ejus
1118 5831 1332 5886 lumine.
1361 5827 1524 5884 Arab.
1548 5841 1760 5882 amore:

1868 5486 1968 5549 nec
2002 5473 2166 5541 hujus
2189 5477 2526 5536 diversitatis
2557 5496 2774 5536 causam
2801 5482 2958 5536 facile
2987 5493 3072 5537 est
3101 5481 3333 5549 aperire.

1941 5547 2009 5613 (cl
2045 5550 2152 5600 Kal
2185 5549 2584 5618 ἀντιλήψεταί
2618 5568 2753 5606 σου.
2788 5553 2943 5619 Vulg.
2970 5563 3024 5604 et
3058 5547 3196 5605 Sixt.
3225 5560 3273 5601 et
3297 5567 3440 5604 reme

1868 5619 2069 5684 perabit
2108 5626 2194 5690 te.
2217 5620 2388 5673 Paulo
2416 5623 2622 5675 clarius
2648 5623 2761 5682 alii,
2789 5631 2836 5675 cl
2855 5625 2951 5675 crit
2983 5623 3072 5674 tibi
3105 5623 3321 5690 adjutor
3343 5639 3360 5682 ;
3385 5631 3442 5672 et

1874 5695 1934 5741 ut
1962 5691 2074 5754 ipse
2105 5689 2427 5752 reddebam,
2473 5691 2830 5746 Auxiliabitur
2883 5694 2978 5746 mi.
3023 5692 3078 5745 id
3111 5689 3257 5744 enim
3289 5691 3438 5742 ἀντι-

1867 5756 2239 5836 λαμβάνεσθαι
2257 5770 2314 5836 et
2335 5761 2638 5836 ᾁντίληψις,
2672 5779 2792 5832 quae
2819 5762 3254 5819 voxGrtecoruui
3284 5760 3439 5816 litur-

1866 5830 1972 5898 giis
1992 5830 2438 5899 frequentissima
2475 5839 2578 5887 est.
