4246 6438
179 335 286 399 95⁵1

1509 342 1675 403 LOCI
1716 343 2148 410 COMMUNES.

3346 361 3452 422 9333

252 447 645 514 Μοσχίωνος.
674 477 740 487 -—
768 449 933 518 ἱιὶροῦ
981 450 1156 505 πάντα
1197 451 1263 505 τὰ
1292 452 1460 521 θνητὰ
1489 453 1581 504 καὶ
1615 455 1776 522 γήϊνα
1808 461 1852 516 Λ

1808 461 1852 516 Λ
1951 456 2283 512 Mosrhiouis.
2324 490 2393 498 —-
2443 459 2670 515 Cunctis
2721 464 3049 519 mortalibus
3104 480 3168 520 ac
3221 473 3457 521 terrenis

176 536 497 604 ἀπολέσας,
535 539 633 592 ἕνα
684 539 954 594 ἀθάνατον
1006 542 1101 596 καὶ
1153 543 1403 614 οὐράνιον
1450 546 1774 614 κτήσασθαι.

246 717 583 785 Δημοκρίτ.
611 745 679 757 -—
719 716 1064 788 Ἀνθρώπους
1099 719 1359 788 ἁρμόδιον
1413 720 1592 789 ψυχῆς
1638 721 1775 790 μᾶλ-

172 802 270 855 λον
327 804 364 874 ἢ
433 804 690 875 σώματος
713 807 872 875 λόγον
906 808 1202 864 ποιεῖσθαι.
1235 810 1394 878 Ψυχὴ
1427 811 1528 879 μὲν
1556 811 1664 880 γὰρ
1693 829 1780 864 τε-

173 895 449 967 λειοτάτη
484 899 709 967 σκήνεος
740 898 1042 969 μοχθηρίην
1070 900 1240 970 ὀρθοῖ·
1277 901 1506 970 σκήνεος
1532 901 1588 953 δὲ
1625 903 1778 971 ἰσχὺς

173 989 310 1040 ἄνευ
343 986 619 1059 λογισμοῦ
650 988 828 1060 ψυχὴν
865 990 1019 1042 οὐδέν
1048 1007 1098 1043 τι
1128 991 1336 1061 ἀμείνω
1366 993 1599 1063 τίθησιν.

245 1163 642 1236 Κλητάρχου.
672 1196 742 1207 -
761 1167 872 1237 Τῆς
901 1167 1082 1238 ψυχῆς
1108 1167 1183 1230 ὡς
1210 1171 1476 1239 ἡγεμόνος
1494 1171 1776 1242 ἐπιμελοῦ·

173 1257 272 1309 τοῦ
304 1257 367 1310 δὲ
402 1257 658 1327 σώματος
683 1257 758 1314 ὡς
778 1258 1125 1328 ’στρατιώτου
1151 1261 1390 1330 προνόει,

251 1346 884 1417 Φιλιστίω.-Ψυχὴ
909 1347 1072 1416 σοφοῦ
1109 1349 1408 1419 ἁρμόζεται
1446 1351 1582 1418 πρὸς
1625 1352 1774 1405 Θεόν.

175 1436 387 1505 Ψυχὴν
417 1435 652 1498 θάνατος
676 1435 777 1488 οὐκ
803 1435 1118 1499 ἀπόλλυσιν,
1155 1437 1291 1492 ἀλλὰ
1312 1439 1480 1502 κακὸς
1503 1440 1636 1508 βίος.

250 1529 605 1582 Ζαλεύκου.
622 1555 690 1568 -
711 1527 986 1581 Ἔκαστον
1017 1523 1111 1582 οὗν
1133 1527 1277 1599 ἔχειν
1300 1531 1394 1583 καὶ
1425 1532 1776 1598 παρασκευά-

177 1616 298 1681 ζειν
346 1617 438 1670 δεῖ
459 1618 559 1690 τὴν
593 1616 788 1671 ἑαυτοῦ
817 1617 998 1688 ψυχὴν
1030 1619 1251 1673 πάντων
1277 1619 1523 1688 καθαράν
1548 1621 1656 1674 τῶν
1681 1639 1779 1676 και

177 1709 321 1762 κῶν.
367 1710 468 1772 Ὠς
492 1711 602 1781 γάρ
627 1710 689 1764 οὐ
710 1712 936 1780 τιμᾶται
959 1710 1091 1776 Θεὸς
1115 1710 1208 1763 ὑπ’
1229 1711 1521 1781 ἀνθρώπου
1545 1713 1776 1782 φαύλου.

175 1799 306 1852 οὐδὲ
366 1799 740 1872 θεραπεύεται
789 1802 1075 1868 δαπάναις,
1124 1803 1244 1857 οὐδὲ
1296 1803 1625 1874 τραγῳδίαις
1671 1805 1780 1859 τῶν

176 1891 574 1964 ἁλισκομένων
612 1893 711 1964 (Ιι),
741 1893 857 1949 ἀλλ’
905 1896 1085 1967 ἀγαθῇ
1115 1897 1436 1968 προαιρέσει
1463 1896 1573 1951 τῶν
1600 1899 1781 1951 καλῶν

177 1983 368 2054 ἔργων
403 1984 499 2040 καὶ
526 1985 765 2040 δικαίων.

266 2077 660 2148 Ἐπικτήτου.
691 2112 759 2123 -
791 2081 984 2154 Ψυχὴν
1045 2081 1300 2154 σώματος
1354 2082 1780 2154 ἀναγκαιότερον

181 2169 381 2224 ἰᾶσθαι
413 2186 428 2202 ο
463 2171 558 2226 τοῦ
589 2172 700 2246 γὰρ
732 2174 920 2239 κακῶς
947 2175 1051 2254 ζῇν
1085 2175 1150 2230 τὸ
1195 2175 1450 2230 τεθνᾶναι
1501 2177 1775 2246 κρεῖσσον.

755 2379 974 2433 ΛΟΓΟΣ
1006 2378 1110 2434 ΝΔ¹
1145 2379 1210 2436 η.

761 2493 901 2563 Περὶ
953 2496 1206 2565 φθόνου.

253 2601 452 2656 Maro.
495 2603 569 2654 κ’.
599 2628 668 2639 -
705 2598 989 2663 Ἑλθόντες
1029 2598 1087 2652 δὲ
1117 2601 1214 2654 καὶ
1247 2601 1297 2654 οί
1328 2601 1559 2673 πρῶτοι,
1594 2603 1774 2672 ἐνόμι-

185 2705 288 2741 σαν
331 2689 422 2742 ὃτι
459 2689 683 2744 πλείονα
740 2688 1028 2761 λήψονται,
1087 2693 1184 2746 καὶ
1240 2691 1432 2747 ἔλαϐον
1483 2694 1578 2747 καὶ
1620 2695 1772 2748 αὐτοὶ

182 2781 292 2834 ἀνά
327 2780 612 2854 δηνάριον.
635 2781 910 2846 Λαϐόντες
932 2782 990 2836 δὲ
1019 2783 1342 2855 ἐγόγγυζον,
1375 2801 1431 2840 κ.
1461 2802 1514 2840 τ.
1580 2786 1628 2841 ἑ.

269 2953 425 3007 Ἰακ.
473 2958 544 3024 τ’.
579 2984 649 2995 -
674 2954 848 3009 Ὅπου
883 2953 1050 3026 ζῆλος
1082 2957 1179 3012 καὶ
1207 2960 1439 3032 ιριθεία,
1481 2961 1602 3015 ἐκεῖ
1627 2963 1768 3015 ἅκα-

184 3046 460 3101 ταστασία
498 3047 594 3101 καὶ
617 3049 726 3101 πᾶν
750 3047 955 3118 φαῦλον
982 3051 1234 3121 πρᾶγμα.

257 3141 510 3207 Παροιμ,
551 3145 660 3210 κγ.
696 3116 772 3182 -έ
815 3141 908 3212 Μὴ
945 3116 1254 3197 συνδείπνει
1302 3143 1460 3215 ἀνδρὶ⁵
1488 3144 1767 3219 βασκάνῳ,
1797 3116 1840 3175 C

189 3229 331 3299 μηδὲ
360 3229 708 3302 ἐπιθυμήσῃς
744 3231 854 3287 τῶν
883 3233 1202 3303 ἐδεσμάτων
1223 3235 1412 3292 αὐτοῦ.

255 3320 464 3382 Φθόνος
499 3322 601 3374 οὐκ
637 3318 746 3374 οἶδε
781 3326 1056 3395 προτιμᾷν
1090 3325 1152 3378 τὸ
1184 3326 1485 3398 συμφέρον.

257 3413 447 3480 Σιρὰχ
501 3411 612 3473 λζ’.
667 3445 737 3458 --
790 3415 883 3488 Μὴ
932 3416 1303 3487 συμϐουλεύου
1357 3419 1497 3490 μετὰ
1534 3422 1769 3475 ὑποϐλεο

185 3504 435 3573 πομένου
466 3520 562 3557 σου
583 3521 598 3538 ’
621 3505 728 3559 άπὸ
754 3507 864 3559 τῶν
892 3507 1198 3578 ζηλούντων
1226 3525 1285 3562 σε
1333 3509 1541 3582 κρύψον
1571 3511 1768 3585 βουλήν

188 3609 308 3649 σου.

256 3688 479 3739 Baeti.
521 3715 590 3725 —
627 3687 740 3758 Οὐχ
778 3689 912 3772 ὁρᾷς
948 3689 1138 3759 ἡλίκον
1185 3691 1397 3765 ἐστὶνή
1443 3694 1764 3766 ὕπόκρισις;

187 3775 297 3828 Καὶ
331 3777 470 3848 αὕτη
501 3778 715 3850 καρπός
757 3781 873 3833 ἐστι
919 3781 1013 3834 τοῦ
1049 3781 1267 3851 φθόνου,
1305 3784 1380 3838 Τὸ
1408 3785 1518 3857 γὰρ
1543 3786 1767 3841 διπλοῦν

186 3862 280 3917 τοῦ
313 3865 500 3937 ήθους,
551 3868 618 3921 ὲκ
669 3867 866 3936 φθόνου
902 3871 1141 3940 μάλιστα
1194 3874 1308 3936 τοῖς
1334 3872 1646 3946 ἀνθρώποις
1676 3876 1766 3946 γί-

187 3971 364 4011 νεται.

259 4046 328 4100 Τί
360 4046 663 4114 στενάζεις,
690 4048 953 4121 φθονερές
984 4050 1046 4104 τὸ
1077 4051 1208 4107 ἴδιον
1241 4052 1433 4120 κακὸν,
1465 4053 1584 4126 ῆτδ
1611 4055 1766 4111 ἀλλό-

187 4151 339 4206 τριον
371 4137 577 4206 ἀγαθόν
596 4155 611 4204 ;

257 4231 460 4285 Φθόνου
493 4231 604 4302 γὰρ
630 4231 804 4296 πάθος
836 4233 990 4287 οὐδὲν
1011 4233 1402 4308 ὀλεθριώτερον
1438 4236 1636 4309 ψυχαῖς
1663 4239 1758 4293 άν-

190 4319 425 4392 θρώπων
455 4323 748 4392 ἐμφύεται.

1877 547 2116 608 amissis,
2142 565 2311 602 unum
2341 550 2707 606 innuortalem
2735 569 2797 607 ac
2821 556 3104 610 caelestem
3130 573 3458 626 comparare

1878 649 2090 704 Optato.

1950 727 2250 781 Dcntorrili.
2270 759 2340 768 —
2362 730 2530 784 Decet
2558 720 2838 787 hominem
2866 735 3036 788 animi
3066 737 3271 805 potius,
3292 753 3456 805 quam

1878 816 2126 882 corporis
2163 831 2355 870 curam
2395 817 2778 888 gerereQNam
2819 823 2913 892 qui
2962 839 3231 878 summam
3271 826 3457 893 perfe-

1878 907 2076 961 ctionis
2105 924 2286 963 arcem
2321 896 2594 980 arripuit:
2613 912 2850 976 animus,
2882 915 3228 968 tabernaculi
3259 917 3454 969 vitium

1879 997 2134 1068 corrigit;
2182 1001 2525 1056 tabernaculi
2568 1018 2704 1056 vero
2749 1005 2941 1070 robur,
2988 1006 3034 1059 si
3082 1006 3230 1060 desit
3281 1011 3453 1070 ratio,

1876 1089 2124 1142 animum
2155 1090 2292 1144 nihil
2323 1092 2605 1146 meliorem
2639 1095 2842 1148 reddit.

1948 1181 2219 1236 Clitarchi.
2239 1213 2308 1222 —-
2330 1183 2513 1239 Animi
2545 1193 2806 1255 tanquam
2836 1185 2995 1240 ducis
3019 1204 3083 1240 ac
3107 1186 3458 1256 imperatoris

1878 1288 2065 1327 curam
2091 1274 2264 1339 habe;
2297 1277 2517 1344 corpori
2547 1285 2732 1330 autem
2763 1286 2824 1330 ut
2847 1278 3010 1331 militi
3039 1279 3348 1347 provideto.

1949 1364 2298 1420 Philistionis.
2323 1396 2394 1406 -——
2414 1366 2612 1422 Anima
2639 1368 2908 1438 sapientis
2937 1370 3051 1422 Deo
3075 1370 3454 1440 coniungitur.

1879 1454 2125 1510 Animam
2159 1473 2269 1510 non
2300 1472 2467 1521 mors,
2495 1458 2592 1513 sed
2625 1460 2763 1513 mala
2793 1461 2905 1514 vita
2939 1460 3145 1529 perdit.
3217 1449 3221 1452 Α

1947 1543 2180 1597 Zaleuci.
2207 1575 2277 1585 --
2305 1544 2552 1614 Quisque
2581 1545 2749 1614 igitur
2779 1547 3022 1600 animam
3051 1561 3205 1598 suam
3237 1545 3453 1604 habeat,

1879 1651 1943 1688 ac
1991 1645 2216 1704 przestet
2265 1637 2334 1689 ab
2383 1637 2643 1690 onmihus
2690 1636 2852 1690 malis
2902 1653 3116 1706 puram.
3153 1636 3266 1689 Nec
3311 1637 3455 1689 enim

1882 1729 2028 1784 Deus
2059 1728 2129 1782 ab
2160 1729 2385 1784 homine
2421 1729 2570 1783 malo
2608 1729 2832 1794 colitur,
2866 1739 2960 1782 aut
2991 1730 3305 1798 sumptibus
3338 1731 3453 1798 pla-

1882 1831 2062 1885 catur,
2097 1823 2183 1876 vel
2228 1823 2617 1879 damnatorum
2663 1827 2888 1895 planctu
2935 1841 2998 1880 ac
3046 1825 3324 1886 lamentis,
3361 1824 3453 1874 sul

1883 1913 2049 1978 bona,
2073 1914 2348 1968 bonorum
2374 1929 2439 1969 ac
2459 1915 2736 1987 iustorum
2766 1931 3016 1986 operum,
3043 1917 3348 1969 voluntate.

1949 2096 2196 2165 Epicteti.
2225 2125 2294 2136 ——
2323 2095 2496 2165 Major
2522 2093 2718 2160 animi,
2745 2109 2908 2163 quam
2941 2091 3195 2162 corporis
3226 2090 3453 2145 sanandi

1879 2187 2182 2243 necessitas
2233 2198 2318 2242 est
2401 2187 2546 2241 mori
2597 2187 2749 2242 enim
2799 2193 3050 2256 praestat,
3093 2200 3259 2254 quam
3314 2184 3456 2238 male

1878 2295 2087 2334 Vivere.

2461 2391 2695 2447 SERMO
2731 2390 2864 2446 LIV.

2502 2502 2578 2556 De
2611 2503 2832 2556 invidia.

1945 2611 2134 2667 Matth.
2157 2611 2442 2674 xx,10.—
2469 2607 2770 2662 Venientes
2799 2615 2983 2661 autem
3012 2615 3065 2662 et
3098 2605 3285 2677 primi,
3312 2606 3457 2659 arbi-

1875 2701 2004 2756 trati
2038 2711 2170 2756 sunt
2198 2701 2344 2770 quod
2381 2701 2506 2770 plus
2538 2707 2721 2755 essent
2752 2699 3037 2769 accepturi
3073 2717 3085 2752 :
3122 2707 3456 2768 acceperunt

1871 2802 2058 2848 autem
2089 2805 2148 2847 ει
2175 2792 2279 2862 ipsi
2308 2792 2555 2863 singulos
2581 2790 2743 2862 657
2773 2790 3055 2846 denarios.
3082 2791 3152 2846 Et
3181 2790 3458 2859 accipien-

1875 2891 1958 2937 tes
1987 2883 2429 2946 mnrmurabant,
2456 2891 2566 2937 etc.

1940 2975 2059 3029 Jac.
2096 2991 2174 3038 ιιι,
2214 2975 2300 3028 l6.
2335 3005 2406 3015 —
2449 2973 2553 3029 Ubi
2603 2973 2888 3028 aemulatio
2935 2981 2991 3027 et
3033 2971 3343 3034 contentio,
3379 2970 3454 3024 ibi

1874 3067 2242 3123 inconstantia
2277 3076 2333 3121 et
2364 3082 2530 3120 omne
2564 3081 2708 3135 opus
2745 3065 2974 3119 malum.

1945 3159 2102 3213 Prov.
2129 3174 2282 3222 χχιιι,
2309 3159 2363 3212 6.
2389 3187 2463 3198 —
2486 3158 2564 3212 Ne
2593 3172 2782 3212 omnes
2805 3172 2931 3210 cum
2963 3155 3084 3210 viro
3116 3155 3326 3220 invido,
3351 3168 3455 3210 nec

1872 3251 2023 3306 illius
2055 3265 2212 3305 escas
2242 3256 2492 3319 appetas.

1937 3343 2128 3399 Nescit
2161 3342 2396 3405 invidia,
2426 3343 2575 3412 quod
2614 3343 2750 3397 utile
2787 3351 2877 3398 est
2907 3341 3138 3410 eligere.

1939 3435 2106 3489 Eccli.
2140 3450 2340 3496 xxxvn,
2366 3434 2419 3487 7.
2455 3465 2526 3474 —
2568 3435 2692 3489 Noli
2737 3433 3022 3488 consiliari
3063 3447 3189 3486 cum
3231 3446 3321 3493 eo,
3357 3430 3450 3499 qui

1871 3529 1924 3575 te
1967 3529 2286 3590 suspectum
2330 3520 2499 3576 habet
2544 3537 2558 3574 :
2603 3522 2956 3576 aunulatorcs
2999 3522 3118 3575 cela
3156 3520 3450 3575 consilium

1869 3623 2048 3669 tuum.

1939 3703 2150 3759 Basilii.
2181 3734 2252 3744 ——
2277 3703 2444 3759 Vides
2475 3717 2640 3773 quate
2676 3705 2882 3759 malum
2916 3705 2990 3760 sit
3019 3705 3357 3776 hypocrisis?
3387 3706 3453 3760 Et

1867 3799 1983 3852 haec
2032 3797 2257 3851 invidiae
2306 3797 2490 3866 proles
2537 3806 2642 3852 est.
2680 3797 2837 3862 Quod
2879 3799 3030 3853 enim
3077 3798 3202 3868 quis
3242 3798 3449 3867 duplici

1866 3889 2053 3944 animo
2089 3888 2183 3954 sit,
2215 3887 2454 3943 maxime
2488 3904 2557 3943 ex
2591 3889 2800 3943 invidia
2837 3889 3026 3944 habet.

1932 4069 2096 4135 Quid,
2130 4068 2336 4132 invide,
2366 4068 2578 4139 gemis?
2608 4077 2838 4126 tuumne
2869 4072 3095 4134 malum,
3121 4086 3188 4124 an
3217 4070 3447 4125 alterius

1865 4161 2071 4216 bonum
2087 4161 2110 4214 ’ί

1931 4253 2152 4307 Nullum
2211 4251 2422 4306 invidia
2473 4251 2849 4320 perniciosius
2899 4253 3188 4308 hominum
3242 4253 3444 4307 animis

1862 4345 2120 4400 inolescit
2151 4344 2375 4399 vitium.

255 4415 472 4488 Ὥσπερ
496 4417 602 4488 γάρ
638 4417 715 4480 ἰὸς
760 4418 852 4472 τὸν
881 4419 1123 4490 σίδηρον,
1174 4419 1348 4486 οὕτως
1376 4424 1405 4476 ὁ
1441 4422 1637 4493 φθόνος
1660 4423 1758 4494 τὴν
1793 4447 1836 4500 ι)
1931 4438 1932 4443 ‘

1793 4447 1836 4500 ι)
1931 4437 2003 4492 Ut
2044 4451 2230 4504 aerugo
2273 4435 2514 4499 ferrum,
2555 4437 2639 4490 sic
2687 4436 2928 4500 invidia,
2974 4451 3040 4491 ea
3096 4436 3439 4491 laborantem

189 4503 421 4574 ἔχουσαν
443 4507 606 4560 αὐτὸν
634 4507 807 4580 ψυχὴν
832 4511 1193 4576 ὲξαναλίσκει.

256 4597 321 4650 Oi
354 4597 516 4659 κύνες
543 4599 867 4669 τρεφόμενοι
915 4603 1270 4672 ἡμεροῦνται,
1313 4604 1407 4656 καὶ
1455 4605 1504 4658 οἱ
1547 4605 1763 4673 λέοντες

190 4689 500 4758 χειροήθεις
525 4690 956 4762 θεραπευόμενοι
995 4695 1236 4761 γίνονται
1259 4715 1274 4728 ο
1303 4702 1352 4753 οί
1398 4699 1455 4752 δὲ
1495 4701 1759 4772 βάσκανοι

188 4785 306 4846 ταῖς
344 4783 669 4854 θεραπείαις
699 4787 864 4839 πλέον
912 4789 1371 4860 ἐξαγριαίνονται.

221 4873 422 5016 δἘθερέ
441 4876 509 4944 τῇ
539 4874 729 4948 Γραφῇ
763 4877 1032 4950 πολλαχοῦ
1061 4883 1202 4953 μετὰ
1227 4884 1322 4938 τοῦ
1349 4886 1512 4957 φόνου
1541 4889 1760 4943 τάσσειν

250 4980 278 5013 ν
310 4982 348 5016 ω
415 4982 522 5016 νον.

188 4977 278 5014 τον
310 4977 522 5032 φυονον.

251 5053 458 5126 Ὠσπερ
491 5058 524 5127 ἡ
566 5059 790 5130 ἐρυσίὸη
824 5059 956 5114 ἴδιόν
994 5063 1110 5117 ἔστι
1171 5063 1266 5118 τοῦ
1315 5067 1466 5120 σίτου
1501 5069 1716 5141 νόσημα
1739 5087 1751 5098 ’

190 5136 358 5205 οὕτως
387 5144 416 5195 ό
451 5143 641 5211 φθόνος
669 5146 850 5212 φιλίας
895 5149 1044 5202 ἐστὶν
1074 5149 1436 5222 ἀρρώστημα.

257 5233 321 5285 Οί
353 5235 636 5304 μισόκαλοι
689 5237 965 5308 δαίμονες,
1023 5241 1245 5297 ἐπειδάν
1291 5246 1498 5310 οἰκείας
1543 5248 1755 5314 ἑαυτοῖς

1864 4527 2144 4581 consumit
2175 4527 2442 4582 animum.

1935 4619 2110 4674 Canes
2159 4622 2536 4679 nutricatione
2587 4623 2936 4683 cicurantur,
2981 4621 3171 4674 leones
3220 4637 3442 4689 quoque

1865 4712 2016 4766 cultu
2047 4723 2465 4781 mansuescunt;
2503 4713 2678 4769 invidi
2706 4728 2842 4768 vero
2870 4712 2936 4767 ad
2969 4712 3234 4779 obsequia
3271 4711 3443 4780 magis

1865 4801 2189 4857 efferantur.

1937 4892 2220 4961 Scriptura
2257 4896 2444 4950 nmltis
2482 4897 2639 4962 locis,
2671 4897 2875 4952 aedem
2919 4910 2985 4950 ac
3021 4893 3286 4949 invidiam
3332 4909 3440 4949 una

1857 4983 2092 5054 jungcrc
2127 4987 2435 5041 consuevit.

1933 5075 2404 5139 Quemadmodum
2450 5079 2646 5150 rubigo
2689 5081 2975 5150 proprium
3025 5079 3193 5136 tritici
3242 5080 3433 5132 vitium

1861 5175 1976 5228 est,
2003 5169 2085 5221 sic
2118 5168 2324 5223 invidia
2359 5171 2617 5228 amicitia:
2651 5173 2803 5228 labes
2837 5174 3076 5228 exsistit.

1935 5255 2158 5313 llonesti
2183 5260 2312 5314 odio
2345 5262 2719 5333 implacabiles
2744 5267 3043 5331 dmmones,
3074 5264 3164 5318 ubi
3197 5262 3438 5317 necessi-

193 5318 390 5392 εὕρωσι
421 5328 794 5397 προαιρέσεις,
820 5331 1088 5398 παντοίως
1119 5336 1311 5400 αὐταῖς
1342 5339 1752 5411 άποκέχρηνται
1862 5357 1870 5401 1

1862 5347 2052 5404 tudine
2097 5352 2422 5421 conjunctas
2463 5369 2526 5408 ac
2565 5357 2672 5411 sibi
2721 5371 2995 5427 congruas
3031 5355 3179 5410 nacti
3226 5351 3436 5407 fuerint

261 5459 306 5497 ⁸⁸
336 5462 398 5518 In
419 5463 586 5520 Gesn.
628 5465 784 5523 Stob.
833 5471 951 5525 MO.

1672 5549 1907 5608 ΝΟΤιιΕ.

262 5669 336 5752 (ἡ)
368 5671 518 5754 Οἱνςὲ
551 5675 1351 5754 τθςτιγῳδιάιςᾀλισκεμένων.
1374 5751 1381 5754 _
1403 5682 1556 5751 Supl.
1596 5683 1752 5754 θερα-

194 5743 554 5799 πεύεται·.ὶόιι
578 5743 848 5815 delinitur,
867 5748 1113 5819 placatur
1132 5743 1281 5806 i'coru
1292 5770 1339 5807 nt
1363 5743 1760 5828 lautcntisﬁiris

1860 5690 2142 5772 rjttlatilvits
2165 5695 2560 5774 dduntatortun.
2611 5699 2744 5755 Male
2759 5699 2924 5757 Gesn.
2955 5716 3119 5771 neque
3158 5703 3424 5772 tragtt‘dit‘t

1855 5767 2096 5833 capitur;
2134 5779 2197 5819 ac
2225 5767 2268 5820 si
2311 5767 2612 5823 άλίσκπαι.
