4246 6438
784 399 888 464 959

1937 396 1977 453 S
2040 393 2326 453 ΜΑΧΙΜΙ
2372 393 2879 455 CONFESSORIS

3924 402 4039 464 960

784 510 1117 574 voluntates,
1144 508 1322 563 modis
1352 507 1610 561 omnibus
1643 508 1710 561 ad
1743 522 1897 561 suam
1931 505 2216 559 libidinem
2250 504 2359 558 illis
2386 512 2434 565 Α

2386 512 2434 565 Α
2462 506 2598 575 πρὸς
2618 506 2679 557 τὸ
2705 506 2835 559 [διον
2862 507 3133 576 βούλημα,
3159 510 3300 563 ὥστε
3332 512 3425 564 καὶ
3448 515 3562 575 τοῖς
3590 513 3892 583 ὀφθαλμοῖς
3919 514 4037 566 τῶν

783 602 1112 661 abutuntur,
1141 607 1200 650 ut
1228 606 1283 649 et
1314 596 1624 649 invidorum
1657 596 1836 650 oculis
1860 594 2136 664 explendo
2163 597 2357 648 volun-

786 689 917 741 tatis
949 703 1059 741 sua:
1091 687 1354 755 obsequio
1388 696 1629 739 utantur.

856 780 1328 846 Quemadmodum
1356 781 1502 832 bono
1524 794 1710 831 comes
1732 790 1817 832 est
1843 779 2121 832 aﬂluentia
2146 789 2198 831 ct
2223 776 2357 831 lihe-

785 871 973 923 ralitas
996 885 1193 923 carens
1219 870 1444 932 invidia,
1470 870 1547 921 sic
1574 869 1793 922 diabolo
1816 885 2001 923 comes
2031 868 2171 920 livor
2194 877 2277 922 est
2301 878 2357 922 et

786 961 1109 1013 invidentia.

857 1052 943 1107 Uti
986 1054 1237 1105 vultures
1278 1052 1345 1103 ad
1385 1050 1735 1104 maleolentia
1774 1066 2001 1118 corpora
2039 1052 2353 1115 convniant,

786 1140 1071 1208 multaque
1121 1148 1273 1208 prata
1322 1140 1539 1206 aliaque
1589 1138 1710 1191 loca
1759 1152 1969 1191 anuena
2018 1151 2082 1189 ac
2129 1136 2358 1189 ﬂoribus

784 1231 1039 1294 odorata,
1083 1246 1274 1283 eorum
1330 1230 1631 1297 cupiditate
1676 1228 2042 1291 transvolant;
2090 1237 2253 1296 atque
2297 1236 2357 1280 ut

786 1336 1009 1381 muscze.
1031 1321 1251 1374 omissis
1271 1320 1584 1373 sanioribus
1608 1318 1893 1377 membris,
1916 1316 1981 1369 ad
2002 1318 2182 1369 ulcera
2208 1315 2358 1368 lesti-

786 1422 948 1477 nant;
992 1413 1070 1465 sic
1112 1412 1308 1473 invidi,
1342 1415 1492 1466 clara
1531 1412 1656 1464 vitae
1698 1411 1917 1468 decora,
1952 1424 2257 1477 magnaque
2294 1423 2359 1460 ac

786 1502 948 1556 laude
976 1502 1139 1571 digna
1169 1502 1430 1563 facinora,
1459 1516 1525 1553 ne
1543 1501 1820 1568 aspiciunt
1843 1497 2069 1566 quidem
2104 1513 2116 1547 :
2152 1498 2195 1549 si
2222 1496 2355 1564 quid

785 1608 919 1647 vero
944 1594 1066 1646 vitii
1098 1593 1287 1657 haeret,
1315 1608 1376 1646 ac
1400 1603 1559 1662 putre
1585 1592 1865 1653 videatur,
1894 1590 2163 1658 ingruunt
2191 1598 2355 1657 atque

788 1684 1051 1739 insident.

858 1773 1117 1842 Theologi.
1138 1803 1207 1812 -—
1229 1771 1369 1827 Cave
1399 1772 1476 1825 illi
1504 1772 1774 1833 invideas,
1799 1771 1889 1824 cui
1918 1784 2181 1838 prospere
2209 1768 2355 1821 cedit

2458 598 2747 666 βασκάνων
2778 600 2857 662 εἰς
2894 599 3203 669 ὑπηρεσίαν
3232 602 3542 671 χρήσασθαι
3572 602 3666 655 τοῦ
3697 603 3827 655 ἰδίου
3870 604 4037 675 θελή-

2459 705 2646 755 ματος.

2531 779 2739 847 Ὠσπερ
2772 780 2965 832 ἕπεται
2994 778 3074 848 τῷ
3126 780 3316 849 ἀγαθῷ
3364 783 3397 851 ἡ
3449 781 3683 851 ἀφθονία
3738 783 3819 852 (ἰ),
3854 782 4033 845 οὕτως

2456 869 2742 922 ἀκολουθεῖ
2768 871 2848 940 τῷ
2876 871 3111 941 διαϐόλῳ
3140 874 3173 941 ἡ
3204 871 3490 941 βασκανέα.

2528 1046 2741 1115 Ὠσπερ
2791 1045 2847 1097 δὲ
2878 1047 2933 1096 αἱ
2976 1045 3151 1112 γῦπες
3187 1047 3323 1115 πρὸς
3371 1048 3439 1099 τὰ
3478 1048 3690 1117 δυσώδη
3744 1048 4027 1119 φέρονται,

2456 1136 2684 1197 πολλοὺς
2711 1137 2812 1203 μὲν
2841 1136 3135 1203 λειμῶνας.
3169 1138 3399 1199 πολλοὺς
3426 1139 3482 1190 δὲ
3506 1138 3653 1206 ἡδεῖς
3686 1139 3779 1191 καὶ
3808 1139 4032 1200 εὐώδεις

2455 1227 2655 1289 τόπους
2692 1227 3126 1295 ὑπεριπτὰμενοι
3150 1246 3163 1257 ·
3212 1229 3307 1281 καὶ
3341 1230 3398 1281 αἱ
3434 1232 3609 1296 μυῖαι,
3641 1230 3702 1281 τὸ
3728 1230 3824 1298 μὲν
3848 1231 4027 1295 ὑγιαῖ-

2457 1335 2545 1369 νον
2580 1318 3003 1387 παρατρέχουσι,
3036 1319 3173 1388 πρὸς
3209 1319 3265 1371 δὲ
3291 1319 3350 1371 τὸ
3381 1320 3538 1381 ἕλκος
3562 1320 3875 1386 ἐπείγονται
3896 1338 3910 1349 ’
3941 1320 4031 1371 οὖ·

2457 1427 2563 1471 τως
2604 1412 2654 1461 οἱ
2704 1410 2987 1477 βάσκανοι,
3023 1413 3124 1473 τὰς
3161 1412 3260 1479 μὲν
3314 1411 3409 1463 τοῦ
3461 1412 3577 1479 βίον
3631 1412 4029 1481 λαμπρότητας

2457 1504 2551 1554 καὶ
2578 1502 2645 1553 τὰ
2680 1503 2885 1570 μεγέθη
2931 1503 3038 1554 τῶν
3086 1502 3541 1571 κατορθουμένων
3592 1504 3713 1556 οὐδὲ
3763 1504 4030 1573 προσϐλέ-

2458 1610 2639 1653 πουσι,
2667 1597 2783 1655 τοῖς
2808 1594 2863 1646 δὲ
2903 1594 3122 1664 σαθροῖς
3152 1594 3506 1650 ἐπιτίθενται.

2534 1772 2703 1823 950.1.
2732 1800 2803 1809 —
2832 1772 2921 1839 Μὴ
2949 1772 3237 1841 φθονήσεις
3272 1774 3350 1840 τῷ
3380 1773 3733 1843 κατορθοῦντι
3786 1774 3862 1835 ὡς
3902 1772 4033 1839 φθο-

787 1878 853 1917 ac
897 1864 992 1931 qui
1042 1871 1191 1917 recte
1240 1864 1379 1932 agit,
1424 1872 1681 1930 tanquam
1735 1861 1825 1914 ille
1872 1860 2026 1929 prior
2067 1858 2355 1921 inviderit,
2392 1852 2464 1903 Β·

2392 1852 2431 1903 Β
2462 1862 2666 1929 mea;
2698 1863 2793 1915 καὶ
2821 1863 3135 1929 φθονεῖσθαι
3165 1866 3430 1930 πεισθεὶς,
3458 1866 3552 1919 καὶ
3578 1866 3662 1918 δια
3693 1864 3854 1918 τοῦτο
3899 1881 4033 1917 κατ-

790 1964 954 2022 teque
993 1955 1044 2007 ei
1088 1953 1420 2007 invidiosum
1466 1962 1640 2017 ratus,
1674 1967 1738 2006 ae
1782 1953 1875 2021 qui
1916 1966 1981 2005 ea
2020 1950 2236 2004 ratione
2279 1950 2355 2002 illi

787 2046 1030 2099 offensus
1061 2047 1158 2099 sis.

859 2138 1051 2193 Pereat
1081 2140 1292 2193 utinam
1326 2155 1393 2192 ex
1424 2138 1745 2192 hominibus
1783 2135 1986 2189 invidia
2024 2149 2217 2186 eorum
2258 2134 2352 2201 qui

786 2246 852 2285 ea
890 2232 1168 2285 laborant!
1214 2233 1331 2301 ipsa
1373 2232 1649 2300 pernicies
1687 2246 1881 2283 eorum
1915 2229 2010 2298 qui
2048 2232 2352 2297 patiuntur,

785 2337 971 2390 aerugo
1010 2339 1072 2376 ac
1106 2325 1287 2383 virus;
1334 2323 1478 2375 inter
1507 2324 1639 2373 vilia
1679 2321 2054 2389 atquissimum
2094 2319 2256 2373 simul
2296 2336 2359 2372 ac

790 2412 1225 2482 iniquissimum;
1265 2414 1500 2467 alterum
1534 2412 1783 2481 quidem,
1813 2412 1961 2482 quod
1992 2412 2153 2465 honis
2182 2411 2359 2463 omni-

787 2500 893 2557 bus
921 2503 1208 2565 obtundit;
1238 2503 1471 2558 alterum
1498 2517 1653 2568 vero,
1677 2502 1824 2572 quod
1860 2504 1981 2557 illos
2005 2502 2156 2570 ipsos
2184 2500 2355 2563 laedit,

787 2594 880 2661 qui
912 2609 1033 2646 eam
1067 2594 1293 2647 habent.

854 2681 1021 2751 658
1058 2680 1241 2753 Chrys.
1272 2714 1342 2723 —
1377 2681 1423 2737 Ο
1469 2682 1677 2735 invidia
1715 2680 1910 2735 mortis
1952 2679 2129 2743 radix,
2168 2680 2357 2733 multi-

787 2772 909 2839 plex
939 2773 1230 2842 aegritudo,
1263 2774 1448 2828 cordis
1482 2774 1796 2827 acutissime
1832 2774 2007 2826 clave!
2044 2774 2177 2839 Quis
2209 2774 2355 2826 enim

784 2864 925 2918 adeo
957 2874 1152 2920 acutus
1187 2866 1397 2929 clavus,
1426 2866 1520 2935 qui
1553 2864 1638 2919 sic
1669 2877 1897 2935 pungat,
1928 2880 1990 2920 ac
2021 2865 2229 2919 invidia
2263 2879 2359 2918 cor

784 2972 849 3011 ea
885 2957 1141 3011 laborans
1169 2958 1413 3012 sauciat?

854 3048 1069 3102 Invidet
1114 3049 1337 3117 quidem
1381 3050 1628 3114 dzcmon,
1672 3051 1767 3104 sed
1822 3048 2171 3110 hominibus;
2222 3048 2355 3101 nulli

782 3154 915 3191 vero
944 3138 1255 3191 daemonum
1285 3156 1299 3191 :
1333 3149 1389 3193 tu
1422 3155 1550 3194 vero
1581 3156 1707 3193 cum
1736 3139 1811 3191 sis
1842 3139 2005 3191 homo
2041 3139 2356 3191 hominibus

784 3229 1028 3291 invides;
1062 3247 1419 3299 ecquamnam
1450 3232 1668 3285 veniam
1697 3230 2006 3284 obtinebis?

854 3321 1007 3389 Greg.
1040 3322 1195 3391 Nysa.
1225 3352 1295 3363 —-
1322 3323 1568 3385 lnvidize,
1595 3322 1959 3375 infortunium
1993 3332 2075 3373 est
2106 3339 2212 3373 non
2247 3337 2360 3373 Ina-

783 3412 895 3465 lum
940 3418 1255 3482 proprium,
1293 3414 1388 3468 sed
1431 3414 1635 3466 bonum
1683 3414 1924 3465 alienum
1973 3429 1985 3464 :
2029 3428 2359 3480 rursumque

783 3503 1057 3569 felicitas,
1118 3521 1228 3558 non
1295 3506 1500 3559 bonum
1570 3506 1895 3576 proprium,
1954 3505 2057 3559 sed
2122 3506 2357 3575 proximi

785 3595 1009 3651 malum.

854 3694 1109 3757 Narrant,
1141 3697 1410 3758 vultures,
1434 3699 1761 3750 cadaverum
1796 3715 1959 3751 vorax
1997 3700 2229 3759 animal,
2258 3718 2361 3751 un-

785 3796 990 3856 guento
1039 3787 1291 3841 interire.
1331 3789 1404 3842 Ea
1456 3790 1601 3842 enim
1656 3799 1787 3843 sunt
1832 3790 2044 3854 indole,
2082 3798 2139 3843 ut
2188 3792 2361 3846 fetore

787 3877 1023 3946 taboque
1055 3877 1386 3932 cadaverum
1433 3890 1598 3949 atque
1640 3882 1794 3935 sanie
1834 3882 2146 3935 foveantur.
2180 3884 2269 3937 Sic
2308 3894 2365 3937 et

787 3969 877 4037 qui
906 3968 1009 4022 hoc
1034 3970 1227 4023 morbo
1253 3980 1534 4031 tenentur,
1560 3972 1863 4024 amicorum
1894 3974 2149 4025 secundis
2178 3975 2361 4034 rebus,

790 4062 937 4113 velut
974 4061 1200 4115 admoto
1244 4063 1482 4129 quodam
1532 4078 1834 4132 unguento,
1868 4066 2234 4118 enmriuntur.
2271 4067 2362 4119 Sin

787 4161 971 4206 autem
1004 4153 1218 4208 adversi
1250 4155 1461 4222 aliquid
1490 4171 1648 4209 casus
1682 4156 1917 4224 malique
1951 4158 2363 4225 eonspexerint,

787 4252 987 4311 praesto
1015 4243 1290 4306 advolant;
1318 4260 1488 4312 osque
1523 4246 1802 4298 aduncum
1837 4245 2148 4313 inligentes,
2175 4247 2366 4301 occul-

791 4344 900 4387 tam
933 4337 1230 4389 extrahunt
1256 4337 1627 4405 evulgantque
1656 4336 1960 4390 miseriam.

860 4425 1117 4479 Philonis.
1147 4458 1218 4466 —
1241 4428 1371 4492 Qua:
1400 4428 1633 4482 honesta
1667 4439 1817 4489 sunt,
1851 4443 2163 4497 quanquam
2189 4444 2256 4481 ex
2288 4428 2368 4481 in-

2459 1954 2716 2022 ενεχθείς.

2544 2132 2633 2193 Ὠς
2663 2132 2917 2187 ἀπόλοιτο
2971 2132 3031 2197 ἐξ
3082 2134 3389 2204 ἀνθρώπων
3432 2137 3462 2188 δ
3507 2136 3720 2203 φθόνος,
3748 2138 3782 2205 ἡ
3812 2136 4031 2203 δαπάνη

2459 2222 2567 2274 τῶν
2597 2223 2851 2293 ὲχύντων,
2884 2227 2913 2277 ὁ
2941 2226 3050 2277 τῶν
3098 2227 3417 2295 πασχόντων
3444 2227 3519 2290 ἰός
3544 2244 3559 2257 ·
3617 2227 3678 2278 τὸ
3721 2227 3885 2293 μόνον
3918 2225 4033 2279 τῶν

2458 2316 2645 2367 παθῶν
2684 2314 3014 2371 ἀδικώτατον
3044 2334 3103 2369 τε
3132 2319 3250 2387 ἅμα
3283 2320 3378 2370 καὶ
3400 2319 3740 2372 δικαιότατον
3761 2335 3775 2348 ·
3809 2320 3871 2370 τὸ
3904 2319 4031 2387 μὲν,

2456 2410 2537 2459 ὅτι
2563 2410 2697 2460 πᾶσι
2734 2409 2933 2479 διοχλεί
2960 2409 3148 2473 καλοῖς
3173 2449 3189 2474 ,
3217 2411 3280 2463 τὸ
3306 2411 3388 2473 δὲ,
3416 2412 3499 2463 ὅτι
3528 2412 3704 2463 ἀδικεῖ
3725 2410 3849 2474 τοὺς
3884 2411 4036 2479 ἔχον-

2456 2515 2575 2559 τας.

2535 2674 2837 2741 Χρυσοστ.
2871 2706 2939 2716 --
2964 2677 3027 2728 Ὢ
3058 2674 3226 2743 φθὸνε
3255 2675 3381 2747 ῥίζα
3406 2676 3661 2740 θανάτου,
3688 2679 3722 2745 ἡ
3756 2677 4034 2730 πολύπλο-

2458 2783 2552 2827 κος
2595 2767 2768 2831 νόσος,
2810 2766 3036 2838 καρδίας
3088 2767 3320 2832 ὁξύτατι
3375 2764 3504 2841 ﬁla!
3563 2770 3723 2833 Ποῖος
3760 2770 3868 2837 γὰρ
3896 2765 4033 2840 ἧλος

2456 2855 2715 2919 ὀξύτατος
2758 2855 2931 2917 οὕτως
2984 2858 3171 2926 κεντᾷ,
3211 2857 3287 2921 ὡς
3312 2859 3343 2911 δ
3380 2857 3576 2925 φθόνος
3628 2859 3727 2927 τὴν
3792 2858 4033 2928 ἔχουσαν

2459 2948 2622 3001 αὐτὸν
2649 2949 2877 3013 καρδίαν
2902 2948 3194 3017 τιτρώσκει
3218 2966 3233 3013 ;

2544 3040 2600 3090 '0
2633 3039 2843 3107 δαίμων
2884 3040 3069 3105 φθονεῖ
3102 3040 3221 3107 μὲν,
3256 3038 3564 3110 ἀνθρώποις
3595 3040 3653 3093 δέ
3674 3056 3690 3070 °
3722 3041 3934 3106 δαίμονι
3972 3041 4036 3093 δὲ

2463 3128 2661 3179 οὐδενί.
2691 3128 2761 3180 Σὺ
2788 3127 2841 3180 δὲ
2873 3128 3158 3197 ἄνθρωπος
3183 3128 3278 3195 ὢν,
3310 3128 3618 3199 ἀνθρώποις
3652 3130 3865 3197 φθονεῖς
3886 3147 3899 3159 ο
3934 3130 4039 3182 καὶ

2466 3222 2623 3280 ποίας
2655 3219 2815 3287 τεύξῃ
2857 3219 3148 3287 συγνώμης
3174 3236 3187 3277 ;

2530 3313 2711 3375 Γμηγ.
2756 3311 2907 3362 Nic.
2934 3341 3000 3348 —
3029 3310 3211 3378 Φθονῳ
3246 3312 3287 3343 ¹⁹
3317 3310 3573 3379 ἀτύχημα
3608 3312 3707 3379 μέν
3769 3314 3920 3366 ἐστιν
3970 3314 4035 3365 οὐ

2458 3404 2518 3453 το
2545 3403 2674 3453 ἴδιον
2704 3404 2896 3462 κακον,
2951 3403 3086 3453 ἀλλὰ
3122 3402 3182 3453 τὸ
3216 3400 3496 3471 ἀλλότριον
3531 3402 3734 3470 ἀγαθόν
3760 3422 3773 3433 ο
3830 3405 4036 3473 κατόρ-

2460 3493 2620 3562 θωμα
2642 3494 2697 3545 δὲ
2725 3494 2906 3557 πάλιν,
2938 3495 2994 3545 οὐ
3022 3495 3081 3545 τὸ
3109 3496 3308 3547 οἰκεῖον
3336 3494 3523 3557 καλὸν,
3558 3496 3694 3548 ἀλλὰ
3716 3497 3778 3547 τὸ
3807 3495 3902 3547 τοῦ
3936 3497 4040 3547 πέ-

2460 3585 2557 3647 λας
2590 3585 2774 3637 κακόν.

2531 3686 2852 3754 Φθεὶρεσθαι
2882 3686 3005 3745 τοὺς
3034 3684 3394 3755 νεκροϐὀρους
3430 3684 3615 3751 γῦπας
3642 3686 3720 3755 τῷ
3764 3687 3921 3755 μύρῳ
3947 3688 4042 3739 λέ-

2462 3793 2637 3843 γουσι.
2671 3777 2811 3846 Πρὸς
2847 3777 2949 3843 γὰρ
2986 3776 3045 3825 τὸ
3081 3776 3313 3837 δυσῶδες
3344 3779 3440 3829 καὶ
3468 3776 3749 3847 διεφθορὸς
3785 3779 3967 3830 αὐτῶν
4006 3781 4042 3849 ἠ

2464 3867 2624 3934 φύσις
2654 3867 2944 3934 ᾠκείωται.
2972 3866 3081 3916 Καὶ
3107 3866 3135 3916 ὁ
3166 3868 3233 3934 τῇ
3264 3867 3403 3934 νόσῳ
3432 3867 3605 3936 ταύτῃ
3636 3868 4043 3937 κρατούμενος,

2462 3962 2527 4028 τῇ
2563 3959 2659 4025 μὲν
2684 3956 2953 4025 εὐημερὶα
2982 3956 3091 4005 τῶν
3126 3956 3314 4023 φίλων,
3344 3952 3455 4010 οἷόν
3482 3976 3629 4019 τινος
3661 3958 3838 4027 μύρου
3872 3976 4048 4029 προσο

2464 4051 2591 4117 ϐολῇ
2653 4052 3098 4117 καταφθείρεται.
3165 4050 3225 4102 Et
3284 4050 3339 4102 δέ
3396 4066 3453 4100 τι
3500 4049 3675 4111 πάθος
3720 4052 3782 4101 ὲκ
3818 4066 4045 4117 συμφοο

2468 4141 2573 4208 ρῶν
2615 4141 2658 4169 ²⁰
2691 4140 2807 4201 ἴδοι,
2849 4142 2982 4206 πρὸς
3016 4140 3170 4192 τοῦτο
3202 4141 3551 4199 καθίπταται,
3595 4142 3688 4191 καὶ
3710 4141 3769 4190 τὸ
3800 4141 4048 4206 ἄγκαλον

2466 4235 2658 4298 ἐπα-,ιιι
2692 4233 2886 4300 στόμα,
2934 4233 3003 4285 τὰ
3057 4234 3417 4302 κεκρυμμένα
3448 4232 3684 4296 ἐξέλκων
3713 4233 3806 4285 τοῦ
3838 4234 4044 4284 δυστυ-

2466 4326 2727 4394 χήματος.

2537 4419 2823 4483 Φίλωνος.
2880 4448 2940 4456 --
2991 4417 3073 4469 Τὰ
3104 4416 3264 4479 καλὰ,
3298 4415 3399 4468 κᾶν
3432 4415 3612 4483 φθόνῳ
3666 4416 3803 4483 πρὸς
3856 4416 4050 4481 ὀλίγον

789 4516 935 4571 vidia
967 4518 1031 4570 ad
1060 4519 1229 4572 breve
1265 4528 1480 4586 tempus
1509 4520 1805 4572 obscurata
1838 4521 2067 4580 fuerint,
2090 4536 2189 4588 per
2210 4534 2366 4572 occa-
2400 4531 2441 4583 ῃ

2400 4531 2441 4583 n
2470 4509 2799 4576 ἑπισκιασθῇ
2837 4510 3043 4579 χροιιον,
3076 4508 3167 4559 ἐπὶ
3214 4506 3393 4576 καιρῷ
3426 4506 3678 4567 λυθέντα,
3710 4506 3863 4567 αὖθις
3904 4508 4049 4560 ἁνα-

791 4609 1004 4661 sionem
1042 4623 1106 4661 ac
1140 4618 1451 4677 opportune
1484 4610 1686 4671 soluta,
1727 4624 1919 4661 rursus
1956 4609 2363 4685 splendescunt.

863 4698 1156 4753 Plutarchi.
1201 4728 1270 4737 —
1318 4698 1398 4752 Ad
1457 4699 1629 4753 solem
1687 4699 2125 4761 ambulantibus,
2174 4699 2368 4751 umbra

791 4790 1109 4844 necessario
1135 4804 1320 4843 eomes
1345 4797 1459 4853 est;
1495 4790 1673 4859 iisque
1701 4790 1794 4857 qui
1829 4790 2134 4844 honoribus
2165 4806 2229 4844 ac
2260 4790 2373 4842 vita

792 4881 928 4934 clari
959 4882 1256 4945 habentur,
1283 4881 1525 4951 proclive
1562 4881 1768 4934 invidia
1799 4882 1984 4934 lueret.

861 4999 934 5008 —
953 4970 1237 5023 Claritatis
1261 4970 1451 5034 decor,
1475 4971 1625 5024 velut
1652 4970 1845 5023 morbo
1874 4968 2135 5039 quodam,
2167 4968 2374 5022 invidia

798 5061 908 5115 cito
938 5062 1335 5129 corrumpitur.

2474 4616 2695 4665 Ααμπει.

2544 4696 2653 4742 Illi,
2676 4692 2950 4759 ιστιὶρχου.
2986 4720 3054 4728 --
3086 4691 3212 4750 Τοῖς
3242 4690 3342 4757 μὲν
3380 4688 3470 4739 διὰ
3506 4690 3601 4739 τοῦ
3627 4689 3777 4753 ἡλίου
3811 4705 4050 4756 ποςιευοο

2475 4782 2652 4848 μένοις
2685 4782 2876 4833 ἕπεται
2915 4778 3032 4831 κατ’
3064 4779 3310 4847 ἀνάγκην
3342 4779 3465 4829 σκιά
3495 4794 3508 4807 '
3568 4780 3679 4839 τοῖς
3725 4778 3780 4828 δὲ
3827 4777 3914 4828 διὰ
3944 4779 4051 4845 τῆς

2471 4873 2627 4939 acea;
2663 4872 2967 4940 βαδίζουσιν
2993 4870 3274 4921 ἀκολουθεί
3302 4870 3514 4937 φθόνος.

2542 4964 2615 5013 Τὸ
2642 4966 2737 5029 τῆς
2769 4961 2925 5030 δὸξης
2965 4962 3156 5021 κάλλος
3202 4959 3391 5029 ὥσπερ
3448 4958 3553 5011 ὑπὸ
3586 4958 3743 5010 νόσου
3777 4956 3871 5009 τοῦ
3909 4958 4052 5022 $06-

2475 5072 2569 5108 νον
2610 5056 2745 5122 ταχῦ
2776 5054 3225 5121 καταφθεέρεται.

2068 5196 2304 5249 VARI}.
2347 5192 2755 5249 LECTIONISS.

868 5291 912 5322 ¹⁹
942 5291 1000 5343 Β.
1029 5288 1241 5358 φθόνος.
1320 5290 1363 5320 ²⁰
1386 5288 1444 5341 Β.
1471 5290 1775 5361 συμφορᾶς.

2304 5376 2539 5431 ΝΟΤΑΞ.

876 5501 1219 5565 (ἱ)”1ζπεται
1290 5496 1365 5561 τῷ
1403 5498 1600 5566 ἀγαθῷ
1628 5500 1662 5564 ἡ
1693 5498 1969 5565 ἀφθονία.
2025 5498 2197 5551 Nimis
2232 5498 2371 5549 forte

808 5571 1095 5636 restringit
1131 5569 1265 5622 llud.
1303 5584 1420 5620 eum
1455 5585 1662 5627 vorem,
1707 5569 1835 5620 dum
1877 5568 2077 5630 reddit,
2126 5566 2371 5636 Ᾱῧιμιίιηδ

812 5642 979 5693 animi
1004 5658 1187 5691 carens
1211 5640 1354 5691 omni
1381 5640 1596 5691 im'idiu.
1659 5638 1835 5691 Malim
1892 5638 1951 5689 τὸ
2007 5638 2228 5703 ἀγαθὸν.
2286 5636 2373 5689 hic

814 5711 1037 5767 llasilio,
1076 5711 1250 5777 ipsum
1278 5712 1444 5762 Deum
1472 5724 1613 5769 esse,
1653 5718 1707 5760 et
1738 5709 1939 5775 opponi
1972 5708 2368 5774 diaholo.quml

819 5782 961 5835 Deus
986 5795 1112 5835 vere
1139 5780 1364 5847 ἄφθονος
1400 5780 1489 5837 sit,
1520 5779 1633 5848 ipsa
1670 5779 1796 5832 boni
1842 5778 2073 5841 ratione,
2131 5777 2373 5831 liberalis

2481 5497 2563 5547 sui
2630 5493 2921 5548 diil'usione
2977 5491 3166 5543 etsine
3227 5489 3450 5560 invidia.
3501 5485 3773 5560 Alliaholus
3830 5499 4059 5560 semper

2481 5562 2761 5634 φθονερὸς.
2831 5562 3067 5629 malilue
3127 5568 3319 5612 auctor
3366 5557 3683 5611 hominibus
3756 5557 4059 5634 exsistens.

2480 5625 2634 5699 Quod
2653 5625 2847 5686 'reddit
2871 5625 3034 5684 licsii.
3063 5640 3121 5683 ut
3146 5631 3226 5680 vir
3249 5631 3368 5680 viro
3396 5635 3728 5699 opponatur,
3770 5625 3950 5676 bonus
3990 5637 4063 5676 ac

2482 5697 2686 5772 probus
2726 5700 3131 5765 ealumuiatori,
3163 5700 3296 5752 nihil
3332 5697 3600 5766 approbo.
