4246 6438
214 417 311 481 961

1523 404 1690 466 LOCI
1729 405 2169 467 COMMUNES.

3360 406 3466 469 962

292 525 674 594 Ἀνάχαρσις,
699 549 770 561 -
811 519 1136 590 Ἀνάχαρσις
1161 519 1190 570 ό
1222 515 1437 585 Σκύθης
1465 515 1786 586 ἐρωτηθεὶς,
1819 522 1862 576 Α
1961 554 1969 568 ι

1819 522 1862 576 Α
1961 515 2303 568 Anacharsis.
2339 543 2410 556 —
2438 515 2774 569 Anacharsis
2815 514 3015 586 Scytha
3040 522 3286 584 rogatus,
3333 516 3466 585 quid

211 618 306 670 Διά
337 616 458 668 τίνα
507 612 686 666 αἰτίαν
711 611 992 679 ἄνθρωποι
1028 607 1322 661 λυποῦνται
1356 607 1589 660 πάντοτε
1614 622 1628 668 ;
1658 607 1781 673 ἔφη,

214 711 332 758 Ὅτι
353 706 418 757 οὑ
453 705 616 774 μόνον
647 702 847 764 αὐτοὺς
875 702 945 754 τὰ
975 701 1082 754 ἴδια
1120 699 1268 752 κακά
1305 697 1485 761 λυπεῖ,
1528 695 1664 748 ἀλλὰ
1691 697 1787 749 καὶ

210 798 276 851 τὰ
303 796 564 866 ἀλλότρια
591 793 796 862 ἀγαθά.

292 890 591 956 Ἀριστοτ.
639 915 712 928 —-
751 883 973 949 Φθόνος,
1004 883 1194 954 φησὶν,
1232 881 1642 952 ἀνταγωνιστής
1673 881 1788 933 ἐστι

208 979 316 1032 τῶν
347 979 708 1048 εὐτυχόντων.

277 1071 598 1140 Δημοκρίτ.
634 1100 706 1109 -—
754 1069 820 1122 Ἦ
848 1068 958 1122 τῶν
1005 1067 1226 1136 ἀγαθῶν
1277 1068 1394 1138 ἔρις
1447 1065 1652 1120 ὠφελεῖ
1699 1065 1788 1118 τὸν

212 1163 500 1235 ζηλοῦντα,
547 1162 620 1234 μὴ
656 1162 969 1232 βλάπτουσα
997 1159 1090 1213 τὸν
1114 1158 1277 1230 ζηλού
1287 1176 1468 1228 μενον.

277 1256 394 1308 Οὐκ
437 1255 506 1308 ἂν
539 1254 780 1308 ἐκώλυον
809 1254 860 1306 οἱ
889 1254 1044 1323 νόμοι
1086 1251 1187 1322 ζῇν
1235 1251 1468 1304 ἕκαστον
1502 1251 1622 1304 κατ’
1655 1249 1790 1302 ἰδίαν

210 1346 485 1411 ἐξουσίαν,
545 1346 593 1396 εί
644 1345 719 1414 μὴ
754 1344 943 1414 ἕτερος
993 1343 1181 1412 ἓτερον
1226 1343 1565 1412 ἐλυμαίνετο.
1592 1342 1790 1404 ⁴ιιθὸνος

210 1440 314 1509 γὰρ
345 1439 566 1500 στάσιος
595 1438 769 1507 ἀρχὴν
790 1436 1190 1505 ἀπεργάζεται.

290 1527 351 1580 '0
381 1527 545 1590 αὐτὸς
597 1525 688 1578 τὸν
735 1524 930 1594 φθόνον
966 1522 1122 1578 εἷπεν
1161 1523 1318 1586 ἕλκος
1361 1520 1503 1577 εἶναι
1531 1525 1631 1595 τῆς
1658 1523 1790 1594 ἀλη-

213 1618 382 1680 θείας.

283 1709 656 1778 Κλειτάρχου
687 1708 755 1762 ’⁸.
797 1736 869 1746 —-
898 1706 1109 1777 Ὠσπερ
1139 1705 1243 1758 ὑπὸ
1265 1704 1360 1756 τοῦ
1395 1705 1474 1758 ἰοῦ
1509 1706 1602 1757 τὸν
1639 1704 1790 1774 σίδη-

221 1817 331 1868 ρον,
360 1798 508 1852 οὕτω
533 1799 661 1861 τοὺς
687 1795 981 1866 φθονεροὺς
1014 1795 1120 1848 ὑπὸ
1147 1794 1244 1847 τοῦ
1296 1796 1428 1848 ἰδίου
1468 1796 1629 1864 meo;
1662 1811 1786 1847 κατα

214 1889 521 1942 εσθίεσθαι.

278 1981 620 2050 Σωκράτης.
665 2011 738 2020 -
793 1981 992 2033 Πολλοὶ
1044 1978 1308 2041 θανόντας
1360 1978 1652 2048 ἀμείϐουσι
1681 1978 1794 2040 τοῖς

210 2075 429 2141 τάφοις,
467 2071 562 2136 οὒς
590 2073 670 2144 τῷ
692 2072 873 2144 φθόνῳ
900 2071 1167 2143 πρότερον
1198 2071 1437 2142 ἤλγυναν
1467 2070 1697 2134 ζῶντας.

293 2251 354 2304 '0
386 2253 548 2315 αὐτὸς
591 2253 684 2305 τὸν
711 2251 906 2322 φθόνον
944 2252 1044 2322 ἔφη
1073 2251 1176 2321 τῆς
1201 2249 1379 2321 ψυχῆς
1403 2246 1543 2303 εἶναι
1575 2251 1794 2318 πρίονα.

302 2342 558 2395 Λευκὶπ.
603 2371 676 2381 --
741 2341 1055 2409 Ζηλοτυπία
1093 2340 1202 2409 γάρ
1271 2339 1415 2406 ἅπαξ
1479 2339 1799 2410 ἐμπεσοῦσα

215 2433 386 2502 ψυχῇ,
414 2432 804 2486 δυσέκλειπτον
833 2432 970 2485 ἐστί.

289 2525 621 2577 Κλεόϐουλ.
651 2553 726 2563 -
783 2525 1119 2587 Κλεόϐουλος
1151 2525 1180 2577 ὀ
1231 2524 1464 2587 Λίνδιος,
1501 2521 1801 2594 ἐρωτηθεὶς

219 2615 324 2668 ὑπό
355 2631 527 2681 τινος,
565 2615 701 2669 Τίνα
755 2616 838 2668 δεῖ
895 2616 1130 2686 μάλιστα
1178 2615 1592 2684 φυλάττεσθαι,
1625 2609 1798 2677 εἶπεν,

217 2705 338 2756 Τὼν
376 2705 481 2774 μὲν
532 2704 702 2772 φίλων
753 2704 846 2758 τὸν
916 2705 1146 2774 φθόνον,
1193 2704 1305 2758 τῶν
1349 2705 1406 2758 δὲ
1456 2702 1668 2774 ἐχθρῶν
1701 2703 1802 2772 τὴν

221 2795 542 2867 ἐπιϐουλήν.

291 2886 544 2952 Βίωνος.
571 2918 644 2928 —
681 2888 824 2941 Βίων
851 2890 880 2941 ό
915 2888 1200 2959 σοφιστὴς,
1237 2886 1361 2942 ἰδών
1387 2903 1511 2941 τινα
1542 2884 1804 2956 φθονερὸν

222 2977 431 3047 σφόδρα
464 2978 761 3046 κεκυφότα,
799 2975 975 3042 εἴπεν,
1008 2980 1080 3032 Ἢ
1101 2980 1278 3049 τούτῳ
1312 2979 1454 3048 μέγα
1476 2977 1645 3031 κακὸν
1675 2993 1806 3045 συμ-

221 3069 481 3138 ϐέϐηκεν,
521 3069 554 3138 ἢ
588 3069 736 3140 ἄλλῳ
769 3071 912 3141 μέγα
943 3070 1171 3138 ἀγαθόν.

851 3265 1195 3335 Ἀγάθωνος.

366 3360 492 3412 Οὐκ
503 3354 594 3428 -ἦν
621 3357 699 3410 ἂν
733 3357 1141 3428 ᾀνθρώποισιν
1167 3358 1238 3410 ἐν
1263 3357 1383 3421 ,βίῳ
1414 3360 1658 3426 φθόνος,

359 3430 433 3481 Ει
463 3426 690 3492 πάντες
724 3426 878 3495 ἦμεν
905 3426 974 3490 ἐξ
1002 3428 1143 3481 ισου
1177 3430 1536 3496 πεφυκότες.

295 3520 634 3589 Θεόφραστ.
672 3549 743 3559 -—
789 3518 1138 3589 Θεόφραστος
1202 3515 1360 3584 εἷπε,
1406 3523 1534 3584 τοὺς
1599 3521 1805 3593 μοχθη-

227 3616 357 3685 ροὺς
387 3615 498 3668 τῶν
533 3613 858 3684 ἀνθρώπων,
913 3615 1013 3684 οὐχ
1058 3613 1232 3676 οὕτως
1273 3615 1500 3684 ἥδεσθαι
1553 3615 1648 3668 ἐπὶ
1691 3618 1806 3678 τοῖς

227 3703 381 3765 ἰδίοις
401 3702 650 3769 ἀγαθοῖς,
680 3703 756 3766 ὼς
794 3703 886 3754 ἐπὶ
918 3705 1034 3766 τοῖς
1063 3701 1369 3771 ἀλλοτρίοις
1395 3707 1611 3766 κακοῖς.

291 3793 662 3848 Πλάτων.-
695 3793 923 3861 ’Δγαθδς
949 3791 1051 3864 ἦν·
1111 3795 1302 3863 ἀγαθῷ
1351 3795 1410 3848 δὲ
1459 3794 1632 3858 οὐδεὶς
1679 3799 1808 3867 περὶ

225 3885 443 3947 οὐδενὸς
473 3885 729 3939 οὐδέποτε
755 3886 970 3954 γίνεται
999 3886 1216 3955 φθόνος.

310 3975 694 4044 ’Δριστονύμ.
715 4006 788 4015 -
823 3976 882 4029 '0
917 3975 1130 4044 φθόνος,
1174 3975 1366 4047 ὥσπερ
1395 3976 1597 4043 φαῦλος
1629 3977 1806 4047 δημα·

226 4068 434 4136 γωγὸς,
475 4071 596 4132 ταῖς
629 4069 822 4132 καλαῖς
853 4068 1322 4122 ἀντιπολιτεύεται
1357 4070 1644 4139 πράξεσιν.

297 4159 678 4214 Θουκιὸἰδου.
708 4190 778 4200 -
803 4159 1000 4224 Φθόνος
1028 4164 1142 4223 τοῖς
1171 4161 1304 4224 ζῶσι
1334 4156 1470 4230 πρός
1498 4161 1559 4214 τὸ
1590 4160 1809 4214 ἀντίπα-

228 4251 350 4302 λον·
383 4251 445 4303 τὸ
477 4251 536 4305 δὲ
567 4249 642 4321 μὴ
670 4251 945 4321 ἐμποδὼν,
968 4253 1430 4322 ἀνανταγωνίστῳ
1461 4252 1644 4324 εὐνοίᾳ
1666 4252 1808 4306 τετί-

235 4359 430 4414 μηται.

325 4433 655 4502 Ἀναξιμέν.
707 4462 778 4472 -
803 4433 960 4486 Ὅσοι
994 4434 1102 4506 γὰρ
1140 4433 1208 4485 τὰ
1241 4434 1422 4497 καλῶς
1479 4434 1714 4504 ρηθέντα
1768 4435 1801 4503 ἢ

1893 621 2072 659 causae
2094 614 2242 660 esset
2269 620 2370 660 cur
2406 607 2664 661 homines
2704 621 2926 675 semper
2966 606 3191 660 doleant
3226 623 3238 658 :
3283 603 3467 672 Quod,

1896 696 2098 764 inquit,
2128 711 2239 750 non
2271 697 2448 751 solum
2477 713 2574 752 sua
2604 697 2747 752 mala
2785 696 3031 763 doleant,
3069 695 3168 752 sed
3195 705 3254 752 et
3290 696 3470 752 aliena

1897 787 2059 842 bona.

1969 881 2239 934 Aristotet.
2268 910 2338 920 -—
2369 879 2582 935 Invidia
2613 880 2832 934 illorum
2863 877 3217 934 adversarius
3244 887 3350 946 est,
3378 883 3473 951 qui

1881 973 2066 1027 [rebus
2091 972 2356 1028 secundis
2385 979 2640 1026 utuntur.

1969 1059 2246 1113 Bonorum
2278 1060 2564 1113 contentio
2594 1059 2750 1129 juvat
2775 1060 3148 1125 azmulantem,
3175 1074 3280 1114 nec
3305 1059 3356 1114 ei
3386 1059 3475 1114 cui

1895 1150 2196 1213 temuleris,
2222 1149 2432 1218 aliquid
2461 1159 2643 1205 nocet.

1969 1241 2250 1294 Democrit.
2280 1269 2351 1278 —
2389 1240 2681 1309 Nunquam
2717 1242 2867 1310 leges
2907 1254 3009 1294 suo
3044 1255 3320 1311 quemque
3352 1242 3477 1310 jure

1897 1349 1960 1387 ac
2010 1332 2284 1386 arbitratu
2332 1333 2522 1386 vivere
2567 1341 2848 1394 vetarent.
2896 1333 3005 1387 nisi
3049 1333 3192 1386 alter
3240 1333 3478 1387 alterum

1898 1425 2126 1480 laederet
2161 1443 2174 1477 :
2214 1424 2420 1479 invidia
2456 1424 2635 1490 enim,
2670 1424 2966 1479 seditionis
2997 1425 3154 1494 origo
3185 1432 3288 1478 est.

1971 1516 2144 1582 Idem,
2181 1515 2446 1570 invidiam
2483 1515 2646 1570 ulcus
2675 1528 2796 1570 esse
2824 1515 3076 1570 veritatis
3103 1515 3327 1569 dicebat
3351 1532 3372 1565 -.

1969 1694 2242 1749 Clitore/ti.
2269 1723 2339 1734 —
2363 1693 2435 1748 Ut
2461 1693 2741 1763 ferrugine
2765 1691 2996 1758 ferrum,
3023 1693 3104 1746 sic
3135 1690 3353 1746 invidos
3381 1707 3480 1746 sua

1902 1787 2051 1857 ipsos
2078 1787 2262 1841 indole
2287 1785 2565 1840 consumi.

1968 1959 2234 2014 Socrates.
2276 1989 2347 2000 -—
2387 1957 2543 2013 Multi
2591 1957 2749 2028 quasi
2795 1958 2936 2029 grati
2985 1959 3156 2013 animi
3205 1959 3480 2030 signiﬁca-

1899 2053 2071 2118 tione,
2105 2051 2380 2107 defunctis
2413 2061 2770 2106 monumenta
2803 2061 3037 2120 ponunt,
3067 2068 3208 2122 quos
3240 2053 3395 2123 prius
3427 2056 3483 2108 in

1898 2145 2042 2199 vivis
2067 2155 2293 2214 agentes
2319 2157 2558 2198 maerore
2591 2144 2968 2198 confecerant.

1969 2233 2118 2288 Idem
2148 2233 2330 2288 aiebat
2357 2232 2621 2286 invidiam
2654 2234 2820 2287 animi
2870 2250 2992 2290 esse
3020 2251 3255 2290 serram.

1967 2325 2265 2395 Leucippis.
2287 2354 2359 2364 —
2382 2323 2679 2378 Emulatio
2707 2325 2855 2379 enim
2887 2340 3015 2380 cum
3041 2326 3288 2382 animum
3313 2327 3485 2382 semel

1903 2417 2187 2479 invaserit,
2211 2433 2354 2484 :egre
2385 2425 2570 2486 potest
2599 2417 2831 2472 aboleri.

1971 2509 2269 2562 Cleobulus.
2297 2540 2366 2548 —
2387 2508 2687 2564 Cleobulus
2715 2508 2969 2574 Lindius,
2994 2524 3121 2564 cum
3151 2525 3219 2565 ex
3241 2526 3308 2566 eo
3335 2527 3489 2582 qua-

1903 2607 2118 2652 reretur
2154 2615 2167 2651 :
2200 2597 2366 2668 659
2395 2599 2526 2663 Quae
2558 2599 2796 2652 maxime
2819 2596 3044 2652 vitanda
3073 2606 3320 2668 putaret;
3341 2597 3490 2655 Ami-

1903 2705 2114 2754 corum,
2138 2691 2338 2760 inquit,
2360 2690 2646 2755 invidiam,
2670 2699 2728 2744 et
2749 2689 3103 2744 inimicorum
3128 2689 3378 2747 insidias.

1974 2889 2178 2943 Bionis.
2205 2919 2274 2929 —
2312 2889 2446 2943 Bion
2487 2889 2766 2958 s0phista,
2798 2905 2924 2944 cum
2959 2890 3200 2960 aliquem
3235 2891 3484 2950 invidum

1905 2982 2050 3035 tristi
2080 2980 2240 3035 valde
2275 2995 2338 3035 ac
2367 2981 2608 3035 demisso
2641 2982 2798 3035 vultu
2836 2981 3184 3037 incedentem
3215 2983 3482 3040 vidisset:

1905 3074 2036 3136 Aut,
2059 3072 2262 3141 inquit,
2287 3073 2419 3127 huic
2450 3072 2644 3141 ingens
2677 3073 2880 3127 malum
2917 3071 3132 3137 accidit,
3198 3083 3292 3130 aut
3321 3077 3484 3132 alteri

1907 3164 2100 3235 ingens
2133 3165 2361 3216 bonum.

2539 3275 2846 3343 Agathonis.

1904 3364 2096 3418 Nullus
2131 3364 2182 3416 in
2217 3365 2324 3416 vita
2359 3363 2490 3416 livor
2523 3371 2653 3416 esset
2689 3363 3025 3428 mortalibus,

1905 3433 2062 3488 Nobis
2091 3435 2166 3486 ita
2198 3436 2542 3503 comparatis,
2569 3443 2625 3486 at
2659 3449 2837 3486 omnes
2868 3434 3099 3503 wquales
3131 3445 3379 3490 essemus.

1981 3525 2318 3596 Tthplirast.
2337 3553 2406 3566 -
2429 3525 2796 3594 Theophrasti
2825 3528 3103 3582 sententia
3129 3538 3247 3583 erat
3273 3547 3287 3583 :
3315 3531 3487 3588 Malos

1909 3620 2160 3673 homines
2210 3634 2273 3673 ac
2320 3633 2592 3680 morosos,
2634 3626 2742 3672 non
2790 3627 2900 3672 tam
2945 3619 3061 3674 suis
3107 3620 3287 3687 bonis,
3322 3639 3487 3694 quam

1868 3725 1871 3727 ‘
1908 3711 2105 3765 alienis
2137 3711 2298 3766 malis
2328 3709 2614 3764 delectari.

1981 3801 2155 3854 Plato.
2189 3831 2257 3839 —
2290 3800 2475 3853 Bonus
2513 3809 2635 3854 erat
2668 3817 2682 3852 :
2722 3800 2774 3854 ei
2818 3807 3000 3854 autem
3039 3801 3134 3870 qui
3174 3801 3354 3860 bonus
3391 3805 3485 3872 sit,

1908 3891 2058 3944 nulla
2095 3905 2159 3943 cx
2199 3905 2364 3944 causa
2402 3889 2546 3943 ullus
2575 3888 2859 3944 suboritur
2887 3889 3048 3945 livor.

1978 3982 2324 4050 Aristonymi.
2353 4011 2422 4019 —
2452 3979 2682 4042 invidia,
2713 3980 2858 4034 sicut
2882 3981 3064 4037 malus
3093 3992 3282 4038 orator
3307 4000 3488 4056 popu-

1907 4069 2060 4138 lique
2089 4070 2308 4133 ductor,
2337 4069 2584 4123 honestis
2617 4069 2832 4124 actibus
2861 4069 3204 4125 adversatur.

1980 4159 2292 4228 Tlieurydid.
2317 4189 2388 4198 —
2424 4159 2692 4213 Invidiam
2732 4159 2994 4214 mortales
3029 4171 3308 4226 exercent,
3339 4163 3394 4217 in
3431 4162 3490 4219 id

1909 4251 2059 4320 quod
2103 4251 2426 4306 adversatur
2474 4269 2487 4304 :
2530 4251 2679 4320 quod
2717 4267 2848 4306 vero
2885 4252 3022 4306 nulli
3061 4254 3346 4310 obstaculo
3381 4269 3489 4326 est,

1910 4343 2044 4396 nihil
2083 4342 2252 4396 invita
2290 4342 2676 4397 benevolentia
2707 4342 2913 4398 colunt.

1980 4434 2298 4486 Auaximen.
2331 4462 2399 4472 -—-
2437 4433 2540 4498 Qui
2588 4449 2687 4500 per
2731 4433 2994 4487 invidiam
3035 4449 3156 4503 qua:
3199 4437 3303 4490 rile
3344 4437 3490 4493 dicta

229 4526 552 4601 πραχθέντα
577 4526 664 4580 διὰ
694 4528 888 4596 φθόνον
917 4527 1019 4580 οὐκ
1056 4527 1363 4590 ἐπαινοῦσι,
1402 4526 1517 4590 πῶς
1565 4522 1710 4580 οὗτοι
1741 4527 1806 4580 ἂν
1839 4555 1882 4610 D

1839 4555 1882 4610 Ι)
1912 4535 2008 4580 aut
2037 4534 2188 4595 gesta
2223 4526 2335 4578 sint
2366 4540 2474 4578 non
2509 4525 2765 4591 laudant;
2800 4525 2890 4590 hi,
2921 4540 3035 4596 quo
3070 4526 3290 4581 tandem
3327 4530 3489 4585 modo

229 4621 345 4681 τοῖς
373 4617 559 4689 ἔργοις
583 4617 924 4687 ὠφελήσειαν
946 4634 960 4683 ;

303 4709 601 4774 Κάτωνος.
632 4739 703 4749 -
727 4711 969 4763 ’Ἦκιστα
1029 4709 1344 4780 φθονεῖσθαι
1399 4711 1550 4781 ἔλεγε
1581 4713 1706 4776 τοὺς
1738 4715 1804 4783 τῇ

230 4801 376 4874 τύχῃ
425 4801 744 4871 χρωμένους
794 4801 1054 4865 ἐπιεικῶς
1093 4802 1187 4854 κοιλ¹
1251 4801 1504 4871 μετρίως.
1563 4803 1638 4856 Οὐ
1693 4804 1803 4872 γὰρ

233 4894 388 4959 ἡμῖν,
421 4890 560 4943 ἀλλὰ
593 4892 707 4954 τοῖς
740 4892 868 4960 περὶ
905 4893 1052 4960 ἡμᾶς
1081 4890 1391 4958 φθονοῦσιν.

319 5067 675 5136 Ἀνωνύμου.
707 5097 780 5106 --
832 5067 1024 5120 υὺδενὶ
1078 5067 1408 5137 φθονητέοκν
1464 5069 1660 5138 ἀγαθοὶ
1710 5070 1808 5139 μὲν

234 5159 346 5228 γὰρ
385 5159 558 5224 ἄξιοι·
600 5161 760 5213 κακοὶ⁵
797 5160 841 5212 δ’
880 5160 948 5214 ἂν
976 5160 1299 5229 εὐτυχῶσιν,
1332 5162 1517 5224 κακῶς
1549 5161 1733 5225 ζῶσιν.

309 5333 685 5404 Θεμιστοκλῆς
743 5335 1025 5405 μειράκιον
1057 5333 1155 5399 ὢν,
1199 5332 1352 5386 οὐδὲν
1399 5332 1501 5403 ἔφη
1547 5334 1809 5404 πράττειν

234 5421 527 5492 λαμπρόν·
559 5423 713 5476 οὔπω
748 5424 856 5493 γὰρ
905 5423 1242 5491 φθονεῖσθαι.
1285 5422 1550 5494 Καθάπερ
1599 5425 1706 5494 γὰρ
1749 5425 1807 5476 αἱ

235 5515 560 5586 γανθαρίδες
593 5515 890 5586 ἐμφύονται
934 5515 1172 5585 μάλιστα
1207 5513 1288 5584 τῷ
1317 5514 1622 5584 ἀκμάζοντι
1652 5515 1805 5586 σίτῳ,

236 5607 334 5658 καὶ
362 5608 476 5671 τοῖς
527 5607 782 5662 εὐθαλέσι
828 5606 1033 5676 ῥόδοις·
1094 5601 1238 5656 οὕτω
1271 5606 1298 5657 ὀ
1344 5603 1537 5674 φθόνος
1574 5605 1806 5660 ἅπτεται

1915 4618 2032 4688 ipsa
2065 4632 2122 4670 re
2147 4617 2422 4686 juverint?

1985 4707 2222 4762 Catonis.
2247 4738 2318 4747 —
2349 4708 2506 4762 Haud
2538 4722 2669 4763 sane
2705 4706 2923 4761 invidiae
2953 4708 3220 4763 obnoxios
3253 4724 3374 4764 esse
3404 4708 3488 4766 di—

1915 4799 2096 4862 cebat,
2121 4798 2215 4868 qui
2249 4799 2498 4853 modeste
2535 4814 2601 4854 ac
2640 4808 2944 4867 temperate
2979 4801 3202 4853 fortuna
3241 4808 3490 4856 utantur.

1915 4889 2037 4943 Non
2067 4890 2215 4943 enim
2246 4904 2350 4943 nos
2383 4889 2645 4943 invidiam
2683 4897 2894 4958 petere,
2924 4889 3022 4944 sed
3058 4904 3148 4944 res
3179 4898 3396 4947 nostras
3427 4908 3491 4947 ac

1916 4994 2039 5049 quae
2073 4979 2219 5033 circa
2253 4994 2356 5032 nos
2387 4979 2675 5032 exsistant.

1985 5071 2200 5125 Incerti.
2239 5099 2310 5110 —
2351 5071 2523 5124 Nemo
2573 5071 2992 5140 prosequendos
3039 5070 3240 5126 invidia
3291 5088 3304 5124 :
3358 5071 3490 5126 boni

1916 5159 2085 5223 enim,
2114 5160 2262 5229 digni
2299 5170 2428 5213 sunt
2457 5161 2551 5228 qui
2585 5160 2753 5214 rebus
2780 5161 3036 5215 secundis
3065 5170 3290 5215 utantur
3319 5176 3333 5214 ε
3364 5163 3494 5218 mali

1917 5251 1961 5305 si
1996 5259 2246 5312 utuntur,
2272 5249 2412 5304 male
2436 5251 2649 5303 vivunt.

1989 5338 2389 5393 Themistocles
2432 5338 2613 5392 adhuc
2657 5337 3058 5395 adolescentior
3089 5372 3105 5398 ,
3179 5337 3315 5392 nihil
3361 5337 3492 5395 dum

1913 5448 1972 5488 se
2021 5432 2369 5504 splendidum
2412 5445 2571 5500 agere
2613 5430 2858 5495 dicebat;
2905 5431 3106 5500 quippe
3147 5430 3242 5500 qui
3285 5429 3490 5486 invidia

1914 5522 2140 5576 minime
2183 5529 2486 5591 peteretur.
2521 5520 2657 5574 Nam
2702 5520 2845 5574 sicut
2885 5520 3132 5574 canthari
3182 5518 3490 5589 (scarabeer

1911 5612 2133 5682 vocant)
2186 5613 2416 5667 robusto
2466 5613 2700 5667 maxime
2753 5613 3114 5666 innascuntur
3165 5611 3383 5679 tritico,
3423 5625 3492 5669 ac

1509 5721 1738 5778 VARIAZ
1777 5722 2180 5784 LECTIONES.

308 5792 354 5824 ³³
386 5790 503 5846 ἄλλ.
549 5791 908 5862 Πλουτάρχου.
