4246 6438
191 409 284 470 965

246 516 438 580 Ὤςπερ
476 516 552 579 τῳ
602 507 847 580 στρουθῷ
900 509 1008 559 τῶν
1065 506 1278 575 πτερῶν
1335 506 1523 574 ὖφελος
1563 507 1732 561 οὐδὲν.
1769 514 1807 564 ,Α

187 605 278 656 ὑπὸ
307 603 398 670 τῆς
429 601 657 667 παγίδος
692 601 892 662 ἁλόντι,
926 599 1042 650 ἀλλ’
1077 601 1200 666 εἰκῆ
1245 600 1338 650 καὶ
1383 599 1558 666 μάτην
1607 615 1737 648 πτε-

187 696 434 765 ρύσσεται
457 709 470 721 ·
522 690 664 744 οὕτω
694 691 790 743 καὶ
835 691 920 742 σοὶ
963 691 1077 744 τῶν,
1111 688 1388 758 λογιτμῶν
1422 688 1574 739 οὐδὲν
1611 689 1735 754 ὅιρε⁹

184 786 282 845 λος,
313 784 404 833 ἐὰν
456 780 801 850 κατακράτος
846 779 950 831 ὑπὸ
997 779 1096 846 τῆς
1150 778 1392 847 πονηρᾶς
1447 776 1740 842 ἐπιθυμίας

183 872 332 939 ἁλῷς.

243 960 579 1013 Διονυσίου.
614 989 685 998 --
716 959 832 1011 Ούκ
876 957 1302 1026 ἡναγκασμένην
1350 955 1494 1024 ζωὴν
1546 956 1740 1024 ἔχομεν

180 1054 222 1102 οἱ
253 1051 547 1118 ἄνθρωποι.
600 1047 736 1099 Οὔτε
771 1048 881 1116 γὰρ
911 1047 1001 1098 διὰ
1045 1047 1146 1113 τὴν
1185 1045 1294 1096 τῶν
1327 1045 1741 1114 προνοουμένων

179 1141 624 1209 αὖτεξουσιότητα
656 1139 724 1191 τά
764 1139 884 1192 θεῖα
914 1137 1070 1206 φῶτα
1124 1139 1226 1207 τῆς
1264 1137 1628 1207 προνοητικῆς
1658 1139 1743 1188 ἐλ-

180 1234 424 1302 λάμψεως
456 1231 893 1301 ἀπαμϐλύνεται.

239 1322 516 1389 Διδύμου.
564 1351 633 1360 -
680 1321 762 1372 Τά
796 1320 898 1389 μὲν
947 1318 1177 1373 ἀκούσια
1229 1319 1601 1389 ἁμαρτήματα
1652 1320 1744 1370 καί

179 1418 333 1481 νόμος
368 1416 668 1483 συγχωρεῖ,
710 1413 807 1464 καὶ
833 1411 966 1474 Θεὸς
991 1413 1209 1482 παρορᾷ
1237 1413 1616 1483 φιλάνθρωπος
1645 1413 1739 1472 ὢν,

179 1508 266 1559 καὶ
290 1508 387 1560 οὐκ
414 1506 630 1575 ἀπηνὴς
659 1505 751 1557 καὶ
776 1503 884 1555 τῶν
911 1505 1195 1556 ἑκουσίων.

240 1687 454 1736 Φίλων.
484 1713 553 1722 —-
578 1684 690 1750 Οὐχ
719 1682 795 1744 ὡς
824 1682 886 1734 τὸ
919 1681 1183 1743 ἑκουσίως
1210 1683 1553 1752 ἁμαρτάνειν
1599 1685 1746 1735 ἐστὶν

174 1775 350 1826 ἀδικον
369 1813 384 1833 ,
423 1772 566 1825 οὓτω
589 1773 684 1823 καὶ
712 1771 986 1832 ἀκουσίως
1017 1773 1108 1822 καὶ
1132 1772 1274 1823 κατά
1297 1773 1546 1840 ἄγνοιαν,
1578 1773 1746 1835 εὐθὺς

1477 397 1634 454 [001
1681 394 2112 453 (IOHMUNES.

3306 386 3410 448 966

1913 507 1978 557 Ιῑι
2025 505 2340 572 passerculo
2384 503 2520 556 nihil
2565 501 2786 572 prodest
2823 498 2968 568 quod
3014 497 3115 551 alis
3157 497 3417 564 prmdilus

1843 605 1946 657 est,
1979 596 2024 647 si
2061 597 2256 662 laqueo
2292 595 2540 647 irretitus
2575 601 2855 655 teneatur;
2887 591 2984 644 sed
3009 590 3212 643 frustra
3237 588 3416 640 nultu-

1842 701 1952 754 que
1993 686 2286 740 commodo
2323 685 2568 738 concutit
2607 686 2748 748 alas;
2789 683 2869 738 sic
2905 691 2962 736 et
3003 682 3104 735 tibi
3142 680 3418 733 rationum

1844 776 2044 828 mentis
2096 777 2244 830 nulla
2291 777 2478 830 futura
2517 777 2744 838 utilitas,
2795 774 2840 828 si
2884 787 3048 842 prava
3119 770 3420 839 cupiditate

1850 870 2077 921 mntiino
2121 879 2315 936 captus
2349 867 2604 923 tenearis.

1913 961 2171 1031 Dionysii.
2213 992 2279 999 —
2327 960 2443 1014 Non
2488 975 2552 1014 ea
2597 968 2781 1013 nostra
2825 957 3112 1012 hominum
3157 954 3268 1008 vita
3313 962 3418 1014 est,

1843 1065 1965 1118 qute
1997 1049 2320 1102 necessitate
2350 1057 2560 1117 agatur.
2588 1047 2704 1100 Non
2736 1047 2882 1100 enim
2914 1044 3123 1098 idcirco
3145 1042 3296 1111 quod
3326 1040 3421 1110 qui

1844 1141 2192 1209 providentia
2218 1147 2500 1208 reguntur,
2518 1137 2771 1191 libertate
2793 1137 3008 1190 arbitrii
3033 1135 3244 1204 praediti
3270 1141 3420 1194 sunt,

1845 1232 2030 1285 divina
2060 1230 2268 1283 lumina
2297 1229 2624 1283 illustrantis
2650 1228 3009 1296 providentiae
3031 1227 3420 1279 obscurantur.

1913 1323 2146 1392 Didymi.
2174 1351 2239 1362 ——
2272 1322 2497 1374 Peerata
2530 1335 2637 1373 non
2670 1334 2735 1370 ex
2759 1319 3064 1378 voluntate,
3091 1325 3146 1370 et
3175 1318 3260 1368 lex
3291 1329 3424 1368 con-

1846 1415 2035 1474 donat,
2060 1421 2115 1466 et
2148 1413 2290 1465 Deus
2321 1427 2459 1480 pene
2488 1410 2742 1478 despicit,
2772 1417 2832 1462 ut
2856 1411 2948 1476 qui
2985 1409 3056 1461 sit
3087 1408 3329 1460 clemens
3358 1420 3424 1459 ac

1846 1504 2183 1566 misericors,
2210 1519 2309 1555 nec
2335 1503 2418 1555 vel
2443 1516 2635 1554 eorum
2664 1516 2784 1568 quin
2811 1498 3119 1552 voluntaria
3149 1503 3297 1560 sunt,
3325 1495 3425 1548 im-

1849 1595 1996 1647 mitis
2023 1597 2166 1648 ultor
2189 1595 2438 1647 exsistat.

1923 1686 2172 1739 Philonis.
2204 1717 2275 1726 —
2306 1685 2424 1739 Non
2460 1693 2521 1739 ut
2551 1683 2862 1738 voluntarie
2897 1696 3127 1751 peccare
3162 1680 3424 1748 iniustum

1850 1788 1954 1838 est,
1979 1779 2058 1830 sic
2089 1792 2200 1830 non
2229 1779 2541 1832 voluntarie
2575 1787 2632 1830 et
2662 1793 2761 1846 per
2793 1771 3238 1843 imprudentiam,
3263 1770 3423 1840 661

171 1863 370 1913 δίκαιον
397 1876 410 1888 ·
452 1857 590 1911 ἀλλὰ
631 1858 774 1927 τάχα
827 1876 930 1911 που
960 1859 1213 1929 μεθόριον
1266 1861 1491 1930 ἀμφοῖν,
1529 1862 1742 1914 δικαίου

1789 1835 1824 1894 Β
1853 1870 2117 1922 continuo
2152 1870 2392 1937 justum;
2434 1869 2530 1922 sed
2570 1869 2710 1922 forte
2750 1867 3036 1920 ambormn
3075 1863 3292 1916 confine
3329 1862 3429 1914 ali-

175 1956 264 2007 καὶ
310 1954 526 2017 ἀδίκου,
570 1953 629 2006 τὸ
677 1953 781 2006 ύπό
834 1972 994 2005 τινων
1048 1952 1382 2023 καλούμενον
1431 1956 1741 2024 ἀδιάφορον.

184 2045 516 2116 Ἀμάρτημα
547 2045 656 2116 γάρ
688 2045 845 2097 οὐδὲν
876 2045 1039 2116 ἔργον
1070 2045 1440 2115 δικαιοσύνης.

239 2317 611 2385 Κλήμεντος.
641 2349 710 2360 -
732 2319 980 2372 Μάλιστα
1017 2320 1237 2372 πάντων
1268 2321 1617 2388 Χριστιανοίς
1647 2323 1746 2375 οὐκ

175 2409 381 2477 ἐφίεταί
416 2410 477 2460 τὸ
506 2409 641 2480 πρὸς
668 2409 790 2479 βίαν
825 2409 1164 2480 ἐπανορθοῦν
1187 2411 1254 2463 τά
1276 2411 1383 2463 τῶν
1415 2413 1747 2482 ἁμαρτημά-

172 2511 276 2546 των
318 2496 664 2564 πταίσματα.
706 2498 780 2549 Οὐ
825 2504 932 2566 γὰρ
975 2500 1103 2562 τοὺς
1158 2500 1372 2570 ἀνάγκῃ
1414 2502 1514 2571 τῆς
1549 2505 1748 2567 κακίας

172 2586 567 2654 ἀπεχομένους,
607 2586 744 2638 ἀλλὰ
769 2588 897 2648 τοὺς
933 2588 1254 2657 προαιρέσει
1273 2594 1528 2658 στεφανοί
1547 2593 1574 2642 ὁ
1591 2593 1745 2653 Θεὸς.

239 2678 312 2728 υύ
342 2677 573 2728 δυνατόν
597 2694 718 2729 τινα
748 2677 952 2744 ἀγαθὸν
981 2674 1120 2731 εἷναι
1152 2679 1408 2746 βεϐαίως,
1435 2684 1483 2733 εἰ
1508 2682 1581 2753 μὴ
1611 2686 1751 2736 κατά

173 2771 497 2838 προαίρεσιν
526 2769 753 2821 οἰκείαν.
795 2769 852 2822 ὐ
875 2771 984 2840 γάρ
1008 2771 1097 2839 ὑφ’
1130 2772 1321 2843 ἑτέρου
1346 2775 1590 2845 ἀνάγκης
1620 2779 1746 2845 ἀγα⁴

172 2859 259 2920 ὑὸς
287 2859 598 2926 γινόμενος,
635 2859 735 2910 οὐκ
767 2859 972 2925 ἀγαθός
997 2876 1010 2888 ·
1051 2861 1134 2912 ὅτι
1181 2863 1256 2931 μὴ
1291 2862 1397 2932 ἰδίᾳ
1431 2869 1752 2935 προαιρέσει

172 2952 321 3002 ἐστὶν
359 2950 390 3001 ὃ
430 2951 599 3002 ἔστιν.
632 2951 705 3001 Τὸ
739 2952 848 3022 γὰρ
883 2953 1114 3004 ἑκάστου
1155 2954 1460 3024 ἐλεύθερον,
1502 2958 1753 3010 ἀποτελεῖ

170 3044 230 3093 τὸ
281 3044 457 3104 ὅντως
511 3041 740 3109 ἀγαθὸν,
787 3045 884 3096 καὶ
943 3044 1177 3098 δεικνύει
1233 3050 1295 3099 re
1347 3049 1514 3112 ὄντως
1563 3053 1750 3103 κακόν.

201 3135 339 3186 ιιθεν
383 3134 474 3186 διὰ
525 3134 635 3185 τῶν
688 3133 1000 3188 ὑποθέσεων
1042 3136 1245 3189 τούτων
1294 3141 1680 3210 ἐμηχανήσατο
1724 3143 1753 3192 ὁ

174 3227 302 3288 θεὸς
334 3225 653 3298 φανερῶσαι
681 3226 782 3294 τὴν
820 3227 1053 3280 ἑκάστου
1087 3229 1350 3283 διάθεσιν.

241 3419 547 3488 Χορικίου.
569 3449 643 3463 -—
673 3421 747 3474 Τὸ
799 3423 864 3475 ἑκ
915 3423 1129 3492 φύσεως
1159 3425 1342 3488 καλὸν,
1378 3426 1666 3496 ἀδόκιμον⁹
1699 3429 1758 3480 τὸ

170 3512 224 3564 δὲ
250 3514 315 3565 ἑκ
357 3513 757 3582 προαιρέσεως,
787 3516 1098 3568 ἐπαινετόν.

255 3692 811 3758 Examina—Ei
865 3692 1042 3762 βούλει
1090 3694 1381 3764 ἀταράχως
1423 3697 1518 3750 καὶ
1563 3699 1759 3769 εὐαρέ-

174 3787 321 3844 στως
365 3785 491 3856 ζῇν,
525 3783 700 3854 πειρῶ
737 3785 864 3846 τοὺς
908 3784 1291 3848 συνοικοῦντάς
1331 3804 1413 3838 σοι
1439 3789 1760 3857 σύμπαντας

172 3875 420 3942 ἀγαθοὺς
458 3877 624 3947 ἔχειν.
651 3874 834 3941 ’Ἐξεις
864 3876 922 3928 δὲ
951 3876 1211 3942 ἀγαθοὺς,
1243 3879 1292 3929 εἰ
1335 3883 1460 3942 τοὺς
1505 3879 1581 3951 μὴ
1612 3882 1758 3933 ἑκόν-

170 3985 269 4027 τας
318 3967 620 4032 παιδεύεις,
666 3968 792 4028 τοὺς
820 3966 877 4018 δὲ
918 3965 1152 4030 ἄκοντας
1186 3967 1396 4038 [ἔπειτα
1431 3972 1760 4041 κεχειρωμέ-

173 4075 299 4120 νους
328 4057 444 4128 μη]
472 4059 748 4121 ἀπολύεις.
787 4057 1165 4125 Συμφεύξεται
1190 4061 1298 4129 γάρ
1325 4063 1438 4121 τοῖς
1468 4062 1759 4129 φεύγουσιν

168 4153 202 4217 ἡ
244 4149 526 4218 μοχθηρία
562 4149 679 4218 ἅμα
713 4148 806 4201 καὶ
836 4150 868 4217 ἡ
922 4149 1169 4202 δουλεία·
1205 4154 1758 4224 συναπολειφθήσεται

168 4240 226 4292 δὲ
252 4243 375 4302 τοῖς
403 4239 761 4310 συμϐαίνουσι
802 4255 883 4290 σοι
936 4241 969 4310 ἡ
1001 4242 1306 4311 χρηστότης
1352 4245 1444 4295 καὶ
1479 4246 1511 4314 ἠ
1542 4245 1759 4298 ἐλευθε-

175 4346 293 4398 ρια.

246 4509 518 4577 Σωκρὰτ.
558 4541 628 4550 --
686 4512 746 4561 '0
789 4513 888 4582 μὲν
936 4513 1199 4573 ἑκουςίως
1243 4513 1630 4582 ταλαιπωρῶν,
1677 4514 1762 4565 ἐπ’

170 4597 363 4668 ἀγαθῇ
390 4597 565 4650 ἐλπίδι
597 4599 774 4651 πονῶν
803 4600 1151 4670 εὐφραίνεται
1181 4618 1193 4631 ’
1222 4602 1275 4652 αἱ
1317 4601 1373 4652 δὲ
1418 4601 1763 4671 ῥᾳδιουργίαι

173 4694 270 4742 καὶ
307 4691 376 4740 ὲκ
428 4687 524 4740 τοῦ
567 4691 910 4760 παραχρῆμα
950 4691 1153 4759 ἡδοναὶ,
1209 4691 1330 4741 οὕτε
1387 4691 1635 4759 σώματος
1676 4693 1761 4742 εύ-

172 4782 333 4845 εξίαν
383 4780 564 4832 ἱκαναί
593 4781 732 4831 εἰσιν
772 4782 1122 4850 ἐργάζετθαι.
1158 4780 1280 4832 οὗτε
1324 4782 1501 4850 ψυχῆς
1537 4783 1758 4851 ἐπιστή-

175 4890 292 4942 μην
318 4869 606 4937 ἀξιόλογον
637 4871 895 4939 οὐδεμίαν
929 4872 1272 4938 ἐμποιοῦτιν.

248 5053 524 5121 Θεατοῧς
554 5054 982 5122 Πυθαγορείου.
1021 5082 1089 5090 ——
1118 5053 1192 5102 Τὸ
1229 5053 1325 5119 μὲν
1357 5052 1634 5116 ἀκούσιον,
1668 5055 1767 5107 οὐκ

169 5147 311 5200 ἄνευ
337 5141 518 5214 λύπης
535 5145 629 5197 καὶ
649 5144 837 5212 φόϐου·
861 5144 922 5197 τὸ
946 5144 1001 5196 δὲ
1022 5144 1291 5203 ἑκούσιον,
1314 5143 1414 5196 οὐκ
1431 5143 1558 5198 ἄνευ
1577 5145 1769 5216 ἡδονῆς

172 5239 274 5290 καὶ
311 5234 741 5306 φιλοφροσύνης.

1853 1963 1980 2030 quid
2009 1961 2158 2030 (justi
2191 1962 2404 2015 scilicet
2428 1978 2491 2015 ac
2524 1960 2734 2030 injusti)
2759 1958 2904 2027 quod
2933 1955 3205 2015 nonnulli,
3228 1954 3426 2006 horum

1855 2053 2096 2105 medium
2144 2066 2207 2105 ac
2256 2051 2579 2106 indifferens
2617 2058 2834 2104 vocant.
2873 2049 3074 2102 Eorum
3118 2046 3265 2101 enim
3309 2059 3431 2112 qua:

1855 2154 1984 2197 sunt
2020 2153 2302 2212 peccatum
2336 2158 2398 2196 ac
2432 2157 2620 2205 error,
2654 2143 2868 2196 nullum
2897 2139 3126 2211 iustitiae
3156 2151 3296 2206 opus
3331 2136 3430 2190 ha-

1856 2237 2071 2290 beatur.

1927 2328 2231 2383 Clementis.
2256 2358 2327 2366 —
2353 2327 2493 2383 Cum
2525 2328 2721 2398 primis
2755 2325 2905 2381 haud
2932 2326 3066 2380 licet
3098 2320 3435 2377 Christianis

1856 2437 1956 2491 per
1981 2421 2091 2474 vim
2119 2421 2416 2476 emendare
2440 2461 2455 2486 ,
2486 2422 2530 2476 si
2559 2422 2691 2490 quid
2723 2426 3118 2490 peccaverunt.
3142 2416 3264 2470 Non
3282 2413 3433 2469 enim

1857 2516 1951 2584 qui
1986 2514 2317 2568 necessitate
2360 2530 2390 2568 a
2417 2515 2561 2567 malo
2590 2528 2649 2567 se
2677 2511 2980 2574 abstinent,
3007 2509 3153 2564 Deus
3177 2515 3431 2569 coronat.

1859 2605 1954 2658 sed
1980 2606 2074 2674 qui
2115 2606 2318 2659 mentis
2353 2605 2639 2674 proposito
2671 2613 2728 2658 et
2755 2603 3057 2658 voluntate.

1929 2699 2074 2751 Fieri
2115 2713 2228 2750 non
2269 2706 2451 2766 potest
2481 2707 2543 2751 ut
2566 2695 2691 2765 quis
2737 2694 2899 2749 aliter
2935 2693 3094 2747 ﬁrma
3118 2690 3435 2746 constantia

1858 2789 2038 2843 bonus
2056 2794 2126 2846 sit
2151 2830 2165 2850 ,
2201 2804 2366 2858 quam
2395 2803 2492 2842 sua
2533 2787 2649 2857 ipse
2672 2787 2980 2840 voluntate.
3027 2785 3166 2838 Nam
3195 2782 3294 2851 qui
3321 2783 3434 2836 alio

1855 2892 2088 2949 cogente
2121 2881 2297 2933 bonus
2331 2879 2602 2943 redditur,
2645 2879 2823 2932 bonus
2848 2893 2958 2931 non
2982 2887 3069 2932 est
3095 2895 3108 2941 ;
3130 2877 3278 2947 quod
3313 2891 3424 2930 non

1859 2977 2076 3042 propria
2110 2974 2394 3025 voluntate
2420 2973 2512 3036 sit,
2541 2971 2594 3025 id
2621 2971 2772 3040 quod
2801 2980 2908 3025 est.
2956 2970 3072 3036 Qua
3099 2971 3250 3023 enim
3283 2968 3440 3038 quis-

1858 3080 1966 3133 que
2002 3066 2171 3133 pollet
2198 3065 2478 3127 libertate,
2509 3064 2564 3117 id
2592 3072 2837 3133 praestat,
2867 3063 3015 3133 quod
3057 3077 3189 3116 vere
3226 3062 3436 3115 bonum

1783 3193 1825 3248 ρ
1858 3167 1964 3217 est,
2016 3157 2310 3224 proditque
2361 3157 2508 3226 quod
2566 3172 2696 3210 vere
2740 3157 2946 3211 malum
2993 3164 3098 3209 est.
3165 3155 3424 3220 Quocirca

1857 3249 2140 3316 sapienter
2187 3248 2468 3317 disposuit
2537 3249 2683 3302 Deus
2729 3257 2791 3302 ut
2823 3248 2912 3301 his
2955 3247 3298 3316 argumentis
3327 3261 3425 3316 qut

1857 3341 2090 3408 quisque
2131 3338 2316 3392 animo
2341 3339 2432 3400 sit,
2468 3349 2885 3394 monstraretur.

1931 3432 2178 3485 Choricii.
2207 3460 2276 3469 -—
2299 3430 2457 3496 Quod
2480 3447 2547 3484 ex
2579 3440 2776 3483 natura
2799 3431 3005 3484 bonum
3029 3438 3136 3493 est,
3169 3443 3281 3483 non
3305 3444 3440 3499 pro-

1859 3520 2057 3584 batur;
2103 3519 2251 3587 quod
2303 3528 2488 3573 autem
2534 3535 2602 3572 ex
2644 3520 2928 3574 voluntate
2985 3521 3272 3588 animique
3314 3533 3444 3588 pro-

1859 3605 2062 3674 posito,
2090 3605 2141 3657 id
2174 3621 2308 3658 vero
2331 3605 2560 3674 dignum
2583 3607 2747 3660 laude
2771 3608 3024 3662 habetur.

1935 3697 2180 3766 Epicteti.
2209 3725 2277 3735 —
2312 3697 2367 3750 Si
2406 3696 2490 3750 vis
2525 3698 2642 3750 sine
2677 3699 3098 3766 perturbatione
3135 3715 3199 3754 ac
3225 3697 3444 3768 placide

1859 3787 2070 3846 vivere,
2109 3786 2215 3839 hoc
2265 3786 2449 3847 stude,
2496 3796 2554 3838 ut
2588 3800 2730 3853 quos
2764 3785 3102 3840 domesticos
3135 3797 3445 3854 vernasque

1860 3875 2206 3936 adhibueris,
2245 3890 2438 3928 onmes
2476 3875 2604 3928 boni
2642 3875 2773 3928 sint.
2820 3875 2876 3928 id
2906 3884 3090 3930 autem
3126 3873 3442 3942 contigerit,

1861 3969 1904 4019 si
1939 3981 2036 4020 eos
2065 3966 2158 4034 qui
2199 3966 2402 4028 velint,
2442 3965 2702 4028 erudias;
2753 3980 2850 4020 eos
2881 3974 3067 4018 autem
3123 3965 3218 4034 qui
3263 3965 3446 4020 nolint

1861 4073 1925 4110 ac
1977 4057 2317 4110 reluctantes
2363 4057 2483 4124 (ubi
2542 4055 2744 4109 deinde
2793 4055 3130 4124 edomueris)
3173 4055 3442 4109 dimittas.

1863 4148 1980 4202 Una
2017 4148 2166 4201 enim
2207 4162 2335 4201 cum
2389 4148 2501 4202 illis
2561 4148 2907 4216 fugientibus
2962 4148 3291 4216 improbitas
3327 4149 3446 4217 ipsa

1864 4242 2298 4308 aufugietatque
2347 4242 2623 4304 servitus;
2665 4256 2883 4309 unaque
2935 4256 3060 4294 cum
3091 4241 3205 4293 illis
3235 4241 3445 4308 quibus

1795 4351 1838 4404 ι)
1868 4343 2052 4387 tecum
2091 4333 2378 4396 convenit,
2405 4333 2655 4402 probitas
2681 4343 2846 4402 atque
2896 4333 3130 4389 libertas
3177 4335 3279 4388 tibi
3325 4350 3445 4390 ma-

1871 4424 2044 4478 nebit.

1942 4515 2148 4568 Socrat.
2181 4545 2247 4554 —
2272 4514 2377 4580 Qui
2427 4526 2626 4580 sponte
2665 4514 2718 4567 in
2750 4513 3016 4567 aerumnis
3050 4523 3304 4567 versatur
3339 4529 3448 4584 qua

1871 4620 1966 4673 spe
1993 4605 2136 4658 bona
2179 4605 2429 4669 fulcitur,
2485 4604 2538 4657 in
2593 4604 3138 4658 lahoribuslaztatur.
3185 4602 3311 4657 Otia
3348 4618 3451 4657 au-

1875 4703 1983 4744 tem
2021 4701 2078 4744 et
2120 4690 2498 4746 tumultuariae
2535 4692 2851 4758 voluptates
2898 4706 2962 4742 ac
3009 4689 3294 4752 libidines,
3344 4704 3450 4744 nec

1878 4784 2080 4837 bonam
2131 4783 2385 4853 corporis
2442 4783 2825 4837 habitudinem
2887 4792 3148 4851 praestare
3195 4796 3447 4851 possunt,

1879 4891 1978 4928 nec
2011 4874 2180 4928 animi
2210 4875 2500 4929 scientiam
2543 4875 2711 4927 ullam
2743 4874 3088 4942 ingenerant,
3120 4888 3244 4942 quae
3271 4873 3450 4928 alicu-

1872 4967 1963 5035 jus
1991 4966 2159 5035 pretii
2189 4966 2469 5020 videatur.

1952 5058 2168 5127 Tlteagis
2197 5058 2535 5127 Pythagorei.
2557 5055 2794 5121 —Quod
2823 5055 3276 5118 involttntarium,
3301 5053 3447 5108 haud

1877 5146 2067 5202 dolore
2097 5157 2361 5217 metuque
2406 5155 2594 5211 caret;
2649 5147 2798 5216 quod
2828 5155 3011 5200 autem
3047 5145 3448 5210 voluntarium,

1879 5241 2218 5310 voluptatem
2247 5256 2311 5292 ac
2343 5240 2585 5293 laetitiam
2610 5241 2870 5294 comitem
2908 5239 3100 5293 habet.

1730 5347 1961 5404 NOTAE.

250 5441 334 5510 (It)
386 5440 629 5493 Ἔπειτα
693 5441 1178 5508 κεχειρωμένους.
1243 5440 1410 5494 ilzesit
1461 5442 1552 5496 hic
1619 5457 1758 5510 aqua

169 5512 352 5570 Gesn.
393 5525 496 5563 nec
523 5510 682 5564 aliter
704 5513 948 5580 expedit,
975 5528 1138 5579 quam
1184 5510 1443 5573 dicendo,
1477 5513 1528 5564 iu
1579 5513 1759 5568 Cra-co

172 5582 428 5641 additur,
457 5580 646 5651 ἔπειτα
676 5582 770 5633 καὶ
798 5583 1191 5650 χειρωμενους·
1244 5597 1346 5635 nos
1381 5585 1542 5651 paulo
1565 5599 1758 5636 emen-

170 5653 374 5706 datius
405 5666 470 5704 ex
523 5649 657 5704 Ball.
723 5649 1158 5720 κεχειρωμένους
1208 5667 1313 5704 nec
1363 5649 1560 5706 sensus
1623 5653 1764 5706 adeo

169 5723 420 5776 arduus.
456 5721 581 5775 Vult
607 5721 892 5784 nimirum,
924 5737 1066 5790 quos
1119 5721 1198 5774 sic
1237 5722 1290 5774 in
1323 5721 1586 5775 familiam
1620 5723 1762 5776 asci—

173 5792 337 5847 veris
365 5791 582 5860 sintque
617 5791 742 5846 duri
775 5807 836 5845 ac
868 5791 1172 5861 pervicacis
1218 5791 1444 5859 ingenii,
1483 5793 1574 5848 ubi
1629 5793 1764 5847 edo-

1870 5446 2098 5505 mllCI‘iS.
2145 5462 2209 5500 ac
2264 5447 2537 5517 tantisper
2590 5447 2899 5510 delinieris,
2955 5457 3088 5501 tunc
3137 5447 3354 5514 placide
3380 5463 3447 5502 ac

1867 5517 1985 5569 sine
2012 5518 2246 5584 strepitu
2271 5517 2630 5572 dimittendos
2661 5535 2801 5572 esse.
2830 5518 2908 5571 Eo
2929 5519 3076 5570 enim
3134 5530 3342 5582 spectat.
3365 5520 3446 5576 τὸ.

1870 5587 2328 5658 κεχειρωμένους.
2367 5587 2481 5641 Hoc
2508 5604 2640 5643 sane
2691 5589 3102 5658 philosophum.
3130 5597 3190 5639 ut
3236 5603 3341 5658 nec
3394 5589 3448 5642 in

1876 5654 2273 5729 ipsodiscessu
2310 5659 2583 5729 gravioris
2613 5654 2822 5729 aliquid
2859 5654 3126 5713 tumultus
3148 5670 3243 5712 aut
3267 5657 3446 5712 offen-

1876 5727 2045 5780 sionis
2077 5727 2224 5781 domi
2256 5728 2491 5782 accidat.
