4246 6438
264 393 357 459 969

861 502 1159 555 Κλήιιεντ.

861 519 971 555 mu
1037 519 1159 555 εντ.

263 599 323 653 El
337 595 546 661 ,βούλει
567 591 788 662 γνῶναι
818 519 1331 659 Θεὸνῖμπρολασὼν
1359 590 1534 659 γνῶθι
1564 591 1811 642 σαυτόν.

821 704 1232 773 Ἀντιφάνους.

263 797 325 852 Et
355 796 568 865 θνητὸς
587 797 660 863 εἴ,
687 796 995 864 βέλτιστε,
1031 796 1217 864 θνητὰ
1247 797 1346 851 καὶ
1371 797 1598 866 φρόνει.

321 924 577 990 Δημοσθ.
605 950 677 962 --
704 917 872 992 Οἶμαι
913 922 976 975 τὸ
1011 921 1202 993 μέλλον
1259 924 1462 978 ἅπασιν
1510 921 1819 995 ἀνθρώποις

257 1013 440 1084 ἄδηλον
462 1031 477 1045 ο
525 1013 622 1066 καὶ
677 1013 867 1083 μικροὶ
906 1016 1114 1085 καιροὶ,
1179 1017 1432 1085 μεγάλων
1479 1017 1818 1088 πραγμάτων

257 1105 414 1159 αἴτιοι
453 1104 717 1173 γίνονται.
757 1105 849 1157 Διὸ
880 1103 960 1157 δεῖ
1001 1107 1317 1176 μετριάζειν
1351 1109 1409 1161 ὲν
1455 1111 1576 1171 ταῖς
1619 1108 1822 1180 εὐπρα-

257 1195 410 1262 ξίαις,
446 1196 543 1248 καὶ
574 1195 988 1267 προορωμένους
1017 1196 1078 1249 τὸ
1111 1186 1303 1267 μέλλον
1329 1197 1635 1266 φαίνεσθαι.

333 1374 740 1444 Ἡρακλείτου.
787 1406 860 1416 —
901 1375 1255 1445 Ἡράκλειτος
1305 1379 1424 1441 νέος
1464 1378 1562 1442 ὢν,
1607 1379 1818 1434 πάντων

256 1463 440 1532 γέγονε
464 1463 792 1535 σοφώτερος,
827 1464 906 1518 ὅτι
933 1466 1050 1537 ᾔδει
1080 1466 1272 1520 ἑαυτὸν
1307 1467 1477 1537 μηδὲν,
1495 1468 1643 1522 ὄντα.

325 1636 584 1702 μωκράτ.
609 1667 680 1676 -
708 1637 1005 1708 Σωκράτης
1033 1649 1170 1708 ῳετο
1225 1640 1390 1710 μηδὲν
1428 1643 1650 1706 ειδέναι,
1683 1644 1820 1714 πλὴν

257 1727 384 1780 αὐτὸ
413 1728 593 1793 τοῦτο,
627 1728 709 1781 ὅτι
745 1728 912 1798 μηδὲν
964 1725 1107 1782 οἶδεν
1127 1747 1141 1761 ο
1167 1731 1292 1794 τοὺς
1315 1731 1373 1785 δὲ
1399 1732 1641 1798 λοιποὺς,
1687 1737 1821 1806 μηδὲ

256 1817 408 1872 τοῦτο
434 1819 654 1875 εἰδέναι.

322 1913 387 1965 Οἱ
425 1913 524 1981 μὲν
563 1911 806 1984 σφοδρῶς
850 1913 1232 1985 πυρέττοντες,
1264 1916 1362 1986 τὴν
1393 1916 1572 1988 ὄρεξιν
1602 1920 1694 1973 καὶ
1733 1921 1831 1990 τὴν

260 2003 474 2074 ῥώμην
509 2004 560 2057 οἱ
599 2003 643 2056 δ’
698 2004 757 2057 ἐν
811 2006 924 2068 τοῖς
971 2005 1263 2076 βασιλείοις
1296 2009 1701 2078 παροικοῦντες,
1739 2011 1831 2064 τὸν

258 2095 380 2147 νοῦν
420 2095 609 2149 καὶτὰ
645 2095 749 2167 ἤθη
793 2096 1074 2167 πεφύκασι
1105 2097 1536 2170 διαφθείρεσθαι,
1563 2103 1610 2155 εἰ
1638 2103 1712 2173 μὴ
1747 2103 1827 2168 τὸ,

260 2186 451 2240 Γνῶθι
475 2187 726 2251 σαυτὸν,
754 2189 966 2258 συχνῶς
1002 2191 1216 2252 ἑαυτοῖς
1251 2190 1617 2259 ἐπιλέγουσιν.

908 2382 1194 2452 Φιλήμον.

264 2475 606 2541 Ἀνθρωπος
633 2470 737 2539 ὢν,
767 2473 928 2526 τοῦτ’
962 2474 1106 2540 ἴσθι,
1134 2473 1234 2526 καὶ
1258 2474 1459 2543 μενεῖς
1492 2475 1602 2527 ἀεί.

895 2566 1190 2622 Σωτάτου.

263 2663 329 2716 El
359 2662 458 2714 καὶ
483 2657 781 2725 ,ϐασιλεὺς
815 2657 1107 2727 πέφυκας,
1141 2661 1222 2724 ὡς
1255 2659 1470 2724 θνητὸς
1499 2659 1786 2713 ἄκουσον.

265 2734 362 2785 Ἂν
390 2731 592 2802 μακρὰ
617 2728 1412 2802 πτύῃςηφλετματίῳῌκρατῇ
1436 2727 1735 2802 Δπερισίζῷ.

268 2795 937 2870 ’Ἃνέὺτᾲατῇςηταῦτα
969 2795 1227 2870 προσοῦ
1256 2795 1580 2870 προϐάτιον
1611 2795 1793 2865 εἶχεν..

265 2875 373 2927 Ἂν
396 2865 805 2940 χρύσοερορῇς,
834 2865 1021 2940 τοιξτοί
1034 2869 1224 2936 τύχης
1243 2868 1416 2940 ἐστὶν
1437 2869 1691 2936 ἔπαρμα.

269 2944 368 2996 Ἂν
391 2937 690 3014 iunctoq-
718 2939 815 3014 ᾖς,
852 2937 1031 3014 τοῦτο
1053 2939 1286 3014 χρόνιον
1314 2937 1540 3014 άδηλος
1564 2941 1762 3008 ἰσχύς.

266 3015 375 3092 ξᾼν
396 3007 949 3092 ᾀτὶαζονεύῃ’,.τοῦτς
974 3009 1200 3092 ἀνοίας.
1220 3007 1348 3092 ἐςςὶ
1373 3007 1671 3092 φριξαγμα.

265 3083 363 3136 Ἂν
387 3082 458 3134 δὲ
489 3076 1020 3150 σωρροὸλῇςμτοῦτο
1056 3077 1205 3150 Θεοῦ
1228 3076 1431 3150 λδῶρον
1457 3076 1728 3150 {incipst

1550 387 1712 446 LOCI
1755 385 2189 444 COMMUNES.

3375 380 3480 446 970

2529 495 2821 549 Slemcntis.

1924 584 1982 638 Si
2006 587 2080 638 vis
2106 601 2254 643 nosse
2291 584 2474 648 Deum,
2493 603 2603 655 ipse
2630 587 2778 654 prior
2802 598 2953 638 nosce
2983 584 3226 652 teipsum.

2475 697 2813 766 Antiphanis.

1923 787 1981 841 Si
2012 788 2254 841 mortalis
2287 803 2362 852 es,
2393 789 2523 842 bone
2546 792 2648 855 vir,
2687 791 2848 843 etiam
2876 789 3124 842 mortalia
3154 791 3355 858 sapias.

1993 921 2265 977 Demosth.
2302 952 2370 963 —
2390 921 2657 976 Futurum
2687 923 2887 992 opinor
2909 922 3127 977 eunetis
3168 923 3494 978 mortalibus

1925 1013 2197 1067 incertum
2228 1027 2375 1074 esse,
2437 1028 2713 1081 parvaque
2779 1022 3079 1077 momenta,
3130 1025 3220 1068 res
3268 1026 3496 1082 magnas

1925 1105 2222 1174 parturire.
2279 1104 2629 1174 Quapmptcr
2679 1105 2923 1158 secundo
2970 1120 3159 1158 rerum
3217 1113 3363 1159 statu
3417 1112 3498 1159 te-

1928 1196 2106 1250 nenda
2145 1195 2453 1250 moderatio
2482 1205 2588 1259 est,
2623 1211 2798 1264 caque
2819 1195 2990 1265 663}
3015 1195 3251 1249 tenenda
3278 1194 3496 1250 consilii

1929 1289 2091 1350 ratio,
2115 1297 2177 1342 ut
2203 1289 2350 1358 quod
2377 1288 2623 1343 futurum
2659 1297 2746 1343 est
2779 1287 3066 1342 videamur
3087 1290 3424 1357 prospicere.

1998 1377 2318 1432 Heraclitus.
2345 1406 2414 1418 —
2433 1376 2763 1441 Heraclitus,
2788 1392 2914 1433 cum
2940 1377 3163 1447 juvenis
3186 1384 3353 1440 esset,
3383 1390 3501 1431 oms

1928 1469 2080 1522 nium
2106 1467 2551 1538 sapientissimus
2580 1469 2816 1531 exstitit,
2865 1468 3125 1536 quoniam
3173 1466 3384 1521 sciebat
3438 1482 3499 1522 se

1929 1560 2067 1613 nihil
2090 1575 2232 1614 esse.

2001 1650 2253 1705 Socratis.
2285 1681 2352 1690 -—
2383 1650 2638 1704 Socrates
2687 1664 2854 1703 unum
2890 1649 2995 1703 hoc
3029 1664 3088 1702 se
3128 1648 3272 1704 scire
3312 1648 3500 1703 existi-

1932 1743 2154 1805 mabat,
2206 1742 2353 1811 «μιοὰ
2407 1742 2545 1796 nihil
2595 1741 2800 1805 sciret;
2863 1741 3023 1805 alios,
3076 1756 3146 1794 ne
3189 1739 3244 1794 id
3275 1740 3498 1810 quidem

1863 1851 1901 1904 Β
1930 1833 2089 1885 scire.

2003 1924 2104 1990 Qui
2131 1922 2354 1991 gravius
2387 1923 2526 1976 febri
2563 1929 2866 1985 tentantur,
2909 1922 3214 1992 appetitum
3251 1922 3502 1991 viresque

1933 2017 2285 2085 deperdunt;
2317 2013 2413 2082 qui
2445 2028 2578 2067 vero
2622 2012 2940 2082 principum
2993 2013 3147 2066 aulas
3194 2023 3505 2082 sequuntur

1935 2124 2254 2178 moramque
2285 2107 2340 2161 in
2371 2107 2453 2160 eis
2485 2107 2742 2168 trahunt,
2794 2115 3034 2160 mentem
3066 2106 3238 2175 ipsam
3264 2120 3329 2160 ac
3355 2107 3505 2176 inge-

1935 2216 2075 2254 nuos
2136 2213 2340 2262 mores,
2380 2199 2488 2253 nisi
2541 2199 2796 2254 crebrius
2849 2199 3126 2268 proloquii
3179 2199 3345 2269 hujus
3379 2213 3507 2254 sem

1935 2292 2183 2354 tentiam,
2207 2292 2370 2345 Nosce
2399 2293 2644 2360 teipsunt,
2677 2306 2864 2346 secum
2901 2291 3006 2360 ipsi
3056 2300 3326 2360 repetant.

2580 2403 2876 2458 Philemon.

1938 2494 2103 2548 Homo
2121 2512 2236 2548 cum
2264 2497 2354 2556 sis,
2392 2496 2484 2548 hoc
2511 2496 2661 2558 srito,
2687 2506 2735 2548 et
2769 2511 2975 2557 semper
2999 2498 3100 2548 eris

2606 2585 2824 2640 Solalis.

1941 2680 2259 2748 Quanquam
2294 2695 2384 2731 rex
2407 2694 2481 2735 es,
2517 2687 2773 2746 tanquam
2800 2678 3037 2730 mortalis
3060 2679 3189 2730 audi

1940 2749 1996 2802 Si
2030 2750 2253 2802 multum
2273 2750 2438 2817 spuis,
2475 2749 2664 2816 pituita
2700 2748 2982 2801 redundas.

1937 2819 1995 2890 Si
2025 2819 2262 2890 pulchris
2292 2820 2423 2890 nites
2448 2817 2689 2890 vestibus,
2727 2820 2822 2870 has
2837 2827 2896 2890 te
2914 2819 3067 2890 prior
3085 2817 3286 2872 avicula
3307 2817 3508 2873 habuit.

1938 2887 1994 2941 Si
2025 2887 2160 2941 auro
2183 2887 2374 2955 fulges,
2401 2889 2510 2939 lucc
2544 2887 2771 2953 fortunm
2796 2887 2955 2940 elatio
2982 2897 3076 2940 est.

1939 2956 1995 3010 Si
2025 2958 2163 3010 (lives
2194 2972 2268 3016 es,
2291 2958 2386 3008 hoc
2414 2965 2705 3025 temporum
2733 2958 2988 3008 incertum
3011 2956 3188 3009 robur.

1942 3027 1999 3097 Si
2017 3028 2278 3094 fastuosus
2297 3043 2358 3079 ac
2375 3042 2632 3097 arrogans
2643 3041 2725 3097 es,
2745 3028 2854 3078 lucc
2869 3027 3144 3097 dementia:
3157 3025 3401 3097 superbia
3416 3035 3509 3082 est.

1944 3095 1999 3149 Si
2023 3097 2253 3149 modeste
2279 3096 2422 3165 sapis
2450 3104 2497 3146 et
2512 3095 2716 3148 sobrius
2739 3110 2812 3156 es,
2833 3097 2926 3148 hoc
2945 3094 3038 3148 Dei
3058 3094 3256 3150 donum
3271 3105 3369 3149 est.

274 3152 333 3207 Ἠ
351 3151 421 3206 δὲ
443 3147 814 3219 σωφροσύὸλη
837 3147 1149 3215 πάρεστιν,
1183 3147 1523 3214 ἐὰνμετρῇς
1551 3153 1833 3204 σεαυτόν,
1865 3180 1905 3234 c

1865 3180 1905 3234 α
1951 3147 2574 3218 ιίνάέέῶὺένόῶιτίειαε
2601 3173 2675 3218 est
2705 3147 2781 3217 ac,
2799 3147 3074 3225 tunsus,
3103 3165 3148 3215 si
3177 3147 3371 3235 sese
3401 3181 3512 3218 me-

333 3329 554 3400 Θάλης.
586 3358 653 3367 -—
683 3327 930 3381 Χαλεπὸν
964 3327 1019 3379 δὲ
1073 3325 1264 3378 ἑαυτὸν
1303 3325 1527 3392 γνῶναι,
1569 3328 1702 3380 ἀλλὰ
1737 3347 1837 3396 μα-

269 3424 490 3494 κάριον·
530 3420 630 3492 ζῇν
659 3421 769 3491 γὰρ
800 3421 940 3474 κατὰ
974 3419 1158 3488 φύσιν.

329 3514 674 3581 Πλάτωνος.
704 3543 774 3555 ——
806 3515 868 3568 Ol
914 3515 1013 3566 οὐκ
1063 3514 1284 3578 εἰδότες,
1331 3531 1405 3578 ως
1462 3514 1592 3576 ἔπος
1635 3515 1810 3566 εἰπεῖν

262 3606 440 3670 οὐδὲν,
469 3606 694 3677 οἰόμεθα
724 3607 794 3660 τὰ
819 3605 997 3658 πάντα
1027 3606 1226 3660 ειδέναι
1249 3623 1262 3634 ·
1305 3608 1405 3660 οὐκ
1447 3609 1837 3679 ἐπιτρέποντες

263 3697 321 3751 δὲ
352 3696 626 3768 ἀλλήλοις,
661 3695 698 3750 ἃ.
733 3695 806 3766 μὴ
831 3696 1172 3766 ἐπιστάμεθα
1225 3697 1510 3765 πράττειν,
1534 3697 1840 3765 ἀναγκαζό-

269 3787 412 3859 μεθα
443 3789 781 3859 ἁμαρτάνειν
809 3788 962 3840 αὐτοὶ
995 3789 1348 3856 πράττοντες.

908 3963 1202 4030 Mercii-6p.

338 4080 499 4137 Κατὰ
533 4078 781 4134 πολλῶν
806 4078 977 4131 ἐστιν
1006 4078 1076 4130 οὐ
1100 4075 1304 4130 καλῶν
1321 4075 1655 4142 εἰρημένον,

350 4154 448 4214 Τὸ,
479 4149 652 4202 Γνῶθι
692 4148 936 4211 σεαυτὸν,
965 4146 1407 4215 χρησιμώτειον
1436 4145 1543 4213 γάρ
1564 4144 1663 4212 ἦν,

345 4221 442 4287 Τὸ,
479 4220 651 4272 Γνῶθι
676 4221 800 4282 τοὺς
824 4217 1034 4278 ἄλλους.

242 4383 250 4390 _
337 4312 772 4380 Eerogpérr.—
805 4311 869 4363 Ol
918 4309 1018 4378 μὲν
1074 4309 1181 4378 γὰρ
1229 4307 1429 4370 εἰδότες
1475 4305 1722 4370 ἑαυτοὺς,
1778 4307 1844 4358 τὰ

269 4406 555 4479 ἐπιτήδεια
591 4405 802 4466 ἑαυτοῖς
855 4403 1025 4466 ῐσασι,
1077 4399 1172 4453 καὶ
1216 4397 1664 4466 διαγινώσκουσιν
1705 4396 1742 4449 ὅ.
1785 4413 1843 4448 τε

3312 3235 3510 3306 [tiaris.

2010 3343 2213 3396 Thales.
2237 3372 2307 3382 —
2334 3341 2442 3396 Res
2483 3341 2706 3411 quidem
2738 3340 3026 3408 difﬁcilis“
3059 3341 3222 3396 Nosse
3255 3343 3514 3413 seipsum,

1942 3431 2100 3486 beata
2129 3440 2311 3486 tamen
2333 3449 2344 3484 :
2367 3440 2451 3485 est
2466 3432 2615 3484 enim
2645 3446 2712 3484 ex
2742 3439 2953 3484 natum
2979 3431 3512 3487 rationibusvivere.

2011 3523 2275 3578 Platonis.
2301 3551 2367 3562 --
2391 3522 2518 3588 Qui,
2552 3531 2615 3576 ut
2645 3522 2817 3576 verbo
2861 3522 3063 3586 dicam,
3101 3522 3241 3576 nihil
3286 3525 3514 3588 scimus,

1947 3612 2090 3666 scire
2129 3627 2231 3666 nos
2270 3610 2457 3665 omnia
2502 3611 2881 3665 arbitramur:
2923 3610 3168 3680 dumque
3206 3610 3301 3667 alii
3340 3612 3516 3676 alios,

1941 3717 2067 3770 quas
2103 3701 2403 3764 nescimus,
2435 3715 2546 3755 non
2573 3701 2947 3769 permittimus
2998 3715 3188 3771 agere,
3227 3701 3362 3756 dum
3399 3702 3518 3757 haec

1943 3794 2046 3862 ipsi
2095 3793 2509 3862 przesumimus,
2533 3793 2849 3847 necessario
2907 3807 3198 3862 peccamus
3244 3805 3408 3865 atque
3430 3809 3518 3850 er.

1945 3897 2150 3934 ramus.

2582 3974 2882 4027 Menandri.

2019 4088 2206 4160 Multos
2229 4105 2330 4160 non
2361 4089 2519 4140 bonos
2553 4089 2750 4160 dictum
2787 4089 2920 4160 illud
2950 4090 3280 4160 perstringit.

2015 4159 2190 4213 Nosce
2233 4159 2487 4226 teipsum,
2523 4159 2714 4226 quippe
2738 4157 2940 4218 utilius,

2018 4228 2192 4282 Nosce
2219 4223 2377 4288 alios,
2404 4227 2510 4279 illis
2536 4223 2825 4279 diceretur.

2021 4321 2066 4373 Χ
2076 4319 2538 4389 enophont.—-Qui
2559 4319 2637 4372 sei
2647 4333 2774 4385 psos
2792 4327 2992 4372 norunt
3020 4334 3085 4373 ea
3106 4334 3230 4388 quae
3247 4317 3354 4374 sibi
3385 4334 3519 4375 con-

1948 4413 2174 4467 veniant
2229 4426 2340 4464 non
2398 4409 2696 4471 nesciunt;
2739 4423 2972 4478 quaeque
3020 4411 3261 4475 valeant,
3303 4427 3366 4466 ac
3411 4429 3519 4467 non

271 4505 554 4566 δύνανται,
595 4499 690 4554 καὶ¹
725 4499 762 4553 ἃ
801 4499 898 4570 μή.
939 4498 1050 4550 Καὶ
1081 4495 1118 4549 ἃ
1151 4495 1250 4566 μὲν
1296 4493 1617 4547 ἐπίστανται
1668 4493 1845 4562 πράτ-
1877 4507 1926 4563 ι)

1877 4507 1926 4563 D
1952 4505 2167 4559 valeant
2198 4503 2426 4556 rationis
2456 4501 2598 4556 libra
2626 4501 2953 4556 discernunt
2985 4501 3268 4571 :dumque
3304 4519 3367 4557 ea
3399 4519 3524 4572 qua:

273 4614 483 4660 τοντες,
515 4592 827 4662 πορίζονταί
859 4607 918 4644 τε
956 4582 1031 4643 ὧν
1072 4588 1304 4648 δέονται,
1338 4587 1432 4639 καὶ
1477 4583 1539 4638 εὖ
1575 4585 1848 4655 πράττου-

275 4707 390 4744 σιν·
425 4681 501 4741 ὧν
528 4686 584 4740 δὲ
617 4685 693 4756 μὴ
722 4683 1042 4737 ἐπίστανται
1081 4678 1430 4748 ἀπεχόμενοι,
1471 4675 1848 4744 ἀναμάρτητοι

272 4784 516 4852 γίνονται
549 4779 643 4830 καὶ
664 4774 1014 4844 διαφεύγουσι
1044 4770 1104 4823 τὸ
1133 4769 1316 4830 κακῶς
1346 4769 1632 4835 πράττειν.

345 4966 516 5034 Οὗτος
548 4969 735 5040 ἔμοιγε
770 4967 938 5030 δοκεῖ,
973 4967 1003 5018 ὁ
1033 4965 1107 5034 μὴ
1136 4963 1292 5026 εἰδὼς
1329 4960 1428 5033 τὴν
1455 4959 1650 5014 ἑαυτοῦ
1689 4959 1847 5011 δύνα-

277 5080 396 5136 μιν,
435 5063 654 5131 ἀγνοεῖν
700 5057 912 5112 ἑαυτόν.
960 5057 1169 5110 Ἐκεῖνο
1220 5054 1277 5106 δὲ
1316 5053 1377 5106 οὑ
1420 5051 1675 5122 φανερὸν,
1722 5050 1848 5118 ἔφη,

273 5157 358 5210 ὅτι
387 5153 486 5226 μὲν
515 5151 603 5206 διὰ
622 5149 682 5218 τὸ
697 5149 893 5204 ειδέναι
917 5146 1145 5209 ἑαυτοὺς
1176 5143 1400 5198 πλεῖστα
1427 5143 1608 5212 ἀγαθὰ
1639 5139 1853 5210 ἰσχύου-

278 5263 364 5300 σιν
394 5244 698 5315 ἄνθρωποι⁹
731 5241 819 5294 διὰ
869 5241 926 5293 δὲ
972 5239 1033 5291 τὸ
1071 5236 1330 5306 ἐψεῦσθαι
1365 5233 1593 5297 ἑαυτῶν,
1625 5233 1853 5284 πλεῖστα

276 5340 427 5392 κακά
450 5355 466 5403 ;

366 5439 493 5494 Ἐπὶ
525 5435 716 5508 μηδενὶ
748 5431 998 5504 ἐπαρθῇς
1039 5427 1308 5498 ἀλλοτρίῳ
1336 5425 1760 5509 προτερήματι.
1792 5425 1854 5476 Εἰ

276 5539 308 5590 ὁ
335 5534 502 5594 ἵππος
525 5529 711 5597 ἔλεγεν
738 5524 1118 5596 ἐπαιρόμενος,
1147 5521 1229 5572 ὅτι
1261 5518 1440 5580 Καλός
1465 5518 1601 5587 εἰμι,
1629 5516 1855 5570 ἀνεκτὸν

275 5625 380 5700 ἦν’
405 5628 470 5680 σὺ
497 5625 554 5677 δὲ
583 5625 713 5679 ὅταν
738 5619 939 5688 λέγεις,
967 5617 1048 5669 ὅτι
1080 5613 1274 5668 Ἵππον
1304 5610 1619 5700 καλὸνᾼξχω,
1643 5608 1749 5663 ῐσθι
1773 5611 1856 5662 ὅτι

277 5698 368 5789 ἐφ’
410 5720 562 5787 ἵππῳ
608 5713 798 5783 ἀγαθῷ
851 5712 990 5782 μέγα
1041 5708 1278 5778 φρονεῖς.
1337 5705 1400 5756 Τί
1441 5698 1536 5756 οὖν
1567 5703 1684 5753 ἔστι
1728 5699 1855 5765 σόν;

277 5813 490 5886 Χρῆσις
536 5805 866 5875 φαντασιῶν,
899 5803 966 5872 ἣν
1007 5801 1134 5853 ὃταν
1187 5797 1327 5849 κατὰ
1374 5794 1533 5863 φύσιν
1564 5793 1712 5863 ἔχῃς,
1738 5791 1858 5844 τότε

603 5905 864 5964 Parum“
914 5903 1006 5958 Gn
1091 5894 1242 5954 XCI.

1948 4602 2177 4654 norunt,
2223 4592 2434 4660 agenda
2484 4591 2584 4644 sibi
2623 4591 2994 4652 constituunt,
3015 4599 3212 4660 parant
3252 4607 3376 4661 quae
3411 4594 3524 4646 sint

1951 4685 2278 4742 necessaria,
2302 4699 2366 4736 ac
2389 4684 2577 4736 felices
2601 4683 2877 4757 aguntnab
2901 4683 3080 4752 iisque
3108 4698 3166 4738 se
3195 4683 3525 4738 abstinendo

1951 4790 2184 4843 quorum
2210 4775 2375 4828 rudes
2411 4775 2706 4834 exsistunt.
2743 4774 2881 4827 nihil
2909 4783 3122 4838 errant,
3164 4789 3230 4828 ac
3273 4789 3346 4828 ne
3381 4776 3525 4830 male

1951 4875 2134 4932 agant,
2176 4864 2467 4933 ell'ugiuut.

2025 4958 2074 5012 Is
2109 4973 2238 5011 sane
2266 4955 2507 5024 seipsum
2536 4955 2755 5009 nescire
2787 4954 3032 5016 videtur,
3067 4955 3162 5023 qui
3191 4955 3338 5010 vires
3372 4971 3524 5020 suas,

1952 5059 2172 5119 {antae
2204 5048 2334 5113 sint,
2366 5057 2680 5116 compertas
2707 5062 2819 5101 non
2849 5047 3036 5100 habet.
3079 5048 3180 5111 Ac,
3231 5063 3418 5102 nonne
3453 5048 3525 5102 li-

1953 5150 2107 5210 quet,
2141 5139 2340 5208 inquit,
2372 5139 2648 5201 homines,
2679 5138 2826 5207 quod
2857 5153 2914 5192 se
2939 5136 3218 5202 noverint,
3239 5139 3525 5208 complura

1955 5232 2199 5285 nancisci
2233 5231 2374 5284 bona
2402 5247 2416 5295 ;
2450 5229 2596 5298 quod
2639 5237 2823 5282 autem
2849 5229 2934 5283 sui
2965 5229 3281 5299 cognitione
3312 5237 3522 5296 errent,

1955 5323 2211 5390 plurimis
2245 5337 2303 5375 se
2338 5322 2499 5375 malis
2543 5322 2823 5375 inserere?

2027 5425 2187 5477 Nulla
2243 5433 2294 5476 te
2329 5423 2510 5476 aliena
2551 5423 2879 5476 excellentia
2931 5437 2994 5477 ac
3033 5421 3316 5492 praestanti
3361 5420 3528 5493 664

1957 5516 2087 5571 dote
2117 5515 2334 5570 eﬂ‘cras.
2371 5515 2427 5570 Si
2462 5529 2660 5584 equus,
2714 5531 2822 5584 qua
2852 5523 3078 5584 prmstat
3135 5515 3527 5584 generositate,

1961 5623 2020 5660 se
2057 5607 2262 5660 bonum
2289 5605 2526 5668 diceret,
2551 5605 2686 5659 ferri
2720 5605 2772 5658 id
2799 5613 2948 5660 certe
2978 5613 3162 5674 posset
3188 5619 3203 5668 ;
3239 5603 3324 5657 sin
3342 5613 3530 5657 autem

1961 5711 2016 5754 tu
2051 5700 2190 5769 ipse,
2229 5707 2281 5752 te
2333 5698 2538 5753 bonum
2592 5714 2802 5768 equum
2842 5697 3050 5752 habere
3095 5695 3303 5750 dixeris
3333 5735 3349 5759 ,
3391 5695 3533 5751 scito

1961 5791 2086 5859 equi
2160 5800 2211 5841 te
2259 5789 2506 5846 bonitate
2531 5791 2775 5861 gloriari.
2815 5790 2956 5856 Quid
3010 5790 3179 5858 igitur
3211 5798 3366 5842 tuum
3399 5786 3532 5845 est?

3145 5882 3208 5941 31
