4200 6440
744 340 845 410 971

1906 346 1965 403 S.
2005 344 2289 403 MAXIMI
2331 342 2838 403 CONFESSORIS

3890 343 3999 407 972

745 456 1151 527 Cogitationum
1200 470 1353 519 usus,
1392 457 1485 526 qui
1522 456 1566 510 si
1624 471 1689 510 ex
1747 464 1960 509 natura:
2000 456 2315 510 rationibus

2416 453 2717 524 δττάρθητι⁹
2739 454 2855 507 τότε
2878 451 2984 526 γὰρ
3015 452 3107 505 ἐπὶ
3132 452 3212 524 τῷ
3245 452 3324 523 σῷ
3353 451 3787 523 πλεονεκτήματι
3816 453 3996 523 ἐπαρ-

746 549 933 611 l'uerit,
971 549 1086 617 ipse
1115 558 1167 603 te
1195 547 1410 603 efferto.
1453 547 1611 602 Tunc
1658 546 1807 600 enim
1876 547 2158 615 praeclara,
2203 561 2312 615 qua

745 640 941 708 polles,
976 640 1103 694 dote
1138 648 1190 693 te
1224 640 1342 709 ipse
1373 639 1655 694 extuleris.

800 726 1201 781 Chilo—Chilo
1215 728 1579 796 interrogatus
1593 725 1724 795 quid
1738 734 1884 781 esset
1897 723 2275 779 difﬁcillimum
2296 743 2308 777 :

745 814 939 878 Nosse,
977 815 1176 885 inquit,
1205 817 1468 886 seipsum.
1508 817 1621 871 Hac
1651 818 1799 872 enim
1831 814 2182 871 commodum
2214 814 2313 869 ad-

745 906 1046 960 monitione
1076 906 1303 975 superbi
1335 908 1698 977 castigautur,
1732 906 1827 975 qui
1855 920 2023 975 supra
2045 905 2310 960 virtutem

746 998 927 1067 inepte
958 996 1266 1067 gloriantur
1300 1008 1465 1067 atque
1498 998 1764 1067 gestiunt.

1321 1126 1549 1181 SERMO
1592 1125 1753 1181 LVII.

918 1242 996 1296 De
1026 1242 1258 1295 bonitate
1284 1257 1371 1294 seu
1398 1242 1721 1309 benignitate
1766 1256 1830 1294 ac
1856 1240 2095 1294 lenitate.

812 1351 943 1408 Luc.
971 1367 1043 1414 v1,
1075 1351 1133 1404 3|
1150 1389 1165 1403 .
1190 1380 1259 1391 —
1280 1350 1615 1411 Benefacite,
1640 1356 1696 1402 et
1720 1357 1971 1401 mutuum
1995 1348 2143 1411 date,
2176 1346 2311 1400 nihil

746 1439 877 1495 inde
909 1451 1229 1509 sperantes;
1264 1448 1322 1493 et
1378 1439 1487 1493 erit
1522 1452 1735 1492 merces
1779 1446 1964 1491 vostra
2004 1438 2215 1502 multa;
2259 1447 2315 1491 et

744 1533 900 1587 eritis
923 1530 1023 1585 filii
1053 1530 1350 1595 Altissimi,
1383 1529 1511 1599 quia
1551 1528 1666 1597 ipse
1713 1527 1986 1597 benignus
2015 1536 2101 1581 est
2148 1540 2315 1594 super

746 1623 994 1693 ingratos
1030 1631 1087 1675 et
1117 1622 1311 1675 malos.

818 1714 1010 1784 Eplies.
1037 1730 1108 1775 iv,
1135 1712 1224 1767 3‘2.
1257 1740 1327 1754 ——
1349 1710 1536 1765 Estote
1576 1709 1811 1763 invicem
1846 1707 2068 1777 benigni
2105 1715 2162 1759 et
2206 1706 2311 1759 mi~

744 1897 967 1952 Christo
999 1895 1223 1950 donavit
1258 1894 1435 1948 vobis.

816 1986 1018 2041 Colon.
1054 2001 1133 2049 ιιι,
1167 1985 1254 2038 η.
1287 1983 1591 2038 —lnduite
1619 1999 1718 2038 vos
1747 1983 1957 2037 viscera
1995 1984 2312 2038 miscricor-

745 2077 872 2142 diaz,
900 2076 1329 2146 benignitatem,
1381 2074 1710 2130 modestiam
1754 2074 1949 2137 animi,
1999 2075 2307 2136 lenitatem,

740 2163 1257 2220 mansuetudinem.

813 2254 975 2309 Prov.
1004 2272 1062 2319 n,
1096 2256 1185 2308 2L
1217 2284 1287 2296 —
1320 2254 1454 2309 Boni
1480 2262 1643 2309 erunt
1672 2253 2014 2308 habitatores
2048 2263 2229 2316 teme,
2255 2262 2313 2307 et

746 2347 1071 2401 innocentes
1098 2346 1463 2401 remanebunt
1487 2346 1542 2399 in
1565 2360 1648 2399 ea.

814 2437 1089 2502 Christus,
1118 2440 1212 2508 qui
1244 2439 1423 2494 bonus
1453 2448 1539 2494 est
1572 2454 1637 2493 ac
1684 2439 1889 2501 suavis,
1949 2436 2065 2490 viso
2090 2436 2311 2490 homine

751 2542 916 2596 quem
980 2528 1343 2591 formaverat,
1396 2544 1508 2582 non
1552 2528 1764 2583 dimisit
1812 2543 1909 2582 eos
1946 2544 2124 2596 neque
2158 2528 2315 2582 derc-

751 2617 936 2685 liquit,
968 2618 1267 2671 clementer
1293 2618 1374 2671 eis
1404 2626 1586 2672 utens.

812 2708 1376 2779 Basilii.-—lmagiue
1402 2709 1585 2779 fulgeo
1619 2750 1633 2773 ,
1686 2708 1833 2779 quod
1879 2722 2000 2761 sum
2054 2705 2315 2776 praeditus

745 2801 989 2867 ratione;
1032 2803 1321 2855 nanciscor
1351 2817 1481 2856 vero
1522 2801 1966 2865 similitudinem,
2022 2802 2168 2871 quod
2214 2802 2313 2856 bc-

746 2894 945 2964 nignus
978 2908 1041 2946 ac
1068 2892 1243 2947 comis
1274 2894 1369 2946 fio.

814 2981 1179 3038 Adversarios
1232 2984 1524 3053 subjugare
1551 3023 1565 3047 ,
1606 2982 1711 3038 viri
1760 2981 1921 3036 fortis
1964 2984 2035 3036 sit
2075 2997 2139 3035 ac
2186 2997 2315 3036 vere

751 3074 1054 3144 principis;
1081 3074 1242 3128 victis
1262 3075 1774 3145 autemjugumque
1823 3074 2199 3127 subeuntibus
2236 3074 2313 3126 lc-

749 3178 877 3217 nem
894 3180 952 3219 se
977 3173 1033 3217 et
1060 3174 1403 3218 mansuetum
1439 3163 1683 3232 praebere
1703 3202 1717 3227 ,
1765 3164 1885 3232 ejus
1901 3163 1993 3231 qui
2038 3163 2309 3232 magnitu-

748 3256 879 3309 dine
902 3256 1069 3308 animi
1095 3271 1157 3309 ae
1181 3255 1495 3325 placiditate
1525 3254 1785 3307 omnibus
1821 3261 2060 3322 prmstet.

827 3346 1070 3417 Dionysii
1120 3347 1469 3417 Areopagitae.
1522 3377 1592 3387 —
1624 3344 1781 3412 Quod
1824 3344 2003 3398 modis
2055 3343 2314 3398 omnibus

744 3434 876 3489 boni
906 3450 1101 3504 expers
1158 3443 1262 3497 est,
1311 3434 1364 3487 id
1414 3450 1682 3504 nusquam
1722 3448 1973 3504 prorsus,
2036 3434 2123 3487 vel
2169 3441 2309 3496 erat,

745 3527 832 3581 vel
862 3536 966 3590 est,
992 3526 1074 3580 vel
1101 3526 1228 3590 crit,
1250 3526 1333 3579 vel
1362 3540 1481 3581 esse
1515 3534 1715 3597 potest.

827 3703 1095 3775 Theologi.
1138 3733 1205 3746 -—
1233 3704 1504 3759 Bonitatis
1561 3704 1729 3758 habet
1773 3702 1989 3757 laudem
2022 3702 2312 3765 feritatem

750 3796 977 3851 lenitate
1017 3796 1268 3871 vincere;
1301 3811 1365 3850 ac
1412 3795 1613 3865 quibus
1642 3796 1803 3851 malis
1837 3794 2019 3850 allecti
2046 3796 2316 3865 patienter

751 3886 1027 3951 ferimus,
1081 3886 1295 3956 injuriae
1362 3895 1617 3941 auctores
1669 3885 1917 3939 melioris
1974 3884 2145 3956 frugis
2196 3885 2309 3939 etii-

745 3995 895 4033 cere.

748 4092 960 4146 Cunctis
986 4092 1236 4159 benignus
1266 4099 1396 4153 esto,
1442 4090 1533 4142 sed
1564 4091 1795 4143 maxime
1826 4090 2099 4158 praenimis.

746 4163 844 4215 Dei
863 4162 953 4213 tibi
979 4156 1371 4229 benignitatem,
1405 4160 1514 4227 ipse
1536 4159 1787 4229 benignus
1808 4156 2050 4229 mitisque
2070 4156 2310 4229 concilia.

748 4230 1028 4295 Quodnam
1061 4228 1289 4282 lenitatis
1316 4229 1621 4281 documento
1639 4228 2004 4281 documentum
2026 4228 2227 4280 brevius
2256 4228 2280 4278 ?

744 4300 909 4434 sua?
942 4298 1081 4380 Talis
1100 4306 1213 4379 esto
1232 4298 1421 4379 amicis
1447 4306 1494 4349 et
1533 4299 1811 4378 proximis,

834 4386 863 4421 a
892 4384 944 4420 es
972 4367 1061 4421 tibi
1093 4385 1194 4434 ipsi
1225 4366 1346 4419 illo:
1368 4382 1474 4419 esse
1495 4384 1591 4419 vis.

834 4366 944 4421 ales
972 4367 1061 4421 tibi
1093 4369 1194 4437 ipsi
1225 4366 1346 4419 illo:
1368 4382 1474 4419 esse
1495 4366 1591 4419 vis.

2414 544 2573 616 θήσῃ.

2483 724 2726 777 Χείλων.
2746 753 2814 763 -
2836 723 3045 776 Χείλων
3072 722 3387 793 ἐρωτηθεὶς,
3417 721 3471 775 τί
3492 721 3554 775 τὸ
3581 720 3995 791 χαλεπώτατον,

2428 812 2501 865 Τδ
2528 812 2814 880 γινώσκειν
2855 813 3065 876 ἑαυτὸν,
3097 813 3221 883 ἔφη.
3254 812 3537 882 Χρήσιμον
3563 809 3671 881 γὰρ
3702 810 3781 872 είς
3808 811 4001 861 νουθε-

2414 903 2537 956 σίαν
2578 903 2689 955 τῶν
2733 900 3027 966 ἀλαζόνων,
3068 902 3117 955 οῖ
3150 902 3290 972 ὑπὲρ
3324 900 3423 971 τὴν
3483 900 3693 953 ἑαυτῶν
3749 898 3987 968 δύναμιν

2415 992 2762 1067 φλυαροῦσιν.

2979 1129 3195 1184 ΛΟΓΟΣ
3230 1130 3335 1185 NZ'
3367 1130 3437 1184 ".

2898 1242 3035 1310 Περὶ
3071 1243 3501 1310 χρηστότητος.

2488 1352 2671 1402 Λουκ.
2705 1354 2779 1414 ς’.
2804 1378 2877 1389 —
2914 1349 3318 1417 ’Δγαθοποιεῖτε
3365 1350 3459 1403 καὶ
3488 1349 3788 1417 δανείζετε,
3820 1351 3998 1421 μηδὲν

2415 1436 2839 1503 ἀπελπίζοντες,
2868 1441 2965 1492 καὶ
2996 1439 3152 1493 ἔσται
3176 1442 3205 1493 ὁ
3242 1441 3436 1510 μισθὸς
3471 1441 3624 1511 ὐμῶν
3667 1440 3856 1504 πολὺς,
3894 1442 3998 1493 καὶ

2413 1530 2602 1582 ἔσεσθε
2650 1531 2756 1583 υἱοὶ
2793 1530 3072 1600 Ὑψίστου,
3104 1532 3185 1584 ὅτι
3230 1530 3389 1595 αὐτὸς
3433 1532 3668 1603 χρηστός
3717 1533 3865 1585 ἐστιν
3894 1534 3996 1585 ἐπὶ

2414 1621 2540 1684 τοὺς
2572 1622 2898 1692 ἀχαρίστους
2936 1623 3029 1676 καὶ
3060 1622 3351 1693 πονηρούς.

2505 1712 2631 1782 Ἔφ.
2668 1712 2738 1766 δ’.
2770 1713 3087 1766 -Γίνεσθε
3144 1714 3225 1777 είς
3283 1713 3546 1784 ἀλλήλους
3616 1716 3845 1786 χρηστοὶ
3896 1718 3995 1769 καὶ

644 1822 648 1826 '
746 1804 1081 1869 sericordes,
1137 1803 1409 1856 donantes
1461 1801 1734 1864 invicem,
1788 1808 1934 1854 Sicut
1979 1807 2036 1852 et
2085 1796 2230 1850 Deus
2258 1796 2311 1849 in

2420 1802 2804 1873 εὔσπλαγχνοι,
2838 1805 3184 1875 χαριζόμενοι
3212 1806 3446 1869 ἑαυτοῖς,
3476 1803 3658 1862 καθὼς
3683 1806 3777 1857 καὶ
3803 1807 3830 1857 ὁ
3857 1805 3996 1868 Θεὸς

2420 1897 2477 1947 ὲν
2509 1894 2728 1966 Χριστῷ
2763 1895 3057 1965 ἐχαρίσατο
3089 1896 3239 1964 ὑμῖν.

2486 1988 2751 2039 Κολοσσ.
2781 1991 2849 2055 γ’.
2882 2016 2955 2025 -
2997 1986 3325 2039 Ἐνδύσασθε
3366 1985 3649 2056 σπλάγχνα
3672 1985 3993 2056 οἰκτιρμοῦ,

2414 2078 2779 2148 χρηστότητα,
2812 2076 3342 2147 ταπεινοφροσύνην,
3388 2076 3789 2150 μακροθυμίαν,
3820 2080 3997 2150 πραόο

2412 2182 2573 2237 τητα.

2487 2264 2728 2328 Παροιμ.
2752 2261 2840 2325 β’.
2865 2290 2933 2302 -
2962 2262 3206 2331 Χρηστοὶ
3261 2261 3477 2316 ἔσονται
3527 2264 3813 2333 οἰκήτορες
3850 2262 3954 2333 γῆς
3973 2274 3991 2292 ·

2417 2350 2616 2403 ἄκακοι
2644 2351 2702 2402 δὲ
2735 2351 3230 2421 ὐπολειφθήσονται
3259 2354 3316 2406 ὲν
3346 2354 3506 2425 αὐτῇ.

2481 2442 2711 2511 Χριστὸς
2768 2442 3003 2512 χρηστὸς
3048 2442 3250 2512 ὢν(η),
3300 2445 3395 2498 καὶ
3459 2444 3585 2498 ίδὼν
3636 2445 3701 2498 τδ
3760 2446 3992 2516 πλάσμα

2414 2531 2603 2593 αὐτοῦ,
2636 2531 2757 2585 οὐτε
2805 2532 3011 2604 ἀνῆκεν
3034 2534 3255 2601 αὐτοὺς,
3281 2535 3405 2589 οὐτε
3440 2536 3701 2590 κατέλιπε
3734 2537 3991 2607 φειδόμε-

2414 2639 2501 2685 νος
2533 2623 2722 2681 αὐτῶν.

2488 2714 2698 2765 Βασιλ.
2728 2741 2797 2749 -
2847 2712 2922 2764 Τὸ
2973 2714 3093 2765 κατ’
3146 2714 3331 2767 εἰκόνα
3380 2714 3511 2784 ἔχω,
3561 2715 3619 2768 ὲν
3655 2714 3734 2779 τῷ
3775 2715 3992 2783 λογικὸς

2416 2797 2592 2855 εἶναι·
2627 2804 2686 2854 τὸ
2723 2802 2782 2856 δὲ
2816 2803 2941 2857 καθ’
2971 2804 3236 2874 ὁμοίωσιν
3255 2805 3503 2876 γίνομαι,
3547 2806 3608 2860 ὲν
3648 2806 3727 2876 τῷ
3757 2808 3993 2879 χρηστὸς

2420 2891 2692 2960 γενέσθαι.

2488 2980 2560 3033 Τὸ
2588 2982 2686 3049 μὲν
2716 2980 2823 3050 γὰρ
2859 2981 2987 3044 τούς
3016 2981 3415 3045 ἀντιτείνοντας
3454 2968 3565 3036 ὐπδ
3587 2985 3742 3055 χεῖρα
3777 2986 3989 3055 λαμϐά-

2419 3089 2549 3135 νειν,
2594 3071 2840 3141 ἀνδρείου
2890 3088 2949 3123 τε
2998 3072 3091 3123 καὶ
3132 3070 3392 3141 ἄρχοντος
3414 3072 3495 3136 ὡς,
3513 3074 3761 3143 ἀληθῶς·
3796 3077 3905 3136 τοῖς
3932 3074 3989 3126 δὲ

2414 3162 2835 3215 ὐποπεπτωκόσι
2864 3162 3101 3232 χρηστὸν
3129 3158 3266 3215 εἶναι
3290 3163 3385 3215 καλ⁵
3416 3164 3612 3234 πρᾶον,
3647 3164 3990 3235 μεγαλοφρο-

2416 3255 2547 3324 σύνῃ
2573 3254 2789 3307 πάντων
2824 3258 2918 3306 καὶ
2945 3253 3243 3324 ἡμερότητι
3274 3254 3643 3324 διαφέροντος.

2486 3345 2804 3397 Διονυσίου
2831 3343 2938 3398 τοῦ
2990 3345 3433 3413 Ἀρεωπαγίτου.
3453 3375 3519 3383 -
3542 3345 3616 3397 Τὸ
3648 3346 3787 3399 κατά
3808 3347 3989 3401 πάντα

2413 3436 2614 3504 τρόπον
2659 3434 2753 3488 τοῦ
2796 3435 3006 3504 ἀγαθοῦ
3058 3436 3442 3506 ἐστερημένον,
3477 3436 3686 3507 οὐδαμῆ
3736 3438 3989 3507 οὐδαμῶς

2414 3527 2537 3579 οὔτε
2572 3522 2663 3597 ἦν,
2695 3526 2819 3581 οὐτε
2868 3527 3037 3591 ἔστιν,
3077 3527 3201 3581 οὔτε
3250 3528 3427 3592 ἔσται,
3476 3528 3599 3581 οὔτε
3641 3524 3779 3582 εἶναι
3823 3529 3988 3582 δύνα-

2416 3636 2523 3673 ται.

2486 3711 2811 3780 Θεολόγυυ.
2843 3739 2910 3747 -
2952 3707 3179 3776 Ἀγαθὸν
3210 3709 3539 3779 χρηστότητι
3575 3710 3731 3779 νικᾷν
3785 3707 3989 3779 θρασύ-

2415 3816 2574 3867 τητα,
2608 3798 2705 3851 καὶ
2744 3797 2987 3867 βελτίους
3014 3798 3188 3852 ποιεῖν
3225 3797 3350 3860 τούς
3378 3795 3716 3864 ἀδικοῦντας,
3748 3790 3829 3861 οἷς
3856 3814 3989 3867 καρ-

2416 3890 2684 3960 τεροῦμεν
2723 3890 3045 3961 πάσχοντες.

2416 4092 2571 4148 Πᾶσι
2597 4093 2714 4162 μὲν
2735 4093 2858 4146 ἴσθι
2893 4091 3177 4160 χρηστὸς,
3204 4090 3392 4145 πλέον
3422 4092 3491 4145 δὲ
3528 4091 3952 4162 τοῖςᾲὲτγιστα.

2416 4166 2463 4216 Ζ
2471 4160 2768 4228 ήτειήΘεοῦ
2794 4178 2891 4214 σοι
2922 4164 3323 4229 χρηστότητα,
3354 4162 3610 4229 χρηστὸς
3638 4160 3745 4215 ὧν.

2422 4236 2480 4284 Τί
2506 4233 2909 4299 χρηστότητος
2934 4232 3121 4299 δόγμα
3150 4231 3637 4297 συντομώτερονς

2421 4298 2691 4365 Τοιοῦτος
2720 4300 2844 4352 ἴσθι
2875 4298 2995 4363 τοῖς
3026 4301 3225 4366 φίλοις
3250 4300 3349 4351 καὶ
3378 4300 3502 4363 τοῖς
3530 4299 3739 4364 πέλας,

2418 4372 2593 4435 Οἴους
2621 4367 2853 4432 σεαυτῷ
2877 4368 3095 4421 τούσδε
3121 4368 3439 4437 τυγχάνειν
3465 4368 3680 4434 θέλεις.

813 4478 1079 4548 Chrysost.
1104 4506 1175 4517 —
1195 4477 1342 4532 Deus
1365 4492 1474 4529 non
1503 4477 1679 4530 solum
1704 4491 1929 4530 munera
1949 4474 2305 4538 conferendo,

2486 4476 2974 4543 Χρυσοστ.-Οὐκ
2999 4475 3304 4545 εὐεργετῶν
3336 4475 3517 4545 μόνον,
3545 4475 3681 4528 ἀλλά
3701 4476 3796 4527 καὶ
3828 4476 3989 4529 κολά-

745 4584 935 4624 verum
966 4569 1133 4623 etiam
1159 4583 1348 4637 poenas
1384 4567 1699 4636 irrogando,
1730 4568 1909 4620 bonus
1950 4574 2005 4619 ct
2040 4565 2309 4635 benignus

742 4677 806 4715 ac
831 4661 1077 4715 clemens
1121 4668 1226 4712 est.
1257 4658 1390 4727 Ejus
1419 4657 1564 4711 enim
1594 4658 2089 4711 animadversionis
2121 4673 2186 4711 ac
2212 4672 2307 4735 ca:-

744 4752 1053 4822 stigatiunis
1078 4750 1196 4819 ipse
1230 4748 1348 4817 rigo
1370 4764 1417 4812 r,
1451 4746 1701 4801 beneficii
1721 4754 1884 4816 atque
1914 4746 2156 4799 muneris
2185 4760 2312 4814 pars

742 4842 979 4897 maxima
1028 4849 1134 4895 est.
1188 4838 1323 4893 Nam
1366 4845 1423 4892 et
1484 4837 1754 4901 medicus,
1807 4851 1917 4889 non
1960 4846 2093 4890 tunc
2131 4835 2308 4889 solum

743 4948 869 4991 cum
894 4932 954 4986 in
984 4931 1271 4985 hortorum
1298 4936 1694 4998 pratorumque
1722 4940 1959 4989 amoena,
1989 4934 2085 4979 aut
2109 4924 2165 4978 in
2195 4924 2311 4978 bal-

742 5039 879 5080 neas
934 5038 998 5076 ac
1044 5020 1285 5090 piscinas
1325 5018 1808 5096 educitagrotum
1833 5057 1848 5080 ,
1903 5016 2000 5071 sed
2029 5024 2242 5083 et.cum
2276 5030 2306 5069 a

743 5115 888 5171 cibis
910 5110 1303 5169 abstinentiam
1348 5108 1525 5180 jubet,
1558 5122 1685 5163 cum
1720 5116 1889 5173 secat,
1942 5122 2303 5162 cum-amara

817 5266 947 5321 "In
972 5264 1137 5321 Gesn.
1186 5261 1339 5318 Stob.
1380 5261 1500 5317 157.

2416 4568 2525 4631 ζων
2550 4566 2750 4634 ἁγαθός
2773 4569 2889 4619 ἐστι
2910 4566 3005 4619 καὶ
3022 4565 3405 4635 φιλάνθρωπος
3435 4568 3463 4619 ὁ
3491 4566 3643 4629 Θεός.
3663 4568 3775 4620 Καὶ
3797 4567 3907 4636 γάρ
3936 4568 3987 4619 αἱ

2418 4654 2668 4715 κολάσεις
2691 4652 2855 4708 αὐτοῦ
2877 4652 2969 4705 καὶ
2989 4653 3047 4705 al
3077 4652 3360 4722 τιμωρίαι,
3390 4654 3644 4723 μέγιστον
3665 4654 3988 4725 εὐεργεσίας

2423 4746 2589 4815 μέρος
2616 4744 2757 4796 είσίν
2782 4760 2797 4777 ο
2816 4744 2939 4796 ἐπεὶ
2964 4743 3056 4796 καὶ
3085 4742 3288 4812 ἰατρὸς,
3308 4744 3408 4813 οὐχ
3447 4744 3575 4797 ὅταν
3608 4746 3688 4807 είς
3727 4744 3983 4815 παραδεί-

2421 4850 2549 4895 σους
2588 4834 2684 4885 καὶ
2716 4831 2989 4902 λειμῶνας
3023 4832 3193 4903 ἐξάγῃ
3224 4833 3313 4885 τὸν
3342 4834 3620 4903 κάμνοντα
3662 4836 3846 4904 μόνον,
3880 4835 3985 4888 οὐδ’

2414 4918 2542 4970 ὅταν
2567 4920 2647 4982 είς
2682 4918 2937 4989 βαλανεῖα
2960 4921 3056 4973 καὶ
3073 4919 3455 4992 κολυμϐήθρας
3476 4922 3702 4987 ὐδάτων,
3732 4923 3871 4978 ἀλλὰ
3895 4926 3984 4979 καὶ

2413 5011 2542 5062 ὅταν
2565 5010 2753 5065 ἄσιτον
2780 5011 2981 5082 κελεύῃ
3010 5012 3310 5083 διαμεῖναι,
3348 5014 3476 5068 ὅταν
3497 5015 3695 5085 τέμνῃ,
3728 5016 3861 5069 ὅταν
3892 5033 3979 5068 πιο

2413 5102 2524 5173 κρά
2590 5103 2853 5173 προσάγει
2906 5104 3215 5174 φάρμακα,
3282 5104 3407 5158 τότε
3465 5104 3562 5158 καὶ
3610 5105 3794 5176 ῑατρός
3844 5107 3983 5159 ἔστιν

2235 5323 2465 5381 NOTAE.

820 5477 902 5548 (τι)
931 5474 1181 5548 Χριστὸς
1204 5470 1476 5548 χρηστρς
1505 5468 1609 5522 ὧν.
1642 5466 1885 5548 Utraque
1926 5462 2169 5548 editione
2214 5462 2318 5548 ad-

740 5535 856 5604 dita
882 5535 988 5599 νοτε
1026 5535 1254 5612 Sambi,
1282 5535 1440 5609 quasi
1462 5539 1617 5612 lo_cus
1642 5536 1713 5591 sit
1743 5535 2014 5612 ex_Ecgli_.
2046 5543 2320 5612 sumptus,

1618 5646 1630 5659 .
1670 5622 1761 5671 xv,
1808 5606 1861 5659 1.
1909 5603 2042 5673 Θεὸς
2092 5602 2322 5673 χρηστὸς

741 5618 886 5688 apud
914 5628 1078 5688 quem
1100 5606 1467 5688 non'__eﬁstat._
1503 5606 1610 5688 Sep

2428 5463 2632 5531 Κύριος
2662 5461 2915 5531 χρηστός,
2950 5459 3052 5514 etsi
3076 5459 3345 5531 brevitate
3382 5459 3614 5530 Χριστὸς
3643 5460 3827 5531 potius
3844 5460 3980 5531 scri-

2432 5529 2588 5601 ptum
2613 5529 2725 5601 es‘t.
2756 5530 3087 5601 Neciraliteri
3103 5529 3369 5584 Maximus
3421 5530 3717 5601 scripserit
3763 5545 3829 5583 ex
3865 5530 3978 5584 lau-

2431 5599 2560 5654 dato
2584 5602 2677 5655 illo
2708 5600 2835 5670 Sap.
2866 5599 3026 5670 Illud,
3046 5600 3279 5669 Χριστὸς
3318 5601 3568 5669 χρηστόςο,
3599 5599 3794 5652 durius
3819 5614 3974 5668 quam

740 5669 969 5755 dicitur,
1002 5684 1192 5752 bisque
1219 5680 1295 5735 illi
1324 5678 1504 5736 afliuia
1532 5669 1875 5731 tribuuntur.
1912 5672 2043 5727 Ball.
2093 5669 2321 5741 quoque
2433 5688 2531 5740 pro
2559 5672 2678 5741 ejus
2707 5669 2844 5724 vena
2875 5669 3149 5734 videatur,
3191 5684 3287 5723 nec
3327 5671 3671 5723 affectatione
3699 5683 3911 5724 carens.
