4200 6440
749 405 855 466 975

1877 391 1936 451 S.
1982 388 2268 449 MAXIM!
2310 386 2816 448 CONFESSORIS

3893 391 4002 452 976

818 515 1022 570 Basilii.
1061 513 1285 566 —(2um
1343 510 1497 562 bruta
1546 518 1808 576 mutaque
1855 504 2153 560 animantia
2206 517 2318 557 suae

2491 507 2706 558 Βασιλ.
2739 534 2808 545 -
2839 505 2901 557 Εἰ
2934 504 3002 560 τὰ
3031 505 3202 574 ἄλογα
3223 505 3550 575 ὲπινοητικὰ
3573 506 3667 559 καὶ
3687 506 4002 575 φυλακτικὰ

747 608 1035 662 consulam
1065 602 1226 658 saluti
1258 600 1473 668 sibique
1507 601 1728 653 solertia
1758 604 2098 660 caveant,ae
2121 593 2310 664 piscis,

747 696 881 767 quid
911 694 1014 750 sibi
1051 689 1495 763 prosequendum
1523 729 1536 754 ,
1598 689 1802 758 quidve
1847 685 2169 756 fugiendum
2201 684 2311 744 sit,

748 805 858 845 non
888 788 1123 848 nesciat;
1171 783 1306 854 quid
1340 798 1440 837 nos
1466 782 1670 836 dicturi
1706 795 1918 842 sumus,
1969 777 2064 847 qui
2105 774 2313 830 doctri-

748 880 835 934 nis
869 877 1094 937 exculti,
1151 873 1367 946 legibus
1416 871 1698 935 instituti,
1749 868 2039 940 promissis
2074 865 2312 929 invitati,

748 966 954 1038 Spiritu
980 965 1186 1031 edocti,
1219 966 1388 1020 mutis
1420 971 1602 1018 tamen
1625 959 1872 1029 piscibus
1896 973 1926 1011 a
1951 956 2164 1009 ratione
2199 970 2316 1008 ser-

747 1058 1038 1127 monisque
1075 1057 1228 1112 cultu
1277 1055 1450 1126 magis
1493 1050 1684 1116 alieni,
1740 1049 1849 1122 legi
1901 1046 2104 1102 cedere
2137 1061 2315 1113 recu-

744 1162 931 1204 eamus
959 1148 983 1202 ?

818 1234 964 1291 Fieri
995 1249 1106 1289 non
1145 1241 1333 1304 potest
1357 1241 1419 1287 ut
1441 1233 1489 1288 is
1510 1232 1743 1286 salutem
1788 1235 2164 1298 consequatur
2216 1225 2312 1295 qui

748 1325 1113 1381 Dcimandata
1142 1340 1251 1378 non
1275 1323 1612 1387 servaverit;
1639 1337 1740 1375 nec
1760 1329 1919 1375 vacat
1935 1320 2205 1390 periculo.
2229 1317 2314 1372 vel

747 1436 916 1474 unum
941 1419 1072 1489 quid
1097 1433 1288 1472 eorum
1320 1431 1442 1486 qua!
1468 1415 1627 1468 nobis
1647 1413 1757 1466 sint
1777 1420 2048 1482 praacepta
2070 1410 2314 1479 neglige-

746 1526 822 1564 re.
841 1510 1037 1564 Gravis
1055 1509 1203 1562 enim
1226 1507 1391 1563 elatio
1411 1514 1514 1566 est,
1535 1512 1594 1556 ut
1614 1504 1731 1571 ejus
1755 1502 1849 1571 qui
1867 1502 2044 1570 legem
2068 1499 2194 1552 tulit
2210 1495 2312 1566 ipsi

739 1600 953 1670 judices
969 1599 1277 1663 sedeamus,
1291 1597 1502 1664 aliaque
1520 1596 1638 1662 eius
1653 1593 1790 1646 scita
1802 1591 2188 1662 approbemus,
2207 1587 2313 1642 alia

746 1690 1120 1759 improbemus
1140 1704 1204 1742 ac
1221 1686 1557 1757 rejieiamus.
1587 1685 1723 1738 Cum
1757 1683 1905 1736 enim
1937 1688 2191 1750 oporteat
2213 1679 2311 1732 Dei

743 1779 1022 1834 hominem
1043 1779 1344 1848 perfectum
1366 1791 1509 1839 csse,
1533 1775 1760 1828 omnino
1782 1787 2007 1827 necesse
2031 1779 2188 1826 estut
2215 1784 2311 1838 per

743 1885 906 1923 omne
936 1869 1272 1932 mandatum,
1310 1869 1365 1921 in
1388 1882 1698 1921 mensuram
1722 1875 1943 1919 statum
1961 1862 2320 1933 plenitudinis

741 1959 946 2013 Clu-isti
992 1958 1206 2028 (Ephes.
1271 1974 1344 2020 tv,
1391 1958 1457 2010 15
1485 1955 1526 2026 ),
1571 1955 1939 2026 perﬁciatur:
1981 1951 2202 2022 quando
2249 1965 2316 2004 ex

743 2048 926 2101 divina
953 2047 1091 2116 lege,
1148 2061 1462 2115 quanquam
1498 2045 1765 2100 mundum
1793 2055 1880 2098 est
1912 2041 2061 2112 quod
2113 2040 2318 2094 immo-

745 2139 886 2194 latur
918 2139 1046 2209 [nisi
1082 2137 1389 2207 perfectum
1423 2152 1487 2190 ac
1548 2134 1850 2205 integrum]
1891 2141 2178 2202 acceptum
2205 2132 2318 2186 Deo

745 2232 798 2284 in
825 2229 1159 2284 sacriﬁcium
1187 2245 1295 2282 non
1329 2229 1599 2282 habeatur
1635 2226 1822 2297 (Leuit.
1867 2240 1995 2283 χχιι.
2026 2224 2139 2293 9.9).

817 2317 1077 2388 Theologi.
1110 2349 1179 2357 —
1205 2318 1262 2372 Si
1287 2317 1433 2386 quod
1468 2331 1710 2378 eramus,
1766 2327 2315 2384 persevaressemus,

743 2419 908 2479 atque
937 2409 1253 2463 mandatum
1281 2422 1676 2471 servassemus,
1707 2406 1758 2460 id
1781 2404 1928 2475 quod
1966 2421 2074 2458 non
2096 2417 2318 2458 eramus

746 2500 933 2569 utique
967 2501 1394 2554 exstitissemus.

815 2591 1042 2645 Dulcius
1070 2590 1200 2660 quid
1249 2598 1333 2643 est
1367 2588 1553 2643 doceri
1601 2588 1670 2642 de
1703 2589 1836 2650 Deo,
1887 2602 2051 2658 quam
2090 2585 2313 2640 docere.

817 2774 1012 2830 Verbis
1055 2774 1277 2842 quidem
1317 2787 1504 2843 parce,
1559 2770 1822 2840 operibus
1871 2779 2054 2823 autem
2097 2767 2316 2822 abunde

744 2868 1004 2936 pietatem
1022 2864 1318 2934 prodentes
1342 2881 1356 2928 ;
1388 2863 1682 2933 legumque
1700 2861 1884 2930 potius
1905 2860 2316 2922 observatione,

746 2973 912 3028 quam
963 2955 1109 3025 quod
1161 2955 1532 3024 legislatorem
1585 2951 1966 3013 admiremur,
2018 2950 2226 3005 amoris
2262 2951 2317 3004 in

746 3064 872 3104 eum
900 3049 1154 3102 allectum
1183 3045 1562 3100 ostendamus.

817 3139 1054 3209 Legibus
1103 3137 1384 3206 subjectus
1431 3150 1492 3189 es
1522 3151 1584 3189 ac
1630 3134 1934 3188 Dominicis
1968 3133 2196 3201 regulis,
2249 3149 2318 3187 ex

747 3249 980 3306 quarum
1007 3248 1199 3286 norma
1235 3231 1401 3284 vitam
1445 3237 1495 3282 te
1523 3242 1852 3296 componere
1900 3225 2178 3279 convenit.
2217 3227 2316 3280 At-

749 3340 857 3395 que
897 3325 948 3378 id
984 3323 1221 3392 primum
1248 3335 1313 3374 cx
1346 3319 1525 3389 teipso
1551 3318 1862 3379 considera,
1894 3317 2070 3385 ipsum
2098 3332 2318 3385 quoque

749 3417 991 3469 animum
1029 3424 1182 3466 tuum
1215 3410 1440 3465 virtutis
1472 3409 1765 3480 praeceptis
1795 3407 2041 3477 undique
2064 3423 2185 3463 esse
2215 3409 2317 3462 ob-

749 3504 996 3557 noxium.
1027 3503 1240 3571 Corpus
1266 3500 1432 3555 etiam
1490 3501 1611 3568 ejus
1639 3499 1732 3568 qui
1766 3498 2034 3560 condidit,
2064 3513 2296 3552 munere

749 3591 1028 3661 accepisti,
1069 3591 1313 3658 quinque
1343 3588 1599 3642 sensibus
1649 3587 1719 3640 ad
1769 3587 1895 3640 vitae
1937 3587 2126 3640 munia
2164 3602 2318 3641 com-

751 3683 1046 3737 munitum.
1083 3683 1159 3735 Ae
1187 3696 1253 3734 ne
1276 3680 1313 3734 ii
1352 3679 1577 3750 quidem
1613 3678 1775 3732 liberi
1803 3686 1956 3740 sunt,
1989 3678 2188 3746 suique
2219 3694 2317 3747 pe-

751 3773 900 3826 nitus
920 3771 1080 3842 juris,
1113 3771 1207 3825 sed
1235 3769 1436 3840 singuli
1476 3769 1694 3839 legibus
1725 3770 2042 3836 mancipati.
2073 3769 2320 3822 Primus-

748 3879 856 3934 que
887 3863 942 3917 in
963 3863 1044 3918 eis
1063 3862 1218 3916 audit
1249 3861 1443 3917 oculus
1471 3877 1485 3913 :
1520 3859 1677 3926 Vide,
1707 3860 1910 3929 inquit,
1956 3868 2013 3913 et
2051 3868 2318 3914 contuere

748 3970 871 4024 qua:
895 3955 1014 4009 visu
1037 3954 1268 4009 honesta
1294 3952 1434 4018 sint;
1458 3962 1718 4022 praastare
1742 3951 1871 4007 item
1901 3951 2079 4019 ipsum
2098 3966 2317 4014 eruere,

751 4046 844 4100 ubi
878 4045 1166 4100 inhoneste
1187 4053 1246 4098 et
1275 4059 1398 4113 quae
1429 4043 1595 4097 noxia
1624 4043 1760 4107 sint,
1794 4043 2075 4111 aspexerit
2107 4042 2316 4111 (Matth.

747 4134 994 4203 xvnl,9).
1039 4133 1202 4188 Auris
1240 4147 1462 4203 quoque
1503 4133 1562 4186 in
1601 4130 1880 4186 mandatis
1923 4131 2121 4196 habet;
2153 4131 2322 4185 habet
2356 4143 2359 4146 '

747 4233 805 4281 et
829 4226 990 4297 667
1023 4225 1212 4293 lingua
1244 4240 1309 4278 ac
1331 4223 1589 4278 similiter
1611 4237 1810 4277 sensus
1840 4222 2062 4289 reliqui.

815 4316 929 4371 Nec
945 4317 1260 4385 navigantes
1280 4321 1460 4368 tutum
1477 4321 1563 4368 est
1592 4322 1747 4366 extra
1773 4319 1992 4380 portum
2020 4311 2317 4380 appellere,

747 4420 852 4462 nec
922 4416 1074 4461 caret
1126 4405 1396 4476 periculo,
1430 4404 1524 4474 qui
1554 4404 1762 4467 vivant,
1792 4411 1943 4457 extra
1972 4403 2317 4473 disciplinam

745 4498 953 4554 vivere.
2359 4523 2404 4578 D

820 4588 979 4658 Leges
1007 4587 1305 4658 observans,
1338 4590 1534 4658 metum
1560 4581 1706 4658 foras
1748 4582 1942 4658 mittes;

814 4652 911 4714 Διί
941 4673 999 4710 eo
1019 4657 1157 4709 enim
1179 4656 1426 4708 immunis
1460 4661 1556 4716 est,
1585 4652 1819 4722 quisquis
1849 4652 1986 4721 leges
2015 4662 2206 4705 servat.

819 4771 936 4825 Duo
960 4779 1091 4824 sunt
1133 4767 1337 4838 quibus
1379 4767 1639 4836 regimur,
1680 4772 1955 4820 naturaet
1981 4765 2102 4827 lex;
2144 4766 2329 4822 vincit'

747 4871 930 4919 autem
964 4865 1140 4934 legem
1175 4872 1393 4917 natura.

815 4953 1003 5025 Chrys.
1022 4984 1092 4995 -—
1111 4955 1340 5009 Peccata
1368 4968 1435 5006 ex
1468 4953 1796 5007 necessitate
1819 4952 2115 5005 commissa
2144 4952 2312 5004 etiam

747 5046 896 5117 leges
920 5047 1100 5101 solent
1133 5045 1471 5100 condonare.

815 5138 1022 5208 Legum
1054 5152 1226 5208 genus
1253 5137 1471 5206 triplex:
1519 5137 1608 5191 lex
1667 5146 1897 5198 natum,
1961 5135 2049 5190 lex
2107 5137 2314 5198 scripta

748 5230 914 5301 Moysi
947 5229 1167 5293 tradita,
1197 5237 1253 5284 et
1276 5228 1360 5284 lex
1394 5228 1601 5298 gratias.

2423 595 2524 666 τῆς
2556 597 2735 651 αὐτῶν
2761 599 3038 667 σωτηρίας
3065 599 3194 658 είσί.
3225 599 3321 653 καὶ
3352 594 3460 652 οἵδε
3490 600 3552 652 τὸ
3579 599 3798 669 αἱρετὸν
3829 597 4002 652 αὐτοῦ

2421 689 2518 742 καὶ
2560 691 2620 742 τὸ
2669 690 2903 758 φευκτὸν
2950 685 3104 761 ἰχθύς
3131 708 3146 721 ·
3175 692 3230 745 τί
3265 691 3504 763 ἐροῦμεν
3549 693 3711 763 ἡμεῖς
3739 693 3789 745 οἱ
3815 693 4002 758 λόγοις

2421 783 2790 850 τετιμημένοι.
2832 783 2925 835 καὶ
2953 783 3138 852 νόμοις
3168 783 3612 854 πεπαιδευμένοι,
3642 781 4004 850 ἐπαγγελίαις

2423 873 2869 942 προτραπέντες,
2934 872 3214 942 Πνεύματι
3264 872 3658 942 σοφισθέντεςο
3708 868 3830 926 εἶτα
3886 872 4002 924 τῶν

2423 963 2630 1030 ἀλόγων
2662 962 2862 1032 ἰχθύων
2889 963 3226 1032 ἀλογώτερον
3260 964 3330 1017 τὰ
3361 964 3485 1017 καθ’
3508 963 3735 1026 ἑαυτοὺς
3763 961 4002 1016 διατιθέ-

2425 1069 2597 1122 μενοι,
2635 1054 2712 1125 μὴ
2737 1054 3048 1122 πειθόμενοι
3075 1054 3153 1125 τῷ
3177 1055 3329 1127 νόμῳ
3354 1055 3603 1108 ὑπείκειν
3631 1071 3647 1121 ;

2494 1205 2568 1258 Ού
2597 1204 2826 1260 δυνατὸν
2855 1205 3095 1276 σωθῆναι
3127 1205 3203 1276 μὴ
3234 1204 3493 1258 ποιοῦντα
3519 1203 3590 1256 τὰ
3621 1220 3726 1256 κατ
3774 1201 4002 1272 ἐντολὴν

2419 1295 2515 1350 τοῦ
2555 1296 2691 1348 Θεοῦ
2735 1296 2872 1366 ἔργα
2907 1311 2922 1327 ⁶
2949 1296 3074 1350 οὔτε
3114 1297 3178 1348 τὸ
3217 1296 3465 1366 παριδεῖν
3509 1312 3562 1348 τι
3600 1295 3710 1346 τῶν
3755 1309 3998 1364 προστε-

2421 1389 2710 1458 ταγμένων
2751 1390 3054 1443 ἀκίνδυνον.
3082 1388 3241 1457 Δεινὴ
3289 1387 3399 1457 γὰρ
3436 1389 3470 1456 ἠ
3512 1387 3766 1457 ἔπαρσις,
3802 1384 4002 1455 κριτὰς

2422 1480 2568 1549 ἡμᾶς
2598 1478 2692 1531 τοῦ
2736 1477 3024 1548 νομοθέτου
3065 1475 3414 1539 καθέζεσθαι,
3459 1475 3554 1526 καὶ
3598 1475 3726 1536 τοὺς
3759 1474 3861 1543 μὲν
3901 1474 3999 1540 ἐγ·

2422 1569 2629 1640 κρίνειν
2663 1567 2771 1622 τῶν
2801 1568 3002 1637 νόμων,
3033 1569 3160 1628 τοὺς
3185 1567 3241 1619 δὲ
3267 1564 3760 1636 παραπέμπεσθαι.
3791 1564 3852 1615 Εἰ
3886 1564 3997 1632 γὰρ

2420 1661 2502 1713 δεῖ
2546 1660 2752 1712 τέλειον
2785 1654 2926 1711 εἶναι
2963 1657 3054 1710 τὸν
3104 1657 3200 1711 τοῦ
3244 1656 3380 1710 Θεοῦ
3437 1656 3748 1724 ἄνθρωπον,
3777 1655 3995 1722 ἀνάγκη

2424 1754 2576 1804 πᾶσα
2611 1749 2699 1804 διὰ
2733 1749 2915 1819 πάσης
2940 1747 3165 1816 ἐντολῆς
3199 1747 3649 1818 καταρτισθῆναι,
3679 1747 3760 1810 εις
3794 1745 3997 1815 μέτρον

2350 1856 2389 1908 Β
2423 1841 2637 1910 ἡλικίας
2677 1838 2771 1893 τοῦ
2824 1838 3195 1908 πληρώματος
3231 1837 3324 1890 τοῦ
3369 1835 3612 1905 Χριστοῦ
3645 1851 3661 1867 ·
3695 1836 3818 1888 ἐπεὶ
3855 1834 3995 1888 κατὰ

2415 1931 2508 1984 τὸν
2555 1929 2702 1983 θεῖον
2743 1929 2908 1999 νόμον
2947 1928 3052 1981 κᾶν
3077 1921 3374 1999 καθαρὸνῇ
3401 1925 3494 1978 τὸν
3521 1925 3871 1994 τελούμενον,
3905 1923 3996 1995 [ἂν

2420 2022 2496 2094 μὴ
2516 2023 2718 2076 τέλειον
2744 2021 2838 2076 καὶ
2857 2017 3197 2090 ὁλόκληρον,]
3211 2016 3575 2086 ἀπρόσδεκτον
3601 2017 3677 2086 (q)
3703 2016 3782 2081 είς
3801 2015 3994 2069 θυσίαν

2415 2113 2494 2184 τῷ
2521 2113 2660 2185 Θεῷ.

2491 2284 2805 2350 Θεολότου.
2837 2313 2904 2323 —
2935 2282 2998 2334 Εί
3034 2281 3133 2351 μὲν
3165 2278 3260 2332 οῦν
3291 2277 3589 2349 ἐμείναμεν
3635 2277 3776 2347 ὅπερ
3825 2270 3989 2346 ἦμεν,

2421 2377 2513 2430 καὶ
2541 2376 2641 2446 τὴν
2672 2374 2891 2444 ἐντολὴν
2918 2373 3284 2442 ἐφυλαξαμεν,
3307 2368 3610 2438 ἐγενόμεθα
3631 2367 3698 2422 ἂν
3723 2369 3862 2437 ὅπερ
3895 2367 3991 2420 ούκ

2416 2465 2580 2539 ἦμεν.

2499 2561 2585 2622 Ὠς
2649 2559 2798 2630 ἥδιόν
2866 2576 2918 2612 τι
2991 2559 3338 2629 μανθάνειν,
3404 2560 3439 2629 ἦ
3504 2558 3783 2612 διδάσκειν
3862 2555 3992 2626 περὶ

2417 2651 2576 2705 Θεοῦ.

2491 2743 2646 2813 Λόγῳ
2701 2752 2800 2813 μεν
2864 2742 3216 2804 εὐσεῦοῦντες
3276 2740 3454 2807 ὀλίγα,
3488 2739 3638 2813 ἔργῳ
3691 2740 3749 2793 δὲ
3806 2740 3989 2792 πλείο-

2420 2853 2527 2890 να·
2599 2839 2693 2890 καὶ
2747 2839 2815 2906 τῇ
2876 2836 3109 2906 τηρήσει
3162 2833 3270 2886 τῶν
3323 2835 3504 2904 νόμων
3569 2833 3792 2903 μᾶλλον,
3829 2833 3863 2902 ἢ
3917 2831 3994 2902 τῷ

2421 2929 2722 2998 θαυμάζειν
2769 2927 2860 2980 τὸν
2913 2926 3231 2996 νομοθέτην,
3251 2926 3311 2978 τὸ
3357 2927 3485 2996 περὶ
3536 2925 3700 2979 αὑτὸν
3759 2925 3984 2994 φίλτρον

2421 3019 2692 3072 ὲπιδεικνύ
2699 3035 2875 3087 μενοι.

2490 3111 2694 3178 Νόμοις
2755 3109 3047 3161 ύπόκεισαι
3093 3108 3186 3160 καὶ
3234 3110 3426 3160 κανόσι
3461 3108 3832 3169 Δεσποτικοῖς,
3873 3106 3994 3158 καθ’

2423 3202 2515 3266 οὓς
2569 3218 2628 3254 σε
2667 3204 2933 3272 προσήκει
2976 3198 3094 3270 ζῇν.
3126 3199 3237 3252 Καὶ
3271 3199 3429 3252 τοῦτο
3467 3199 3574 3252 ἀπὸ
3604 3198 3805 3251 σαυτοῦ
3838 3200 3991 3268 ττρῶ-

2417 3311 2510 3348 τον
2574 3294 2935 3362 κατανόησον,
2969 3295 3051 3346 ὅτι
3108 3292 3203 3344 καὶ
3256 3293 3289 3360 ἠ
3335 3292 3480 3360 ψυχή
3513 3308 3606 3343 σου
3655 3291 3995 3359 πανταχόθεν

2418 3390 2526 3450 τοῖς
2558 3385 2659 3456 τῆς
2695 3384 2899 3456 ἀρετῆς
2924 3384 3208 3436 ὑπόκειται
3249 3381 3725 3451 παραγγέλμασιν.
3758 3381 3995 3446 Ἕλαὸες

2419 3479 2512 3531 καὶ
2542 3477 2704 3544 σῶμα
2731 3481 2884 3546 παρὰ
2905 3474 2998 3527 τοῦ
3027 3474 3346 3538 κτίσαντος,
3371 3473 3533 3526 πέντε
3561 3473 3884 3541 αἰσθήσεσιν
3914 3475 3994 3536 είς

2419 3568 2517 3630 τὰς
2563 3567 2663 3637 τῆς
2719 3567 2862 3636 ζωῆς
2902 3565 3089 3636 χρείας
3115 3563 3592 3634 οίκονομούμενον.
3633 3565 3752 3616 Εἰσὶ
3778 3564 3834 3615 δὲ
3864 3564 3990 3618 οὐδὲ

2421 3657 2588 3714 αὗται
2637 3658 2912 3728 ἐλεύθεροι
2959 3661 3052 3712 καὶ
3086 3661 3412 3728 αὐτόνομοι·
3447 3659 3561 3711 ἀλλ’
3596 3659 3796 3728 ἑκάστη
3831 3659 3992 3729 δούλη

2420 3754 2601 3822 νόμων
2625 3752 2764 3806 ἐστί.
2799 3753 2910 3806 Καὶ
2941 3749 3154 3822 πρῶτος
3189 3750 3380 3804 ἀκούει
3409 3753 3436 3804 ό
3465 3751 3768 3820 ὀφθαλμός.
3793 3750 3994 3814 Βλέπε,

2423 3844 2608 3916 φησὶν,
2641 3845 2738 3898 καὶ
2786 3843 2983 3914 θεώρει
3026 3842 3061 3897 ἃ
3121 3842 3342 3912 βλέπειν
3389 3841 3554 3893 καλόν
3587 3858 3599 3869 ·
3637 3842 3750 3901 καὶ,
3780 3840 3993 3909 βέλτιον

2421 3937 2712 3990 ἐκκόπτειν
2741 3933 2924 3995 αὑτὸν,
2958 3935 3085 3988 ὅταν
3107 3931 3318 3986 ἄτακτα
3356 3932 3529 4003 βλέπῃ
3553 3933 3644 3984 καὶ
3695 3931 3991 4002 ἐπιζήμια.

2429 4027 2580 4096 Ἔχει
2612 4026 2707 4079 καὶ
2730 4027 2763 4096 ή
2788 4025 2925 4094 ἀκοὴ
2958 4025 3353 4094 παράγγελμα,
3385 4023 3480 4076 καὶ
3507 4024 3539 4092 ή
3565 4021 3786 4090 γλῶσσα
3817 4024 3912 4075 καὶ
3941 4026 3994 4076 αἱ

2422 4119 2608 4172 λοιπαὶ
2631 4117 2855 4188 ὁμοίως.

2493 4300 2630 4354 Οὔτε
2675 4299 2939 4361 πλέοντας
2971 4296 3122 4369 παρὰ
3167 4299 3331 4350 τόπον
3356 4297 3547 4365 ὁρμεῖν
3585 4295 3848 4362 ἀσφαλὲς,
3870 4293 3992 4346 οὗτε

2423 4394 2630 4459 ζῶντας
2651 4393 2804 4464 παρὰ
2831 4392 2995 4462 νόμον
3027 4389 3176 4462 βιοῦν
3205 4388 3504 4442 ἀκίνδυνον.

2505 4567 2737 4628 Νόμους
2764 4560 3100 4631 φυλάττωῇ
3129 4557 3512 4631 τοὺςῗφόᾷονς
3533 4556 3647 4614 ἔξω
3678 4555 3889 4631 ,ϐφῖεΐς
3909 4569 3922 4581 ·

2503 4627 2695 4688 Φόϐου
2718 4627 2826 4701 γὰρ
2847 4632 2961 4694 ἔξω
2984 4630 3101 4694 πᾶς
3123 4632 3154 4680 ό
3186 4630 3290 4679 τοῦ
3323 4627 3510 4694 νόμου
3539 4627 3742 4692 φύλαξ
3759 4659 3770 4667 -

2493 4747 2596 4800 Δύο
2637 4747 2733 4815 μὲν
2782 4745 2850 4796 τὰ
2887 4743 3141 4808 διάγοντα
3171 4741 3318 4809 ἡμᾶς
3349 4741 3463 4791 ἐστι
3493 4753 3505 4766 ·
3554 4737 3716 4805 φύσις
3751 4739 3846 4789 καὶ
3906 4737 3995 4789 νό-

2427 4856 2525 4908 μος
2561 4852 2573 4864 ·
2603 4838 2796 4906 κρατεί
2822 4834 2877 4887 δὲ
2904 4832 2999 4886 τοῦ
3029 4832 3194 4900 νόμου
3226 4832 3258 4898 ἡ
3292 4829 3472 4896 φύσις.

2497 4931 2796 4996 Χρυσοστ.
2832 4955 2901 4964 —-
2937 4925 3114 4976 Ἴσασι
3142 4922 3232 4974 καὶ
3267 4921 3314 4972 οἱ
3361 4919 3514 4988 νόμοι
3557 4919 3626 4970 τὰ
3656 4918 3714 4982 ἐξ
3754 4935 3998 4992 αναγκης

2429 5012 2822 5082 συγγινώσκειν
2848 5011 3069 5082 ἁμαρτῆ
3081 5027 3244 5079 ματα.

2497 5119 2624 5189 Είδη
2655 5119 2761 5172 τῶν
2788 5117 2964 5186 νόμων
2989 5115 3134 5185 τρία·
3165 5115 3324 5182 νόμος
3351 5115 3378 5166 ὁ
3403 5114 3498 5182 τῆς
3525 5112 3760 5181 φύσεως,
3787 5113 3952 5183 νόμος
3972 5113 4001 5164 δ

2426 5211 2520 5265 τοῦ
2572 5211 2918 5281 γράμματος,
2942 5211 2969 5262 ὁ
3012 5209 3090 5279 τῷ
3133 5209 3359 5262 Μωῦσεῖ
3401 5205 3579 5269 δοθεὶς
3603 5245 3618 5270 ,
3647 5208 3811 5276 νόμος
3838 5207 3866 5258 ὁ
3902 5204 4000 5274 τῆς

2427 5305 2672 5376 χάριτος.

2253 5438 2294 5492 Ν
2301 5438 2483 5494 ΟΤᾹΞ.

818 5565 893 5636 (q)
944 5565 1070 5618 Κᾶν
1094 5561 1375 5636 καβίιρόκ,
1427 5559 1860 5636 ἀπρόσρεκξρν.
1914 5557 2195 5636 Quod__vel_
2220 5558 2316 5613 dc-

746 5629 1040 5700 sidéretur,
1097 5633 1184 5689 vel
1239 5632 1574 5686 insinuatum
1624 5631 1825 5685 Basilio
1882 5630 1973 5685 sit.
2023 5629 2312 5698 adjeci,ac

746 5709 993 5762 clausum
1030 5699 1411 5772 repraasento.
1484 5701 1666 5756 Palam
1727 5701 1875 5772 enim
1928 5710 2050 5772 est,
2104 5699 2311 5772 referre

748 5777 925 5832 Leﬂt.
960 5791 1089 5835 xx",
1119 5770 1211 5838 95,
1247 5771 1340 5827 ubi
1376 5772 1658 5837 integritas
1702 5771 1881 5833 vituli,
1919 5779 1978 5824 ut
2011 5771 2082 5824 sit
2128 5770 2310 5822 hostia

2424 5565 2669 5626 accepta,
2700 5555 3057 5618 describitur,
3093 5564 3294 5626 praeter
3319 5554 3442 5626 ejus
3466 5553 3716 5623 ἄμωμον,
3744 5550 3995 5626 quodest

2419 5622 2652 5696 paritas.
2694 5628 2874 5696 thue
2916 5627 2970 5681 in
3029 5622 3278 5684 victima.
3325 5628 3405 5679 sic
3432 5625 3486 5678 in
3511 5622 3719 5696 nostra
3756 5622 3993 5696 justitia.

2419 5690 2643 5819 necesse
2668 5705 2728 5752 ut
2749 5690 2909 5769 plena
2946 5697 3038 5762 sit,
3072 5706 3379 5766 cunctaque
3407 5694 3653 5764 impleat,
3677 5700 3738 5748 ut
3757 5690 3894 5747 'Deo
3921 5690 3995 5745 sit

2419 5784 2451 5822 ι)
2477 5783 2557 5822 ac:
2590 5784 2641 5820 a.

2419 5784 2641 5837 placata.
