4200 6440
191 361 305 423 977
1524 371 1691 431 LOCI
1732 372 2057 435 COMMUN
2061 377 2169 436 ES.
3359 382 3464 446 9'78

268 473 623 566 Ζαλεύκου.
657 506 727 518 --
751 476 1016 542 Ζάλευκος
1048 479 1074 531 ὁ
1109 480 1215 534 τῶν
1247 481 1472 552 Λοκρῶν
1503 483 1773 553 νομοθέτης

1849 490 1896 545 Α
1992 488 2268 547 Zaleucus.
2301 524 2369 534 —
2427 495 2691 551 Zaleucus
2743 494 3095 551 Locrensium
3165 495 3483 566 legislator,’

188 564 329 626 τοὺς
351 565 566 635 νόμους
577 568 686 629 τοῖς
703 568 975 638 ἀραχνίοις
994 565 1143 623 εἶπεν
1162 572 1377 641 ὁμοίους
1390 568 1547 627 εἶναι.
1571 575 1679 627 Καὶ
1695 574 1773 645 γὲι1

1904 581 2051 651 leges
2083 582 2262 637 aiebat
2282 600 2606 640 aranearum
2635 587 2759 640 telis
2778 588 2984 641 similes
3011 602 3153 643 esse.
3179 587 3293 643 Illis
3313 591 3462 644 enim

187 654 279 749 ei;
303 654 509 711 ἐκεῖνα
541 656 637 710 ἐὰν
654 659 868 728 ἐμπέσῃ
905 659 1081 729 μυῖαῆ
1107 660 1327 730 κώνωψ,
1354 662 1641 733 κατέχεται
1668 678 1681 692 ·
1707 662 1771 715 ἑὰ

1902 672 1948 725 si
1991 688 2176 727 musca
2217 675 2299 728 vel
2328 676 2485 730 culex
2520 676 2801 740 inciderit,
2838 676 3151 743 detinetur;
3184 678 3271 733 sin
3298 692 3463 749 vespa

185 743 251 796 δὲ
292 745 514 817 σφὴξῆ
546 747 800 817 μέλισσα,
832 748 1172 819 διαρῤἡξασα
1209 751 1521 819 ἀφίσταται.
1573 753 1662 805 Ἐν
1684 754 1773 804 τοι

1898 772 1995 818 aut
2017 765 2154 833 apis,
2177 765 2380 820 lacerat
2410 768 2571 821 telam
2587 776 2641 821 et
2664 767 2864 821 avolat.
2895 766 2961 819 Et
2984 765 3039 819 in
3066 766 3233 836 leges,
3256 767 3300 822 si
3330 743 3464 837 pau-

186 837 404 905 νὸμοις
470 839 567 892 ἐὰν
631 839 849 910 ἐμπέσῃ
913 841 1083 910 πένης
1115 882 1130 905 ,
1195 842 1519 912 συνέχεται·
1590 843 1687 897 ἐὰν
1740 845 1773 896 δ

1898 868 1997 923 per
2026 855 2315 921 inciderit',
2349 857 2648 925 detinetur;
2675 858 2760 913 sin
2784 858 2941 913 dives
2961 857 3232 927 quispiam
3254 868 3350 913 aut
3380 858 3463 914 di-

186 927 488 993 πλοὺσιος
542 930 575 1000 ἢ
636 931 859 995 δυνατὸς
916 932 1096 999 λέγειν
1126 978 1141 999 ,
1199 934 1497 1005 διαί.ρήξας
1562 936 1773 1007 ἀποτρὲ

1898 955 2099 1012 sertus,
2135 962 2500 1018 perrumpens
2541 950 2743 1004 evadit.

186 1034 303 1086 χει.

266 1110 770 1169 Σόλωνα-Σόλων
794 1113 1091 1183 ἐρωτηθεὶς
1117 1114 1221 1167 ὑπό
1248 1131 1411 1178 τινος,
1449 1114 1569 1177 πῶς
1596 1115 1792 1186 ἄριστα

1985 1134 2165 1178 οοιοη.
2199 1154 2269 1164 —-
2302 1124 2491 1189 Solon,
2522 1125 2894 1194 interrogante
2923 1122 3182 1193 quodam,
3215 1121 3457 1187 Quomo~

186 1199 250 1250 ai
305 1200 511 1263 ⁴πόλεις
557 1202 869 1267 οἰκοῦνται,
930 1202 1070 1276 ἔφη·
1137 1205 1263 1258 Ἐὰν
1322 1205 1421 1275 μὲν
1472 1206 1524 1257 οἱ
1580 1205 1768 1259 πολίτα

1892 1213 1965 1269 do
2020 1214 2275 1269 civitates
2313 1216 2519 1285 Optime
2568 1214 2972 1278 habitarentur,
3007 1213 3185 1268 dixit:
3221 1211 3278 1266 Si
3310 1209 3459 1265 cives

185 1292 318 1351 τοῖς
389 1290 626 1362 ἄρχουσι
680 1292 1021 1359 πείθωνται,
1080 1294 1129 1349 οί
1173 1295 1228 1349 δὲ
1282 1296 1540 1367 ἄρχοντες
1570 1297 1682 1359 τοῖς
1707 1299 1773 1350 νά

1890 1295 2320 1376 magistratibus,
2354 1307 2708 1376 magistratus
2736 1320 2869 1359 vero
2897 1303 3110 1374 legibus
3148 1302 3458 1371 obsequan-

191 1397 356 1449 μοις.

263 1472 617 1539 Δημάδους.
637 1462 842 1539 -Τοϊς
875 1476 974 1546 μὲν
1003 1475 1229 1541 δούλοις,
1263 1477 1532 1548 ήὰνάγκη
1571 1477 1734 1547 νόμος
1770 1495 1782 1508 '

185 1563 317 1624 τοῖς
346 1563 413 1615 δὲ
438 1564 762 1635 ἐλευθέροις,
787 1568 815 1619 ὁ
836 1568 998 1636 νόμος
1020 1568 1253 1637 ἀνάγκη.

278 1653 682 1721 Ἐπικτήτου.
715 1686 781 1702 σ-
806 1657 989 1726 Νόμος
1045 1656 1295 1728 βούλεται
1333 1658 1431 1728 μὲν
1472 1660 1783 1728 εὐεργετεῖν

187 1739 318 1809 βίον
362 1744 675 1815 ἀνθρώπων
713 1765 726 1779 ·
761 1748 821 1801 οὗ
847 1748 1073 1801 δύναται
1098 1748 1154 1801 δὲ
1180 1749 1307 1802 ὅταν
1330 1749 1483 1802 αὐτοὶ
1533 1749 1770 1818 βούλων-

184 1820 286 1887 ται
321 1838 565 1909 πάσχειν
587 1838 679 1911 (r).
716 1841 804 1893 Ἑν
833 1840 944 1912 γὰρ
970 1844 1084 1905 τοῖς
1126 1842 1471 1913 πειθομένοις
1516 1842 1783 1896 ἐνδείκνυ-

182 1940 285 1978 ται
318 1926 432 1995 τὴν
463 1928 603 1984 ίδίαν
624 1932 845 2003 ἀρετήν.

266 2018 496 2089 Ὥσπερ
542 2023 655 2085 τοίς
707 2022 954 2078 νοσοῦσιν
988 2024 1166 2095 ίατροὶ
1205 2027 1471 2098 σωτῆρες,
1502 2028 1644 2082 οὕτω
1687 2031 1780 2083 καὶ

184 2110 311 2172 τοῖς
342 2109 725 2181 ἀδικουμένοις
751 2114 799 2166 oi
824 2116 1002 2184 νόμοι.

263 2200 457 2272 Νόμοι
482 2203 841 2275 ἀληθέστατοι
863 2207 910 2259 οί
940 2206 1274 2264 δικαιότατοι
1293 2239 1305 2251 ο

266 2379 454 2450 Νόμῳ
482 2381 580 2434 καὶ⁹
614 2382 840 2452 ἄρχοντι
879 2382 975 2437 καὶ
1020 2383 1098 2455 τῷ
1142 2387 1437 2459 σοφωτέρῳ
1469 2391 1636 2444 είκειν
1684 2394 1776 2446 κό-

190 2486 390 2539 σμιον.

233 2560 359 2703 [Td
405 2561 557 2635 παρὰ
599 2563 763 2636 νόμον
793 2565 1079 2637 γινόμενα,
1106 2567 1229 2621 ἀντὶ
1254 2568 1330 2639 μὴ
1361 2572 1663 2642 γινομένων
1696 2575 1775 2627 εί-

254 2671 307 2703 ν.

192 2667 307 2707 σιν.

275 2747 547 2812 Δημοσθ.
587 2774 654 2788 —
700 2747 1053 2819 Δημοσθένης
1088 2749 1117 2802 ὁ
1155 2750 1343 2821 ῥήτωρ
1395 2750 1522 2822 ἔφη,
1568 2754 1773 2818 πόλεως

191 2831 344 2889 εἶναι
373 2837 475 2907 τὴν
490 2837 688 2908 ψυχὴν,
713 2841 839 2903 τοὺς
865 2839 1303 2913 νόμους.”Ωσπερ
1329 2844 1438 2915 γὰρ
1467 2845 1629 2917 σῶμα
1656 2863 1775 2901 στε-

193 2923 373 2995 ρηθὲν
393 2925 572 2996 ψυχῆς
593 2926 803 2992 πίπτει,
825 2926 966 2983 οὕτω
988 2930 1081 2983 καὶ
1105 2929 1280 2998 πόλις,
1310 2932 1384 3003 μὴ
1405 2933 1574 2989 ὄντων
1595 2935 1775 3007 νόμων

193 3016 558 3073 καταλύεται.

1893 1404 2005 1448 ῙΙΙΓ.

1957 1485 2300 1541 Demadis.—-
2329 1485 2513 1541 Servis
2534 1486 2756 1555 quidem
2784 1487 3087 1543 necessitas
3116 1486 3202 1540 lex
3233 1496 3352 1550 est;
3390 1484 3458 1540 li-

1887 1575 2035 1630 beris
2074 1586 2285 1641 autem,
2310 1577 2396 1630 lex
2450 1578 2750 1631 necessitas
2777 1578 3013 1632 exsistit.

1955 1666 2280 1736 Epicteti.—
2312 1667 2476 1737 Legis
2497 1682 2700 1737 scopus
2727 1675 2835 1731 est,
2860 1676 2921 1722 ut
2944 1667 3013 1721 de
3051 1667 3339 1721 hominum
3362 1665 3445 1720 vi-

1888 1767 1939 1811 ta
1972 1758 2111 1813 bene
2143 1767 2448 1822 mereatur;
2478 1773 2580 1812 nec
2621 1766 2804 1812 tamen
2845 1764 3048 1827 potest,
3081 1770 3207 1810 cum
3239 1756 3317 1812 illi
3349 1754 3451 1825 ipsi

1886 1848 2026 1902 male
2057 1848 2258 1902 habere
2290 1849 2482 1903 velint.
2506 1848 2647 1913 Quid
2678 1849 2824 1901 enim
2844 1846 3161 1916 valeatejus
3180 1846 3356 1900 virtus
3390 1843 3447 1897 in

1884 1940 1991 1993 illis
2020 1940 2282 2003 ostendit,
2314 1939 2406 2008 qui
2436 1940 2485 1993 ei
2519 1954 2726 1992 morem
2755 1946 2971 2007 gerunt.

1950 2031 2421 2098 Quemadmodum
2479 2030 2641 2098 :egris
2705 2028 2903 2082 medici
2967 2035 3294 2090 servatores,
3367 2026 3451 2081 sic

1878 2134 1933 2177 et
1974 2122 2042 2176 iis
2072 2122 2168 2191 qui
2203 2121 2410 2190 injuria
2438 2119 2776 2183 alﬁciuntur,
2804 2119 2972 2188 leges.

1950 2215 2123 2284 Leges
2181 2212 2482 2268 verissima:
2532 2220 2684 2275 sunt,
2743 2227 2865 2281 qua:
2930 2223 3143 2264 summa
3193 2209 3449 2264 nituntur

1876 2306 2157 2373 :equitatc.

1952 2394 2077 2464 Legi
2116 2402 2173 2447 et
2220 2392 2479 2462 principi,
2505 2405 2570 2445 ac
2590 2391 2642 2445 ei
2681 2390 2775 2459 qui
2798 2389 3083 2460 sapientia;
3118 2388 3282 2443 laude
3307 2403 3446 2458 pra-

1877 2482 2302 2555 pollet,cedere,
2329 2482 2599 2537 modestia
2638 2489 2695 2536 et
2724 2482 2985 2535 honestas
3020 2479 3271 2534 suadent.

1944 2577 2076 2642 Quae
2101 2573 2240 2629 ﬁunt
2263 2581 2463 2644 praeter
2491 2574 2688 2643 legem,
2729 2582 2991 2642 tanquam
3017 2586 3127 2627 non
3153 2568 3294 2624 facta
3343 2569 3444 2623 ha-

1877 2666 2057 2721 benda
2090 2674 2237 2720 sunt.

1950 2756 2295 2812 Demosth.—
2323 2755 2719 2810 Demosthenes
2763 2759 2971 2815 orator,
3030 2748 3275 2806 civitatis
3329 2749 3447 2803 ani—

1879 2861 2023 2901 mam
2066 2846 2222 2915 leges
2261 2859 2382 2899 esse
2420 2843 2658 2897 dicebat.
2717 2841 2786 2897 Ut
2823 2840 2967 2895 enim
3026 2852 3249 2908 corpus,
3295 2836 3442 2906 quod

1875 2938 2054 2993 anima
2082 2945 2288 3000 careat,
2309 2936 2578 2991 emoritur
2602 2976 2614 2999 ,
2656 2934 2736 2988 sic
2774 2940 2831 2987 et
2867 2931 3062 2986 civitas
3099 2929 3268 2983 nullis
3296 2942 3446 2983 ceu.-

1877 3030 2086 3083 munita
2116 3029 2326 3097 legibus
2349 3027 2690 3082 dissolvitur.

267 3109 497 3176 Κύρσυ.
523 3140 594 3151 —-
632 3108 694 3165 '0
754 3111 917 3176 αὐτὸς
970 3112 1291 3184 ἐρωτηθεὶς,
1344 3114 1510 3179 Τίνας
1555 3115 1773 3179 ἀδίκους

1838 3128 1843 3179 '.
1949 3118 2093 3190 Cyri.
2121 3148 2189 3159 -—
2215 3118 2778 3186 ldeminterrogatus,
2812 3114 3088 3181 Quosnam
3140 3112 3442 3167 arbitrare-

193 3195 447 3334 ννὲμίζειις
491 3193 676 3261 srvat;
725 3200 861 3264 Τοὺς
934 3201 1008 3272 μὴ
1064 3201 1409 3273 χρωμένους,
1469 3199 1591 3257 εἶπε
1620 3247 1635 3270 ,
1691 3204 1769 3275 τῷ

264 3299 375 3334 μω.

262 3299 608 3442 ιεὲοφράστ.
638 3405 704 3418 -
743 3376 970 3446 ὐλίγων
1001 3380 1049 3432 oi
1079 3380 1275 3448 ἁγαθοὶ⁸
1298 3382 1478 3452 νόμων
1503 3383 1715 3440 δέονται
1749 3405 1761 3417 ·

194 3460 261 3514 οὐ
290 3463 405 3534 γὰρ
436 3464 505 3517 τὰ
526 3464 827 3536 πράγματα
876 3468 1011 3539 πρὸς
1038 3470 1164 3533 τοὺς
1190 3471 1411 3541 νόμους,
1437 3472 1556 3527 ἀλλ’
1584 3476 1632 3528 oi
1681 3477 1770 3529 νό-

200 3567 299 3621 μοι
331 3554 469 3627 πρὸς
489 3554 559 3608 τὰ
588 3557 888 3628 πράγματα
916 3557 1178 3614 τίθενται.

284 3643 641 3730 Ἀνωνύμου.
703 3678 773 3689 -
818 3650 1131 3722 Κρατίστην
1176 3647 1314 3706 εῖναι
1370 3655 1766 3730 δημοκρατίαν,

199 3731 260 3785 ὲν
310 3726 345 3807 ᾗ
407 3735 459 3788 oi
516 3737 716 3803 πάντες
765 3739 843 3805 ὡς
890 3741 1154 3813 τύραννον
1196 3726 1485 3813 φοϐοῦνται
1539 3726 1633 3803 τὸν
1682 3751 1769 3804 νό-

202 3840 329 3894 μον.

285 3919 687 3991 Ἀρκεσίλαος.
742 3954 815 3966 -
887 3927 1236 4000 Ἀρκεσίλαος
1288 3934 1477 4000 ἔλεγεν
1508 3950 1523 3965 ο
1557 3934 1769 4006 ’Ὠσπερ

202 4006 340 4074 ὅπου
377 4009 644 4081 φάρμακα
693 4014 863 4069 πολλὰ
917 4019 1013 4071 καὶ
1062 4019 1236 4091 ἰατροὶ
1283 4020 1490 4086 πολλοὶ,
1540 4020 1771 4076 ἐνταῦθα

202 4097 352 4153 νόσοι
408 4100 653 4157 πλεῖσται
682 4119 698 4134 ο
736 4104 878 4159 οὕτω
911 4106 975 4179 δὴ
1012 4110 1108 4163 καὶ
1146 4110 1280 4165 ὅπου
1308 4110 1462 4181 νόμοι
1495 4112 1734 4166 πλεῖστοι
1754 4151 1770 4177 ,

203 4185 325 4241 ἐκεῖ
348 4183 492 4244 εἶναι
519 4191 614 4246 καὶ
638 4192 851 4249 ἀδικίαν
878 4199 1161 4269 μεγίστην.

775 4329 991 4383 ΛΟΓΟΣ
1013 4330 1119 4385 ΝΘ⁸
1158 4334 1220 4387 ³⁷.

557 4417 697 4484 Περὶ
724 4419 969 4487 λογικοῦ
989 4422 1087 4475 καί
1110 4424 1423 4493 λογισμοῦ.

276 4526 462 4579 Δουκ.
493 4524 567 4591 ς’.
593 4557 664 4571 —-
696 4528 757 4581 '0
784 4530 989 4599 ἀγαθὸς
1006 4532 1314 4604 ἄνθρωπος,
1342 4538 1407 4590 ὲκ
1439 4539 1536 4592 τοῦ
1568 4541 1776 4609 ἀγαθοῦ

211 4610 487 4684 θησαυροῦ
521 4617 620 4687 τῆς
642 4619 867 4690 καρδίας
893 4622 1146 4677 ἐκϐάλλει
1193 4626 1374 4695 ἁγαθά
1400 4643 1413 4657 ο
1452 4631 1547 4683 καὶ
1595 4633 1625 4684 ὁ
1678 4650 1777 4686 πο-

208 4707 375 4776 νηρὸς
400 4707 687 4780 ἄνθρωπος
727 4712 792 4765 ἐκ
820 4712 913 4767 τοῦ
951 4716 1186 4786 πονηροῦ
1215 4719 1492 4791 θησαυροῦ
1522 4722 1772 4779 ἐκϐάλλει

208 4799 445 4870 πονηρά.

279 4892 600 4959 ΒΚορινθ.
644 4899 795 4949 ι’.-
826 4892 909 4948 Τὰ
959 4896 1068 4966 γὰρ
1128 4897 1268 4952 ὅπλα
1319 4901 1419 4969 τῆς
1485 4907 1771 4973 στρατείας

210 4981 373 5051 ἡμῶν
400 4982 462 5035 οὐ
492 4984 753 5054 σαρκικὰ,
780 4985 920 5040 ἀλλὰ
943 4986 1148 5043 δυνατὰ
1174 4988 1249 5060 τῷ
1270 4991 1390 5063 Θεῷ
1419 4994 1556 5065 πρὸς
1575 4996 1769 5051 καθαί-

278 5138 326 5172 ³⁷
346 5137 407 5195 In
437 5138 603 5200 Gesn.
626 5144 843 5204 Stobaeo
870 5148 960 5205 26.

1869 3219 1957 3264 tur
1985 3208 2217 3279 injustos
2243 3221 2396 3273 esse;
2423 3207 2550 3273 Eos,
2576 3204 2881 3275 respondit,
2922 3204 3017 3274 qui
3069 3218 3178 3257 non
3209 3210 3441 3257 utantur

1871 3299 2016 3368 lege.

1943 3385 2490 3458 Theophrast.—Qui
2543 3384 2673 3439 boni
2724 3398 2789 3438 ac
2843 3382 3003 3453 probi
3068 3392 3222 3445 sunt,
3255 3380 3445 3451 paucis

1868 3489 2031 3552 egent
2060 3481 2299 3548 legibus;
2343 3494 2451 3532 non
2489 3476 2635 3533 enim
2667 3475 2883 3544 negotia
2923 3489 3020 3544 pro
3066 3474 3249 3543 legum
3278 3472 3448 3525 ratio-

1869 3587 1961 3634 ne,
1987 3570 2081 3625 scd
2110 3578 2274 3639 prout
2300 3567 2519 3636 negotia
2551 3566 2797 3635 exigunt,
2823 3561 3090 3633 ponenda:
3122 3568 3250 3616 sunt
3277 3560 3442 3630 leges.

1944 3661 2161 3715 Incerti.
2192 3690 2262 3700 —
2286 3657 2806 3714 Praestantissimum
2841 3670 2963 3710 esse
3000 3654 3321 3725 pepularem
3338 3661 3449 3708 sta-

1871 3764 2009 3817 tum,
2075 3753 2129 3806 in
2191 3767 2301 3820 quo
2334 3765 2525 3805 omnes
2561 3749 2735 3819 legem
2794 3746 2946 3802 velut
2985 3756 3276 3816 tyrannum
3328 3760 3445 3799 me-

1871 3852 2106 4007 ωιὲὲε
2130 3932 2449 3989 Arcesilam.
2482 3959 2551 3972 -—
2578 3929 2773 3985 Aiebat
2794 3928 3142 3983 Arcesilaus:
3170 3926 3327 3983 Sicut
3352 3926 3445 3981 ubi

1874 4027 2399 4083 medicamentorum
2439 4037 2505 4077 ac
2545 4022 2885 4078 medicorum
2939 4020 3097 4089 conia
3123 4028 3229 4085 est,
3256 4018 3332 4073 ibi
3392 4026 3448 4073 et

1876 4120 2192 4174 morborum
2213 4117 2449 4188 plurima
2468 4115 2654 4179 labes;
2691 4114 2771 4168 sic
2804 4123 2861 4168 et
2884 4114 2977 4167 ubi
3006 4113 3256 4182 plurima“:
3275 4113 3442 4182 leges,

1877 4213 1988 4267 illic
2016 4211 2306 4266 maximam
2333 4208 2522 4279 vigere
2555 4207 2921 4275 iniquitatem.

2458 4338 2689 4394 SERMO
2726 4338 2862 4392 LIX.

1809 4448 1852 4503 ι)
1878 4433 1955 4489 De
1986 4442 2137 4504 parte
2168 4434 2384 4486 rationis
2412 4432 2678 4499 animique
2704 4428 2993 4482 rationibus
3024 4444 3085 4481 ac
3114 4427 3444 4495 cogitatione.

1945 4545 2068 4600 Luc.
2102 4559 2177 4607 vr,
2209 4541 2566 4597 45.-—Bonus
2594 4542 2761 4594 homo
2788 4539 2857 4594 de
2876 4538 3022 4594 bono
3041 4539 3300 4594 thesauro
3327 4554 3444 4592 cor-

1875 4636 1961 4691 dis
1996 4634 2203 4704 profert
2232 4633 2407 4699 bona;
2439 4640 2496 4688 et
2525 4633 2705 4687 malus
2731 4632 2897 4688 homo
2918 4632 2989 4687 de
3012 4631 3156 4686 malo
3183 4631 3445 4686 thesauro

1873 4724 2084 4796 profert
2106 4724 2271 4778 mala.

1952 4901 1998 4957 ll
2020 4900 2142 4956 Cor.
2170 4916 2259 4965 xx,
2285 4900 2340 4955 ι.
2366 4928 2434 4939 -
2460 4898 2623 4955 Arma
2659 4899 2808 4953 enim
2850 4898 3060 4953 militia:
3107 4906 3307 4952 nostra:
3335 4912 3444 4952 non

1884 4990 2121 5047 carnalia
2160 4996 2310 5055 sunt,
2349 4988 2445 5044 sed
2484 4987 2729 5057 potentia
2758 4987 2889 5051 Deo,
2913 4986 2980 5041 ad
3024 4986 3441 5043 demolitionem

1711 5221 1944 5279 NOTAS.

288 5343 362 5426 (τ)
381 5345 572 5401 ὀταν
597 5351 1133 5426 αὐτοὶ-,ϐούλωνται
1165 5354 1448 5426 πάσχειν,
1466 5355 1622 5411 Clara
1645 5371 1774 5412 sen-

215 5420 385 5497 tentia
406 5432 428 5497 Δ;
463 5432 572 5471 ιιοιι
604 5433 763 5487 posse
781 5420 977 5490 legem,
1005 5420 1556 5497 quam-propositam
1587 5426 1770 5497 habet,

217 5485 509 5561 utilitatem
535 5485 813 5555 praestare,
837 5485 975 5544 'cum
1003 5485 1062 5556 ii',
1106 5485 1308 5561 quibus
1326 5485 1472 5555 "lata,
1519 5496 1658 5548 male
1680 5485 1774 5549 ha;

216 5554 349 5609 here
396 5554 591 5638 volunt
619 5566 674 5610 et
705 5568 983 5638 aegrotare
998 5577 1019 5638 _;
1052 5554 1231 5630 eoque
1284 5562 1403 5638 ejus
1437 5565 1772 5638 medicinam

217 5633 507 5706 respuunt,
550 5642 671 5706 quae
704 5630 757 5681 in
812 5630 943 5706 ill_i_s__
978 5632 1244 5685 duntaxat
1278 5633 1397 5706 vim_
1437 5634 1640 5706 habet,»
1677 5635 1770 5702 qui

219 5699 647 5773 suntmorigefi,
671 5711 837 5773 seque
868 5699 944 5752 illi
974 5711 1167 5768 sponte
1194 5701 1467 5773 curandos
1506 5699 1768 5757 subdunt.

222 5762 365 5820 Nihil
390 5771 512 5832 apte
559 5762 879 5822 Gesn-Non
944 5762 1323 5837 potest-cuivis
1378 5772 1603 5839 bencﬁra
1665 5790 1770 5825 esse

1880 5375 1998 5411 cum
2015 5366 2065 5411 et
2093 5356 2397 5425 bene/icium
2423 5357 2660 5425 accipere
2687 5352 2931 5425 voluerit.
2959 5351 3118 5425 Quod
3140 5360 3197 5407 ct
3224 5351 3443 5417 falsum,

1881 5422 2487 5497 nihilquerargutum,
2520 5422 2632 5478 Lex
2688 5423 2852 5497 enim
2904 5436 3043 5497 quae
3091 5422 3146 5475 in
3198 5436 3446 5497 commu-

1880 5514 2005 5551 nem
2040 5491 2333 5550 irtilitatém
2360 5495 2613 5549 instituta
2656 5494 2747 5557 sit,
2777 5491 2971 5546 omnes
3026 5493 3181 5561 juvat
3209 5491 3300 5558 qui
3346 5506 3440 5545 ve-

1880 5567 2002 5629 lint,
2036 5565 2285 5633 nihilque
2314 5565 2417 5634 ipsi
2466 5562 2786 5634 impediant.
2833 5557 3104 5634 Caeterum
3138 5557 3177 5613 ὁ⁹
3217 5557 3442 5634 πάσχων

1882 5636 2137 5704 llippocr.
2169 5632 2270 5702 pro
2319 5632 2557 5703 :egroto,’
2610 5633 2835 5704 haecque
2874 5647 2981 5685 una
3018 5632 3107 5704 hic
3154 5641 3283 5704 apta
3322 5632 3443 5699 ejus

1879 5699 2030 5826 Facis
2063 5699 2491 5825 lacceptioz'non
2548 5704 2695 5773 quod
2736 5699 2868 5757 alias
2908 5699 3223 5771 exponitur,
3271 5699 3440 5754 bene--

1898 5790 2001 5826 IL’IO
2028 5792 2055 5826 il
2099 5790 2183 5826 ιυι.

1898 5790 2001 5827 ιιίο
2028 5790 2183 5827 ιιιιιιοι.
