4200 6440
739 382 845 446 979

1891 383 1953 442 S.
1997 380 2287 441 MAXlMI
2332 376 2844 439 CONFESSORIS

3876 369 3993 432 980

735 490 1108 545 munitionum
1134 508 1145 543 :
1182 490 1386 560 quibus
1410 489 1638 545 consilia
1662 490 2008 552 demolimur,
2023 498 2080 543 et
2100 501 2318 542 omnem

2421 501 2573 555 ρεσιν
2613 483 2988 553 ὀχυρωμάτων
3026 498 3039 510 ·
3094 480 3391 551 λογισμοὺς
3436 478 3865 549 καθαιροῦντες,
3897 480 3993 531 καὶ

737 581 1092 636 altitudinem
1124 580 1479 634 extollentem
1508 596 1566 635 se
1594 580 1857 635 adversus
1880 580 2164 634 scientiam
2191 577 2308 641 Dei;

739 674 878 726 etin
912 670 1284 740 captivitatem
1318 670 1620 740 redigimus
1642 686 1861 726 onmem
1917 670 2215 741 cogitatum
2257 668 2312 721 in

743 759 1073 829 obsequium
1100 758 1329 813 Christi.

817 850 977 903 Prov.
1003 865 1091 912 xv,
1114 848 1213 913 24;
1252 865 1346 914 xu,
1393 847 1481 902 14.
1510 876 1580 886 ——
1607 847 1719 901 Via:
1768 848 1894 902 vita:
1954 846 2317 917 cogitationes

742 940 1033 1010 prudentis
1055 938 1149 993 :de
1175 938 1602 1009 cogitationibus
1632 939 1749 992 suis
1781 938 2085 1009 replebitur
2109 939 2192 991 vir
2215 939 2314 993 bo-

742 1047 868 1084 nus.

812 1120 972 1175 Prov.
1008 1136 1135 1184 χιιι,
1160 1119 1210 1173 5.
1230 1148 1300 1158 --
1330 1117 1706 1188 Cogitationes
1720 1120 1993 1189 iustorum
2017 1117 2245 1186 judicia.

816 1210 974 1265 Prov.
1015 1224 1120 1272 xu,
1143 1211 1231 1263 2|.
1251 1210 1513 1264 ——Multa:
1542 1210 1903 1280 cogitationes
1916 1210 1970 1263 in
1986 1210 2150 1265 corde
2183 1209 2317 1275 viri;

746 1304 1043 1357 consilium
1080 1312 1267 1357 autem
1294 1304 1390 1357 Dei
1417 1304 1602 1359 vincet
1632 1304 1688 1357 in
1709 1312 1998 1369 aeternum.

819 1392 963 1446 Eccl.
992 1409 1155 1456 xxvn,
1184 1394 1237 1448 5.
1264 1425 1334 1433 —
1363 1394 1421 1447 ln
1450 1394 1809 1448 concussione
1837 1395 2003 1449 cribri
2038 1405 2323 1449 remanent

744 1483 937 1537 sordes
973 1500 986 1537 :
1016 1485 1095 1539 sic
1120 1485 1433 1553 quisquilias
1464 1484 1702 1543 hominis
1734 1486 1790 1539 in
1820 1486 2150 1555 cOgitationc
2179 1487 2320 1555 ejus.

819 1674 1101 1728 Basilii.-—
1132 1675 1207 1729 Ex
1245 1676 1503 1729 rationali
1533 1676 1679 1730 enim
1700 1686 1757 1731 et
1784 1684 1939 1745 parte
1970 1676 2202 1731 rationis
2232 1692 2325 1731 ex-

753 1773 932 1832 perte,
956 1765 1109 1819 velut
1140 1764 1479 1823 Centaurum
1500 1766 1793 1835 quemdam
1825 1766 2233 1835 (utGra-coruin
2266 1768 2298 1820 ti

749 1852 861 1906 ctio
887 1853 1054 1907 habet
1091 1853 1256 1908 relata
1294 1855 1361 1909 ad
1393 1870 1576 1909 rerum
1624 1857 2003 1926 explicandam
2041 1858 2316 1925 naturam)

750 1954 937 1993 rerum
970 1940 1224 1994 conditor
1254 1942 1418 2006 Deus,
1444 1943 1719 1998 hominem
1754 1953 1925 1997 totum
1952 1946 2316 2009 constituens,

750 2028 1003 2083 humana:
1032 2029 1242 2093 fomite,
1275 2030 1326 2083 id
1360 2041 1466 2093 est,
1494 2048 1523 2086 a
1573 2033 1752 2100 capite
1785 2047 1957 2100 usque
1980 2033 2049 2086 ad
2107 2043 2318 2101 pectus,

750 2120 1024 2189 superiori
1055 2122 1221 2190 parti,
1254 2137 1375 2175 eam
1406 2138 1527 2191 quae
1556 2131 1643 2176 est
1672 2122 1742 2175 ab
1766 2123 2029 2177 umbilico
2057 2140 2231 2193 usque
2254 2124 2321 2178 ad

750 2210 989 2275 lumbos,
1033 2212 1187 2281 quasi
1213 2213 1343 2281 equi
1369 2221 1619 2266 naturain
1661 2212 1749 2282 (ad
1771 2214 1983 2267 ventris
2016 2214 2325 2284 voluptates

749 2300 996 2356 belluino
1015 2317 1165 2357 more
1190 2311 1509 2371 pronam,et
1532 2304 1601 2357 ad
1626 2304 1833 2357 coitum
1856 2313 2060 2359 temere
2083 2321 2323 2374 propen-

750 2393 890 2464 sam)
926 2394 1157 2449 inferius
1181 2396 1502 2464 supposuit:
1522 2410 1631 2449 non
1649 2398 1795 2466 quod
1824 2398 2137 2452 rationema
2170 2408 2325 2468 parte

751 2484 982 2538 rationis
1000 2495 1224 2555 experte
1247 2487 1423 2555 abripi
1467 2487 1659 2553 vellet;
1694 2488 1790 2543 sed
1816 2490 1963 2559 quod
1982 2504 2101 2545 eam
2128 2492 2329 2545 rationi

752 2574 1072 2644 subjectam,
1105 2575 1251 2629 illius
1284 2586 1419 2629 nutu
1456 2577 1772 2647 regendam,
1806 2595 1869 2634 ac
1899 2589 2107 2636 natura:
2132 2596 2325 2636 neces-

753 2665 929 2719 sarios
955 2681 1086 2720 usus
1118 2666 1523 2735 sapientissime
1553 2668 1835 2723 indiderit.

825 2754 1098 2821 Ejusdem.
1140 2785 1209 2794 --
1233 2755 1336 2821 Qui
1372 2756 1618 2812 divinam
1650 2757 2206 2827 imperturbationem
2237 2776 2327 2817 se-

755 2846 1010 2915 datisque
1035 2846 1331 2901 aﬂ‘cctibus
1364 2848 1815 2917 tranquillitatem
1847 2853 2089 2906 nancisci
2121 2852 2327 2917 studet,

755 2938 894 2991 nulli
954 2936 1234 2992 addictum
1310 2940 1554 3003 all'ectui,
1618 2954 1717 2995 seu
1776 2942 2016 2998 libidini.
2088 2944 2330 2998 animum

755 3043 919 3084 suum
946 3043 1165 3084 servare
1186 3030 1368 3084 debet.

2414 577 2523 629 πᾶν
2580 575 2777 644 ὕψωμα
2840 572 3203 642 ἐπαιρόμενον
3254 572 3395 624 κατά
3446 572 3546 641 τῆς
3591 570 3845 639 γνώσεως
3892 570 3991 621 τοῦ

2413 666 2571 729 Θεοῦ,
2596 666 2691 718 καὶ
2721 662 3213 733 αἰχμαλωτίζοντες
3257 662 3366 714 πᾶν
3401 661 3580 731 νόημα
3604 662 3685 723 είς
3740 661 3841 727 τὴν
3885 661 3993 712 ύπ-

2414 755 2584 824 ακοὴν
2607 753 2701 807 τοῦ
2724 752 2984 823 Χριστοῦ.

2484 850 2732 913 (lupam.
2764 842 2849 898 ιε’.
2881 874 2951 884 —
2989 844 3132 898 Ὀδοὶ
3160 845 3305 915 ζωῆς
3325 845 3673 914 διανοήματα
3704 841 3936 895 συνετοῦ
3978 865 3983 869 ·

2415 940 2523 994 ἀπὸ
2569 938 2678 993 τῶν
2717 937 3100 1008 διανοημάτων
3126 937 3296 991 αὐτοῦ
3328 938 3399 1007 (s)
3434 935 3811 1006 πλησθήσεται
3846 935 3991 1001 ἀνὴρ

2417 1029 2657 1097 ἀγαθῶν.

2486 1124 2733 1191 Παροιμ.
2762 1118 2861 1185 ιβ’.
2888 1148 2958 1159 -
2986 1118 3254 1188 Λογισμοὶ
3276 1116 3503 1171 δικαίων
3528 1114 3793 1185 κρίματα.

2487 1216 2733 1282 Παροιμ.
2764 1215 2854 1266 ιθ.
2876 1241 2946 1251 -
2974 1210 3170 1263 Πολλοὶ
3198 1208 3453 1279 λογισμοὶ
3474 1208 3533 1260 ὲν
3557 1205 3755 1277 καρδίᾳ
3774 1202 3988 1274 ἀνδρός·

2419 1306 2455 1375 ἡ
2481 1303 2539 1356 δὲ
2569 1300 2735 1372 βουλὴ
2757 1299 2852 1363 τοῦ
2882 1299 3019 1352 Θεοῦ
3046 1300 3315 1372 κρατήσει
3342 1300 3422 1361 είς
3451 1297 3543 1351 τὸν
3580 1295 3777 1350 αἰῶνα.

2494 1398 2676 1466 Σιρὰχ
2715 1392 2823 1455 κζ’.
2858 1425 2928 1434 -
2965 1394 3054 1446 Ἐν
3102 1393 3356 1462 σείσματι
3410 1391 3661 1445 κοσκίνου
3689 1390 3751 1459 (t)
3780 1386 3993 1456 διαμεί-

2425 1505 2504 1542 νει
2531 1486 2736 1557 κοπρία
2758 1502 2772 1516 ·
2806 1483 2981 1547 οὕτως
3032 1482 3276 1538 σκύϐαλα
3330 1482 3617 1537 ἀνθοώπου
3649 1482 3707 1534 ὲν
3748 1478 3995 1548 λογισμῷ

2426 1576 2611 1631 αὑτοῦ.

2496 1670 2711 1722 Βασιλ.
2740 1696 2806 1709 --
2831 1665 2926 1719 Ἐκ
2968 1665 3188 1733 λογικοῦ
3236 1664 3342 1733 γὰρ
3378 1664 3474 1716 καὶ
3508 1663 3730 1731 ἀλόγου,
3766 1662 3909 1713 κατὰ
3936 1660 3995 1711 τὸ

2439 1759 2750 1830 Ἑλληνικὸν
2794 1758 2929 1828 πρὸς
2973 1756 3320 1827 φυσιολογίαν
3365 1754 3612 1823 πλάσμα,
3640 1753 3833 1822 ῶσπερ
3873 1751 3998 1803 τινὰ

2428 1853 2748 1919 κένταυρον,
2788 1850 3004 1911 συνθεὶς
3026 1851 3053 1901 ὁ
3076 1847 3420 1918 Δημιουργος
3452 1846 3573 1899 ὅλον
3600 1845 3689 1908 τὸν
3708 1844 3997 1915 ἄνθρωπον

2425 1944 2503 2015 τῷ
2532 1942 2984 2013 ἀνθρωπομόρφῳ
3010 1940 3118 1993 ἀπὸ
3143 1940 3383 2009 κεφαλῆς
3408 1938 3513 2001 ἕως
3536 1937 3772 2007 στέρνων
3792 1936 3997 1989 ἀνωθεν

2432 2039 2609 2110 μέρει,
2637 2037 2701 2091 τὸ
2730 2037 2838 2090 ἀπὸ
2867 2035 3115 2105 ὀμφαλοῦ
3153 2036 3257 2098 ἕως
3288 2034 3488 2103 ὀσφύος
3526 2032 3782 2101 καθάπερ
3804 2031 3995 2092 ἵππου,

2430 2130 2592 2198 φύσιν
2613 2128 2775 2199 (πρός
2805 2144 2865 2179 τε
2888 2128 2987 2187 τὰς
3024 2126 3262 2195 γαστρὸς
3294 2125 3485 2194 ἡδονὰς
3515 2124 3787 2185 κτηνῶδες
3816 2122 3993 2187 ὑπάρ-

2430 2240 2544 2291 χον,
2571 2220 2667 2273 καὶ
2684 2218 2824 2289 πρὸς
2848 2218 2949 2281 τὰς
2973 2217 3150 2289 μίξεις
3179 2216 3393 2284 ἀλόγως
3439 2215 3782 2284 κινούμενον)
3820 2213 3995 2266 κάτω-

2432 2313 2524 2366 θεν
2555 2314 2718 2383 φέρον
2747 2312 3132 2381 προσήρμοσεν
3156 2325 3169 2339 ο
3205 2309 3301 2379 οὐχ
3324 2309 3429 2361 ὑπὸ
3449 2308 3543 2360 τοῦ
3566 2307 3761 2373 ἀλόγου
3796 2305 3996 2374 μέρους

2430 2404 2492 2458 τὸ
2514 2402 2733 2472 λογικὸν
2761 2400 3167 2471 ἐξαρπάζεσθαι
3204 2399 3507 2470 βουληθεὶς,
3535 2398 3673 2451 ἀλλὰ
3698 2397 3774 2466 τῷ
3799 2396 3997 2464 λογικῷ

2433 2493 2876 2562 ὑποϐεϐλημένου
2930 2492 3105 2561 ἔχοντι
3170 2492 3230 2544 τὸ
3286 2490 3480 2557 ἄλογον
3538 2489 3728 2560 μέρος,
3765 2488 3998 2556 ἡνιοχεῖ-

2435 2582 2557 2635 σθαι
2614 2582 2751 2651 πρὺς
2799 2580 2899 2644 τὰς
2945 2581 3045 2650 τῆς
3098 2577 3314 2647 φύσεως
3360 2580 3638 2646 ἀνάγκας,
3703 2576 3998 2643 πανσόφως

2387 2691 2393 2699 ’
2436 2674 2630 2737 ἐνθείς.

2511 2762 2622 2816 Τοῦ
2648 2760 2837 2817 αὐτοῦ
2862 2760 2930 2815 ⁸⁸.
2962 2792 3031 2802 -
3067 2758 3126 2812 '0
3150 2758 3248 2830 τὴν
3297 2757 3449 2812 θείαν
3493 2757 3763 2812 ἀπάθειαν
3807 2773 4002 2825 κατοίν-

2436 2852 2609 2906 θῶσαι
2667 2851 3020 2916 σπουδάζων,
3057 2850 3359 2904 ἀδούλωτον
3385 2850 3551 2903 παντὶ
3598 2847 3763 2903 πάθει
3799 2848 4000 2917 ὀφείλει

2438 2943 2673 3014 φυλάξαι
2702 2943 2796 2997 τὸν
2833 2940 3031 2996 ἑαυτοῦ
3055 2942 3334 3011 λογισμόν.

829 3120 1161 3191 Tltcologi.—
1178 3124 1403 3178 [ιι-αδδιδι
1431 3126 1646 3180 animus
1676 3141 1772 3181 seu
1802 3129 1962 3193 ratio,
1985 3143 2148 3197 quam
2164 3130 2325 3183 aetio-

2510 3120 2832 3190 Θεολόγου.
2894 3148 2963 3159 -
3004 3118 3289 3189 Κρείσσων
3337 3117 3599 3189 λογισμὸς
3661 3115 3915 3187 πράξεων
3968 3114 3999 3183 ἢ

758 3227 859 3266 nes
889 3220 983 3265 aut
1017 3213 1281 3282 pecuniae.
1303 3212 1435 3268 Nam
1464 3216 1580 3271 istae
1617 3218 1915 3281 intereunt,
1946 3219 2087 3272 ratio
2114 3234 2325 3287 perma-

2437 3212 2740 3284 χρημάτων
2769 3227 2783 3242 ο
2843 3210 2912 3263 τὰ
2974 3210 3073 3280 μὲν
3111 3210 3220 3281 γὰρ
3270 3209 3373 3280 τῆς
3432 3211 3637 3281 φθορᾶς
3687 3209 3859 3267 ἐστιν.
3894 3205 4001 3260 δδι

761 3312 875 3357 net.

831 3394 1014 3467 Chrys.
1045 3427 1111 3437 —
1130 3397 1341 3454 idcirco
1390 3399 1622 3456 aviculis
1683 3400 1824 3455 datae
1852 3410 1981 3455 sunt
2007 3402 2127 3465 alae,
2156 3412 2217 3457 ut
2246 3401 2333 3456 fu-

762 3486 912 3555 giant
938 3486 1163 3557 laqueos
1191 3508 1203 3541 :
1232 3497 1288 3543 et
1318 3489 1457 3544 ratio
1488 3489 1822 3553 hominibus,
1854 3500 1915 3542 ut
1956 3491 2165 3545 evitent
2201 3506 2332 3560 pec-

764 3585 886 3632 cata
895 3615 907 3629 .

832 3667 948 3721 Non
992 3676 1167 3721 cessat
1191 3670 1407 3725 animus
1443 3671 1800 3741 cogitationes
1828 3686 2055 3741 parere;
2085 3670 2249 3742 669
2276 3679 2335 3725 tu

762 3770 892 3810 vero
921 3756 1091 3819 malas
1111 3758 1303 3823 evelle,
1342 3760 1513 3815 bonas
1531 3762 1669 3816 cole.

832 3942 1132 3998 Clementis.
1155 3975 1222 3985 —
1245 3946 1364 4001 Non
1392 3946 1521 4002 inde
1544 3946 1723 4002 ﬁdelis
1746 3947 1930 4017 justus
1950 3943 2155 4008 evadit,
2185 3945 2332 4013 quod

764 4052 821 4090 se
852 4036 921 4089 ah
969 4036 1187 4091 actibus
1227 4037 1536 4104 abstineat;
1562 4038 1660 4094 sed
1692 4037 1839 4109 quod
1873 4036 2041 4093 castis
2071 4038 2336 4108 purisque

763 4126 1191 4194 cogitationibus
1227 4128 1453 4197 fulgeat.

836 4217 1204 4270 Plutarchi.—
1229 4219 1342 4273 Soli
1368 4234 1510 4289 saepe
1533 4220 1711 4276 nubes
1729 4219 2027 4276 offundunt
2046 4220 2335 4285 tenebras;

766 4308 1039 4362 rationem
1072 4309 1302 4365 aﬂ‘ectus
1336 4311 1660 4366 obscurant.

2438 3305 2673 3358 ἵσταται.

2508 3396 2810 3464 Χρυσοστ.
2842 3422 2913 3434 -
2935 3393 3033 3446 Διά
3064 3392 3224 3447 τοῦτο
3242 3410 3342 3446 πτε
3352 3390 3420 3463 ρά
3434 3394 3544 3455 τοῖς
3566 3388 3891 3460 στρουθίοις,
3922 3389 4004 3441 ἴνα

2442 3486 2588 3556 φύγῃ
2626 3484 2829 3553 παγίδα
2865 3502 2878 3516 ο
2914 3486 3008 3538 καὶ
3038 3485 3125 3539 διὰ
3152 3485 3312 3538 τοῦτο
3340 3484 3599 3554 λογισμὸς
3630 3484 3740 3545 τοῖς
3794 3482 4005 3553 ἀνθρὼ-

2443 3596 2563 3641 ποις
2594 3579 2682 3631 ἴνα
2707 3577 3021 3647 ἐκφύγωσιν
3058 3578 3455 3647 ἁμαρτήματα.

2512 3670 2588 3723 Οὐ
2613 3669 2848 3723 παύεται
2876 3668 3175 3739 λογισμοὺς
3205 3670 3238 3738 ἡ
3265 3668 3474 3721 διάνοια
3505 3668 3785 3718 τίκτουσαι
3822 3664 3888 3716 σὺ
3914 3663 3969 3715 δὲ
3990 3706 4004 3727 ,

2442 3762 2570 3823 τοὺς
2638 3760 2737 3831 μὲν
2814 3759 3061 3824 φαύλους
3121 3760 3331 3813 εκτιλλε
3364 3799 3379 3823 ,
3446 3760 3571 3821 τοὺς
3638 3757 3693 3809 δὲ
3768 3755 4006 3824 ἀγαθοὺς

2450 3850 2695 3921 γεώργει.

2517 3941 2810 4008 Κλήμεντ.
2844 3970 2915 3981 -
2946 3941 3059 4011 Ούχ
3098 3941 3133 4011 ἡ
3174 3939 3284 3993 τῶν
3313 3936 3564 4011 πράξεων
3594 3938 3773 4007 ἀποχὴ
3809 3936 4011 3989 δικαιοί

2436 4032 2527 4087 τὸν
2556 4032 2777 4097 πιστὸν,
2801 4032 2917 4086 ἀλλ’
2952 4034 2985 4103 ἡ
3010 4031 3122 4087 τῶν
3153 4032 3370 4087 ἐννοιῶν
3400 4030 3595 4099 ἀγνεία
3642 4030 3737 4083 καὶ
3782 4029 4008 4097 είλικρί-

2440 4141 2576 4178 νεια.

2514 4213 2857 4283 Πλουτάρκ.
2885 4244 2951 4255 -
2977 4214 3290 4267 Ἐπισκοτεϊ
3317 4212 3394 4280 τῷ
3432 4214 3531 4284 μὲν
3562 4213 3698 4283 ἡλίῳ
3724 4211 4006 4276 πολλάκις,

2437 4306 2507 4362 τὰ
2536 4308 2673 4375 νέφη
2693 4323 2706 4336 ·
2743 4305 2820 4377 τῷ
2843 4306 2901 4360 δὲ
2931 4304 3197 4377 λογισμῷ,
3226 4304 3296 4359 τά
3326 4306 3496 4376 πάθη.

2038 4423 2271 4483 VARle
2312 4419 2718 4478 LECTIONES.

2270 4561 2499 4617 ΝΟΤΑΣ.

838 4486 885 4519 ’⁸
920 4492 1083 4544 Ἀλλ.
1114 4491 1381 4558 Χρυσοστ.

846 4650 912 4723 (s)
956 4652 1091 4706 Ἀπὸ
1118 4652 1239 4705 τῶν
1264 4654 1679 4723 διανοημάτων
1709 4655 1915 4709 αὐτοῦ.
1956 4655 2191 4711 Videtur
2245 4672 2335 4711 se-

771 4722 1013 4777 cundum
1048 4723 1208 4776 aliam
1238 4722 1497 4786 litteram,
1540 4725 1701 4779 Prov.
1729 4742 1824 4789 xu,
1876 4726 1961 4785 Η,
2026 4726 2117 4782 ubi
2167 4723 2336 4780 Hebr.

772 4792 848 4844 De
884 4793 1055 4859 [ructu
1098 4795 1204 4845 oris
1239 4793 1353 4862 ejus
1399 4794 1683 4847 satiabitur
1721 4795 1875 4858 bono,
1924 4795 1972 4846 οἱ
2016 4793 2179 4858 LXX,
2234 4796 2341 4848 ἀπὸ

773 4862 1002 4933 καρπῶν
1045 4862 1331 4933 στόματος,
1360 4862 1529 4933 ᾼψυχὴ
1560 4865 1751 4933 ἀνδρὸς
1804 4863 2173 4933 πλησθήσεται
2208 4867 2343 4931 ἁγα-

775 4929 883 4980 (lth
908 4946 920 4959 ·
963 4931 1322 5002 perindeque
1350 4929 1540 5002 Sj'rus'.
1601 4929 1721 4986 Non
1752 4929 1927 5001 liquet
1954 4949 2024 4987 an
2059 4934 2136 4987 sic
2179 4929 2344 4987 Maxi-

777 5014 898 5052 mus
939 5000 1200 5072 CX_lil_t_l‘0
1241 5000 1517 5072 habuerit,
1572 5002 1656 5055 vel
1696 5000 1963 5057 memoria
2016 5012 2342 5072 suggerente

779 5066 1084 5141 ltllllaVel‘il.
1114 5065 1340 5121 Fructus
1360 5071 1487 5131 oris,
1508 5065 1878 5141 Cogitationes
1916 5065 2197 5141 animique
2255 5090 2342 5125 ra-

778 5138 954 5210 tiones
980 5138 1257 5210 dicantur,
1290 5155 1357 5193 eo
1389 5138 1603 5202 sensuf
1625 5156 1735 5210 quo
1761 5142 1903 5195 ratio
1926 5142 2041 5210 ipsa
2089 5138 2257 5196 animi
2283 5156 2346 5195 os

776 5207 1016 5261 dicitur:
1050 5208 1343 5277 exquibus
1402 5225 1527 5262 cum
1569 5207 1726 5264 bona:
1785 5207 2135 5275 sunt,'homo
2185 5212 2346 5267 bonis

778 5278 1043 5345 repletur,
1072 5278 1123 5331 id
1149 5287 1233 5332 est
1264 5278 1583 5333 virtutibus.

848 5346 935 5413 (t)
978 5348 1079 5419 Ἑν
1115 5349 1411 5419 ᾁσείσματι
1472 5350 1782 5419 κοσκίνου.
1842 5349 2004 5405 Clara
2048 5350 2104 5404 in
2142 5349 2346 5419 Graecis

775 5417 1072 5471 sententia.
1109 5416 1221 5489 Sic;
1258 5426 1409 5471 certe
1458 5418 1625 5489 cribri
1670 5421 1993 5489 agitatione,
2044 5435 2221 5489 eoque
2253 5416 2347 5475 ex;

775 5495 1061 5545 cernente.
1110 5486 1347 5541 furfures
1406 5488 1623 5556 aliaque
1681 5486 1969 5545 crassioris
2023 5486 2344 5545 substantiae

780 5565 1085 5629 remanent,
1142 5572 1205 5629 ac
1253 5558 1463 5629 sordes
1506 5559 1633 5627 pani
1680 5559 1929 5625 inutiles;
1984 5575 2108 5629 quas
2158 5560 2343 5629 omnia

2443 4654 2511 4708 ad
2542 4653 2950 4723 metaphoram.
3013 4654 3199 4723 Pnlvis
3259 4653 3428 4716 enim,
3465 4667 3589 4707 cum
3640 4652 3713 4707 sit
3750 4652 3885 4721 quid
3934 4661 4002 4705 le-

2443 4722 2800 4793 nuissimum,
2837 4739 2936 4793 per
2967 4722 3140 4778 cribri
3192 4723 3461 4793 foramina
3511 4732 3637 4793 ante
3685 4723 3870 4775 omnia
3926 4738 4013 4793 ex-

2446 4792 2730 4857 cernitur;
2762 4792 2867 4847 nec
2890 4794 3005 4862 ipse
3056 4803 3323 4855 remanet,
3357 4792 3450 4847 sed
3487 4792 3754 4853 triticum,
3790 4808 3916 4862 cum
3939 4792 4012 4843 sic

2446 4863 2721 4932 integrum
2761 4878 2861 4932 nec
2900 4860 3273 4915 commolitum
3302 4862 3604 4932 cribratﬁur,
3639 4870 3699 4913 ut
3728 4876 3757 4913 a
3791 4860 4012 4932 pulvere

2447 4930 2767 4985 mundetur.
2831 4931 3015 5000 Longe
3068 4932 3334 5002 remotius
3379 4931 3523 5002 quod
3577 4930 3698 4999 Syr.
3734 4941 3789 4984 et
3847 4930 4009 5002 Arah.

2453 5001 2911 5066 Quemadmodum
2964 5000 3164 5055 multus
3214 5000 3413 5069 fumus
3442 5002 3693 5054 incumbit
3757 5002 3892 5069 igni,
3943 5001 4010 5051 ita

2452 5087 2717 5125 sermones
2767 5072 2991 5124 hominis
3016 5072 3341 5139 cogitationi.
3370 5071 3439 5124 Et
3465 5088 3477 5122 :
3502 5069 3689 5135 Qualis
3730 5071 3905 5139 furnus
3928 5086 4011 5122 co-

2455 5143 2633 5219 piosus
2662 5157 2824 5219 super
2840 5140 3249 5219 ignent,_talia_
3274 5142 3547 5219 hominum
3584 5140 3739 5195 verba
3790 5149 4012 5219 tempore

2454 5209 2810 5281 agitationis.
2840 5209 3146 5281 Habuerint
3197 5210 3253 5264 bi
3297 5210 3403 5265 alia
3453 5209 3665 5281 Caeca,
3698 5225 3786 5281 ex;
3813 5209 4011 5281 quibus

2456 5278 2571 5335 ha'ac
2594 5280 2992 5349 expresserim.
3043 5278 3359 5348 Sequentia,
3419 5279 3611 5342 οὕτως,
3649 5278 3897 5349 σκύϐαλα
3925 5280 4011 5330 ἀν-

2455 5348 2699 5419 Ορώπου.
2726 5350 2886 5417 Vulg.
2913 5352 2987 5401 sic
3015 5352 3202 5417 aporia
3221 5350 3446 5402 hominis
3465 5389 3480 5413 ,
3515 5364 3679 5416 quam
3704 5348 3845 5402 forte
3870 5348 4011 5419 Cra»

2452 5418 2571 5473 eam
2602 5434 2795 5473 vocem
2861 5419 3140 5481 habuerit;
3187 5428 3382 5487 estque
3412 5429 3628 5486 egestas
3658 5428 3715 5472 et
3760 5418 4009 5485 penuria,

2453 5489 2715 5541 σκύϐαλα.
2744 5489 2912 5555 Paulo
2946 5488 3085 5541 l'hil.
3111 5502 3191 5551 Ill,
3221 5496 3475 5549 stercora,
3495 5489 3574 5541 sic
3600 5496 3762 5541 vetus
3784 5489 4007 5555 interpr.

2449 5559 2535 5611 vel
2564 5558 2730 5611 etiam
2775 5554 3021 5621 rejicula,
3058 5558 3399 5626 quisquilize;
3426 5571 3578 5619 acus,
3609 5557 3801 5625 paleae,
3836 5554 4009 5625 gluma

778 5623 1279 5706 διαιρῇ-κοπρίαν,
1314 5627 1470 5694 quasi
1500 5623 1733 5706 stercora
1764 5623 1945 5699 (faeces
1998 5623 2350 5706 scilicet)‘\_o-
2458 5628 2510 5706 in
2544 5628 2854 5706 frumento;
2883 5642 2975 5706 res
3017 5623 3174 5680 nihili
3202 5623 3523 5706 nulliusque
3578 5623 3774 5706 frugis,
3814 5623 4008 5695 quibus

778 5694 942 5768 cavit.
998 5694 1155 5768 vulg.
1193 5707 1373 5768 tamen
1409 5712 1531 5751 cum
1581 5694 1783 5763 reddit,
1815 5699 2103 5753 remanebit
2150 5694 2341 5768 pulvis,

782 5763 976 5832 legisse
999 5763 1214 5820 videtur
1244 5766 1391 5829 κόνις
1418 5785 1426 5794 ·
1459 5768 1604 5837 quod
1628 5768 1805 5826 ipsum
1852 5784 1957 5823 non
1997 5768 2128 5822 satis
2150 5763 2341 5836 aptum

2456 5699 2525 5753 sit
2550 5696 2788 5753 hominis
2812 5696 3033 5767 ἀπορία,
3064 5706 3278 5767 egestas
3330 5696 3581 5766 penuria,
3607 5696 3811 5766 inopia.
