4200 6440
222 350 320 411 981

1531 369 1700 427 LOCI
1737 369 2058 435 COMMUN
2063 376 2170 438 ES.

3356 389 3461 454 982

303 464 402 565 Ἰξκ
436 470 540 572 μεν
568 470 662 523 τοῦ
698 474 853 538 ποδὸς
879 478 977 548 τὴν
1007 480 1250 534 ἄκανθαν
1271 521 1286 545 ,
1308 482 1373 534 ὲκ
1397 482 1453 535 δὲ
1475 483 1572 552 τῆς
1599 483 1786 551 ἀλόγου

1967 489 2095 543 Pedi
2151 492 2388 560 spinam,
2426 497 2624 550 animae
2649 511 2678 550 a
2726 498 2940 553 ratione
2963 515 3171 554 aversae
3203 500 3457 572 ignoran-

214 553 422 624 sinis.
457 558 558 630 τὴν
589 561 814 628 ἄγνοιαν
840 566 1198 632 ὑπεξελέσθαι
1224 572 1319 626 δεῖ.

287 648 638 719 Φιλήμονος
668 657 736 708 ³⁸,
782 688 853 700 -

215 825 397 880 ϐἀνει.

305 919 690 1012 Ἰσοκράτους
708 926 771 981 ³⁸.
798 958 868 968 -
905 930 972 983 Ἀ
1012 931 1078 985 ἄν
1120 948 1202 986 σοι
1250 933 1588 1009 λογιζομένῳ
1613 939 1782 1012 βέλτιο

218 1024 344 1073 στα,
369 1011 551 1066 ταῦτα
579 1019 690 1080 τοῖς
721 1018 905 1089 ἔργοις
935 1021 1194 1078 ἐπιτέλει.

285 1102 384 1155 Δεῖ
432 1102 626 1177 ὥσπερ
673 1105 734 1172 ἐξ
783 1111 1190 1185 εὐνομουμένης
1218 1116 1427 1182 πόλεως
1475 1124 1792 1190 φυγαδεύειν

900 659 956 712 '0
1003 661 1081 729 τῷ
1136 661 1381 734 λογισμῷ
1440 666 1618 722 πάντα
1664 668 1796 738 παρ’

216 737 402 828 εαυτῷ
445 743 688 809 σκοπῶν,
723 745 786 800 τδ
814 750 984 802 κακὸν
1016 753 1262 824 ἀφαιρεῖ,
1293 756 1532 824 τάγαθὸν
1565 757 1623 811 δὲ
1652 737 1792 828 λαμ-

1900 578 2028 632 tiam
2060 581 2303 638 eximere
2337 593 2576 654 oportet.

1964 672 2487 744 Philemonis.—Qui
2520 679 2705 734 omnia
2736 695 2921 734 secum
2955 682 3170 738 ratione
3211 683 3462 739 conside-

1897 773 2000 828 rat,
2047 767 2248 820 malum
2295 780 2563 834 removet,
2619 771 2824 826 bonum
2865 783 3046 826 autem
3100 775 3298 844 carpit.

1964 949 2234 1003 Isocratis.
2256 980 2319 990 —
2341 949 2472 1016 Qua:
2502 951 2601 1006 tibi
2635 953 2897 1023 cogitanti
2929 953 3137 1023 optima
3174 953 3453 1020 videntur,

1893 1039 2010 1094 btec
2037 1040 2200 1095 rebus
2227 1042 2364 1112 ipsis
2397 1042 2617 1112 perﬁce.

1961 1129 2550 1209 Quemadmodum.“
2587 1133 2811 1189 civitate
2845 1135 3004 1190 bonis
3050 1134 3264 1204 legibus
3297 1135 3455 1190 insti-

215 1195 562 1288 στασιαστὴν
619 1197 907 1268 ἄνθρωπον
939 1241 954 1266 ,
987 1201 1164 1268 οὕτως
1209 1209 1275 1261 ἐκ
1324 1211 1425 1282 τῆς
1469 1212 1650 1284 ψυχῆς
1700 1217 1786 1272 τὸν

1895 1227 2032 1283 tuta,
2061 1221 2339 1276 hominem
2363 1199 2720 1288 seditiosum;
2765 1223 2846 1278 sic
2878 1239 2944 1278 ex
2977 1225 3162 1280 animo
3185 1227 3455 1282 rationem

209 1281 358 1350 πρὸς
387 1284 462 1337 τά
493 1285 674 1354 φαῦλα
698 1289 990 1344 κεκλικότα
1012 1292 1294 1365 λογισμόν.

282 1374 382 1468 Τςρ
427 1376 538 1447 γάρ
583 1378 745 1432 πάθει
789 1381 885 1434 τοῦ
919 1384 1207 1455 σώματος,
1251 1390 1439 1445 καὶτὸ
1468 1394 1651 1465 νοερὸν
1693 1398 1790 1468 τῆς

207 1461 397 1533 ψυχῆς
434 1469 831 1538 συνομολογεῖν
854 1475 1128 1544 ἀνέχεται.

295 1556 682 1625 Ἐπικτήτου.
711 1591 781 1602 —
807 1565 873 1616 'A
901 1565 976 1636 μὴ
1009 1567 1090 1621 δεῖ
1129 1572 1321 1637 ποιεῖν,
1368 1574 1503 1645 μηδὲ
1561 1577 1789 1632 ὕπονοοῦ

209 1648 415 1698 ποιεῖν.

285 1737 672 1810 Πυθαγόρου.
702 1773 772 1784 -
799 1744 1038 1820 Δίσχρδν
1085 1754 1197 1816 τοῖς
1227 1753 1337 1810 τῶν
1383 1757 1647 1824 μελιττῶν
1683 1761 1788 1813 δω-

211 1827 434 1896 ρήμασι
483 1832 822 1900 γλυκάζοντα
864 1841 965 1910 τὴν
1020 1845 1342 1913 κατάποσιν,
1392 1849 1453 1902 τὸ
1502 1851 1598 1904 τοῦ
1649 1853 1786 1907 Θεοῦ

206 1917 388 1988 δῶρον
423 1925 732 1994 πικράζειν,
761 1930 855 1984 τὸν
881 1931 1059 2003 λόγον,
1087 1940 1152 2008 τῇ
1189 1941 1378 2012 κακίᾳ.

283 2094 572 2166 Θεάγους.
603 2131 671 2142 -
709 2105 784 2159 Τὸ
825 2107 936 2180 γάρ
963 2111 1208 2185 ἀντέχειν
1257 2119 1333 2190 μὴ
1374 2119 1633 2180 δύνασθαι
1671 2129 1786 2192 τοῖς

209 2185 435 2290 πόνοις,
477 2193 795 2290 έπικρατεῖν
835 2199 892 2252 δὲ
922 2203 1022 2273 τὴν
1055 2185 1282 2278 ἡδονὴν,
1318 2185 1516 2267 οἰκεῖόν
1565 2216 1680 2269 ἐστι
1710 2185 1786 2290 τῶ

208 2276 398 2378 ἀλόγῳ
433 2281 600 2378 μέρει
617 2287 951 2378 τάςνψυχᾶςο
1005 2294 1042 2348 ἀ
1067 2295 1123 2349 δὲ
1166 2276 1484 2370 προαίρεσις
1519 2306 1578 2358 ἐν
1605 2276 1786 2378 ὀιμιιροζ

207 2365 400 2470 τέροις
445 2371 631 2470 αὐτοῖς
679 2377 930 2448 γίνεται,
974 2388 1067 2440 καὶ
1098 2386 1175 2460 τῷ
1212 2365 1372 2458 λόγον
1418 2394 1594 2466 ἔχοντι
1629 2365 1784 2470 μέρει

207 2461 310 2524 τας
332 2461 538 2535 ψυχᾶς,
567 2469 660 2525 καὶ
687 2471 766 2543 τῷ
795 2473 994 2548 ἀλόγῳ.

787 2611 1006 2668 ΛΟΓΟΣ
1041 2614 1098 2669 Ξ¹
1123 2617 1189 2672 ³¹.

209 2709 353 2778 Περὶ
380 2711 755 2803 ἀφροσύνης,
779 2720 1042 2803 ᾅφρονος
1067 2731 1165 2783 καὶ
1190 2732 1473 2803 ἀνοήτου,
1497 2738 1595 2793 καί
1611 2740 1782 2796 ἀπαι-

701 2789 916 2848 δεύτου
947 2789 1044 2850 καὶ
1069 2801 1289 2868 μωροῦ.

273 2893 466 2988 hlaro.
632 2930 700 2940 —
731 2902 846 2968 Πᾶς
892 2907 921 2958 ό
964 2908 1176 2963 ἀκούων
1221 2930 1324 2982 μου
1369 2919 1494 2980 τοὺς
1545 2918 1776 2988 λόγους,

205 2980 307 3079 καὶ.
330 2983 616 3079 μηποιῶν
645 2989 876 3058 αὐτοὺς,
909 2980 1304 3069 ὁμοιωθήσεται
1328 3003 1482 3076 ἀνδρὶ
1513 2980 1701 3079 μωρῷ.

1890 1311 1958 1366 ad
1993 1313 2133 1366 mala
2171 1324 2486 1384 vergentem
2521 1315 2811 1386 profligare
2857 1331 3083 1372 necesse
3115 1326 3219 1372 est.

1960 1401 2224 1472 Corporis
2249 1419 2484 1475 namque
2511 1406 2731 1462 aﬂectui
2760 1423 2825 1463 ac
2842 1406 3083 1472 libidini,
3109 1408 3274 1463 etiam
3301 1423 3457 1465 mens

1890 1492 2204 1548 consentire
2251 1495 2506 1549 sustinet.
3400 1493 3411 1505 ⁸

1961 1579 2203 1649 Epicteti.
2223 1612 2292 1623 —
2313 1581 2444 1649 Quae
2467 1583 2648 1641 facere
2671 1601 2780 1641 non
2802 1586 2950 1651 licet,
2976 1603 3044 1644 ea
3061 1602 3131 1644 ne
3159 1587 3340 1646 facere
3362 1604 3454 1646 co-

1891 1672 2172 1742 gitaveris.

1959 1765 2249 1836 Pythagor.
2271 1795 2335 1808 -υ
2355 1767 2537 1837 Turpe
2578 1775 2665 1824 est
2697 1783 2860 1839 apum
2908 1785 3139 1826 munere
3170 1771 3461 1840 potionem.

1891 1852 2109 1908 dulcem
2157 1853 2418 1920 reddere;
2455 1871 2519 1910 ac
2560 1856 2654 1911 Dei
2683 1857 2890 1912 donum
2918 1858 3208 1928 (rationem
3237 1861 3452 1916 scilicet

1887 1954 2052 2016 atque
2097 1947 2430 2016 sermonem)
2484 1948 2688 2004 malitia
2733 1958 2898 2020 atque
2956 1951 3093 2006 vitio
3138 1952 3193 2006 in
3247 1953 3482 2006 amari-

1889 2038 2134 2092 tudinem
2179 2050 2416 2094 vertere.

1959 2129 2190 2200 Theagis.
2209 2160 2276 2170 —
2303 2130 2608 2186 Laboribus
2638 2147 2747 2186 non
2771 2147 2930 2202 posse
2959 2133 3237 2195 resistere,
3265 2149 3328 2188 ac
3354 2150 3448 2188 vo-

1887 2221 2110 2290 luptatis
2146 2223 2319 2290 premi
2349 2222 2658 2294 tyrannide,
2697 2223 2982 2293 proprium
3013 2232 3100 2278 est
3129 2223 3304 2293 partis
3329 2225 3449 2278 ani-

1886 2329 1988 2367 ma:
2015 2328 2044 2366 a
2084 2313 2296 2368 ratione
2341 2329 2581 2380 aversae;
2633 2314 2886 2385 eligentis
2907 2323 3087 2369 autem
3131 2313 3298 2368 animi
3321 2329 3446 2384 pro-

1886 2407 2146 2474 positum,
2198 2406 2417 2476 utrique
2463 2405 2630 2476 parti,
2675 2413 2789 2458 tum
2835 2419 2957 2474 quin
3002 2405 3216 2460 ratione
3250 2406 3444 2470 utitur,

1887 2503 2000 2550 tum
2040 2512 2161 2551 quae
2205 2507 2290 2550 est
2343 2496 2492 2550 illius
2543 2511 2760 2565 expers,
2805 2510 3097 2552 commune
3148 2505 3250 2551 est.

2467 2631 2699 2687 SERMO
2751 2631 2862 2686 LX.

1886 2744 1961 2798 De
2002 2745 2326 2814 insipientia,
2373 2745 2744 2867 insipienteuet
2779 2744 2972 2799 stolido
3029 2752 3078 2798 et
3120 2745 3366 2815 imperito
3398 2754 3448 2798 et

2577 2824 2661 2867 stu
2710 2831 2759 2867 ο.

2577 2824 2759 2867 stulto.

1954 2924 2138 2980 Matth.
2175 2940 2268 2990 vn,
2299 2924 2390 2979 26.
2418 2923 2694 2980 -Omnis
2725 2927 2820 2995 qui
2878 2926 3037 2981 audit
3083 2926 3252 2982 verba
3303 2942 3445 2994 mea,

1879 3026 1934 3071 et
1977 3032 2088 3070 non
2137 3015 2268 3070 facit
2316 3030 2401 3080 ea,
2455 3015 2652 3071 similis
2686 3017 2795 3072 erit
2828 3017 2948 3072 viro
2978 3018 3166 3074 stulto.

276 3070 344 3191 ἕ
386 3077 524 3142 Κορ.
568 3077 658 3132 ιδ’.
692 3110 761 3120 -
785 3083 876 3155 Μὴ
908 3088 1098 3142 παιδία
1146 3090 1360 3158 γίνεσθε
1395 3070 1526 3158 τοιῖςί
1559 3070 1770 3170 φρεσὶν,

1895 3070 1977 3160 NI
2009 3105 2133 3161 Cor.
2161 3123 2267 3171 xw,
2291 3070 2474 3162 20f;
2490 3107 2670 3163 Nolite
2697 3070 2858 3177 pueri
2887 3070 3322 3174 efﬁcisensibus,
3351 3092 3447 3165 seu

207 3161 344 3268 ἀλλά
363 3169 457 3307 οτῇ
511 3171 680 3242 κακίᾳ
721 3176 1044 3244 νηπιάζετε·
1096 3186 1216 3246 ταῖς
1244 3185 1299 3238 δὲ
1345 3190 1541 3257 φρεσὶ,
1570 3161 1776 3247 ’τέλειοι

207 3267 359 3307 γινεσ
397 3273 443 3307 ε.

206 3267 443 3319 γινεσυε.

278 3344 494 3441 ἰξαρδία
527 3347 782 3421 ἄφρονος.
815 3354 974 3428 ὀδύνη
1007 3358 1080 3428 τῷ
1111 3365 1442 3438 κτησαμένῳ
1469 3369 1657 3441 αὐτήν.

275 3438 496 3505 Σολομ.
531 3446 581 3494 ι’.
617 3471 684 3480 -
714 3443 880 3516 Χείλη
911 3447 1143 3519 ἄφρονος
1186 3461 1640 3516 καταποντιοῦσιν
1677 3464 1777 3516 αὖ·

205 3525 333 3625 τόν.-
359 3529 528 3602 ’Λρχὴ
565 3532 740 3602 λόγων
791 3529 1073 3608 στόματος
1099 3544 1284 3612 αὑτοῦ,
1335 3550 1644 3625 ἀφροσύνη,
1686 3557 1778 3609 καὶ

208 3620 412 3693 ὲσχάτη
446 3624 712 3696 στόματος
744 3631 914 3685 αὑτοῦ
948 3637 1275 3710 περιφέρεια
1301 3620 1535 3714 πονηρά.

275 3715 523 3808 Παροιιι.
561 3724 676 3808 ις’.
730 3750 799 3760 —
857 3722 1024 3796 Ἀνὴρ
1071 3726 1263 3800 ἄφρων
1322 3733 1544 3804 ὀρύσσει
1597 3735 1778 3808 ἑαυτῷ

207 3803 386 3855 κακά·
421 3803 513 3857 ἐπὶ
553 3805 612 3858 δὲ
652 3808 761 3862 τῶν
789 3811 981 3866 ἑαυτοῦ
1015 3817 1237 3885 χειλέων
1278 3820 1599 3894 θησαυρίζει
1643 3803 1772 3900 πῦρ.

275 3897 520 3990 [Ia-9041.
550 3906 662 3990 ιη’.
708 3931 779 3943 -
824 3905 898 3957 Οὐ
945 3908 1134 3976 χρείαν
1180 3910 1293 3981 ἔχει
1352 3915 1542 3984 σοφίας
1593 3897 1777 3990 ὲνδεῆς

207 3983 450 4051 φρενῶνο
482 3989 686 4056 μᾶλλον
708 3991 816 4062 γὰρ
848 3993 1042 4063 ἄγεται
1075 3998 1378 4074 ἀφροσύνῃ.

272 4080 470 4176 ΣιρὰχΔ
503 4085 619 4176 κβξ.
685 4117 751 4128 -
792 4090 949 4145 Μετά
993 4093 1229 4163 ἄφρονος
1263 4099 1337 4168 μὴ
1368 4100 1647 4176 πληθύνῃς
1695 4106 1777 4159 λό-

205 4181 352 4233 γους,
387 4170 480 4225 καὶ
508 4173 648 4242 πρὸς
675 4175 935 4232 ἀσύνετον
961 4180 1037 4252 μὴ
1064 4185 1318 4254 πορεύου.

273 4264 465 4358 Σιρὰχ-
489 4265 611 4358 κβξ.
643 4294 714 4307 -—
760 4268 884 4323 Ἐπὶ
912 4273 1092 4345 νεκρῷ
1129 4275 1385 4347 κλαῦσον,
1421 4281 1637 4346 ἐξέλιπε
1666 4287 1772 4358 γὰρ

205 4353 316 4420 φῶς
336 4371 350 4384 ο
384 4356 479 4410 καὶ
508 4357 602 4411 ἐπὶ
630 4361 797 4432 μωρῷ
823 4362 1080 4432 κλαῦσον,
1126 4367 1341 4435 ἐξέλιπε
1395 4374 1504 4444 γάρ
1537 4353 1771 4442 σύνεσις.

269 4531 455 4624 ξιρὰχ
510 4536 626 4600 κβκ
656 4567 728 4578 -
762 4539 981 4612 Ἀμμον
1015 4544 1110 4598 καὶ
1142 4546 1276 4611 ἅλας
1299 4550 1394 4602 καὶ
1419 4549 1587 4620 βῶλον
1625 4554 1769 4624 σιδη-

203 4622 352 4689 ροῦν,
384 4626 734 4698 ἀκοπώτερον
768 4631 1090 4720 ὑπενεγκεῖν
1110 4677 1126 4702 ,
1154 4637 1186 4707 ἢ
1221 4637 1507 4710 ἄνθρωπον
1536 4622 1766 4714 ἄφρονα.

264 4803 449 4874 Σιρὰχ
473 4805 542 4860 δ’.
570 4838 639 4850 -
665 4809 757 4880 Μὴ
790 4812 1150 4888 ὑποστρώσῃς
1176 4817 1450 4891 ἀνθρώπῳ
1481 4822 1649 4894 μωρῷ
1675 4840 1767 4877 σε-

202 4895 382 4950 αυτόν.

266 4989 452 5060 Σιρὰχ
488 4997 562 5059 η’.
594 4994 838 5049 -Μετά
869 4997 1054 5068 μωροῦ
1084 5001 1159 5071 μὴ
1195 5004 1586 5072 συμϐουλεύου.

264 5082 448 5151 Σιρὰχ
488 5085 602 5148 κβ.
629 5116 698 5126 --
729 5087 1048 5154 Συγκολλῶν
1089 5093 1378 5164 ὄστρακον,
1427 5099 1455 5150 ὁ
1499 5099 1767 5154 διδάσκων

205 5175 403 5245 μωρόν.

263 5263 463 5337 Αἷσχος
494 5268 679 5340 νόμιζε
705 5270 804 5342 τὴν
832 5275 1045 5343 φρενῶν
1075 5278 1369 5348 ἀκοσμίαν.

262 5360 608 5415 Βασιλειόυ.
649 5393 717 5404 —-
745 5364 956 5440 Ὠσπερ
986 5369 1036 5423 oi
1066 5369 1422 5438 ἀσθενοῦντες
1469 5375 1762 5448 χρῄζουσιν

202 5447 468 5520 ἰατρικῆς,
502 5451 643 5506 οὕτω
675 5457 864 5523 σοφίας
897 5457 1127 5529 ἄφρονες
1158 5463 1480 5521 ὲπιδέονται.

1883 3198 2091 3253 malitia
2137 3199 2351 3267 parvuli
2403 3208 2614 3264 estote;
2674 3200 2930 3255 sensibus
2983 3210 3167 3256 autem
3215 3201 3447 3271 perfecti

1880 3297 2077 3343 θείοιο.

1947 3378 2056 3433 Cor
2087 3379 2418 3448 insipientis,
2453 3380 2611 3435 dolor
2639 3381 2690 3436 ei
2725 3383 2820 3452 qui
2854 3382 3034 3452 ipsum
3083 3381 3269 3437 habet.

1948 3469 2122 3524 Eccle.
2166 3486 2219 3534 ι,
2254 3472 2339 3526 12.
2366 3472 2620 3528 —Labia
2672 3473 2984 3543 insipientis
3030 3472 3448 3544 praecipitabunt

1878 3575 2025 3614 eum.
2075 3561 2300 3616 Initium
2330 3578 2647 3618 sermonum
2693 3564 2806 3619 oris
2833 3565 2976 3634 ejus,
3016 3564 3366 3636 insipientia;
3394 3573 3450 3620 ct

1877 3658 2185 3708 extremum
2226 3654 2342 3709 oris
2375 3653 2514 3725 ejus,
2549 3668 2709 3708 error
2749 3655 3046 3725 pessimus.

1951 3743 2106 3799 Prov.
2154 3761 2262 3811 xvi,
2297 3745 2581 3800 27.—Vir
2615 3745 2937 3816 imprudens
2968 3745 3106 3802 fodit
3137 3745 3241 3802 sibi
3286 3747 3446 3813 mala,

1878 3844 1936 3889 et
1977 3835 2032 3889 in
2077 3836 2240 3891 labiis
2279 3837 2394 3892 suis
2433 3837 2612 3906 ignem
2645 3837 2854 3892 condit.

1949 3925 2104 3981 Prov.
2139 3943 2292 3992 xvm,
2327 3927 2378 3980 2.
2407 3927 2608 3982 -Νοη
2652 3943 2791 3997 opus
2839 3928 3006 3983 habet
3051 3928 3321 3999 sapientia
3369 3929 3424 3982 in

1879 4017 2071 4088 digens
2110 4018 2310 4084 corde;
2360 4019 2532 4088 magis
2585 4019 2735 4074 enim
2787 4019 3446 4090 ducitur’imprudentia.

1947 4109 2115 4164 Eccli.
2148 4126 2276 4175 χιιι,
2331 4110 2658 4165 M.——Cum
2688 4110 2858 4166 stulto
2885 4125 2956 4166 ne
2986 4110 3320 4180 multiplices
3343 4126 3451 4167 ser-

1879 4215 2090 4264 mones,
2135 4210 2192 4255 et
2243 4200 2312 4254 ad
2351 4199 2690 4255 insensatum
2736 4215 2848 4254 non
2894 4215 3007 4255 eas.

1946 4288 2112 4358 670
2135 4287 2298 4342 Eccli.
2349 4305 2479 4352 xxu,
2530 4288 2616 4342 10.
2651 4317 2722 4330 —-
2758 4289 2937 4358 Super
2959 4296 3239 4343 mortuum
3274 4289 3447 4358 plora,

1881 4378 2086 4434 defecit
2129 4377 2276 4432 enim
2312 4378 2405 4432 lux
2434 4395 2447 4430 :
2481 4386 2537 4432 et
2565 4392 2732 4448 super
2770 4379 3002 4433 stultum
3033 4378 3212 4448 plora,
3248 4379 3451 4434 defecit

1808 4476 1854 4534 υ
1881 4470 2030 4525 enim
2070 4468 2380 4538 prudentia.

1949 4556 2115 4612 Ecclt'.
2163 4573 2290 4621 χχιι,
2334 4558 2767 4613 tti.—Arenam
2809 4565 2866 4613 et
2899 4558 3068 4614 salem
3113 4568 3171 4614 et
3215 4573 3446 4614 massam

1877 4649 2008 4703 ferri
2043 4648 2257 4704 facilius
2297 4657 2384 4704 est
2427 4649 2722 4716 sustinere,
2766 4665 2932 4721 quam
2975 4650 3157 4706 virum
3180 4650 3446 4721 insipien-

1879 4752 2012 4796 tem.

1950 4834 2111 4886 Eccli.
2165 4850 2235 4895 ιν,
2270 4833 2448 4887 52.--
2467 4833 2544 4888 Ne
2596 4833 2854 4904 subjicias
2886 4843 2940 4889 te
2984 4832 3193 4889 homini
3221 4831 3412 4888 stulto.

1943 5013 2108 5067 Eccli.
2144 5029 2252 5074 rm,
2281 5011 2368 5064 22.
2389 5040 2456 5053 —-
2479 5011 2613 5065 Cum
2645 5010 2815 5065 stulto
2855 5024 2924 5065 ne
2944 5009 3236 5064 consilium
3270 5008 3443 5063 ineas.

1941 5105 2109 5159 Eccli.
2144 5122 2270 5162 χχιι.
2300 5106 2351 5157 7.
2371 5101 2858 5173 —Conglutinans
2911 5108 3126 5166 testam,
3157 5099 3250 5170 qui
3283 5099 3446 5155 docet

1873 5197 2124 5251 stultum.

1943 5287 2213 5343 Probrum
2242 5285 2473 5348 aestima,
2529 5283 2730 5339 mentis
2775 5281 3103 5352 neglectum.

1941 5375 2237 5431 Basilii.-
2260 5373 2416 5429 Sicut
2462 5373 2664 5427 infirmi
2718 5379 2881 5441 egent
2924 5368 3216 5435 medicina,
3248 5367 3327 5424 sic
3361 5367 3443 5426 in-

1869 5470 2133 5540 sipientes
2171 5481 2306 5537 opus
2350 5465 2554 5521 habent
2589 5462 2878 5533 sapientia.

1465 5619 1696 5677 VARI/IS
1739 5620 2154 5678 LECTIONES.

262 5729 308 5769 *ν
344 5732 507 5784 'A.l.t.
544 5730 745 5784 Φιλιστ.
823 5731 868 5763 ³⁸
905 5736 1064 5790 "AM.
1092 5740 1316 5810 Χαρικκ..
1401 5745 1435 5774 ³¹
1475 5743 1530 5797 lu
1556 5743 1719 5800 Gesn.
1759 5744 1908 5800 Stob.
1945 5744 2033 5798 55.
