4200 6440
249 401 366 470 935

249 608 480 670 ἀσώτως
505 645 521 670 ,
564 607 779 678 οἰκέτης
817 607 1005 661 ἔσται·
1065 608 1292 678 ἔσχατον
1333 608 1389 659 δὲ
1432 607 1820 676 ὀδυνηοήσεται

251 699 344 768 ἐφ’
383 699 579 769 ἐαυτῷ.

324 791 509 860 Σιρὰχ
553 796 629 855 ς’.
664 789 839 844 -Τά
893 791 1066 858 φύλλα
1109 807 1204 843 σου
1254 793 1630 860 καταφάγεσαι
1682 791 1822 842 ἀσώ-

248 897 363 944 τως
389 880 499 952 (Η),
550 882 645 934 καὶ
687 884 814 943 τοὺς
845 881 1089 948 καρπούς
1128 897 1219 933 σου
1258 883 1565 945 ἀπολέσεις,
1603 881 1694 932 καὶ
1722 880 1821 947 ἁφ-

249 973 410 1036 ἧσεις
442 972 652 1043 σεαυτῷ
672 972 748 1036 ὡς
781 971 976 1040 φύλλον
1003 972 1182 1040 ξηρόν.

326 1063 674 1117 Βασιλείου.
732 1091 803 1102 -
865 1063 1000 1114 Οὐδὲ
1054 1061 1163 1130 γὰρ
1222 1062 1510 1131 φειδόμενα
1568 1061 1821 1127 καθάπαξ

252 1153 512 1216 πλούτου,
537 1152 858 1224 ἐῤῥιμένους
883 1153 1056 1221 χαμαὶ
1089 1153 1509 1221 παρατρέχομεν
1533 1152 1818 1221 ἀδελφοὺς,

249 1245 377 1300 οὐδὲ
401 1247 517 1308 τοῖς
545 1245 734 1298 παισὶν
765 1244 800 1312 ἢ
833 1247 945 1307 τοῖς
972 1244 1152 1306 ἄλλοις
1177 1245 1398 1307 οἰκείοις
1427 1244 1524 1313 τὴν
1559 1245 1820 1315 εὐπορίαν

253 1339 638 1408 φυλάττοντες,
666 1337 1028 1406 ἀποκλείομεν
1057 1338 1168 1398 τοῖς
1193 1336 1467 1406 δεομένοις
1489 1337 1588 1400 τὰς
1619 1337 1786 1400 ἀκοάς
1803 1354 1814 1366 ·

251 1431 391 1484 ἀλλὰ
428 1431 529 1500 τὴν
559 1429 804 1498 δαπάνην
852 1428 1228 1498 μετατιθέντες
1281 1427 1371 1480 ἐπὶ
1405 1431 1516 1490 τοῖς
1557 1429 1818 1498 κείρουσι,

251 1524 350 1576 καί
395 1523 456 1575 τὸ
511 1521 794 1591 φιλότιμον
825 1522 1026 1589 ἀκόνην
1055 1522 1322 1588 πονηρίας
1357 1520 1670 1590 ποιούμενοι
1710 1524 1820 1584 τοῖς

254 1613 462 1683 ταύτην
497 1612 889 1680 ἐπιτηδεύουσι.
927 1611 1099 1664 Πόσαι
1144 1611 1252 1680 γὰρ
1281 1610 1312 1679 ἦ
1347 1612 1500 1663 πόσοι
1522 1611 1626 1664 τῶν
1664 1612 1820 1664 ἐνίων

251 1706 650 1775 περιεστήκασι
689 1704 1004 1774 τράπεζανς
1054 1703 1114 1756 Οἱ
1169 1703 1267 1772 μὲν
1313 1704 1556 1773 αἰσχροῖς
1611 1704 1818 1773 ῥήμασι

249 1797 344 1852 τὸν
369 1796 660 1866 ἑστιάτορα
693 1795 992 1862 Θέλγοντες,
1030 1796 1078 1847 οί
1107 1794 1164 1847 δὲ
1196 1794 1416 1856 ἀτόποις
1459 1793 1730 1862 βλέμμασί
1759 1809 1815 1843 τε

249 1889 345 1942 καὶ
374 1863 617 1956 σχήμασι
652 1886 713 1938 τὸ
749 1887 848 1955 τῆς
871 1885 1143 1953 ἀκρασίας
1175 1885 1456 1938 ὲκκαίουσι
1489 1885 1630 1953 πῦρ·
1673 1885 1721 1935 oi
1760 1883 1816 1934 δὲ
1853 1863 1892 1920 Β

245 1983 364 2043 τοῖς
405 1980 482 2040 εἰς
533 1978 798 2046 ἀλλήλους
833 1975 1129 2046 σκώμμασι
1157 1976 1369 2043 γέλωτα
1412 1975 1489 2044 τῷ
1530 1973 1820 2042 κεκληκῦτι

249 2068 690 2128 κατασκευάζειν
721 2067 1025 2131 ἐθέλοντες·
1055 2069 1148 2120 καὶ
1177 2061 1324 2120 οὗτοι
1368 2067 1444 2126 δὲ,
1473 2066 1532 2118 ού
1557 2066 1617 2117 τὸ
1643 2068 1824 2116 ἑστια-

249 2163 414 2230 Οῆναι
467 2158 734 2230 λαμπρῶς
785 2158 942 2228 μόνον
973 2157 1371 2228 κερδαίνουσιν,
1429 2155 1566 2209 ἀλλά
1599 2157 1692 2209 καὶ
1723 2155 1822 2219 τὰς

249 2254 442 2321 χεῖρας
483 2249 969 2323 ιπεπληρωμένας
1041 2247 1356 2302 πολυτελῶν
1429 2245 1618 2316 δώρων
1692 2263 1818 2300 κατ-

250 2344 389 2411 ἀγου
398 2359 502 2397 σιν.

329 2523 648 2587 Θεολογιου.
683 2548 754 2560 -
789 2519 900 2588 Τῆς
945 2518 1118 2588 αὐτῆς
1167 2517 1485 2589 δυσχερείας
1530 2517 1678 2583 ἐστὶ,
1728 2519 1822 2573 καὶ

249 2611 561 2680 κτήσασθαί
587 2629 639 2664 τι
664 2610 773 2664 τῶν
806 2609 1029 2680 ἀγαθῶν
1066 2610 1164 2680 οὐχ
1203 2611 1470 2681 ὑπάρχον,
1497 2610 1594 2664 καὶ
1623 2610 1822 2682 κτηοὲν

245 2701 643 2756 διασώσασθαι.

322 2790 430 2844 Τοῦ
465 2792 564 2861 μὲν
605 2792 715 2862 γὰρ
757 2791 1001 2862 δαπανᾷν
1049 2792 1082 2860 ἡ
1125 2789 1397 2858 φιλοδοξία
1444 2790 1557 2855 τοῖς
1605 2789 1820 2853 πολλοῖς

247 2882 485 2953 παρέχει
512 2882 572 2937 τὸ
601 2882 881 2953 πρόθυμον
900 2898 914 2913 ⁸
947 2875 1008 2936 οὗ
1033 2881 1090 2936 δὲ
1123 2882 1337 2953 ἀφανὴς
1377 2883 1412 2952 ἡ
1438 2882 1695 2946 ἐπίδοσις,
1728 2884 1822 2937 καὶ

247 2973 314 3028 τὸ
341 2974 601 3044 παρέχειν
634 2973 994 3044 ἀμϐλύτερον.

325 3067 626 3131 Χρυσόστ.
653 3093 726 3106 -
755 3063 818 3117 Εἰ
861 3064 1056 3126 παιδὸς
1084 3063 1451 3133 ἐπετρόπευες
1477 3103 1490 3126 ,
1521 3065 1615 3117 καὶ
1641 3063 1819 3116 λαϐὼν

253 3157 324 3208 τὰ
353 3156 518 3210 αὐτοῦ
552 3154 861 3225 περιεώρας
903 3155 1064 3207 αὐτὸν
1106 3156 1164 3207 ὲν
1211 3157 1324 3217 τοῖς
1372 3154 1624 3223 ἐσχάτοις
1667 3155 1814 3218 ὂντα,
1848 3190 1868 3243 (

255 3247 486 3317 μυρίους
517 3245 584 3299 ἂν
607 3241 756 3314 εἶχες
781 3244 1145 3314 κατηγόρους,
1188 3247 1284 3298 καὶ
1324 3245 1423 3314 τὴν
1449 3245 1557 3300 ἀπὸ
1589 3245 1698 3298 τῶν
1743 3245 1822 3297 νό-

255 3355 374 3407 μων
404 3337 611 3399 ἔδωκας
651 3336 718 3389 ἂν
749 3335 938 3404 δίκην·
989 3334 1059 3387 τά
1096 3334 1152 3387 δὲ
1195 3334 1290 3388 τοῦ
1339 3333 1573 3402 Χριστοῦ
1617 3334 1819 3397 λαϐὼν,

249 3430 352 3482 καὶ
392 3427 568 3491 οὕτως
606 3426 781 3498 μάτην
828 3425 1158 3491 ἀναλίσκων,
1196 3426 1294 3494 οὐχ
1338 3426 1446 3495 ἡγῇ
1491 3425 1684 3478 δώσειν
1734 3425 1822 3477 εύ-

251 3519 420 3582 θύνας

319 3610 558 3672 Δίωνος.
592 3635 661 3647 -
694 3607 977 3676 Μηδέποτε
1027 3607 1202 3676 μάτην
1249 3608 1506 3676 χρήματα
1553 3606 1819 3669 σπούδαζε

251 3698 588 3762 ἀναλίσκειν,
645 3698 707 3762 ἐξ
765 3692 826 3753 οὗ
887 3698 1114 3769 οὐδεμία
1162 3698 1517 3766 προσγίνεται
1574 3695 1817 3750 εῡκλεια.

253 3790 495 3852 Πλοῦτος
548 3789 657 3860 γὰρ
720 3791 989 3862 ἀκριϐὴς,
1038 3791 1136 3858 οὐχ
1183 3789 1356 3851 οὔτως
1403 3789 1466 3840 ὲκ
1506 3787 1600 3840 τοῦ
1650 3787 1821 3840 πολλά

250 3881 578 3952 λαμϐάνειν,
610 3882 684 3946 ὡς
717 3885 778 3937 ὲκ
822 3883 918 3938 τοῦ
969 3883 1044 3955 μὴ
1073 3883 1246 3936 πολλὰ
1279 3881 1588 3936 ἀναλίσκειν
1632 3881 1818 3952 ἁθροί-

251 3973 435 4038 ζεται.

852 4089 1222 4158 Μενάνδρου.

259 4177 410 4243 Τοὺς
446 4179 553 4248 tor
583 4178 736 4232 τδιον
767 4178 1152 4246 δαπανῶντες
1181 4179 1518 4248 ἀλογίστως
1546 4181 1710 4244 βίον,

258 4251 331 4303 To
350 4246 556 4316 ,καλῶς
584 4249 849 4315 ἀκούειν,
873 4250 1026 4320 ταχὺ
1051 4250 1213 4304 ποιεῖ
1231 4246 1381 4307 πᾶσι
1404 4249 1620 4315 κακῶς.

324 4405 615 4471 Χίλωνος.
645 4405 1132 4476 -Δαπανώμενος
1174 4405 1258 4475 ἐφ’
1296 4404 1331 4459 ἀ
1376 4404 1451 4475 μὴ
1495 4405 1596 4471 δεῖ,
1641 4404 1817 4471 ὀλίγος

250 4496 350 4565 ἔσῃ
382 4497 467 4565 ἐφ’
496 4496 532 4550 ὃ.
559 4497 657 4551 δεῖ.

323 4589 399 4640 Τὸ
456 4588 530 4659 μὴ
574 4585 870 4656 κεκτῆσθαι
928 4585 1176 4647 πλούτον,
1236 4583 1439 4654 βλάϐην
1483 4585 1543 4637 ού
1598 4585 1813 4653 κομίζει

249 4679 521 4749 τοσαύτην
541 4696 554 4710 ·
589 4679 650 4731 τὸ
677 4678 733 4731 δὲ
760 4679 870 4741 τοῖς
912 4675 1031 4731 οὖσι
1066 4677 1247 4738 κακῶς
1281 4676 1582 4746 κεχρῆσθαι
1607 4715 1622 4740 ,
1652 4677 1818 4729 ἀπόλ-

249 4769 375 4823 λυσι
401 4769 492 4822 τὸν
517 4768 710 4833 οὕτως,
742 4769 898 4838 φασὶ,
929 4769 1273 4839 κεχρημένου
1307 4766 1419 4835 βίον
1456 4768 1548 4836 (ε).

1548 402 1712 461 LOCI
1753 403 2184 463 COMMUNES.

327 518 572 585 Παροιμ.
632 514 742 570 κο’.
783 545 851 559 —
910 518 1006 579 ‘0;
1064 517 1459 586 κατασπαταὶᾷ
1517 521 1578 569 ἐκ
1633 519 1818 580 παιδὸς
1852 525 1888 577 Α

3385 409 3490 470 986

1990 520 2144 572 Prov.
2181 534 2322 582 xxnt,
2367 518 2456 572 2|.
2486 517 2676 584 ——Qui
2714 517 3007 574 deliciatur
3058 533 3089 573 a
3121 533 3292 589 puero
3330 519 3490 576 luxu-

1925 612 2087 665 riose.
2137 627 2328 665 servus
2362 611 2504 670 erit;
2540 617 2596 665 et
2630 610 2696 663 ad
2734 620 3035 664 extremum
3067 610 3276 665 dolebit
3316 613 3368 665 in
3399 628 3490 667 se-

1925 702 2174 769 metipso.

1995 791 2159 846 Ecrli.
2215 809 2286 854 vi,
2332 791 2384 844 ’5.
2429 821 2464 830 -
2505 793 2655 847 Folia
2698 801 2788 846 tua
2814 790 3071 846 comedes
3106 792 3408 856 luxuriose,
3434 797 3493 846 et

1924 882 2133 937 fructus
2179 893 2305 936 tuos
2339 883 2554 952 perdes,
2586 891 2642 938 et
2677 884 2775 937 tibi
2810 884 2925 952 ipse
2957 883 3107 936 velut
3152 882 3342 937 folium
3377 883 3491 938 ari-

1922 973 2052 1026 dum
2088 975 2391 1044 relinques.

1996 1063 2180 1118 Basilii
2191 1066 2464 1134 .—Ncque
2479 1065 2624 1124 enim
2643 1065 2787 1133 quod
2808 1065 3032 1119 omnino
3048 1064 3270 1134 parcius
3285 1064 3492 1120 divitiis

1923 1167 2162 1216 utamur,
2211 1156 2484 1225 proiectos
2529 1155 2683 1208 humi
2722 1154 2921 1210 fratres
2958 1155 3346 1225 praeterimus;
3388 1169 3493 1210 nec

1922 1245 2068 1313 quod
2106 1245 2294 1298 liberis
2326 1247 2556 1316 aliisque
2588 1246 2940 1307 necessariis,
2981 1261 3088 1315 qua
3122 1262 3313 1302 sumus
3342 1246 3496 1301 locu-

1921 1336 2117 1408 pletes.
2147 1337 2507 1390 substantiam
2540 1351 2844 1399 servemus,
2868 1337 3059 1405 egenis
3082 1351 3245 1391 aures
3277 1332 3492 1390 claudi-

1921 1444 2076 1494 mus;
2118 1427 2210 1481 sed
2249 1427 2395 1495 quod
2429 1428 2484 1480 in
2523 1443 2586 1482 ea
2615 1443 2735 1496 qua:
2772 1427 3046 1482 deteriora
3083 1433 3211 1480 sunt
3240 1434 3492 1496 sumplus

1923 1519 2336 1583 transferamus,
2403 1518 2740 1588 ell‘usamque
2800 1530 3046 1576 nostram
3108 1519 3492 1572 liberalitatem

1921 1611 2167 1664 scelestis
2234 1609 2552 1665 hominibus
2611 1609 2896 1678 pravitatis
2962 1617 3141 1664 cotem
3209 1608 3490 1662 iaciamus.

1919 1699 2092 1766 Quam
2144 1701 2302 1756 multi
2355 1702 2502 1754 enim
2568 1700 2857 1769 utriusque
2909 1714 3074 1754 sexus
3122 1698 3488 1768 quorumdam

1919 1789 2170 1843 ambiunt
2209 1791 2492 1844 mensam?
2525 1790 2728 1843 llorum
2776 1789 2868 1842 alii
2914 1789 3168 1857 turpibus
3205 1803 3270 1842 ac
3303 1787 3497 1842 obsce«

1925 1882 2011 1936 nis
2057 1881 2245 1936 verbis
2293 1880 2530 1936 convivii
2586 1880 2978 1934 instructorem
3041 1881 3338 1941 oblectant,
3399 1877 3492 1931 alii

1926 1981 2149 2042 aSpeetu
2189 1981 2456 2042 gestuque
2508 1971 2786 2040 impudico
2841 1970 3255 2025 incontinentiae
3299 1984 3491 2040 pyram

1925 2065 2264 2126 accendunt;
2294 2066 2385 2119 alii
2420 2064 2658 2132 denique
2693 2063 2929 2116 aliorum
2966 2063 3018 2115 in
3058 2061 3194 2115 alios
3222 2061 3491 2125 dicteriis,

1923 2173 2049 2210 cum
2083 2158 2175 2226 qui
2213 2157 2489 2220 invitavit,
2535 2155 2600 2210 ad
2641 2156 2812 2208 risum
2869 2171 2931 2210 ac
2978 2156 3276 2210 cachinnos
3300 2171 3494 2224 prove.

1924 2258 2051 2302 cant
2081 2267 2094 2300 :
2126 2248 2290 2317 hique
2317 2248 2467 2312 {adeo
2522 2260 2632 2300 non
2683 2246 2859 2299 solum
2906 2255 3257 2314 sumptuosas
3301 2245 3493 2314 epulas

1924 2340 2266 2400 elucrantur,
2313 2338 2406 2393 sed
2453 2349 2508 2392 et
2543 2351 2741 2391 manus
2779 2335 3085 2407 magniﬁcis
3130 2336 3294 2391 donis
3326 2335 3496 2390 refer-

1924 2440 2008 2486 tas
2048 2431 2310 2485 referunt.

1998 2522 2262 2590 Theologi.
2289 2553 2354 2562 —
2388 2520 2544 2575 Paris
2588 2518 2926 2574 dillicultatis
2966 2526 3069 2580 est,
3109 2516 3236 2571 honi
3283 2513 3491 2586 aliquid

1923 2628 2139 2682 parare,
2196 2627 2320 2668 cum
2369 2628 2480 2666 non
2525 2611 2748 2675 habeas,
2803 2619 2859 2664 et
2888 2617 3100 2679 partum
3143 2623 3489 2664 conservare.

1991 2795 2073 2848 Ad
2129 2802 2381 2862 sumptus
2432 2789 2712 2846 faciendos
2758 2789 3008 2859 plerique
3060 2803 3128 2841 ex
3193 2786 3492 2841 ambitione

1922 2886 2217 2942 alacriores
2244 2884 2552 2939 redduntur
2581 2900 2594 2937 :
2631 2882 2723 2937 ubi
2763 2895 2897 2934 vero
2926 2879 3162 2932 obscura
3195 2891 3297 2933 nec
3329 2877 3492 2948 vulgo

1922 2979 2216 3046 conspicua
2251 2976 2489 3044 largitio.
2543 2975 2845 3028 liberalitas
2890 2971 3156 3027 hebescit.

1993 3069 2258 3137 Chrysost.
2282 3099 2351 3108 —
2369 3068 2425 3120 Si
2455 3068 2610 3136 pueri
2643 3076 2895 3135 suscepta
2921 3066 3111 3127 tutela,
3147 3064 3375 3134 ejusque
3399 3079 3490 3118 ac-

1923 3161 2095 3229 ceptis
2122 3161 2300 3222 bonis,
2338 3168 2583 3212 extreme
2611 3159 2946 3212 laborantem
2975 3164 3377 3218 contemneres,
3407 3155 3490 3208 in-

1877 3227 1891 3244 .
1923 3252 2139 3305 numeri
2187 3261 2371 3304 essent
2418 3251 2510 3317 qui
2550 3253 2663 3303 rein
2691 3249 3100 3316 vituperarent,
3149 3261 3254 3300 nec
3301 3259 3492 3314 paruas

1922 3340 2137 3406 legibus
2199 3340 2526 3394 constitutas
2586 3339 2896 3408 ell‘ngeres;
2964 3351 3113 3390 nunc
3173 3350 3305 3389 vero
3362 3351 3488 3389 cum

1920 3430 2124 3486 Christi
2159 3432 2299 3486 bona
2321 3432 2596 3500 acceperis
2627 3431 2814 3498 sicque
2858 3439 3064 3483 temere
3093 3427 3357 3491 insumas,
3391 3442 3490 3481 an-

1921 3537 2028 3574 non
2073 3522 2371 3576 obnoxium
2415 3531 2466 3574 te.
2501 3521 2617 3574 fore
2662 3519 2983 3574 existimas?

1985 3612 2148 3681 672
2168 3612 2365 3665 Dionis.
2381 3641 2447 3650 --
2466 3613 2568 3664 Des
2588 3626 2810 3679 operam
2838 3618 2899 3662 ut
2922 3621 3198 3680 nunquam
3224 3609 3491 3680 pecunias

1923 3713 2127 3758 temere
2168 3704 2430 3765 insumas,
2462 3704 2606 3758 unde
2649 3704 2786 3757 nihil
2817 3704 2912 3758 tibi
2941 3705 3007 3758 ad
3045 3704 3350 3760 claritatem
3387 3704 3488 3759 ob-

1922 3795 2122 3849 veniat.
2152 3796 2300 3849 Vera:
2331 3796 2477 3849 enim
2508 3805 2780 3864 certmquc
2805 3795 3032 3860 divitia},
3059 3812 3168 3850 non
3208 3805 3317 3850 tam
3360 3797 3488 3850 inde

1921 3886 2250 3952 conﬂantur,
2294 3886 2442 3955 quod
2485 3887 2654 3940 multa
2698 3886 2957 3955 accipias,
3001 3901 3165 3957 quam
3200 3887 3348 3957 quod
3379 3902 3486 3942 nor.

1924 3977 2094 4030 multa
2132 3977 2429 4047 expendas.

2553 4086 2852 4142 Menandri.

1923 4179 2052 4249 Illos
2077 4181 2167 4248 qui
2199 4186 2541 4249 temeresuas
2572 4195 2691 4246 apes
2722 4179 3067 4249 profundunt,

1932 4239 2244 4315 Quod'beue
2277 4239 2522 4314 audiunt,
2556 4239 2656 4302 cito
2696 4239 2992 4319 illis'apud
3020 4239 3293 4390 ontnes[irt
3332 4247 3490 4370 τιτθία

3242 4334 3366 4372 veri
3399 4335 3484 4373 ur.

1989 4411 2641 4482 (Iliilonis.-vSutnptibus
2659 4413 2842 4483 largus
2871 4413 2926 4467 in
2951 4412 3154 4483 quibus
3171 4428 3281 4467 non
3304 4411 3482 4475 decet.

1921 4498 1975 4552 in
2003 4499 2206 4567 quibus
2243 4499 2401 4553 decet
2440 4516 2639 4569 parcus
2688 4500 2910 4555 iuturus
2951 4517 3033 4557 es.

1993 4590 2113 4644 Non
2149 4591 2353 4646 habere
2375 4592 2593 4648 divitias
2625 4609 2688 4647 ac
2717 4609 2934 4662 parare,
2966 4610 3074 4649 non
3098 4595 3237 4650 adeo
3262 4595 3482 4649 noxium

1922 4693 2042 4748 est;
2095 4683 2162 4736 iis
2194 4690 2377 4738 autem
2422 4701 2544 4754 quae
2588 4696 2880 4755 suppetant
2934 4688 3072 4741 male
3112 4688 3214 4751 uti,
3248 4689 3368 4758 ejus
3391 4688 3484 4758 qui

1923 4771 2002 4825 sic
2034 4780 2217 4826 utatur
2249 4772 2458 4827 victum
2503 4773 2782 4844 vitamque
2812 4774 3012 4845 perdit.

1755 4901 1961 4957 ΝΟΤίΕ
1972 4944 1985 4957 .

253 4998 351 5054 sed
416 5012 629 5052 morum
675 4995 1188 5065 incompositorum,
1233 4996 1466 5065 maxime
1511 4995 1713 5048 furoris
1762 5005 1818 5049 et

253 5067 559 5138 praecipitis
584 5067 776 5138 animi,
804 5064 1083 5138 accincta:
1139 5065 1361 5138 tuentis.
1401 5064 1492 5138 Sic
1521 5067 1668 5138 enim
1715 5065 1810 5138 ait,

253 5133 367 5191 Καὶ
397 5133 584 5189 τούτου
612 5136 720 5204 γὰρ
755 5135 991 5202 ἀμετρία
1016 5133 1284 5200 Θυμώδεις
1314 5137 1453 5204 ποιεῖ
1476 5135 1569 5204 καὶ
1597 5135 1814 5204 θρασεῖς

253 5208 350 5261 καὶ
381 5203 773 5276 ἀκροσφαλεῖς,
801 5204 1052 5276 ὀργίλους
1079 5220 1135 5256 τε
1171 5203 1591 5276 καὶλγχαλεπούς.
1642 5203 1811 5272 Hujus

253 5273 1100 5346 quoqueimmoderatiofcroces
1149 5273 1320 5325 reddit
1387 5281 1435 5326 et
1487 5273 1813 5346 audaccsuet

253 5341 552 5415 prmcipites
576 5351 624 5415 et
662 5343 965 5406 iracundos,
1022 5358 1317 5415 gravesque
1347 5360 1408 5415 uc
1430 5341 1691 5415 molestos.
1717 5343 1814 5396 llic

251 5411 402 5470 certe
424 5411 547 5466 'vini
581 5413 940 5480 intemperate
1002 5412 1113 5480 poti
1149 5411 1444 5479 proclivior
1485 5413 1732 5473 cll‘ectus,
1761 5422 1816 5464 et

249 5501 364 5554 quo
419 5482 766 5554 potissimum
816 5483 1067 5554 laborare
1130 5482 1350 5554 videtur
1393 5481 1653 5554 ebrietas.
1681 5489 1737 5554 ut
1783 5497 1811 5554 ιι

249 5550 481 5623 peccato
504 5552 753 5623 excusari
780 5567 885 5605 non
911 5551 1112 5623 possit:
1141 5551 1229 5604 cui
1259 5567 1368 5604 non
1393 5551 1547 5623 deest
1578 5550 1683 5602 τῶν
1710 5551 1813 5601 ύπδ

250 5621 515 5691 Ϋαστέρα,
552 5621 910 5689 desputnante
966 5622 1159 5673 vinoso
1201 5630 1392 5673 ventre
1434 5621 1488 5691 in
1529 5635 1809 5691 venerem,

250 5689 502 5748 aceeItSis
525 5691 871 5753 humoribus,
907 5703 1224 5757 remotoque
1250 5690 1477 5744 rationis
1494 5689 1667 5742 obice.

323 5762 402 5834 (ῃ)
436 5759 852 5829 Ιίίιταςςάγεσαι
882 5761 1144 5827 ἀσώτως.
1173 5761 1283 5816 Vox
1307 5760 1528 5823 ἀσώτως
1579 5769 1807 5828 utraque

1923 4997 2256 5068 auctoritate
2282 4997 2421 5051 forte
2461 4996 2732 5065 addititia,
2761 5014 2864 5055 nec
2898 4999 2954 5054 in
2979 4999 3183 5056 Graecis
3205 5001 3352 5068 vulg.
3390 5015 3483 5055 ex-

1923 5076 2048 5121 stat.
2070 5066 2443 5140 CodereAlex.
2477 5068 2707 5140 perinde
2733 5069 2917 5140 habet,
2959 5071 3034 5140 ὡς
3067 5070 3262 5140 φύλλον
3293 5066 3480 5140 ξηρόν,

1923 5145 2176 5200 tanquam
2208 5137 2391 5208 folium
2417 5137 2749 5208 aridum,uhi
2776 5137 3088 5206 reliqui,tb¢
3116 5139 3269 5202 ξύλον
3296 5137 3480 5208 ξηρόν,

1922 5215 2177 5275 tauquam
2202 5207 2399 5275 lignum
2424 5207 2655 5267 aridum,
2687 5208 2803 5261 sive
2833 5207 3235 5263 arborem.Ncc
3264 5207 3482 5262 mutan—

1920 5274 2062 5347 dum
2089 5274 2294 5347 putavi,
2333 5275 2430 5347 τὸ,
2460 5275 2692 5347 σεαυτῷ.
2726 5277 2863 5330 Mirc
2915 5281 3061 5331 enim
3108 5279 3362 5347 quadrat,
3420 5291 3483 5334 ut

1919 5345 2100 5417 exesis
2143 5345 2287 5398 foliis
2317 5345 2624 5417 fructuque
2664 5346 2971 5415 deperdita,
3030 5345 3296 5403 emortua:
3321 5350 3477 5417 quasi

1920 5415 2103 5484 arbori
2163 5423 2475 5484 emortuum
2536 5415 2726 5469 folium
2785 5417 3146 5484 relinquatur.
3199 5418 3291 5472 Sic
3329 5415 3479 5470 enim

1920 5482 2026 5536 illis
2055 5483 2464 5538 tabescentilms
2491 5501 2596 5538 non
2629 5482 2984 5539 demittantur
3009 5486 3159 5551 folia,
3187 5487 3282 5542 sed
3312 5489 3366 5540 in
3399 5486 3482 5542 eis

1919 5561 2268 5616 exarescunt,
2303 5563 2362 5605 ut
2378 5555 2628 5608 videmus
2655 5555 3011 5622 experientia.

1987 5623 2054 5684 (ᾖ)
2095 5624 2203 5674 Τὸν
2257 5623 2446 5688 οὕτως
2489 5624 2861 5691 κεςζρημὲιλου
2911 5627 3074 5689 βίον.
3126 5625 3215 5679 Sic
3255 5625 3479 5684 emend.

1913 5693 2055 5754 quod
2083 5702 2220 5751 (ιι-ιιι,
2258 5693 2348 5744 τὸν
2378 5695 2544 5754 ὅντως
2596 5698 2962 5762 κεχρημένον·
3013 5711 3122 5762 qua
3162 5697 3265 5749 levi
3300 5704 3479 5752 muta-

1916 5763 2081 5817 tione.
2133 5763 2278 5816 clara
2351 5764 2618 5817 sententia
2674 5773 2755 5818 est
2813 5781 2876 5820 ac
2924 5765 3164 5819 auctoris
3223 5779 3455 5821 acumen
