4200 6440
232 399 340 466 989

1527 417 1697 478 LOCI
1734 419 2054 481 COMMUN
2058 421 2168 481 ES.

3353 428 3463 497 990

231 509 472 610 ἀνίατος,
504 511 580 578 ὡς
609 512 676 567 τὰ
705 513 878 572 πολλά
905 516 1003 588 τῆς
1030 517 1198 585 εξεως
1228 522 1308 586 εἰς
1343 541 1506 592 φυσιν
1536 527 1798 596 μεθιστα-

1903 533 2151 594 omnino,
2185 535 2368 586 curari
2394 534 2663 602 possunt;
2696 544 2756 590 ut
2811 536 2962 608 quod
3008 551 3328 610 plerumque
3361 543 3459 598 ha-

234 599 428 669 μένης.

307 692 508 755 Ἐθους
560 695 856 766 χωρισμὸς,
903 699 997 752 καὶ
1043 702 1156 764 τοῖς
1205 703 1420 773 ἀλόγοις
1447 706 1565 761 ἐστὶ
1600 709 1794 778 δυσφο-

232 781 496 850 ράηατος.
528 784 634 837 Καί
682 803 814 840 ποτε
846 784 982 842 εἶδον
1011 791 1123 860 ἐγὼ
1166 793 1292 863 βοῦν
1327 797 1418 849 ἐπὶ
1469 798 1675 870 φάτνης
1701 801 1795 854 δα-

229 871 491 942 κρύοντα,
523 874 618 928 τοῦ
648 877 882 949 συνόμου
913 880 1078 934 αὐτοῦ
1117 886 1209 936 καὶ
1237 886 1506 956 ὁμοζύγου
1544 891 1797 964 τελευτήο

232 978 450 1028 σαντος.

305 1054 623 1125 Θεολόγου.
649 1086 720 1097 -
746 1057 904 1130 Ῥᾷον
941 1062 1050 1132 γὰρ
1091 1064 1184 1116 ἀπ’
1233 1065 1408 1138 ἀρχῆς
1443 1070 1517 1140 μὴ
1548 1071 1790 1127 ἐνδοῦναι

228 1145 417 1216 κακίᾳ,
445 1146 540 1201 καὶ
583 1151 914 1220 προσιοῦσαν
963 1155 1266 1226 διαφυγεῖν,
1309 1161 1342 1230 ἢ
1394 1162 1792 1233 προϐαίνουσαν

227 1234 499 1306 ἀνακόψαι
529 1239 625 1291 καὶ
657 1242 889 1312 φανῆναι
923 1245 1121 1315 ταύτης
1155 1247 1444 1320 ἀνώτερος.

295 1328 509 1400 Δικτύῳ
548 1331 794 1401 κομίζειν
820 1334 964 1406 ὕδωρ
991 1339 1085 1391 καὶ
1131 1339 1350 1394 πλίνθον
1382 1342 1603 1398 πλύνειν
1629 1345 1792 1398 εὐπε-

225 1418 341 1483 τὲς,
383 1420 418 1487 ἢ
447 1422 648 1476 κακίαν
677 1425 1029 1508 φυτευθεῖσαν
1057 1430 1234 1502 χρόνῳ
1266 1432 1446 1503 πολλῷ
1474 1434 1534 1488 ἐν
1576 1434 1790 1506 ἀνθρώ-

226 1524 335 1561 που
363 1508 507 1582 ψυχῇ
537 1511 738 1577 ἐξελεῖν
767 1515 1010 1572 δυνατόν.

300 1599 599 1666 Χρυσοστ.
630 1631 701 1642 ——
731 1603 896 1656 Οὐδὲν
927 1605 1098 1670 οὕτως
1146 1610 1362 1679 ἰσχυρὸν
1391 1611 1542 1682 παρά
1587 1612 1796 1685 ἀνθρώ-

224 1702 376 1754 ποις,
408 1689 486 1752 ὡς
518 1691 807 1764 συνηθείας
836 1695 1073 1760 παλαιᾶς
1105 1701 1382 1770 τυραννίς.

301 1779 460 1843 Τινὲς
496 1779 604 1835 τῶν
648 1781 866 1849 ἔξωθεν,
896 1786 1158 1860 δευτέραν
1189 1790 1352 1860 φύσιν
1377 1793 1477 1862 τὴν
1505 1793 1793 1864 συνήθειαν

222 1869 530 1926 ἐκάλεσανοι

294 1964 480 2017 Δεινδν
499 1965 533 2034 ἡ
565 1964 822 2036 συνήθεια
845 1971 1140 2037 κατασχεῖν
1178 1970 1311 2042 πρὸς
1337 1971 1554 2044 ἑαυτὴν,
1589 1973 1682 2026 καὶ
1720 1973 1795 2046 μὴ

225 2055 585 2126 συγχωρῆσαι
608 2055 769 2110 πάλιν
793 2057 1144 2129 διαναστῆναι
1181 2062 1273 2114 ἐπὶ
1305 2063 1406 2132 τὴν
1432 2061 1655 2134 πρώτην
1681 2062 1796 2128 ’ἐξιν

219 2145 330 2217 τῆς
364 2147 588 2217 ἀρετῆς.

303 2239 462 2310 Ψυχὴ
486 2239 633 2306 ἅπαξ
665 2240 910 2312 ἁμαρτίᾳ
959 2244 1322 2314 σπεισαμένη,
1357 2245 1452 2298 καὶ
1478 2246 1797 2319 ἀναλγήτως

220 2331 562 2398 διατεθεῖσα,
595 2332 798 2404 πολλὴν
825 2335 1052 2406 παρέχει
1082 2335 1158 2407 τῷ
1196 2338 1463 2408 νοσήματι
1503 2338 1600 2410 τὴν
1630 2357 1798 2410 προσ-

221 2423 426 2496 θήκην.

300 2517 568 2581 Πολλάκις
595 2518 694 2590 τὴν
724 2519 901 2587 φλόγα
929 2519 1059 2590 περὶ⁵
1087 2521 1186 2591 τὴν
1215 2521 1388 2591 ἀρχὴν
1419 2522 1495 2592 μὴ
1543 2521 1794 2575 σϐεννύν-

221 2623 339 2671 τες,
370 2608 452 2672 είς
483 2607 626 2678 μέγα
655 2613 911 2678 ναυάγιον
940 2611 1305 2680 κατήντησαν.
1338 2613 1428 2682 Μὴ
1458 2612 1656 2682 ἔχουσα
1689 2611 1798 2682 γὰρ

220 2698 475 2768 ἁμαρτία
515 2700 606 2751 τὸν
643 2701 722 2764 είς
768 2701 954 2772 πρόσω
1005 2701 1275 2774 προϐῆναι
1321 2702 1620 2769 κωλύοντα,
1649 2704 1799 2774 ἵππῳ

223 2791 374 2843 ἔοικε
426 2792 515 2844 τὸν
549 2791 762 2862 χαλινὸν
810 2791 1173 2865 “oppetam
1227 2794 1321 2846 καὶ
1363 2794 1455 2847 τὸν
1523 2794 1799 2864 ἀναϐάτην

224 2881 609 2951 κρημνίςοντι.

300 2969 650 3037 Κλήμεντος
682 2970 930 3040 Ῥώμης.
961 3001 1032 3011 -
1065 2972 1133 3024 Ὃ
1170 2971 1276 3042 γὰρ
1312 2973 1462 3041 μισεῖ
1484 2989 1567 3036 τις
1591 2971 1678 3025 διὰ
1703 2971 1799 3044 τὴν

223 3063 492 3116 ἐπιοῦσαν
531 3066 597 3132 τῇ
635 3063 821 3134 ἡλικίᾳ
872 3062 1106 3128 σύνεσιν,
1155 3061 1313 3117 τοῦτο
1353 3063 1444 3117 διά
1501 3063 1596 3135 τὴν
1635 3065 1798 3119 πολυ-

222 3155 445 3225 χρόνιον
498 3155 606 3209 τῶν
655 3156 841 3209 κακῶν
877 3156 1168 3226 συνήθειαν
1217 3151 1483 3228 πράττειν
1528 3175 1796 3226 συναναγ-

223 3246 483 3313 κάζεται,
535 3246 714 3319 δεινὴν
767 3248 1012 3304 σύνοικον
1058 3249 1159 3322 τὴν
1209 3250 1484 3322 ἁμαρτίαν
1534 3250 1798 3322 παρειλη-

301 3430 555 3484 Βοιωτῶν
586 3430 719 3484 ἔνιοι
746 3431 872 3494 τοὺς
908 3430 1189 3502 χρεώστας
1213 3432 1314 3486 οὐκ
1345 3433 1692 3496 ἀποδιδόντας
1730 3433 1796 3498 ³⁵,

223 3522 308 3585 είς
337 3521 545 3592 ἀγορὰν
566 3523 809 3590 ἄγοντες,
837 3520 1164 3594 καθῆσῐθ]αι
1199 3521 1531 3576 κελεύουσιν
1559 3519 1678 3577 εἶτα
1713 3525 1801 3576 κί-

224 3630 385 3681 φινον
409 3614 790 3667 ἐπιϐάλλουσιν
816 3613 964 3684 αύτῷ
984 3631 997 3644 ο
1028 3615 1085 3677 ὃς
1109 3615 1154 3668 δ’
1179 3616 1244 3669 ἂν
1275 3617 1571 3684 κοφινωθῇ,
1607 3616 1800 3685 ἄτιμος

222 3706 464 3775 γίνεται.
506 3709 663 3760 Δοκεῖ
690 3707 746 3759 δὲ
776 3706 936 3759 τοῦτο
969 3706 1293 3761 πεπονθέναι
1328 3708 1420 3760 καὶ
1443 3707 1470 3759 ὁ
1497 3707 1797 3779 Εὖριπὶδου

225 3794 418 3864 πατὴρ
451 3794 680 3857 Βοιωτὸς
711 3792 785 3846 ὣν
813 3795 873 3846 τὸ
913 3793 1090 3862 γένος.

301 3885 539 3953 Πέρσαις
573 3883 600 3935 ὃ
648 3883 722 3954 μὴ
758 3886 928 3936 ποιεῖν
956 3883 1187 3950 ἔξεστιν,
1214 3881 1334 3935 οὐδὲ
1366 3881 1637 3950 λέγουσιν.
1675 3882 1800 3936 Ἐὰν

221 3977 286 4032 δέ
311 3993 397 4036 τις
429 3975 640 4046 πατέρα
663 3976 870 4047 κτείνῃ,
897 3975 1044 4028 λιτὸν
1071 3972 1232 4028 αὑτὸν
1255 3975 1460 4029 οἴονται
1487 3974 1582 4046 (b)'
1617 3974 1712 4026 ἐὰν
1744 3974 1801 4027 δέ

223 4083 354 4120 τινα
398 4065 678 4136 προστάξῃ
707 4065 958 4135 βασιλεὺς
990 4062 1360 4134 μαστιγῶσαι,
1392 4065 1704 4134 εὐχαριστεῖ
1727 4063 1802 4126 ὡς

224 4156 440 4225 ἀγαθοῦ
470 4157 668 4228 τυχὼν,
701 4157 782 4210 ὅτι
811 4155 976 4209 αὑτοῦ
1003 4154 1250 4226 ἐμνήσθη
1276 4156 1305 4208 ὁ
1334 4153 1607 4224 βασιλεύς.
1627 4150 1803 4206 Ἀθλα

227 4250 288 4302 δὲ
317 4248 661 4319 λαμϐάνουσι
693 4248 846 4318 παρά
880 4247 1142 4318 βασιλέως
1197 4246 1556 4309 πολυτεκνίας
1581 4261 1594 4275 ·
1648 4247 1697 4298 οί
1746 4245 1801 4298 δὲ

225 4338 426 4400 παῖδες
456 4339 586 4409 παρ’
622 4338 806 4402 αὐτοῖς
851 4337 1039 4409 ὥσπερ
1084 4336 1378 4407 μαθήματα
1409 4334 1470 4388 τὸ
1516 4333 1803 4404 ἀληθεύειν

224 4429 596 4486 διδάσκονται.

1904 621 2054 675 bitus
2081 621 2135 674 in
2160 631 2409 677 naturam
2442 631 2708 680 mutetur.

1971 710 2055 764 Ab
2083 713 2319 766 assuetis
2347 712 2608 784 disjungi,
2667 710 2834 770 etiam
2883 716 3050 772 mutis
3089 716 3460 771 animantibus

1898 801 2353 855 molestissimum
2411 812 2517 859 est.
2576 804 2800 858 Memini
2855 805 3183 875 quandoque
3219 805 3288 859 ad
3323 820 3462 875 pra:-

1898 907 2027 961 sepe
2061 893 2257 947 bovem
2290 891 2515 956 vidisse,
2545 897 2638 962 qui
2669 910 3059 964 compascuum
3089 911 3153 951 ac
3195 897 3449 968 conjuga-

1897 982 2006 1036 lem
2038 983 2235 1037 bovem
2259 984 2591 1038 exstinctum
2624 984 2870 1040 defieret.

1970 1070 2316 1142 Theologi.—
2335 1072 2574 1126 Facilius
2606 1080 2690 1127 cst
2723 1088 2754 1126 a
2798 1072 3073 1145 principio
3105 1087 3219 1129 non
3244 1087 3303 1127 se
3323 1072 3460 1126 vitio

1897 1160 2124 1226 dedere,
2142 1177 2524 1233 enascensque
2555 1162 2819 1233 effugere,
2846 1179 3011 1233 quam
3062 1172 3285 1218 auctum
3314 1163 3462 1217 inhi-

1899 1252 2054 1317 bere,
2080 1267 2256 1321 eoque
2289 1254 2633 1322 superiorem
2662 1252 2920 1308 evadere.

1970 1342 2225 1398 Reticulo
2247 1358 2446 1412 aquam
2477 1343 2624 1397 ferre
2653 1349 2711 1397 et
2747 1341 2977 1396 laterem
3021 1342 3207 1397 lavare
3242 1340 3463 1396 facilius

1898 1442 2005 1500 est,
2036 1449 2202 1503 quam
2231 1433 2381 1504 longi
2413 1432 2680 1503 temporis
2703 1448 2807 1487 usu
2835 1433 2942 1486 alta
2976 1431 3161 1487 radice
3189 1431 3244 1486 in
3284 1431 3464 1486 homi-

1899 1525 1986 1580 nis
2019 1525 2206 1579 animo
2231 1524 2471 1581 defixum
2502 1525 2665 1580 liceat
2687 1525 2882 1580 vitium
2910 1524 3180 1578 eximere.

1957 1615 2227 1686 Chrysost.
2248 1645 2316 1656 —
2337 1615 2487 1669 Nihil
2516 1615 2597 1669 sic
2629 1615 2847 1669 firmum
2901 1616 3047 1670 inter
3094 1613 3368 1680 homines,
3399 1629 3465 1669 ac

1899 1707 2106 1761 veteris
2132 1705 2554 1761 consuetudinis
2583 1707 2688 1759 vis.

1971 1797 2195 1852 Externi
2217 1796 2439 1866 quidam
2469 1796 2927 1852 consuetudinem
2953 1797 3184 1854 alteram
3212 1805 3466 1851 naturam

1829 1871 1870 1926 Β
1899 1886 2176 1942 dixerunt.

1967 1978 2101 2033 Mira
2131 1977 2216 2032 vis
2239 1977 2659 2033 consuetudinis
2687 1986 2749 2032 ut
2789 1979 2859 2033 ad
2881 1994 2942 2033 se
2969 1977 3234 2043 detineat,
3269 1994 3371 2033 nec
3397 1977 3467 2033 ad

1897 2071 2138 2140 priorem
2172 2085 2364 2124 rursus
2389 2070 2616 2124 virtutis
2668 2069 2918 2124 habitum
2969 2085 3258 2140 assurgere
3301 2069 3464 2124 sinat.

1964 2246 2196 2300 Animus
2227 2245 2336 2300 icto
2361 2246 2532 2300 semel
2583 2261 2710 2300 ctuti
2757 2257 2986 2325 peccato
3027 2245 3257 2309 laedere,
3300 2245 3464 2299 amis-

1897 2352 2070 2408 soque
2127 2337 2338 2391 doloris
2397 2352 2563 2390 sensu
2642 2351 2819 2406 coque
2884 2332 3139 2405 attonita,
3192 2337 3470 2408 ingentem

1897 2430 2088 2485 morbo
2112 2428 2481 2483 accessionem
2513 2429 2643 2483 facit

1965 2517 2067 2584 Qui
2097 2517 2369 2570 ﬂammam
2396 2517 2467 2571 ab
2496 2517 2652 2573 initio
2683 2535 2795 2573 non
2818 2518 3195 2588 exstinguunt,
3245 2519 3283 2573 ii
3328 2533 3470 2587 saepe

1898 2611 1953 2664 in
1981 2625 2236 2680 magnum
2272 2609 2529 2664 incidunt
2581 2609 2924 2665 incendium.
2977 2611 3274 2665 Peccatum
3322 2609 3469 2663 enim

1898 2701 2053 2754 nullo
2113 2702 2233 2771 ejus
2281 2701 2518 2756 ulterius
2567 2701 2859 2757 inhibente
2901 2716 3276 2772 progressum,
3327 2715 3472 2770 equo

1900 2794 2080 2849 simile
2111 2803 2216 2862 est,
2245 2795 2342 2864 qui
2369 2794 2528 2850 freno
2578 2796 2798 2868 abiecto
2849 2809 3123 2852 sessorem
3155 2793 3210 2849 in
3232 2808 3475 2863 praeceps
3552 2799 3559 2805 '

1897 2887 2030 2956 agit.

1971 2976 2254 3032 Clementis
2285 2976 2528 3032 Romani.
2555 3008 2622 3018 —
2639 2977 2797 3044 Quod
2819 2979 2944 3048 quis
2967 2979 3106 3044 odit,
3135 2994 3240 3050 pro
3258 2995 3322 3034 ea
3341 2993 3474 3048 pru-

1900 3069 2088 3123 dentia
2128 3083 2294 3138 quam
2346 3077 2478 3124 aetas
2541 3071 2812 3124 maturior
2850 3070 3102 3136 invexit,
3160 3071 3212 3124 id
3239 3083 3370 3124 vero
3401 3069 3474 3124 ob

1902 3156 2048 3226 longi
2087 3157 2354 3226 temporis
2389 3156 2639 3212 inclitam
2669 3158 3132 3213 consuetudinem
3163 3159 3345 3212 facere
3378 3172 3474 3212 co-

1905 3245 2073 3316 gitur.
2119 3257 2410 3318 peccatum
2459 3261 2682 3318 gravem
2738 3255 2937 3303 nactus
2996 3248 3473 3303 contubernalem.

1973 3424 2138 3496 674.
2161 3425 2476 3480 Boeotorum
2510 3421 2735 3492 quidam
2759 3437 2881 3489 eos,
2897 3421 2993 3491 qui
3014 3437 3090 3476 ass
3104 3421 3344 3476 alienum
3365 3438 3476 3476 non

1905 3517 2146 3576 solvunt,
2174 3514 2228 3568 in
2268 3513 2446 3568 forum
2486 3513 2773 3576 adductos,
2805 3512 2996 3568 sedere
3014 3511 3240 3583 jubent;
3275 3511 3476 3566 deinde

1906 3604 2205 3674 cOphinum
2254 3603 2469 3657 sedenti
2527 3603 2803 3672 injiciunt.
2860 3602 2966 3668 Qui
3011 3611 3196 3657 autem
3237 3602 3476 3671 cophino

1907 3695 2150 3748 intectus
2173 3691 2361 3754 fuerit,
2388 3690 2605 3745 infamis
2628 3691 2900 3745 habetur:
2932 3691 3077 3762 quod
3119 3703 3175 3746 et
3200 3691 3342 3760 patri
3367 3691 3478 3744 Eu-

1910 3785 2132 3854 ripidis,
2173 3784 2361 3837 Bocoto
2387 3782 2620 3842 homini,
2650 3783 2916 3838 accidisse
2942 3783 3083 3837 fama
3115 3793 3202 3837 est

1979 3874 2182 3937 Persae,
2210 3871 2356 3941 quod
2393 3871 2572 3924 facere
2602 3887 2710 3924 non
2741 3871 2889 3934 licet,
2923 3887 2992 3925 ne
3027 3871 3320 3925 dicendum
3349 3871 3476 3940 qui—

1907 3963 2031 4017 dem
2062 3969 2278 4032 putant.
2305 3960 2462 4027 Quod
2495 3961 2540 4017 si
2564 3969 2776 4030 patrem
2801 3961 3005 4031 aliquis
3029 3961 3319 4026 occiderit,
3347 3962 3478 4020 sub-

1907 4054 2154 4109 dititium
2183 4068 2308 4108 cum
2335 4061 2549 4122 putant.
2578 4053 2636 4107 Si
2671 4068 2835 4122 quem
2885 4068 2981 4108 rex
3011 4054 3268 4123 vapulare
3297 4054 3480 4122 jusse-

1909 4144 2002 4205 rit,
2034 4144 2239 4214 gratias
2263 4144 2393 4213 agit,
2417 4144 2576 4212 quasi
2603 4142 2850 4197 muneris
2873 4143 3083 4213 aliquid
3123 4150 3474 4206 consecutus,

1908 4235 2058 4305 quod
2086 4251 2182 4289 rex
2213 4234 2363 4288 illius
2396 4233 2733 4288 meminerit.
2760 4233 2918 4298 Quod
2941 4234 3143 4288 multas
3176 4233 3477 4303 suscipiant

1908 4328 2116 4399 proles,
2148 4327 2372 4396 praemia
2394 4343 2424 4380 a
2456 4341 2582 4396 rege
2622 4325 2938 4381 constituta.
2994 4325 3178 4380 Liberi
3211 4325 3355 4395 apud
3381 4339 3476 4378 ecs

1912 4431 2173 4489 tanquam
2201 4417 2524 4488 disciplinas
2549 4418 2772 4472 discunt
2805 4433 2996 4472 verum
3025 4417 3233 4472 dicere.

297 4525 522 4578 Φίλων.
573 4552 646 4562 -
689 4520 1031 4592 Ἐγχρονίζον
1069 4516 1198 4590 ἦθος
1230 4517 1444 4586 φύσεως
1489 4516 1800 4590 κραταιότε-

1980 4511 2243 4566 Philonis.
2269 4541 2324 4551 -
2363 4510 2632 4566 Diuturna
2667 4509 3036 4576 consuetudo,
3061 4517 3255 4563 natura
3282 4508 3477 4564 fortior

230 4614 332 4684 ρόν
369 4613 486 4666 ἐστι
510 4629 524 4643 ·
588 4613 682 4665 καὶ
719 4613 890 4682 μικρά
937 4612 1011 4681 μὴ
1047 4611 1360 4680 κωλυόμενοι
1411 4609 1804 4679 ἁμαρτήματα,

1908 4614 2030 4670 est;
2061 4602 2313 4672 Ieviaque
2359 4612 2607 4671 peccata,
2643 4602 2751 4656 nisi
2791 4602 3076 4664 cobibeas.
3116 4601 3349 4656 subinde
3378 4617 3478 4655 na-

228 4705 439 4776 φύεται
505 4705 600 4759 καὶ
653 4704 948 4757 ἑπιδίδοται
1021 4703 1156 4773 πρὸς
1235 4700 1462 4773 μέγεθος
1537 4698 1800 4765 συναυξά-

1909 4703 2167 4759 scuntur,
2209 4703 2447 4763 nataque
2485 4706 2744 4762 magnum
2789 4691 3014 4760 capiunt
3053 4689 3475 4744 incrementum.

227 4815 594 4958 νονλὶἒδαμῶς
623 4883 721 4956 τὴν
749 4883 909 4953 φύσιν
931 4881 1235 4953 αἰτιώμεθα
1257 4897 1272 4913 ⁸
1324 4881 1502 4936 πάντα
1549 4881 1656 4951 γὰρ
1689 4879 1803 4950 βίον

226 4980 370 5054 ἡδὺν
395 4978 430 5049 ἢ
457 4978 600 5050 ἀηδῆ
633 4979 668 5048 ἡ
697 4977 953 5048 συνήθεια
980 4978 1144 5030 ποιεῖ.

303 5159 551 5229 Χαρικλ.
581 5184 653 5196 —-
677 5155 855 5220 Πάθος
885 5154 995 5226 γὰρ
1022 5155 1186 5219 ἅπαν,
1213 5153 1273 5207 τὸ
1306 5152 1404 5224 μὲν
1437 5151 1603 5216 ὀξέως
1645 5167 1801 5219 γινω-

307 5339 356 5372 ⁸⁸
380 5333 619 5393 Alterius
642 5335 757 5389 llth
785 5347 948 5402 quam
997 5329 1296 5386 Clementis
1345 5328 1503 5381 Rom.

1981 4871 2423 4940 Haudquaquam
2447 4868 2750 4923 incusanda
2795 4875 3025 4922 natura:
3070 4880 3286 4921 onmem
3329 4864 3478 4918 enim

1913 4964 2084 5019 vitam
2115 4961 2461 5018 consuetudo
2487 4969 2583 5015 aut
2633 4958 2937 5031 jucundam
2977 4965 3074 5012 aut
3124 4953 3480 5028 injucundam

1951 5063 2154 5110 rtestat.

1951 5073 2154 5110 raeStat.

1910 5073 1944 5127 ρ
1981 5145 2258 5203 Chariclis.
2274 5142 2554 5216 Quidquid
2573 5142 2693 5197 vitii
2707 5157 2772 5198 ac
2787 5141 2967 5198 morbi
2983 5141 3094 5197 cito
3113 5139 3382 5205 noscitur,
3401 5138 3480 5196 fa-

1743 5415 1979 5470 NOTJE.

311 5544 399 5616 (ὁ)
439 5541 621 5616 Λι-τὸν
689 5540 875 5592 αὑτὸν
931 5538 1176 5616 οἴονταί..
1233 5533 1534 5616 Prolmtius‘
1578 5531 1802 5616 videtur

237 5602 570 5680 ὕπὸϐλητὸν,
603 5617 661 5663 ut
687 5617 889 5680 negent
910 5623 1041 5661 vere
1086 5606 1288 5680 lilium,
1320 5605 1413 5680 sed
1453 5602 1802 5680 subditiuum

233 5696 296 5751 et
319 5671 687 5752 suppositum,
737 5671 850 5752 qvui
878 5677 1097 5752 parenti
1126 5690 1314 5752 melius
1367 5671 1670 5752 intulerit";
1704 5687 1804 5752 nec

237 5699 296 5751 ει
319 5699 423 5752 sup
463 5699 687 5743 οδιιιιῐιι,
737 5699 830 5748 qm
887 5699 1097 5746 parenti
1126 5699 1314 5728 Ιιιξιιιυξ
1367 5699 1613 5752 ιιιιυιιξινιι
1639 5713 1670 5751 τ’
1706 5699 1804 5724 nu;

237 5699 475 5825 proinde
495 5765 623 5825 reus
645 5747 934 5825 parricidii
958 5748 1048 5808 sit,
1074 5745 1166 5799 sed
1182 5745 1362 5825 solum
1395 5734 1804 5825 honucidnfﬁo,

235 5809 409 5898 λιτόν,
436 5820 582 5893 quod
614 5809 938 5890 simplicem,
974 5832 1073 5873 nec
1114 5816 1379 5871 urbanum
1407 5811 1539 5868 satis
1569 5821 1659 5866 aut
1689 5809 1806 5864 olli-

1909 5531 2054 5586 cium
2080 5529 2334 5583 edoctum
2369 5535 2550 5587 sonet,
2580 5542 2690 5579 non
2719 5525 2799 5580 sic
2830 5526 3036 5580 crimen
3067 5526 3309 5595 depellit,
3336 5533 3393 5581 et
3421 5532 3483 5581 ut

1912 5599 2183 5671 parricida
2215 5613 2324 5652 non
2343 5597 2747 5671 autliat,qui‘ea
2767 5597 2929 5671 quasi
2947 5596 3247 5652 stoliditate
3270 5604 3480 5671 patrem

1915 5663 2192 5723 necaverit
2222 5685 2233 5720 :
2266 5684 2389 5721 cum
2433 5663 2736 5735 lii-mserum
2767 5663 2930 5730 λιτός,
2960 5681 3065 5718 non
3106 5673 3213 5719 tam
3247 5663 3479 5735 stolidus

1917 5741 2005 5801 sit,
2037 5755 2198 5810 quium
2229 5738 2411 5793 tenuis
2433 5734 2694 5803 l'ortunze,
2729 5752 2853 5792 cum
2907 5736 2975 5790 de
3007 5735 3226 5790 homine
3255 5734 3479 5789 dicitur.
