4200 6440
766 395 866 459 991

1932 400 1990 457 S.
2038 398 2322 458 ΜΑΧΙΜΙ
2361 395 2869 458 CONFESSORIS

3910 385 4009 448 992

762 504 870 559 cile
904 505 1092 558 curari
1152 512 1362 574 potest;
1400 503 1548 573 quod
1595 513 1780 560 autem
1841 503 2117 568 dill‘ertur,
2167 516 2338 575 prope

2445 503 2730 570 σκόμενον,
2764 500 3124 571 εὐϐοήθητον·
3165 510 3227 551 το
3251 496 3307 550 δὲ
3348 493 3525 566 χρόνῳ
3566 494 4008 564 παραπεμπόμε-

766 596 1073 648 insanabile
1106 594 1379 647 redditur.

833 686 1079 742 Choricii.
1118 687 1433 750 —Natura,
1490 698 1651 741 nacta
1704 687 1874 741 semel
1909 687 2139 742 delicias
2168 702 2231 741 ac
2264 686 2333 739 li—

765 777 1035 840 bidinem,
1071 777 1163 830 vix
1187 777 1491 845 acquiescit
1524 777 1590 831 ad
1627 778 1846 831 labores
1880 778 2082 832 redire.

836 867 1180 921 Socratis.—
1204 869 1352 923 Nihil
1386 870 1547 937 plane
1574 877 1771 922 natura
1790 869 2097 938 jucundum
2128 876 2223 922 aut
2249 867 2334 921 in-

762 960 1108 1030 jneundum;
1170 961 1267 1015 sed
1314 971 1511 1015 cuneta
1561 961 1964 1016 consuetudine
2006 961 2334 1015 alterutrum

767 1052 1026 1106 induunt.

838 1143 1018 1197 Vitam
1048 1144 1188 1214 elige
1242 1145 1466 1214 optimis
1512 1145 1764 1199 moribus
1813 1144 2161 1198 institutam:
2196 1144 2337 1197 hanc

767 1235 916 1289 cnim
965 1237 1312 1292 consuetudo
1363 1238 1646 1307 praestabit
1683 1236 2002 1306 jucundam.

1401 1370 1694 1423 Menandri.

1826 1478 1941 1531 Non
1979 1488 2142 1531 potest

1826 1496 1941 1531 non
2014 1496 2088 1531 ore

841 1549 1017 1618 Longa
1045 1550 1385 1608 consuetudo,
1423 1549 1564 1602 brevi
1593 1548 1803 1601 dissolvi
1825 1496 2088 1615 'lrmpgrc.

841 1618 991 1683 Quod
1022 1620 1161 1673 enim
1179 1636 1238 1672 ea
1272 1618 1514 1671 inclitum
1540 1627 1638 1682 est,
1665 1635 1767 1669 non
1796 1618 2101 1686 negligitur.

838 1754 1093 1825 Polywni.
1147 1784 1214 1793 —
1239 1754 1596 1807 Consuetudo
1628 1769 1694 1807 ex
1724 1752 1909 1822 parvis
1959 1753 2132 1806 trahit
2172 1752 2341 1822 origi-

766 1864 928 1909 nem;
964 1846 1216 1916 neglecta
1246 1856 1451 1907 autent,
1488 1846 1596 1898 vim
1629 1860 1881 1914 magnam
1914 1844 2137 1912 accipit.

839 1938 1513 1992 Thcocriti.—lnsitliesos
1549 1952 1755 2001 mores,
1790 1945 1847 1991 et
1872 1936 2082 2006 aliquid
2118 1951 2337 2005 semper

766 2032 919 2094 mali,
960 2040 1265 2099 contraque
1303 2046 1496 2084 euntes
1526 2039 1722 2099 argute
1753 2030 1958 2092 moliri,
1991 2029 2046 2082 id
2085 2044 2188 2099 ego
2223 2042 2335 2081 non

766 2122 1025 2185 solertim,
1062 2130 1123 2176 ut
1142 2122 1394 2175 nonnulli
1430 2122 1767 2186 existimant,
1797 2120 1892 2175 scd
1922 2119 2172 2189 pessimae
2193 2119 2334 2189 parti

765 2211 1063 2280 ascriptum
1092 2210 1277 2265 velim.

836 2302 1078 2355 Pronum
1130 2312 1216 2356 est
1256 2300 1502 2365 laudare.
1544 2316 1667 2369 quae
1696 2314 1809 2354 non
1846 2300 2029 2362 decet,
2087 2315 2152 2354 ac
2187 2299 2336 2354 vitu-

769 2406 992 2459 perare;
1020 2401 1321 2462 utrumque
1347 2407 1478 2446 vero
1509 2392 1661 2460 pravi
1682 2389 1849 2445 animi
1875 2405 1940 2444 ac
1961 2390 2163 2445 indolis
2194 2399 2299 2445 est.

838 2483 923 2537 Ea:
946 2481 1129 2538 Sereni
1150 2484 1382 2554 scriptis.
1416 2514 1487 2524 —
1519 2484 1812 2538 Persarum
1851 2499 2010 2553 reges
2042 2497 2337 2551 antequam

768 2575 1124 2640 sacriﬁcent,
1177 2575 1246 2629 de
1318 2574 1583 2645 religione
1635 2574 1975 2644 disputant;
2043 2583 2338 2643 antequam

768 2666 981 2727 bibant.
1012 2668 1080 2721 de
1110 2668 1412 2722 sobrietate
1436 2684 1451 2733 ;
1474 2674 1603 2721 ante
1631 2667 1836 2722 bellum
1872 2681 1936 2721 ac
1965 2665 2236 2735 praelium,
2271 2664 2339 2721 de

767 2756 1113 2812 lortitudine.

836 2867 1090 2921 "erodat.
1138 2898 1210 2909 —-
1246 2869 1538 2940 Agathyrsi
1569 2868 1881 2923 mollissimi
1928 2876 2077 2932 sunt,
2134 2868 2344 2923 auratis

767 2957 1094 3027 plerumque
1126 2958 1306 3014 induti
1334 2960 1609 3014 vestibus.
1659 2958 1939 3013 Uxoribus
1973 2958 2343 3013 communiter

768 3056 1025 3113 utuntur,
1061 3059 1121 3104 ut
1141 3051 1236 3104 alii
1270 3052 1396 3106 aliis
1424 3050 1626 3105 fratres
1652 3051 1765 3105 sint
1792 3066 1858 3105 ac
1882 3050 2099 3120 cognati
2126 3065 2339 3115 omnes,

768 3154 945 3208 eaque
980 3141 1195 3197 ratione
1221 3144 1363 3198 nihil
1419 3143 1475 3197 in
1506 3144 1586 3197 eis
1616 3142 1831 3208 livoris,
1888 3143 2076 3197 nullus
2107 3141 2220 3196 odii
2261 3141 2344 3195 ΐο-

767 3245 886 3285 mes
919 3231 1012 3287 sit.

1214 3436 1378 3509 375
1425 3435 1658 3492 SERMO
1687 3436 1873 3491 Lxm.

1146 3525 1223 3579 De
1256 3526 1529 3580 nobilitate
1556 3535 1605 3579 et
1639 3527 1989 3597 ignobilitate.

838 3617 1104 3681 Joan.m,
1136 3617 1452 3683 6.—Quod
1500 3627 1690 3672 natum
1747 3626 1833 3673 est
1883 3636 1950 3673 ex
1999 3634 2185 3683 carne,
2214 3634 2345 3674 care

767 3718 890 3775 est;
924 3718 980 3764 et
1002 3710 1149 3778 quod
1179 3717 1370 3761 natum
1405 3720 1490 3762 est
1522 3722 1590 3763 ex
1624 3709 1848 3778 spiritu,
1873 3707 2103 3778 spiritus
2134 3715 2238 3762 est.

840 3890 994 3945 Rom.
1028 3907 1102 3954 Ix,
1140 3891 1193 3945 8.
1219 3892 1420 3946 --Non
1461 3891 1558 3962 qui
1597 3890 1692 3944 ﬁlii
1734 3891 1940 3955 carnis,
1982 3890 2040 3946 hi
2077 3891 2174 3945 lilii
2211 3893 2343 3960 Dei;

769 3982 865 4037 sed
899 3983 995 4052 qui
1040 3982 1137 4037 lilii
1195 3992 1327 4039 sunt
1367 3982 1770 4054 promissionis,
1807 3982 2153 4037 restituantur
2186 3983 2239 4036 in
2263 4000 2348 4038 se-

775 4074 946 4132 tnine.

842 4166 974 4239 Sap.
1001 4184 1060 4223 ιιι
1085 4210 1099 4235 ,
1132 4168 1218 4222 19.
1244 4197 1309 4207 -
1332 4166 1723 4223 Generationis
1767 4166 1983 4236 injustas
2010 4167 2196 4222 acerbi
2220 4177 2347 4222 sunt

772 4257 977 4312 exitus.

843 4349 1032 4405 Liberi
1064 4350 1119 4405 in
1161 4358 1482 4419 contemptu
1510 4358 1565 4404 et
1590 4349 1870 4421 imperitia
1902 4351 2223 4421 gloriantes,
2257 4365 2349 4403 eo-

771 4442 1049 4512 gnationis
1074 4458 1186 4497 sum
1216 4443 1613 4513 ingenuitatem
1660 4444 2060 4497 contaminant.

776 4520 779 4523 ’
842 4528 1028 4582 Liberi
1055 4528 1344 4585 honestam
1380 4531 1548 4583 vitam
1596 4543 1841 4600 agentes,
1884 4538 2173 4600 parentum
2215 4545 2347 4585 suo-

775 4633 897 4671 rum
930 4619 1335 4687 ignobilitatem
1364 4626 1571 4689 tegent.

840 4704 1054 4760 Basilii.
1077 4736 1144 4746 —
1168 4707 1290 4761 Non
1324 4717 1410 4761 est
1453 4723 1556 4760 cur
1584 4716 1848 4777 parentes
1872 4723 1937 4761 ae
1962 4709 2195 4777 majores
2219 4709 2347 4763 illu-

2398 2714 2405 2723 .
2442 2667 2500 2721 δὲ
2523 2666 2618 2720 τοῦ
2652 2667 2853 2732 πίνειν,
2905 2668 3035 2738 περὶ
3083 2666 3439 2736 σωφροσύνης
3460 2678 3475 2693 ⁸

2438 608 2546 656 νον,
2577 594 2741 661 ἐγγὺς
2772 593 2989 645 ἀνιάτου
3001 631 3012 643 .

2508 685 2805 752 Χορικίου.
2833 679 3201 749 -Λαδομένη
3229 675 3377 741 ἅπαξ
3408 673 3744 747 ἡδυπαθείας
3767 675 3801 744 ἡ
3830 672 4008 743 φύσις,

2442 776 2595 844 μόλις
2626 775 2799 829 ἐθέλει
2826 772 2961 844 πρὸς
2996 772 3193 833 πόνους
3227 770 3446 838 χωρεῖν.

2508 868 2770 938 Σωκράτ.
2823 867 2869 900 ³⁸
2924 896 2994 905 -
3050 864 3216 916 Οὐδὲν
3270 861 3441 922 ὅντως
3492 859 3590 930 ἡδὺ
3654 859 3685 929 ἢ
3739 856 3905 926 ἀηδὲς
3948 855 4011 923 τῇ

2440 960 2599 1030 φύσει
2633 959 2940 1029 ὑφέστηκεν
2962 974 2974 987 ·
3005 955 3187 1008 πάντα
3216 953 3274 1005 δὲ
3306 953 3375 1021 τῇ
3416 949 3678 1020 συνηθείᾳ
3709 948 3944 1016 γίνεται.

2509 1140 2632 1192 Βίον
2668 1138 2824 1209 αἱροῦ
2857 1138 2948 1191 τὸν
2991 1138 3213 1207 ἄριστον
3234 1152 3249 1167 ⁶
3284 1133 3473 1189 τοῦτον
3503 1129 3612 1201 γὰρ
3652 1128 3783 1199 ἡδὺν
3814 1129 3849 1197 ὴ
3895 1142 4017 1179 συν-

2441 1230 2601 1301 ήθεια
2648 1232 2884 1302 ποιήσει.

3117 1372 3373 1441 Μεάνδρ.

3224 1482 3566 1549 Ἀμήχανον

2517 1555 2762 1622 Μακρὰν
2786 1554 3116 1618 συνήθειαν
3147 1554 3217 1605 ἐν
3242 1548 3465 1619 ,βραχεῖ
3485 1551 3668 1622 λύοζαι
3706 1548 3924 1616 χρόνῳ.

2521 1628 2589 1681 Td
2624 1618 2732 1695 ﬁt]?
2759 1626 3022 1691 σύνηθες
3054 1622 3320 1692 οὐδαμοῦ
3352 1618 3710 1689 παροπτέον.

2516 1758 2877 1813 Πολυαίνου.
2909 1787 2979 1796 —-
3012 1755 3174 1818 Ἕθος
3205 1755 3433 1825 ἄρχεται
3477 1751 3578 1823 μὲν
3620 1752 3728 1806 ἀπὸ
3762 1749 3976 1821 μικρῶν
3998 1770 4014 1781 ο

2375 1841 2417 1896 Β
2446 1846 2817 1918 ἀμελούμενον
2843 1846 2921 1908 δὲ,
2950 1844 3047 1915 τὴν
3077 1846 3230 1911 ἰσχὺν
3266 1842 3489 1911 μείζονα
3516 1841 3783 1910 λαμϐάνει

2510 1938 2776 2004 Θεοκρίτ.
2808 1967 2879 1975 —
2918 1934 3234 1988 Ἐπίϐουλον
3262 1930 3391 2005 ἦθος
3421 1933 3516 1986 καί
3541 1928 4004 2001 κακομηχανὼτα-

2439 2046 2530 2082 τον
2553 2028 2845 2091 διαπαντὸς
2874 2026 3018 2097 ἔχειν
3046 2028 3140 2079 καὶ
3170 2026 3316 2080 κατά
3357 2025 3598 2083 πάντων.
3644 2023 3766 2092 οὐχὶ
3811 2024 3877 2092 τῇ
3923 2019 4016 2073 τοῦ

2440 2120 2716 2190 ἀγχινόου,
2750 2119 2825 2181 ὥς
2855 2135 2999 2180 τινες
3040 2116 3242 2171 οἴονται
3264 2159 3278 2181 ,
3315 2120 3382 2188 τῇ
3415 2116 3471 2170 δὲ
3503 2114 3599 2169 τοῦ
3648 2113 4015 2183 πονηροτάτου

2445 2210 2627 2282 μερίδι
2659 2209 3014 2279 προστίθημι.

2526 2302 2736 2372 Ῥᾴδιον
2763 2302 2861 2371 μὲν
2886 2301 3150 2366 ἐπαινεῖν,
3182 2299 3217 2353 ἂ
3241 2299 3315 2368 μὴ
3347 2298 3474 2367 χρὴ,
3506 2296 3603 2350 καὶ
3627 2294 3817 2365 ψέγειν
3841 2312 3854 2325 ·
3887 2294 4016 2346 ἑκά-

2441 2410 2599 2463 τερον
2627 2393 2705 2453 δὲ,
2745 2392 2985 2464 πονηροῦ
3024 2409 3170 2454 τινος
3196 2390 3381 2461 ἠθους.

2523 2485 2623 2539 Ἐκ
2655 2483 2774 2537 τῶν
2828 2485 3096 2551 Σερίνου.
3147 2514 3218 2523 —
3267 2483 3329 2536 Οἱ
3360 2480 3587 2553 Περσῶν
3619 2479 3878 2552 βασιλεῖς,
3916 2476 4019 2547 πρὸ

2448 2575 2546 2646 μὲν
2576 2573 2683 2627 τῶν
2711 2575 2933 2639 θυσιῶν,
2967 2575 3099 2646 περὶ
3144 2573 3429 2637 εὐσεϐείας
3471 2572 3811 2641 διαλέγονται
3835 2588 3850 2603 ο
3914 2571 4019 2639 πρὸ

3513 2666 3773 2735 πολεμεῖν
3800 2664 3857 2717 δὲ
3894 2663 4021 2733 μὲλ-

2443 2754 2648 2822 λοντες,
2679 2772 2745 2808 πε
2755 2755 2809 2828 ρὶ
2844 2755 3119 2826 ἀνδρείας.

2528 2868 2791 2937 ⁹Ηροδότ.
2813 2899 2885 2907 —
2915 2868 3241 2941 Ἀγάθυρσοι
3275 2869 3341 2930 ³⁷,
3370 2867 3661 2939 ἁὸρὸτατοι
3688 2868 3883 2938 ἄνδρες
3916 2866 4022 2919 εἰσὶ

2447 2962 2543 3015 καὶ
2572 2962 2904 3031 χρυσοφόροι
2931 2960 3001 3013 τά
3029 2961 3283 3031 μάλιστα.
3320 2959 3625 3014 Ἐπίκοινον
3653 2959 3709 3012 δὲ
3739 2959 4022 3028 γυναικῶν

2444 3050 2541 3122 τὴν
2583 3049 2728 3121 μίξιν
2780 3049 3078 3113 ποιοῦνται,
3143 3051 3230 3104 ἴνα
3291 3050 3614 3121 κασίγνητοί
3667 3066 3729 3102 τε
3775 3050 4025 3118 ἀλλήλων

2444 3142 2599 3208 ἐῶσι,
2634 3143 2728 3195 καὶ
2755 3143 2945 3195 οἰκεῖοι
2978 3142 3180 3205 ἐόντες,
3237 3143 3374 3214 μήτε
3421 3141 3622 3213 φθόνῳ,
3680 3141 3819 3213 μήτε
3874 3140 4026 3210 ἔχθει

2449 3230 2720 3303 χρέωνται
2752 3232 2812 3294 ὲς
2841 3231 3126 3301 ἀλλήλους.

3006 3434 3226 3487 ΛΟΓΟΣ
3261 3434 3356 3486 El"
3395 3434 3462 3486 ³⁸.

2731 3525 2869 3594 Περὶ
2909 3525 3215 3595 εὐγενείας
3246 3525 3346 3578 καί
3386 3524 3765 3594 δυσγενείας.

2528 3622 2718 3675 Ἰωαν.
2751 3616 2821 3688 γ’.
2875 3648 2945 3657 -
2986 3618 3059 3670 Τὸ
3089 3618 3491 3686 γεγεννημένον
3538 3619 3602 3670 ὲκ
3649 3617 3751 3685 τῆς
3794 3619 4023 3689 σαρκὸς.

2448 3712 2584 3781 σάρξ
2613 3712 2729 3763 ἐστι
2750 3727 2763 3741 ·
2801 3711 2895 3763 καὶ
2930 3709 2991 3762 τὸ
3020 3708 3418 3781 γεγεννημένον
3458 3710 3524 3764 ὲκ
3552 3707 3647 3762 τοῦ
3682 3709 4023 3780 πνεύματος,

2462 3801 2679 3870 πνεῦμά
2705 3801 2873 3853 ἐστιν.

2516 3917 2521 3921 -
2546 3896 2697 3961 Ρωμ.
2730 3895 2798 3945 0'.
2818 3920 2887 3930 -—
2907 3893 2979 3945 οὐ
2996 3892 3065 3945 τὰ
3087 3892 3253 3945 τέκνα
3273 3891 3372 3961 τῆς
3401 3892 3573 3962 σαρκο
3585 3911 3633 3957 ς,
3659 3892 3833 3946 ταῦτα
3863 3894 4029 3947 τέκνά

2445 3983 2580 4036 Θεοῦ
2605 4004 2617 4016 ·
2665 3983 2802 4036 ἀλλά
2827 3982 2896 4036 τά
2918 3982 3085 4037 τέκνα
3115 3982 3216 4053 τῆς
3249 3985 3392 4051 ἐπαγ
3404 3984 3602 4052 γελίας,
3635 3985 3917 4053 λογίζεται
3945 3988 4024 4049 είς

2453 4073 2695 4143 σπέρμα.

2518 4171 2658 4221 Σολ.
2695 4173 2761 4235 γ’.
2805 4197 2873 4205 -
2901 4166 3098 4228 Γενεᾶς
3132 4166 3317 4218 ἀδίκου
3355 4166 3446 4237 (c),
3476 4165 3692 4236 χαλεπά
3720 4166 3787 4220 τὰ
3820 4167 3976 4238 τέλη.

2515 4345 2692 4398 Τέκνα
2724 4346 2781 4397 ἐν
2832 4346 3233 4413 καταφρονήσει
3284 4345 3377 4398 καὶ
3410 4346 3737 4417 ἀπαιδευσίᾳ
3771 4348 4023 4419 γαυριὼ⁴

2453 4454 2612 4507 μενα,
2650 4438 2971 4503 συγγενείας
2996 4436 3206 4489 ἑαυτῶν
3239 4437 3524 4505 μολύνουσι
3554 4436 3651 4507 τὴν
3681 4437 3995 4505 εὐγένειαν.

2522 4529 2700 4582 Τέκνα
2726 4529 2782 4581 ὲν
2810 4529 2987 4598 ἀγαθῇ
3016 4529 3126 4597 ζωῇ
3166 4527 3263 4599 τὴν
3296 4528 3642 4597 ἀναστροφὴν
3669 4529 3885 4598 ἔχοντα,
3922 4530 4031 4584 τῶν

2457 4619 2604 4675 ἰδίων
2632 4619 2970 4689 γεννητόρων
2998 4617 3270 4688 κρύψουσι
3297 4618 3632 4686 δυσγένειαν.

2522 4711 2867 4764 Βασιλείου.
2913 4739 2985 4747 -
3032 4710 3145 4762 Οὐκ
3192 4709 3390 4778 ἔχομεν
3443 4709 3691 4781 πατέρας
3720 4710 3908 4777 λέγειν
3940 4712 4034 4763 καὶ

772 4804 915 4851 stres
946 4798 1338 4867 producamus.
1372 4799 1635 4853 Veritatis
1666 4814 1905 4867 namque
1948 4799 2054 4862 lex,
2095 4794 2347 4869 proprias

2455 4801 2756 4872 προγόνους
2780 4804 3123 4871 περιφανεῖς.
3164 4801 3222 4852 '0
3270 4800 3380 4870 γάρ
3424 4800 3523 4867 τῆς
3550 4800 3808 4868 ἀληθείας
3843 4801 4031 4871 νόμος,

772 4889 1040 4957 cujusque
1074 4890 1309 4959 requirit
1339 4890 1551 4945 Iaudes.
1602 4890 1715 4945 Nec
1748 4891 1897 4945 enim
1936 4891 2141 4946 ideirco
2168 4909 2346 4962 equus

2455 4892 2561 4946 ῐδια
2589 4892 2823 4945 ἑκάστου
2862 4893 3089 4945 ἀπαιτεῖ
3131 4891 3198 4944 τά
3236 4890 3513 4962 ἐγκώμια.
3550 4891 3687 4945 Οὐδὲ
3718 4890 3828 4960 γὰρ
3861 4891 4035 4943 ἵππον

770 4989 859 5032 est
892 4980 1064 5045 celer,
1098 4980 1245 5049 quod
1277 4998 1344 5035 ex
1375 4982 1685 5035 celerrimis
1731 4992 1890 5037 ortus
1921 4982 2014 5037 sit.
2048 4983 2174 5049 Sed,
2207 4984 2347 5038 sicut

2450 4984 2622 5054 ταχὺν
2666 4985 2814 5036 ποιεῖ
2860 4983 2923 5036 τὸ
2974 4984 3038 5035 ὲκ
3089 4983 3408 5051 ταχυτάτων
3436 4981 3624 5051 φῦναι.
3664 4981 3811 5035 Ἀλλ’
3841 4981 4036 5051 ὥσπερ

772 5070 1045 5139 cujusque
1080 5070 1421 5140 reliquorum
1458 5070 1783 5146 animalium
1809 5072 1988 5127 virtus
2020 5072 2076 5127 in
2126 5088 2193 5129 eo
2223 5090 2347 5144 spe-

2450 5074 2560 5128 τῶν
2591 5075 2767 5130 ἄλλων
2814 5074 2969 5140 ζώων
3001 5076 3034 5145 ἡ
3085 5076 3254 5145 ἀρετὴ
3287 5075 3347 5127 ὲν
3372 5074 3553 5144 ἑαυτῷ
3575 5074 3867 5143 θεωρεῖται
3902 5074 4035 5126 ἑκά-

772 5168 996 5223 ctatur;
1028 5161 1108 5215 sic
1143 5168 1201 5215 et
1247 5161 1354 5214 viri
1390 5161 1509 5216 laus
1553 5177 1618 5218 ea
1665 5170 1771 5226 est,
1807 5179 1973 5232 quam
2019 5164 2146 5236 ejus
2177 5165 2347 5236 ipsius

2451 5184 2600 5231 στου,
2635 5166 2776 5219 οὕτω
2805 5166 2898 5218 καὶ
2940 5165 3131 5236 ἀνδρὸς
3162 5165 3405 5230 ἔπαινος,
3449 5166 3477 5218 ὁ
3511 5165 3575 5218 ὲκ
3611 5164 3720 5218 τῶν
3750 5165 4033 5235 ὑπαρχόν-

774 5252 999 5322 propria
1019 5260 1347 5308 ornamenta
1370 5269 1435 5308 ac
1471 5254 1706 5309 virtutes
1733 5262 2028 5309 testantur.

2453 5274 2561 5312 των
2604 5258 2754 5328 αὑτῷ
2785 5257 3230 5329 κατορθωμάτων
3264 5257 3803 5328 ὲκμαρτυρούμενος.

2053 5390 2285 5446 νΑιιιΑε
2321 5392 2724 5448 LECTIONES.

847 5478 893 5511 ³⁸
948 5480 1224 5534 Ἀλλ.Ἑκ
1253 5482 1359 5536 τῶν
1404 5482 1726 5553 Ἐπικτήτου
1757 5484 1852 5538 καὶ
1895 5484 2161 5557 Ίσοκράτ.
2241 5488 2283 5519 ³⁷
2317 5488 2347 5542 Ν

2445 5489 2567 5543 ιίιιίι
2616 5497 2673 5543 et
2711 5489 2931 5544 Snidas.
3010 5487 3055 5520 ⁸⁸
3087 5486 3183 5542 Est
3213 5487 3269 5542 in
3298 5486 3468 5543 Gesn.
3500 5487 3656 5544 Stob.
3691 5488 3821 5544 2I7.

2275 5621 2499 5676 NOTAE.

854 5708 921 5786 lc)
952 5708 1177 5786 Feijeﬁc
1206 5710 1441 5765 ἀδίκου.
1474 5713 1630 5784 Vulg.
1669 5715 1746 5769 sic
1779 5717 2071 5786 expressit.
2113 5717 2352 5771 Nationis

778 5778 998 5850 iniquw,
1040 5780 1170 5836 dira!
1216 5791 1338 5835 sunt
1382 5778 1878 5842 consunﬁnutiones'.
1933 5788 2172 5857 Uterque
2202 5788 2355 5842 locus

2460 5732 2695 5784 sequens
2728 5732 2834 5768 non
2867 5714 3126 5776 occurrit,
3178 5713 3281 5769 etsi
3331 5713 3495 5770 Gesn.
3543 5711 3774 5768 ascribit
3818 5709 4033 5768 Siracbi

2466 5803 2619 5840 xxxiv
2651 5796 2704 5842 et
2730 5802 2849 5838 xxx.
