4200 6440
1503 395 1662 457 LOCI
1703 393 2137 456 COMMUNES.
3323 372 3426 448 est

862 519 1100 587 Θεολόγ.
1793 526 1837 578 Α

303 607 497 670 Κιικύς
528 605 580 658 δ’
605 607 841 659 ἁκούων
870 607 1190 672 αὶσχύνου,
1216 603 1302 671 μὴ
1329 603 1653 672 δυσγενής.

304 678 492 740 Γένος
523 676 633 742 γάρ
679 679 855 735 εἰσιν,
886 679 937 726 ol
967 673 1152 727 ,πάλαι
1185 674 1550 739 σεσηπότες.

303 746 531 809 Γένους
564 745 904 813 προᾴρχειν,
934 743 971 808 ἢ
997 743 1367 813 λύειν-,γένος
1392 745 1550 804 θέλε,

309 815 403 880 Ὠς
426 809 620 868 καλὼνῖ
646 809 800 866 εἴκοι
830 815 910 876 α’,
949 814 986 879 ἢ
1034 809 1241 866 καλῶν
1267 813 1617 880 πεφυκέναι.

206 405 303 468 993
1503 405 1662 457 LUCI
1703 405 1845 456 (10M

1862 405 2137 453 MUNES.

2524 504 2552 559 Ί
2563 503 2779 576 lteologi.

1864 599 2023 652 Mala:
2047 598 2206 665 [anne
2233 599 2461 666 pudeat;
2487 595 2684 666 humile
2705 611 2806 647 non
2832 604 2885 648 te
2913 609 3074 662 genus

1861 667 2088 722 Moveat.
2109 665 2279 722 Genus
2309 677 2432 718 sunt
2460 667 2550 735 qui
2573 665 2698 717 olim
2719 673 3111 735 computruere.

1861 737 2020 790 Malis
2056 753 2218 805 genus
2242 732 2528 804 auspicari,
2567 751 2726 805 quam
2749 732 2976 805 solvere;

1867 807 1953 860 Uti
1984 800 2148 859 bonus
2177 822 2308 869 esse,
2340 800 2499 874 quam
2527 800 2590 857 eai
2618 803 2764 856 bonis
2797 803 3050 872 originem
3081 800 3311 855 trahere.

1935 917 2089 986 (ἶνες.
2146 915 2303 986 Ngss.
2345 944 2411 954 —
2447 915 2684 984 Superbi
2725 912 2990 967 nobilitas
3039 925 3104 966 ac
3155 911 3431 982 maiestas,

1864 1007 2019 1076 operi
2055 1007 2242 1078 ﬁglino
2270 1021 2335 1060 ac
2361 1006 2522 1060 lateri
2559 1004 2736 1059 amnis
2766 1013 2872 1060 est.

1936 1099 2201 1171 Cltrgs.—
2222 1099 2343 1153 Non
2363 1098 2632 1168 majorum
2661 1095 2942 1160 nobilitas,
2981 1091 3078 1148 sed
3116 1092 3289 1147 animi
3315 1091 3432 1147 vir-

1865 1197 1973 1254 tus,
2000 1188 2355 1260 splendidum
2381 1202 2448 1242 ac
2477 1185 2725 1240 nobilem
2754 1185 2920 1240 habet
2938 1190 3221 1254 praestare.

268 929 452 995 Γρητ.
485 926 682 979 Νύσσ.
709 955 780 964 -
811 925 878 978 Ἠ
911 925 1159 992 εὐγένεια
1183 925 1278 977 καὶ
1307 924 1340 993 ἡ
1376 922 1640 992 σεμνότης
1666 919 1759 974 τοῦ

202 1018 557 1089 ὑπερηφάνου
597 1016 659 1069 τὸ
693 1017 953 1085 συγγενὲς
988 1017 1125 1088 πρὸς
1146 1016 1246 1086 τὴν
1279 1014 1498 1067 πλίνθον
1521 1013 1653 1083 ἔχει.

270 1111 566 1175 Χρυσοστ.
594 1135 666 1146 --
712 1107 978 1178 Λαμπρὸν
1028 1108 1123 1160 κα)⁸
1178 1107 1464 1176 ἐπίσημον,
1501 1104 1562 1158 ού
1605 1119 1765 1174 περι-

200 1201 391 1264 φάνεια
425 1199 726 1269 προγόνων,
752 1198 888 1254 ἀλλὰ
911 1198 1090 1268 ψυχῆς
1117 1197 1288 1269 ἀρετὴ
1316 1198 1472 1250 ποεῖν
1496 1193 1686 1248 εἴωθε.

843 1310 1114 1380 Εὐριπίδ.

2520 1298 2770 1370 Euripid.

269 1407 465 1462 Οὐδὲν
493 1409 534 1476 ἡ
568 1409 837 1478 εὐγένεια
873 1411 1024 1475 πρὸς
1055 1412 1128 1462 τὰ
1155 1409 1450 1478 χρήματα.

270 1478 389 1532 Τὸν
423 1480 532 1546 γὰρ
565 1477 858 1532 κάκιστον
889 1479 1149 1543 πλοῦτος
1177 1481 1266 1541 εἰς
1310 1477 1573 1543 πρώτους

269 1549 449 1616 "Oras;
473 1546 543 1599 δὲ
582 1549 798 1614 κρηπὶς
819 1548 904 1616 μὴ
943 1546 1286 1613 καταϐληθῇ
1312 1547 1524 1614 γένους

280 1613 512 1682 Ὀρθῶς,
556 1613 786 1684 ὰῗὰγκη
813 1613 1142 1684 δυστυχεῖν
1172 1613 1327 1680 τοὺςί
1346 1618 1652 1684 ἐκπιτνους.

267 1685 408 1746 Φεῦ.
448 1685 582 1752 φεῦ,
640 1682 896 1750 πάλιιός
945 1682 1113 1751 αἶνος
1142 1689 1214 1738 οὺ
1246 1682 1442 1750 καλῶς
1477 1685 1621 1752 ἔχει,

270 1756 393 1808 Οὐκ
429 1753 507 1808 ἂν
550 1753 776 1822 γένοιτο
814 1757 1077 1824 χρηστὸς
1110 1756 1180 1808 ἐκ
1215 1755 1405 1808 κακοῦ
1445 1754 1690 1821 πατρός.

1863 1413 2010 1484 Nihil
2041 1429 2245 1484 generis
2276 1413 2527 1468 nooilitas
2551 1414 2620 1484 ad
2649 1414 2920 1483 pecunias.

1862 1483 2004 1538 Nam
2042 1480 2122 1536 uel
2152 1485 2436 1551 pessimum
2479 1480 2918 1553 opulentiorinter
2943 1482 3143 1551 primos
3187 1480 3428 1536 collocat.

1863 1552 1930 1622 ᾼί
1955 1555 2000 1605 si
2025 1553 2232 1622 generis
2267 1555 2412 1622 origo
2438 1563 2578 1605 recta
2604 1569 2706 1605 non
2739 1552 2916 1620 fuerit,

1864 1621 2110 1674 Posteros
2145 1623 2201 1674 in
2235 1621 2542 1674 calamitate
2573 1623 2778 1674 versari
2795 1637 2998 1674 necesse
3021 1633 3118 1673 est.

1864 1690 1982 1744 Non
2007 1701 2143 1744 recte
2165 1707 2222 1744 se
2243 1691 2395 1744 habet
2422 1700 2569 1744 uetus
2597 1692 2706 1743 hac
2728 1693 3010 1752 sententia,

1867 1760 1949 1812 Ea:
1979 1760 2120 1813 malo
2147 1771 2300 1830 patre
2324 1777 2599 1830 nunquam
2626 1769 2870 1813 nascetur
2889 1761 3071 1813 bonus.

1610 1475 1755 1545 ἄγει.

271 1882 568 1949 Θεοπόμπ.
602 1910 675 1921 —
713 1882 972 1950 Εὑγενεῖς
1013 1878 1151 1936 εἶναι
1182 1881 1396 1952 νόμιζε,
1433 1880 1508 1952 μὴ
1541 1879 1667 1941 τοὺς
1696 1879 1760 1930 ὲκ
1795 1862 1836 1915 Β

1939 1871 2273 1945 Theopompi.
2315 1903 2386 1913 —
2423 1873 2650 1929 Nobiles
2683 1873 3000 1928 existimato
3029 1888 3093 1927 ac
3140 1873 3432 1944 ingenuos,

198 1972 306 2024 τῶν
338 1971 519 2025 καλῶν
563 1973 657 2026 καὶ
693 1973 913 2041 ἀγαῡῶν
964 1973 1362 2043 γεγενημένους
1385 1988 1402 2004 ·
1463 1969 1601 2026 ἀλλὰ
1635 1970 1761 2032 τοὺς

1867 1981 1978 2019 non
2019 1965 2115 2033 qui
2184 1979 2254 2017 ex
2313 1963 2565 2018 honestis
2602 1963 2909 2032 probisque
2957 1962 3282 2032 parentibus
3325 1959 3435 2016 orti

198 2060 340 2115 καλὰ
373 2062 472 2115 καὶ
509 2063 690 2129 ἀγαθά
720 2064 1213 2134 προαιρουμένους.

1867 2067 2019 2120 sunt,
2044 2055 2140 2110 sed
2171 2056 2266 2125 qui
2305 2055 2570 2110 honestos
2597 2053 2915 2123 probosque
2950 2067 3134 2106 mores
3169 2051 3435 2120 proﬁten-

271 2239 595 2292 Θεσπίδου.
647 2268 718 2278 —-
763 2239 888 2290 Ἐπὶ
943 2237 1222 2308 προγόνων
1270 2235 1520 2305 εὐγενείᾳ
1575 2234 1764 2304 μηδεὶς

199 2329 564 2398 ἐγκαυχάσοω
587 2347 600 2360 ·
653 2329 820 2398 πηλὸν
851 2328 959 2399 γὰρ
992 2327 1176 2397 έχουσι
1217 2327 1417 2390 πάντες
1445 2326 1539 2379 τοῦ
1573 2326 1764 2394 γένους

204 2422 543 2492 προπάτορα,
578 2421 672 2474 καὶ
703 2423 752 2474 οί
785 2421 844 2473 ἐν
869 2419 1131 2490 πορφύρᾳ
1163 2421 1255 2472 καὶ
1282 2419 1468 2490 βύσσῳ
1495 2417 1766 2490 τρεφόμε-

200 2527 299 2576 νοι,
330 2512 426 2564 καὶ
450 2512 499 2565 oi
522 2513 580 2564 ἐν
613 2511 776 2582 πενίᾳ
802 2511 1027 2582 ἀϐύσσῳ
1055 2511 1454 2582 δαπανώμενοι.

815 2623 1136 2692 Σκληρίου.

300 2733 583 2798 Πολλοῖς,
619 2733 855 2802 θνητῶν
881 2736 920 2801 ἡ
941 2735 1058 2802 μὲν
1081 2733 1222 2801 ὄψις
1253 2735 1508 2803 εὐγενής
1531 2751 1546 2767 ⁸

312 2803 379 2856 '0
415 2803 563 2869 νοῦς
596 2803 648 2856 δ’
674 2805 744 2857 ἐν
778 2805 930 2872 αὐτῇ
961 2803 1268 2874 δυσγενὴς
1295 2807 1657 2873 εὑρίσκεται.

267 2917 636 2986 Σώστρατος.
671 2948 742 2958 -
772 2917 1089 2990 Σώστρατος
1121 2920 1150 2971 ὁ
1178 2918 1418 2988 αὑλητὴς
1443 2919 1768 2988 ὀνειδιζόμε-

200 3023 286 3070 νος
317 3007 424 3061 ὑπό
451 3024 594 3071 τινος
624 3008 718 3061 ἐπὶ
762 3007 836 3079 τῷ
887 3007 1090 3076 γονέων
1118 3009 1344 3077 ἀσήμων
1375 3004 1536 3072 εἶναι,
1574 3003 1725 3061 εἶπεν
1747 3025 1762 3039 ο

202 3101 307 3154 Καὶ
348 3101 424 3170 μὴ
449 3099 536 3153 διὰ
562 3099 724 3154 τοῦτο
751 3101 952 3171 μᾶλλον
982 3099 1212 3168 ὤφειλον
1239 3099 1639 3170 θαυμάζεσθαι,
1678 3101 1762 3153 ὅτι

200 3193 294 3245 ἀπ’
326 3191 466 3258 ἐμοῦ
499 3191 655 3260 γένος
680 3192 928 3261 ἄρχεται.

272 3283 633 3351 Φαλάριδος.
657 3314 728 3324 -
752 3281 1120 3354 Σεμνύνεσθαι
1147 3283 1247 3351 μὲν
1275 3281 1463 3353 ὥσπερ
1492 3281 1634 3351 ἄλλῳ
1660 3281 1766 3333 τινὶ

205 3373 317 3426 τῶν
357 3374 540 3428 καλῶν
563 3375 650 3426 ἐπ’
682 3373 955 3444 εὐγενείᾳ,
995 3374 1095 3426 οὑκ
1140 3375 1368 3434 ἀπεικός
1415 3375 1581 3426 ἐστιν.
1628 3371 1768 3439 Ἐγὼ

199 3464 256 3517 δὲ
289 3463 422 3534 μίαν
453 3465 653 3537 ἀρετὴν
679 3459 818 3528 οἶδα,
865 3466 936 3517 τὰ
959 3464 1003 3517 δ’
1048 3464 1182 3516 ἄλλα
1228 3463 1404 3516 πάντα
1435 3464 1623 3532 τύχην.
1659 3463 1768 3515 Καὶ

203 3554 402 3623 γένοιτ’
431 3555 518 3620 ἂν,
546 3557 576 3608 ὁ
599 3555 698 3625 μὲν
727 3558 793 3608 ὲκ
837 3555 1055 3624 φαύλων
1099 3555 1321 3622 ἀγαθὸς,
1367 3555 1459 3607 καὶ
1502 3554 1770 3624 βασιλέων

204 3646 299 3699 καὶ
332 3646 550 3700 πάντων
579 3646 966 3714 εὐγενέστατος
993 3665 1009 3680 ο
1057 3647 1084 3699 ὁ
1118 3647 1174 3699 δὲ
1205 3647 1263 3712 ἐξ
1294 3645 1514 3712 ἀγαθῶν
1547 3644 1768 3712 φαῦλος,

203 3738 365 3801 αὐτὸς
402 3736 566 3790 αὑτοῦ
599 3739 693 3791 καὶ
723 3738 835 3792 τῶν
878 3739 1278 3793 ταπεινοτάτων
1323 3737 1766 3805 δυσγενέστατος.

208 3828 368 3881 Ὥστε
393 3827 572 3898 ψυχῆς
598 3831 818 3884 ἔπαινον
844 3829 1021 3901 αῧχει,
1046 3829 1122 3902 μὴ
1142 3831 1421 3902 προγόνων
1447 3827 1771 3900 τεθνηκυῖαν

205 3921 283 3982 είς
312 3917 662 3991 ἀδοξοτέρους
685 3921 986 3988 εὐγένειαν.

303 4187 348 4238 0
385 4184 445 4251 ἐξ
476 4185 678 4257 ἀρετῆς
720 4187 1021 4258 γεννηθεὶς,
1055 4189 1260 4251 ἐκεῖνος
1306 4187 1535 4257 εὐγενὴς
1573 4187 1754 4241 είκονίι

206 4279 380 4342 ζεται.

275 4373 540 4438 Δημοσθ.
566 4399 637 4410 --
665 4368 802 4422 Οὔτε
835 4372 979 4422 σῖτον
1007 4372 1230 4440 ἄριστον
1262 4371 1326 4424 ὲκ
1349 4370 1443 4423 τοῦ
1484 4371 1768 4424 καλλίστου

206 4463 392 4516 πεδίου
427 4462 710 4532 κρίνομεν,
759 4461 897 4514 ἀλλὰ
942 4462 1032 4516 τὸν
1074 4461 1292 4516 εὔθετον
1343 4463 1480 4534 πρὸς
1525 4466 1769 4535 τροφήνο

203 4553 326 4606 οὔτε
357 4551 526 4623 ἄνδρα
557 4551 897 4622 σπουδαῖονῆ
929 4553 1080 4621 φίλον
1104 4551 1312 4616 εὔνουν,
1344 4555 1434 4606 τὸν
1478 4555 1538 4618 ἐξ
1575 4557 1772 4623 ὲπιφα-
1801 4537 1845 4592 Ῑ)

205 4643 330 4706 νοῦς
380 4642 511 4696 ὄντα
561 4643 775 4712 γένους,
808 4643 943 4697 ἀλλὰ
981 4644 1074 4696 τὸν
1103 4645 1420 4717 ὑπάρχοντα
1468 4645 1547 4718 τῷ
1579 4647 1772 4718 τρόπῳ

206 4736 507 4805 κρείττονα.

275 4846 404 4909 Τοῖς
423 4847 671 4915 εύγενέσι
695 4850 786 4903 καὶ
811 4849 996 4912 καλοῖς
1017 4849 1252 4919 μάλιστα
1277 4847 1616 4916 κατεπείγει,
1646 4850 1774 4902 κάλ-

203 4936 294 5001 λος
325 4938 429 5009 μὲν
462 4941 553 4993 ἐπὶ
580 4940 679 5010 τῆς
728 4941 925 5010 ὅψεως,
953 4940 1308 5011 σωφροσύνην
1341 4940 1397 4992 δὲ
1429 4941 1522 4994 ἐπὶ
1549 4941 1648 5009 τῆς
1670 4944 1773 5010 cu-

204 5030 331 5100 κῆς.
367 5031 619 5100 ἀνδρείαν
649 5032 709 5086 δὲ
757 5035 842 5085 ἐπ’
873 5033 1201 5104 ἀμφοτέρων
1233 5032 1438 5086 τούτων
1459 5047 1473 5062 ·
1511 5033 1670 5104 χάριν
1715 5033 1771 5086 δὲ

204 5122 297 5174 ἐπὶ
324 5122 434 5176 τῶν
452 5123 624 5191 λόγων
650 5124 910 5178 διατελεῖν
935 5125 1138 5194 ἔχουσι.

272 5212 575 5281 Διογένης.
613 5243 684 5254 --
717 5214 1130 5284 Πυνθανομένου
1157 5216 1334 5279 τινὸς,
1364 5216 1521 5278 Τίνες
1548 5216 1654 5270 τῶν
1681 5219 1772 5270 ἁν-

203 5303 440 5375 θρώπων
490 5305 914 5374 εὐγενέστατοις
974 5309 1037 5362 Οί
1085 5306 1572 5378 καταφρονοῦντες,
1630 5305 1769 5376 εἷπε,

206 5392 464 5458 πλούτου,
516 5393 696 5464 δόξης,
747 5397 962 5466 ἡδονῆς,
1018 5397 1200 5466 ζωῆς·
1258 5396 1365 5450 τῶν
1409 5397 1466 5450 δὲ
1515 5397 1773 5451 ἐναντίων

206 5481 464 5554 ὑπεράνω
490 5483 664 5551 ὄντες,
693 5487 906 5549 πενίας,
937 5486 1172 5554 ἀδοξίας,
1199 5488 1385 5555 πόνου,
1409 5487 1663 5542 Θανάτου.

275 5759 507 5826 Ζήνων.
555 5791 626 5800 -
664 5761 724 5813 '0
759 5759 919 5823 αὐτὸς
964 5759 1092 5831 ἔφη,
1152 5761 1227 5834 μὴ
1273 5762 1384 5817 δεῖν
1413 5762 1596 5832 ζητεῖν
1645 5763 1772 5826 τοὺς

1871 2157 1982 2200 tur.

1940 2237 2230 2308 Thespidis.
2285 2237 2638 2308 —~Majorum
2664 2237 2953 2291 nobilitate
3000 2249 3166 2290 nemo
3209 2234 3435 2304 gloriari

1868 2329 2054 2385 debet.
2093 2328 2322 2384 Cunctis
2354 2330 2503 2386 enim
2532 2330 2750 2399 generis
2778 2331 2934 2399 origo
2969 2329 3147 2384 lutum
3172 2339 3279 2392 est,
3319 2338 3437 2382 tum

1869 2420 1960 2484 iis,
1995 2421 2088 2489 qui
2121 2421 2176 2474 in
2201 2436 2446 2491 purpura
2467 2429 2524 2475 et
2550 2421 2714 2491 b'ysso
2757 2421 3104 2486 nutriuntur,
3124 2419 3292 2491 676
3317 2429 3434 2475 tum

1867 2512 1961 2581 qui
1994 2512 2050 2565 in
2076 2511 2344 2566 altissima
2382 2519 2709 2581 paupertate
2740 2511 3050 2567 tabescunt.

2538 2621 2771 2677 Scleriw.

1873 2733 2048 2788 Multis
2074 2733 2382 2788 mortalium
2415 2736 2644 2800 ingenua
2676 2734 2874 2802 facies;

1871 2803 1971 2857 Sub
2003 2821 2066 2858 ea
2095 2821 2215 2857 vero
2249 2820 2390 2858 mens
2419 2803 2695 2859 illiberalis
2731 2804 3010 2875 obtegitur.

1941 2915 2234 2970 Sostratus.
2259 2949 2326 2958 —
2363 2917 2646 2970 Sostratus
2672 2916 2895 2980 tibicen,
2919 2933 3045 2971 cum
3079 2917 3303 2987 quidam
3331 2919 3434 2974 ob-

1862 3009 2117 3077 jectaret,
2169 3007 2314 3078 quod
2366 3023 2431 3062 ex
2463 3008 2715 3062 obscuris
2764 3009 3088 3078 parentibus
3133 3020 3437 3079 prognatus

1867 3109 2015 3153 esset
2043 3117 2056 3153 :
2080 3099 2270 3167 Atqui,
2303 3099 2504 3168 inquit,
2530 3100 2602 3153 ob
2629 3101 2680 3153 id
2722 3101 2902 3169 ipsum
2929 3101 3097 3155 debui
3128 3102 3301 3172 magis
3320 3103 3437 3158 lau-

1787 3210 1833 3270 ρ
1867 3189 2010 3254 dari,
2046 3188 2194 3258 quod
2228 3204 2260 3242 a
2298 3204 2383 3242 me
2410 3203 2583 3259 genus
2616 3189 2838 3242 initium
2871 3188 3111 3243 duxerit.

1940 3279 2668 3334 Plialaridis.—Nobilitate
2703 3279 2926 3350 generis
2966 3281 3434 3350 quemadmodum

1868 3371 2049 3439 aliqua
2079 3387 2136 3425 re
2168 3371 2274 3423 alia
2306 3371 2534 3426 honesta
2557 3371 2802 3440 gloriari,
2837 3387 2947 3424 non
2980 3371 3304 3427 indecorum
3329 3385 3433 3430 est.

1868 3461 1950 3516 Ad
1989 3477 2074 3516 me
2107 3462 2254 3530 quod
2289 3463 2507 3527 attinet,
2535 3478 2698 3516 unam
2719 3461 2982 3518 virtutem
3030 3465 3192 3531 novi;
3225 3464 3437 3535 reliqua

1868 3551 2049 3604 omnia
2068 3550 2366 3605 fortunam.
2399 3552 2469 3605 Et
2489 3552 2608 3605 ﬁeri
2640 3561 2842 3622 potest,
2871 3561 2930 3606 ut
2954 3553 3049 3622 qui
3077 3569 3146 3607 ex
3170 3554 3438 3624 improbis

1871 3651 1975 3703 est,
2001 3640 2117 3709 ipse
2150 3642 2357 3710 probus
2379 3642 2630 3706 exsistat,
2656 3657 2956 3712 regumque
2977 3653 3034 3698 et
3057 3645 3304 3699 omnium
3335 3661 3438 3700 no.

1871 3733 2176 3787 bilissimus
2206 3732 2452 3803 fulgeat;
2484 3733 2578 3802 qui
2606 3741 2792 3788 autem
2813 3735 3003 3804 probis
3039 3745 3206 3790 natus
3232 3719 3437 3805 paren-

1872 3824 2020 3878 tibus
2078 3832 2184 3889 est,
2232 3823 2520 3894 improbus
2580 3824 2801 3889 audiat,
2860 3825 3088 3896 ipseque
3141 3827 3322 3897 seipse
3373 3843 3438 3882 ac

1871 3915 2084 3969 cunctis
2110 3914 2494 3984 abjectissimis
2526 3915 2823 3984 ignobilior
2854 3916 3096 3971 sordeat.
3128 3917 3308 3984 Quare
3323 3919 3440 3973 lau-

1870 4005 1994 4061 dem
2047 4005 2215 4060 animi
2267 4005 2502 4074 gloriose
2531 4004 2699 4073 jacta,
2748 4021 2860 4059 non
2904 4005 2961 4060 in
3011 4007 3440 4064 obscurioribus

1871 4098 2109 4167 posteris
2131 4097 2461 4152 exstinctam
2490 4099 2764 4169 majorum
2797 4098 3165 4152 nobilitatem.

1941 4189 2044 4256 Qui
2079 4205 2147 4244 ex
2171 4189 2374 4244 virtute
2432 4198 2598 4244 natus
2641 4197 2744 4254 est,
2780 4189 2826 4243 is
2885 4204 3186 4258 generosus
3225 4187 3439 4261 ellingi'

1873 4289 1983 4335 tur.

1942 4369 2604 4440 Demosth.—Optimum
2657 4370 2902 4424 triticum
2945 4385 3056 4424 non
3109 4385 3177 4425 ex
3230 4373 3440 4441 optimo

1875 4477 2006 4532 agro
2047 4464 2410 4525 aestimamus,
2441 4462 2536 4517 sed
2570 4478 2638 4517 ex
2662 4477 2729 4515 eo
2760 4461 2908 4530 quod
2937 4462 3121 4516 cibum
3170 4464 3438 4532 optimum

1875 4553 2119 4623 praebeat
2154 4572 2166 4607 :
2205 4569 2308 4607 nec
2347 4553 2530 4606 virum
2555 4553 2761 4606 bonum
2791 4562 2888 4606 aut
2928 4553 3166 4607 amicum
3197 4554 3441 4609 benevo-

1872 4645 2010 4708 lum,
2031 4643 2126 4713 qui
2156 4660 2225 4698 ex
2291 4643 2496 4699 illustri
2529 4653 2832 4714 prognatus
2866 4659 3066 4716 genere
3091 4645 3182 4710 sit,
3214 4645 3309 4700 sed
3343 4648 3440 4716 qui

1872 4737 2096 4808 optimis
2127 4737 2376 4791 moribus
2407 4737 2522 4807 ipse
2551 4738 2747 4791 niteat.

1942 4847 2202 4917 lngenuis
2237 4849 2532 4918 probisque
2557 4851 2791 4904 maxime
2823 4849 3117 4914 incumbit,
3141 4857 3204 4903 ut
3226 4849 3283 4904 in
3303 4850 3442 4906 facie

1873 4939 2152 5003 decorem,
2180 4939 2237 4993 in
2262 4941 2448 4994 animo
2483 4941 2840 4995 sobrietatem
2877 4951 2933 4996 et
2983 4941 3358 5011 prudentiam,
3384 4943 3440 4998 in

1871 5031 2142 5085 alIIbObUS
2201 5031 2610 5096 fortitudinem,
2665 5033 2721 5086 in
2764 5049 3021 5090 sermone
3069 5034 3300 5104 gratiam
3343 5035 3442 5089 ha-

1873 5122 2059 5175 beant.

1942 5213 2216 5283 Diogenes.
2308 5214 2597 5284 Diogenes.
2629 5214 2868 5282 quodam
2891 5231 2956 5269 ex
2985 5215 3081 5269 illo
3102 5215 3439 5284 sciscitante,

1871 5303 2105 5370 Quinam
2158 5304 2443 5359 hominum
2514 5307 2846 5362 nobilissimi
2888 5317 3078 5363 essent
3117 5324 3440 5380 summeque

1873 5397 2098 5467 ingenui
2132 5414 2144 5450 :
2183 5397 2247 5457 Ii,
2289 5397 2489 5466 inquit,
2542 5399 2638 5468 qui
2671 5400 2912 5464 divitias,
2958 5401 3226 5473 gloriam,
3279 5403 3441 5456 volu-

1872 5497 2101 5558 ptatem,
2138 5490 2304 5543 vitam
2331 5499 2733 5556 contemnunt;
2785 5500 2951 5562 atque
2984 5493 3073 5548 bis
3117 5495 3440 5560 contrariis,

1873 5591 2215 5650 paupertate,
2241 5591 2598 5654 contemptu,
2631 5584 2842 5650 labore,
2896 5595 3072 5640 morte
3122 5585 3440 5656 superiores

1875 5672 2164 5727 exsistunt.

1947 5762 2272 5818 Zenou.-ls
2307 5764 2526 5820 diccbat
2555 5783 2568 5818 :
2608 5764 2976 5830 Quaerendum
3004 5783 3113 5823 non
3136 5783 3280 5831 esse,
3302 5766 3439 5823 sint-
3464 5811 3470 5818 .
