4200 6440
748 348 851 415 995

1904 350 1962 405 S.
2008 347 2292 406 ΜΛΧΙΜΙ
2334 347 2841 407 CONFESSORIS

3897 357 4005 437 996

750 476 817 513 ne
846 458 1101 513 homines
1123 472 1189 513 ex
1220 472 1414 528 magna
1438 456 1683 520 civitate,
1716 456 1810 510 sed
1854 472 1922 510 an
1954 457 2105 528 digni
2130 471 2313 526 magna

2427 457 2773 527 ἀνθρώπους,
2807 459 2860 511 εἴ
2890 475 3029 522 τινες
3062 459 3126 513 ἐκ
3165 462 3417 531 μεγάλων
3443 465 3650 519 πόλεών
3697 469 3851 536 εἰσιν,
3884 446 3999 523 an

745 549 971 603 civitate
1008 548 1136 602 sint.

1372 658 1700 729 Epicharmi.

751 769 1045 837 (Egerrime
1074 770 1207 835 fero,
1238 786 1359 822 cum
1386 772 1502 838 quis
1532 771 1761 823 detrahit
1793 772 2075 831 nobilitati.

751 838 847 909 Qui
878 840 987 905 ipse
1022 839 1249 891 moribus
1271 840 1513 909 ignobilis
1536 858 1599 893 ar
1630 842 1784 893 homo
1814 842 1969 895 nihili
2001 844 2091 895 sit.

745 908 883 971 Quid
909 909 1046 959 enim
1077 910 1151 960 rei
1180 908 1313 962 ca'co
1344 926 1460 961 cum
1484 926 1637 979 specu
1650 910 1699 963 lo
1726 913 1970 964 exsistit?

812 1022 1119 1075 Claariclew.
1146 1052 1213 1062 -—
1238 1023 1549 1077 Nobilitatis
1580 1027 1725 1079 enim
1758 1028 2053 1095 conspicua
2070 1029 2314 1097 vis,pul-

743 1112 1078 1164 chritudinis
1102 1121 1381 1180 aspectus,
1409 1129 1593 1168 mores
1620 1117 1836 1170 siccarii
1863 1116 2033 1181 ;nihil
2058 1118 2315 1187 subigere

745 1216 806 1254 ac
836 1202 1062 1253 domare
1093 1210 1297 1269 potest,
1324 1204 1409 1257 vel
1445 1221 1639 1260 eorum
1680 1223 1803 1275 quae
1838 1223 2051 1262 summe
2078 1210 2314 1264 misera-

745 1292 874 1343 bilia
901 1301 1051 1344 sunt.

814 1382 1081 1437 Socrates.
1108 1415 1177 1423 —
1200 1387 1460 1440 Socrates
1493 1388 1879 1457 philosophus,
1928 1406 2101 1444 unum
2134 1406 2199 1445 ex
2233 1390 2315 1444 di-

741 1475 972 1543 scipulis
990 1476 1437 1530 anintadvcrtens
1464 1478 1577 1546 agri
1604 1479 1819 1533 cultura
1847 1481 2130 1541 solertem.
2150 1481 2312 1550 677

741 1566 987 1619 moribus
1015 1575 1200 1620 autem
1237 1568 1485 1621 colendis
1518 1569 1911 1637 negligentem,
1937 1571 2084 1623 Heus
2111 1573 2199 1623 tul
2233 1572 2315 1623 in-

740 1656 881 1723 quit,
908 1656 1056 1721 vide,
1084 1673 1152 1710 ne
1176 1660 1304 1711 dum
1347 1674 1540 1728 agrum
1576 1661 1762 1714 colere
1804 1660 2029 1729 satagis,
2068 1660 2186 1730 ipse
2215 1661 2313 1715 sil-

740 1760 949 1799 vescas.

818 1835 1365 1902 Pluturclti.—Quid
1411 1839 1559 1893 enim
1605 1840 1753 1894 aliud
1789 1841 2135 1896 nobilitatem
2191 1857 2313 1896 esse

739 1927 1140 1992 existimamus,
1174 1946 1339 1999 quam
1372 1940 1595 1986 veteres
1641 1932 1884 1998 divitias,
1934 1944 2029 1988 aut
2067 1943 2311 1989 veterem

739 2021 1094 2074 claritatem?
1126 2036 1249 2074 cum
1279 2031 1543 2076 neutrum
1573 2024 1770 2078 horum
1809 2034 2017 2080 nostra:
2036 2026 2110 2079 sit
2142 2026 2314 2080 facul-

739 2112 891 2175 tatis,
935 2112 1030 2166 sed
1088 2114 1197 2165 alia
1233 2114 1287 2167 in
1321 2104 1550 2169 incertae
1599 2115 1835 2171 fortuna:
1872 2119 2102 2171 arbitrio
2134 2119 2312 2187 posita

738 2203 870 2268 sint,
906 2205 1010 2259 alia
1043 2205 1111 2259 ad
1136 2206 1324 2259 luxum
1346 2208 1743 2275 spectentvita:
1772 2208 2047 2265 humanm.
2081 2211 2157 2265 Ex
2177 2210 2313 2265 duo-

737 2295 845 2349 bus
891 2295 1080 2366 itaque
1111 2297 1313 2351 alienis
1345 2298 1552 2367 pendet
1580 2298 1826 2354 inﬂatum
1863 2301 1970 2355 hoc
2015 2317 2219 2355 nomen
2249 2318 2314 2356 ac

740 2390 956 2453 titulus,
988 2389 1254 2444 nobilitas.
1285 2389 1555 2449 Caeterum
1584 2394 1870 2460 opulentia
1915 2410 2023 2447 non
2051 2395 2134 2447 sui
2156 2394 2312 2448 simi-

738 2480 820 2533 les
842 2482 991 2549 parit
1030 2481 1279 2546 liberos;
1324 2482 1418 2550 qui
1446 2496 1578 2534 vero
1625 2498 1691 2535 ex
1743 2484 1951 2538 virtute
1994 2485 2315 2553 progenitus

736 2582 843 2636 est,
877 2573 923 2628 is
952 2573 1199 2642 parentis
1240 2572 1588 2628 nobilitatem
1628 2574 1776 2628 illius
1825 2575 1879 2628 in
1914 2592 1971 2630 sc
2018 2577 2311 2629 simulacro

741 2661 943 2716 reddit.

1284 2797 1521 2852 SEllMO
1570 2798 1754 2851 LXIV.

1399 2911 1476 2963 De
1521 2912 1651 2965 risu.

806 3024 932 3078 Luc.
962 3040 1037 3089 γι,
1072 3024 1165 3078 25.
1185 3023 1363 3077 -ναι
1390 3024 1551 3078 vobis
1580 3025 1675 3094 qui
1706 3024 1919 3089 ridetis,
1944 3026 2072 3094 quia
2102 3026 2314 3095 lugebi-

740 3116 810 3170 tis
837 3124 893 3169 et
914 3115 1139 3169 ﬂebitis.

808 3212 1001 3280 Eplies.
1040 3228 1095 3276 ν,
1122 3211 1174 3265 4.
1201 3240 1270 3249 -
1308 3210 1620 3280 Turpitudo
1649 3219 1744 3264 aut
1774 3210 2175 3279 stultiloquium
2218 3220 2313 3265 aut

736 3304 1066 3365 scurrilitas,
1090 3310 1145 3355 et
1175 3317 1297 3371 qua:
1321 3316 1429 3355 non
1462 3301 1683 3365 decent,
1714 3316 1819 3354 nec
1850 3300 2208 3355 nominentur
2233 3301 2318 3354 in-

744 3406 827 3450 ter
852 3410 983 3457 vos;
1014 3392 1112 3446 sed
1135 3391 1310 3461 magis
1339 3391 1645 3462 gratiarum
1682 3393 1856 3444 actio.

813 3486 986 3540 Eccle.
1021 3500 1118 3547 vn,
1146 3485 1197 3537 7.
1220 3512 1290 3526 σ-
1319 3482 1477 3537 Sicut
1498 3498 1604 3537 vox
1636 3484 1927 3552 spinarum
1952 3484 2055 3538 sub
2081 3482 2210 3548 olla,
2240 3482 2313 3536 ita

737 3572 884 3628 risus
914 3572 1235 3627 stultorum.

806 3664 971 3718 Eccli.
1006 3680 1119 3724 xu,
1148 3662 1239 3715 23.
1263 3690 1333 3700 ——
1353 3660 1563 3715 Fatuus
1620 3660 1678 3715 in
1709 3660 1823 3714 risu
1883 3660 2091 3715 exaltat
2122 3676 2314 3715 vocem

734 3773 928 3820 suam;
964 3756 1048 3808 vir
1078 3764 1263 3808 autem
1310 3751 1557 3822 sapiens,
1614 3752 1707 3806 vix
1756 3753 1925 3809 tacite
1975 3753 2312 3809 subridebit.

806 3931 968 3984 Eccli.
1020 3929 1298 3993 utrm“.
1353 3957 1427 3970 —-
1471 3928 1727 3983 Narratio
1757 3927 2064 3983 stultorum
2096 3928 2313 3995 odiosa,

735 4031 791 4076 et
826 4022 974 4074 risus
1006 4035 1202 4073 eorum
1237 4018 1295 4073 in
1324 4018 1549 4073 luxuria
1579 4018 1823 4088 peccati.

807 4132 1014 4186 Basilii.
1037 4131 1196 4185 —Ad
1233 4132 1416 4185 lenem
1445 4143 1623 4198 usque
1654 4128 1832 4182 risum
1867 4128 2036 4182 animi
2062 4129 2311 4185 hilarita-

735 4234 846 4279 tem
878 4223 1316 4285 submonstrare,
1344 4219 1492 4272 haud
1510 4217 1778 4273 dedeceat
1804 4235 1817 4271 :
1846 4218 2117 4273 hactenus
2138 4222 2312 4274 solum

736 4326 797 4370 ut
827 4315 1115 4386 prodatur,
1174 4311 1325 4382 quod
1384 4311 1655 4379 scriptum
1701 4317 1830 4365 est:
1884 4310 2053 4365 Corde
2079 4310 2311 4375 lwtaute,

735 4411 886 4479 ﬂoret
916 4407 1074 4475 facies
1103 4404 1283 4469 (Prov.
1306 4418 1397 4468 xv,
1419 4400 1506 4471 l3)
1534 4417 1548 4466 ;
1579 4399 1901 4455 cachinnari
1944 4409 2129 4454 autem
2158 4418 2311 4464 voce,

2424 550 2472 601 ei
2509 550 2764 619 μεγάλων
2795 551 3003 605 πόλεων
3033 553 3193 617 ἄξιοι.

3022 664 3408 733 Ἐπιχάρμου.

2528 777 2773 848 Πκίτοιί
2814 777 2958 830 ὅταν
2992 779 3304 847 εὐγένειαν
3328 780 3511 833 οὐδὲν
3541 780 3626 834 ὢν
3656 782 3856 848 κακῶς

2527 847 2719 919 Λέγει.
2747 863 2858 912 τις,
2900 849 3083 913 αὐτὸς
3115 848 3534 919 δυσγενὴςίῶν
3561 850 3640 914 τῷ
3665 847 3883 918 τρόπω.

2534 918 2629 980 Τίς
2659 916 2771 985 γὰρ
2800 920 3110 985 κατόπτρῳ
3137 920 3233 972 καὶ
3249 916 3465 987 ’τυφλῷ
3499 916 3820 985 κοινωκιά;

2497 1031 2873 1097 Χαρικλείου.
2909 1060 2978 1070 --
3006 1030 3301 1097 Εὐγενείας
3330 1032 3437 1100 γὰρ
3462 1031 3701 1101 ἔμφασις
3750 1034 3847 1086 καὶ
3867 1035 4002 1087 κάλ-

2423 1122 2549 1185 λους
2595 1122 2689 1175 καὶ
2738 1122 2882 1190 ὄψις,
2934 1122 3230 1192 λῃστρικὸν
3266 1118 3431 1191 ἦθος⁴
3485 1124 3639 1177 οὐδὲν
3675 1126 4002 1180 ὑποτάττειν

2428 1210 2522 1264 καὶ
2550 1213 2775 1280 κρατεῖν
2816 1212 2915 1279 (ά),
2952 1211 3047 1263 καὶ
3072 1210 3179 1264 τῶν
3212 1212 3667 1282 αὑχμηροτάτων,
3695 1214 3943 1270 δύναται.

2490 1378 2752 1446 Σωκράτ.
2800 1410 2873 1419 —
2916 1381 3211 1451 Σωκράτης
3243 1382 3272 1433 ὁ
3325 1381 3633 1449 φιλόσοφος,
3660 1383 4001 1454 θεασάμενός

2422 1485 2547 1521 τινα
2594 1470 2705 1521 τῶν
2738 1469 3017 1540 μαθητῶν,
3055 1470 3149 1523 τοῦ
3204 1471 3303 1540 μὲν
3333 1472 3506 1541 ἀγροῦ
3537 1473 3997 1543 ἐπιμελούμενον,

2418 1560 2520 1629 τῆς
2555 1561 2612 1613 δὲ
2647 1562 2902 1632 πράξεως
2925 1562 3253 1633 ἀμελοῦντα,
3278 1563 3440 1633 Ὅρα,
3472 1557 3517 1616 ὦ
3549 1558 3725 1627 οὗτος,
3763 1566 3891 1635 ἔφη,
3924 1567 3999 1637 μὴ

2420 1654 2511 1705 τὸν
2588 1653 2759 1725 ἀγρὸν
2832 1653 3183 1724 ἐξημερῶσαι
3258 1656 3601 1725 βουλόμενος,
3657 1659 3757 1727 τὴν
3820 1659 3999 1730 ψυχὴν

2424 1743 2695 1815 ἀγριὼσῃ.

2347 1809 2386 1862 Β
2477 1809 2828 1903 illico-rapx.
2852 1866 2921 1878 —
2946 1836 3011 1888 Τί
3046 1836 3156 1906 γὰρ
3204 1837 3332 1891 ἄλλο
3358 1840 3653 1908 νομίζομεν
3702 1835 3843 1893 εἶναι
3896 1842 3999 1911 τὴν

2420 1921 2723 1988 εὐγένειαν,
2755 1924 2804 1975 εἰ
2836 1924 2910 1994 μὴ
2941 1924 3172 1978 παλαιὸν
3199 1926 3447 1991 πλοῦτον,
3479 1928 3511 1999 ἢ
3539 1929 3774 1982 παλαιὰν
3802 1930 3994 1994 δόξαν;

2423 2013 2703 2083 οὐδέτερον
2742 2017 2827 2082 ἐφ’
2859 2017 2991 2086 ἡμῖν
3018 2017 3078 2070 δν
3101 2059 3116 2083 ,
3151 2019 3287 2072 ἀλλὰ
3312 2019 3381 2072 τὰ
3433 2022 3530 2088 μὲν
3569 2022 3741 2091 τύχης
3773 2022 3995 2092 ἀδήλου,

2419 2102 2487 2154 τὰ
2519 2104 2575 2154 δὲ
2625 2104 2899 2173 ἀκρασίας
2946 2108 3106 2177 χάριν
3155 2109 3519 2181 ἀνθρωπίνης.
3561 2112 3723 2164 Ὥστε
3756 2114 3821 2165 ὲκ
3848 2113 3995 2166 δυοῖν

2418 2191 2718 2259 ἀλλοτρίων
2742 2196 3013 2266 κρέμαται
3038 2197 3100 2250 τὸ
3127 2199 3522 2268 πεφυσωμένον
3542 2201 3733 2271 ὄνομα,
3776 2204 3809 2273 ή
3849 2205 3998 2271 εὐγέο

2419 2300 2557 2338 νεια.
2592 2285 2701 2338 Καὶ
2724 2288 2751 2338 ὁ
2772 2285 3001 2351 πλοῦτος
3029 2288 3149 2357 μὲν,
3180 2290 3279 2361 οὐχ
3296 2291 3515 2361 ὁμοίους
3545 2293 3695 2362 αὐτῷ
3722 2295 3852 2356 τοὺς
3872 2311 3997 2360 γεν-

2420 2374 2681 2443 νηθέντας
2716 2380 2889 2429 ποιεῖ’
2917 2377 3033 2430 ἀλλ’
3070 2382 3100 2434 ὁ
3137 2380 3197 2445 ἐξ
3222 2382 3424 2453 ἀρετῆς
3450 2382 3759 2453 γεννηθεὶς,
3791 2386 3999 2450 ἐκεῖνος

2420 2468 2644 2538 εὐγενὴς
2665 2468 3012 2535 εἰκονίζεται.
3638 2459 3648 2467 ’

2983 2794 3203 2849 ΛΟΓΟΣ
3246 2796 3342 2849 ΞΔ⁹
3367 2799 3431 2852 ⁸⁹.

2980 2908 3123 2976 Περὶ
3157 2909 3431 2978 γέλωτος.
3530 2964 3531 2969 η

2490 3019 2671 3067 Λουκ.
2702 3022 2777 3080 ς’.
2796 3018 3006 3069 -Οὐαὶ
3036 3020 3188 3088 ὑμῖν,
3216 3022 3265 3072 οἱ
3285 3022 3573 3089 γελῶντες,
3603 3025 3993 3099 ὃτιπενθήσετε

2420 3107 2514 3160 καὶ
2534 3106 2819 3162 κλαύσετε.

2505 3202 2632 3269 Ἑρ.
2667 3199 2731 3253 ε’.
2765 3234 2831 3242 --
2854 3203 3159 3274 Αἰσχρότης
3195 3208 3287 3259 καὶ
3321 3209 3629 3278 μωρολογία
3662 3213 3757 3265 καὶ
3799 3214 3993 3286 εὐτρα-

2417 3293 2598 3353 πελία,
2638 3295 2730 3344 καὶ
2768 3295 2837 3346 τὰ
2865 3296 2963 3346 οὐκ
3009 3298 3312 3365 ἀνήκοντα,
3370 3302 3504 3372 μηδὲ
3546 3304 3899 3371 ὀνομαζέσθω
3934 3310 3992 3361 ὲν

2418 3385 2574 3452 ὑμῖν·
2620 3383 2755 3438 ἀλλὰ
2782 3386 2979 3455 μᾶλλον
3008 3390 3352 3461 εὐχαριστία.

2486 3481 2702 3546 Σολομ.
2748 3477 2810 3539 ζ’.
2844 3509 2916 3520 -
2937 3480 3147 3551 Ὥσπερ
3177 3500 3260 3552 (pm
3277 3484 3341 3555 νὴ
3373 3486 3622 3540 ἀκανθῶν
3655 3489 3758 3541 ὑπὸ
3777 3490 3868 3542 τὸν
3906 3490 3994 3546 λέ-

2416 3565 2576 3635 ϐητα,
2602 3566 2775 3630 οὕτως
2807 3570 2835 3620 ὁ
2867 3570 3041 3637 γέλως
3067 3572 3177 3624 τῶν
3202 3575 3470 3644 ἀφρόνων.

2485 3658 2667 3724 Σιρὰχ
2729 3656 2838 3712 κα⁹.
2900 3689 2969 3699 —-
3029 3661 3087 3714 Ὀ
3154 3665 3337 3735 μωρὸς
3406 3670 3464 3719 ὲν
3542 3668 3739 3735 γέλωτι
3797 3673 3996 3742 ἁνυψοῑ

2416 3747 2601 3819 φωνὴν
2651 3748 2854 3802 αὐτοῦ’
2898 3750 3038 3823 ἀνὴρ
3089 3753 3146 3805 δὲ
3190 3755 3373 3825 σοφὸς,
3433 3758 3587 3827 μόλις
3633 3761 3814 3830 ἡσυχῆ
3880 3780 3992 3833 μει·

2416 3838 2612 3891 διάσει.

2487 3927 2667 3997 Σιρὰχ
2706 3928 2808 3988 κζ’.
2849 3960 2918 3969 —
2947 3933 3209 4004 Διήγησις
3235 3936 3435 4006 μωρῶν
3457 3938 3857 4010 προσόχθισμα,
3890 3942 3986 3995 καὶ

2420 4020 2449 4070 ὁ
2478 4021 2648 4087 γέλως
2680 4021 2860 4075 αὐτῶν
2894 4025 2952 4075 ὲν
2987 4025 3244 4099 σπατάλῃ
3274 4028 3566 4098 ἁμαρτίας.

2489 4135 2742 4187 Βασιλεί
2751 4152 2846 4188 ου.
2878 4165 2947 4177 --
2984 4138 3146 4208 Ἄχρι
3182 4140 3281 4209 μὲν
3312 4141 3421 4210 γὰρ
3466 4144 3819 4215 μειδιάματος
3872 4168 3998 4219 φαι-

2419 4222 2547 4290 δροῦ
2572 4222 2669 4293 τὴν
2701 4223 2947 4276 διάθεσιν
2974 4227 3071 4295 τῆς
3100 4228 3280 4298 ψυχῆς
3305 4230 3647 4300 ὑποφαίνειν,
3686 4237 3787 4289 οὐκ
3825 4240 3999 4311 ᾁπρε-

2420 4315 2539 4379 πὲς,
2587 4317 2709 4367 ὅσον
2748 4317 2920 4381 δεῖξαι
2982 4320 3142 4389 μόνον
3174 4322 3233 4374 τὸ
3278 4326 3683 4394 γεγραμμένον,
3737 4329 3996 4397 Καρδίας

2427 4407 2925 4474 εὐφραινομένης,
2970 4411 3297 4476 πρόσωπον
3335 4414 3563 4469 θάλλει.
3603 4417 3994 4487 Ἐκκαχλὰζειν

735 4511 792 4555 ct
818 4514 1052 4569 corpore
1082 4495 1306 4552 concuti
1358 4510 1423 4549 ac
1453 4492 1651 4563 agitari
1680 4492 1835 4546 velut
1874 4492 1991 4547 fere
2032 4490 2313 4548 bullientis

2418 4498 2475 4549 δὲ
2498 4500 2564 4567 τῇ
2595 4500 2747 4567 φωνῇ
2772 4498 2838 4561 ⁵⁸,
2862 4500 2955 4551 καὶ
2986 4500 3423 4571 ἀναὸράσσεσθαι
3442 4506 3484 4535 ⁵¹
3508 4507 3568 4558 τὸ
3602 4507 3782 4575 σῶμα,
3812 4510 3876 4561 οὐ
3902 4510 3993 4563 τοῦ

736 4592 791 4646 in
827 4606 1061 4654 morem,
1099 4604 1210 4643 non
1256 4586 1502 4642 hominis
1563 4584 1750 4639 animo
1807 4586 2101 4654 compositi
2133 4595 2221 4641 est
2253 4603 2316 4640 ac

735 4684 993 4747 modesti,
1028 4682 1117 4737 vel
1147 4683 1268 4752 ejus
1290 4679 1387 4749 qui
1420 4679 1539 4748 ipse
1585 4677 1674 4732 sui
1701 4692 1930 4748 compos
1960 4678 2053 4732 sit.
2099 4679 2313 4733 Conﬁr-

736 4784 851 4829 mat
878 4777 1027 4829 cnim
1056 4773 1204 4843 quod
1260 4772 1341 4826 sie
1378 4769 1619 4824 dicimus
1676 4769 2125 4839 sapientissimus
2161 4770 2314 4825 Salo-

736 4884 887 4930 mon,
924 4867 1053 4919 dum
1089 4865 1199 4918 ait:
1240 4861 1440 4916 Fatuus
1462 4863 1516 4915 in
1547 4862 1657 4914 risu
1704 4861 1904 4913 exultat
1932 4879 2106 4916 vocem
2128 4881 2312 4929 suam;

736 4964 814 5012 t-Cr
836 4968 1013 5010 autem
1041 4956 1273 5025 sapiens,
1304 4955 1389 5008 vix
1419 4955 1575 5006 tacite
1604 4952 1737 5004 ridet
1763 4951 1949 5021 (Eccli.
1984 4970 2093 5020 xxx,
2126 4956 2238 5026 9.5).

2422 4590 2858 4660 κατεσταλμένου
2907 4591 3006 4662 τὴν
3059 4594 3265 4664 ψυχὴν,
3329 4597 3451 4650 οὐδὲ
3503 4599 3598 4651 τοῦ
3645 4601 3994 4669 περικρατῶς

2418 4675 2635 4745 ἔχοντος
2672 4673 2889 4732 ἑαυτοῦ.
2918 4678 3134 4733 Βεὸαιοῖ
3160 4682 3271 4753 γὰρ
3291 4685 3383 4737 τὸν
3427 4686 3584 4754 λόγον
3624 4688 3653 4739 ὀ
3684 4688 3995 4756 σοςιῦτατος

2418 4766 2691 4834 Σολομὼν,
2722 4768 2805 4820 ὅτι
2848 4769 2910 4822 Ὀ
2942 4770 3141 4839 μωρὸς
3165 4772 3235 4826 ἐν
3261 4776 3496 4842 γέλωτι,
3523 4776 3755 4846 dunt-oi
3784 4779 3998 4848 φωνὴν

2416 4856 2604 4910 αὐτοῦ
2624 4874 2639 4887 ·
2668 4857 2822 4927 ἀνὴρ
2842 4859 2909 4913 δὲ
2938 4861 3133 4930 σοφὸς
3152 4864 3332 4933 μόλις
3361 4865 3569 4935 ἠσυχῆ
3586 4868 3889 4937 μειδιὰζει.

2016 5158 2019 5159 ί
2049 5087 2282 5143 unum
2325 5090 2734 5148 LECTIONES.

809 5208 852 5237 ³ν
884 5206 941 5259 In
971 5205 1300 5259 Gcsn.Stob.
1329 5205 1417 5258 9|.
1496 5202 1540 5235 ⁸⁸
1582 5204 1746 5257 Ἀλλ.
1775 5204 1977 5273 φωνήν.
2055 5204 2095 5234 ⁸⁸
2134 5206 2297 5259 Ἀλλ.
2346 5208 2771 5278 ἀναϐράζεσθαι.

2256 5343 2491 5401 ΝΟΤΛΕ.

813 5456 891 5527 (di
942 5454 1134 5508 Οὐδὲν
1161 5455 1517 5527 ὑποτάττειν
1547 5456 1647 5509 καὶ
1693 5453 1955 5527 κρατεῖν.
1994 5456 2158 5511 Gesn.
2193 5472 2319 5513 eor-

743 5525 960 5597 ruptam
984 5527 1313 5597 sententiam
1343 5526 1550 5592 credit;
1573 5541 1675 5596 ego
1698 5526 1812 5579 sola
1838 5525 2111 5597 brevitate
2124 5527 2320 5582 obscu-

746 5596 969 5653 riOrem.
1012 5596 1217 5665 Nempe
1264 5597 1395 5649 velit
1441 5607 1651 5657 auctor.
1710 5610 1836 5648 eum
1889 5596 1984 5665 qui
2028 5596 2316 5653 nobilitate

747 5674 1045 5735 turmaeque
1100 5667 1298 5721 decore
1348 5674 1644 5735 pnestans,
1695 5666 1877 5719 sicarii
1943 5668 2189 5722 moribus
2243 5670 2315 5723 sit

747 5737 1048 5811 (θηρίοιπί
1079 5737 1287 5791 scilicet
1318 5738 1499 5791 animo
1543 5747 1597 5791 et
1634 5737 1894 5806 superbo)
1938 5738 2085 5791 nulla
2131 5754 2188 5793 re
2225 5755 2313 5793 su-

2429 5451 2562 5544 bigi,
2594 5462 2745 5516 nulla
2774 5462 2977 5532 pietate
3006 5469 3273 5532 emoveri,
3308 5472 3731 5544 autquidquam
3764 5479 3995 5537 misera-

2428 5530 2619 5615 bil‘ium
2647 5530 3006 5615 personarum
3036 5530 3267 5615 aspectu
3287 5530 3752 5615 allici.'Hoe'enim
3778 5530 3900 5610 est:
3911 5530 3991 5615 '17.,

2426 5601 2519 5651 καὶ
2544 5602 2651 5686 τῶν
2680 5601 3133 5686 αιὺχμηροτάεων,
3158 5612 3263 5685 situ
3290 5620 3342 5686 et
3375 5613 3620 5686 squalore
3640 5601 3987 5686 deformium:

2423 5686 2530 5757 non
2577 5672 2724 5757 quod
2763 5684 2968 5727 temere
3012 5672 3471 5751 Gesnﬁnullaqde
3511 5672 3830 5755 interpretis
3867 5672 3990 5757 ﬁde:

2423 5740 2783 5795 robustissima
2817 5760 3053 5813 quau/ue.
