4200 6440
199 394 309 461 99'!
1494 394 1661 455 LOCI
1699 392 2128 455 COMMUNES.
3320 401 3426 467 993

903 508 1072 559 Θεολ.
1800 510 1847 566 Δ
2530 510 2788 581 Tlteologi.

260 600 465 664 Γέλως
494 599 752 666 γέλωτος
778 592 848 666 εὖ
886 597 1216 666 φρονοῦσιν
1244 597 1412 663 ἄξιος
1431 638 1446 661 ,
1619 665 1622 666 ν

1193 614 1216 645 ,ρ
1244 597 1412 663 ἄξιος
1431 638 1446 661 ,
1619 665 1622 666 ν
1940 598 2090 651 Risus
2116 599 2241 653 bene
2263 601 2409 653 sanis
2440 600 2573 652 risui
2600 601 2852 664 habetur;

265 665 542 723 Μάλιστα
572 667 689 735 μὲν
715 665 833 732 πᾶς
859 665 970 728 ,τὸ
1004 666 1192 720 πλέον
1228 666 1279 736 δ’
1301 671 1346 736 ,ό
1380 665 1680 733 πορκικός.

1516 665 1680 732 βεκός.
1939 667 2088 720 Risus
2116 669 2324 736 quidem
2361 672 2551 729 omnis,
2584 671 2810 721 maxime
2832 671 3175 725 meretricum.

265 738 469 803 Γέλως
500 734 773 803 ἄτακτος,
797 736 1081 805 συλλέγει
1113 735 1208 789 καί
1236 734 1515 803 δάκρυον.

1364 752 1515 789 νυον.
1938 736 2088 790 Risus
2113 734 2442 803 immodicus,
2463 741 2621 792 etiam
2652 740 2833 809 ﬂetum
2863 741 3023 808 parit.

265 871 507 932 Γέλωτος
542 868 711 939 θυμὸς
756 868 981 939 ἔμφρων
1036 867 1477 940 προτιμώτερος·
1514 867 1762 938 αὐστηρᾷ

1936 872 2018 926 lra
2045 872 2287 940 prudens
2326 873 2442 927 risu
2498 872 2722 941 potior;
2769 878 2994 927 austera
3040 873 3190 928 enim
3237 872 3425 928 vultus

189 961 306 1032 γὰρ
333 960 571 1013 διαθέσει
598 958 916 1029 προσώπου,
958 958 1320 1030 κατορθοῦται
1354 958 1520 1028 ψυχή.

1378 959 1520 1028 μυχὴ.
1867 963 2271 1031 compositione
2294 963 2510 1018 animus
2535 965 2639 1018 rite
2666 962 3037 1033 componitur.

259 1054 331 1105 Αί
372 1052 470 1121 μὲν
501 1050 679 1104 τοίνυν
716 1049 828 1103 τῶν
880 1050 1060 1119 σοφῶν
1089 1051 1261 1121 ψυχαὶ
1310 1049 1760 1120 σκυθρωπάζουσι

1937 1052 2285 1122 Sapientium
2312 1053 2508 1107 animae
2540 1063 2751 1109 maestae
2775 1053 3042 1109 incedunt
3067 1067 3137 1108 ac
3158 1052 3429 1108 modestia

191 1145 289 1195 καὶ
328 1144 740 1196 συστέλλονται·
774 1141 832 1194 αἰ
873 1140 931 1193 δὲ
969 1141 1078 1195 τῶν
1107 1142 1357 1210 ἀφρόνων
1399 1141 1759 1211 ἐπαιρόμεναι

1865 1150 2327 1209 componuntur;
2409 1142 2704 1197 stultorum
2764 1157 2898 1199 vero
2952 1158 3073 1200 sese
3136 1142 3432 1199 eﬁerentes

188 1233 513 1305 διαχέονται.

486 1251 513 1287 ι,
1864 1226 2145 1279 dillluunt.

258 1329 571 1394 Χρυσοστ.
598 1355 667 1365 -
692 1326 755 1379 Εἰ
782 1324 959 1395 βούλει
983 1321 1151 1388 δεῖξαι
1182 1322 1366 1391 σαφῶς
1394 1324 1546 1393 ἡμῖν,
1578 1322 1658 1375 ὅτι
1693 1322 1758 1374 οὐ

1934 1316 2119 1387 Chrys.
2144 1349 2207 1359 -—
2234 1317 2292 1373 Si
2320 1318 2467 1373 clare
2498 1319 2661 1375 nobis
2684 1321 2918 1390 probare
2944 1322 3048 1387 vis,
3091 1331 3145 1378 te
3174 1338 3285 1377 non
3329 1320 3429 1377 de-

190 1417 403 1488 χαίρεις
434 1416 635 1487 αἰσχρά
684 1417 1072 1486 φθεγγόμενος,
1120 1416 1251 1486 μηδὲ
1285 1414 1504 1468 ἀκούειν
1539 1414 1753 1481 ἀνέχου.

1862 1408 2052 1461 lectari
2072 1409 2238 1479 678
2260 1408 2601 1465 obscenitate
2633 1411 2954 1475 verborum,
2982 1427 3051 1466 ne
3084 1412 3277 1466 audire
3302 1411 3430 1480 qui-

188 1508 306 1561 Νῦν
334 1506 392 1559 δὲ
438 1506 569 1558 πότε
619 1506 825 1578 δυνήσῃ
866 1508 994 1569 τοὺς
1052 1507 1189 1578 ὑπὲρ
1254 1508 1354 1576 τῆς
1405 1503 1758 1575 σωφροσύνης

1863 1498 1988 1552 dem
2017 1499 2316 1553 sustineas.
2346 1498 2504 1553 Nunc
2533 1514 2666 1554 vero
2692 1501 2912 1570 quando
2952 1502 3173 1556 labores
3196 1502 3427 1555 castita-

192 1597 427 1669 ἱδρῶτας
467 1598 733 1664 ἐνεγκεῖν,
762 1595 905 1650 κατά
960 1599 1156 1667 μικρὸν
1204 1597 1489 1668 ὑπορρέων
1527 1597 1629 1649 ὑπὸ
1662 1596 1756 1650 τοῦ

1865 1590 1937 1643 tis
1960 1604 2127 1643 causa
2177 1589 2534 1645 desudandos
2578 1590 2730 1646 ferre
2778 1592 3011 1662 poteris,
3047 1592 3143 1661 qui
3190 1592 3428 1647 subinde

188 1689 450 1758 γέλωτος,
512 1688 608 1741 καὶ
654 1688 762 1741 τῶν
811 1688 1051 1759 αἰσχρῶν
1078 1688 1281 1742 τούτων
1317 1689 1610 1759 ρημὰτων;
1662 1689 1757 1741 καί

1863 1680 1980 1733 risu
2014 1679 2309 1749 verbisque
2339 1680 2679 1750 eiuscemodi
2721 1681 2978 1736 obscenis
2997 1682 3246 1736 diilluas?
3277 1682 3423 1735 Bene

188 1778 496 1848 ἀγαπητὸν,
553 1779 809 1833 ἁπάντων
857 1780 1063 1832 τούτων
1112 1778 1529 1847 καθαρεύουσαν
1576 1779 1754 1851 ψυχὴν

1862 1786 2103 1839 namque
2158 1780 2353 1841 agatur
2384 1788 2755 1842 magnumque
2786 1773 2880 1837 sit,
2908 1780 2973 1826 ut
3024 1772 3112 1828 his
3168 1773 3427 1827 omnibus

187 1868 483 1938 δυνηθῆναι
512 1867 766 1936 γενέσθαι
790 1869 992 1939 σεμνὴν
1014 1868 1109 1921 καὶ
1144 1868 1415 1937 σώφρονα.
1786 1862 1829 1916 Β

1786 1862 1829 1916 Β
1858 1861 2103 1917 mundus
2126 1861 2367 1926 animus,
2394 1863 2666 1918 honestus
2690 1878 2756 1918 ac
2783 1873 2971 1918 castus
3002 1863 3141 1919 ellici
3173 1864 3364 1933 possit.

260 1961 333 2013 Οὐ
375 1959 457 2013 δεῖ
502 1958 842 2029 φιλογέλωτα
897 1955 1058 2014 εἶναι.
1102 1959 1293 2029 Σχεδὸν
1342 1958 1449 2027 γὰρ
1497 1959 1623 2012 ὅταν
1673 1976 1755 2023 τις

1926 1953 2249 2008 Cavendum
2276 1969 2345 2008 ne
2377 1954 2527 2009 risus
2554 1962 2804 2010 amantes
2831 1955 3034 2025 illoque
3060 1955 3431 2026 indulgentio-

187 2050 514 2120 ὲφηδυνθείη
543 2049 622 2121 τῷ
657 2048 839 2120 πολλῷ
863 2049 1103 2120 ,γέλωτα
1150 2048 1373 2119 ἰσχυρὰν
1396 2048 1492 2101 καὶ
1520 2048 1753 2118 μεταϐοο

1863 2060 1953 2099 res
1982 2044 2177 2098 simus.
2210 2045 2301 2099 Sic
2338 2046 2485 2099 enim
2514 2045 2630 2099 fere
2671 2054 3067 2115 comparatum,
3120 2054 3181 2099 ut
3208 2046 3303 2115 qui
3338 2061 3432 2099 ve-

192 2141 293 2209 λὴν
319 2140 412 2193 τὸν
446 2139 707 2195 τοιοῦτον.

1858 2134 2196 2189 hementiori
2227 2136 2341 2189 risu
2387 2134 2722 2201 delectatur,
2771 2135 3175 2191 vehementiori
3210 2150 3430 2205 quoque

1856 2227 2132 2282 obnoxius
2166 2227 2459 2282 mutationi
2486 2227 2773 2281 reddatur.

273 2322 375 2373 Ἕκ
423 2319 543 2372 τῶν
579 2319 955 2386 Ἐπικτήτου.
986 2346 1051 2360 --
1090 2317 1174 2371 Τὰ
1215 2316 1383 2370 πολλά
1407 2314 1549 2368 δὲτὸ
1592 2312 1756 2384 γελᾷν
1926 2363 1932 2371 ε

1926 2318 2012 2372 Ex
2036 2319 2262 2389 Epictet.
2290 2319 2989 2388 sententiis.—Plerumque
3017 2318 3248 2374 facessat
3267 2319 3428 2380 risus,

187 2410 413 2464 ἀπέστω
465 2410 561 2464 καὶ
605 2410 667 2463 τδ
711 2410 923 2478 γέλωτα
972 2410 1162 2464 κινεῖν.
1206 2406 1517 2477 Ὀλισθηρὸς
1584 2404 1692 2476 γὰρ
1728 2405 1757 2456 6

1856 2420 1962 2460 nec
1989 2405 2147 2459 facile
2177 2406 2349 2459 risum
2382 2420 2604 2459 movere
2649 2406 2806 2460 velis.
2861 2407 2960 2459 Est
3008 2407 3153 2460 enim
3181 2407 3433 2459 lubt-iens

187 2502 353 2562 τόπος
395 2501 476 2563 εἰς
514 2500 845 2570 ἰδιωτισμόν.

1858 2497 2040 2561 locus,
2074 2507 2136 2549 ut
2162 2497 2227 2549 ad
2258 2498 2513 2566 vulgares
2544 2496 2783 2564 ineptias
2807 2496 3027 2550 animus
3056 2504 3325 2550 vertatur.

275 2589 336 2644 Ὀ
359 2591 530 2658 γέλως
579 2591 653 2660 μὴ
684 2590 851 2653 πολὺς
889 2590 1049 2654 ἔστω,
1082 2588 1217 2660 μηδὲ
1253 2588 1344 2641 ἐπὶ
1372 2586 1606 2649 πολλοῖς.
1637 2581 1759 2637 Δεί-
1930 2588 1934 2641 ζ

1930 2588 2066 2641 Risu
2090 2589 2400 2655 prcl‘usiore
2424 2603 2494 2640 ne
2526 2586 2719 2651 utitor,
2747 2602 2850 2641 nec
2876 2587 3193 2657 promiscuo
3222 2602 3286 2641 ac
3307 2602 3431 2641 cum

190 2699 349 2745 πνοις
376 2685 496 2745 τοῖς
525 2682 631 2746 ἔξω
660 2698 753 2735 και
782 2683 1073 2746 ἰδιωτικοῖς
1100 2682 1161 2735 τὺ
1195 2682 1327 2734 πολὺ
1354 2678 1617 2742 ἀπόταξαι
1643 2694 1659 2711 ο
1695 2675 1762 2730 ἃν

1861 2678 2009 2747 vulgi
2074 2678 2414 2733 hominibus.
2467 2678 2667 2733 C(enas
2721 2689 3013 2733 extraneas
3047 2693 3112 2733 ac
3175 2680 3434 2749 vulgares

192 2774 254 2826 δὲ
313 2774 538 2843 γένηται
588 2774 814 2844 καιρὸς,
864 2774 1162 2844 φυλάσσου.
1200 2772 1339 2826 ’ῐσθι
1396 2773 1505 2841 γὰρ
1557 2773 1640 2824 ὅτι
1695 2769 1761 2821 ἂν

1755 2786 1761 2810 ν
1862 2769 1976 2823 fere
2014 2784 2254 2839 respue;
2286 2771 2371 2824 sin
2420 2779 2603 2824 tamen
2660 2771 2729 2824 iis
2770 2771 3040 2825 interesse
3066 2772 3285 2824 occasio
3314 2770 3414 2825 fuc

187 2864 377 2934 ἔτερος
458 2864 885 2935 μεμολυσμένος,
912 2864 1008 2918 καὶ
1034 2862 1126 2917 τὸν
1161 2862 1347 2933 ἕτερον
1383 2859 1762 2932 ἐμπλησθῆναι

1863 2859 1960 2923 rit,
1997 2859 2115 2928 ipse
2168 2871 2365 2914 cautus
2408 2870 2553 2914 esto.
2608 2859 2759 2914 Scito
2781 2861 2952 2925 enim,
3012 2860 3161 2929 quod
3216 2860 3260 2914 si
3295 2860 3438 2915 alter

189 2956 431 3026 ἀνάγκη.
1863 2948 2033 3003 fuerit
2058 2951 2324 3017 pollutus,
2344 2950 2581 3004 alterum
2602 2965 2825 3020 quoque
2848 2951 3065 3020 impleri
3086 2965 3311 3005 necesse
3329 2960 3433 3005 est.

277 3047 562 3115 Ἰσοκράτ.
590 3076 663 3088 -
692 3045 784 3116 Μὴ
838 3045 990 3115 παρά
1040 3044 1225 3114 γέλοια
1275 3042 1579 3107 σπούδαζε,
1626 3040 1764 3111 μηδὲ

1938 3037 2160 3092 Isocrat.
2185 3069 2245 3079 -
2268 3038 2387 3091 Noli
2420 3039 2597 3093 serius
2628 3055 2748 3093 esse
2778 3040 2832 3093 in
2861 3041 3032 3094 rebus
3053 3040 3279 3109 iocosis,
3333 3054 3437 3093 nec

190 3137 346 3207 παρὰ
376 3138 447 3191 τὰ
476 3139 739 3191 σπουδαῖα
764 3140 877 3200 τοῖς
896 3136 1124 3203 γελοίοις
1159 3137 1337 3206 χαῖρε.
1372 3134 1443 3187 Τὸ
1474 3134 1581 3201 γὰρ
1604 3134 1762 3185 ἀκαι-
1797 3193 1836 3207 Α

1797 3193 1836 3207 Α
1870 3128 2018 3183 inter
2061 3130 2207 3183 seria
2270 3130 2522 3185 ridiculis
2570 3131 2767 3199 gaude.
2824 3131 2957 3185 Nam
2986 3131 3139 3201 quod
3168 3131 3437 3200 intempe-

193 3193 307 3298 ρον,
341 3226 615 3297 πανταχοῦ
638 3193 920 3298 λυπηρόν..
1102 3193 1119 3199 ⁷
1160 3193 1193 3206 η
1256 3193 1269 3206 ⁸
1485 3193 1497 3201 Ι
1553 3193 1564 3201 ’
1793 3193 1838 3254 c

1256 3193 1269 3206 ’
1485 3193 1497 3201 ’
1553 3193 1564 3201 ’
1793 3193 1838 3254 c
1868 3218 2071 3272 stivum
2103 3229 2211 3282 est,
2244 3220 2452 3289 ubique
2475 3193 2769 3275 molestum
2803 3232 2907 3276 est.

261 3318 637 3385 Μοσχίωνος.
676 3346 748 3357 -——
783 3316 953 3387 Γελᾷν
981 3318 1009 3369 6
1035 3315 1203 3369 θέλων
1253 3315 1391 3387 μετά
1452 3315 1758 3387 μειρακίου,

1935 3310 2262 3365 Maso/tionis.
2288 3343 2358 3351 —
2398 3310 2501 3378 Qui
2546 3328 2671 3367 cum
2705 3313 3057 3368 adolescente
3082 3314 3267 3369 ridere
3295 3314 3433 3381 vult,

190 3406 426 3476 αἰσχρὰς
453 3405 638 3477 ὕϐρεις
657 3405 910 3477 κερδήσει
959 3405 1052 3457 καὶ¹
1081 3404 1308 3475 μέμψιν.

1864 3410 2054 3470 turpes
2082 3404 2446 3459 contumelias
2473 3404 2922 3477 vituperiumque
2955 3405 3283 3462 lucrabitur.

264 3496 563 3561 Κάτωνος.
591 3525 661 3536 --
685 3497 747 3549 Ol
773 3494 1165 3558 σπουδάζοντες
1196 3496 1254 3548 έν
1283 3496 1397 3557 τοίς
1425 3492 1671 3562 γελοίοις,
1704 3494 1762 3545 ὲν

1933 3490 2475 3549 Catonis.—-Aiebat
2528 3495 2663 3550 Cato
2700 3515 2712 3549 :
2754 3497 2855 3562 Qui
2916 3498 2971 3550 in
3023 3497 3272 3552 ridiculis
3304 3499 3435 3551 serii

189 3590 305 3650 τοῖς
335 3586 639 3649 σπουδαίοις
667 3587 904 3654 γίνονται
936 3585 1353 3653 καταγέλαστοι.

1290 3602 1353 3638 π.
1862 3582 1994 3645 sint,
2037 3583 2091 3636 in
2124 3584 2291 3638 rebus
2325 3587 2488 3639 seriis
2516 3586 2637 3641 ﬁeri
2665 3586 2949 3643 ridiculos.

269 3679 612 3746 Στρατόνικ.
658 3706 717 3715 ο-
743 3676 1095 3747 Στρατόνικος
1138 3678 1167 3729 6
1204 3675 1527 3747 κιθαριστὴς
1568 3674 1763 3727 θεασὰσ

1931 3670 2680 3730 Stratonic.—Stratonicus
2728 3675 3089 3742 citharmdus,
3142 3678 3261 3733 viso
3299 3694 3436 3747 quo-

196 3768 361 3836 μενός
412 3783 534 3820 τινα
567 3766 754 3836 ἀφυῶς
791 3765 1075 3833 τοξεύοντα
1099 3806 1115 3831 ,
1168 3764 1415 3820 ἀπελθὼν
1452 3766 1580 3835 ἔστη
1612 3764 1762 3835 παρά

1863 3760 2268 3832 dan-imperite
2292 3765 2596 3834 jaculante,
2657 3766 2726 3820 ad
2782 3767 2962 3836 ipsum
3012 3784 3241 3828 scopum
3274 3784 3436 3823 acce-

192 3859 287 3911 τὸν
302 3859 523 3911 σκοπόν.
542 3858 953 3929 Πυνοανομένου
974 3857 1030 3911 δέ
1044 3875 1189 3921 τινος
1212 3858 1313 3928 τὴν
1330 3858 1529 3925 αἰτίαν,
1550 3857 1760 3922 Ὅπως,

1862 3851 2022 3917 dens,
2080 3855 2258 3909 stetit.
2299 3854 2532 3910 Causam
2591 3858 2806 3928 roganti
2861 3858 3102 3922 cuidam,
3137 3860 3214 3914 Ne
3242 3860 3431 3925 fcriar,

194 3949 325 4019 ἔφη,
352 3948 427 4019 μὴ
454 3947 663 4018 πληγῶ.
1865 3944 1959 3997 ait.

760 4082 979 4135 ΛΟΓΟΣ
1004 4081 1101 4135 EE’
1132 4082 1195 4136 δ’.

1190 4123 1195 4136 .
2434 4083 2662 4138 SERMO
2688 4083 2849 4139 LXV.

719 4190 860 4258 Περί
914 4189 1235 4243 ἐνυπνίων.

1153 4206 1235 4243 ον.
2476 4193 2553 4247 De
2572 4194 2812 4249 somniis.

266 4322 454 4378 Ματθ.
516 4318 616 4379 κζ’.
655 4351 722 4362 ——
754 4320 938 4391 Μηδὲν
972 4320 1054 4373 σοὶ
1079 4321 1173 4374 καὶ
1205 4319 1283 4391 τῷ
1314 4320 1508 4393 δικαίῳ
1539 4322 1759 4393 ἐκείνῳ·

1931 4325 2126 4379 Matth.
2150 4340 2318 4390 xxvn,
2348 4323 2509 4379 l9.—
2530 4325 2680 4381 Nihil
2710 4326 2832 4394 tibi,
2850 4335 2907 4382 et
2930 4328 3086 4383 Justo
3112 4328 3191 4383 illi
3216 4345 3230 4383 :
3256 4330 3427 4385 multa

192 4409 368 4463 πολλὰ
423 4409 532 4479 γὰρ
559 4409 758 4464 ἔπαθον
788 4412 1024 4480 σήμερον
1049 4409 1166 4463 κατ’
1197 4410 1330 4481 ὄναρ
1368 4410 1435 4464 δι’
1469 4412 1649 4465 αὐτόν.

1876 4418 2023 4474 enim
2054 4432 2212 4486 passa
2239 4432 2361 4470 sum
2386 4417 2553 4471 hodie
2580 4432 2679 4487 per
2711 4418 2890 4472 visum
2923 4429 3150 4489 propter
3180 4436 3329 4475 eum.

265 4500 452 4570 Πράξ.
493 4502 561 4554 θ’.
609 4530 678 4542 -
707 4497 816 4555 Ἦν
861 4503 919 4556 δέ
960 4520 1044 4566 τις
1086 4502 1334 4574 μαθητὴς
1368 4504 1425 4554 ὲν
1461 4502 1757 4573 Δαμασκῷ,
1792 4524 1837 4579 ι)

1792 4524 1837 4579 ι)
1938 4506 2055 4559 Act.
2083 4521 2157 4569 Ix,
2190 4505 2278 4558 10.
2316 4536 2384 4544 -
2431 4505 2562 4559 Erat
2626 4514 2811 4560 autem
2858 4507 3082 4575 quidam
3130 4508 3436 4578 discipulus

191 4592 420 4663 ὀνόματι
469 4592 734 4657 Ἀνανίας,
770 4593 863 4647 καὶ
894 4588 1016 4647 εἷπε
1048 4594 1184 4664 πρὸς
1224 4593 1385 4646 αὐτὸν
1414 4595 1442 4645 6
1472 4594 1673 4663 Κύριος
1704 4596 1760 4648 ὲν

1873 4596 2146 4661 Damasci,
2174 4597 2398 4650 nomine
2422 4595 2692 4663 Ananias;
2726 4605 2782 4651 et
2805 4597 2945 4651 dixit
2975 4598 3054 4651 illi
3084 4598 3347 4655 Dominus
3379 4600 3437 4653 in

191 4684 435 4754 ὁράματι
459 4700 474 4716 ο
519 4683 756 4737 Ἀνανία.
805 4684 865 4736 '0
901 4684 959 4737 δδ
991 4679 1164 4737 εἶπενο
1191 4683 1345 4751 ,Ἰδοὺ
1395 4682 1527 4752 ἐγὼ,
1565 4683 1757 4754 Κύριε.

1868 4687 1993 4741 visu
2026 4704 2039 4739 :
2072 4686 2308 4741 Anania.
2345 4686 2415 4740 At
2451 4680 2540 4741 ille
2579 4688 2695 4741 ait:
2749 4687 2892 4742 Ecce
2932 4702 3055 4759 ego,
3094 4688 3345 4744 Domine.
3369 4690 3438 4744 Et

204 4775 268 4828 '0
298 4776 355 4829 δὲ
398 4774 601 4845 Κύριος
628 4774 766 4846 πρὸς
806 4774 987 4830 αὐτόν’
1034 4774 1295 4838 Ἀναστάς
1322 4773 1617 4844 πορεύθητι
1670 4774 1762 4828 ἐπὶ

1871 4778 2136 4833 Dominus
2170 4778 2239 4832 ad
2277 4793 2445 4831 eum:
2503 4777 2697 4848 Surge,
2729 4788 2787 4833 et
2832 4778 2971 4833 vade
3010 4780 3064 4832 in
3107 4779 3312 4845 vicum,
3341 4782 3433 4850 qui

192 4869 294 4937 τὴν
327 4866 507 4937 ῥύμην
541 4866 639 4937 τὴν
665 4865 1006 4937 καλουμένην
1029 4864 1278 4931 Εὐθεῖαν,
1318 4866 1410 4917 καὶ
1439 4865 1673 4935 ζήτησον
1706 4866 1763 4916 ὲν

1871 4879 2102 4924 vocatur
2131 4869 2372 4935 Rectus;
2426 4879 2483 4923 et
2516 4886 2699 4940 quaere
2726 4871 2785 4924 in
2817 4870 2981 4925 domo
3005 4871 3179 4932 Iudae,
3208 4870 3433 4925 Saulum

192 4957 342 5029 οἰκίᾳ
421 4957 610 5023 Ἰούδα,
677 4956 880 5010 Σαῦλον
920 4958 1146 5027 ὀνόματι
1194 4956 1433 5027 Ταρσέα.
1480 4956 1609 5008 Ἰδοὺ
1656 4956 1764 5026 γάρ

1868 4960 2093 5014 nomine
2114 4959 2441 5013 Tarsensem
2464 4977 2477 5011 :
2515 4975 2645 5014 ecce
2672 4960 2820 5015 enim
2845 4970 2987 5014 orat.
3012 4960 3081 5014 Et
3102 4959 3238 5014 vidit
3255 4961 3433 5015 virum

194 5045 583 5117 προσεύχεται,
616 5047 712 5099 καὶ
748 5042 890 5100 εἶδεν
940 5047 1000 5100 ὲν
1040 5047 1276 5117 ὁράματι
1324 5046 1491 5116 ἄνδρα
1541 5046 1765 5113 ὀνόματι

1868 5050 2136 5105 Ananiam
2170 5052 2395 5105 nomine
2426 5050 2825 5115 introeuntem,
2851 5061 2909 5105 et
2937 5052 3309 5119 imponentem
3329 5053 3434 5107 sibi

207 5138 465 5192 Ἀνανίαν
494 5136 823 5202 εἰσελθόντα,
870 5137 964 5191 καὶ⁹
991 5136 1246 5191 ἐπιθέντα
1271 5137 1419 5208 αὐτῷ
1446 5138 1547 5201 τὰς
1576 5140 1761 5210 χεῖρας

1024 5136 1246 5191 πιθέντα
1271 5137 1419 5208 αὐτῷ
1446 5138 1547 5201 τὰς
1576 5140 1761 5210 χεῖρας
1868 5157 2086 5204 manus,
2121 5151 2183 5195 ut
2220 5140 2398 5195 visum
2428 5140 2679 5209 recipiat.

193 5231 344 5290 ὅπως
377 5226 673 5297 ἀναϐλέψῃ.

266 5322 484 5388 Σολομ.
516 5318 628 5373 λδν.
658 5317 1025 5388 Παραγίνεται
1059 5319 1311 5375 ὲνύπνιον
1340 5321 1398 5374 ὲν
1425 5319 1619 5391 πλήθει
1642 5336 1761 5374 πει-

1941 5318 2106 5373 Eccli.
2136 5333 2317 5380 xxxrv,
2350 5317 2405 5371 Ξ.
2428 5348 2497 5356 -
2521 5318 2684 5373 Venit
2712 5317 3050 5372 insomnium
3099 5319 3155 5374 in
3178 5319 3433 5376 multitu-

197 5407 438 5480 ρασμοῦ.

1870 5411 2000 5465 dine
2033 5410 2369 5465 tentationis.

266 5500 451 5568 Σιρὰχ
479 5496 543 5553 8'.
573 5529 642 5542 -
685 5499 774 5563 Ὠς
797 5501 827 5553 6
857 5499 1217 5570 δρασσόμενος
1255 5504 1410 5565 σκιᾶς
1438 5502 1527 5557 καὶ
1554 5501 1765 5556 διώκων

1939 5501 2105 5573 679
2138 5500 2315 5555 Eccle.
2356 5516 2435 5567 ιιι,
2452 5500 2507 5555 2.
2527 5528 2592 5540 ——
2612 5499 2781 5566 Quasi
2804 5500 2899 5571 qui
2925 5503 3287 5572 apprehendit
3312 5522 3435 5559 um-

196 5590 454 5661 ἀνέμους,
488 5588 658 5654 οὕτως
696 5592 725 5643 6
758 5590 1040 5661 προσέχων
1082 5593 1375 5658 ἐνυπνίοις.

1875 5595 2026 5649 bram
2045 5604 2100 5649 et
2114 5592 2464 5664 persequitur
2477 5592 2809 5658 ventum,sic
2828 5593 2924 5663 qui
2937 5595 3168 5650 attendit
3182 5599 3433 5655 somniis.

266 5771 312 5799 δ’
341 5769 402 5823 In
429 5768 593 5824 Gesn.
623 5770 773 5825 Stob.
809 5772 909 5826 9ομ
939 5825 943 5831 ,
