4200 6440
766 394 869 463 999
1926 400 1987 459 S.
2028 395 2315 456 MAXIMI
2354 391 2855 452 CONFESSORIS
3839 418 3842 420 η
3887 385 4025 449 1000

838 506 1046 560 Basilii.
1082 539 1123 548 —
1180 508 1507 576 Plerumque
1537 508 1686 561 enim
1736 518 2003 561 nocturna
2046 510 2099 561 in
2131 506 2338 561 somnis

2516 502 2859 555 Βασιλείου.
2890 526 2960 538 -
2999 497 3086 560 Ὠς
3120 497 3227 566 γὰρ
3258 495 3350 548 ἐπὶ
3380 495 3537 559 πολὺ,
3591 494 3659 547 τὰ
3692 494 3816 547 καθ’
3852 496 4023 548 ὕπνον

769 602 908 663 visa,
973 598 1188 652 residua
1248 599 1494 658 quaedam
1557 609 1686 655 sunt
1747 600 2073 654 diurnarum
2128 600 2338 669 cogita-

2467 592 2823 661 ›αντὰσματα,
2862 588 2968 641 τῶν
2994 584 3411 658 ἷμεθημερινῶν
3459 584 3681 637 ἐννοιῶν
3733 586 3876 637 εἰσιν
3918 586 4027 638 ἁπ-

772 692 1002 742 tionum.

2467 683 2547 753 ική
2557 699 2721 751 μαται

840 782 1032 832 Solent
1056 778 1202 831 enim
1239 778 1376 843 fere,
1404 796 1527 849 quae
1562 782 1616 835 in
1661 780 1872 835 somnis
1897 781 2159 837 accidunt
2198 781 2338 843 visa,

2514 773 2799 842 Πεφύκασι
2822 772 2928 841 γάρ
2956 788 3071 834 πως
3109 771 3165 823 αἱ
3202 769 3327 823 καθ’
3384 766 3554 821 ὕπνον
3592 766 3908 836 φαντασίαι,
3948 765 4030 827 ὡς

769 871 1092 923 diurnarum
1126 885 1383 924 curarum
1417 872 1663 940 quzrdam
1693 872 1988 927 simulacra
2022 887 2164 926 esse.
2194 870 2341 936 Qua-

2467 868 2513 921 τὰ
2537 865 2730 928 πολλὰ,
2761 865 3105 935 ἁπηχήματα
3137 861 3279 915 εἶναι
3307 861 3418 914 τῶν
3456 859 3841 931 μεθημερινῶν
3867 873 4033 928 φρον-

769 961 839 1015 lia
870 962 1017 1013 enim
1044 970 1173 1014 sunt
1204 972 1394 1016 nostra
1441 963 1494 1015 in
1552 963 1664 1016 vita
1697 964 1904 1028 studia,
1932 963 2061 1018 talia
2114 976 2345 1016 necesse

2467 958 2625 1010 τίδων.
2683 957 2875 1009 Ὀποῖα
2924 954 3042 1024 γὰρ·
3079 953 3148 1007 ἂν
3272 952 3341 1007 τὰ
3391 952 3533 1006 κατὰ
3558 952 3651 1005 τὸν
3704 950 3819 1021 βίον
3868 949 4032 1020 ἡμῶν

768 1061 853 1104 est
872 1067 993 1105 esse
1019 1061 1077 1105 et
1114 1052 1410 1105 insomnia.

2467 1047 2877 1118 ιπιτηδεύματα,
2894 1045 3124 1099 τοιαῦτα
3147 1045 3363 1115 ἀνάγκη
3390 1038 3647 1097 εἶναικαὶ
3675 1042 3746 1095 τὰ
3769 1041 4029 1095 ἐνύπνια.

840 1139 1152 1209 Assumptis
1176 1148 1369 1194 noctes
1393 1139 1610 1194 diurnis
1636 1140 1806 1204 curis,
1841 1156 1937 1209 per
1964 1153 2155 1193 earum
2190 1151 2349 1207 spec-

2517 1143 2583 1193 Ai
2618 1140 2811 1202 νύκτες
2854 1140 2953 1197 τὰς
3010 1136 3386 1209 μεθημερινὰς
3440 1135 3730 1207 φροντίδας
3776 1133 4035 1204 παραλα-

773 1230 869 1284 aui
899 1246 963 1284 ac
996 1231 1109 1285 visa
1129 1231 1299 1284 menti
1337 1230 1595 1284 illudunt.

2467 1232 2661 1298 ἰοῦσαι,
2714 1232 2773 1284 ἐν
2799 1232 2920 1294 ταῖς
2964 1229 3145 1282 αὐτῶν
3193 1227 3519 1299 φαντασίαις
3574 1227 3893 1291 έξαπατωσι
3938 1223 4034 1277 τὸν

2450 1340 2596 1376 νουν.

841 1404 998 1471 Quod
1038 1405 1163 1474 quis
1204 1405 1259 1459 in
1314 1406 1544 1471 somnis,
1590 1421 1827 1476 quorum
1871 1404 2152 1459 desiderio
2198 1413 2351 1459 tene-

772 1510 885 1561 tur,
910 1498 1113 1561 videat,
1150 1500 1357 1552 amoris
1406 1499 1668 1553 solatium
1692 1497 1928 1551 exsistit.

844 1590 1062 1643 Ebriosi
1096 1589 1350 1643 homines
1374 1606 1438 1643 ae
1470 1588 1669 1658 gulosi,
1693 1603 1874 1657 neque
1911 1586 2208 1656 genuinum
2237 1586 2351 1639 sin-

2524 1417 2596 1469 Τὸ
2627 1418 2745 1469 κατ’
2774 1417 2905 1487 ὄναρ
2938 1417 3065 1469 ἰδεῖν
3091 1415 3160 1468 τὰ
3182 1413 3513 1483 ποθούμενα,
3542 1411 3699 1482 φέρει
3735 1414 3848 1474 τοῖς
3889 1410 4037 1477 ἀγα-

2458 1508 2605 1561 πῶσι
2625 1508 3000 1578 παραμυθίαν.

2524 1599 2588 1649 Οἱ
2622 1597 2764 1670 μέθῃ
2809 1599 2903 1651 καὶ
2931 1598 3206 1669 ἀδηφαγίᾳ
3247 1594 3654 1663 δεδουλωμένοι,
3694 1594 3818 1647 οὔτε
3868 1591 4037 1645 ὕπνον

772 1695 1073 1749 carumque
1115 1696 1367 1735 somnum
1414 1681 1659 1751 capiunt,
1703 1696 1807 1734 nec
1838 1680 1906 1733 ab
1959 1678 2353 1731 insomniorum

2467 1686 2733 1755 ιὶροῦνται
2795 1688 3016 1758 γνήσιον
3082 1688 3179 1740 καὶ
3219 1686 3514 1756 εἰλικρινῆ,
3578 1684 3701 1738 οὔτε
3739 1683 4039 1753 ὀνειράτων

774 1770 1082 1825 terroribus
1116 1771 1388 1824 immunes
1425 1771 1720 1824 exsistunt.

1434 1885 1698 1956 Theologi.

843 1976 922 2029 Nc
950 1979 1273 2031 somniorum
1307 1978 1521 2032 ludicris
1557 1981 1850 2042 adhwreas,

845 2046 950 2100 Nec
984 2047 1138 2115 facile
1162 2053 1508 2103 consterncris
1535 2051 1713 2102 animo
1737 2051 1805 2101 ad
1828 2049 2039 2111 omnia;

846 2116 951 2188 lyct-
979 2120 1088 2169 visa
1119 2127 1169 2169 te
1200 2119 1389 2172 tollant
1411 2136 1527 2188 qua:
1556 2120 1681 2172 liene
1710 2120 1947 2172 ominata
1976 2126 2117 2170 sunt.

850 2184 1001 2257 Quod
1028 2188 1137 2240 htt'c
1172 2189 1303 2242 mali
1329 2184 1535 2243 insidia:
1568 2191 1675 2257 fere
1710 2191 1815 2242 sint
1845 2189 2116 2241 dwmonis.

848 2256 1010 2310 Stulti
1031 2258 1304 2311 insomniis
1326 2260 1539 2312 ditiores
1566 2267 1709 2321 sunt,

850 2325 1026 2391 Quam
1053 2329 1143 2396 qui
1170 2330 1416 2399 abyssum
1444 2330 1707 2399 possident
1741 2329 2069 2383 divitiarum.

852 2438 1118 2512 Chrysost.
1151 2470 1221 2481 —
1261 2440 1504 2496 Somniis
1542 2440 1795 2507 credens,
1834 2441 1902 2496 ad
1951 2442 2138 2499 omnia
2198 2443 2355 2513 inep-

782 2539 873 2587 tus
901 2539 1007 2585 est.

849 2622 1012 2676 Joan.
1062 2623 1221 2679 Clim.
1275 2654 1345 2665 —
1388 2624 1540 2680 Solet
1589 2628 1735 2685 Deus
1794 2629 2114 2686 hominibus
2179 2631 2361 2687 futura

782 2725 948 2769 noctu
980 2732 1279 2785 exponere,
1305 2734 1417 2772 non
1440 2726 1502 2772 ut
1535 2736 1658 2789 quin
1692 2732 1959 2776 eventura
2000 2730 2151 2786 sunt,
2186 2724 2363 2777 vitent

784 2805 918 2876 (non
952 2806 1101 2860 enim
1152 2807 1322 2861 fatum
1356 2824 1616 2878 superare
1651 2811 1924 2880 possunt),
1967 2810 2064 2866 sed
2097 2821 2160 2866 ut
2189 2812 2365 2867 levius

783 2895 965 2950 ferant
997 2914 1062 2952 ea
1091 2914 1214 2967 quae
1247 2902 1462 2969 passuri
1493 2910 1641 2956 sunt.

859 2992 988 3045 Nili.
1022 3022 1091 3031 ——
1115 2992 1218 3058 Qui
1259 2993 1523 3047 observat
1557 2995 1850 3061 insomnia,
1890 2996 2085 3052 similis
2126 3004 2210 3052 est
2242 3013 2367 3051 um-»

784 3083 939 3138 bram
978 3100 1132 3136 suam
1181 3085 1532 3153 persequenti
1545 3126 1558 3137 .

856 3174 1087 3239 Quando
1116 3175 1169 3227 in
1205 3176 1414 3229 somnis
1462 3176 1807 3233 daemonibus
1858 3180 2090 3237 obedire
2125 3183 2364 3252 emperi-

787 3279 931 3331 mus,
958 3275 1088 3320 tunc
1115 3267 1378 3336 deinceps
1404 3276 1458 3320 et
1498 3269 1856 3337 vigilantibus
1893 3272 2151 3327 illudunt.

856 3357 1139 3412 Aischinis.
1174 3388 1246 3396 —
1274 3359 1403 3412 Plus
1431 3374 1593 3427 quam
1638 3361 1793 3415 decet
1835 3361 2099 3429 dormire,
2136 3364 2369 3419 mortuis

788 3450 962 3521 magis
990 3449 1271 3514 convenit,
1300 3465 1463 3519 quam
1500 3450 1660 3505 vivis.

1348 3628 1581 3685 SERMO
1622 3631 1806 3686 LXVI.

787 3717 870 3776 De
891 3721 1196 3774 innocentia
1226 3728 1275 3773 et
1303 3722 1661 3791 simplicitate,
1705 3725 1869 3795 deque
1900 3726 2227 3797 injuriarum
2258 3749 2366 3786 me-

1284 3816 1454 3866 moria
1496 3825 1543 3868 et
1586 3817 1877 3871 simultate.

862 3904 1054 3959 Matth.
1092 3921 1242 3967 xvut,
1268 3906 1326 3958 5.
1359 3936 1428 3944 -
1466 3906 1662 3969 Amen,
1708 3924 1867 3963 amen
1903 3909 2028 3966 dico
2055 3912 2230 3977 vobis,
2264 3915 2369 3969 nisi

791 3996 1047 4051 conversi
1082 3996 1321 4057 lueritis,
1346 4006 1401 4049 et
1450 3996 1766 4051 eilieiamini
1797 4000 1941 4055 sicut
1975 4004 2212 4071 parvuli,
2259 4022 2371 4060 non

794 4086 1079 4140 intrabitis
1110 4087 1161 4139 in
1197 4103 1421 4156 regnum
1447 4088 1736 4141 cmlorum.

862 4179 1053 4232 Matth.
1086 4180 1255 4243 v,2.'5.
1303 4210 1372 4217 —
1405 4179 1461 4233 Si
1514 4180 1782 4235 obtuleris
1842 4199 2044 4238 munus
2089 4193 2243 4241 tuum
2305 4187 2371 4240 ad

792 4271 988 4333 altare,
1026 4278 1083 4323 et
1128 4270 1203 4323 ibi
1251 4270 1576 4325 recordatus
1626 4271 1795 4326 fueris
1843 4275 1974 4343 quia
2023 4275 2192 4330 frater
2246 4287 2375 4333 tuus

796 4359 963 4415 habet
1001 4360 1210 4429 aliquid
1234 4360 1526 4416 adversum
1558 4371 1644 4428 te;
1677 4364 1927 4433 relinque
1960 4382 2160 4421 munus
2195 4378 2371 4437 tuum,

2457 1780 2886 1835 ἀπαλλάττονται
2913 1780 3179 1851 φοϐερῶν.

3076 1894 3394 1961 Θεολόγου.

2562 1985 2656 2053 Μὴ
2690 1986 2902 2054 σφόδρ’
2929 1985 3178 2040 ἕπεσθαι
3204 1983 3502 2055 παιγνίοις
3536 1983 3841 2038 ἐνυπνίων

2561 2054 2708 2122 Μηδ’
2737 2057 3073 2124 εὐπτόητον
3095 2060 3183 2122 εἰς
3202 2054 3414 2110 ἅπαντ’
3430 2055 3593 2124 ἔχειν
3620 2055 3831 2122 φρένα,

2569 2126 2736 2203 Μηδὲ
2769 2127 2987 2203 πτεροῦ
3006 2144 3107 2203 μοι
3136 2124 3354 2203 δεξιοῖς
3382 2123 3771 2203 paenituisset
3795 2139 3851 2203 ο-

2564 2199 2758 2264 Λόχος
2782 2196 2907 2249 τάδ’
2930 2194 3062 2249 ἐστὶ
3096 2197 3391 2261 πολλάκις
3416 2195 3521 2249 τοῦ
3543 2194 3911 2261 δυσμενοῦς.

2562 2266 2908 2319 Πλουτοῦσι
2930 2267 3110 2334 μωροὶ
3138 2266 3261 2331 τοῖς
3286 2266 3553 2332 dre/pact
3586 2264 3800 2327 πλέον,

2572 2337 2646 2389 Ἥ
2675 2335 2997 2405 χρημάτων
3026 2336 3304 2390 ἄϐυσσον
3332 2338 3386 2389 οἱ
3412 2334 3783 2403 κεκτημένοι.

2530 2449 2837 2516 Χρυσοστ.
2876 2480 2945 2488 -
2978 2446 3038 2503 Ὀ
3064 2450 3179 2513 τοῖς
3205 2448 3433 2520 ὀνείροις
3455 2449 3763 2521 προσέχων,
3791 2450 3874 2511 εἰς
3899 2448 4042 2504 ἇπαν

2462 2542 2742 2610 ἀδόκιμος.

2545 2634 2692 2687 Ἰων.
2722 2633 2899 2702 Κλίμ.
2918 2661 2989 2671 -
3006 2632 3157 2685 Φιλεῖ
3176 2631 3283 2704 γὰρ
3304 2633 3365 2686 τὸ
3384 2632 3667 2703 δαιμόνιον
3692 2632 3762 2702 (ε)
3785 2631 4045 2691 πολλάκις

2433 2714 2438 2720 ’
2464 2722 2775 2793 ἀνθρώποις
2797 2724 2859 2777 τὸ
2901 2723 3095 2794 μέλλον
3117 2722 3335 2796 νύκτωρ
3378 2724 3583 2787 λαλεῖν,
3622 2724 3723 2794 ούχ
3752 2724 3841 2775 ἵνα
3877 2723 4047 2791 φυλά-

2467 2813 2663 2879 ξωνται
2690 2815 2766 2886 μὴ
2794 2815 2990 2870 παθεῖν
3024 2814 3231 2887 (οὐγὰρ
3260 2816 3601 2887 εἱμαρμένης
3630 2815 3882 2869 δύνανται
3912 2830 4046 2887 κρα-

2465 2905 2620 2972 τεῖν),
2638 2905 2752 2958 ἀλλ’
2778 2906 2863 2959 ἴνα
2893 2907 3223 2975 κουφότερον
3245 2908 3545 2977 πάσχοντες
3572 2908 3832 2977 φέρωσιν.

2536 2998 2777 3051 Νείλου.
2813 3028 2882 3038 —-
2920 2999 2978 3050 ὐ
3013 3000 3127 3062 τοῖς
3156 2999 3385 3071 ὀνείροις
3414 3000 3699 3070 προσέχων
3726 3038 3743 3064 ,
3789 2998 3939 3053 ἔοικε
3976 2999 4049 3069 τῷ

2471 3088 2569 3160 τὴν
2603 3089 2759 3143 σκιὰν
2788 3089 2953 3144 αὐτοῦ
2982 3090 3396 3145 καταδιώκοντι.

2554 3182 2784 3235 Ὀπόταν
2822 3185 3006 3246 ἐντοῖς
3042 3182 3229 3245 ὖπνοις
3258 3184 3371 3246 τοῖς
3396 3182 3615 3251 δαίμοσι
3647 3180 3935 3235 πείθεσθαι
3959 3182 4054 3251 ἀρε

2475 3271 2713 3343 ξώμεθα,
2740 3274 2861 3327 τότε
2886 3274 3070 3327 λοιπὸν
3098 3275 3191 3327 καὶ
3218 3274 3593 3345 ἐγρηγορότας
3621 3274 4006 3343 ἐμπαίζουσιν.

2542 3366 2780 3433 Αἰσχίν.
2811 3393 2882 3404 -ι
2923 3366 2996 3417 Τὸ
3037 3365 3183 3436 πέρα
3236 3365 3524 3419 καθεύδειν
3582 3363 3676 3417 τοῦ
3728 3364 4051 3433 πρέποντος,

2472 3456 2587 3518 τοῖς
2609 3456 2898 3525 τεθνηκόσι
2924 3454 3125 3527 μᾶλλον
3156 3457 3303 3527 ἥπερ
3327 3459 3440 3520 τοῖς
3471 3456 3638 3521 ζῶσιν
3666 3457 3954 3528 ἁρμόδιον.

3035 3636 3254 3690 ΛΟΓΟΣ
3287 3634 3400 3703 sq"
3424 3637 3489 3694 ιδ.

2751 3727 2891 3796 Περὶ
2912 3728 3168 3793 dicax/ac
3198 3729 3295 3782 καὶ
3337 3729 3771 3797 μνησικακίας.

2539 3907 3115 3979 111ατθ.ιη¹.-Ἀμὴν,
3142 3907 3287 3979 ἀμὴν
3309 3908 3453 3975 λέγω
3474 3909 3620 3979 ὑμῖν,
3647 3908 3742 3962 ἐὰν
3779 3908 3859 3979 μὴ
3892 3926 4055 3980 στρα-

2478 4000 2613 4069 φῆτε
2669 4002 2763 4052 καὶ
2807 4001 3038 4070 γένησθε
3085 4000 3162 4064 ὡς
3194 4001 3262 4054 τὰ
3292 4001 3500 4066 παιδία,
3543 4001 3603 4053 ού
3652 4001 3728 4071 μὴ
3776 4001 4053 4072 εἰσέλθητε

2479 4092 2558 4153 εἰς
2593 4092 2692 4160 τὴν
2729 4092 3006 4161 βασιλείαν
3042 4091 3151 4147 τῶν
3187 4092 3453 4162 οὐρανῶν.

2550 4185 2734 4236 Matt).
2761 4183 2825 4236 ε’.
2891 4183 3015 4236 Ἐὰν
3039 4184 3418 4255 προσενέγκῃς
3464 4182 3525 4235 τὸ
3564 4183 3739 4253 δῶρόν
3766 4200 3864 4236 σου
3895 4185 3978 4246 εἰς
4001 4185 4057 4236 τὸ

2478 4276 2884 4345 θυσιαστήριον,
2936 4277 3096 4329 κάκεῖ
3128 4275 3375 4347 μνησθῇς
3412 4276 3494 4329 ὅτι
3541 4275 3655 4345 ἔχει
3690 4292 3743 4327 τι
3773 4275 3801 4327 ὁ
3831 4274 4056 4343 ἀδελφός

2479 4385 2569 4420 σου
2596 4367 2737 4419 κατὰ
2776 4366 2893 4430 σοῦ,
2922 4367 3055 4435 ἄφες
3082 4369 3143 4420 τὸ
3169 4367 3340 4438 δῶρόν
3372 4385 3490 4433 σου,
3519 4369 3616 4421 καὶ
3646 4368 3826 4436 ὕπαγε
3848 4368 4057 4437 πρῶτον

794 4460 853 4506 et
890 4451 1051 4515 vade,
1086 4452 1240 4520 prius
1266 4453 1623 4509 reconciliare
1650 4454 1803 4508 fratri
1844 4463 1959 4521 tuo,
2002 4466 2057 4511 et
2091 4466 2221 4514 tunc.
2241 4462 2373 4515 oile-

2480 4457 2803 4527 διαλλάγηθι
2838 4456 2917 4525 τῷ
2942 4456 3161 4527 ἁδελφῷ
3188 4458 3306 4523 σόυ,
3340 4459 3435 4513 καὶ
3469 4458 3594 4511 τότε
3630 4459 3955 4530 προσφέρῃς
4001 4459 4057 4511 τὸ

796 4560 887 4599 res
911 4560 1114 4597 1111111115
1149 4555 1326 4598 11111111.

865 4636 1033 4705 680
1074 4635 1117 4689 l.
1148 4636 1321 4689 Thess.
1353 4653 1406 4701 ν,
1441 4638 1526 4691 15.
1557 4639 1833 4692 —Videte
1882 4654 1950 4693 ne
2001 4643 2126 4709 quis
2174 4644 2375 4698 malum

797 4741 898 4796 pro
930 4728 1076 4781 man
1110 4727 1277 4781 alicui
1330 4728 1556 4795 reddat;
1604 4730 1699 4784 sed
1740 4746 1960 4800 semper
1992 4733 2139 4802 quod
2173 4734 2379 4799 bonum

798 4827 885 4872 eSt
920 4818 1231 4871 sectamini.

872 4905 1066 4974 Ephes.
1102 4924 1176 4973 ιν,
1208 4908 1300 4963 26.
1335 4939 1406 4949 -
1434 4909 1526 4965 Sol
1555 4925 1665 4965 non
1699 4909 1917 4965 occidat
1967 4926 2135 4981 super
2166 4912 2387 4969 iracun-

801 4995 891 5051 dia
923 5006 1123 5051 vestra.

877 5086 1059 5143 Galat.
1090 5106 1142 5153 γ,
1178 5089 1261 5143 15.
1301 5120 1370 5129 -
1402 5090 1560 5155 Quod
1600 5091 1646 5145 si
1683 5090 1777 5145 alii
1822 5093 1962 5147 alios
2007 5094 2277 5151 mordetis
2328 5106 2387 5152 et

804 5178 1117 5244 comeditis,
1152 5179 1335 5234 videte
1366 5196 1436 5234 ne
1465 5181 1557 5235 alii
1592 5181 1661 5236 ab
1691 5181 1816 5236 aliis
1853 5184 2272 5240 consumamini.

872 5334 920 5366 “
949 5334 1008 5388 In
1036 5333 1201 5389 Gesn.
1236 5334 1390 5391 Stob.
1425 5336 1477 5391 9.

2477 4549 2650 4620 δῶρόν
2684 4566 2799 4602 σου.

2550 4640 2611 4693 Α⁹
2642 4640 2825 4694 Θεσσ.
2855 4646 2921 4693 ε’.
2947 4670 3016 4679 —-
3060 4638 3255 4712 Ὁρᾶτε
3288 4641 3364 4711 μή
3411 4656 3497 4704 τις
3532 4641 3702 4694 κακὸν
3734 4642 3858 4696 ἀντὶ
3889 4642 4057 4698 κακοῦ

2481 4730 2666 4801 ἀποδῷ
2696 4748 2827 4795 τινι,
2851 4730 2987 4786 ἀλλὰ
3014 4732 3247 4785 πάντοτε
3273 4731 3334 4784 τὸ
3359 4730 3571 4786 δίκαιον
3603 4732 3848 4787 διώκετε.

2571 4914 2696 4982 '35:.
2717 4913 2791 4967 δ’.
2820 4944 2891 4955 --
2936 4913 2994 4967 '0
3015 4913 3170 4985 ἣλιος
3216 4914 3291 4987 μὴ
3315 4914 3584 4969 ἐπιδυέτω
3620 4914 3708 4967 ἐπ1
3742 4912 3823 4985 τῷ
3857 4931 4059 4987 παρορ-

2487 5004 2671 5074 γισμῶ
2694 5004 2870 5074 ὑμῶν.

2556 5097 2707 5150 Tal.
2730 5102 2796 5149 ε’.
2830 5126 2897 5138 -
2931 5097 2995 5150 Ei
3031 5096 3300 5169 ἀλλήλους
3326 5096 3554 5151 δάκνετε
3598 5112 3696 5149 και
3728 5096 4057 5161 κατεσθίετε,

2489 5187 2715 5259 βλέπετε
2745 5190 2821 5259 μὴ
2853 5189 2945 5243 ὑπ’
2976 5188 3224 5261 ἀλλήλων
3254 5188 3594 5261 ἀναλωθῆτε.

2323 5431 2552 5487 ΝΟΤᾸΞ.

875 5517 947 5587 (ε)
965 5517 1134 5572 Φιλεῖ
1153 5518 1263 5588 γὰρ
1278 5520 1343 5573 τὸ
1362 5519 1691 5589 δαιμόνιον.
1715 5524 1853 5579 Tum
1867 5525 2098 5589 scilicet,
2118 5540 2243 5580 cum
2264 5534 2384 5579 rato

806 5590 953 5645 Deus
983 5589 1226 5643 decrevit
1259 5592 1524 5657 consilio;
1555 5603 1615 5647 ut
1660 5608 1784 5648 eum
1823 5596 2013 5649 Davidi
2048 5598 2383 5649 moriturum

808 5675 1041 5729 puerum
1068 5662 1336 5735 praedixit,
1360 5678 1433 5735 ex
1469 5663 1742 5719 adulterio
1774 5676 2089 5735 susceptum
2121 5685 2131 5718 :
2165 5682 2229 5720 ac
2272 5665 2384 5733 ple-

809 5746 1042 5799 rumque
1076 5731 1154 5784 sic
1175 5732 1290 5786 visa
1324 5733 1573 5788 videmus
1597 5736 1867 5794 accidere.
1898 5731 1958 5789 ui.
1990 5738 2043 5790 in
2076 5731 2381 5799 Pbaradne,

812 5800 1373 5865 Nabuchodonosore,
1397 5814 1503 5859 etc.
1535 5806 1737 5874 quibus
1770 5815 1949 5860 tamen
1988 5807 2262 5861 leniendis
2283 5806 2382 5859 ali-

2493 5526 2636 5602 quid
2693 5528 2819 5602 inde
2879 5531 3045 5585 liceat
3099 5533 3373 5589 conferre.
3419 5535 3577 5602 Quod
3613 5554 3706 5592 um
3758 5540 3833 5593 ita
3881 5538 4057 5597 habet.

2492 5595 2637 5649 haud
2680 5598 2908 5653 dubiuin
2936 5618 2966 5654 a
2991 5603 3101 5657 Deo
3137 5605 3405 5660 insomnia
3430 5595 3586 5663 Esset
3617 5625 3683 5664 ac
3706 5610 3953 5665 beneﬁca
3979 5595 4060 5663 na¥

2495 5674 2644 5746 tura;
2676 5685 2849 5746 quam
2892 5672 3065 5746 ipsam
3118 5674 3452 5746 dazmonium
3502 5693 3723 5746 vocare,
3771 5696 3885 5734 non
3939 5682 4059 5735 satis

2491 5738 2930 5796 ecclesiasticum
2958 5744 3133 5800 videri
3164 5754 3365 5814 potest.
