4200 6440
180 379 306 446 1001

1465 377 1630 436 LOCI
1669 375 2102 436 COMMUNES.

3268 379 3402 446 1002

243 495 488 560 Παροιμ.
521 491 629 546 κδ’.
656 521 726 533 -
765 490 891 544 Ἐὰν
920 490 1062 562 πέσῃ
1089 491 1118 544 ὁ
1143 489 1335 562 ἐχθρός
1360 507 1473 554 σου,
1511 491 1586 561 μὴ
1620 493 1740 542 ἐπι-

1914 490 2070 545 Prov.
2100 507 2243 554 xxiv,
2277 491 2362 544 l7.
2389 521 2459 530 —
2492 490 2548 545 Si
2579 491 2844 546 ceciderit
2869 490 3126 548 inimicus
3165 504 3313 557 tuus,
3334 510 3404 549 ne

177 585 344 654 χαρῇς
397 581 577 652 αὐτῷ’
627 583 683 635 ὲν
719 581 776 634 δὲ
816 579 896 650 τῷ
942 581 1373 650 ὑποσκελίσματι
1426 579 1612 643 αὑτοῦ,
1665 581 1740 650 μὴ

175 673 424 742 ίπαίρου,
475 673 557 726 ὅτι
587 671 782 741 ὄψεται
812 670 1040 742 Κύριος,
1071 669 1169 722 καὶ
1202 671 1302 722 οὐκ
1331 669 1520 739 ἀρέσει
1559 668 1737 738 αὐτῷ,

175 763 268 816 καὶ
292 762 632 832 ἀποστρέψει
666 762 760 814 τὸν
791 760 962 831 θυμὸν
993 759 1159 813 αὑτοῦ
1187 759 1282 812 ἀπ’
1310 759 1500 814 αὑτοῦ.

241 855 490 922 Παροιμ.
527 852 624 915 ιβ’.
655 880 726 889 —
769 849 913 904 '06ot
943 849 1298 921 μνησικάκων
1326 851 1408 912 είς
1436 849 1686 904 θάνατον.

245 1035 492 1099 (lupam.
519 1036 628 1083 κη’.
661 1029 805 1080 -Ὀ
841 1029 1221 1098 μνησικακῶν,
1251 1028 1591 1098 παράνομος.

240 1203 492 1268 Παροιμ.
520 1197 612 1251 ιδ’.
640 1229 712 1238 -
740 1200 804 1252 '0
841 1199 1049 1260 ἄκακος
1087 1201 1327 1253 πιστεύει
1347 1202 1510 1255 παντὶ
1535 1201 1696 1271 λόγῳ.

240 1293 491 1357 Παροιμ.
518 1293 591 1343 a'.
631 1317 702 1328 —
729 1288 897 1341 Ὅσον
916 1289 1109 1360 χρόνον
1160 1290 1375 1361 ἔχονται
1404 1292 1601 1346 ἀκακοι
1645 1292 1745 1360 τῆς

170 1379 544 1449 δικαιοσύνης,
583 1378 682 1430 οὐκ
712 1377 1187 1447 αἰσχυνθήσονται.

239 1469 427 1537 Σιρὰχ
462 1475 576 1535 κη’.
605 1495 677 1509 --
712 1467 884 1535 Ἀφες
937 1467 1184 1538 ἀδίκημα
1237 1468 1316 1540 τῷ
1363 1470 1596 1540 πλησίον
1628 1487 1745 1530 σου,

172 1563 265 1613 καὶ
317 1561 442 1613 τότε
491 1557 773 1628 δεηθέντος
811 1573 927 1622 σου,
981 1559 1039 1610 αί
1100 1559 1369 1630 ἁμαρτίαι
1439 1575 1534 1612 σου
1584 1558 1749 1628 λυθή-

173 1667 386 1705 σονται.

244 1745 466 1796 Βασιλ.
493 1772 563 1784 ——
589 1741 665 1795 Οὐ
698 1741 779 1794 δεῖ
814 1742 909 1793 ἐπὶ
942 1740 1311 1813 παροργισμῷ
1334 1740 1562 1809 ἀδελφοῦ
1593 1741 1748 1794 δῦναι

169 1833 262 1886 τὸν
296 1834 474 1902 ἥλιον,
518 1836 743 1904 μήποτε.
767 1833 801 1902 ή
824 1831 921 1898 νὺξ
946 1835 1263 1904 μεταστήσῃ
1286 1833 1489 1903 μεταξὺ
1518 1834 1749 1904 άμφοτέ·

174 1941 310 1993 ρων,
331 1925 426 1976 καὶ
446 1923 724 1993 καταλίπῃ
754 1922 811 1974 ὲν
834 1923 1016 1994 ἡμέρᾳ
1039 1922 1273 1994 κρίσεως
1290 1922 1544 1994 ἔγκλημα
1563 1925 1745 1994 ἀπαρ-

169 2017 416 2085 αίτητον.

241 2109 488 2162 Ἥκιστα
516 2110 716 2163 κακίαν
742 2109 843 2179 οὐχ
869 2108 1136 2179 ὑφορᾶται
1157 2108 1243 2179 (f),
1283 2110 1345 2162 τὸ
1377 2109 1574 2173 κακίας
1601 2109 1745 2161 ἐλεύ-

172 2199 360 2269 θερον.

243 2291 565 2361 Θεολόγου.
598 2319 668 2331 -—
705 2290 765 2344 Ὀ
785 2291 887 2361 μὲν
909 2289 1022 2361 γὰρ
1045 2288 1216 2351 κακὸς
1231 2289 1464 2360 τάχιστα
1491 2290 1556 2342 ἂν
1585 2306 1752 2342 κατα-

179 2381 340 2450 γνοίη
371 2381 468 2436 καὶ
498 2380 594 2435 τοῦ
621 2380 828 2450 ἀγαθοῦ
854 2397 868 2412 ·
903 2382 934 2434 δ
957 2379 1162 2450 ἀγαθὸς
1183 2381 1262 2444 δὲ,
1291 2381 1412 2433 οὐδὲ
1452 2380 1545 2432 τοῦ
1576 2379 1750 2433 κακοῦ

178 2472 412 2544 ῥᾳδίως.
463 2472 537 2525 Τδ
572 2472 681 2544 γὰρ
728 2474 809 2536 είς
838 2474 1038 2526 κακίαν
1084 2472 1182 2542 οὐχ
1209 2471 1453 2540 ἕτοιμον,
1505 2470 1613 2524 οὐδ’
1671 2472 1749 2533 είς

181 2565 446 2619 ὑπόνοιαν
471 2564 714 2636 εὐχερές.

242 2655 435 2718 Οὐδεὶς
451 2655 605 2726 κακῷ
632 2667 803 2710 κακον
831 2657 997 2719 ἰᾶται,
1016 2656 1130 2709 ἀλλ’
1144 2653 1335 2724 ἀγαθῷ
1366 2654 1427 2706 τὸ
1456 2655 1646 2707 κακόν.

239 2749 551 2814 Χρυσοστ.
585 2777 656 2788 -—
691 2749 860 2801 Ὅταν
898 2749 1241 2819 ἐννοήσωμεν
1296 2745 1440 2819 ἅπερ
1480 2745 1754 2816 ἐπάθομεν

171 2836 331 2907 παρὰ
352 2836 464 2889 τῶν
495 2836 818 2917 συνδούλων,
840 2835 1190 2907 λογισώμεθα
1220 2837 1312 2889 καὶ
1338 2835 1482 2907 άπερ
1501 2837 1756 2908 ἐποιήσα-

176 2945 279 2998 μεν
333 2928 415 2989 εἷς
452 2927 546 2980 τὸν
583 2928 882 2997 Δεσπότην,
918 2928 1015 2980 καὶ
1064 2927 1144 2997 τῷ
1193 2926 1342 2997 φόϐῳ
1391 2927 1498 2979 τῶν
1535 2928 1755 2980 οἰκείων

176 3021 626 3093 ἁμαρτημάτων,
665 3026 758 3073 τὸν
797 3021 970 3091 θυμὸν
1011 3021 1104 3074 τὸν
1155 3022 1248 3073 ἐπὶ
1299 3023 1412 3084 τοῖς
1457 3021 1756 3092 ἀλλοτρίοις

173 3115 621 3186 πλημμελήμασι
646 3114 858 3182 ταχέως
893 3112 1220 3166 ἀπώσασθαι
1255 3113 1612 3182 δυνηούμεθα.

244 3208 311 3260 Et
339 3205 450 3276 γὰρ
481 3206 561 3260 δεῖ
590 3205 899 3277 μεμνῆσθαι
921 3204 1362 3276 ἁμαρτημάτων,
1396 3206 1508 3258 τῶν
1539 3207 1755 3259 οἰκείων

173 3295 259 3349 δεῖ
303 3293 621 3367 μεμνῆσθαι
657 3293 946 3364 μόνον.“Αν
980 3294 1088 3345 τῶν
1121 3293 1336 3346 οἰκείων
1370 3295 1759 3362 μνημονεύσω-

177 3403 282 3458 μεν
314 3424 334 3450 ,
374 3385 632 3438 οὐδέποτε
667 3383 737 3438 τά
770 3383 1032 3454 ἀλλότρια
1083 3382 1431 3454 λογιούμεθα.

257 3565 360 3618 “Av
406 3562 582 3634 ἀφῆτε
619 3563 732 3625 τοῖς
764 3559 978 3632 ἐχθροῖς
1019 3560 1196 3632 ὑμῶν,
1251 3563 1584 3632 ἀφεθήσεται
1615 3565 1756 3633 ὑμῖν.

181 3656 359 3725 ’Δφες
391 3653 612 3707 δουλικὰ
641 3654 1035 3724 ἁμαρτήματα,
1082 3653 1168 3706 ἵνα
1198 3654 1372 3726 λάδῃς
1415 3654 1761 3725 συγχώρησιν

177 3742 518 3813 δεσποτικὴν
564 3742 1008 3813 ἁμαρτημάτων.
1051 3742 1115 3794 Εἰ
1144 3741 1201 3794 δὲ
1242 3742 1454 3812 μεγάλα
1483 3743 1759 3812 ἠδίκησεν,

177 3839 410 3906 ὅσῳπερ
433 3835 500 3889 ἂν
535 3835 758 3904 μείζονα
779 3835 947 3904 ἀφῇς,
971 3834 1210 3902 τοσούτῳ
1249 3831 1468 3902 μείζονα
1484 3832 1628 3905 λήψῃ
1665 3834 1762 3901 τὴν

183 3924 560 3995 συγχώρησιν.
578 3925 678 3978 Διά
695 3924 805 3994 γὰρ
821 3923 978 3977 τοῦτο
992 3921 1352 3992 ἐδιδάχθημεν
1371 3923 1571 3990 λέγειν,
1583 3924 1647 3974 Ἀ
1655 3938 1762 3990 φες

177 4015 333 4084 ἡμῖν
349 4013 543 4080 καθὼς
559 4013 809 4082 ἀφίεμεν
828 4029 844 4043 ·
878 4012 966 4066 ἵνα
984 4011 1263 4082 μάθωμεν,
1282 4012 1363 4064 ὃτι
1378 4012 1439 4064 τὸ
1462 4013 1654 4082 μέτρον
1668 4012 1764 4080 τῆς

179 4106 435 4175 ἀφέσεως
452 4105 582 4173 παρ’
600 4105 634 4173 ἡ
641 4103 756 4173 μῶν
771 4102 989 4174 πρῶτον
1004 4103 1071 4156 λα
1078 4103 1272 4172 μὸάνει
1287 4103 1384 4173 τὴν
1401 4103 1764 4174 ἀρχήν,Ὤστε

179 4202 366 4268 ὅσῳπε
375 4214 408 4268 ρ
435 4198 502 4252 ἂν
522 4199 550 4249 ὁ
576 4195 768 4266 ἐχθρὸς
797 4195 1121 4268 ἐργάζηται,
1141 4198 1234 4249 καὶ
1247 4196 1487 4267 τοσούτῳ
1505 4196 1764 4266 μειζόνως

182 4291 489 4360 εὐεργετεῖ.
521 4288 845 4358 Σπεύδωμεν
870 4288 1049 4340 τοίνυν
1081 4288 1174 4341 καὶ
1197 4288 1550 4357 ἐπειγώμεθα
1570 4289 1767 4342 καταλ-

181 4379 480 4434 λάττεσθαι
495 4379 633 4448 πρὸς
657 4378 781 4440 τοὺς
797 4376 1190 4446 λελυπηκότας,
1215 4377 1280 4430 ἀν
1297 4393 1356 4429 τε
1383 4376 1603 4440 δικαίως
1625 4377 1690 4429 ἄν
1705 4393 1762 4428 τε

1843 583 2082 651 gaudeas
2111 598 2278 651 super
2306 598 2466 636 eum:
2503 593 2559 637 et
2598 583 2652 636 in
2698 581 3143 652 supplantatione
3186 586 3307 654 ejus
3337 601 3404 639 ne

1841 673 2145 734 extollaris,
2176 673 2436 741 quoniam
2472 671 2682 726 videbit
2710 671 2976 726 Dominus
3003 680 3060 726 et
3093 687 3203 726 non
3231 675 3407 742 place-

1843 762 1923 816 bit
1943 763 2017 824 ei,
2049 772 2104 816 et
2125 771 2336 817 avertet
2371 763 2506 817 iram
2544 777 2698 816 suam
2729 761 2798 816 ab
2823 777 2911 816 eo.

1917 853 2072 906 Prov.
2113 871 2208 916 xu,
2235 855 2323 908 29.
2359 884 2428 894 —
2466 853 2578 909 Via:
2598 866 2812 918 eorum,
2847 852 2944 922 qui
2974 867 3249 906 memores
3281 863 3411 907 sunt

1843 942 2187 1012 injuriarum,
2225 943 2279 996 in
2319 953 2575 997 mortem.

1914 1035 2071 1088 Prov.
2107 1051 2217 1097 xxx,
2249 1033 2339 1088 24.
2386 1065 2454 1074 -—
2501 1034 2606 1100 Qui
2655 1034 2982 1104 injuriarum
3042 1045 3254 1086 memor
3304 1039 3411 1092 est,

1846 1125 2070 1194 iniquus
2095 1133 2198 1180 est.

1915 1219 2072 1272 Prov.
2104 1235 2213 1281 xlv,
2258 1217 2344 1270 l5.
2373 1248 2440 1257 —
2463 1217 2704 1286 Simplex
2732 1217 2909 1271 credit
2943 1219 3092 1270 omni
3116 1218 3306 1270 verbo.

1918 1309 2075 1362 Prov.
2113 1325 2150 1371 ι,
2177 1307 2269 1361 2:2.
2299 1335 2369 1345 —-
2401 1306 2618 1372 Quanto
2645 1315 2894 1376 tempore
2935 1307 3211 1374 simplices
3241 1304 3416 1360 iuba:-

1853 1409 1976 1456 rcnt
2006 1401 2257 1470 justitiie,
2299 1414 2411 1453 non
2459 1398 2885 1454 confundentur.

1909 1491 2074 1545 Eccli.
2103 1507 2283 1554 xxvul,
2313 1491 2366 1543 9..
2391 1519 2460 1528 —
2485 1489 2708 1542 Dimitte
2740 1488 2996 1558 injuriam
3021 1489 3272 1556 proximo
3297 1497 3415 1548 tuo;

1846 1589 1902 1633 et
1943 1589 2074 1633 tunc
2104 1587 2328 1648 rogante
2363 1585 2435 1641 te,
2472 1584 2694 1646 peccata
2724 1585 2816 1629 tua
2846 1577 3151 1629 solventur.

1917 1668 2124 1723 Basilii.
2157 1698 2228 1707 ——
2254 1669 2372 1722 Non
2394 1667 2552 1721 decet
2592 1675 2652 1720 ut
2681 1667 2761 1721 sol
2789 1681 2956 1735 super
2997 1664 3283 1719 iracundia
3304 1663 3417 1718 fra-

1853 1762 1953 1815 tris
2009 1760 2226 1816 occidat
2275 1759 2490 1830 (Ephes.
2535 1774 2609 1822 iv,
2646 1758 2761 1828 26),
2808 1772 2877 1812 ne
2940 1757 3082 1811 forte
3126 1771 3234 1810 nox
3276 1755 3419 1808 inter

1853 1862 2151 1920 utrumque
2183 1858 2446 1912 transeat,
2471 1863 2536 1903 ac
2565 1847 2776 1902 crimen
2814 1847 2966 1900 nulla
3004 1846 3232 1915 dignum
3261 1843 3421 1898 venia

1850 1943 1905 1995 in
1935 1941 2022 1996 die
2042 1940 2235 2012 judicii
2271 1941 2564 2008 relinquat.

1920 2115 2258 2184 Simplicitas
2279 2129 2344 2169 ac
2369 2114 2518 2182 quod
2559 2121 2715 2168 vacat
2749 2113 2980 2175 malitia,
3019 2113 3244 2166 minimc
3298 2127 3420 2164 om-

1851 2208 2004 2261 nium
2031 2207 2301 2259 malorum
2333 2203 2588 2272 suspicax
2624 2203 2863 2258 exsistit.

1920 2296 1961 2350 Τ
1960 2296 2181 2365 heotogi.
2207 2325 2274 2333 —
2292 2293 2396 2359 Qui
2442 2293 2618 2348 malus
2642 2303 2749 2357 est,
2783 2294 2941 2347 facile
2976 2293 3343 2362 reprehendat
3369 2300 3426 2344 et

1851 2387 1996 2458 quod
2032 2387 2238 2439 bonum
2284 2394 2406 2449 est;
2456 2384 2636 2438 bonus
2679 2395 2886 2445 autem,
2939 2399 3008 2437 ne
3059 2386 3264 2438 malum
3298 2384 3424 2454 qui-

1851 2478 1996 2531 dem.
2021 2476 2176 2543 Quod
2209 2475 2358 2529 enim
2379 2474 2447 2528 ad
2484 2474 2747 2528 malitiam
2775 2489 3012 2544 pronum
3047 2490 3158 2528 non
3186 2483 3291 2536 est,
3323 2490 3426 2530 nec

1853 2569 1920 2623 ad
1946 2567 2338 2636 suspicandum
2361 2566 2521 2620 facile
2562 2575 2664 2620 est.

1923 2659 2093 2712 Nemo
2122 2658 2324 2710 malum
2353 2657 2498 2710 malo
2515 2667 2692 2720 sanat,
2727 2656 2825 2710 sed
2856 2656 3003 2710 bono
3029 2657 3257 2710 malum.

1924 2749 2189 2820 Chrysost.
2212 2779 2277 2787 —
2302 2747 2439 2802 Cum
2469 2749 2525 2800 in
2552 2755 2792 2801 mentem
2820 2747 3054 2810 venerit,
3079 2761 3272 2801 eorum
3305 2761 3428 2815 quae

1854 2857 1883 2896 a
1931 2840 2214 2896 conservis
2272 2838 2416 2909 passi
2471 2853 2660 2892 sumus
2696 2854 2709 2889 :
2742 2838 3050 2907 cogitemus
3091 2837 3259 2891 etiam
3307 2853 3427 2907 qua:

1857 2935 1959 3004 ipsi
1997 2934 2048 2988 in
2080 2932 2374 2987 Dominum
2401 2929 2877 2994 commiserimus;
2911 2941 3173 2998 metuque
3207 2937 3425 2983 nostro-

1857 3041 1978 3081 rum
2019 3025 2371 3084 delictorum,
2413 3021 2550 3074 iram
2583 3035 2650 3074 ex
2711 3017 2909 3072 alienis
2956 3019 3198 3087 peccatis
3240 3031 3433 3073 susce—

1781 3146 1823 3202 ο
1856 3126 2003 3185 ptam
2031 3115 2140 3169 cito
2171 3113 2450 3182 depellere
2470 3110 2795 3180 poterimus.

1929 3207 1987 3262 Si
2016 3205 2238 3276 quidem
2263 3211 2616 3273 peccatorum
2636 3200 2768 3254 licet
2810 3198 3148 3264 meminisse,
3207 3207 3430 3255 nostro-

1861 3315 1981 3353 rum
2037 3299 2305 3351 duntaxat
2351 3292 2667 3348 meminisse
2718 3291 3005 3346 debemus.
3041 3289 3198 3356 Quod
3229 3290 3276 3344 si
3331 3304 3432 3343 no—

1861 3396 2104 3442 strorum
2133 3399 2405 3440 memores
2435 3382 2666 3447 erimus,
2693 3395 2975 3451 nunquam
3005 3379 3186 3435 aliena
3219 3394 3429 3450 suppu-

1863 3478 2123 3532 tabimus.

1946 3569 1965 3638 (
1993 3569 2173 3622 Matth.
2205 3585 2277 3630 vi,
2314 3563 2440 3631 Η.)
2470 3561 2528 3617 Si
2569 3561 2893 3617 dimiseritis
2925 3560 3162 3616 inimicis
3209 3558 3428 3622 vestris,

1862 3658 2170 3711 dimittetur
2197 3654 2373 3709 vobis.
2428 3655 2654 3723 Ignosce
2694 3667 2980 3707 servorum
3025 3652 3248 3715 erratis,
3290 3662 3354 3706 ut
3399 3666 3430 3706 a

1863 3750 2094 3803 Domino
2123 3755 2472 3816 peccatorum
2492 3745 2708 3799 veniam
2751 3757 3130 3812 consequaris.
3187 3742 3346 3808 Quod
3383 3741 3435 3796 si

1862 3854 2083 3908 gravem
2111 3837 2370 3906 injuriam
2419 3835 2571 3900 fecit,
2623 3843 2830 3903 quanto
2879 3834 3085 3903 majora
3126 3832 3433 3896 remiseris,

1866 3938 2016 3984 tanto
2046 3929 2307 3996 majorem
2353 3926 2570 3980 veniam
2621 3922 2966 3994 impetrabis.
3003 3921 3220 3976 Idcirco
3263 3921 3433 3976 etiam

1864 4021 2012 4075 docti
2061 4034 2251 4073 sumus
2288 4018 2506 4071 dicere:
2557 4015 2776 4069 Dimitte
2829 4014 2997 4078 nobis,
3032 4015 3166 4067 sicut
3206 4014 3432 4067 dimitti-

1865 4109 2230 4180 mu5(ib.,12),
2252 4121 2308 4163 ut
2332 4108 2651 4162 noverimus
2690 4106 3031 4160 dimissionis
3062 4115 3227 4174 atque
3261 4104 3433 4158 venia:

1864 4203 2090 4258 modum
2119 4219 2148 4255 a
2199 4201 2359 4254 nobis
2384 4201 2627 4270 primum
2680 4197 2950 4252 inchoari.
3000 4197 3216 4263 Quanto
3267 4196 3436 4267 igitur

1867 4295 2126 4350 inimicus
2153 4293 2326 4362 magis
2359 4291 2582 4357 laeserit,
2620 4297 2771 4344 tanto
2805 4289 2972 4342 etiam
3003 4289 3214 4357 majore
3263 4287 3432 4342 bene-

1870 4383 1991 4438 [icio
2008 4382 2190 4437 allicit.
2225 4381 2570 4435 Festinemus
2593 4379 2759 4448 igitur
2787 4377 3047 4446 omnique
3074 4373 3235 4447 681
3265 4390 3434 4445 opera

182 4472 390 4531 ἀδίκως
411 4469 758 4539 ὀργίζωνται.
780 4468 876 4520 Ἂν
896 4468 993 4537 μὲν
1020 4466 1127 4537 γὰρ
1150 4465 1382 4519 ἐνταῦθα
1395 4467 1761 4537 καταλλαγῆς,

1866 4486 2149 4533 conemur,
2181 4477 2242 4522 ut
2283 4468 2371 4523 his
2401 4467 2494 4536 qui
2542 4466 2795 4537 injuriam
2849 4463 3121 4528 fecerunt,
3177 4462 3431 4517 reconci-

183 4560 512 4630 ἀπηλλάγης
540 4559 640 4626 τῆς
669 4561 784 4611 ἐκεῖ
799 4558 1060 4629 κρίσεως·
1086 4557 1151 4610 ἂν
1174 4557 1232 4610 δὲ
1262 4557 1466 4627 μεταξὺ
1493 4555 1760 4628 μενούσης

185 4653 290 4723 τῆς
321 4651 538 4722 ἔχθρας.
577 4652 801 4713 θάνατος
834 4651 1059 4711 ἐπιστὰς
1083 4649 1305 4722 ἀπάγῃ,
1332 4648 1428 4716 τὴν
1461 4648 1762 4718 ἀπέχθειαν

191 4741 597 4813 μεσολαϐήσας,
629 4742 707 4802 εἰς
733 4739 794 4792 τὸ
807 4739 1151 4808 δικαστήριον
1175 4737 1362 4791 λοιπὸν
1397 4740 1573 4790 ἐκεῖνο
1591 4738 1652 4790 τὸ
1669 4754 1764 4806 φο·

187 4833 358 4904 δερὸν
392 4831 710 4900 είσαχθῆναι
741 4831 838 4900 τὴν
881 4829 1038 4898 δίκην
1070 4828 1312 4898 ἀνάγκη⁸
1347 4829 1442 4882 καὶ
1469 4828 1566 4898 τὴν
1594 4829 1762 4897 ἐσχά-

187 4943 298 4997 την
329 4923 522 4985 δώσεις
554 4922 713 4991 δίκην
741 4922 833 4974 ἐπὶ
861 4923 927 4991 τῇ
958 4921 1124 4990 ψήφῳ
1155 4920 1249 4973 τοῦ
1275 4919 1532 4974 δικαστοῦ
1549 4920 1767 4974 πάντων

189 5014 421 5070 ἐκείνων
437 5029 450 5040 ·
477 5010 574 5065 καὶ⁸
594 5012 893 5082 ἀμφότεροι
909 5009 1175 5080 τιμωρίαν
1193 5009 1562 5079 ὑποστήσεσθε
1587 5010 1768 5079 ἀπαρ-

191 5109 443 5178 αἱτητον,
495 5105 525 5158 ὁ
576 5105 676 5176 μὲν
703 5104 905 5166 ἀδίκως
935 5102 1316 5171 ὀργιζόμενος,
1365 5101 1454 5155 διὰ
1490 5101 1648 5154 τοῦτο
1686 5103 1770 5156 ὅτι

192 5200 422 5264 ἀδίκως,
460 5199 490 5252 ὁ
542 5197 600 5251 δὲ
630 5195 855 5257 δικαίως
883 5234 898 5259 ,
949 5194 1037 5247 διὰ
1067 5193 1224 5246 τοῦτο
1252 5193 1403 5258 αὐτὸ,
1436 5193 1518 5245 ὅτι
1545 5192 1769 5255 δικαίως

191 5295 666 5366 ἐμνησικάκησεν.

1868 4565 2088 4627 liemur,
2131 4564 2247 4615 sive
2295 4561 2373 4614 illi
2414 4561 2555 4630 jure,
2595 4557 2712 4612 sive
2745 4557 2950 4627 injuria
2992 4557 3325 4609 irascantur.
3377 4553 3434 4607 Si

1867 4658 2014 4711 enim
2045 4656 2158 4709 vita
2188 4654 2288 4707 hac
2316 4651 2531 4706 mortali
2564 4648 2954 4704 reconciliatus
2982 4647 3172 4710 fueris,
3199 4646 3437 4701 afuturo

1869 4747 2008 4800 l'rber
2031 4743 2239 4813 judicio
2267 4739 2540 4801 evaseris;
2569 4738 2652 4792 sin
2683 4746 2870 4790 autem
2915 4736 3136 4790 interim
3177 4743 3436 4789 manente

1872 4836 2178 4897 inimicitia,
2203 4849 2355 4888 mors
2383 4831 2683 4886 adveniens
2717 4830 3026 4892 abduxerit,
3076 4829 3295 4899 vigente
3321 4828 3440 4883 ani—

1873 4929 1977 4981 mis
2015 4925 2313 4986 simultate,
2348 4921 2413 4975 ad
2442 4919 2786 4976 tremendum
2839 4919 2975 4974 illud
3030 4919 3292 4989 deinceps
3339 4919 3438 4974 tri-

1870 5017 2036 5071 bunal
2087 5029 2307 5068 causam
2363 5009 2566 5065 deferri
2631 5025 2861 5066 necesse
2924 5018 3030 5073 est,
3083 5021 3440 5080 extremoque

1871 5105 2140 5176 supplicio
2183 5099 2476 5159 addiceris,
2531 5097 2678 5150 illius
2724 5097 3017 5162 sententia,
3065 5098 3160 5166 qui
3215 5097 3438 5151 illorum

1873 5197 2116 5252 omnium
2151 5192 2318 5262 judex
2347 5187 2601 5252 exsistit;
2649 5187 2924 5256 amboque
2974 5187 3441 5257 iudeprecabilent

1873 5289 2038 5344 luetis
2075 5298 2330 5355 pmnam:
2376 5281 2422 5334 is
2460 5278 2682 5348 quidem
2718 5278 2813 5346 qui
2858 5277 3062 5348 injuria
3114 5278 3288 5333 iratus
3332 5287 3438 5336 est,

195 5390 412 5446 idcirco
459 5389 607 5458 quod
649 5387 886 5458 injuria;
926 5385 972 5439 is
1010 5399 1141 5439 vero
1193 5385 1288 5454 qui
1341 5386 1475 5456 justi
1535 5387 1768 5454 quadam
1808 5385 1991 5456 specie
2029 5383 2361 5437 simultatem
2435 5373 2593 5439 fovit,
2641 5373 2789 5442 quod
2837 5373 2922 5428 vel
2966 5373 3045 5429 sic
3117 5374 3441 5444 injuriarum

196 5501 414 5543 memor
453 5484 639 5538 animo
675 5495 962 5536 rancorem
996 5480 1320 5534 servaverit.

1706 5597 1935 5654 ΝΟΤΑΞ.

276 5695 350 5769 (Q
371 5696 625 5769 ᾝκιοζτα
675 5693 891 5769 κακίαν
936 5693 1047 5760 οὐχ
1095 5689 1403 5760 ὑφορᾶται.
1459 5691 1557 5746 Hic
1601 5690 1745 5748 idem

1854 5709 2000 5755 tcta,
2032 5691 2178 5761 quod
2221 5690 2480 5762 μάλιστα,
2508 5685 2604 5758 qui
2635 5699 2769 5741 usus
2799 5685 2950 5740 vocis
3009 5681 3254 5750 pervius,
3301 5675 3444 5749 opti-

201 5763 637 5823 me'Phavorino
666 5763 968 5831 expositus.

573 5853 842 5912 PATROL.
887 5851 1000 5911 Gn.
1053 5850 1200 5911 XCI.

3032 5838 3106 5900 32
