4200 6440
759 338 898 406 1003

758 540 942 594 cilicio
979 549 1034 593 et
1081 540 1290 603 cinere,
1335 539 1608 608 longaque
1651 553 1714 591 ac
1763 538 2053 607 multiplici
2105 539 2324 594 confes-

758 634 912 685 sione
941 632 1030 683 vix
1076 630 1168 684 alii
1201 629 1568 698 impleverint,
1609 639 1668 682 ut
1708 637 1929 698 peccata
1979 645 2078 684 sua
2110 630 2324 684 abster-

757 732 920 790 gant;
956 722 1062 775 hoc
1092 721 1254 773 nobis
1282 718 1441 773 facile
1466 731 1722 789 prmstare
1751 720 1880 774 licet
1902 721 2113 790 absque
2140 721 2325 775 cilicio

757 821 812 864 at
849 813 1033 864 cinere
1072 819 1127 864 et
1167 809 1379 879 jejunio
1448 809 1612 862 modo
1653 810 1829 862 solum
1876 811 2090 865 sincere
2147 827 2324 880 exque

756 905 938 958 animo
974 901 1346 956 dimiserimus
1375 901 1484 954 illis
1516 902 1607 971 qui
1636 902 1892 971 injuriam
1920 904 2188 958 fecerunt.

823 1076 1028 1142 Quovis
1065 1086 1312 1145 peccato,
1356 1077 1678 1147 injuriarum
1721 1077 1986 1132 memoria
2023 1092 2087 1131 ac
2127 1077 2320 1134 simul-

756 1176 838 1220 tas
871 1167 1118 1222 deterior
1138 1177 1243 1222 est.

825 1259 1110 1328 Ingenium
1147 1258 1373 1313 malitia:
1403 1273 1621 1328 expers,
1666 1259 1877 1314 tardius
1920 1275 2140 1331 quoque
2180 1263 2323 1317 mala

753 1349 1088 1417 suspicatur.

822 1431 959 1483 Cum
1001 1430 1206 1483 videris
1239 1428 1522 1484 inimicum
1556 1430 1816 1485 incidisse
1855 1431 1910 1484 in
1945 1440 2065 1487 tuas
2104 1449 2320 1499 manus,

753 1535 820 1574 ne
849 1530 1062 1590 tempus
1080 1520 1214 1574 illud
1236 1521 1495 1576 vindictae
1525 1525 1829 1591 putaveris,
1867 1524 1964 1577 sed
2003 1528 2323 1594 praestandae

751 1609 966 1663 salutis.
989 1607 1200 1663 Idcirco
1245 1618 1376 1663 tunc
1418 1610 1652 1663 maxime
1685 1610 1938 1666 hostibus
1985 1614 2321 1682 parcendum

748 1708 852 1762 est,
894 1713 1020 1752 eum
1048 1713 1238 1753 eorum
1274 1698 1433 1767 potiti
1467 1699 1755 1753 fuerimus.

819 1789 973 1844 Fecit
996 1791 1120 1860 quis
1162 1790 1461 1861 injuriam?
1506 1799 1563 1846 tu
1614 1806 1682 1846 ne
1717 1791 2062 1857 reddideris;
2115 1793 2320 1864 alioqui
2353 1801 2394 1857 Β

748 1897 848 1950 par
876 1882 954 1935 illi
1003 1881 1122 1951 ipse
1166 1897 1358 1936 rursus
1403 1883 1646 1936 evasisti.
1692 1882 1864 1938 Nemo
1915 1883 2064 1937 enim
2114 1885 2318 1940 malum

747 1974 892 2027 malo
921 1982 1098 2037 sanat,
1135 1973 1231 2028 sed
1275 1975 1477 2047 malum
1521 1974 1683 2028 bono.

814 2061 1038 2118 Nili.—
1067 2063 1172 2130 Qui
1220 2079 1321 2134 pro
1353 2065 1513 2118 bonis
1561 2065 1817 2135 rependit
1869 2066 2033 2129 mala,
2083 2066 2152 2120 ab
2199 2068 2321 2137 ejus

746 2153 911 2207 domo
944 2152 1084 2206 mala
1116 2167 1228 2205 non
1255 2153 1570 2221 ejicientnr.

816 2243 1070 2298 Philonis.
1098 2271 1166 2284 -
1194 2243 1298 2308 Qui
1328 2243 1542 2297 veniam
1571 2243 1902 2298 delictorum
1932 2255 2107 2315 petas,
2146 2244 2229 2299 fac
2260 2257 2320 2300 ut

749 2345 807 2389 et
833 2336 951 2404 ipse
976 2334 1087 2388 illis
1113 2334 1387 2403 igtoscas,
1409 2333 1504 2401 qui
1561 2333 1615 2387 in
1659 2344 1708 2388 te
1751 2336 2127 2404 deliquerunt.
2156 2335 2324 2390 Nem-

748 2441 846 2495 pe,
901 2424 1200 2478 dimittenti
1243 2423 1562 2488 dimittitur,
1604 2424 1862 2494 quodque
1900 2425 2185 2479 conservis
2229 2441 2318 2480 re-

746 2517 1125 2581 conciliamur,
1169 2515 1269 2568 hoc
1303 2515 1667 2584 assequimur,
1698 2526 1758 2570 ut
1794 2532 1822 2570 a
1854 2516 2041 2572 divina
2077 2518 2154 2572 ira
2184 2518 2320 2573 libe-

747 2624 949 2660 τιξιιιιιι’.

812 2698 1054 2769 Evagrii.
1080 2727 1148 2738 —
1181 2697 1334 2752 Dona
1370 2697 1695 2767 injuriarum
1721 2699 2080 2771 exstinguunt
2109 2717 2317 2756 memo-

746 2788 924 2851 riam;
957 2786 1012 2840 id
1037 2785 1185 2855 quod
1227 2801 1294 2840 ex
1333 2785 1541 2841 Jacobo
1578 2788 1792 2842 discere
1834 2787 1987 2853 licet,
2017 2787 2110 2858 qui
2169 2790 2314 2844 Esau
2377 2803 2382 2808 '

745 2877 967 2931 fratrem
989 2890 1114 2930 cum
1139 2877 1400 2931 trecentis
1436 2878 1514 2931 illi
1559 2879 1776 2933 obviam
1807 2878 2033 2944 factum,
2071 2880 2316 2935 muneri-

746 2969 850 3022 bus
883 2967 1237 3038 expugnavit.
1269 2967 1380 3022 Nos
1415 2976 1598 3023 tamen
1643 2969 1736 3038 qui
1768 2985 2039 3040 pauperes
2090 2986 2309 3037 sumus,

743 3060 888 3130 quod
919 3075 1053 3114 usus
1076 3067 1180 3126 est,
1214 3075 1401 3114 mensa
1440 3061 1784 3130 impleamus.

813 3151 1030 3205 Martini
1069 3153 1422 3206 anachoretw.
1459 3181 1528 3191 —
1572 3152 1675 3217 Qui
1735 3153 2081 3207 dmmonihus
2130 3153 2309 3208 infen-

743 3258 840 3296 sus
857 3242 986 3296 odio
1017 3253 1121 3306 est,
1152 3242 1298 3296 haud
1337 3242 1480 3296 idem
1530 3243 1776 3297 infensus
1824 3245 2143 3298 hominibus
2191 3254 2306 3311 est;

1883 343 1942 398 Β.
1981 342 2267 399 ΜΛΧΙΜῘ
2305 341 2810 403 CONFESSORIS

828 449 983 515 Quod
1012 451 1194 518 itaque
1225 449 1435 520 jejunio
1477 459 1531 502 et
1563 450 1838 512 lamentis,
1872 450 2241 520 precibusque
2267 459 2324 505 et
2352 462 2397 516 Α

2506 455 2569 505 Ὅ
2603 455 2778 506 τοίνυν
2807 454 2894 508 διὰ
2922 455 3197 524 νηστείας,
3243 459 3329 513 διὰ
3358 459 3610 532 ὀδυρμῶν
3659 465 3754 518 καὶ
3807 467 4008 536 εὐχῶν,

2427 543 2522 594 καὶ
2550 543 2756 598 σάκκου
2797 546 2892 599 καὶ
2924 547 3122 600 σποδοῦ
3176 551 3269 602 καὶ
3305 554 3506 622 μυρίας
3562 555 4009 628 ὲξομο).ογῗ;σεως

2429 631 2584 700 μόλις
2603 634 2781 706 ἕτεροι
2813 639 3161 708 κατορθοῦσι,
3198 642 3258 693 τὸ
3290 643 3358 694 τὰ
3392 645 3759 716 ἁμαρτήματα
3793 648 4004 712 ὲξαλείυ

2427 741 2548 792 φειν
2578 724 2719 794 λέγω
2739 728 2808 780 τὰ
2835 729 3042 784 ἑαυτῶν
3071 747 3086 762 ο
3137 732 3296 787 τοῦτο
3341 734 3552 799 ἔξεστιν
3603 741 3736 808 ἡμῖν
3798 742 4002 810 ῥᾳδίως

2426 817 2598 870 ποιεῖν
2643 821 2810 890 χωρὶς
2865 823 3068 875 σάκκου
3128 825 3221 877 καὶ
3260 826 3456 879 σποδοῦ
3505 829 3599 882 καὶ
3629 832 3905 900 νηστείας,
3935 833 4006 885 ἂν

2429 906 2588 974 μόνον
2619 908 2727 962 ἀπὸ
2757 910 2857 979 τῆς
2889 911 3124 977 διανοίας
3150 915 3525 988 ἔξαλείψωμεν
3557 919 3656 989 τὴν
3684 922 3875 991 ὀργὴν,
3913 927 4010 977 καὶ

2425 997 2567 1064 μετὰ
2621 999 2974 1069 είλικρινείας
3023 1003 3253 1075 ἀφῶμεν
3311 1010 3424 1070 τοῖς
3471 1009 3788 1079 ἠδικηκόσιν
3834 1015 4007 1084 ἡμᾶς.

2497 1087 2703 1151 Παντὸς
2728 1090 3128 1160 ἁμαρτήματος
3154 1093 3216 1146 τὺ
3239 1101 3600 1165 μνησικακεῖν
3624 1102 3824 1171 χεῖρον.

2495 1266 2568 1319 T6
2597 1267 2794 1332 κακίας
2823 1267 3125 1342 ἐλεύθερον,
3155 1273 3252 1328 καὶ
3291 1274 3599 1348 ὑφορᾶσθαι
3647 1282 3849 1336 κακίαν
3906 1284 4012 1353 ἀρα

2425 1358 2548 1425 τότε
2557 1375 2670 1428 ρον.

2501 1451 2671 1505 Ὅταν
2707 1452 2825 1525 ἴδῃς
2858 1454 2951 1508 τὸν
2991 1455 3187 1526 ἐχθρὸν
3223 1457 3536 1529 ἐμπεσόντα
3567 1463 3650 1526 είς
3681 1464 3781 1528 τὰς
3812 1468 4010 1538 χεῖρας

2424 1541 2522 1605 τὰς
2551 1543 2668 1609 σὰς,
2700 1542 2778 1614 μὴ
2804 1545 2994 1616 νόμιζε
3045 1549 3337 1620 τιμωρίας,
3366 1551 3502 1606 ἀλλὰ
3555 1557 3830 1626 σωτηρίας
3861 1561 4010 1612 ἐκεῖ-

2424 1647 2513 1684 νον
2543 1628 2684 1686 εἶναι
2712 1632 2802 1686 τδν
2845 1637 3054 1705 καιρόν.
3106 1639 3206 1690 Διά
3257 1638 3414 1693 τοῦτο
3467 1642 3587 1695 τότε
3645 1645 3885 1713 μάλιστα
3930 1647 4012 1699 δεῖ

2423 1720 2701 1787 φείδεσθαι
2729 1722 2837 1778 τῶν
2860 1723 3091 1796 ἐχθρῶν,
3123 1727 3254 1780 ὅταν
3286 1729 3464 1783 αὐτῶν
3487 1731 3780 1804 γενώμεθα
3799 1735 4006 1805 κύριοι.

2507 1811 2782 1884 Ἐλῦπησέ
2813 1832 2938 1882 τις;
2995 1817 3071 1887 μὴ
3122 1820 3494 1892 ἀντιλυπήσῃς
3525 1839 3538 1852 ⁸
3597 1825 3722 1877 ἐπεὶ
3772 1828 4010 1894 γέγονας

2422 1903 2618 1973 ἐκείνῳ
2676 1905 2838 1960 πάλιν
2877 1906 3010 1970 ίσος.
3065 1907 3254 1972 Οὐδεὶς
3302 1911 3412 1982 γὰρ
3442 1914 3611 1967 κακὸν
3638 1917 3797 1987 κακῴ
3832 1919 4005 1978 ἰᾶται.

2421 1995 2539 2049 ἀλλ’
2569 1996 2762 2068 ἀγαθῷ
2791 1997 2854 2050 τδ
2889 2000 3080 2053 κακόν.

2493 2085 2732 2138 Νείλου.
2756 2115 2827 2128 -
2857 2088 2954 2150 ’ος
2981 2088 3273 2145 ἀποδίδωσι
3301 2092 3449 2146 κακὰ
3476 2095 3597 2148 ἀντὶ
3627 2095 3871 2163 ἀγαθῶν,
3902 2100 4007 2152 οἰκ

2421 2174 2674 2246 ἐξενεχθῇ
2710 2176 2858 2231 κακὰ
2889 2178 2955 2231 ὲκ
2985 2178 3078 2232 τοῦ
3112 2181 3262 2234 οἴκου
3295 2183 3478 2236 αὑτοῦ.

2491 2266 2775 2334 Φίλωνος.
2793 2293 2864 2308 -·-
2878 2268 3182 2342 Συγνὼμην
3208 2273 3532 2344 αἰτούμενος
3557 2277 4001 2348 ἁμαρτημάτων,

2421 2357 2760 2426 συγγίνωσκε
2788 2360 2883 2413 καὶ
2935 2360 3101 2423 αὐτὸς
3151 2366 3262 2427 τοῖς
3312 2366 3392 2428 είς
3440 2367 3498 2420 σὲ
3545 2367 3958 2440 πλημμελοῦσιν
3985 2389 4002 2405 ·

2418 2448 2500 2502 ὅτι
2529 2449 2725 2518 ἀφέσει
2756 2451 3082 2507 ἀντιδίδοται
3103 2455 3325 2524 ἄφεσις,
3348 2460 3443 2511 καὶ
3472 2459 3507 2529 ἠ
3541 2461 3679 2531 πρὸς
3715 2463 3842 2524 τοὺς
3870 2465 4005 2534 ὁμο-

2417 2539 2638 2604 δούλους
2670 2541 2829 2612 ἠμῶν
2856 2543 3198 2616 καταλλαγὴ,
3223 2551 3326 2618 τῆς
3378 2549 3529 2613 θείας
3574 2553 3747 2621 ὀργῆς
3785 2554 4005 2622 γίνεται

2417 2632 2724 2706 ἀπαλλαγή.

2488 2726 2708 2794 Edam.
2741 2755 2814 2767 —
2844 2728 3228 2799 Μνησικακίαν
3248 2729 3499 2786 σϐέννυσι
3519 2732 3670 2802 δῶρα
3691 2748 3709 2766 ο
3743 2737 3840 2789 καὶ
3880 2755 4005 2789 πει-

2416 2811 2556 2866 θέτω
2591 2830 2648 2867 σε
2691 2814 2885 2869 Ἰακὼϐ
2935 2817 3027 2870 τὸν
3057 2817 3231 2872 Ἦσαῦ
3280 2819 3511 2889 δόμασιν
3557 2822 3807 2876 ὑπελθὼν
3859 2830 4004 2895 μετὰ

2415 2906 2742 2974 τριακοσίων
2777 2909 2857 2972 εἰς
2885 2909 3193 2980 ἀπάντησιν
3255 2912 3560 2976 ἐξελθόντα.
3638 2915 3779 2969 Ἀλλ’
3834 2920 4002 2987 ἡμεῖς

2416 2995 2645 3065 πένητες
2678 2997 2831 3063 ὄντες
2885 3001 3135 3073 τραπέζῃ
3189 3003 3288 3074 τὴν
3341 3005 3532 3076 χρείαν
3593 3007 3996 3080 πληρώσωμεν.

2337 3147 2380 3204 c
2482 3175 2783 3241 Μαρτίνου
2802 3176 3214 3247 ἀναχωρητοῦ.
3240 3210 3313 3222 -
3343 3183 3403 3235 '0
3455 3185 3675 3257 δαίμοσι
3722 3205 3999 3259 μνησικα-

2411 3264 2542 3327 κῶν,
2571 3266 2879 3334 ἀνθρώποις
2908 3269 2970 3322 οὐ
3016 3277 3344 3342 μνησικακεῖ
3372 3289 3388 3304 ’
3424 3277 3692 3346 είρηνεύει
3740 3278 3801 3332 δὲ
3856 3282 4000 3350 μετᾶ

743 3349 932 3404 pacem
965 3347 1099 3388 vero
1130 3348 1258 3387 cum
1282 3333 1389 3386 illis
1419 3333 1606 3397 habet,
1627 3335 1721 3402 qui
1758 3335 1811 3388 in
1841 3335 2063 3388 fratrem
2097 3337 2175 3389 ira
2225 3345 2311 3389 est

2414 3333 2706 3425 δαιμόνων,
2742 3359 2770 3410 6
2801 3359 2881 3427 τῷ
2913 3333 3130 3430 ἀδελφῷ
3173 3363 3402 3434 μηνιῶν.

741 3437 1025 3476 accensus.

805 3523 1036 3579 Cursus.
1059 3554 1128 3563 —
1159 3523 1366 3578 Ferunt
1390 3525 1664 3588 (lrcesum,
1689 3525 1761 3587 ei,
1801 3525 1896 3593 qui
1943 3524 2114 3576 filium
2162 3525 2310 3579 oeci-

739 3616 934 3679 disset,
961 3617 1099 3669 iram
1133 3615 1432 3679 remisisse,
1457 3629 1583 3668 eum
1631 3614 1679 3669 is
1715 3616 1864 3668 ultre
1899 3631 1956 3669 se
1993 3616 2059 3668 ad
2090 3632 2305 3684 pinnam

740 3704 998 3768 afferret;
1027 3719 1200 3774 eaque
1231 3705 1349 3774 ipsa
1378 3705 1591 3760 ratione
1621 3706 1785 3776 682
1817 3723 2068 3775 magnum
2105 3707 2306 3779 Cyrum

741 3804 896 3865 parta
919 3795 1170 3861 victoria,
1203 3810 1328 3850 cum
1360 3796 1481 3865 ipso
1506 3797 1802 3850 amicitiam
1840 3796 2045 3852 iniisse.

810 3885 1142 3940 Moccltionis.
1159 3913 1222 3924 -—
1267 3885 1326 3938 ln
1365 3885 1569 3954 quibus
1591 3885 1732 3940 alios
1747 3885 1948 3941 laedere
1969 3887 2155 3941 animo
2181 3903 2310 3942 con-

739 3974 993 4028 stitutum
1014 3981 1120 4039 est,
1149 3973 1206 4028 in
1232 3972 1321 4028 his
1341 3972 1602 4028 damnum
1639 3982 1690 4028 te
1722 3983 2079 4044 accepturum
2110 3977 2306 4046 majus,

736 4073 1070 4134 exspectato.

811 4155 1049 4225 Epicuri.
1075 4183 1145 4198 -
1168 4155 1401 4211 inimico
1425 4166 1650 4227 rogante
1683 4172 1754 4211 ne
1801 4157 2095 4222 averseris,
2126 4173 2189 4212 ac
2218 4175 2311 4228 pe-

741 4245 986 4303 titionem
1015 4244 1272 4300 diﬂeras:
1325 4262 1517 4301 verum
1562 4248 1680 4316 ipse
1729 4255 1923 4302 cautus
1963 4257 2118 4314 esto;
2172 4247 2306 4301 nihil

736 4337 884 4392 enim
912 4353 944 4392 a
967 4352 1103 4392 cane
1138 4337 1393 4392 diversus
1421 4350 1527 4394 est.

805 4429 1138 4500 Theopompi.
1163 4458 1234 4470 —
1257 4429 1608 4499 Diligentiam
1661 4429 1823 4495 habe,
1853 4438 1914 4483 ut
1955 4431 2155 4485 breves
2207 4431 2304 4485 tibi

737 4520 1036 4575 inimicitia
1059 4519 1209 4586 sint;
1245 4519 1597 4575 dilectionem
1632 4537 1763 4575 vero
1814 4521 1869 4575 in
1911 4523 2071 4591 longa
2104 4523 2309 4591 produ-

731 4627 822 4665 cas
852 4621 1116 4680 tempora.

802 4701 1096 4758 Ᾰὲεοίιὺιεε.
1121 4732 1190 4745 --
1207 4701 1501 4759 Eschines
1524 4712 1713 4757 orator
1735 4703 2155 4758 Atheniensium
2181 4721 2306 4759 senv

732 4789 905 4843 tentia
928 4788 1149 4844 civitate
1191 4790 1477 4852 multatus,
1526 4805 1652 4843 eum
1693 4788 2089 4844 Demosthenes
2112 4793 2300 4845 decem

729 4874 976 4930 millibus
1003 4875 1268 4930 librarum
1300 4875 1606 4930 Atticarum
1638 4875 1689 4930 ei
1726 4877 1928 4942 missis,
1965 4878 2091 4932 forti
2119 4879 2302 4932 animo

727 4964 875 5037 quod
905 4965 986 5020 sie
1038 4965 1195 5020 triste
1218 4975 1498 5030 evenerat,
1554 4967 1699 5021 ferre
1737 4967 2014 5021 suaderet.
2055 4969 2143 5029 At,
2195 4987 2299 5038 qua

729 5057 966 5122 ratione,
995 5056 1201 5127 inquit,
1227 5073 1450 5128 possunt
1479 5074 1588 5112 non
1610 5059 1958 5123 discruciari,
1988 5077 2052 5114 ea
2082 5063 2301 5116 civitate

726 5149 956 5218 eiectus,
1027 5150 1120 5203 ubi
1180 5151 1277 5220 qui
1349 5151 1460 5206 laesi
1548 5152 1746 5220 injuria
1814 5163 1975 5216 sunt,
2039 5154 2299 5208 laedentes

721 5240 886 5298 etiam
913 5241 1196 5297 beneficiis
1229 5240 1614 5297 demerentur?

1266 5417 1494 5473 SERMO
1532 5418 1734 5474 LXVII.

1179 5507 1255 5562 De
1301 5509 1421 5563 vita:
1452 5511 1833 5580 ianimlitatr.

791 5596 951 5652 Joan.
985 5612 1092 5660 xw,
1121 5595 1211 5651 20.
1244 5625 1313 5636 —
1336 5595 1534 5660 Amen,
1576 5614 1733 5654 amen
1780 5602 1903 5658 dico
1933 5605 2110 5671 vobis,
2151 5608 2278 5678 quia

787 5714 830 5747 “
865 5715 923 5770 In
963 5713 1126 5769 Gesn.
1163 5713 1318 5768 Stob.
1344 5713 1468 5769 2w.

2484 3532 2754 3623 proimoe.
2777 3534 3135 3605 -Κροτσσος
3170 3537 3252 3609 τῷ
3295 3541 3602 3614 παιδοφόνῳ
3651 3546 3752 3618 τὴν
3815 3549 3995 3623 ὀργὴν

2410 3619 2628 3685 ἀφεῖναι
2659 3619 2898 3688 λέγεται,
2956 3624 3149 3678 ἑαυτὸν
3193 3628 3490 3699 παραδόντι
3534 3635 3615 3697 εἰς
3665 3619 3995 3709 τιμωρίαν--

2412 3709 2503 3761 καὶ
2542 3710 2724 3781 Κύρος
2755 3713 2784 3763 6
2831 3713 3005 3782 μέγας
3049 3715 3198 3786 αὐτῷ
3231 3719 3406 3791 τούτῳ
3434 3723 3513 3793 τῷ
3560 3726 3782 3798 Κροίσῳ
3842 3730 3998 3798 φΰιος

2411 3798 2660 3864 γενέσθαι
2697 3803 2834 3870 μετὰ
2855 3803 3031 3872 νίκην.

2479 3892 2848 3958 Μοσχίωνος.
2884 3921 2954 3935 -
3001 3896 3087 3949 Ἐν
3111 3891 3194 3963 οἷς
3237 3901 3496 3972 πλήττειν
3539 3905 3732 3972 ἄλλους
3759 3910 3995 3977 ἐθέλεις,

2409 3980 2466 4031 ἐν
2494 3982 2704 4044 τούτοις
2735 3983 2941 4055 βλάϐην
2974 3985 3163 4052 ἔλπιζε
3187 3990 3287 4062 τὴν
3314 3995 3557 4062 μείζονα.

2494 4153 2872 4250 Ἐπικούρου.
2901 4191 2972 4202 -
3004 4162 3230 4233 Ἐχθροῦ
3253 4166 3538 4238 δεηθέντος
3580 4172 3656 4244 μὴ
3709 4177 3987 4250 ἀποστρα-

2411 4249 2516 4317 φῇς
2551 4248 2646 4318 τὴν
2675 4251 2900 4316 ἀξίωσιν
2931 4269 2947 4284 ο
2978 4255 3120 4328 πλην
3170 4261 3471 4329 ασφαλίζου
3522 4269 3768 4323 σεαυτόν.
3821 4248 3992 4328 Οὐδὲν

2408 4338 2518 4410 γὰρ
2547 4341 2707 4404 κυνὸς
2738 4342 3004 4414 διαφέρει.

2483 4433 2854 4524 Θεοπόμπου.
2888 4464 2949 4474 -
2987 4437 3260 4504 Σπούδαζε
3293 4442 3394 4506 τὰς
3429 4444 3527 4514 μὲν
3563 4446 3786 4519 ἔχθρας,
3809 4453 3991 4524 ὀλιγο-

2412 4522 2656 4590 χρονίους
2683 4525 2957 4580 ποιεῖσθαι
2987 4542 3002 4556 ’
3035 4529 3132 4593 τὰς
3173 4530 3232 4583 δὲ
3282 4533 3522 4602 ἀγάπας,
3575 4522 3987 4615 πολυχρονίους.

2475 4701 2789 4796 alexim“.
2822 4731 2893 4741 —
2917 4706 3172 4778 Αἰσχίνης
3227 4712 3256 4764 6
3312 4714 3518 4786 ῥήτωρ,
3558 4721 3696 4787 μετὰ
3725 4723 3788 4777 τὸ
3835 4727 3990 4796 Ἀθη-

2405 4791 2589 4854 ναίους
2634 4793 2796 4846 αὐτοῦ
2850 4799 3352 4869 καταψηφίσασθαι,
3408 4811 3786 4880 Δημοσθένους
3831 4791 3989 4880 αὐτῶ

2409 4880 2606 4981 μυρίας
2649 4882 2897 4981 Ἀττικὰς
2923 4887 3262 4981 πέμψαντος,
3295 4895 3391 4947 καὶ
3418 4900 3680 4967 γενναίως
3714 4906 3816 4977 τὴν
3845 4879 3987 4981 περί.

2409 4972 2622 5025 ίστασιν
2658 4974 2877 5071 ,φέρειν
2899 4980 3368 5071 παρακαλοῦντος,
3396 4990 3505 5042 Καὶ
3551 4994 3690 5058 πῶς,
3707 4972 3850 5071 ἠδη,
3885 4972 3983 5055 6'6-

2404 5080 2574 5130 νημαι
2607 5064 2684 5163 μη
2719 5065 3004 5123 λυπεῖσθαι
3036 5077 3292 5143 τοιαύτης
3333 5077 3731 5151 ὲκὸαλλόμενος
3761 5064 3988 5163 πατρί-

2405 5153 2511 5214 εος,
2551 5154 2607 5204 ἐν
2743 5160 2791 5207 οἱ
2846 5158 3194 5229 ἀδικηθέντες
3242 5165 3336 5218 καὶ
3389 5172 3802 5240 προσωφελοῶι
3857 5148 3987 5244 τδὺῖ

2406 5245 2722 5300 ἀδικοῧντατ
2756 5268 2765 5298 1

2943 5431 3163 5484 ΛΟΓΟΣ
3210 5433 3306 5488 ΞΖ¹
3348 5436 3414 5490 ⁸⁵.

2809 5520 2949 5591 Περὶ
3005 5524 3146 5588 βίου
3203 5527 3563 5604 ἀνωμαλίας.

2477 5610 2664 5665 Ἰωάν.
2723 5619 2822 5678 ις’.
2855 5646 2925 5656 ——
2962 5617 3156 5690 Ἀμὴν,
3186 5622 3333 5694 ἀμὴν
3356 5625 3500 5697 λέγω
3526 5629 3676 5702 ὑμῖν,
3703 5634 3784 5689 ὅτι
3817 5639 3984 5694 κλαύ-
