4200 6440
212 380 350 443 1005

1513 378 1678 439 LOCI
1719 374 2148 439 CDMMUNES.

3303 380 3439 449 1006

208 501 331 538 σετε
366 483 461 538 καὶ
488 481 787 554 θρηνήσετε
820 480 1000 554 ὑμεῖς,
1025 483 1055 535 ὁ
1090 481 1148 536 δὲ
1188 481 1389 551 κόσμος
1437 483 1733 553 χαρήσεται
1765 498 1777 509 ·

1890 482 2180 551 plorabitis
2204 494 2258 539 et
2293 485 2499 541 ﬂebitis
2522 501 2620 541 vos
2644 505 2658 554 ;
2687 488 2929 545 mundus
2952 501 3134 546 autem
3157 493 3438 562 gaudebit;

206 574 322 627 ἀλλ’
351 575 385 643 ἡ
436 573 578 642 λύπη
634 570 789 642 ὑμῶν
825 572 906 634 είς
954 572 1127 642 χαρὰν
1167 572 1477 641 γενήσεται.
1539 572 1603 623 'H
1649 570 1786 640 γυνὴ

205 664 337 716 ὅταν
370 661 547 731 τίκτῃ,
572 659 750 729 λύπην
790 658 925 729 ἔχει,
969 660 1053 712 ὅτι
1099 653 1261 727 ἦλθεν
1318 660 1350 727 ἡ
1396 657 1517 729 ὥρα
1571 658 1742 725 αὑτῆς
1769 673 1783 687 ’

205 751 339 803 ὅταν
367 748 422 801 δὲ
452 749 692 821 γεννήσῃ
716 746 778 800 τὸ
798 747 1034 814 παιδίον,
1064 749 1165 801 οὑκ
1187 746 1269 800 ἔτι
1305 747 1634 818 μνημονεύει
1685 746 1785 816 τῆς

205 840 441 910 θλίψεως
468 838 559 891 διά
584 838 683 908 τὴν
713 837 914 911 χαράν,
945 838 1025 891 ὅτι
1049 836 1316 908 ἐγεννήθη
1368 836 1652 908 ἄνθρωπος
1703 837 1787 894 είς

202 932 300 985 τὸν
330 933 557 1001 κόσμον.

272 1022 359 1079 A'.
397 1027 518 1092 Τιμ.
535 1022 610 1087 ς’.
628 1050 695 1062 --
718 1023 842 1085 Τοῖς
868 1019 1141 1083 πλουσίοις
1172 1021 1228 1074 ὲν
1251 1019 1329 1090 τῷ
1348 1018 1442 1072 νῦν
1464 1018 1617 1071 αἰῶνι
1640 1036 1776 1088 παρα

203 1114 443 1183 ἀγγελλε
502 1116 577 1185 μὴ
655 1108 1085 1182 ὑψηλοφρονεῖν,
1146 1109 1279 1181 μηδὲ
1357 1108 1646 1178 ἠλπικέναι
1691 1109 1783 1161 ἐπὶ

203 1206 442 1259 πλούτου
473 1203 788 1276 ἀδηλότητι,
812 1202 928 1255 ἀλλ’
967 1202 1026 1254 ὲν
1052 1200 1130 1270 τῷ
1163 1199 1282 1269 Θεῷ
1312 1198 1390 1268 τῷ
1416 1199 1597 1261 ζῶντι.

278 1297 498 1361 Σολομ.
525 1292 608 1357 β’.
630 1323 700 1334 -
723 1288 944 1354 Kent;
980 1293 1015 1362 ἡ
1207 1290 1266 1341 ὲν
1292 1290 1437 1360 ῥισὶν
1464 1288 1620 1359 ἡμῶν
1648 1305 1661 1317 ·
1689 1288 1784 1340 καὶ

205 1385 607 1454 παρελεύσεται
631 1386 659 1436 ὁ
685 1384 799 1452 βίος
822 1382 980 1454 ἡμῶν
1021 1381 1095 1446 ὡς
1150 1382 1269 1452 ἴχνη
1326 1380 1576 1451 νεφέλης.
1620 1378 1784 1441 Σκιάς

205 1476 318 1546 γάρ
344 1475 575 1547 πάροδος
606 1476 634 1527 ὁ
663 1473 776 1544 βίος
800 1474 977 1545 ἡμῶν.

278 1569 499 1634 Σολομ.
535 1569 601 1619 ε’.
632 1594 703 1603 -
732 1564 797 1616 Τί
826 1562 1107 1633 ὠφέλησεν
1162 1562 1308 1632 ἡμᾶς
1346 1562 1380 1631 ἡ
1437 1560 1781 1629 ὑπερηφανία

206 1656 412 1726 ήμῶνς
454 1656 518 1708 Τί
568 1658 598 1709 ό
639 1656 871 1718 πλοῦτος
908 1655 1046 1725 μετὰ
1069 1652 1390 1717 ἀλαζονείας
1415 1650 1781 1722 συμϐέὸληται

206 1747 346 1817 ἡμῖν
377 1763 393 1813 ;
427 1746 678 1818 Παρῆλθε
709 1748 887 1801 πάντα
920 1747 1101 1799 ἐκεῖνα
1124 1746 1198 1808 ὡς
1238 1743 1389 1810 σκιὰ,
1417 1744 1513 1796 καὶ
1558 1742 1634 1805 ὼς
1683 1743 1785 1809 ἀγ·

1888 574 1982 628 sed
2009 576 2168 631 dolor
2189 585 2374 632 vester
2403 586 2654 632 vertetur
2685 579 2739 633 in
2770 580 3051 648 gaudium.
3076 581 3292 647 Mulier,
3321 600 3443 639 cum

1886 667 2051 735 parit,
2079 668 2325 723 dolorem
2355 668 2540 732 habet,
2571 670 2698 739 quin
2724 672 2877 725 venit
2926 673 3057 726 hora
3109 674 3267 742 ejus;
3322 692 3447 730 cum

1885 764 2066 811 autem
2093 762 2373 829 pepererit
2422 776 2678 831 puerum,
2712 765 2821 833 jam
2856 778 2965 818 non
2993 765 3245 818 meminit
3274 781 3449 836 angu-

1889 847 2028 913 stiae,
2061 865 2173 919 pra:
2205 852 2427 921 gaudio,
2464 853 2593 922 quia
2624 864 2786 909 natus
2818 863 2903 909 est
2932 856 3096 910 homo
3138 858 3193 911 in
3222 857 3444 912 mundo.

1952 1026 1983 1082 1
2008 1028 2138 1081 Tim.
2163 1044 2236 1091 vr,
2274 1028 2358 1083 17.
2394 1061 2462 1070 —-
2486 1030 2761 1087 Divitibus
2788 1032 2952 1103 hujus
2983 1036 3165 1089 saeculi
3219 1036 3455 1105 praecipe

1889 1133 1999 1173 non
2028 1119 2266 1173 sublime
2296 1136 2510 1190 sapere,
2530 1137 2633 1178 nec
2656 1138 2878 1192 sperare
2907 1124 2961 1178 in
2998 1125 3210 1182 incerto
3237 1126 3457 1182 divitia-

1887 1224 2025 1273 rum,
2052 1210 2149 1265 sed
2189 1211 2241 1264 in
2268 1212 2380 1265 Deo
2406 1213 2532 1267 vivo

1958 1300 2090 1371 Sap.
2126 1318 2183 1364 ιι,
2214 1302 2282 1368 2;
2328 1319 2405 1366 Ill,
2449 1304 2502 1375 5.
2550 1334 2619 1344 -
2650 1304 2854 1360 Fumus
2904 1304 3067 1363 ﬂatus
3114 1306 3171 1360 in
3226 1307 3458 1362 naribus

1886 1392 2111 1446 nostris.
2153 1393 2257 1447 Et:
2289 1394 2570 1450 Transibit
2610 1396 2721 1449 vita
2761 1405 2947 1450 nostra
2977 1397 3127 1451 sicut
3164 1396 3454 1466 vestigium

1882 1482 2131 1537 nebulae:
2166 1484 2375 1538 umbra:
2410 1485 2561 1539 enim
2595 1487 2864 1540 transitus
2892 1495 2976 1541 est
3005 1487 3116 1540 vita
3139 1496 3348 1542 nostra.

1951 1569 2161 1640 Sup.v,
2214 1571 2267 1625 8.
2296 1603 2366 1612 —
2394 1573 2539 1639 Quid
2588 1575 2751 1629 nobis
2798 1575 3007 1645 profuit
3048 1576 3309 1646 superbia
3359 1592 3458 1631 no-

1889 1659 2043 1712 stra?
2073 1658 2213 1724 Quid
2247 1661 2454 1716 divitia:
2486 1678 2611 1717 cum
2642 1664 2903 1733 jactantia
2925 1664 3088 1719 nobis
3131 1664 3460 1719 contulere?

1885 1749 2243 1806 Transierunt
2270 1753 2457 1807 omnia
2481 1754 2574 1807 illa
2600 1763 2859 1824 tanquam
2881 1755 3096 1819 umbra,
3120 1764 3178 1810 et
3200 1763 3456 1825 tanquam

206 1839 366 1908 γελία
414 1839 775 1910 διατρέχουσα
799 1854 815 1869 ⁸
855 1838 931 1900 ὡς
976 1837 1108 1902 ναῦς
1155 1835 1482 1908 διερχομένη
1534 1833 1790 1904 κυμαινό-

1892 1842 2120 1898 nuntius
2152 1851 2570 1910 transcurrens;
2600 1854 2861 1915 tanquam
2887 1844 3042 1900 navis
3063 1860 3186 1915 qua:
3212 1846 3459 1914 praeterit

209 1946 378 2001 μενον
412 1929 575 2001 ὕδωρ,
604 1926 672 2000 ἧς
714 1930 979 2000 διαϐάσης
1026 1929 1125 1983 οὑκ
1183 1928 1332 1981 ἐστιν
1377 1925 1521 1997 ἴχνος
1583 1926 1785 1995 εὑρεῖν,

206 2023 333 2076 οὑδὲ
364 2025 607 2097 ἀτραπὺν
641 2024 867 2093 πορείας
890 2024 1063 2093 αὑτῆς
1095 2021 1174 2093 (g)
1204 2023 1262 2074 ὲν
1290 2019 1549 2090 κύμασιν,
1579 2016 1657 2080 ὡς
1699 2017 1790 2086 όρ-

208 2114 337 2168 νέου
371 2114 694 2179 διαπτάντος
734 2116 877 2187 ἀέρα
930 2114 1083 2168 οὐδὲν
1134 2112 1449 2184 εὑρίσκεται
1490 2108 1789 2180 τεκμήριον

206 2207 463 2279 πορείας.

281 2297 489 2366 Σιρὰχ.
556 2300 651 2350 ια’.
694 2322 769 2336 -
814 2292 1007 2347 Πολλοὶ
1068 2290 1327 2363 τύραννοι
1392 2289 1652 2345 ἐκάθισαν
1698 2289 1790 2344 ἐπὶ

209 2385 446 2454 ἐδάφους
485 2386 561 2455 (Ιι)
596 2400 609 2415 ο
641 2386 671 2438 ὁ
725 2383 783 2437 δὲ
834 2384 1202 2454 άνυπονόητος
1251 2382 1478 2454 ὲφόρεσε
1532 2380 1787 2452 διάδημα.

284 2565 630 2619 Βασιλείου.
678 2594 746 2604 -
782 2563 995 2634 ’Ὥσπερ
1048 2557 1141 2617 οὖν
1186 2562 1464 2616 θάλασσαν
1514 2558 1793 2629 ἀμήχανον

210 2659 309 2711 ἐπὶ
364 2657 497 2710 πολὺ
525 2656 624 2727 τὴν
673 2656 843 2723 αὐτὴν
885 2652 1301 2726 διαρκέσαιστὴν
1341 2653 1449 2723 γὰρ
1503 2650 1598 2705 νῦν
1646 2649 1795 2703 λείαν

210 2750 314 2804 καὶ
346 2747 643 2819 σταθηρὰν,
672 2746 869 2819 μικρὸν
920 2745 1149 2816 ὓστερον
1204 2743 1325 2813 ὕψει
1383 2741 1524 2812 βίαις
1579 2739 1795 2808 ἀνέμων

211 2840 627 2913 τραχυνομένην
654 2855 669 2870 ⁸
723 2839 820 2892 καὶ
885 2836 1047 2890 πάλιν
1102 2835 1202 2904 τὴν
1262 2832 1650 2903 ἀγριαίνουσαν
1704 2829 1798 2899 καὶ

214 2933 602 3005 βρασσομένην
625 2931 703 3001 τῷ
729 2930 978 2993 κλύδωνι,
1015 2928 1205 2999 βαθεῖα
1238 2926 1444 2997 γαλήνη
1474 2920 1797 2992 κατεστόρε-

216 3041 315 3078 σεν
342 3062 358 3089 ,
402 3024 543 3077 οὑτω
574 3022 756 3076 καὶτὰ
777 3019 874 3074 τοῦ
909 3020 1022 3090 βίου
1055 3019 1356 3089 πράγματα
1407 3013 1603 3087 ῥᾳδίως
1656 3013 1798 3082 λαμ-

216 3118 375 3172 6άνει
405 3113 776 3186 περιστροφάς
799 3112 885 3179 ἐφ’
909 3112 1165 3181 ἑκάτερα.

295 3203 615 3271 Θεολόγου.
648 3229 718 3241 ——
744 3198 909 3251 Φύσει
940 3197 1041 3267 μὲν
1069 3195 1222 3248 οὐδὲν
1276 3193 1385 3248 τῶν
1442 3192 1796 3264 ἀνθρωπίνων

221 3293 447 3364 βέϐαιον
501 3292 624 3346 οὑδὲ
677 3290 881 3361 ὁμαλὸν
925 3288 1051 3343 οὑδὲ
1086 3286 1359 3357 αὔταρκες
1382 3301 1397 3318 °
1430 3285 1567 3339 ἀλλὰ
1599 3284 1798 3346 κύκλος

215 3403 309 3450 τις
360 3386 469 3440 τῶν
502 3384 788 3456 ἡμετέρων
837 3378 1152 3452 περιτρέχει
1203 3378 1559 3450 πραγμάτων,
1611 3376 1797 3431 ἄλλοτε

219 3475 395 3541 ἄλλας
425 3476 518 3530 ἰπὶ
550 3476 678 3547 μιᾶς
713 3473 927 3546 ἡμέρας
957 3470 1237 3534 πολλάκις,
1290 3468 1405 3521 εστι
1457 3464 1512 3520 δὲ
1566 3469 1655 3521 ὅτε
1705 3466 1801 3519 καὶ

219 3571 397 3642 ὥρας,
430 3567 615 3638 φέρων
651 3564 996 3637 μεταϐολάςο
1043 3562 1139 3615 καὶ
1186 3557 1380 3631 αὔραις
1428 3556 1628 3628 μᾶλλόν
1684 3557 1799 3608 ἔστι

220 3659 510 3716 πιστεύειν
536 3658 635 3729 οὑχ
662 3656 1000 3727 ίσταμέναις,
1053 3654 1148 3707 καὶ
1198 3653 1324 3722 νηὸς
1365 3646 1800 3719 ποντοπορούσης

223 3751 453 3820 ἴχνεσιν,
506 3744 603 3800 καὶ
642 3746 835 3808 νυκτὸς
889 3742 1191 3813 ἀπατηλοῖς
1224 3740 1517 3810 ὀνείρασιν,
1562 3730 1635 3790 ὧν
1666 3736 1799 3806 πρὸς

222 3839 415 3908 ὀλίγον
440 3839 474 3908 ἠ
507 3836 667 3909 χάρις
691 3876 708 3903 ,
735 3838 831 3891 καὶ
873 3836 973 3889 ὅσα
1021 3833 1165 3888 κατά
1195 3834 1420 3904 ψάμμον
1469 3829 1655 3894 παῖδες
1708 3845 1800 3881 τυ·

225 3930 397 3986 ποῦσι
422 3928 731 3994 παίζοντες,
756 3928 791 3998 ἢ
817 3925 1121 3997 ἀνθρώπων
1151 3923 1495 3995 εὐημερίαις.

303 4130 607 4197 Χρυσοστ.
638 4155 709 4168 -
739 4127 951 4197 Ὠσπερ
974 4126 1083 4197 γὰρ
1108 4125 1142 4196 ἠ
1165 4124 1276 4179 τῶν
1303 4123 1572 4178 πλουσίων
1597 4124 1803 4179 ὑδάτων

228 4219 401 4290 φορὰ,
429 4214 698 4289 δεξαμένη
724 4216 785 4271 τὸ
805 4217 1081 4289 ἐπιρρέον,
1105 4217 1458 4287 πομφόλυγας
1478 4217 1802 4289 διανίστησιο

228 4312 334 4366 καὶ
384 4313 442 4365 αἱ
505 4312 604 4381 μὲν
661 4310 839 4364 αὑτῶν
889 4310 1006 4380 ἅμα
1048 4308 1129 4379 τῷ
1172 4307 1425 4377 γενέσθαι
1468 4309 1803 4381 ὲρῤάγησαν,

226 4404 292 4457 al
354 4402 413 4455 δὲ
457 4400 645 4455 πλεῖον
677 4400 1023 4470 ὀγκωθεῖσαι,
1060 4399 1354 4470 μετέπειτα
1391 4400 1485 4453 καὶ
1513 4400 1677 4453 αὑταὶ
1710 4403 1804 4471 ep-

1888 1934 2241 1990 lluctuantem
2269 1950 2487 2005 aquam,
2513 1937 2694 2007 cujus,
2713 1951 2838 1992 cum
2862 1936 3214 2006 przeterierit,
3236 1950 3348 1991 non
3374 1946 3459 1991 est

1888 2022 2185 2093 vestigium
2226 2023 2502 2089 invenire,
2550 2039 2729 2093 neque
2772 2025 3021 2079 semitam
3078 2024 3181 2079 via:
3232 2025 3353 2093 ejus
3402 2023 3459 2077 in

1897 2111 2196 2178 ﬂuctibus;
2269 2113 2415 2167 sicut
2462 2112 2589 2167 avis’
2627 2114 2965 2182 pervolantis
3013 2128 3196 2169 aerem
3248 2113 3460 2169 nullum

1890 2200 2171 2259 invenitur
2193 2200 2455 2259 indicium
2492 2205 2725 2260 itineris.

1961 2294 2128 2351 Eccli.
2167 2311 2242 2361 χι,
2273 2297 2326 2351 5.
2357 2325 2427 2339 -ο
2456 2296 2610 2351 Multi
2638 2298 2855 2367 tyranni
2899 2298 2954 2351 in
2976 2297 3114 2354 solio
3141 2295 3369 2364 sedere;
3404 2306 3463 2352 et

1891 2388 1959 2442 de
1990 2403 2103 2457 quo
2138 2387 2325 2442 nullus
2370 2402 2610 2457 unquam
2641 2387 2956 2458 suspicatus
2994 2395 3160 2453 esset,
3208 2386 3461 2443 diadema

1893 2478 2145 2549 gestavit.

1968 2567 2177 2623 Basilii.
2209 2599 2279 2609 —
2302 2567 2777 2634 Quemadmodum
2807 2568 2925 2624 ﬁeri
2962 2569 3177 2640 nequit,
3209 2576 3273 2624 ut
3313 2583 3464 2625 mare

1865 2659 2111 2714 .diutius
2155 2657 2300 2713 idem
2337 2659 2513 2728 ipsum
2545 2669 2900 2728 perseveret:
2934 2659 3080 2725 quod
3129 2659 3278 2715 enim
3314 2674 3467 2713 nunc

1897 2751 2173 2821 placidum
2205 2767 2269 2806 ac
2301 2751 2659 2819 tranquillum
2691 2760 2798 2814 est,
2831 2750 2984 2804 brevi
3011 2759 3136 2820 post
3172 2758 3464 2806 ventorum

1896 2841 1949 2894 vi
1980 2840 2293 2910 exasperari
2340 2840 2690 2909 conspicies;
2729 2832 2893 2909 683
2926 2838 3281 2909 vicissimque
3339 2854 3468 2894 exa-

1897 2940 2179 3001 speratum
2232 2946 2297 2985 ac
2353 2930 2595 2999 procella
2640 2941 2965 2993 exaestuans,
3011 2931 3119 2983 alta
3167 2930 3468 2984 constravit

1899 3022 2208 3092 sopivitque
2248 3016 2646 3090 tranquillitas:
2685 3019 2754 3073 ad
2796 3034 2922 3073 eum
2970 3018 3193 3075 modum
3224 3020 3350 3075 vita:
3383 3035 3468 3076 re-

1901 3128 2024 3166 rum
2052 3110 2232 3166 facilis
2254 3111 2323 3166 ad
2348 3106 2675 3163 utrumlibet
2703 3108 2947 3164 inversio
2975 3117 3078 3163 est.

1972 3202 2237 3273 Theologi.
2301 3232 2371 3242 —
2429 3199 2804 3255 Humanarum
2853 3215 3041 3256 rerum
3085 3199 3226 3257 nihil
3272 3210 3468 3256 natura

1902 3292 2121 3348 ﬁrmum
2148 3302 2244 3348 aut
2277 3293 2565 3362 aequabile,
2598 3292 2686 3347 vel
2710 3291 2817 3347 sibi
2851 3292 3163 3360 sutliriens;
3195 3293 3292 3349 sed
3317 3294 3470 3348 orbis

1901 3385 2128 3454 quidam
2153 3400 2342 3439 rerum
2383 3395 2697 3439 nostrarum
2740 3381 3006 3439 continuo
3045 3383 3301 3450 vertitur,
3335 3383 3471 3439 alias

1901 3472 2010 3530 alio
2059 3491 2166 3530 una
2209 3473 2533 3545 plerumque
2585 3473 2699 3539 die,
2750 3474 3080 3544 quandoque
3126 3489 3260 3529 vero
3303 3475 3469 3529 etiam
3539 3542 3544 3547 ν

1901 3566 2120 3631 horula,
2157 3566 2488 3620 mutationes
2518 3565 2736 3630 ferens;
2781 3573 3116 3634 praestetque
3148 3563 3299 3618 auris
3331 3564 3470 3619 nihil

1901 3657 2357 3720 consistentibus,
2384 3656 2648 3725 navisque
2678 3664 2905 3724 pontum
2928 3654 3165 3709 secantis
3199 3654 3467 3723 vestigiis,

1901 3754 1997 3799 aut
2023 3745 2156 3799 falsa
2187 3742 2504 3799 ludentibus
2544 3743 2725 3813 specie
2760 3742 2939 3797 noctis
2987 3741 3280 3796 insomniis
3306 3742 3470 3812 (quo-

1902 3847 2024 3887 rum
2077 3834 2144 3888 ad
2204 3833 2463 3903 pusillum
2503 3828 2676 3903 gratia
2724 3832 2851 3902 est),
2906 3828 3174 3902 quidquid
3227 3833 3469 3901 denique

1906 3921 2065 3991 pueri
2102 3923 2235 3978 ludo
2291 3923 2345 3976 in
2404 3938 2570 3977 arena
2618 3922 2920 3989 delineant,
2971 3937 3134 3992 quam
3192 3923 3471 3992 prosperis

1903 4013 2189 4069 hominum
2223 4012 2388 4067 rebus
2419 4012 2667 4069 credere.

1974 4126 2241 4197 Chrysost.
2273 4156 2341 4167 -—
2367 4124 2839 4191 Quemadmodum
2867 4126 3014 4179 enim
3047 4126 3271 4195 copioso
3310 4126 3469 4182 latice

1905 4218 2053 4273 aucti
2100 4217 2266 4272 rivuli
2330 4216 2621 4271 intlnentcs
2679 4231 2848 4285 aquas
2902 4217 3242 4285 excipientes
3293 4216 3472 4271 bullas

1903 4308 2164 4371 excitant,
2195 4307 2423 4375 aliisque
2467 4321 2590 4359 mox
2640 4314 2780 4360 nata:
2812 4305 3203 4374 ell‘ringuntur,
3242 4306 3470 4375 aliaeque

1906 4399 2098 4470 majori
2124 4409 2337 4453 tumore
2356 4397 2627 4459 distentae,
2652 4395 2778 4464 ipsa:
2799 4411 3015 4464 quoque
3040 4405 3224 4463 postea
3264 4395 3471 4450 dirum-

231 4495 488 4565 ράγησαν
519 4508 535 4525 ο
570 4492 661 4546 τὸν
700 4492 861 4546 αὑτὸν
911 4492 1108 4562 τρόπον
1156 4494 1191 4561 ἡ
1244 4490 1488 4544 θάλασσα
1541 4490 1636 4543 τοῦ
1684 4483 1793 4562 βίου

1908 4502 2149 4563 puntur;
2176 4489 2257 4543 sic
2287 4496 2343 4543 et
2392 4487 2578 4541 smculi
2623 4500 2792 4547 mare,
2833 4486 2972 4540 alios
3018 4486 3299 4555 paululum
3343 4487 3471 4541 illu-

227 4583 452 4648 τούτου,
502 4584 629 4647 τοὺς
682 4582 782 4653 μὲν
829 4582 1011 4649 ὀλίγον
1062 4581 1327 4650 φανέντας
1383 4580 1643 4651 ἐκάλυψε,
1680 4583 1805 4645 τοὺς

230 4674 294 4727 δὲ
325 4674 603 4728 ἑπιπλεϊοδ
628 4672 1020 4744 διαρκέσαντας
1051 4671 1147 4725 καὶ
1176 4670 1371 4733 αὑτοὺς
1398 4672 1804 4725 κατεπόντισεν.

1905 4592 2116 4646 centes,
2149 4580 2405 4651 operuit;
2446 4578 2581 4632 alios
2633 4577 2797 4647 paulo
2844 4568 3081 4648 amplius
3143 4579 3471 4647 superstites

1907 4682 2071 4744 atque
2100 4680 2399 4736 exstantes,
2431 4670 2581 4740 ipsos
2609 4682 2835 4738 quoque
2874 4668 3146 4739 profundo
3186 4670 3395 4725 mersit.

1737 4812 1969 4869 NOTAE.

333 4930 388 5001 g)
421 4929 571 4984 Οὐδὲ
603 4929 870 5001 ἀτραπρν
897 4928 1140 5001 πορείας
1164 4925 1374 5001 αὐτῆς.
1401 4927 1805 5001 δίδῑεᾶτραπον

234 4998 485 5073 τρόπιος,
524 5007 579 5073 ut
623 4998 868 5073 et_Vulg_.
916 5000 1157 5073 semigam
1196 4998 1412 5073 cariliai.
1440 4998 1803 5073 Codex'AIeit.

236 5066 781 5143 c‘pémwginsolito
806 5066 1063 5143 gignendi
1098 5066 1552 5143 casu.__Rel'er_tur
1595 5075 1653 5122 et
1678 5070 1807 5143 τρό-

239 5134 399 5216 πίδος
417 5154 484 5193 ex
508 5140 675 5216 A_rist.
698 5134 999 5216 thidiaste
1020 5137 1180 5216 Arg_.;
1217 5134 1430 5216 aliaque
1459 5136 1666 5216 habent
1692 5134 1808 5208 τ’ρί-

238 5211 360 5266 6ον.
413 5210 660 5263 semitam
714 5208 958 5271 viarum,-
1000 5204 1146 5276 quod
1203 5204 1430 5274 pr0pius
1489 5215 1573 5261 est
1615 5204 1808 5262 nostro

241 5279 487 5341 Maximi,
517 5276 756 5347 πορείας.

317 5350 394 5415 (Ir)
439 5342 762 5401 Ἐκάόισαν
784 5345 889 5415 ,ἐπ’
924 5342 1201 5411 ἐδάφους.
1241 5342 1399 5415 Humi
1432 5346 1487 5398 in
1519 5344 1630 5400 solo
1658 5357 1808 5401 sede-

244 5414 395 5471 runt.
429 5418 523 5471 Sic
564 5416 738 5484 palam
768 5414 974 5484 Graeca.
1003 5428 1122 5484 pro
1148 5425 1259 5480 quo
1296 5414 1453 5484 Vulg.
1483 5416 1727 5469 sederunt
1752 5419 1805 5469 in

246 5491 466 5551 throno;
510 5482 782 5555 putatque
808 5483 1084 5555 Nobilius
1134 5497 1201 5535 ex
1228 5482 1352 5555 solo
1407 5482 1613 5539 factum
1654 5486 1805 5550 solio,

245 5552 705 5630 quod_qni'spiam’
733 5553 931 5607 deinde
972 5552 1267 5630 multaverit
1301 5554 1523 5608 throno:
1548 5556 1693 5630 quod
1725 5565 1806 5609 tn-

248 5620 376 5681 men
406 5620 635 5679 Romani
659 5632 997 5694 correctores
1026 5620 1159 5674 nihil
1185 5633 1484 5687 mutarunt,
1512 5620 1806 5694 ancipitem

250 5698 434 5752 locum
489 5701 836 5752 putaverunt.
890 5692 1081 5744 Fateor
1128 5707 1237 5744 non
1277 5706 1566 5748 occurrere
1615 5692 1804 5751 vocem

248 5764 468 5820 atlinem
491 5760 623 5816 huic
650 5763 895 5831 ἐδάφους,
929 5776 1050 5829 qua:
1074 5760 1269 5814 solium
1302 5763 1385 5815 vel
1415 5764 1673 5817 thronum
1706 5781 1803 5834 po-

1907 4929 2075 4984 tuerit
2104 4943 2333 4998 parere:
2365 4928 2590 4996 perinde
2618 4938 2797 4981 tamen
2843 4925 2965 4997 Syr.
3001 4932 3057 4980 ct
3086 4927 3251 4982 Arab.
3299 4928 3473 4983 unde-

1909 5014 2126 5068 cunque
2149 4998 2471 5068 hauserint;
2505 4998 2597 5066 qui
2623 5005 2679 5068 et
2700 4998 3168 5068 lyr-annivocem,
3210 5000 3474 5068 nonsatis

1909 5065 2215 5149 commode,
2247 5066 2491 5149 despecti,
2527 5065 2803 5149 ignobiles.
2816 5065 3088 5149 reddunt;
3118 5067 3477 5149 cum__sit_poo

1910 5140 2039 5201 tius,
2070 5153 2236 5207 reges,
2268 5134 2525 5206 principes
2550 5134 2569 5198 ξ
2610 5136 2661 5207 in
2691 5134 2893 5203 quibus
2914 5136 3034 5204 ejus
3078 5134 3476 5207 vicissitudinis

1909 5208 2054 5263 clara
2089 5205 2237 5260 oinni
2270 5205 2404 5260 revo
2436 5205 2705 5272 exempla,
2754 5212 3051 5273 nostroque
3098 5205 3297 5273 smpius
3320 5206 3431 5259 visa
3458 5226 3469 5259 :

1910 5292 1973 5330 ac
2011 5291 2149 5344 pene
2206 5274 2447 5344 coronis,
2496 5275 2570 5344 in"
2598 5288 2720 5344 meo
2758 5288 2966 5344 pauper
2998 5288 3217 5344 merens
3255 5275 3470 5337 ordine.

1910 5340 2356 5415 religiosissimus
2405 5343 2465 5397 P.
2536 5343 2625 5397 Fr.
2688 5340 3031 5415 Dominicusi
3068 5340 3470 5415 Othomannus.

1910 5413 2129 5468 lbratmi
2164 5414 2231 5483 (si
2260 5422 2612 5483 tamengvgera
2655 5426 2842 5483 rumor
2888 5413 3153 5483 loquitur)
3202 5417 3475 5483 primoge-

1909 5486 2075 5544 nitus,
2106 5481 2220 5552 ipSe
2256 5481 2471 5550 imperii
2502 5481 2800 5535 Turcarum
2821 5481 3014 5544 hzeres,
3046 5482 3151 5535 nisi
3181 5481 3304 5535 eum
3346 5481 3477 5536 Pro-

1910 5551 2145 5607 videntia
2174 5552 2375 5606 Christi
2407 5552 2727 5605 militantem
2769 5551 2907 5614 acie,
2945 5567 3008 5604 ac
3052 5552 3472 5606 Pmdicaloruni

1906 5625 2223 5692 impleutem
2264 5636 2521 5685 cuneum,
2585 5635 2778 5692 magno
2832 5620 2909 5692 illi
2954 5631 3176 5690 parente
3223 5621 3474 5691 duceque

1910 5690 2210 5754 Doininiro,
2238 5691 2448 5744 meliori
2488 5691 2718 5759 imperio
2746 5690 3092 5744 destinasset.
