4200 6440
739 364 869 429 10137

1900 375 1957 429 S.
1994 369 2278 429 MAXIM!
2320 367 2461 425 CON’
2474 365 2828 425 FESSORIS

3867 358 4007 422 1008

804 478 1070 545 Prospere
1107 479 1433 532 cedentibus
1488 481 1587 531 tibi
1622 479 1901 540 omnibus,
1948 477 2307 533 mulationem

2492 475 2715 527 Πάντων
2784 491 2877 526 σου
2922 473 3033 526 τῶν
3091 472 3439 544 πραγμάτων
3500 470 4004 539 κατευοδουμένων,

733 579 1025 637 exspecta;
1082 570 1429 640 vicissimque
1523 572 1823 640 inepiuatis
1883 570 2040 623 malis
2095 570 2311 621 cinctus

735 660 977 730 undique
1010 678 1072 715 ac
1104 662 1419 725 obvolutus,
1448 678 1570 733 qua:
1604 664 1783 716 fausta
1808 663 1919 715 sint
1964 678 2025 713 ac
2070 660 2312 713 secunda

732 770 914 822 spera.

802 846 937 899 Viue
966 846 1129 915 hujus
1162 847 1450 915 splendida
1478 864 1541 902 ac
1566 846 1873 914 magniﬁca,
1916 846 2148 900 mortuis
2179 846 2313 914 ipsis

731 938 1058 1005 corporibus
1094 938 1276 991 minus
1320 939 1494 992 utilia.

805 1052 862 1104 In
895 1053 1021 1104 vitm
1050 1067 1247 1105 sereno
1277 1054 1633 1117 constitutus,
1674 1068 1859 1105 rerum
1884 1066 2105 1122 quoque
2139 1050 2314 1104 turbi-

732 1158 857 1196 nem
891 1143 1225 1211 quandoque
1254 1153 1532 1213 exspecta.

802 1253 991 1307 Rebus
1030 1254 1084 1307 iu
1136 1264 1419 1323 aspectum
1465 1255 1796 1309 cadentibus
1838 1255 2180 1325 diligentiam
2218 1254 2315 1307 ba-

732 1347 887 1411 bere,
922 1346 1143 1400 illorqu
1180 1346 1464 1414 proprium
1491 1356 1595 1409 est,
1625 1347 1719 1415 qui
1755 1347 1853 1399 ωνὶ
1886 1345 2056 1399 futuri
2106 1346 2313 1398 nullam

731 1437 917 1491 animo
950 1446 1201 1490 statuunt
1230 1454 1405 1506 spem.

798 1548 879 1601 Ne
912 1547 1075 1601 nobis
1099 1548 1154 1601 in
1190 1548 1393 1603 saeculo
1424 1549 1529 1603 hoc
1563 1548 1742 1602 fraudi
1774 1549 1903 1610 sint,
1936 1563 2059 1617 qua:
2083 1564 2313 1617 praema-

730 1637 930 1707 gniﬁca
958 1652 1021 1692 ac
1054 1638 1343 1707 splendida
1374 1649 1522 1694 sunt.
1556 1640 1791 1694 Prorsus
1816 1640 1965 1694 enim
2001 1648 2311 1701 transeunt,

731 1744 834 1783 nec
860 1728 1161 1799 quidquam
1190 1730 1387 1785 stabile
1422 1740 1528 1796 est,
1564 1747 1781 1797 eorum,
1820 1748 1943 1801 qua:
1984 1733 2039 1785 in
2090 1747 2312 1785 sensum

730 1820 960 1875 cadunt.

796 1934 928 1989 Nili.
953 1964 1024 1974 —
1050 1936 1280 1991 Cunctis
1321 1936 1423 1991 tibi
1454 1936 1622 1992 rebus
1653 1936 1917 1991 secundis
1948 1938 2101 1991 auris
2132 1938 2311 1991 ﬂuen-

728 2024 879 2080 tibus
897 2026 1171 2096 jacturam
1199 2037 1479 2096 exspecta.

797 2138 981 2192 Dionis
1003 2138 1254 2194 Boviani.
1280 2170 1351 2180 —
1373 2140 1531 2194 Multi
1555 2149 1705 2200 sunt,
1730 2140 1825 2209 qui
1868 2140 2129 2196 secundis
2148 2141 2314 2196 rebus

727 2227 969 2289 doleant,
1022 2230 1178 2282 multi
1204 2245 1337 2283 vero
1369 2232 1538 2285 etiam
1568 2231 1663 2301 qui
1708 2232 1761 2283 in
1814 2232 1977 2286 malis
2018 2234 2309 2302 gaudeant.

726 2316 901 2382 Quam
933 2318 1092 2370 multi
1120 2318 1284 2372 etiam
1319 2319 1521 2386 opibus
1539 2319 1851 2384 aﬂluentes,
1886 2320 2073 2375 animo
2100 2337 2312 2391 angun-

730 2412 858 2463 tur!
890 2425 1056 2479 quam
1079 2410 1238 2463 multi
1263 2426 1398 2463 vero
1432 2420 1758 2480 paupertate
1810 2413 2007 2480 pressi,
2046 2413 2153 2467 sibi
2179 2413 2316 2468 deli-

726 2500 842 2555 cias
872 2501 1112 2555 ducunt!
1154 2502 1296 2555 Sunt
1316 2501 1520 2569 quibus
1545 2502 1713 2555 decor
1746 2518 1811 2555 ac
1836 2502 2011 2555 forma
2034 2503 2312 2572 roburque

726 2590 989 2645 damnum
1026 2591 1245 2654 attulit;
1287 2601 1419 2645 sunt
1460 2590 1667 2660 quibus
1724 2592 1907 2660 turpis
1945 2592 2061 2661 ipsa
2100 2593 2315 2662 species

724 2698 791 2737 ac
819 2684 1114 2737 inﬁrmitas
1146 2684 1300 2737 utilis
1326 2683 1451 2736 fuit.
1491 2684 1757 2738 Nonnulli
1799 2699 1993 2753 pacem
2027 2700 2139 2754 pra:
2167 2686 2313 2740 bello

725 2774 953 2840 colunt;
994 2774 1087 2829 alii
1121 2773 1326 2828 bellum
1380 2789 1544 2844 quam
1592 2790 1783 2843 pacem
1836 2777 2067 2831 malunt.
2118 2780 2312 2833 Nonne

724 2865 951 2935 quidam
978 2867 1216 2920 aliorum
1246 2881 1466 2935 semper
1491 2866 1618 2921 fulti
1643 2868 1881 2936 imperio
1915 2886 1979 2923 ac
2003 2870 2309 2935 dominatu,

725 2956 847 3011 dire
868 2957 1184 3027 ejulantur?
1208 2957 1286 3011 Ac
1306 2957 1476 3027 (quod
1505 2959 1831 3025 maximum)
1863 2975 1991 3028 pars
2024 2960 2310 3015 hominum

725 3050 985 3117 plurima,
1040 3048 1187 3116 quod
1243 3048 1439 3101 vivunt
1490 3049 1791 3119 injucunde
1860 3050 2100 3111 habent;
2152 3052 2310 3122 longe

724 3137 973 3205 plurimi,
1018 3138 1255 3191 dulciter
1285 3138 1623 3191 moriuntur.

796 3226 1061 3281 Socrates.
1116 3258 1185 3266 -
1238 3227 1385 3281 Idem
1453 3237 1537 3281 est
1602 3231 1769 3282 rebus
1823 3230 2083 3283 secundis
2134 3232 2305 3284 altum

723 3332 939 3387 sapere,
965 3318 1134 3389 684
1160 3326 1217 3373 et
1242 3319 1331 3372 via
1359 3319 1572 3373 lubrica
1604 3322 1844 3375 stadium
1877 3338 2126 3375 currere.

795 3410 1141 3480 Aristonymi.
1172 3439 1238 3449 -α
1269 3411 1390 3464 Vita
1454 3412 1671 3466 theatro
1692 3412 1888 3466 similis
1923 3424 2025 3467 est.
2060 3413 2306 3483 llineque

724 3498 864 3555 adeo
892 3509 996 3565 est,
1030 3511 1091 3555 ut
1120 3504 1264 3555 haud
1298 3519 1446 3567 raro,
1474 3504 1571 3573 qui
1601 3505 1823 3574 pessimi
1852 3515 2003 3565 sunt.
2036 3506 2090 3559 in
2115 3507 2306 3560 burna-

726 3591 811 3645 nis
833 3592 1103 3659 optimum
1134 3594 1316 3645 locum
1350 3602 1595 3647 teneant.

800 3682 1084 3735 Democrit.
1119 3712 1184 3721 —
1213 3684 1547 3753 Temporum
1587 3684 2086 3751 vicissitudinibus,
2118 3686 2211 3756 qui
2249 3696 2305 3741 et

726 3772 883 3826 valde
908 3781 1163 3841 potentes
1186 3783 1333 3829 sunt.
1360 3775 1726 3830 inﬁrtniorum
1754 3779 2120 3832 necessariam
2144 3793 2303 3846 opem

724 3873 1048 3935 agnoscunt.

789 3954 1213 4025 Hippothomuis.
1257 3986 1325 3994 —
1377 3956 1550 4010 llomo
1595 3972 1719 4010 cum
1775 3958 1873 4021 sis,
1924 3972 2137 4012 memor
2185 3967 2304 4012 esto

723 4048 1033 4100 communis
1057 4050 1291 4100 fortuna:
1325 4064 1390 4101 ac
1425 4048 1611 4101 sortis.

793 4134 1092 4188 Isidori.-—-
1127 4136 1370 4188 Mortalis
1410 4151 1537 4188 cum
1587 4136 1684 4199 sis,
1739 4151 1942 4189 conare
1992 4144 2052 4188 ut
2100 4136 2288 4188 videas

720 4241 845 4295 qua:
883 4233 1034 4278 retro
1060 4233 1207 4277 sunt.

1395 4338 1639 4408 Euripid.

787 4441 931 4515 [νάιοι
960 4445 1013 4495 in
1047 4444 1260 4498 mortali
1296 4446 1511 4513 ﬁrmum
1553 4462 1742 4515 genere
1776 4450 2052 4511 consistit;

789 4510 898 4564 Nec
916 4514 1054 4565 enim
1084 4517 1174 4583 qui
1200 4510 1337 4583 una:
1359 4510 1679 4585 aliquis'cst,
1704 4533 1806 4587 quo
1836 4518 1988 4571 modo
2015 4510 2126 4588 ipse
2152 4517 2295 4571 velit.

788 4618 1002 4673 Incerti.
1036 4651 1101 4660 -—
1143 4624 1316 4677 Nemo
1358 4636 1443 4679 est
1504 4626 1599 4695 qui
1641 4626 1696 4679 in
1745 4627 2007 4682 omnibus
2038 4630 2299 4698 praeclare

718 4719 775 4762 ct
803 4725 869 4763 ex
905 4715 1109 4767 virtute
1134 4723 1286 4784 agat:

790 4802 897 4857 Sed
926 4814 979 4857 et
1010 4814 1062 4858 te
1105 4821 1276 4858 uuqu
1318 4808 1613 4875 quemdam
1649 4824 1681 4863 e
1721 4810 1895 4881 vulgo
1931 4826 2053 4867 esse
2101 4814 2297 4869 existi-

721 4901 887 4948 mato.

790 4984 1064 5058 Diogenes.
1089 5018 1158 5029 ——
1180 4989 1225 5043 Ο
1252 4993 1483 5047 mortale
1518 5010 1583 5050 ac
1599 5010 1975 5052 aerumnosum
2001 4998 2294 5054 hominum

718 5091 913 5148 genus.

786 5168 961 5235 Quam
991 5170 1129 5225 nihil
1160 5178 1383 5229 sumus!
1414 5192 1580 5245 quam
1618 5178 1769 5249 quod
1800 5179 2015 5235 umbris
2062 5182 2293 5249 similes,

788 5260 1011 5315 Pondus
1032 5272 1192 5317 terra:
1222 5266 1418 5321 inutile
1448 5268 1811 5326 oberramusl

786 5349 1019 5421 Apelles.
1060 5384 1127 5394 —
1166 5356 1383 5425 Apelles
1413 5360 1613 5429 pictor,
1662 5376 1788 5415 cum
1814 5377 1882 5416 ex
1922 5379 1990 5418 eo
2013 5378 2295 5433 quaerere-

2417 564 2638 634 ἐκδέχου
2678 564 2983 634 μεταϐολήν
3014 582 3030 596 ο
3072 564 3167 616 καὶ
3208 564 3375 617 πάλιν
3428 563 3535 615 ὑπὸ
3591 562 3701 615 τῶν
3742 564 4007 633 ἀπροσδο-

2416 657 2599 724 κήτων
2633 656 2932 728 συμφορῶν
2982 654 3374 726 κυκλούμενος,
3429 655 3616 719 ἔλπιζε
3672 655 3739 707 τά
3793 654 4010 725 [ptati

2416 747 2510 798 καὶ
2532 747 2840 815 κρείττονα.

2486 837 2719 908 Νεκρῶν
2782 837 3165 908 ἀχρηστότερα
3224 837 3296 889 τὰ
3350 836 3579 906 λαμπρὰ
3645 836 3739 888 τοῦ
3800 837 4012 902 παρὸν-

2414 945 2504 991 τος
2534 928 2671 998 βίου.

2498 1035 2588 1087 Ἐν
2638 1039 2705 1105 τῇ
2761 1036 2916 1105 εὐδία
2963 1035 3039 1087 ὢν
3063 1034 3158 1088 τοῦ
3191 1034 3331 1105 βίου,
3361 1034 3584 1104 ἑκδέχου
3609 1034 3740 1086 ποτὲ
3772 1034 3869 1086 καὶ
3896 1051 4014 1102 χει-

2419 1125 2576 1195 μῶνα
2595 1128 2957 1197 πραγμάτων.

2487 1238 2561 1289 Τὸ
2589 1239 2821 1308 περὶτὰ
2870 1238 3176 1309 φαινόμενα
3228 1240 3328 1311 τὴν
3381 1240 3617 1310 σπουδὴν
3665 1239 3831 1309 ἔχειν,
3880 1240 4015 1292 ἴδιόν

2416 1331 2566 1381 ἐστιν
2610 1331 2725 1391 τοῖς
2770 1330 3040 1400 μηδεμίαν
3090 1330 3184 1384 τοῦ
3241 1330 3529 1401 μέλλοντος
3562 1331 3752 1395 αἰῶνος
3795 1333 4015 1390 ἑαυτοῖς

2418 1419 2833 1488 ὑποτιθεμένοις
2863 1420 3075 1475 ἐλπίδα.

2487 1532 2730 1587 Νείλου.
2779 1564 2851 1572 —
2897 1536 2989 1605 Μὴ
3056 1536 3315 1601 ὲξαπάτω
3367 1537 3517 1606 ἡμᾶς
3578 1538 3638 1588 ἐν
3693 1535 3773 1605 τῷ
3816 1536 4015 1604 κόσμῳ

2416 1621 2593 1692 τούτῳ
2622 1628 2898 1697 περιφανῆ
2942 1627 3037 1680 καὶ
3066 1627 3297 1698 λαμπρὰ
3322 1627 3653 1697 δεικνύμενα
3678 1628 4011 1697 πράγματα.

2420 1712 2763 1784 Παρέρχεται
2796 1717 2907 1785 γάρ
2942 1718 3186 1786 πάντως,
3216 1720 3312 1773 καὶ
3341 1719 3494 1772 οὐδὲν
3515 1718 3627 1771 τῶν
3662 1718 4014 1788 φαινομένων

2349 1810 2388 1862 Β
2417 1805 2699 1875 στάσιμον.

2486 1916 2716 1973 Πάντων
2776 1938 2872 1974 σου
2932 1924 3043 1979 τῶν
3091 1925 3437 1996 πραγμάτων
3504 1926 4010 1997 κατευοδουμένων,

2415 2010 2638 2081 ἐκδέχου
2671 2010 2901 2083 ζημίαν.

2486 2124 2706 2191 Δίωνος
2752 2127 3063 2198 Ῥωμαίου.
3096 2160 3164 2169 —-
3190 2132 3387 2183 Πολλοὶ
3429 2130 3527 2201 μὲν
3568 2131 3659 2183 ἐπὶ
3692 2132 3807 2193 τοῖς
3843 2129 4010 2199 ἀμεῖ-

2412 2228 2564 2266 νοσιν
2588 2215 2842 2283 άλγοῦσι,
2869 2218 3056 2271 πολλοὶ
3079 2220 3136 2273 δὲ
3172 2222 3268 2273 καὶ
3314 2222 3408 2274 ἐπὶ
3453 2223 3570 2284 τοῖς
3620 2221 3831 2291 χείροσι
3887 2218 4011 2289 χαί-

2420 2322 2593 2375 ρουσι.
2643 2308 2807 2361 Πόσοι
2841 2310 2942 2379 μὲν
2976 2312 3086 2382 γάρ
3118 2312 3476 2377 πλουτοῦντες
3509 2313 3807 2384 ἄχθονταιὶ
3840 2313 4011 2366 Πόσοι

2415 2400 2472 2454 δὲ
2509 2402 2801 2472 πενόμενοι
2834 2405 3054 2474 ἥδονται
3093 2407 3108 2459 ι
3162 2408 3392 2472 ’Ἄλλους
3440 2409 3635 2473 κάλλος
3692 2408 3788 2462 καὶ
3852 2407 4011 2476 ἰσχὺς

2416 2491 2684 2562 ἔϐλαψεν,
2736 2495 2930 2561 ἄλλους
2984 2494 3171 2569 αἶσχος
3232 2500 3327 2553 καὶ
3390 2500 3645 2554 ἀσθένεια
3696 2498 4006 2568 ὠφέλησεν.

2419 2583 2635 2655 Ἔτεροι
2706 2586 2805 2657 τὴν
2862 2589 3087 2659 εἰρήνην
3138 2591 3245 2662 πρὸ
3300 2590 3395 2643 τοῦ
3454 2591 3692 2661 πολέμου
3743 2588 4006 2659 τιμῶσιν.

2414 2674 2594 2747 ἕτεροι
2648 2678 2904 2749 πολεμεῖν
2962 2680 3163 2749 μᾶλλον
3220 2682 3253 2753 ἢ
3316 2684 3543 2753 εἰρήνην
3609 2682 3880 2737 ἐθέλουσι.
3939 2683 4007 2735 Τί

2413 2765 2459 2819 δ’
2503 2769 2605 2820 οὐκ
2658 2769 2747 2821 ἀεὶ
2793 2772 3186 2839 τυραννοῦντες
3242 2790 3387 2837 τινες
3432 2775 3835 2846 ὁλοφύρονταις
3895 2776 4010 2828 Καὶ

2413 2859 2473 2912 τὸ
2529 2861 2806 2930 μέγιστον,
2854 2864 3097 2918 πλεῖστοι
3126 2867 3225 2936 μὲν
3258 2867 3374 2920 ὅσοι
3398 2867 3581 2938 ἀηδῶς
3603 2867 3770 2933 ζῶσιν
3802 2882 3817 2896 ⁸
3852 2866 4011 2920 πλεῖ-

2416 2972 2529 3007 στοι
2560 2955 2617 3007 δὲ
2649 2957 2819 3026 ἡδέως
2842 2958 3299 3029 ἀποθνήσκουσιν.

2489 3216 2826 3284 Σωκράτης.
2856 3248 2927 3259 -—
2958 3220 3169 3275 Ταυτόν
3222 3224 3371 3277 ἐστιν
3430 3224 3524 3276 ἐπὶ
3582 3225 3809 3297 εὐτυχίᾳ
3855 3226 4009 3296 μέγα

2409 3311 2648 3378 φρονεῖν,
2680 3311 2773 3361 καὶ
2799 3310 2893 3363 ἐπὶ
2923 3310 3217 3383 ὀλισθηρᾶς
3246 3312 3367 3367 ὁδοῦ
3394 3315 3824 3387 σταδιοδρομεῖν.

2490 3402 2875 3469 ’Λριστωνύμ.
2899 3433 2971 3444 —
2994 3405 3212 3458 Ἔοικεν
3248 3406 3277 3458 ό
3306 3405 3422 3476 βίος
3452 3407 3684 3479 θεάτρῳ.
3727 3409 3820 3461 Διὸ
3872 3412 4007 3464 πολ-

2408 3491 2564 3553 λάκις
2599 3494 2861 3563 χείριστοι
2900 3494 2990 3549 τὸν
3022 3495 3310 3550 κάλλιστον
3339 3498 3399 3552 ὲν
3434 3500 3653 3553 ἑαυτοῖς
3700 3501 4006 3573 κατέχουσι

2404 3581 2589 3635 τόπον.

2476 3676 2787 3743 Δημοκρίτ.
2819 3708 2890 3717 -
2916 3678 3053 3745 Ταῖς
3081 3680 3190 3732 τῶν
3220 3682 3432 3753 καιρῶν
3494 3683 3845 3753 μεταϐολαῖς,
3900 3689 4000 3741 καὶ

2406 3768 2453 3817 οἱ
2490 3767 2693 3838 σφόδρα
2743 3768 2959 3821 δυνατοὶ
3016 3770 3126 3824 τῶν
3188 3774 3600 3846 ἀσθενεστέρων
3651 3776 3857 3843 ἐνδεεῖς
3911 3782 4001 3849 γί-

2406 3874 2609 3909 νονται.

2488 3952 2898 4007 Ἰπποθοούντ.
2916 3984 2987 3994 --
3006 3954 3328 4028 Ἀνθρωπος
3352 3957 3448 4023 ὢν,
3480 3958 3729 4032 μέμνησο
3755 3962 3855 4033 τῆς
3888 3982 4004 4019 κοιο

2406 4039 2502 4109 νῆς
2527 4041 2716 4112 τύχης.

2486 4132 2807 4203 Ἰσιδώρου.
2839 4167 2913 4180 -
2938 4139 3143 4211 Θνητὺς
3183 4144 3469 4212 πεφυκὼς,
3507 4146 3575 4199 τά
3609 4147 3788 4202 ὀπίσω
3817 4150 4003 4221 πειρῶ

2406 4221 2639 4290 βλέπειν.

3019 4344 3367 4411 Εὐριπίδου.

2476 4449 2728 4530 ι-ξέὄριογ
2969 4453 3143 4530 ἐςτιν
3167 4457 3237 4510 ἐν
3270 4459 3468 4530 θνῃτῷ
3500 4459 3678 4530 γένει,

2477 4518 2608 4570 Βιοῖ
2630 4518 2742 4589 γὰρ
2772 4520 2973 4588 οὐδεὶς
3001 4524 3073 4577 ὃν
3098 4518 3465 4596 προαιρεῖταί
3498 4518 3743 4599 ἓρόπον.

3026 4636 3378 4708 Ἀνωνύμου.

2403 4721 2523 4773 Οὐκ
2552 4721 2726 4775 ἔστιν
2753 4724 2925 4791 ὅστις
2948 4726 3120 4781 πάντ’
3147 4728 3306 4797 ἀνὴρ
3333 4732 3653 4802 εὐδοκιμεῖ.

2393 4808 2563 4865 Εἶναι
2589 4812 2643 4865 δ’
2674 4816 2943 4870 ὑπόλαϐε
2972 4818 3072 4873 καὶ
3104 4820 3181 4873 σὲ
3211 4821 3334 4875 τῶν
3365 4823 3618 4879 πολλῶν
3638 4827 3771 4882 ἕνα.

3030 4913 3331 4967 Διογένης.

3030 4913 3094 4964 Δι
3316 4953 3331 4967 .

2409 4993 2472 5046 '0
2502 4996 2726 5063 θνητὸν
2752 4999 2995 5069 ἀγδρῶν
3016 4909 3528 5074 rami.le
3550 5007 3747 5078 γένος,

2409 5085 2505 5151 Ὠς
2532 5087 2714 5142 οὐδέν
2739 5090 2930 5159 ἐσμεν
2953 5092 3122 5162 πλὴν
3145 5095 3350 5164 σκιαῖς
3372 5097 3657 5167 ἐοικότες,

2396 5175 2587 5245 Βάρος
2622 5181 2921 5249 περισσὸν
2944 5182 3057 5253 τῆς
3080 5185 3628 5259 ἀναστροφώμεγοι.

2476 5377 2536 5429 '0
2582 5376 2844 5445 Ἀπελλῆς
2884 5381 2914 5432 ό
2963 5380 3251 5452 ζωγράφος
3304 5384 3621 5455 ἐρωτηθεὶς,
3684 5385 3831 5440 διατι
3881 5388 3985 5459 τὴν

718 5452 828 5508 tur,
868 5443 1000 5514 quid
1027 5460 1204 5501 causae
1237 5458 1383 5503 esset
1415 5465 1513 5505 cur
1541 5452 1822 5508 fortunam
1853 5455 2137 5511 sedentem
2168 5458 2294 5528 pin-

2414 5469 2578 5541 Γύχην
2630 5443 2947 5541 καθημένην
2997 5443 3259 5542 {venda-ev,
3291 5443 3827 5548 sinam-Obiimxe

715 5542 898 5604 geret;
924 5534 1044 5591 Non
1069 5538 1238 5604 enim,
1268 5540 1366 5605 ait,
1390 5550 1517 5596 stat.

788 5656 940 5712 Bias.
964 5690 1035 5699 —
1072 5657 1267 5713 Aiebat
1308 5659 1473 5723 idem,
1499 5661 1579 5714 sic
1626 5662 1792 5714 vitam
1827 5660 2184 5727 metiendam,
2234 5672 2295 5716 ut

714 5746 887 5816 quiet
925 5748 1160 5803 multum
1191 5750 1477 5820 temporis,
1507 5758 1563 5803 et
1601 5750 1863 5819 pusillum
1899 5750 2149 5805 victurus
2189 5750 2289 5806 sis.

2464 5661 2633 5726 Βίας.
2663 5690 2734 5701 -
2774 5662 2833 5717 ὐ
2861 5663 3025 5727 αὐτὸς
3046 5665 3222 5734 ἔλεγε,
3255 5667 3348 5720 τὸν
3372 5665 3487 5737 βίον
3538 5666 3683 5723 οὕτω
3734 5673 3979 5742 μετρεῖν,

2399 5751 2475 5814 ὡς
2506 5751 2603 5805 καὶ
2637 5752 2828 5822 πολὺν,
2861 5754 2955 5809 καὶ
2982 5755 3164 5823 ὀλίγον
3192 5758 3380 5827 χρόνον
3409 5758 3760 5827 Βιωσόμενος.
