4200 6440
225 400 363 466 1009

696 517 958 584 Σοφοκλ.
1015 515 1086 569 ἐν
1130 518 1358 574 Αἴαντι.

320 602 404 676 ρς
429 601 617 676 ἡμέρα
646 605 839 658 κλίνει
867 621 932 676 τε
961 604 1207 676 κάνάγει
1237 606 1444 670 πάλιν,

297 672 494 737 οὔτως
544 672 780 728 ἅπαντα
836 675 909 727 τὰ
939 672 1297 744 ἀνθρώπινα.

775 787 995 843 ΛΟΓΟΣ
1032 785 1138 842 EH’
1175 788 1244 843 “.

292 874 434 943 Περι
457 875 584 942 τοῦ,
621 878 712 932 ὅτι
740 877 838 932 δεῖ
858 877 1035 964 τιμᾷις
1061 879 1282 948 ἀρετὴν
1312 880 1407 934 κιιί
1455 879 1728 942 κολάζειν

895 965 1129 1002 κακιαν.

309 1057 492 1112 Ἰωάν.
521 1058 586 1114 ε’.
631 1059 1090 1131 Ἐκπορεύσονται
1128 1063 1177 1114 οἱ
1209 1063 1278 1114 τὰ
1314 1062 1492 1130 ἁγαθά
1538 1065 1796 1134 ποιήσαν-

216 1165 337 1214 τες,
368 1151 448 1211 είς
472 1149 769 1204 ἀνάστασιν
798 1152 945 1221 ζωῆς
969 1168 984 1182 ·
1011 1154 1061 1205 oi
1087 1152 1143 1205 δὲ
1167 1153 1236 1206 τὰ
1264 1153 1437 1222 φαῦλα
1469 1155 1793 1223 πράξαντες,

219 1239 303 1301 είς
336 1239 634 1293 ἀνάστασιν
668 1241 923 1312 κρίσεως.

290 1333 376 1384 B'.
399 1334 569 1399 Πετρ.
596 1332 680 1397 β’.
708 1364 778 1374 -
808 1335 963 1388 Οἶδεν
1009 1336 1213 1406 Κύριος
1243 1337 1486 1399 εὐσεϐεῖς
1510 1337 1572 1389 ἐκ
1601 1353 1795 1407 πειρα-

221 1421 367 1490 σμοῦ
429 1423 701 1492 ῥύεσθαι·
760 1425 981 1492 ἀδίκους
1035 1428 1090 1480 δὲ
1149 1428 1230 1492 είς
1284 1428 1499 1498 ἡμέραν
1564 1429 1795 1498 κρίσεως

219 1511 618 1583 κολαζομένους
647 1519 856 1587 τηρεῖν.

288 1605 534 1672 Παροιμ.
567 1613 676 1660 κα’.
706 1635 770 1648 -
790 1609 1169 1678 Ζημιθυμένου
1202 1608 1525 1675 ἀκολάστου,
1562 1625 1788 1680 πανουρ-

217 1693 345 1761 γότε
354 1709 445 1762 ρος
469 1693 675 1762 γίνεται
709 1696 932 1762 ἄκακος.

293 1786 542 1854 Παροιμ.
576 1788 1110 1860 κβ¹.-Πανοῦργος
1167 1790 1288 1843 ίδὼν
1338 1790 1568 1861 πονηρδν
1627 1807 1796 1860 τιμω-

219 1875 510 1944 ρούμενον,
546 1879 822 1949 κραταιῶς
859 1880 1022 1945 αὐτὸς
1055 1883 1383 1939 παιδεύεται.

291 1965 480 2036 Σιρὰχ
516 1966 570 2021 ι’.
591 1998 662 2008 -
684 1971 757 2022 οὐ
779 1970 987 2024 δίκαιον
1021 1973 1286 2043 ἀτιμάσαι
1313 1978 1524 2048 πτωχὸν
1557 1980 1796 2046 συνετὸν,

216 2055 316 2108 καὶ
340 2055 404 2109 οὐ
437 2057 678 2128 καθῆκον
703 2059 925 2124 δοξάσαι
961 2063 1308 2134 ἁμαρτωλόν.

291 2233 604 2288 Βασι.ι.-
637 2236 764 2292 Ἐὰν
820 2240 870 2292 oi
921 2243 1328 2312 σωφρονοῦντες
1376 2229 1516 2310 τοὺς¹
1563 2249 1798 2317 φαύλους

217 2323 407 2414 ἴδωσιν
434 2325 890 2398 ἀτιμαζομένους,
929 2333 1064 2388 πολὺ
1096 2336 1506 2410 προθυμότερον
1538 2342 1638 2409 τῆς
1664 2344 1796 2414 ἁρε-

213 2413 318 2482 τῆς
347 2415 682 2484 ἀνθέξονται.

299 2507 490 2572 -Αλλος
515 2510 614 2578 μὲν
641 2507 734 2566 οὖν
754 2515 835 2584 εἴη
869 2517 996 2587 περὶ
1030 2519 1201 2572 ταῦτα
1236 2522 1504 2593 τολμηρὸς
1537 2527 1631 2578 καὶ
1667 2545 1794 2595 γεν-

215 2594 419 2659 νάδας·
459 2597 656 2667 μᾶλλον
704 2601 758 2654 δὲ
791 2604 875 2672 εἴη
921 2604 1130 2674 μηδείς.
1175 2607 1314 2674 Ἐγὼ
1344 2607 1400 2661 δὲ
1438 2603 1579 2662 ὀκνῶ
1627 2594 1796 2682 κακίᾳ

213 2685 401 2742 δοῦναι
430 2690 646 2755 πάντως
674 2695 770 2761 τὴν
795 2695 1044 2749 ἐντεῦθεν
1076 2698 1320 2763 κόλασιν,
1357 2700 1388 2770 ἢ
1426 2703 1674 2775 εὐσεϐείᾳ
1694 2706 1793 2775 τὴν

214 2777 424 2834 ἄνεσιν.
473 2781 610 2834 Ἀλλ’
656 2784 770 2836 ἔστι
817 2787 914 2855 μὲν
942 2788 1032 2840 ὅτε
1067 2791 1160 2842 καὶ
1191 2793 1324 2862 πρός
1351 2811 1404 2846 τι
1437 2796 1726 2866 χρήσιμον,
1757 2798 1790 2866 ἢ

217 2869 424 2931 κακίας
468 2871 893 2944 ὲγκοπτομένης,
946 2877 1246 2934 δυσπάθεια
1276 2883 1383 2936 τῶν
1415 2886 1698 2956 πονηρῶν·
1759 2888 1792 2959 ἢ

216 2959 427 3029 ἀρετῆς
476 2962 920 3036 όδοποιουμένης,
981 2970 1244 3026 εὐπάθεια
1292 2975 1401 3028 τῶν
1466 2976 1791 3045 βελτιόνων·

213 3054 320 3105 οὐκ
349 3055 436 3106 ἀεὶ
470 3055 548 3121 δὲ,
597 3058 716 3111 οὐδὲ
753 3061 1002 3125 πάντως·
1068 3064 1185 3118 ἀλλ’
1231 3061 1373 3122 εἶναι
1422 3069 1581 3123 τοῦτο
1633 3076 1793 3143 μόνον

1535 407 1706 470 LOCI
1744 405 2176 468 COMMUNES.

3336 403 3472 467 1010

2398 513 2667 584 Sophoclis
2695 515 2748 566 in
2785 517 2963 584 Ajace.

1977 605 2095 670 Qua
2124 607 2332 659 ratione
2354 607 2580 659 inclina!
2605 609 2736 667 dies.
2777 626 2838 662 ac
2871 624 3082 660 rursum
3115 609 3365 671 assurgit,

1971 674 2056 729 Sic
2083 685 2130 728 et
2158 677 2402 730 humana:
2443 693 2525 730 res
2561 694 2761 730 οηιιιεδ.

2445 789 2675 844 SERMO
2713 789 2945 843 LXVIII.

1974 883 2172 937 Honori
2201 883 2494 936 habendam
2528 883 2805 945 virtutem,
2836 883 3022 934 vitium
3058 883 3400 950 puniendum.

1972 1061 2138 1116 Joan.
2165 1077 2218 1122 ν,
2239 1059 2330 1115 29.
2359 1089 2429 1098 —
2453 1059 2761 1113 Procedent
2798 1057 2892 1128 qui
2929 1058 3070 1112 bona
3123 1058 3374 1112 fecerunt
3415 1057 3470 1111 in

1905 1153 2364 1208 resurrectionem
2409 1152 2562 1215 vitae;
2611 1151 2706 1220 qui
2758 1164 2890 1204 vero
2923 1150 3062 1204 mala
3113 1158 3366 1219 egerunt,
3415 1149 3471 1202 in

1902 1244 2367 1300 resurrectionem
2398 1241 2616 1313 judicii.

1982 1336 2040 1390 11
2073 1335 2218 1389 Petr.
2248 1351 2306 1398 ιι,
2336 1337 2388 1388 9.
2415 1332 2664 1388 —Novit
2704 1332 2972 1387 Dominus
3018 1334 3139 1402 pios
3174 1335 3242 1388 de
3292 1342 3473 1388 tenta-

1909 1429 2061 1482 tione
2092 1413 2337 1494 eripere;
2370 1426 2590 1494 iniquos
2618 1439 2752 1478 vero
2783 1424 2837 1478 in
2870 1423 3015 1477 dicm
3049 1424 3242 1493 jndicii
3294 1439 3474 1478 reser-

1906 1532 2035 1570 vare
2066 1515 2415 1570 cruciandos.

1973 1607 2128 1661 Prov.
2165 1623 2274 1670 xxx,
2307 1606 2393 1660 Η.
2419 1634 2492 1646 --
2517 1605 2744 1661 Multato
2773 1605 3086 1676 pestilente,
3135 1603 3373 1658 astutior
3415 1601 3474 1657 ﬁt

1904 1697 2152 1767 simplex.

1978 1789 2135 1842 Prov.
2169 1804 2300 1851 xxn,
2331 1788 2384 1841 3.
2420 1787 2753 1842 —Callidus
2793 1785 2989 1840 videns
3029 1783 3234 1838 malum
3278 1795 3470 1851 pinnas

1835 1863 1874 1916 Β
1903 1877 2146 1942 dantem,
2173 1877 2332 1931 valde
2373 1878 2487 1948 ipse
2529 1876 2804 1931 eruditur.

1969 1971 2133 2024 Eccli.
2170 1987 2223 2034 x,
2248 1971 2337 2025 26.
2366 2000 2436 2010 —
2461 1969 2578 2024 Non
2599 1971 2809 2041 justum
2839 1977 2924 2024 est
2947 1967 3234 2037 despicere
3261 1981 3471 2034 paupe-

1901 2078 2015 2116 rem
2044 2069 2348 2124 sensatum,
2371 2075 2476 2115 nec
2504 2059 2666 2114 decet
2689 2057 3039 2129 magniﬁcare
3070 2059 3248 2111 virum
3283 2070 3472 2126 pecca-

1899 2162 2098 2206 lOl‘Clll.

1971 2243 2178 2299 Basilii.
2204 2276 2274 2288 —
2308 2244 2446 2300 Cum
2474 2244 2578 2299 viri
2609 2243 2781 2300 sobrii
2824 2258 2889 2297 ac
2924 2242 3249 2313 prudentes,
3299 2242 3474 2296 malos

1900 2335 2152 2389 homines
2225 2343 2572 2404 contemptos
2627 2332 2993 2396 adverterinl,
3059 2331 3255 2401 majori
3313 2331 3472 2400 longe

1898 2426 2180 2481 alacritate
2211 2427 2537 2482 incumbent
2565 2426 2671 2496 ipsi
2700 2426 2920 2480 virtuti.

1964 2518 2129 2588 685
2161 2519 2316 2572 Alius
2345 2533 2473 2574 sane
2503 2517 2655 2572 hisce
2684 2500 2740 2571 i'n
2770 2516 2936 2570 rebus
2979 2515 3157 2569 audax
3184 2513 3473 2584 praeﬁden-

1899 2611 2115 2679 tiorque
2148 2609 2449 2674 exstiterit;
2501 2607 2747 2676 quinimo
2794 2621 2899 2660 nec
2946 2605 3236 2675 quisquam
3287 2604 3471 2658 fuerit.

1895 2701 2166 2756 Caeterum
2202 2702 2382 2754 haereo
2413 2715 2534 2770 ego,
2560 2715 2664 2755 nec
2689 2715 2786 2754 me.
2809 2698 3007 2752 adduci
3037 2697 3208 2762 sinor,
3241 2705 3302 2750 ut
3337 2711 3476 2764 prae—

1897 2793 2035 2848 senti
2069 2807 2186 2846 :evo
2220 2790 2488 2859 supplicia
2515 2789 2674 2854 vitio,
2709 2798 2805 2845 aut
2854 2789 3043 2859 pietati
3095 2787 3475 2842 remissionem

1897 2897 1961 2937 ac
1988 2882 2230 2947 delicias,
2282 2881 2507 2935 omnino
2540 2879 2809 2935 ascribam
2843 2897 2855 2931 :
2893 2877 2987 2932 sed
3018 2884 3104 2932 est
3146 2874 3477 2946 quandoque

1897 2974 2139 3044 quidem,
2171 2972 2317 3043 quod
2361 2972 2434 3026 ita
2464 2973 2596 3026 utile
2628 2971 2718 3036 sit,
2752 2979 2814 3024 ut
2856 2969 3103 3040 nequitia
3131 2967 3475 3029 inhibeatur,

1900 3079 2014 3122 tum
2061 3066 2326 3121 malorum
2365 3065 2680 3128 calamitas,
2716 3071 2831 3116 tum
2877 3069 2938 3116 ut
2970 3061 3148 3114 virtus
3182 3072 3477 3128 prosperos

217 3145 416 3258 κῗιροῦ
447 3148 539 3200 τοῦ
570 3149 874 3218 μέλλοντος,
905 3155 1028 3208 καθ’
1062 3156 1121 3210 ὃν
1145 3159 1194 3211 οί
1233 3158 1331 3228 μὲν
1361 3160 1430 3214 τὰ
1465 3162 1563 3232 τῆς
1594 3165 1792 3236 ἀρετῆς

1897 3175 2185 3217 successus
2239 3158 2459 3220 habeat,
2517 3171 2581 3210 ac
2614 3155 2948 3225 provehatur
2981 3153 3154 3223 ipsius
3197 3153 3476 3207 cultorum

215 3231 381 3301 ἆθλα,
407 3239 457 3289 oi
481 3239 537 3292 δὲ
566 3241 633 3293 τὰ
658 3243 759 3311 τῆς
784 3245 984 3310 κακίας
1012 3246 1264 3318 ἐπιτίμια
1284 3231 1546 3316 δέξονται.

287 3505 783 3573 ﬂammat—Ab;
809 3508 888 3579 τῷ
910 3509 1166 3582 δεομένῳ,
1217 3515 1308 3565 καὶ
1340 3515 1413 3586 μὴ
1439 3515 1542 3586 δῷς
1581 3518 1654 3587 τῷ
1700 3519 1792 3587 ὀρ-

213 3597 490 3667 χουμένῳ,
525 3597 608 3648 ἵνα
635 3597 708 3668 μὴ
744 3599 882 3667 μετὰ
913 3600 1021 3654 τῶν
1063 3601 1171 3654 σῶν
1208 3605 1506 3674 χρημάτων
1549 3610 1642 3660 καὶ
1693 3609 1792 3679 τὴν

211 3687 397 3758 ψυχὴν
423 3687 694 3760 ἀπολέσῃς
716 3689 814 3760 τὴν
858 3691 1089 3745 ἐκείνου.
1147 3694 1218 3747 Σύ
1254 3695 1364 3766 γὰρ
1413 3698 1586 3761 αἴτιος
1615 3695 1666 3752 εἷ
1695 3702 1794 3772 τῆς

215 3778 432 3832 ἐκείνου
459 3779 754 3842 ἀπωλείας,
809 3780 896 3832 διὰ
939 3782 1037 3852 τῆς
1070 3784 1298 3856 ἀκαίρου
1351 3789 1680 3861 φιλοτιμίας.
1733 3795 1793 3846 Et

213 3866 331 3936 γὰρ
360 3867 410 3917 οἱ
439 3867 530 3918 ἐπὶ
559 3867 655 3935 τῆς
684 3868 994 3938 ὀρχήστρας
1020 3869 1237 3941 ᾔδεσαν,
1260 3873 1340 3928 ὅτι
1369 3875 1428 3928 τὸ
1455 3879 1794 3950 ἐπιτήδευμα

213 3959 404 4020 αὐτοῖς
431 3959 656 4026 ἀκερδὲς
685 3957 908 4028 ἔμελλεν
941 3960 1180 4029 ἔσεσθαι,
1220 3965 1386 4019 πάλαι
1421 3967 1487 4021 ἃν
1516 3969 1792 4025 ἐπαύσαν-

212 4063 281 4100 το
317 4045 490 4100 ταῦτα
530 4048 968 4118 ἐπιτηδεύοντες.

301 4139 487 4193 Ἡσαΐ.
524 4144 681 4206 γ’.-
714 4141 915 4193 Ἀδικεῖ
949 4143 1076 4206 τοὺς
1127 4144 1387 4211 ἀγαθοὺς,
1423 4148 1452 4199 6
1481 4149 1792 4221 φειδόμενος

214 4242 329 4285 των
358 4249 428 4284 κα
437 4242 562 4287 κων.
1362 4242 1372 4248 ’

293 4324 448 4378 Ὅσοι
503 4327 629 4388 τοὺς
675 4326 991 4390 ἀδικοῦντας
1059 4329 1399 4397 κολάζουσιν,
1472 4328 1619 4388 οὗτοι
1668 4340 1794 4402 τοὺς

214 4414 416 4477 ἄλλους
444 4415 746 4469 ἀδικεῖσθαι
775 4418 1093 4473 κωλύουσιν.

1897 3253 2148 3314 felicitas,
2181 3249 2275 3304 scd
2302 3264 2409 3303 non
2438 3262 2654 3317 semper
2676 3260 3009 3315 prorsusque
3029 3262 3044 3310 ;
3067 3258 3260 3298 verum
3285 3242 3476 3297 futuro

1898 3341 1949 3394 id
1980 3356 2098 3394 ιιιιό
2130 3338 2400 3401 deditum,
2427 3351 2538 3407 quo
2582 3335 2672 3389 alii
2716 3335 2939 3405 quidem
2969 3333 3194 3390 virtutis
3227 3333 3472 3402 praemia,

1896 3428 1987 3482 alii
2018 3429 2283 3481 malorum
2309 3440 2498 3496 poenas
2524 3425 2800 3493 recepturi
2827 3434 2976 3478 sunt.

1966 3518 2234 3589 Chrysost.
2257 3547 2327 3556 —
2349 3516 2425 3571 Da
2447 3515 2734 3585 indigenti,
2761 3531 2864 3570 nec
2889 3514 3212 3584 tripudianti
3229 3513 3470 3578 dederis,

1897 3627 1965 3664 ne
1995 3626 2116 3663 cum
2147 3610 2256 3664 tuis
2281 3610 2502 3678 opibus,
2530 3610 2650 3678 ejus
2678 3608 2850 3677 ipsius
2877 3609 3116 3661 animam
3144 3607 3471 3676 perdideris.

1896 3701 1976 3755 Tu
2013 3702 2179 3765 enim,
2207 3700 2354 3770 quod
2385 3699 2462 3754 sic
2494 3689 2807 3768 importune
2846 3698 3140 3751 muniﬁcus
3171 3711 3252 3762 es,
3283 3697 3471 3766 perdi-

1896 3794 2060 3848 tionis
2105 3793 2180 3846 illi
2213 3800 2406 3846 auctor
2434 3790 2672 3846 exsistis.
2703 3789 2759 3845 Si
2793 3789 2942 3844 enim
2968 3789 3061 3859 qui
3093 3789 3148 3843 in
3189 3789 3472 3844 orchestra

1893 3886 2114 3949 ludunt,
2151 3886 2496 3954 exploratum
2545 3883 2837 3949 baberent,
2887 3885 3100 3937 nullum
3147 3884 3362 3940 sibi-eo
3405 3899 3470 3938 ex

1895 3979 2147 4034 instituto
2181 3977 2440 4032 lucellum
2473 3975 2610 4040 fore,
2647 3976 2741 4032 illo
2773 3976 2984 4046 pridem
3014 3977 3128 4046 jam
3170 3977 3471 4033 abstinuis-

1895 4077 2041 4126 sent.

1964 4161 2140 4216 Ιδαὶαι.
2165 4191 2235 4201 -
2255 4161 2314 4214 ln
2349 4160 2526 4215 bonos
2560 4157 2796 4229 injurius
2822 4167 2926 4223 est,
2959 4157 3053 4228 qui
3081 4157 3262 4229 parcit
3292 4158 3467 4214 malis.

1963 4338 2065 4404 Qui
2112 4339 2166 4391 in
2202 4351 2298 4391 eos
2333 4336 2696 4399 ulciscuntur,
2728 4333 2822 4403 qui
2872 4333 3068 4404 injuria
3113 4335 3339 4400 lazdunt,
3387 4334 3468 4400 lii,

1894 4449 1962 4486 ne
1992 4433 2080 4486 alii
2111 4431 2398 4493 lazdantur,
2434 4426 2761 4501 impediunt.

299 4507 360 4559 Ὀ
411 4507 611 4577 ἀρετὴν
657 4509 852 4577 τιμῶν,
906 4511 1130 4581 πρώτην
1182 4513 1441 4584 ἀλήθειαν
1495 4521 1651 4589 τιμᾷ,
1694 4521 1788 4574 καὶ

1962 4521 2196 4578 Virtutis
2243 4519 2442 4583 cultor,
2488 4515 2721 4586 primam
2756 4515 3045 4571 veritatem
3094 4516 3246 4582 colit,
3296 4531 3472 4586 eaque

219 4598 457 4668 μάλιστα
479 4597 554 4658 ὡς
579 4597 786 4667 ἀγαθοῦ
817 4603 1018 4666 παντὸς
1048 4605 1505 4674 ἡγεμονεύουσαν.

291 4781 792 4836 Solum—2(5ka
835 4784 863 4835 ὁ
906 4782 1088 4850 σοφὸς,
1143 4785 1359 4855 ἐκείνην
1410 4785 1561 4840 εἶπεν
1595 4790 1792 4861 ἄριστα

213 4875 486 4929 οἰκεῖσθαι
520 4874 618 4945 τὴν
659 4875 834 4939 πόλιν,
888 4869 1008 4948 ἐνῇ
1055 4876 1180 4939 τοὺς
1205 4877 1444 4946 ἀγαθοὺς
1504 4883 1790 4950 συμϐαίνει

214 4967 516 5038 τιμᾶσθαι·
543 4967 778 5019 κάκιστα
807 4966 864 5019 δὲ
901 4967 1188 5030 οἰκεῖσθαι,
1235 4972 1294 5022 ὲν
1408 4975 1530 5035 τοὺς
1564 4975 1786 5039 κακούς.

293 5056 740 5122 Σέξτου.-Δύο
787 5057 1030 5126 ἀφορμαὶ
1079 5060 1317 5113 κινοῦσιν
1369 5061 1651 5134 ἄνθρωπον
1709 5067 1790 5130 εἰς

214 5150 354 5206 Θεοῦ
381 5148 729 5218 ἐπιμέλειαν·
784 5150 1019 5219 τιμωρία
1058 5151 1391 5214 δυσσεϐείας,
1429 5156 1520 5206 καὶ
1570 5155 1789 5226 γνώμης

215 5239 475 5303 εὐσεϐοῦς
502 5238 744 5309 ἀμοιϐαί.

302 5331 600 5401 Ἀφόρητος
627 5329 834 5397 γίνεται
882 5330 1050 5383 κακία
1083 5331 1469 5407 ἐπαινουμένη,

293 5507 628 5576 προκοπίου
672 5504 1148 5578 moneo—Mt
1206 5526 1526 5584 τιμωμενης
1565 5515 1784 5587 αρετῆς,

219 5602 253 5668 ἠ
275 5600 444 5652 κακία
483 5596 942 5668 παρρησιάζεται.

293 5762 338 5793 ⁸⁵
386 5759 636 5825 lnGcsn.
695 5756 848 5813 Stob.
896 5755 948 5810 5.

1897 4611 2128 4666 maxime
2164 4610 2400 4673 ratione,
2445 4606 2593 4674 quod
2635 4604 2811 4660 omnis
2853 4605 2984 4659 boni
3031 4605 3141 4660 dux
3173 4622 3236 4661 ac
3266 4622 3472 4676 auspex

1894 4701 2126 4756 exsistit.

1965 4791 2146 4845 Solon.
2175 4819 2242 4827 —
2265 4788 2429 4843 Solon
2465 4787 2556 4841 ille
2605 4786 2846 4856 sapiens,
2876 4802 2998 4841 eam
3043 4787 3247 4856 optimc
3276 4789 3469 4844 civita-

1897 4891 2004 4937 tem
2036 4879 2273 4934 habitari
2304 4877 2505 4942 aiebat,
2536 4877 2592 4931 in
2617 4892 2723 4946 qua
2757 4876 2932 4932 bonos
2957 4877 3062 4930 coli
3097 4877 3466 4948 contingeret;

1897 4974 2239 5045 pessimeque
2271 4986 2414 5033 eam,
2449 4970 2502 5022 in
2535 4984 2642 5037 qua
2689 4969 2815 5022 mali
2863 4969 3100 5024 honores
3132 4970 3469 5027 obtinerent.

1970 5063 2363 5120 Sexti—Duo
2401 5070 2529 5115 sunt
2583 5076 2704 5127 qua:
2750 5060 3031 5115 hominem
3078 5070 3353 5123 moveant,
3409 5070 3472 5116 ut

1897 5159 2008 5212 Deo
2028 5169 2215 5210 curam
2241 5151 2556 5222 impendat;
2585 5149 2882 5221 impietatis
2904 5168 3085 5222 poena,
3114 5167 3177 5206 ac
3200 5153 3471 5223 religiosa:

1896 5249 2095 5305 mentis
2135 5247 2374 5317 praemia.

1965 5339 2314 5395 Intolerabile
2345 5337 2539 5392 vitium
2577 5335 2847 5402 redditur,
2881 5336 3029 5406 quod
3068 5337 3325 5392 laudibus
3358 5337 3468 5392 ful-

1893 5432 2056 5487 citur.

1967 5524 2207 5593 Procopii
2260 5521 2834 5579 rlwtoris.--‘v‘irlute
2896 5522 3164 5578 honorem
3211 5539 3321 5580 non
3365 5524 3466 5593 bas

1893 5609 2083 5676 bente,
2111 5592 2327 5664 eﬂ‘ronti
2352 5607 2660 5680 petulantia
2689 5609 2882 5664 vitium
2913 5611 3182 5682 proditur.
3458 5592 3462 5595 ’
