4200 6440
718 384 843 449 itlii

1857 391 1917 450 S.
1957 389 2243 450 MAXIMI
2281 389 2790 452 CONFESSORIS

3825 385 3968 452 101?.

777 500 1197 563 PIu'lom‘s.—Si
1232 509 1489 571 utrinque
1538 514 1767 557 clarere.
1822 514 1887 556 ac
1929 500 2111 558 oﬂlcio
2146 516 2285 572 pra-

2454 501 2741 569 Φίλωνος.
2762 529 2831 540 -
2847 501 2909 555 Et
2940 499 3122 571 βούλει
3144 498 3339 563 διττῶς
3358 498 3687 569 εὐδοκιμεῖν,
3718 500 3814 554 καὶ
3835 504 3972 566 τοὺς

711 593 858 656 clare
902 592 1123 662 defungi
1174 592 1330 657 libet,
1378 607 1475 648 eos
1521 592 1616 661 qui
1665 608 1725 647 se
1762 592 1969 663 optime
2003 602 2197 665 gerant
2230 594 2285 648 in

2388 592 2647 645 κάλλιστα
2675 590 2964 654 ποιοῦντας
3011 589 3274 662 προτίμα,
3325 590 3419 643 καὶ
3456 591 3583 653 τοὺς
3628 589 3699 642 τὰ
3742 590 3969 660 χείρονα

718 682 910 750 primis
938 683 1166 746 honora,
1201 698 1265 739 ac
1296 682 1392 753 qui
1424 683 1559 737 vitio
1593 682 1931 754 indulgeant,
1970 682 2188 754 increpa
2221 698 2285 737 ac

2388 684 2725 755 πράττοντας
2757 683 2902 737 ἐπιτί
2908 700 3003 754 μα.

714 775 938 845 castiga.

776 826 1039 923 Sagram.
1060 868 1524 941 -lnterrogatus
1576 837 1831 925 Socrates
1861 872 2111 940 quaenam
2143 844 2294 921 οἰνίο,

706 968 791 1014 tas
821 960 1028 1030 optime
1060 959 1422 1026 habitaretur,
1455 961 1553 1025 Ea,
1576 961 1776 1031 inquit,
1806 976 1929 1031 qua
1954 960 2168 1030 legibus
2199 974 2284 1014 re-

704 1053 873 1125 gitur,
906 1070 972 1110 ac
1002 1069 1103 1110 eos
1138 1055 1235 1125 qui
1270 1054 1472 1125 injuria
1498 1054 1729 1119 lzedunt,
1766 1054 2070 1111 ulciscitur.

1263 1165 1495 1223 SERMO
1534 1167 1721 1222 LXIX.

1018 1258 1099 1315 De
1127 1276 1262 1315 ceco
1292 1262 1377 1314 sui
1415 1276 1596 1313 amore
1635 1276 1698 1313 ac
1729 1259 1963 1329 proprio.

771 1350 932 1408 Joan.
967 1368 1064 1419 xu,
1095 1353 1187 1409 25.
1208 1352 1402 1419 —Qui
1433 1359 1578 1407 amat
1608 1351 1847 1405 animam
1886 1365 2061 1413 suam,
2089 1348 2286 1420 perdet

699 1450 858 1509 eam;
887 1454 945 1499 et
988 1444 1085 1514 qui
1120 1444 1239 1499 odit
1268 1443 1508 1497 animam
1544 1458 1698 1497 suam
1729 1442 1784 1496 in
1823 1442 1929 1497 hoc
1964 1441 2192 1506 mundo,
2226 1440 2281 1494 in

700 1536 870 1592 vitam
895 1544 1155 1590 aeternam
1184 1534 1428 1589 custodit
1454 1549 1594 1587 eam.

772 1626 802 1683 1
838 1626 960 1681 Cor.
1014 1642 1069 1691 x,
1118 1626 1441 1681 £8.—Non
1474 1626 1570 1696 qui
1620 1626 1864 1696 seipsum
1910 1625 2279 1689 commendat,

701 1714 795 1773 ille
828 1718 1093 1787 probatus
1122 1718 1291 1790 686
1320 1726 1425 1787 est,
1445 1718 1539 1773 sed
1560 1733 1724 1792 quem
1746 1719 1890 1772 Deus
1909 1718 2278 1773 commendat.

2458 860 2885 929 Σωκράτης.-
2918 858 3245 930 Ἐρωτηθεὶς
3325 858 3455 911 ποία
3522 858 3676 922 πόλις
3764 857 3971 927 ἄριστα

2384 951 2635 1013 οἰκεῖται,
2662 948 2872 1019 tum?!
2896 946 3035 1019 μετὰ
3057 948 3223 1018 νόμου
3265 945 3437 1013 ζῶσα,
3470 948 3565 1001 καὶ
3601 949 3713 1012 τοῖς
3740 944 3969 1000 ἀδικοῦ-

2387 1058 2470 1096 σιν
2494 1039 2803 1106 ὲπεξιοῦσα.

2807 1218 2817 1227 _
2950 1154 3169 1207 Aorox
3194 1152 3292 1206 εθι
3330 1153 3399 1206 ιο.

2907 1243 3049 1311 Περὶ
3093 1243 3436 1313 φιλαυτίας.

2465 1335 2648 1390 Ἰωάν.
2706 1335 2802 1399 ιβ’.
2822 1366 2893 1377 --
2919 1334 2977 1388 '0
3007 1333 3178 1403 φιλῶν
3232 1334 3331 1403 τὴν
3374 1330 3553 1402 ψυχὴν
3585 1331 3773 1395 αὐτοῦ,
3824 1334 3970 1386 ἀπο-

2382 1425 2527 1480 λέσει
2554 1426 2725 1497 αὑτήν
2745 1442 2761 1459 ο
2790 1425 2883 1479 καὶ
2902 1424 2931 1477 6
2953 1423 3130 1496 μισῶν
3148 1422 3320 1493 αὐτὴν
3349 1424 3409 1476 ὲν
3436 1421 3518 1492 τῷ
3546 1422 3735 1492 κόσμῳ
3763 1422 3967 1493 τούτῳ,

2383 1518 2463 1581 είς
2493 1516 2637 1588 ζωὴν
2664 1516 2881 1570 αἰώνιον
2908 1516 3137 1585 φυλάξει
3170 1515 3361 1586 αὑτήν.

2368 1628 2371 1631 ·
2451 1607 2535 1663 B'.
2586 1610 2822 1677 Κορινθ.
2867 1608 3137 1677 ι’.-υύχ
3166 1609 3198 1660 6
3224 1606 3415 1660 ἑαυτὸν
3445 1603 3727 1669 συνιστῶν,
3754 1602 3971 1667 ἐκεῖνος

2384 1702 2500 1754 ἔστι
2528 1701 2769 1771 δόκιμος,
2798 1700 2913 1753 ἀλλ’
2943 1698 3003 1752 ὃν
3036 1700 3065 1752 6
3092 1696 3293 1766 Κύριος
3318 1697 3653 1766 συνίστησιν.

771 1809 1007 1880 Philipp.
1027 1826 1085 1874 ιι,
1113 1811 1206 1865 2|.
1238 1840 1310 1850 —
1336 1809 1539 1865 Omnes
1569 1825 1690 1879 quae
1726 1824 1822 1864 sua
1858 1819 2133 1881 quterunt,
2171 1825 2281 1863 non

2455 1818 2697 1869 Φιλιππ.
2745 1815 2827 1879 β’.
2847 1844 2919 1854 -
2940 1814 3004 1867 Oi
3030 1813 3227 1877 πάντες
3260 1811 3331 1867 τὰ
3358 1811 3566 1865 ἑαυτῶν
3594 1809 3873 1883 ζητοῦσιν,
3906 1811 3971 1863 οὗ

700 1917 823 1973 quae
848 1902 976 1957 Jesu
1003 1902 1231 1958 Christi.

774 1993 936 2047 Eccli.
977 2010 1177 2057 xxxvu,
1214 1993 1303 2047 50.
1327 1994 1544 2056 —Fili,
1579 1994 1632 2048 in
1681 1992 1792 2046 vita
1828 2002 1921 2046 tua
1972 1999 2118 2046 tenta
2164 1992 2282 2045 ani-

703 2100 844 2139 mam
879 2095 1048 2149 tuam,
1078 2095 1133 2140 et
1171 2085 1295 2141 vide
1326 2085 1457 2155 quid
1490 2088 1691 2139 malum
1720 2086 1793 2140 sit
1819 2085 1893 2149 ei,
1924 2093 1979 2139 et
2016 2098 2083 2138 ne
2113 2083 2281 2139 dede-

706 2176 780 2230 ‘is
810 2176 885 2229 illi
918 2194 931 2227 ε
965 2191 1071 2229 non
1108 2177 1254 2231 enim
1285 2178 1467 2231 omnia
1513 2176 1770 2231 omnibus
1799 2176 2137 2230 conducunt.

772 2264 929 2319 Prov.
968 2283 1087 2329 xxi,
1122 2266 1482 2333 ‘2.—On}nis
1525 2268 1612 2320 vir
1653 2266 1872 2321 videtur
1917 2266 2024 2325 sibi
2071 2272 2283 2339 justus;

700 2359 963 2428 :.ppendit
995 2376 1125 2415 vero
1158 2360 1324 2415 corda
1360 2359 1644 2414 Dominus.

768 2450 929 2508 Mr.
983 2468 1163 2517 xxvu,
1214 2451 1593 2506 2.—Laudet
1643 2461 1695 2505 te
1732 2451 2046 2521 proximus,
2084 2462 2140 2507 et
2174 2466 2284 2507 non

699 2560 762 2600 os
783 2553 966 2610 tuum;
996 2544 1197 2610 aliena,
1233 2553 1290 2599 et
1322 2560 1433 2599 non
1470 2553 1560 2601 tua
1589 2545 1752 2600 labia.

771 2638 978 2693 Basilii.
997 2668 1068 2680 --
1086 2637 1361 2694 Probrum
1379 2650 1466 2695 est
1486 2640 1626 2704 viro,
1650 2641 1743 2711 qui
1776 2641 1879 2696 hac
1919 2657 2049 2697 vere
2087 2642 2288 2713 dignus

698 2728 772 2783 sit
796 2731 1183 2799 appellatione,
1211 2731 1478 2801 superﬂui
1506 2733 1688 2790 cultus
1717 2748 1781 2788 ac
1813 2734 2138 2790 deliciarum
2166 2750 2289 2789 cor-

699 2819 851 2887 poris
891 2818 1326 2888 appetentiorent
1370 2836 1513 2885 esse,
1544 2822 1659 2875 sive
1692 2822 1868 2877 cuivis
1900 2822 1993 2877 alii
2028 2824 2284 2894 degeneri

697 2909 904 2975 animo,
940 2909 1159 2965 libidini
1196 2910 1439 2966 studere.
1471 2910 1701 2967 Omnem
1750 2912 1899 2966 enim
1946 2914 2286 2985 diligentiam

698 2998 953 3055 conferre
983 3002 1062 3055 uti
1100 3016 1159 3057 se
1199 3016 1401 3074 corpus
1448 3004 1750 3059 lautissime
1796 3004 2016 3068 habeat,
2052 3008 2174 3076 ejus
2217 3007 2289 3061 sit

700 3092 795 3161 qui
829 3092 943 3160 ipse
974 3092 1217 3163 seipsum
1261 3110 1369 3148 non
1399 3105 1714 3164 cognoscat,
1750 3111 1851 3151 nec
1882 3098 2030 3168 quod
2078 3099 2153 3152 ita
2197 3114 2285 3153 sa-

704 3182 917 3252 pienter
958 3184 1265 3253 injunctum
1295 3193 1401 3250 est,
1432 3185 1721 3256 intelligat.

773 3273 1327 3343 Clamosa—Nemo
1381 3278 1614 3342 amicus,
1662 3293 1828 3347 nemo
1877 3279 2066 3335 frater.
2103 3280 2286 3337 Unus-

701 3364 937 3433 quisque
986 3381 1074 3419 res
1128 3373 1345 3419 nostras
1390 3366 1824 3421 consideremus.
1861 3366 1938 3421 Ea
1993 3367 2135 3421 ratio
2178 3377 2284 3433 est,

705 3472 807 3510 cur
852 3465 909 3511 et
959 3466 1145 3510 nostra
1192 3456 1542 3519 accidamus,
1584 3457 2023 3528 imbecillesque,
2070 3474 2135 3513 ac
2169 3468 2287 3514 tum

708 3547 1046 3610 hominibus,
1100 3556 1214 3600 tum
1250 3547 1470 3601 diabolo
1522 3546 1710 3604 faciles
1754 3559 2066 3623 expugnatu
2092 3550 2287 3616 simus,

704 3638 851 3707 quod
884 3654 992 3692 una
1020 3639 1177 3707 quasi
1209 3641 1679 3695 contcsseratione
1724 3642 1870 3696 inter
1914 3657 2016 3697 nos
2060 3643 2289 3699 minime

706 3728 1087 3783 convenimus.
1134 3728 1269 3783 Nam
1298 3738 1353 3783 et
1401 3729 1455 3783 in
1500 3730 1687 3800 prmlio
1734 3732 2116 3805 instructaque
2147 3736 2287 3799 acie,

708 3820 958 3889 quisquis
993 3821 1153 3875 miles
1180 3820 1288 3876 hoc
1328 3837 1498 3875 unum
1541 3832 1774 3892 spectat,
1810 3833 1872 3879 ut
1900 3824 2025 3896 fuga
2055 3826 2289 3882 salutem

707 3910 985 3981 expediat,
1020 3926 1127 3965 una
1160 3926 1348 3966 secum
1384 3912 1566 3982 perdit
1611 3922 1668 3969 et
1712 3915 1998 3993 reliquos;
2031 3917 2111 3972 uti
2157 3934 2290 3973 vero

710 4000 804 4067 qui
833 4008 1093 4055 strenuus
1121 4011 1227 4065 est,
1253 4016 1319 4054 ac
1347 4016 1447 4071 pro
1473 4000 1598 4057 aliis
1625 4017 1779 4057 arma
1804 4004 1993 4069 sumit,
2021 4005 2128 4060 sibi
2150 4005 2290 4062 adeo

710 4105 836 4145 cum
868 4090 1097 4161 reliquis
1126 4104 1319 4146 auctor
1352 4092 1548 4148 salutis
1585 4103 1690 4149 est.

778 4180 884 4247 Qui
918 4196 1027 4235 non
1061 4181 1314 4250 suscipit,
1350 4196 1515 4251 quam
1549 4181 1654 4251 ipsi
1684 4181 1857 4240 frater
1883 4182 2105 4240 adhibet
2130 4197 2290 4239 cura-

711 4272 940 4339 tionem,
974 4272 1089 4343 ipse
1116 4289 1147 4329 a
1177 4290 1237 4329 se
1265 4288 1488 4345 quoque
1521 4274 1803 4330 dissentit.

2384 1906 2452 1961 τὰ
2476 1906 2572 1960 τοῦ
2601 1906 2862 1977 Χριστοῦ.

2454 1998 2636 2069 Σιρίίχ
2675 1996 2788 2057 λζ’.
2806 1998 3123 2058 -Τέκνον,
3173 1997 3231 2049 ὲν
3276 1999 3345 2067 τῇ
3396 1995 3508 2065 ζωῇ
3560 2011 3653 2047 σου
3704 1994 3973 2064 πείρασον

2383 2091 2479 2155 τὴν
2504 2092 2682 2161 ψυχήν
2707 2107 2819 2153 σου,
2856 2090 2951 2142 καὶ
2979 2087 3056 2141 ῐδε
3085 2087 3137 2141 τί
3168 2088 3403 2158 πονηρὸν
3437 2087 3597 2158 αὐτῇ,
3629 2085 3725 2139 καὶ
3751 2085 3827 2156 μὴ
3862 2085 3973 2155 δῷς

2383 2184 2516 2250 αὐτῇ
2582 2184 2642 2235 ού
2664 2184 2771 2251 γὰρ
2797 2182 2975 2234 πάντα
3012 2183 3146 2234 πᾶσι
3176 2178 3470 2250 συμφέρει.

2454 2278 2699 2342 napum.
2731 2278 2839 2325 κη’.
2858 2305 2874 2312 -
2912 2302 2928 2310 ο
2948 2274 3061 2334 Πᾶς
3092 2272 3230 2342 ἀνὴρ
3262 2270 3511 2339 φαίνεται
3541 2268 3721 2337 ἑαυτῷ
3735 2268 3970 2331 δίκαιος·

2386 2366 2704 2420 κατευθύνει
2737 2366 2792 2417 δὲ
2825 2364 3051 2435 καρδίας
3094 2361 3315 2434 Κύριος.

2455 2462 2702 2527 Παροιμ.
2741 2456 2936 2516 κζ’.-
2965 2454 3392 2526 Ἐγκωμιαξὲτω
3443 2469 3503 2506 σε
3546 2452 3575 2504 6
3630 2450 3825 2515 πέλας,
3873 2450 3975 2504 καὶ

2388 2550 2468 2623 μὴ
2498 2550 2560 2603 τὸ
2588 2546 2679 2603 σὺν
2713 2549 2889 2617 στόμα
2909 2565 2921 2577 ·
2953 2546 3229 2617 ἀλλότρια,
3259 2546 3354 2599 xa't
3384 2544 3461 2616 μὴ
3497 2544 3565 2597 τὰ
3584 2544 3655 2597 σὰ
3682 2543 3858 2614 χείλη.

2457 2640 3017 2703 Βασιλ.-Ὄνειδος
3049 2639 3158 2710 γὰρ
3192 2638 3367 2707 ἀνδρὶ,
3418 2636 3497 2707 τῷ
3526 2653 3590 2705 γε
3636 2636 3711 2699 ώς
3750 2632 3975 2705 ἀληθῶς

2384 2734 2488 2806 τῆς
2545 2733 2925 2806 προσηγορίας
2972 2733 3177 2800 ταύτης
3231 2727 3387 2799 ἀξίῳ,
3442 2726 3827 2797 καλλωπιστὴν
3874 2724 3977 2779 καὶ

2390 2825 2769 2897 φιλοσώματον
2801 2819 2961 2887 εἶναι,
2988 2822 3021 2891 ἢ
3062 2820 3199 2891 πρὸς
3229 2820 3356 2873 ἄλλο
3379 2836 3431 2872 τι
3458 2819 3567 2872 τῶν
3596 2817 3784 2871 παθῶν
3808 2818 3978 2884 ἀγεν-

2389 2920 2496 2980 νῶς
2518 2919 2847 2973 διακεῖσθαι.
2885 2917 2959 2969 Τὸ
2992 2915 3102 2985 γὰρ
3149 2914 3248 2985 τὴν
3283 2914 3467 2968 πᾶσαν
3510 2912 3747 2982 σπουδὴν
3779 2910 3977 2981 εἰσφέ-

2394 3010 2604 3080 ρεσθαι,
2634 3009 2781 3069 ὅπως
2824 3007 2898 3067 ώς
2946 3004 3210 3058 κάλλιστα
3256 3002 3421 3057 αὑτοῦ
3451 3002 3513 3055 τὸ
3542 3002 3705 3072 σῶμα
3736 3001 3872 3066 ἕξοι,
3907 3001 3974 3054 ού

2389 3100 2840 3169 διαγινώσκοντος
2896 3097 3090 3149 ἑαυτόν
3139 3098 3307 3159 ἐστιν,
3386 3094 3508 3149 ούδι
3562 3092 3833 3157 συνιέντος
3875 3091 3976 3145 τοῦ

2391 3192 2555 3262 σοφοῦ
2598 3188 3081 3261 παραγγέλματος.

2460 3280 3054 3353 Χρυσοστ.-οὑδεὶς
3097 3279 3268 3349 φίλος,
3330 3277 3505 3341 οὐδεὶς
3569 3276 3817 3343 ἀδελφός.
3890 3274 3978 3328 Τὰ

2389 3377 2599 3430 ἑαυτῶν
2623 3374 2934 3443 σκοποῦμεν
2961 3372 3212 3434 ἕκαστος.
3244 3369 3344 3423 Διὰ
3370 3368 3528 3423 τοῦτο
3549 3369 3643 3422 καὶ
3663 3367 3732 3421 τὰ
3758 3366 3976 3420 ἑαυτῶν

2391 3465 2742 3535 κολοϐοῦμεν,
2801 3464 2895 3522 καὶ
2936 3461 3183 3523 ἀσθενεῖς
3230 3459 3322 3524 καὶ
3369 3457 3835 3525 εὐκαταγώνιστοι
3876 3455 3976 3508 καὶ

2390 3556 2700 3628 ἀνθρώποις
2720 3554 2816 3608 καὶ
2833 3551 3063 3621 διαϐόλῳ
3087 3551 3275 3620 ἐσμὲν,
3300 3550 3364 3602 ὲκ
3387 3547 3481 3601 τοῦ
3512 3546 3586 3617 μὴ
3616 3543 3978 3608 συνασπίζειν

2392 3650 2674 3720 ἀλλήλους.
2728 3647 2837 3700 Καὶ
2876 3644 2986 3714 γὰρ
3024 3646 3082 3698 ὲν
3140 3642 3369 3710 πολέμῳ
3413 3640 3508 3701 καὶ
3563 3637 3899 3705 παρατάξει,
3944 3635 3978 3687 6

2393 3738 2528 3809 πρὸς
2564 3736 2728 3790 τοῦτο
2781 3735 2942 3805 μόνον
2987 3730 3130 3803 δρῶν
3171 3727 3530 3801 στρατιώτης,
3582 3725 3732 3787 ὅπως
3778 3720 3978 3776 ἑαυτὸν

2391 3824 2633 3897 διασώσῃ
2666 3823 2875 3894 φυγὼν,
2915 3824 3011 3876 καὶ
3052 3822 3179 3882 τοὺς
3226 3820 3417 3881 ἄλλους
3449 3816 3566 3888 μεθ’
3601 3814 3798 3870 ἑαυτοῦ
3846 3830 3978 3865 συν-

2391 3919 2721 3975 απόλλυσιν’
2765 3916 2955 3986 ὥσπερ
2992 3911 3086 3967 οὖν
3123 3916 3152 3966 6
3202 3912 3472 3980 γενναῖος,
3528 3909 3624 3961 καὶ
3680 3906 3825 3975 ὑπὲρ
3860 3902 3977 3957 τῶν

2393 4014 2568 4068 ἄλλων
2598 4010 2669 4065 τὰ
2704 4010 2845 4063 ὅπλα
2868 4008 3171 4078 τιθέμενος,
3199 4004 3338 4076 μετὰ
3364 4005 3472 4057 τῶν
3505 4003 3681 4056 ἄλλων
3710 4000 3808 4053 καὶ
3844 4001 3977 4052 ἑαυ-

2390 4104 2484 4157 τὸν
2505 4099 2783 4165 διασώζει.

2472 4193 2532 4247 ὐ
2591 4192 2665 4264 μὴ
2730 4190 3157 4260 καταδεχόμενος
3228 4186 3327 4259 τὴν
3380 4185 3531 4254 παρὰ
3588 4182 3683 4235 τοῦ
3738 4178 3974 4249 ἀδελφοῦ

2393 4285 2691 4359 θεραπείαν
2723 4280 3142 4355 προσαγομένην
3166 4278 3335 4350 αὐτῷ,
3373 4274 3702 4347 ἀσύμφωνος
3730 4274 3846 4325 ἐστι
3877 4273 3976 4326 καὶ

2392 4381 2553 4443 αὐτὸς
2579 4378 2776 4449 ὲαυτῷ.

781 4453 1268 4524 Theologi.—Uno
1313 4454 1419 4507 hoc
1466 4453 1647 4523 capite
1694 4469 1886 4508 omnes
1932 4454 2008 4525 pii
2059 4470 2286 4521 sumus,

2466 4466 3092 4541 Θεολόγου.-Ιιάντες
3143 4464 3241 4536 μὲν
3302 4460 3547 4524 εὐσεϐεῖς
3601 4458 3660 4524 ἐξ
3711 4458 3831 4557 ενδς
3849 4454 3973 4557 Ατοῦ

713 4543 861 4614 τιυοά
906 4545 1148 4615 τειίίιιιοε
1180 4544 1479 4614 ίπιρίθιθίίε
1521 4545 1949 4602 ίηδίῐηυιδῖηυεε
1984 4548 2088 4618 δυεί
2130 4549 2293 4604 “oms
2318 4543 2367 4557 ν
2394 4562 2828 4631 καταγινώσκειν
2880 4557 3127 4629 ἀλλήλων
3181 4554 3472 4609 ἀσέϐειανο
3512 4550 3621 4604 τῶν
3678 4548 3777 4618 μὲν
3827 4546 3976 4599 ἰδίων

713 4635 867 4691 lenes
912 4635 1127 4706 iudices
1152 4674 1168 4699 ,
1233 4635 1577 4707 aliorumque
1630 4636 1755 4692 duri
1814 4638 2103 4710 exactique
2158 4655 2291 4696 cen-

715 4742 887 4781 δοκε.

786 4818 935 4873 Inter
966 4832 1066 4872 nos
1099 4818 1419 4889 spiritaliter
1446 4836 1734 4877 versemur
1766 4840 1780 4876 :
1811 4822 2042 4879 fratrum
2089 4826 2293 4898 potius,

717 4925 882 4979 quam
912 4909 1015 4980 ipsi
1043 4910 1222 4966 nostri
1255 4913 1589 4985 amantiores
1616 4915 1813 4971 simus.

791 5000 1046 5054 Philonis.
1068 5001 1260 5069 —Qui
1294 5002 1351 5057 in
1392 5004 1477 5059 sui
1526 5004 1789 5060 duntaxat
1838 5007 2066 5077 gratiam
2099 5020 2297 5066 cuncta

718 5101 907 5162 agunt,
937 5108 1082 5147 cmco
1107 5095 1191 5149 sui
1222 5096 1415 5158 amori,
1441 5098 1680 5166 pessimo
1715 5098 1851 5153 vitio
1887 5100 2133 5154 studium
2167 5117 2299 5171 ope-

722 5199 947 5254 ramque
973 5195 1205 5254 ponunt.

791 5274 963 5329 Critii.
985 5275 1261 5330 ——Dirum
1290 5291 1443 5339 vero,
1480 5291 1605 5334 cum
1638 5277 1764 5345 quis
1801 5278 1949 5335 sanis
1994 5281 2299 5337 rationibus

722 5383 844 5424 csse
875 5368 981 5424 sibi
1009 5368 1280 5433 videatur,
1310 5386 1413 5426 nec
1441 5380 1618 5425 tamen
1648 5372 1736 5426 sit.

798 5462 961 5518 Probi
995 5480 1188 5519 sumus
1236 5473 1400 5534 atque
1439 5465 1583 5521 acuti
1630 5474 1692 5521 ut
1739 5467 2022 5525 videamus
2066 5471 2298 5527 aliorum

726 5556 950 5630 malum.

801 5648 911 5702 Nos
935 5664 1064 5703 vero
1098 5649 1198 5720 ipsi
1242 5666 1367 5707 cum
1398 5651 1650 5723 facimus,
1683 5653 1975 5725 nescimus.

802 5767 847 5818 t’
880 5767 938 5821 ln
962 5766 1127 5821 Gesn.
1160 5767 1315 5823 Stob.
1359 5767 1477 5825 105..

2396 4658 2559 4728 πρᾶοι
2582 4654 2791 4726 κριταὶ,
2811 4652 2919 4706 τῶν
2952 4650 3008 4703 δὲ
3039 4647 3335 4719 ἀλλοτρίων
3377 4642 3627 4714 ἀκριϐεῖς
3661 4637 3972 4708 ἐξετασταί.

2468 4830 2725 4901 Συνῶμεν
2755 4827 3008 4898 ἀλλήλοις
3053 4819 3472 4891 πνευματικῶςο
3510 4813 3801 4888 γενώμεθα
3848 4813 3979 4883 φιλ-

2394 4923 2612 4991 άδελφοι
2638 4920 2837 4993 μᾶλλον
2866 4918 2900 4988 ἢ
2928 4915 3195 4985 φίλαυτοι.

2468 5016 2684 5068 Φίλων.
2707 5042 2760 5052 -
2790 5010 2856 5065 υἱ
2881 5004 3089 5062 ἑαυτῶν
3117 5003 3276 5075 μόνον
3298 5000 3462 5055 ἕνεκα
3499 4997 3678 5051 πάντα
3705 4995 3977 5065 πράττον-

2397 5126 2510 5172 τες,
2548 5104 2832 5177 φιλαυτίας
2866 5100 3124 5171 μέγιστον
3152 5094 3322 5150 κακὸν
3350 5089 3777 5162 ἐπιτηδεύουσιν.

3059 5274 3312 5343 Κριτίου.

2400 5377 2608 5434 Δεινὸν
2642 5374 2695 5429 δ’
2732 5375 2877 5427 ὅταν
2905 5388 2993 5436 τις
3035 5369 3122 5437 μὴ
3163 5363 3403 5437 φρονῶν
3443 5360 3596 5428 δοκῇ
3634 5357 3899 5429 φρονεῖν.

2414 5469 2648 5541 Ἀγαθοι
2682 5466 2751 5521 δὲ
2787 5465 2853 5520 τὸ
2876 5466 3065 5520 κακόν
3089 5462 3276 5530 ἐσμεν
3306 5457 3398 5527 ἐφ’
3432 5453 3647 5524 ἐτέρων
3674 5450 3823 5506 ἰδεῖν
3845 5465 3860 5479 ·

2400 5650 2581 5712 Αὐτοὶ
2610 5648 2661 5704 δ’
2688 5648 2834 5704 ὅταν
2852 5642 3132 5715 ποιῶμεν,
3161 5641 3233 5695 οὐ
3271 5636 3657 5708 γινώσκομεν.
