4200 6440
239 389 377 455 1013

870 500 1161 569 Μενάνδρ.

233 591 446 657 οὐδεὶς
489 590 583 646 ἐπ’
636 588 824 644 αὐτοῦ
874 592 943 660 τι)
998 590 1187 645 κακὸν
1230 590 1482 660 συνορᾷ,
1509 591 1798 660 Πάμφιλε,

242 661 479 729 Ἑτέρου
509 660 561 713 δ’
589 659 1106 728 ἀσχημονοῦν-τος,
1147 657 1352 729 σοφῶς
1384 657 1467 728 ὄψι

1466 676 1610 713 εται.

304 854 584 922 Διογένης
616 853 682 907 ⁸⁷.
703 852 1045 923 -Διογένης
1060 851 1374 922 ἐρωτηθεὶς,
1395 850 1461 905 Τί
1482 852 1792 923 χαλεπώτα-

232 961 325 998 τον
342 961 359 1009 ;
382 944 455 996 Τὸ
481 942 769 1011 γινώσκειν
786 943 993 1007 ἑαυτὸν,
1012 943 1137 1011 ἔφη.
1159 941 1335 996 Πολλὰ
1352 943 1460 1012 γὰρ
1487 943 1590 996 ὑπὸ
1610 944 1802 1011 φιλαυ-

232 1036 359 1097 τίας
387 1035 615 1087 ἕκαστον
636 1032 814 1103 ἑαυτῷ
837 1032 1201 1103 προστιθέναι.

322 1212 381 1265 '0
424 1211 608 1277 αὐτὸς,
650 1212 760 1266 τῶν
797 1211 1101 1284 ἀνθρώπων
1146 1214 1321 1278 ἐνίους
1359 1213 1465 1285 ἔφη
1506 1215 1576 1268 τὰ
1615 1213 1805 1267 δέοντα

238 1300 518 1368 λέγοντας,
544 1303 753 1356 ἑαυτῶν
774 1306 873 1357 οὐκ
898 1304 1118 1359 ἀκούειν
1139 1322 1152 1337 ·
1180 1305 1368 1375 ῶσπερ
1394 1306 1490 1361 καὶ
1519 1307 1615 1368 τὰς
1638 1306 1805 1376 λύρας

239 1390 407 1447 καλὸν
448 1391 823 1463 φθεγγομένας
856 1395 958 1449 οὐκ
987 1394 1358 1453 αἰσθάνεσθαι.

316 1562 764 1622 Πλάτων-Τὸ
814 1565 1188 1632 ἐξαπατᾶσθαι
1240 1570 1401 1623 αὐτὸν
1482 1569 1573 1639 ὑφ’
1639 1569 1805 1625 αὑτοῦ

244 1641 463 1705 πάντων
485 1653 887 1723 χαλεπώτατον.
908 1658 1075 1712 Ὅταν
1088 1659 1195 1729 γὰρ
1220 1658 1295 1731 μὴ
1329 1660 1522 1731 μικρὸν
1549 1658 1803 1733 [μακρὸν]

244 1740 551 1813 ἀποσωθῇ,
597 1742 712 1798 ἀλλ’
755 1746 842 1799 ἀεὶ
877 1750 1028 1819 παρῇ
1087 1749 1116 1801 ὁ
1160 1748 1533 1820 ἐξαπατήσων,
1581 1748 1696 1813 πῶς
1742 1749 1803 1803 οὐ

242 1830 418 1885 δεινόν
437 1848 455 1898 ;

816 1949 1037 2004 ΛΟΓΟΣ
1090 1952 1144 2005 0'
1184 1952 1249 2006 “.

241 2033 386 2103 Περὶ
415 2036 544 2101 τοῦ,
574 2037 664 2091 ὅτι
700 2038 961 2124 εὔκολος
976 2041 1015 2107 ἠ
1059 2043 1257 2125 κρκια,
1286 2045 1384 2098 καί
1406 2043 1810 2114 δυσπόριστος

928 2127 1131 2178 αρετη.

316 2195 499 2249 Maro.
559 2192 1021 2254 ζ’.-Εἱσέλθετε
1060 2198 1150 2253 διὰ
1202 2200 1301 2271 τῆς
1363 2202 1554 2273 στενῆς
1611 2202 1808 2275 πύλης,

242 2281 327 2334 ὅτι
368 2284 597 2339 πλατεῖα
643 2288 676 2357 ὴ
724 2286 889 2360 πύλη,
928 2288 1021 2343 καὶ
1061 2290 1372 2363 εὐρύχωρος
1412 2294 1445 2364 ἡ
1480 2293 1595 2358 ὁδὸς
1626 2296 1661 2364 ἡ
1702 2296 1809 2349 ἀπ-

244 2373 455 2441 άγουσα
487 2378 567 2442 είς
590 2377 689 2449 τὴν
716 2379 1010 2436 ἀπώλειαν.

330 2465 484 2535 Ἔϐρ.
525 2469 703 2533 ιβ’.-
733 2471 888 2525 Πᾶσα
934 2471 1173 2539 παιδεία,
1204 2473 1341 2544 πρὸς
1377 2474 1477 2545 μὲν
1532 2477 1593 2530 τδ
1642 2479 1813 2549 παρὸν

241 2559 307 2611 οὐ
338 2558 486 2614 δοκεῖ
503 2563 680 2633 χαρᾶς
702 2557 861 2628 εἶναι,
887 2563 1024 2619 ἀλλὰ
1055 2565 1233 2637 λύπης
1257 2584 1273 2601 ο
1314 2566 1539 2637 ὔστερον
1563 2569 1640 2634 δὲ,
1674 2588 1811 2643 καρ-

245 2649 352 2702 πὸν
419 2653 694 2723 εἰρηνικὸν
743 2655 855 2718 τοῖς
901 2654 970 2709 δι’
1029 2656 1202 2727 αὐτῆς
1282 2658 1811 2730 ὲγγεγυμνασμένοις

242 2740 590 2798 ἀποδίδωσιν.

318 2835 561 2903 Παροιμ.
605 2841 704 2900 ις’.
727 2865 795 2882 -ν
813 2837 1002 2889 Ἔστιν
1028 2836 1164 2903 ὁδὸς,
1191 2838 1225 2908 ἢ
1252 2837 1401 2891 δοκεῖ
1425 2839 1577 2908 παρὰ
1605 2839 1813 2911 ἀνθρὼ-

246 2940 375 2987 ποις
406 2921 541 2995 ὀρθὴ
568 2919 728 2990 εἶναι,
755 2926 824 2980 τὰ
865 2926 922 2980 δὲ
959 2926 1241 2981 τελευταῖα
1272 2928 1445 3000 αὐτῆς
1484 2928 1701 3000 ἔρχεται
1734 2932 1815 2995 είς

244 3013 502 3085 πυθμένα
532 3016 680 3093 ᾅδου.

320 3104 500 3197 Σιρὰχ
533 3111 643 3197 aca’.
664 3105 898 3175 -——'062>;
945 3106 1285 3178 ἁμαρτωλῶν
1313 3107 1666 3181 ὡμαλισμένη
1709 3110 1815 3163 ἀπὸ
1841 3140 1883 3197 c

244 3195 434 3261 λίθων,
467 3195 561 3248 καὶ
589 3198 676 3249 ἐπ’
708 3197 939 3268 ἐσχάτου
962 3198 1132 3269 αὐτῆς
1165 3199 1356 3269 βόθρος
1387 3199 1534 3269 ᾅδου.

318 3287 744 3342 Βασιλείου.-
770 3287 836 3340 Τί
876 3287 985 3341 τῶν
1013 3287 1231 3355 ἀγαθῶν
1264 3287 1521 3353 εὖκολον;
1558 3290 1654 3353 Τίς
1683 3289 1817 3344 καθ-

245 3378 420 3433 εύδων
459 3382 716 3453 τρόπαιον
756 3382 1016 3454 ἐστησεν;
1069 3383 1165 3447 Τίς
1203 3383 1424 3454 τρυφῶν
1478 3384 1574 3455 καὶ
1615 3400 1818 3441 καταυ-

245 3468 532 3541 λούμενος,
545 3474 657 3534 τοϊς
669 3473 764 3541 τῆς
783 3473 1079 3544 καρτερίας
1097 3473 1377 3541 στεφάνοις
1397 3472 1780 3544 κατεκοσμήθη
1802 3490 1816 3538 ;

250 3550 442 3626 Οὐδεὶς
474 3563 548 3635 μὴ
579 3564 801 3635 δραμὼν
830 3566 1069 3619 ἀνείλετο
1102 3566 1374 3637 βραϐεῖον.
1399 3567 1557 3621 Πόνοι
1590 3568 1819 3636 γεννῶσι

248 3647 411 3716 δόξαν
430 3668 444 3683 ο
474 3652 712 3723 κάματοι
742 3653 799 3708 δὲ
833 3654 1152 3723 προξενοῦσι
1185 3655 1499 3723 στεφάνους.

328 3842 520 3898 Πολλοὶ
549 3844 720 3899 πολλὰ
744 3845 1194 3919 συναθροίσαντες
1217 3850 1283 3902 ὲκ
1308 3848 1581 3919 νεότητος,
1606 3868 1673 3906 πε
1683 3850 1735 3922 pi.
1754 3852 1822 3906 τὰ

258 3933 404 4004 μέσα
456 3934 548 3987 τοῦ
616 3935 732 4006 βίου
788 3936 1112 4008 γενόμενοι,
1170 3939 1590 3993 ἐπαναστάντων
1638 3942 1821 4006 αὐτοῖς

255 4024 581 4094 πειρασμῶν
621 4027 687 4077 ὲκ
724 4026 833 4078 τῶν
863 4027 1186 4097 πνευμάτων
1231 4027 1333 4098 τῆς
1384 4028 1670 4099 πονηρίας,
1723 4027 1824 4080 οὐκ

253 4116 499 4186 ἤνεγκαν
524 4116 619 4169 τοῦ
643 4116 908 4187 χειμῶνος
936 4118 999 4172 τὸ
1036 4118 1220 4190 βάρος,
1257 4119 1345 4187 διὰ
1384 4120 1446 4175 τὸ
1490 4120 1590 4190 τὴν
1623 4119 1822 4191 κυϐέρ-

256 4223 414 4283 νησιν
436 4208 618 4279 αὐτοὶς
645 4208 720 4280 μὴ
744 4212 1028 4285 παρεῖναι·
1058 4209 1195 4265 ἀλλὰ
1226 4211 1441 4265 πάντων
1476 4210 1699 4265 ἐκείνων
1727 4210 1824 4281 τὴν

260 4295 464 4365 ζημίαν
497 4295 816 4369 ὑπέμειναν.

331 4384 469 4439 Οὔτε
516 4386 625 4460 γὰρ
682 4386 796 4457 πῦρ
860 4388 1310 4460 εὐκαταπρήστου
1356 4390 1487 4461 ὕλης
1525 4390 1821 4461 ἁψάμενον,

1535 390 1702 449 LOCI
1738 387 2173 450 COMMUNES.

3334 382 3467 446 1014

1833 508 1878 560 Α
1974 496 2553 553 Menandri—Nemo
2595 496 2652 552 in
2704 496 2886 567 seipso
2932 495 3135 550 malum
3184 492 3466 561 intelligit,

1902 589 2206 658 Pamphile.

1970 677 2120 731 Alter
2150 690 2282 730 vero
2322 675 2369 729 si
2414 673 2548 743 quid
2592 674 2664 729 ab
2712 673 2948 728 honesto
2998 670 3214 734 deviet,
3261 669 3468 738 liquido

1901 767 2217 837 perspiciet.
3455 806 3459 807 κ

1978 857 2245 928 Diogenes.
2268 886 2338 896 —-—
2358 856 2624 927 Diogenes
2665 859 3053 924 interrogatus,
3084 850 3179 919 qui
3210 848 3465 903 difﬁcilli-

1902 963 2054 1003 mum
2079 956 2244 1012 esset,
2272 946 2557 1016 respondit
2584 962 2597 998 :
2622 945 2795 1000 Nosse
2817 943 3077 1013 seipsum.
3104 940 3269 995 Multa
3296 940 3466 1003 enim,

1902 1052 2014 1106 quo
2039 1037 2275 1106 quisque
2316 1050 2461 1091 caeco
2486 1034 2571 1090 sui
2594 1048 2779 1089 amore
2811 1033 3012 1104 agitur,
3044 1032 3103 1086 in
3147 1045 3274 1085 suas
3304 1029 3470 1083 ratio-

1904 1138 2002 1176 nes
2035 1121 2352 1177 transferre.

1969 1211 2132 1281 687
2160 1210 2357 1266 Aiebat
2396 1211 2561 1276 idem,
2590 1209 2887 1264 nonnullos
2921 1208 3229 1274 hominum,
3255 1222 3320 1261 ea
3350 1222 3471 1275 qua:

1904 1299 2064 1355 ollicii
2101 1299 2232 1365 sint,
2266 1300 2573 1369 loquentes,
2616 1300 2764 1357 haud
2804 1300 3014 1370 seipsos
3056 1300 3277 1365 audire;
3308 1299 3385 1354 uti
3414 1308 3472 1354 et

1904 1392 2034 1462 lyra:
2057 1407 2181 1447 cum
2206 1391 2560 1447 suavissimos
2581 1391 2773 1445 modos
2797 1396 3076 1463 resonent,
3102 1389 3254 1444 nullo
3275 1403 3469 1444 eorum

1904 1498 2069 1538 sensu
2096 1482 2429 1541 afﬁciuntur.

1974 1570 2520 1626 Plato.—Omnium
2571 1571 2955 1642 gravissimum
2996 1581 3102 1636 est,
3154 1570 3302 1641 quod
3348 1572 3473 1640 quis

1906 1660 2149 1729 seipsum
2181 1659 2441 1729 decipiat.
2468 1659 2605 1715 Cum
2636 1659 2784 1714 enim
2815 1660 2963 1714 haud
2991 1659 3183 1729 procul
3223 1658 3471 1723 dissitus,

1907 1750 2002 1805 sed
2025 1765 2243 1820 semper
2269 1764 2510 1818 praesens
2537 1750 2628 1814 sit,
2653 1750 2749 1819 qui
2773 1748 3150 1803 seductionem
3177 1748 3471 1813 ministrat,

1838 1823 1882 1879 Β
1911 1839 2186 1909 quomodo
2222 1854 2332 1893 non
2366 1838 2604 1893 immane
2637 1838 2929 1908 dirumque
2960 1840 3051 1896 sit.

2471 1950 2699 2006 SERMO
2753 1950 2916 2006 LXX.

2018 2063 2205 2117 Vitium
2238 2078 2348 2118 esse
2372 2062 2546 2133 facile,
2579 2079 2684 2116 non
2713 2060 2863 2133 facile
2897 2064 3083 2133 parari
3103 2064 3367 2117 virtutem.

1981 2196 2166 2250 Matth.
2192 2212 2285 2260 vn,
2319 2196 2721 2251 l5.-—-lntrate
2756 2211 2856 2266 per
2894 2204 3177 2267 angustam
3218 2206 3428 2266 portam
3457 2214 3471 2252 :

1911 2286 2019 2341 lata
2044 2287 2189 2341 enim
2221 2293 2303 2341 est
2336 2296 2513 2357 porta,
2541 2296 2598 2342 et
2621 2286 2860 2357 spatiosa
2892 2294 2978 2341 est
3016 2286 3123 2353 via,
3166 2303 3286 2357 qua:
3324 2287 3476 2343 ducit

1911 2377 1978 2432 ad
2006 2376 2391 2447 perditionem.

1981 2464 2136 2518 Hebr.
2185 2481 2279 2530 xu,
2308 2463 2695 2521 ll.-—0mnis
2746 2464 3063 2536 castigatio,
3116 2463 3171 2518 in
3222 2463 3475 2533 praesenti

1911 2554 2131 2624 quidem
2154 2555 2373 2609 videtur
2398 2571 2510 2610 non
2542 2570 2665 2611 esse
2689 2555 2895 2626 gaudii,
2919 2554 3016 2610 sed
3035 2553 3319 2619 maeroris;
3354 2564 3478 2624 post

1912 2662 1976 2701 ea
2033 2655 2216 2701 autem
2256 2646 2496 2701 fructum
2553 2646 2965 2718 pacatissimam
3023 2645 3338 2706 exercitatis
3378 2660 3478 2720 per

1879 2777 1888 2787 .
1911 2751 2031 2790 eam
2067 2736 2268 2791 reddit.

1984 2826 2139 2881 Prov.
2177 2843 2286 2890 xw,
2318 2826 2409 2881 25.
2432 2825 2616 2885 —Est
2641 2826 2752 2892 via,
2780 2840 2902 2897 quae
2938 2825 3157 2884 videtur
3191 2824 3334 2895 apud
3376 2824 3480 2878 ho-

1915 2916 2091 2971 mines
2114 2927 2293 2983 recta;
2320 2924 2565 2972 extrema
2594 2925 2777 2972 autem
2804 2917 2923 2987 ejus
2946 2916 3152 2971 vadunt
3175 2916 3229 2970 in
3255 2914 3481 2985 profun-

1915 3006 2045 3061 dum
2079 3008 2298 3061 inferni.

1985 3097 2147 3150 Eccli.
2174 3114 2284 3163 xxi,
2318 3100 2403 3155 ll.
2425 3130 2493 3138 —
2511 3098 2610 3154 Via
2642 3106 2996 3168 peccatorum
3026 3097 3369 3169 complanata
3397 3106 3483 3153 est

1916 3186 2209 3257 lapidibus,
2233 3195 2290 3242 et
2316 3187 2371 3242 in
2396 3187 2501 3242 line
2530 3187 2697 3252 illius,
2725 3188 2884 3244 fovea
2909 3188 3129 3243 inferni.

1985 3275 2192 3331 Basilii.
2216 3308 2285 3317 —
2305 3277 2445 3345 Quid
2476 3294 2667 3334 eorum
2698 3295 2819 3349 qua:
2848 3280 2992 3335 bona
3025 3285 3153 3333 sunt
3176 3293 3350 3347 exque
3375 3278 3484 3330 vir-

1921 3376 2055 3432 tute,
2098 3368 2258 3424 facile
2285 3379 2341 3424 et
2382 3370 2732 3439 expeditum?
2768 3370 2918 3437 Quis,
2943 3369 3271 3425 dormiendo
3309 3370 3487 3425 erexit

1918 3460 2223 3529 tropaeum?
2249 3459 2382 3527 Quis
2422 3460 2715 3533 indulgens
2745 3461 2962 3517 deliciis
3010 3461 3265 3534 tibiisque
3294 3461 3487 3516 modu-

1919 3549 2178 3615 lantibus,
2222 3552 2541 3605 constantia:
2581 3551 2851 3624 fortisque
2879 3552 3048 3607 animi
3076 3552 3296 3607 coronis
3335 3551 3484 3607 redi-

1920 3641 2088 3694 mitus
2132 3641 2250 3696 est?
2292 3640 2483 3705 Nemo,
2518 3643 2614 3712 qui
2658 3659 2772 3697 non
2815 3659 2983 3698 cursu
3030 3643 3350 3713 perfunctus
3389 3644 3483 3707 sit,

1920 3730 2157 3799 palmam
2204 3731 2529 3799 promeruit.
2578 3731 2819 3787 Labores
2859 3728 3087 3804 gloriam
3134 3732 3376 3802 pariunt,
3422 3750 3489 3789 ac

1922 3819 2226 3880 certamina
2259 3833 2490 3876 coronas
2520 3821 2835 3876 conciliant.

1989 3910 2141 3965 Multi
2170 3912 2361 3967 multis
2398 3911 2467 3966 ab
2495 3911 2868 3968 adolescentia
2904 3914 3266 3984 congregatis,
3309 3916 3488 3970 media

1923 4001 2146 4057 circiter
2184 4010 2365 4068 aetate,
2414 4002 2611 4057 oborta
2646 4003 2778 4069 illis,
2826 4004 3288 4077 nequissimorum
3331 4005 3491 4074 spiri-

1924 4103 2078 4148 tuum
2112 4092 2326 4159 fraude,
2373 4093 2696 4159 tentatione,
2741 4095 2968 4149 concitae
3012 4093 3351 4163 tempestatis
3382 4094 3490 4147 vim

1924 4186 2067 4242 ferre
2091 4202 2203 4240 non
2228 4187 2538 4251 valuerunt,
2567 4194 2756 4257 utpote
2787 4185 3027 4255 imperiti
3053 4186 3489 4256 gubernationis,

1924 4277 2019 4332 sed
2050 4277 2296 4332 omnium
2324 4292 2509 4332 rerum
2533 4292 2755 4333 suarum
2781 4278 3048 4348 jacturam
3079 4276 3348 4331 fecerunt.

1992 4388 2181 4459 Neque
2209 4389 2357 4445 enim
2393 4388 2510 4446 fieri
2542 4395 2724 4459 potest
2754 4395 2815 4442 ut
2850 4388 3011 4458 ignis,
3041 4387 3132 4442 ubi
3158 4387 3366 4442 aridam
3398 4403 3495 4441 na-

256 4474 487 4535 5W!!!th
520 4477 595 4549 μὴ
623 4477 745 4549 οὐχὶ
775 4478 868 4531 ἐπὶ
912 4479 1092 4533 πᾶσαν
1137 4480 1307 4552 αὐτὴν
1352 4479 1627 4551 διαϐῆναι,
1650 4479 1823 4543 ἄλλως
1853 4470 1900 4528 ι)

1853 4470 1900 4528 Ι)
1924 4488 2047 4536 ctus
2074 4480 2242 4536 fuerit
2270 4481 2575 4544 materiam,
2603 4496 2716 4536 non
2746 4470 2914 4535 tutam
2954 4480 3225 4543 absumat,
3268 4494 3498 4549 praeser-

258 4582 322 4619 τε
356 4566 460 4620 κᾶν
493 4567 724 4639 ἐπιτύχῃ
745 4568 1054 4640 πνεύματος
1088 4571 1346 4640 ἑπιφόρου
1389 4570 1490 4640 τὴν
1518 4570 1690 4641 φλόγα
1714 4570 1828 4624 δια-

1931 4572 2027 4627 tim
2056 4571 2101 4627 si
2130 4582 2331 4628 ventus
2361 4573 2637 4629 secundus
2667 4572 2913 4638 accedat,
2946 4571 3063 4642 qui
3088 4569 3359 4639 ﬂammam
3395 4571 3497 4626 de-

262 4656 608 4728 κομίζοντος·
647 4658 769 4712 οὔτε
794 4660 896 4731 τὴν
927 4661 1199 4732 ἁμαρτίαν
1250 4662 1367 4723 ἐνὸς
1405 4661 1712 4732 ἁψαμένην,
1754 4662 1829 4734 μὴ

1929 4664 2091 4718 vehat
2122 4679 2135 4717 :
2162 4663 2243 4719 sic
2268 4671 2574 4734 peccatum,
2601 4679 2728 4719 cum
2753 4678 2924 4719 unum
2948 4662 3249 4733 quemlibet
3280 4663 3497 4718 invase-

260 4748 387 4818 οὑχὶ
412 4749 506 4802 ἐπὶ
530 4750 738 4815 πάντας
762 4752 887 4814 τοὺς
912 4750 1230 4820 ἐγγίζοντας
1271 4752 1520 4820 διελθεῖν,
1569 4753 1831 4818 ἑξαπτόνο

263 4855 375 4891 των
401 4839 570 4910 αὐτὴν
587 4840 697 4894 τῶν
725 4842 1051 4913 πνευμάτων
1085 4845 1185 4915 τῆς
1214 4845 1496 4919 πονηρίας.

339 4931 1143 5004 Θεολόγ.-Δυσκατόρθωτος
1180 4936 1216 5007 ἡ
1255 4935 1446 5009 ἁρετὴ,
1488 4935 1582 4990 καὶ
1623 4936 1683 4990 οὐ
1743 4955 1833 5008 μι-

267 5022 420 5091 κροῖς
446 5020 727 5076 ἁλίσκεται
762 5023 963 5086 πόνοις.

340 5113 572 5166 Σπάνιον
596 5116 630 5184 η
658 5112 753 5167 τοῦ
782 5112 986 5183 ἀγαθοῦ
1012 5114 1206 5187 κτῆσις
1238 5115 1333 5169 καὶ
1374 5117 1695 5190 πρόσαντες,
1730 5118 1835 5173 κᾶν

268 5204 318 5256 εἰ
344 5203 479 5257 πολὺ
500 5204 565 5257 τὸ
583 5204 848 5276 μεθέλκον
882 5207 967 5278 εἴη
999 5208 1093 5261 καὶ
1130 5207 1593 5279 προκαλούμενον.

343 5294 642 5367 Πρόχειρον
694 5299 929 5369 πρᾶγμα
984 5301 1017 5371 ἡ
1058 5299 1348 5372 μοχθηρία,
1381 5302 1473 5355 καὶ
1501 5301 1654 5356 οὐδὲν
1696 5302 1840 5357 οὕτω

271 5385 456 5457 ῥᾴδιον
481 5386 557 5450 ὡς
582 5387 642 5440 τὸ
672 5388 924 5457 γενέσθαι
948 5392 1139 5445 κακόν.

344 5475 458 5545 Τῆς
484 5475 653 5546 αὐτῆς
683 5478 797 5530 ἐστι
825 5478 1164 5548 δυσχερείας,
1201 5479 1296 5531 καὶ
1320 5478 1623 5549 κτήσασθαί
1651 5496 1702 5531 τι
1728 5479 1836 5533 τῶν

268 5564 494 5635 ἀγαθῶν
517 5566 616 5637 οὐχ
640 5568 904 5640 ὑπάρχον,
932 5570 1029 5624 καὶ
1054 5569 1251 5640 κτηθὲν
1282 5568 1670 5625 διασώσασθαι.
1697 5571 1836 5623 Πολ-

1931 4754 2023 4819 rit,
2054 4755 2109 4808 in
2144 4755 2359 4810 vicinos
2389 4769 2601 4821 omnes,
2630 4754 3103 4823 succendentibus
3129 4754 3306 4824 ipsum
3343 4754 3499 4809 mali-

1932 4846 2052 4917 gnis
2080 4846 2384 4918 spiritibus,
2422 4847 2692 4921 pervadit.

2002 4936 2045 4990 Τ
2042 4936 2263 5007 heologi.
2286 4968 2357 4977 —
2374 4937 2561 4992 Virtus
2602 4935 2821 4992 dillicile
2849 4944 3156 5008 praestatur,
3188 4950 3291 4992 nec
3315 4934 3500 5006 parvis

1932 5035 2285 5095 comparatur
2329 5026 2631 5082 laboribus.

2005 5116 2148 5171 Rara
2178 5125 2264 5172 est
2305 5125 2362 5171 et
2407 5117 2578 5173 ardua
2627 5116 2757 5172 boni
2802 5115 3123 5186 acquisitio,
3160 5116 3288 5172 licet
3331 5117 3500 5171 multa

1936 5210 2049 5265 sint
2074 5226 2195 5279 quae
2222 5209 2291 5263 ad
2319 5209 2495 5278 ipsum
2520 5218 2819 5279 provocent
2839 5218 2895 5264 et
2923 5209 3183 5264 alliciant.

2002 5301 2173 5372 688
2200 5301 2310 5356 Res
2345 5301 2606 5370 proclivis
2635 5300 2977 5371 improbitas,
3009 5299 3263 5370 nihilque
3292 5300 3372 5356 sic
3404 5315 3499 5355 ex.-

1940 5392 2208 5462 peditum,
2241 5408 2305 5447 ac
2337 5401 2398 5447 ut
2424 5392 2600 5447 malus
2624 5392 2749 5462 quis
2778 5391 2887 5446 flat.

2009 5484 2267 5552 Peraeque
2313 5482 2547 5538 arduum
2592 5490 2674 5538 est
2719 5482 2991 5537 bonorum
3043 5480 3249 5552 aliquid
3281 5494 3502 5549 compa-

1944 5587 2085 5638 rare,
2121 5590 2244 5629 cum
2281 5590 2388 5631 non
2420 5575 2638 5635 habeas.
2665 5591 2727 5631 ac
2760 5589 2884 5630 cum
2918 5582 3108 5631 nactus
3136 5572 3329 5638 fueris,
3358 5571 3505 5626 inco-

1548 5679 1773 5735 VAIlI/E
1819 5681 2218 5742 LECTIONES.

342 5746 385 5779 "
414 5746 536 5805 Ἀλ.
566 5750 766 5807 Χίλων.
844 5751 886 5783 ³⁸
918 5751 975 5805 in
997 5750 1159 5806 Gesn.
1188 5749 1341 5807 Stob.
1384 5750 1434 5803 4.
