4200 6440
178 393 313 459 1017

1493 400 1664 461 LOCI
1702 400 2023 467 COMMUN
2030 406 2141 466 ES.

3304 402 3448 468 1018

244 506 465 573 Σολομ.
489 503 562 559 δ’.
605 532 677 544 -
716 503 947 574 Ἀγαθὸν
980 507 1255 580 πλήρωμα
1279 507 1483 579 δρακδς
1510 507 1758 563 avuma-
1788 514 1837 571 Α

1937 511 2105 567 Eccli.
2136 529 2211 579 ιν,
2237 513 2289 568 6.
2310 512 2589 568 —Melior
2623 522 2708 569 est
2734 512 3051 582 manipulus
3086 526 3229 565 unus
3257 512 3456 581 plenus

175 608 334 657 σεως,
368 591 510 661 ὑπὲρ
543 590 915 663 πληρώματος
942 592 1035 647 δύο
1064 593 1285 664 δρακών
1317 596 1376 647 ὲν
1410 594 1616 665 μόχθῳ.

238 683 426 753 Σιρὰχ
454 689 628 749 ις’.-
646 685 920 754 Κρεῖσσον
952 679 1036 749 εἷς
1055 686 1286 752 δίκαιος,
1317 687 1350 757 ἢ
1381 687 1567 758 μύριοι
1592 690 1772 758 παρά-

171 792 359 846 νομον
397 778 498 831 καὶ
524 777 825 841 ἀποθανεῖν
857 777 1109 846 ἄτεκνον,
1142 778 1176 850 ἢ
1205 778 1377 851 ἀσεϐῆ
1404 781 1571 835 τέκνα
1597 781 1766 851 ἔχειν.

249 951 386 1006 Ἀπὸ
412 952 535 1018 ἑνὸς
562 953 790 1007 συνετοῦ
818 954 1297 1026 συνοικισθήσεται
1329 955 1505 1022 πόλιςτ
1540 958 1686 1030 φυλὴ
1707 959 1766 1014 δὲ

168 1043 393 1115 ἀνόμων
427 1045 863 1117 ἐρημωθήσεται
892 1047 952 1099 ὲν
980 1045 1160 1115 τάχει.

238 1138 592 1192 Βασιλείαν.
609 1139 966 1203 -Πολλάκις
989 1139 1101 1210 γὰρ
1130 1141 1160 1194 ὁ
1188 1140 1248 1193 ὲν
1274 1140 1355 1211 τῷ
1386 1142 1541 1214 μέσῳ
1567 1143 1764 1213 μικρὸν

167 1245 220 1280 τι
261 1228 630 1300 κατορθώσας
650 1270 667 1297 ,
720 1231 926 1302 μείζων
952 1232 1070 1285 ἐστὶ
1094 1228 1192 1286 τοῦ
1219 1230 1279 1285 ἑν
1302 1230 1539 1303 ἀφθονίᾳ
1564 1232 1626 1287 τὸ
1654 1234 1763 1288 πᾶν

166 1318 648 1389 κατορθώσαντος.

232 1409 298 1462 Et
350 1408 463 1482 γὰρ
509 1411 675 1480 ἄρτος
722 1411 823 1483 τὴν
871 1412 1107 1483 καρδίαν
1148 1412 1443 1485 ἀνθρώπου
1488 1413 1759 1484 στηρίξει,

163 1498 225 1551 οὐ
271 1497 360 1552 δεῖ
410 1500 574 1556 πλέον
623 1501 721 1556 τοῦ
761 1504 1064 1572 ἀναγκαίου
1108 1504 1208 1574 τῆς
1249 1504 1459 1575 τροφῆς
1500 1505 1563 1558 τὸ
1595 1521 1763 1574 προσ-

164 1590 357 1662 όψημα
386 1591 599 1661 ἀλόγως
624 1596 1056 1666 προσφέρεσθαι.

238 1685 564 1754 Θεολόγου.
617 1714 689 1727 --
736 1687 1026 1757 Κρείσσων
1084 1680 1453 1758 ὀλιγοχρόνιος
1511 1688 1759 1758 βασιλεία

166 1777 774 1847 μακρᾶςντυραννίδος,
830 1780 928 1833 καὶ
957 1778 1115 1851 ὀλίγη
1148 1782 1309 1852 μερὶς
1338 1780 1519 1851 τιμία,
1554 1782 1757 1853 πολλῆς

1876 606 2259 677 requietionis,
2287 621 2453 677 quam
2482 605 2634 676 pleni
2659 605 2771 660 duo
2791 602 3061 674 manipuli
3093 603 3148 658 in
3174 602 3363 657 labore

1942 698 2110 753 Eccli.
2156 714 2275 765 va,
2326 697 2689 754 3.—Melior
2718 705 2805 751 est
2852 709 2997 750 unus
3033 695 3241 765 justus,
3290 708 3457 763 quam

1870 789 2065 845 decem
2110 790 2286 845 millia
2350 790 2703 860 iniquorum;
2756 794 3091 857 praestatque
3142 785 3286 840 mori
3337 785 3461 850 sine

1870 881 2081 949 liberis,
2104 898 2272 953 quam
2303 881 2509 936 habere
2535 880 2680 937 ﬁlios
2708 878 2927 949 impios.

1939 975 2106 1030 Eccli.
2156 992 2266 1040 xvr,
2312 974 2563 1029 5.—Ab
2608 989 2722 1028 uno
2772 979 2995 1027 sensato
3046 968 3459 1025 cohabitabitur

1868 1065 2095 1131 civitas;
2129 1081 2263 1137 gens
2295 1074 2481 1120 autem
2536 1063 2850 1134 iniquorum
2898 1060 3055 1117 brevi
3092 1058 3454 1115 desolabitur.

1936 1156 2145 1211 Basilii.
2168 1157 2418 1213 —Haud
2468 1170 2596 1212 raro
2642 1155 2813 1218 enim,
2848 1154 2944 1225 qui
2980 1153 3037 1208 in
3070 1151 3456 1206 mediocritate

1864 1247 2125 1318 exiguum
2164 1248 2372 1317 aliquid
2419 1264 2488 1305 ex
2532 1247 2741 1302 virtute
2773 1246 2961 1316 gessit,
2993 1260 3061 1300 eo
3111 1243 3309 1299 melior
3346 1252 3452 1307 est,

1864 1339 1957 1407 qui
1992 1339 2047 1391 in
2071 1338 2408 1393 abundantia
2465 1339 2651 1392 omnia
2686 1335 2957 1405 implevit.

1934 1422 2084 1477 Psal.
2111 1439 2222 1482 cm.
2252 1424 2335 1478 l6.
2360 1455 2430 1463 —
2450 1425 2585 1479 Nam
2612 1425 2656 1478 si
2683 1422 2844 1494 panis
2870 1436 2969 1476 cor
2996 1421 3241 1476 hominis
3266 1435 3456 1476 corro-

1863 1513 2045 1578 borat,
2073 1515 2205 1584 quid
2250 1531 2479 1571 necesse
2522 1530 2690 1585 supra
2737 1514 3113 1571 necessarium
3152 1514 3338 1569 cibum
3368 1521 3452 1567 te-

1863 1620 2012 1660 mere
2041 1607 2334 1663 obsonium
2366 1607 2605 1664 inferre?

1933 1695 1975 1750 Τ
1975 1695 2197 1767 heologi.
2220 1728 2289 1737 —
2309 1698 2481 1753 Breve
2529 1712 2783 1769 regnum,
2826 1697 3026 1752 melius
3055 1702 3143 1750 est
3172 1693 3335 1765 longa
3365 1702 3451 1765 ty—

1861 1787 2131 1852 rannide;
2160 1802 2444 1858 parvaque
2470 1788 2655 1858 portio
2684 1802 2811 1843 cum
2856 1787 3091 1849 honore,
3120 1782 3301 1853 ampla
3331 1780 3452 1837 sine

162 1867 418 1938 κτήσεως
445 1868 646 1940 ἀτίμου
680 1870 775 1923 καὶ
802 1869 1082 1943 σφαλερᾶς
1103 1911 1118 1935 ,
1177 1872 1271 1926 καὶ
1299 1871 1497 1927 πολλοῦ
1530 1873 1758 1938 σκότους
1794 1890 1833 1944 Β

1861 1880 2071 1935 honore
2105 1879 2401 1949 fallacique
2432 1879 2743 1935 substantia
2770 1895 2784 1933 :
2808 1877 2998 1934 multis
3033 1875 3274 1944 denique
3301 1882 3455 1930 tene-

165 1960 355 2028 ὀλίγον
382 1961 523 2031 φῶς.
816 2009 821 2013 .
1592 2010 1595 2011 ν

229 2054 539 2121 Χρυσοστ.
586 2084 660 2095 --
710 2054 787 2109 Οὐ
818 2054 899 2127 τῷ
929 2055 1117 2128 μέτρῳ
1148 2056 1259 2111 τῶν
1279 2058 1579 2130 διδομένων
1601 2058 1757 2131 ὲλεηο

162 2142 373 2214 μοσύνη
401 2143 673 2216 κρίνεται,
702 2144 840 2199 ἀλλὰ
865 2147 935 2217 τῇ
960 2145 1212 2218 δαψιλείᾳ
1239 2148 1340 2218 τῆς
1365 2147 1613 2219 γνώμης.

240 2325 333 2379 Ἐν
381 2326 645 2397 ἁμίλλαις
699 2330 967 2401 πονηραῖς
1019 2328 1352 2400 ἀθλιώτερος
1403 2329 1751 2400 ὁννικησας,

156 2418 294 2471 διότι
324 2419 632 2501 ἀπέρχεται
665 2421 727 2475 τὸ
754 2422 921 2476 πλέον
945 2422 1087 2492 ἔχων
1120 2423 1225 2491 τῆς
1250 2421 1550 2493 ἁμαρτίας.

227 2510 575 2578 Πλάτωνος.
598 2513 806 2589 -ιτοῦ
836 2513 1085 2577 πλείονος
1110 2512 1244 2585 βίου’
1263 2514 1361 2568 καὶ
1389 2513 1751 2584 φαυλοτέρου,

156 2604 248 2657 τὸν
277 2604 496 2659 ἐλάσσω
524 2605 621 2659 καὶ
645 2605 911 2678 ἀμείνονα
936 2606 1069 2666 ὄντα
1102 2605 1267 2660 παντὶ
1298 2604 1521 2668 πάντως
1552 2620 1752 2674 προαι-

161 2696 350 2767 ρετέον
1438 2698 1441 2699 ⁷

235 2788 537 2858 Ἰσοκράτ.
561 2818 635 2832 -
664 2788 1031 2861 Προαιρετέον
1058 2789 1282 2860 μέτριον
1316 2789 1456 2859 μετὰ
1483 2786 1755 2842 δικαιοσύ-

157 2900 255 2953 νης
292 2868 519 2953 μᾶλλον,
554 2880 589 2953 ἢ
628 2880 805 2953 μέγαν
832 2880 1069 2935 πλοῦτον
1104 2882 1224 2952 μετ’
1248 2881 1486 2945 ἀδικίας.

226 2974 494 3043 Δημοσθ.
533 3001 605 3014 —
636 2965 809 3035 Οὗτος
858 2970 1195 3043 θεασάμενός
1245 2992 1370 3028 τινα
1418 2974 1752 3047 δημαγωγὸν

158 3066 309 3136 ἀφυῆ
345 3066 491 3135 μέγα
521 3064 751 3135 βοῶντα,
785 3063 915 3135 ἔφη,
957 3064 1100 3147 Ἀλλ’
1119 3066 1181 3120 οὐ
1211 3067 1275 3121 τὸ
1306 3068 1471 3138 μέγα,
1508 3067 1571 3122 εὖ
1596 3070 1712 3122 ἐστι
1733 3084 1747 3099 ’

159 3161 216 3211 τὸ
242 3159 300 3213 δὲ
330 3155 415 3226 εὖ,
446 3158 611 3230 μέγα.

250 3337 594 3416 ἐπικτήτου
608 3339 762 3392 ⁸⁶.-
784 3337 906 3390 Τῶν
932 3335 1104 3408 ἡδέων
1132 3336 1202 3391 τὰ
1229 3336 1579 3393 σπανιώτατα
1606 3338 1750 3392 vm-

161 3447 303 3499 μενα
335 3432 572 3502 μάλιστα
599 3432 816 3504 τέρπει.

240 3523 591 3593 Ἀλέξανδρ.
631 3554 705 3567 -—
735 3524 1090 3596 Ἀλέξανδρος
1130 3523 1374 3584 ἀκούσας
1410 3522 1494 3576 ὅτι
1521 3524 1748 3591 Δαρεῖος

158 3616 461 3689 τριάκοντα
512 3615 780 3688 μυριάδας
830 3619 914 3682 είς
960 3616 1268 3689 παράταξιν
1293 3615 1439 3685 ἄγει,
1467 3614 1600 3687 ἔφη*
1651 3610 1722 3670 Εἰ

164 3710 443 3781 μάγειρος
467 3709 529 3763 οὑ
560 3710 812 3781 φοϐεῖται
844 3709 1018 3764 πολλά
1050 3708 1326 3781 πρόϐατα.
1706 3742 1711 3746 ι

240 3802 304 3854 Ὀ
334 3801 540 3868 αὐτὸς,
594 3801 946 3857 κατασκόπου
1001 3801 1255 3879 λέγοντος
1300 3799 1482 3871 αὐτῷ,
1530 3798 1749 3864 πλείους

161 3890 300 3949 εἶναι
344 3896 475 3960 τοὺς
517 3898 768 3967 Δαρεῖου,
803 3894 907 3966 ἔφη
936 3912 952 3928 ο
1010 3895 1123 3949 Καὶ
1151 3893 1220 3947 τὰ
1249 3894 1495 3966 πρόϐατα
1527 3894 1748 3947 πλεῖονα

161 3987 309 4054 ὄντα,
346 3988 466 4053 ἑνὸς
494 3989 527 4060 ἢ
558 3989 819 4061 δευτέρου
851 3988 1020 4043 λύκου
1051 3986 1382 4059 χειροῦνται.
1664 3996 1668 4000 ’

234 4108 282 4139 ⁵⁰
316 4107 445 4162 Ἀ.1.
485 4107 688 4163 Ἀνωνύ
701 4125 827 4176 μου.
930 4112 939 4119 ’

261 4281 682 4295 δὴ-

1857 1970 1996 2035 bris,
2029 1971 2125 2026 lux
2152 1970 2374 2042 exigua.

1927 2064 2194 2135 Chrysost.
2216 2095 2289 2105 —
2305 2064 2685 2134 Eleemosyna.
2709 2077 2818 2117 non
2848 2075 2917 2116 ex
2944 2073 3160 2122 eorum,
3179 2072 3301 2127 quae
3318 2070 3446 2111 ero-

1858 2166 2082 2226 gantur,
2111 2156 2277 2210 modo
2303 2154 2624 2210 aestimanda
2657 2161 2765 2219 est,
2799 2151 2898 2208 sed
2926 2167 2995 2207 ex
3032 2151 3183 2221 larga
3212 2162 3447 2219 erogan-

1860 2248 1997 2302 tium
2030 2249 2340 2302 voluntate.

1925 2340 1984 2394 In
2034 2340 2193 2394 malis
2237 2330 2638 2413 eertaminibus
2668 2337 2926 2391 miserior
2955 2345 3042 2390 est
3073 2333 3167 2404 qui
3209 2330 3443 2387 victoria

1854 2430 2085 2499 potitur,
2116 2430 2262 2500 quod
2297 2431 2504 2500 primas
2530 2428 2743 2500 peccati
2774 2428 2958 2483 ferens
2985 2425 3265 2481 abscedat.

1922 2519 2097 2574 Ρίαιο.
2120 2552 2193 2561 —
2211 2520 2525 2591 Copiosiori
2553 2521 2680 2575 vitae
2708 2535 2773 2575 ae
2801 2517 3081 2588 nequiori,
3112 2532 3233 2587 quae
3261 2517 3443 2573 minor

1853 2612 1927 2666 sit
1963 2622 2130 2682 atque
2159 2613 2377 2678 melior,
2405 2611 2623 2667 cunctis
2645 2611 2875 2666 omnino
2903 2608 3149 2680 praeponi
3183 2606 3369 2663 debet.

1924 2797 2191 2852 Isocratis.
2215 2797 2534 2851 —Pra.~stat
2576 2793 2875 2850 mediocris
2905 2808 3091 2848 rerum
3125 2792 3285 2863 copia
3309 2806 3440 2848 cum

1848 2887 2084 2959 justitia,
2123 2902 2288 2957 quam
2322 2888 2577 2958 ingentes
2610 2886 2819 2941 divitiae
2847 2899 2972 2939 cum
3002 2882 3296 2954 iniustitia.

1852 2984 1853 2987 ‘
1922 2978 2358 3061 Demosth—Is
2387 2978 2744 3048 conspicatus
2793 2976 3080 3031 tribunum
3125 2973 3307 3044 plebis
3338 2974 3441 3029 lie-

1853 3070 2058 3133 betem,
2085 3071 2194 3125 alte
2215 3070 2636 3129 vociferantem,
2658 3066 2742 3133 At,
2772 3066 2975 3137 inquit,
3005 3081 3119 3121 non
3147 3064 3295 3135 quod
3325 3078 3447 3119 ma—

1852 3177 2017 3231 gnum
2062 3169 2168 3216 est.
2216 3159 2361 3215 bene
2392 3168 2510 3225 est;
2545 3156 2642 3214 sed
2686 3157 2836 3229 quod
2866 3156 3009 3213 bene
3040 3161 3145 3220 est,
3178 3167 3441 3223 magnum

1779 3246 1821 3303 C
1853 3262 1957 3310 est.

1923 3345 2169 3416 Epicteti.
2192 3342 2599 3398 —-Rarissim:e
2640 3342 2955 3413 voluptates
2995 3336 3235 3393 maxime
3282 3334 3438 3392 dele-

1852 3442 2018 3490 ctam.
2679 3444 2682 3447 ’

1926 3523 2677 3582 Alamannam—Alexander
2725 3522 2957 3578 audiens
3023 3516 3250 3574 Darium
3315 3525 3439 3571 tre-

1853 3624 2016 3672 centa
2040 3615 2212 3670 millia
2244 3616 2299 3669 in
2329 3614 2745 3685 expeditionem
2770 3611 3030 3677 educere,
3054 3622 3201 3665 unus
3231 3605 3433 3671 lanius,
3502 3612 3503 3615 ‘
3530 3608 3533 3609 ⁷

1854 3708 2052 3778 inquit,
2086 3722 2199 3761 non
2231 3706 2385 3761 timet
2415 3706 2619 3761 multas
2648 3720 2800 3761 oves.

1922 3802 2110 3865 Idem,
2153 3816 2279 3855 cum
2322 3801 2638 3869 explorator
2680 3794 3053 3859 renuntiaret,
3092 3791 3281 3863 plures
3311 3802 3436 3843 esse

1854 3893 2003 3949 Darii
2031 3892 2338 3955 milites,Et
2366 3875 2519 3956 oves,
2551 3890 2753 3961 inquit,
2780 3886 3191 3945 numerosiores
3220 3882 3291 3938 ab
3322 3894 3436 3936 uno

1855 3994 1952 4040 aut
1977 3983 2152 4040 altero
2186 3982 2316 4053 lupo
2340 3982 2693 4054 subiguntur.

692 4264 3411 4297 Wm—

1563 4444 1972 4534 ΕΚΘΕΣΙ
1979 4444 2041 4530 Σ

912 4692 915 4693 ,
1002 4632 1139 4685 ΤΗΣ
1178 4632 1573 4686 ΟΜΟΛΟΙΊΑΣ
1611 4631 1749 4684 ΤΗΣ
1786 4628 2080 4683 ΠΙΣΤΕΩΣ
2118 4625 2254 4679 ΤΩΝ
2293 4620 2619 4687 ΛΔΤΙΝΩΝ,

232 4769 654 4839 Συγγραρεῖσα
685 4770 783 4825 καὶ
807 4772 1227 4828 ἀποσταλεῖσα
1279 4772 1441 4839 παρὰ
1480 4771 1818 4841 ΓρηΤορίου
1870 4772 2045 4823 "dua
2082 4766 2324 4841 Ῥώμης.
2355 4762 2510 4832 πρὸς
2550 4759 2867 4831 Γερμανὸν
2894 4757 3007 4812 τὸν
3034 4754 3365 4826 ἁγιώτατον

1228 4842 1602 4912 πατριάρχην
1622 4840 1625 4841 ⁷
1645 4840 2370 4902 Κωνσταντινουπόλεως.

1598 5121 2029 5214 EDITIO

1120 5316 1685 5379 CONFESSIONIS
1726 5315 1946 5375 FnuEI
1995 5312 2497 5386 LATINORUM,

335 5465 576 5545 Scripta
643 5463 968 5544 missaque
1033 5478 1068 5524 a
1124 5457 1455 5545 Gregorio
1503 5459 1812 5545 Romano
1850 5458 2273 5545 pontiﬁce__ad
2333 5454 2811 5518 sanctissimum
2873 5453 3256 5519 Germanum

1168 5535 1586 5617 patriarcham
1628 5537 2433 5615 ConstantinOpolitanum.

241 5748 436 5822 Πατὴρ
469 5750 584 5805 ἐστὶ
611 5751 829 5822 πλήρης
857 5749 989 5813 Θεὸς
1020 5749 1077 5801 ὲν
1106 5744 1285 5817 ἑαυτῷ
1307 5762 1324 5777 ο
1369 5747 1398 5800 ὁ
1428 5746 1575 5813 Υἱὸς,
1612 5747 1750 5819 πλη--

176 5858 277 5914 ρης
322 5841 475 5909 Θεὸς,
523 5842 632 5898 ἀπὸ
679 5842 773 5897 τοῦ
816 5842 1029 5913 Πατρὺς
1074 5839 1334 5913 γεννητός
1360 5852 1373 5867 ·
1436 5839 1497 5893 τὸ
1526 5840 1752 5913 Πνεῦμα

1926 5747 2093 5820 690
2122 5746 2303 5811 Pater,
2332 5744 2480 5800 Deus
2526 5743 2726 5814 plenus
2771 5748 2859 5798 est
2905 5739 2960 5795 in
2991 5738 3209 5811 seipso;
3242 5739 3433 5804 Filius,

1858 5842 2003 5897 Deus
2044 5838 2241 5910 plenus
2286 5853 2353 5893 ex
2397 5836 2557 5892 Patre
2605 5834 2856 5906 genitus;
2897 5832 3139 5905 Spiritus
3186 5840 3434 5900 sanctus,
