4200 6440
731 378 865 444 1019
2044 366 2325 429 GREGOI

2455 363 2665 425 ΡΑΡΕ
3840 355 3987 417 1020

726 488 871 540 Deus
903 482 1119 554 plenus,
1147 496 1211 535 es
1244 481 1404 535 Patre
1430 479 1681 550 Filioque
1712 477 2040 549 procedens.
2068 476 2147 531 Ac
2171 475 2296 545 Spi-

2421 470 2459 522 τὸ
2487 472 2663 539 ἅγιον,
2695 469 2910 540 πλήρης
2939 465 3093 529 Θεὸς,
3124 464 3234 520 ἀπὸ
3259 464 3351 518 τοῦ
3378 463 3594 533 Πατρδς
3616 462 3710 516 καὶ
3733 462 3828 517 τοῦ
3848 466 3987 517 Υίοῦ

730 576 872 630 ritus
906 553 1133 645 quidem
1163 572 1475 626 immediate
1506 570 1756 641 procedit
1783 586 1815 624 a
1858 568 2028 635 Filio;
2065 584 2097 623 a
2138 568 2299 622 Patre

2421 562 2865 635 εκπορευόμενον.
2917 559 3029 612 Καὶ
3060 557 3121 611 τὸ
3150 554 3377 625 Πνεῦμα
3408 554 3507 623 μὲν
3527 593 3541 615 ,
3591 553 3699 607 ἀπὺ
3726 553 3823 605 τοῦ
3848 554 3987 606 Υῑοῦ

730 682 885 730 vero,
914 643 1185 718 mediante
1214 663 1370 717 Filio.
1396 661 1553 728 Quod
1586 670 1769 715 autem
1813 659 2051 729 Spiritus
2079 665 2302 712 sanctus

2421 653 2757 725 ικπορεύεται
2785 649 3006 721 ἁμέσως
3025 665 3040 680 ·
3067 646 3175 702 ἀπὸ
3198 646 3292 700 τοῦ
3322 643 3536 715 Πατρός
3561 643 3639 707 δὲ,
3667 643 3988 712 μεσιτεὺον-

731 755 992 826 procedat
1031 769 1061 807 a
1095 754 1257 817 Filio,
1290 753 1397 806 hoc
1428 753 1593 806 habet
1622 751 1793 805 Filius
1818 766 1849 804 a
1876 751 2055 803 Patre.
2095 749 2300 814 Quam-

2421 764 2491 808 τος
2535 747 2629 798 τοῦ
2678 742 2833 797 Υίοῦ.
2887 742 2962 794 Τὸ
3013 740 3105 805 δὲ,
3150 740 3234 793 ὅτι
3268 738 3331 791 τὸ
3358 736 3587 805 Πνεῦμα
3617 734 3680 786 τὸ
3707 734 3866 801 ἅγιον
3890 735 3990 830 Ex:

730 822 943 911 obrem,
974 846 1067 915 qui
1093 860 1200 899 non
1237 845 1416 899 credit
1437 844 1584 913 quod
1606 842 1846 913 Spiritus
1864 850 2086 896 sanctus
2105 853 2301 909 proce-

2421 834 2695 904 τορεύεται
2742 832 2851 886 ἀπὸ
2889 830 2985 884 τοῦ
3026 827 3180 893 Υίοῦ,
3214 827 3376 881 τοῦτο
3407 825 3521 894 ἔχει
3548 826 3576 877 ὁ
3603 823 3729 885 Υἱὸς
3755 822 3865 874 ἀπὸ
3887 822 3988 874 τοῦ

731 938 814 992 dit
852 953 885 991 a
930 914 1089 1001 Filio,
1127 937 1182 989 in
1226 936 1314 989 via
1357 943 1439 989 est
1484 934 1832 1003 perditionis.
1872 931 2028 987 Unde
2080 937 2305 985 sanctus

2421 927 2636 996 Ῐατρός.
2696 924 2796 977 Διὰ
2839 922 3021 984 τοῦτο,
3073 921 3226 982 ὅστις
3256 915 3502 971 πιστεύει
3551 914 3723 967 ὅτιτὸ
3754 914 3992 981 Πνεῦμα

731 1027 1083 1091 Athanasius,
1116 1042 1241 1081 cum
1278 1026 1332 1079 in
1369 1023 1686 1079 Occidentis
1730 1023 1978 1093 partibus
2007 1020 2302 1082 exsularet,

734 1113 789 1166 in
818 1113 1060 1167 editione
1092 1112 1241 1177 ﬁdei,
1276 1126 1439 1180 quam
1469 1111 1680 1165 Latinis
1714 1109 1791 1181 (ο)
1820 1109 2004 1164 verbis
2029 1107 2302 1177 exposuit,

734 1205 814 1260 sic
847 1204 925 1258 ait
971 1221 986 1258 :
1028 1204 1189 1257 Pater
1224 1219 1250 1255 e
1289 1200 1436 1255 nullo
1470 1208 1545 1255 est
1581 1202 1767 1270 factus,
1802 1215 1895 1252 nec
1934 1207 2162 1261 creatus,
2215 1213 2307 1250 nec

734 1296 975 1365 genitus;
1007 1292 1170 1345 Filius
1199 1310 1231 1345 a
1261 1292 1423 1346 Patre
1446 1291 1557 1345 solo
1578 1300 1673 1355 est,
1699 1307 1800 1343 non
1828 1290 2021 1358 factus,
2049 1305 2141 1341 nec
2160 1302 2310 1339 crea-

736 1395 839 1449 tus,
876 1385 967 1437 sed
1010 1384 1242 1453 genitus;
1276 1382 1501 1451 Spiritus
1530 1391 1745 1436 sanctus
1789 1400 1820 1434 a
1863 1381 2029 1434 Patre
2068 1389 2116 1431 et
2149 1378 2305 1443 Filio,

737 1492 842 1528 non
890 1475 1080 1543 factus,
1113 1490 1205 1527 nec
1238 1481 1463 1538 creatus,
1499 1490 1591 1526 nec
1625 1476 1851 1543 genitus,
1888 1473 1979 1524 sed
2006 1471 2306 1541 procedens.

738 1564 995 1632 Idemque
1020 1574 1242 1617 sanctus
1264 1563 1614 1623 Athanasius,
1643 1562 1699 1614 in
1723 1562 1967 1615 editione
1997 1560 2122 1614 ﬁdei
2146 1575 2311 1629 quam

738 1656 922 1710 verbis
957 1656 1162 1711 Grazeis
1210 1655 1495 1724 exposuit,
1544 1654 1612 1709 ad
1658 1655 1888 1708 verbum
1936 1654 2310 1725 ait:Spiritus

2400 1020 2464 1073 τὸ
2490 1020 2647 1086 ἅγιον
2680 1019 2781 1070 οὐκ
2808 1012 3171 1083 ἐκπορεύεται
3202 1010 3310 1065 ἀπὸ
3334 1008 3430 1062 τοῦ
3461 1006 3593 1061 Υίοῦ
3612 1048 3625 1071 ,
3659 1008 3719 1060 ὲν
3743 1004 3851 1073 ὁδῷ
3880 1006 3994 1056 ἀπ-

2402 1109 2599 1171 ωλείας
2625 1108 2793 1161 ἐστίν.
2826 1104 2991 1157 Ὅθεν
3019 1104 3047 1155 ὁ
3078 1103 3231 1169 ἅγιος
3262 1099 3600 1161 Ἀθανάσιος,
3635 1098 3765 1150 ὅταν
3792 1096 3853 1146 ὲν
3874 1096 3995 1156 τοῖς

2409 1200 2602 1271 μέρεσι
2634 1200 2869 1259 δυτικοτς
2898 1196 3175 1265 ἐξόριστος
3196 1188 3287 1261 ἦν,
3323 1193 3385 1244 ὲν
3412 1192 3479 1260 τῇ
3511 1188 3731 1242 ἐκθέσει
3764 1186 3864 1255 τῆς
3896 1185 3993 1236 πί-

2408 1310 2610 1355 στεως,
2660 1292 2725 1361 ἣν
2753 1292 2864 1350 τοῖς
2894 1289 3202 1348 Λατινικοῖς
3235 1286 3444 1355 ῥήμασι
3473 1282 3798 1349 διεσάφησεν
3820 1317 3835 1340 ,
3890 1274 3990 1328 οῦ·-

2407 1401 2516 1446 τως
2567 1383 2691 1451 ἔφη·
2740 1381 2793 1432 '0
2845 1378 3048 1445 Πατὴρ
3106 1375 3209 1429 ἀπ’
3231 1373 3483 1437 οὐδενός
3532 1372 3664 1425 ἐστι
3712 1365 3991 1433 ποιητὸς,

2409 1474 2551 1527 οὔτε
2600 1468 2842 1531 κτιστὸς
2866 1509 2881 1529 ,
2932 1468 3071 1519 οὔτε
3115 1464 3424 1533 γεννητός.
3468 1462 3530 1514 '0
3566 1462 3699 1524 Υἱὸς
3729 1457 3849 1511 ἀπὸ
3880 1455 3995 1509 τοῦ

2410 1561 2641 1628 Πατρός
2666 1561 2860 1628 μόνου
2888 1556 3079 1620 ἐστίν,
3132 1556 3205 1607 οὐ
3238 1553 3505 1618 ποιητὸς,
3553 1549 3695 1603 οὐδὲ
3720 1546 3924 1600 κτιστί
3936 1564 3994 1609 ς,

2411 1649 2574 1705 ἀλλὰ
2601 1648 2910 1717 τεννητός.
2972 1647 3041 1698 Τὸ
3088 1643 3333 1711 Πνεῦμα
3378 1643 3446 1695 τὸ
3488 1641 3680 1708 ἅγιον,
3729 1637 3849 1692 ἀπὸ
3878 1635 4003 1689 τοῦ

738 1757 955 1801 sanctus
1003 1754 1210 1809 autem,
1266 1746 1442 1799 Patris
1473 1747 1729 1814 processio
1781 1752 1886 1807 est,
1929 1744 2143 1813 ferentis
2191 1760 2311 1798 eum

2421 1740 2645 1808 Πατρός
2678 1738 2776 1792 καί
2803 1735 2910 1790 τοῦ
2945 1735 3103 1796 Υιυῡ.
3139 1735 3211 1787 οὐ
3236 1730 3508 1799 ποιητὸν,
3544 1728 3688 1783 οὐδὲ
3716 1727 3994 1789 κτιστύν,

743 1837 884 1901 Filii,
918 1854 1009 1908 per
1052 1803 1207 1907 quem
1236 1803 1537 1906 adimpleuit
1581 1838 1781 1891 omnia.
1829 1803 1985 1892 Unde
2015 1844 2071 1890 et
2118 1836 2312 1892 beatus

2421 1803 2584 1904 [οὐδέ
2608 1803 2945 1900 γεννητὸν-Α
2997 1825 3135 1880 ἀλλ’
3160 1823 3550 1890 ἐκπορευτόν.
3606 1818 3719 1871 Καὶ
3760 1819 3789 1870 ό
3829 1816 3998 1877 αὐτὸς

741 1927 1058 1996 Gregorius,
1096 1927 1184 1980 eui
1219 1928 1416 1980 merito
1448 1926 1843 1996 Thaumaturgi
1888 1942 2088 1981 nomen
2131 1927 2311 1982 tribu-

744 2026 859 2070 tum
891 2024 994 2077 est,
1026 2016 1392 2070 Neocazsareze
1432 2016 1744 2086 episcopus,
1775 2017 1833 2069 in
1874 2015 2119 2070 editione
2160 2016 2311 2081 ﬁdei,

741 2121 906 2174 quam
936 2120 1034 2174 per
1064 2105 1455 2160 revelationem
1486 2122 1516 2160 a
1554 2107 1716 2162 beato
1739 2106 1947 2161 Joanne
1976 2107 2315 2175 evangelista

744 2196 1121 2249 intercedente
1154 2195 1249 2249 Dei
1284 2195 1563 2251 Genitrice
1592 2197 1806 2261 habuit,
1842 2198 1921 2253 sic
1960 2197 2167 2253 diserte
2200 2199 2315 2252 cla-

743 2285 931 2347 mavit,
965 2285 1156 2340 dicens
1181 2303 1195 2338 :
1230 2302 1364 2340 unus
1395 2286 1535 2341 Deus
1565 2287 1727 2342 Pater
1752 2288 1902 2342 Verbi
1930 2289 2168 2353 viventis,
2198 2306 2317 2343 uere

743 2378 1037 2431 exsistentis
1064 2375 1353 2447 Sapientia!
1377 2388 1427 2432 et
1459 2379 1694 2443 Virtutis,
1724 2390 1773 2434 et
1798 2382 2131 2450 sempiterna:
2156 2381 2316 2451 Figu-

745 2482 850 2530 rat;
880 2468 1134 2537 perfectus
1166 2468 1378 2537 perfecti
1422 2487 1651 2539 parens;
1684 2471 1847 2524 Pater
1884 2471 2008 2526 Filii
2040 2475 2315 2542 nnigeniti.

749 2556 893 2611 Unus
934 2557 1213 2624 Dominus,
1248 2558 1391 2612 solus
1432 2574 1495 2612 ea:
1526 2560 1659 2623 solo,
1684 2560 1826 2615 Deus
1869 2578 1932 2615 ea:
1961 2562 2088 2627 Deo,
2120 2562 2317 2633 Figura

743 2649 904 2719 691
942 2658 990 2704 et
1021 2651 1194 2718 imago
1222 2649 1470 2714 deitatis;
1516 2650 1737 2704 Verbum
1765 2652 1964 2721 efﬁcax,
1989 2662 2046 2707 et
2076 2670 2198 2724 quae
2229 2672 2317 2711 se-

745 2750 1011 2810 quuntur.
1057 2741 1213 2807 Quod
1242 2751 1429 2796 autem
1469 2742 1537 2797 de
1572 2742 1712 2797 Filio
1753 2744 1851 2809 ait,
1901 2746 2038 2814 quod
2077 2746 2218 2800 solus
2256 2764 2320 2801 ea:

744 2832 894 2897 solo;
923 2848 1033 2886 non
1080 2833 1245 2902 igitur
1271 2831 1514 2901 Spiritus
1555 2841 1779 2888 sanctus
1813 2850 1879 2889 ex
1907 2836 2024 2891 solo
2052 2854 2065 2889 :
2095 2852 2227 2907 ergo
2251 2855 2319 2894 ex

2411 1923 2566 1991 ἅγιος
2594 1920 2931 1982 Ἀθανὰσιος,
2961 1919 3019 1970 ὲν
3047 1918 3113 1987 τῇ
3143 1913 3358 1968 ἐκθέσει
3388 1913 3490 1979 τῆς
3520 1913 3777 1973 πίστεως,
3804 1909 3873 1978 ἢν
3898 1908 4001 1976 ῥή-

2416 2032 2552 2085 μασι
2597 2014 2855 2084 Γραικοίς
2904 2010 3237 2079 ἐξηγήσατο,
3293 2006 3435 2060 κατά
3470 2006 3621 2074 ῥῆμα
3653 2001 3827 2062 οὕτως
3854 1998 3995 2066 ἐρη·

2418 2105 2489 2158 Τὸ
2514 2104 2756 2171 Πνεῦμα
2779 2100 2849 2154 δὲ
2877 2100 2941 2154 τὸ
2966 2098 3137 2167 ἅγιον
3183 2095 3525 2163 ἐκπόρευμα
3543 2091 3617 2145 ὃν
3634 2089 3743 2144 τοῦ
3765 2089 4001 2156 Πατρός

2414 2196 2511 2250 καὶ
2537 2193 2645 2249 τοῦ
2666 2194 2954 2263 φέροντος
2968 2189 3131 2253 Υιοῦ,
3158 2187 3232 2242 δι’
3253 2182 3325 2243 οὗ
3348 2183 3666 2252 ἐπλήρωσε
3688 2180 3758 2235 τὰ
3772 2179 3997 2233 πάντα.

2418 2287 2582 2341 Ὅθεν
2631 2287 2725 2339 καὶ
2771 2286 2801 2337 ὁ
2848 2282 3120 2354 μακάριος
3158 2277 3505 2349 Γρηγόριος,
3567 2276 3718 2335 ὅστις
3770 2270 4002 2331 δικαίως

2416 2374 2843 2447 Θαυματουργδς
2904 2371 3164 2440 λέγεται,
3228 2369 3328 2439 τῆς
3385 2363 3821 2433 Νεοκαισαρείας
3881 2360 4004 2413 ἐπί-

2420 2483 2643 2529 σκοπος,
2676 2466 2735 2517 ὲν
2758 2467 2826 2534 τῇ
2856 2462 3071 2516 ἐκθέσει
3108 2460 3211 2529 τῆς
3240 2459 3500 2521 πίστεως,
3532 2458 3600 2527 ἢν
3625 2454 3692 2507 δι’
3715 2451 4002 2507 ἀποκαλύ-

2416 2560 2566 2630 ψεως
2594 2557 2745 2627 παρᾶ
2769 2555 2865 2609 τοῦ
2895 2553 3166 2625 μακαρίου
3191 2549 3441 2604 Ἰωάννου
3465 2546 3560 2600 τοῦ
3586 2540 4003 2612 εὐαγγελιστοῦ,

2422 2646 2817 2723 μεσιτευούσης
2870 2644 2973 2713 τῆς
3020 2640 3435 2709 θεογεννητρίας
3480 2636 3675 2706 ἔσχεν,
3728 2633 4007 2702 aptatam;

2418 2741 2593 2804 οὕτως
2616 2738 2881 2806 κέκραγε,
2903 2732 3099 2800 λέγων·
3127 2725 3231 2794 Εἲς
3256 2727 3421 2793 Θεὸς,
3448 2724 3651 2791 Πατὴρ
3676 2722 3784 2776 τοῦ
3806 2723 4007 2790 Λόγου

2419 2832 2527 2887 τοῦ
2566 2829 2779 2892 ζῶντος
2802 2864 2818 2889 ,
2873 2824 3099 2892 Σοφίας
3144 2819 3506 2888 ὑφεστώσης
3542 2816 3641 2869 καί
3686 2813 4009 2882 Δυνάμεως

746 2921 905 2975 Patre
929 2921 1137 2984 etalio,
1161 2921 1605 2991 quandoquidem
1640 2932 1726 2977 est
1754 2938 1822 2977 ex
1854 2924 2061 2994 aliquo.
2091 2903 2321 2991 Quando

2421 2922 2519 2977 καί
2550 2916 2934 2987 Χαρακτῆρος
2962 2912 3227 2968 αἰωνίου·
3265 2909 3496 2973 τέλειος
3525 2907 3759 2959 τελείου
3785 2903 4008 2974 γεννή-

745 3019 929 3063 autem
973 3010 1229 3073 dicimus,
1265 3027 1329 3065 ea:
1373 3010 1537 3065 Patre
1577 3021 1625 3064 et
1654 3011 1784 3077 alio,
1817 3029 1925 3068 non
1951 3030 2017 3070 ex
2046 3017 2154 3071 alio
2184 3018 2324 3073 dici-

2422 3027 2555 3080 τωρ·
2593 3008 2797 3075 Πατὴρ
2835 3004 2971 3060 Υίοῦ
2994 2998 3388 3071 μονογενοῦς.
3420 2994 3522 3064 Εἷς
3555 2995 4011 3093 Κύριος..μόνος

748 3113 871 3153 ltus
915 3100 1217 3153 secundum
1266 3102 1628 3156 substantiam
1684 3102 1803 3171 (seu
1850 3106 2192 3177 essentiam),
2222 3110 2319 3164 sed

2422 3106 2489 3157 ἐκ
2510 3102 2724 3171 μόνου,
2763 3098 2908 3161 Θεὸς
2935 3094 3003 3148 ἐκ
3030 3092 3199 3155 Θεοῦ,
3232 3088 3539 3160 χαρακτὴρ
3567 3089 3663 3141 καί
3690 3085 3870 3141 εικὼν

746 3188 1045 3242 secundum
1075 3190 1392 3259 hypostasiu
1421 3208 1484 3246 ac
1517 3208 1829 3261 personam.
2153 3175 2157 3177 ν

2424 3195 2740 3258 θεότητος,
2794 3187 2984 3255 Λόγος
3030 3181 3313 3253 ἐνεργὴς,
3368 3180 3463 3232 καὶ
3517 3179 3586 3231 τὰ
3631 3177 3815 3230 λοιπά.
3858 3177 3924 3228 Ὃ
3955 3175 4012 3276 δὲ

747 3280 875 3346 περὶ
926 3278 1019 3332 τοῦ
1052 3279 1181 3333 Υἱοῦ
1224 3282 1400 3334 λαλῶν
1441 3282 1621 3351 λέγει,
1681 3286 1762 3337 ὅτι
1802 3286 1991 3353 μόνος
2050 3289 2118 3341 ἐκ
2144 3290 2358 3357 μόνου,
2397 3285 2519 3355 οὐχὶ
2554 3282 2735 3335 τοίνυν
2778 3278 2842 3331 τὸ
2884 3274 3107 3346 Πνεῦμα
3172 3274 3234 3325 τὸ
3267 3272 3421 3339 ἆγιον
3463 3272 3527 3323 ὲκ
3561 3269 3721 3339 μόνου
3746 3284 3761 3298 ·
3817 3267 3889 3318 ὲκ
3912 3267 4014 3319 τοῦ

747 3367 959 3439 Πατρὸς
1004 3370 1199 3423 οὐκοῦν
1249 3372 1339 3424 καὶ
1379 3373 1538 3426 ἄλλου
1558 3414 1571 3433 ,
1623 3376 1810 3446 ἐπειδή
1844 3377 1989 3431 ἐστιν
2020 3380 2128 3433 ἀπό
2152 3398 2317 3444 τινος.
2359 3380 2528 3432 Ὅταν
2551 3374 2607 3428 δὲ
2634 3372 2904 3442 λέγωμεν,
2932 3370 3002 3422 ἐκ
3028 3366 3134 3420 τοῦ
3196 3363 3425 3432 Πατρὸς
3450 3360 3550 3415 καί
3603 3360 3820 3423 ἄλλου,
3845 3358 3910 3412 οὐ
3932 3358 4017 3410 λέ-

748 3478 917 3531 γομεν
950 3462 1008 3528 ἐξ
1034 3462 1193 3516 ἄλλου
1228 3464 1370 3516 κατὰ
1394 3464 1492 3535 τὴν
1518 3466 1729 3531 οὐσίαν,
1756 3469 1892 3522 ἀλλὰ
1923 3472 2062 3525 κατὰ
2086 3473 2183 3543 τὴν
2204 3474 2501 3527 ὑπόστασιν

817 3552 973 3619 Quod
1010 3565 1191 3610 autem
1226 3556 1465 3627 Spiritus
1496 3570 1721 3617 sanctus
1747 3579 1816 3618 ex
1845 3565 1985 3619 Filio
2016 3566 2089 3621 sit
2126 3568 2324 3622 imme-

749 3641 916 3705 diate,
938 3658 1005 3696 ex
1028 3643 1187 3697 Patre
1219 3661 1350 3699 vero
1378 3648 1653 3703 mediante
1683 3649 1841 3714 Filio,
1873 3660 2105 3708 testatur
2133 3654 2328 3711 beatus

750 3730 1046 3801 Gregorius
1072 3732 1368 3804 Nyssenus,
1408 3737 1479 3791 ita
1520 3736 1748 3794 dicens:
1779 3740 2075 3811 Perfectum
2116 3753 2328 3800 natura:

751 3821 1006 3893 nullaque
1043 3827 1365 3880 evariatione
1409 3829 1807 3884 similitudinem
1845 3832 2169 3900 confitcntes,
2217 3836 2329 3889 dis-

752 3911 1054 3965 tinctionem
1085 3929 1200 3982 qua:
1234 3923 1309 3967 est
1336 3932 1491 3985 penes
1521 3936 1769 3985 causam,
1815 3932 1864 3975 et
1898 3923 2036 3992 quod
2062 3939 2126 3979 ea:
2163 3942 2328 3981 causa

751 4008 847 4063 est,
889 4018 993 4054 non
1038 4003 1344 4071 infitiamur
1369 4023 1387 4060 :
1416 4009 1471 4060 in
1505 4026 1606 4077 quo
1631 4010 1743 4063 solo
1775 4012 2026 4084 distingui
2076 4032 2240 4068 unum
2263 4017 2327 4070 ab

754 4089 863 4143 alio
888 4090 1265 4162 intelligimus;
1293 4098 1431 4165 quod
1455 4114 1618 4152 unum
1660 4118 1877 4156 causam
1910 4106 2182 4160 credamus
2222 4124 2329 4161 esse

755 4192 875 4250 (seu
889 4185 1215 4255 auctorem),
1234 4186 1463 4241 alterum
1492 4207 1613 4244 vero
1645 4209 1710 4245 ex
1724 4211 1887 4249 causa
1910 4195 2029 4267 (seu
2058 4199 2326 4269 auctore).

754 4273 886 4342 Ejus
904 4274 1034 4329 item
1066 4278 1212 4345 quod
1235 4296 1302 4333 ex
1335 4295 1499 4336 causa
1527 4291 1612 4338 est
1635 4284 1752 4354 (seu
1775 4287 2023 4358 auctore)
2050 4289 2217 4344 aliam
2240 4292 2326 4345 in-

2498 3564 2622 3617 Ὄτι
2675 3560 2733 3613 δὲ
2779 3557 2842 3612 τὸ
2890 3554 3118 3624 Πνεῦμα
3165 3551 3225 3605 τὸ
3271 3550 3427 3619 ἅγιον
3464 3549 3529 3601 ἐκ
3564 3546 3660 3600 τοῦ
3694 3544 3828 3599 Υίοῦ
3862 3546 4016 3598 ἐστιν

2424 3652 2668 3723 ἀμέσως,
2698 3648 2807 3703 ἀπὸ
2837 3647 2896 3701 δὲ
2926 3645 3021 3698 τοῦ
3053 3641 3268 3711 Πατρὸς
3301 3637 3681 3710 μεσιτεύοντας
3717 3634 3812 3689 τοῦ
3850 3633 4012 3696 Υίοῦ,

2423 3741 2860 3816 διαμαρτύρεται
2895 3741 2923 3791 ὁ
2962 3736 3231 3807 μακάριος
3269 3732 3568 3804 Γρηγόριος
3605 3729 3634 3781 ὁ
3680 3726 4013 3791 Νυσσαέων,

2425 3836 2569 3890 οὕτω
2602 3834 2798 3901 λέγων·
2838 3832 2908 3885 Τὸ
2936 3826 3412 3895 ἀπαράλλακτον
3452 3820 3565 3889 τῆς
3596 3820 3843 3888 φύσεως
3872 3819 4016 3885 ὁμου

2426 3922 2775 3994 λογοῦντες,
2805 3918 2911 3988 τὴν
2943 3915 3095 3971 κατά
3124 3913 3189 3968 τὸ
3223 3912 3419 3967 αἴτιον
3442 3909 3539 3964 καί
3577 3907 3848 3961 αιτιατὸν
3882 3905 4016 3961 δια-

2427 4018 2622 4088 φορὰν
2669 4018 2781 4071 οὐκ
2819 4012 3175 4080 ἀρνούμεθα·
3204 4008 3274 4061 ἐν
3314 4000 3363 4073 ᾧ
3397 4005 3561 4074 μόνῳ
3599 4003 4015 4070 διακρίνεσθαι

2427 4106 2496 4161 τὸ
2538 4105 2745 4172 ἕτερον
2778 4101 2896 4156 ἀπὸ
2930 4099 3036 4152 τοῦ
3080 4095 3287 4162 ἐτέρου
3332 4090 3894 4159 καταλαμϐάνομεν
3943 4088 4017 4141 τὸ

2422 4197 2541 4267 μὲν
2568 4196 2762 4249 αἴτιον
2801 4189 3114 4245 πιστεύειν
3140 4181 3313 4240 εἶναι’
3354 4182 3423 4236 τὸ
3448 4181 3538 4245 δὲ,
3569 4180 3639 4244 ἐξ
3659 4179 3876 4233 αἰτίου.
3901 4178 4018 4230 Καὶ

2427 4287 2523 4340 τοῦ
2578 4287 2636 4350 ἐξ
2688 4283 2868 4346 αἰτίας
2915 4280 3069 4342 ὄντος
3126 4277 3291 4330 πάλιν
3332 4275 3533 4342 ἄλλην
3584 4271 3879 4340 διαφορὰν
3916 4269 4019 4323 ὲν-

755 4364 1038 4435 telligimus
1083 4368 1474 4437 differentiam,
1537 4375 1683 4443 quod
1730 4377 2029 4443 nimirum,
2078 4380 2227 4450 quod
2259 4397 2325 4435 ex

2429 4377 2724 4444 νοοῦμεν,
2759 4374 2840 4427 ὅτι
2874 4372 2935 4425 τὸ
2978 4371 3098 4441 μὲν,
3140 4366 3428 4440 προσεχῶς
3461 4367 3526 4419 ὲκ
3562 4364 3659 4417 τοῦ
3689 4362 3935 4434 πρώτου,
3981 4362 4017 4430 ἢ

756 4452 935 4520 primo
965 4453 1275 4511 immediate
1300 4469 1404 4524 est,
1437 4462 1524 4517 vel
1552 4463 1653 4517 soli
1677 4464 1838 4531 Filio,
1863 4468 1948 4521 vel
1969 4469 2071 4523 soli
2099 4470 2330 4540 Spiritui

757 4552 951 4597 sancto
970 4546 1268 4601 convenire
1296 4564 1521 4605 necesse
1555 4561 1659 4608 est.
1688 4555 1888 4610 Dicunt
1908 4567 2091 4614 autem
2128 4561 2327 4628 sancti,

760 4634 904 4687 inter
930 4635 1150 4690 Patrem
1190 4647 1247 4692 et
1284 4638 1480 4695 Filium
1519 4642 1656 4697 nihil
1709 4647 1951 4701 medium
1984 4664 2125 4704 esse.
2169 4650 2334 4706 Solus

761 4723 930 4794 igitur
953 4724 1127 4781 Filius
1153 4742 1221 4781 ex
1247 4729 1406 4785 Patre
1442 4730 1759 4789 immediate
1783 4744 1887 4790 est.
1924 4738 2067 4807 Ergo
2091 4738 2332 4808 Spiritus

760 4824 988 4871 sanctus
1032 4833 1141 4871 non
1171 4829 1258 4873 est
1290 4821 1605 4878 immediate
1653 4840 1721 4880 ex
1757 4827 1935 4882 Patre.
1973 4828 2069 4883 Est
2106 4845 2240 4885 vero
2277 4839 2335 4885 et

761 4907 1073 4963 communis
1122 4908 1483 4981 intelligentia
1509 4953 1524 4976 ,
1570 4914 1717 4983 quod
1755 4917 2013 4971 nimirum
2047 4919 2115 4973 ab
2148 4920 2333 4990 aliquo

761 5006 868 5061 est,
890 4998 960 5051 ab
984 4998 1168 5068 aliquo
1185 5014 1309 5055 esse
1338 5002 1674 5060 immediate.
1711 5008 1876 5077 Atqui
1914 5024 2023 5063 non
2059 5018 2143 5064 est
2170 5027 2199 5065 a
2228 5012 2331 5066 Pa-

764 5095 847 5141 tre
894 5087 1228 5157 immediate,
1274 5092 1354 5146 uti
1392 5094 1503 5164 jam
1540 5096 1826 5165 probatum
1866 5108 1953 5154 est
1984 5118 1997 5153 :
2023 5116 2153 5171 ergo
2185 5112 2270 5157 est
2301 5117 2331 5156 a

764 5175 904 5231 Filio
922 5176 1253 5234 immediate.

835 5350 948 5407 Hos
976 5352 1144 5423 igitur
1170 5357 1543 5415 sanctissimos
1573 5361 1761 5415 Patres
1784 5404 1797 5425 ,
1834 5380 1964 5433 quin
2002 5374 2056 5419 et
2110 5365 2333 5419 beatum

841 5510 917 5573 (α)
958 5512 1068 5573 Sic,
1104 5513 1193 5567 his
1226 5517 1468 5570 nondum
1500 5520 1650 5579 visis,
1694 5520 1759 5573 ad
1803 5520 2049 5575 Caleeam
2083 5536 2329 5580 nostrum

764 5581 1142 5662 conjiciebam,
1182 5587 1487 5662 syltthtilutn
1546 5589 1676 5642 illud
1730 5591 1921 5662 Latine
1970 5594 2150 5662 primo
2200 5597 2336 5650 scri-

767 5659 941 5730 ptum,
974 5652 1118 5719 quod
1149 5652 1267 5730 ejus
1298 5656 1497 5730 Cra-cae
1523 5675 1713 5712 attines
1739 5652 2008 5715 editiones
2036 5664 2333 5730 variarent,

770 5720 963 5774 Latina
994 5736 1099 5775 una
1128 5720 1191 5775 ct
1212 5725 1437 5795 simplex
1472 5737 1653 5783 esset:
1684 5738 1739 5783 at
1768 5731 1909 5784 unde
1938 5731 2221 5803 Gregorio,
2256 5720 2336 5790 sic

2434 4469 2593 4540 μόνον
2619 4466 2696 4537 τῷ
2725 4462 2858 4534 Υἱῷ,
2896 4463 2929 4533 ἦ
2983 4463 3144 4533 μόνον
3190 4458 3270 4530 τῷ
3299 4458 3585 4528 Πνεῦματι
3633 4455 3718 4526 τῷ
3745 4455 3885 4525 ἁγίῳ
3916 4455 4021 4523 ἁρ-

2435 4559 2621 4628 μόζειν
2645 4554 2943 4624 ἀναγκαῖόν
2961 4555 3097 4606 ἐστι.
3128 4552 3395 4619 Λέγουσιν
3414 4550 3465 4602 οἱ
3495 4548 3664 4616 ἅγιοι,
3698 4547 3783 4600 ὅτι
3807 4544 4019 4616 μεταξὺ

2432 4647 2528 4701 τοῦ
2575 4646 2789 4717 Πατρὸς
2823 4646 2921 4698 καὶ
2970 4642 3066 4696 τοῦ
3097 4639 3253 4703 Υίοῦ,
3282 4639 3432 4694 οὐδέν
3467 4639 3585 4691 ἐστι
3629 4636 3815 4708 μέσον·
3854 4635 4022 4705 μόνος

2432 4739 2629 4794 οὐκοῦν
2659 4741 2689 4793 ὁ
2718 4738 2847 4802 Υἱὸς
2876 4738 2941 4789 ὲκ
2968 4734 3063 4789 τοῦ
3093 4732 3309 4804 Πατρὸς
3340 4729 3633 4803 προσεχιῖκ
3662 4728 3834 4781 ἔστιν.
3880 4727 4021 4779 Οὐκ-

2434 4824 2529 4878 οῦν
2572 4824 2634 4877 τδ
2687 4823 2911 4893 Πνεῦμα
2949 4823 3011 4875 τὸ
3059 4822 3214 4890 ἆγιον
3272 4821 3339 4874 ἐκ
3384 4818 3479 4873 τοῦ
3520 4815 3738 4889 Πατρός
3770 4816 3873 4869 οὐκ
3899 4816 4021 4868 ἔστι

2435 4917 2738 4989 προπχῶς.
2774 4919 2933 4971 Ἐστι
2977 4917 3035 4969 δὲ
3085 4915 3181 4969 καὶ
3221 4915 3373 4984 κοινὴ
3403 4913 3604 4975 ἔννοια,
3634 4914 3718 4966 ὅτι
3746 4912 3891 4980 ὅπερ
3922 4906 4023 4964 οὖν

2434 5010 2583 5063 ἐστιν
2615 5009 2725 5063 ἀπό
2770 5026 2937 5072 τινος.
2964 5008 3072 5061 ἀπό
3099 5008 3243 5070 τινός
3278 5008 3395 5059 ἐστι
3444 5003 3751 5075 προσεχιῖκ.
3788 5002 4021 5073 Ἐπειδὴ

2437 5100 2531 5154 οῦν
2562 5099 2625 5152 τὸ
2655 5098 2883 5169 Πνεῦμα
2910 5098 2971 5151 τὸ
3024 5099 3179 5166 ἅγιον
3205 5096 3314 5151 ἀπό
3342 5094 3488 5157 τινός
3536 5093 3654 5146 ἐστι
3703 5089 4021 5162 προσεχῶς’

2440 5189 2557 5243 ἀλλ’
2593 5188 2692 5240 οὐκ
2746 5186 2894 5241 ἔστιν
2923 5187 3031 5239 ἀπὸ
3061 5185 3155 5238 τοῦ
3207 5184 3422 5254 Πατρὸς
3453 5179 3759 5253 προσεχῶς,
3800 5178 3879 5242 ὡς
3916 5178 4023 5249 ἤδη

2442 5277 2677 5348 ἐδείχθηο
2701 5276 2897 5331 οὐκοῦν
2926 5276 3035 5330 ἀπὸ
3063 5276 3155 5330 τοῦ
3186 5273 3316 5328 Υίοῦ
3349 5272 3656 5344 προσεχῶς.

2514 5368 2740 5433 Τούτοις
2774 5370 2954 5424 τοίνυν
2991 5370 3103 5431 τοῖς
3123 5368 3302 5436 ἁγίοις
3332 5364 3628 5436 Πατράσιν,
3651 5362 3710 5414 οὐ
3743 5359 3853 5430 μὴν
3884 5357 4023 5413 ἀλλὰ

2438 5529 2632 5584 Latine
2662 5528 3018 5584 Athanasium
3047 5524 3350 5595 scripsisse,
3377 5531 3439 5595 et_
3455 5520 3776 5595 Latinorum
3807 5516 4019 5587 potius,

2438 5600 2943 5703 qouatnoGrzecorum
2990 5597 3096 5652 ritu
3150 5592 3381 5665 (suoque
3430 5592 3646 5661 ipsius),
3694 5604 3758 5643 ae
3794 5601 4020 5657 expres-

2440 5684 2590 5703 ωηηο

2440 5684 2591 5724 $10116
2612 5684 2624 5722 ⁷2
