4200 6440
146 378 282 446 1021

1461 380 1872 441 CONFESSI‘)
1910 383 1952 441 F
1964 383 2118 443 [DEI

3268 382 3408 449 1022

142 493 243 545 καὶ
290 490 369 563 τῷ
405 491 657 563 μακαρίῳ
716 490 1049 563 ’Λμϐροσίῳ,
1100 488 1178 561 τῷ
1221 490 1568 546 Μεδιολάνων
1603 497 1727 549 ὲπι·

1836 496 2181 551 Ληὼτοείυηι
2227 496 2687 551 Mediolanensem
2713 495 3035 565 episcopum
3057 535 3071 560 ,
3100 506 3158 551 et
3190 506 3412 551 nestum

142 583 362 654 σκόπῳ,
392 584 486 636 καὶ
532 581 610 652 τῷ
662 582 923 653 μακαρίῳ
973 581 1319 652 Αύγουστίνῳ
1348 583 1446 650 τῆς
1473 584 1567 638 τοῦ
1610 588 1723 639 Ἰπ-

139 676 328 737 πὼνος
353 675 562 736 πόλεως
592 674 899 743 ὲπισκὸπῳο
936 673 1015 743 τῷ
1047 674 1336 742 άγιωτατῳ
1381 691 1436 727 τε
1483 675 1726 747 Ἱερωνύ-

142 783 235 835 μῳ
262 765 342 837 τῷ
376 767 711 837 ἰσχυροτάτῳ
743 766 843 834 τῆς
867 764 977 820 τῶν
1004 765 1298 836 αἱρετικῶν
1331 766 1726 839 στρεελότητος

142 859 554 928 καταμαχητῇ,
595 856 970 927 ἀκολουθήσας
1021 858 1051 909 ὁ
1108 858 1380 930 μακάριος
1428 859 1722 931 Κύριλλος,

143 948 245 1001 καὶ
284 950 382 1001 σὺν
428 949 577 1019 αὐτῷ
612 948 710 1019 ὅλη
740 950 774 1018 ὴ
820 948 954 1017 ἁγία
997 950 1351 1022 οἱκουμενικὴ
1396 955 1560 1023 τρίτη
1605 953 1727 1007 σύν-

140 1038 288 1101 οδος,
346 1038 734 1110 γεγραμμένον
781 1040 913 1109 ἡμῖν
965 1040 1259 1095 κατέλιπον
1310 1044 1612 1113 ἐμφανῶς,
1668 1046 1728 1099 τὸ

143 1129 380 1199 Πνεῦμα
411 1125 553 1184 εῖναι
599 1131 664 1184 ἐκ
690 1128 785 1183 τοῦ
816 1130 967 1187 Υίοῦ.
996 1131 1157 1185 Ὅθεν
1196 1133 1291 1187 καὶ
1317 1134 1597 1199 ὁρθόδοξος
1624 1136 1727 1188 ούκ

140 1219 322 1284 ἔστιν,
354 1220 472 1275 ἀλλ’
512 1220 578 1275 ἐκ
606 1220 707 1291 τῆς
736 1221 975 1289 πίστεως
1015 1224 1275 1289 ὲξοδεύει.
1309 1226 1459 1289 ὅστις
1494 1228 1610 1289 τοῖς
1639 1229 1729 1297 ῥή-

143 1326 323 1378 μασιν
361 1310 430 1364 αὑ
444 1309 528 1364 τοῦ
569 1314 975 1385 καταμάχεται.
1004 1315 1168 1383 Λέγει
1204 1314 1314 1385 γὰρ
1346 1317 1724 1385 φανερώτατα,

138 1402 204 1454 ἑν
235 1400 315 1471 τῷ
348 1401 544 1456 ἑαυτοῦ
594 1403 731 1474 πρὸς
774 1406 866 1459 τὸν
912 1405 1135 1475 βασιλέα
1167 1406 1447 1459 Θεοδόσιον
1478 1408 1729 1478 περὶτῆς

137 1490 430 1562 ὸρθοδόξου
489 1492 730 1558 πίστεως
764 1495 1261 1565 Προσφωνητικῷ,
1296 1500 1357 1550 τὸ
1408 1498 1631 1569 Πνεῦμα
1662 1497 1731 1553 εἷ-

139 1600 237 1637 ναι
278 1584 346 1637 ἑκ
386 1584 482 1639 τοῦ
532 1585 685 1650 Υίοῦ,
746 1586 835 1641 διὰ
882 1587 1087 1640 τούτων
1142 1588 1253 1641 τῶν
1306 1589 1588 1658 ῥημάτωνο
1620 1591 1731 1645 ,Καὶ

136 1676 275 1747 μὴν
297 1676 488 1746 ἄνδρα
522 1677 738 1747 λέγων,
778 1677 887 1731 τὸν
932 1676 1084 1732 ὅσον
1114 1678 1282 1732 οὔπω
1314 1682 1732 1751 παρεσόμενον

140 1767 248 1821 καί
282 1768 723 1837 ὀφθησόμενον,
743 1765 949 1845 ,αὐτὸν
991 1768 1105 1836 ἔφη
1133 1765 1447 1831 ,ϐαπτίζειν
1470 1770 1541 1823 ἐν
1584 1774 1729 1838 πυρὶ

1832 586 2201 656 Augustinum
2225 585 2630 655 Hipponiensem
2653 588 2782 640 item
2816 588 3158 655 episcopum.
3198 603 3411 642 necnon

1833 680 2241 734 sanctissimum
2268 678 2681 748 llieronymum,
2706 680 2977 732 ltazreticze
2998 679 3286 748 pravitatis
3318 695 3412 731 va—

1834 772 2168 826 lidissimum
2190 773 2651 841 impugnatorem,
2678 780 2903 823 secutus
2926 771 3121 824 beatus
3150 771 3409 840 Cyrillus,

1835 873 1893 918 et
1924 879 2048 917 cum
2073 880 2140 917 co
2174 866 2427 915 universa
2471 871 2657 916 sancta
2690 862 3028 915 meumenica
3052 863 3213 915 tertia
3245 875 3411 930 syno-

1832 954 1959 1017 dus,
1990 954 2257 1023 scriptum
2290 953 2451 1005 nobis
2484 952 2776 1006 manifeste
2810 952 3067 1021 reliquit,
3105 953 3249 1020 quod
3291 952 3414 1020 Spi-

1834 1044 1975 1099 ritus
2006 1060 2074 1099 ex
2102 1045 2240 1098 Filio
2275 1044 2365 1097 sit.
2402 1044 2493 1097 Ait
2524 1045 2670 1098 enim
2719 1044 3065 1113 apertissime
3115 1044 3169 1097 in
3213 1059 3316 1097 suo
3344 1043 3412 1097 ad

1833 1135 2204 1190 Theodosium
2253 1133 2641 1202 imperatorem
2671 1134 2739 1187 de
2772 1135 2877 1187 tidc
2905 1132 3210 1187 orthodoxa
3254 1131 3415 1184 Pros-

1832 1225 2105 1294 pitouetico
2136 1264 2150 1285 ,
2188 1222 2454 1291 Spiritum
2500 1237 2565 1274 ex
2626 1222 2759 1274 Filio
2792 1237 2913 1275 esse
2939 1262 2954 1281 ,
2999 1222 3147 1275 hisce
3178 1220 3361 1275 verbis
3397 1236 3412 1273 :

1835 1317 1992 1385 Atqui
2015 1332 2133 1367 cum
2165 1314 2426 1368 hominem
2450 1313 2597 1376 dicit,
2626 1315 2714 1382 qui
2735 1314 2971 1381 jamjam
2998 1329 3227 1377 prwsens
3266 1312 3416 1381 futu-

1836 1424 1928 1460 rus
1963 1414 2078 1457 erat
2108 1414 2156 1457 et
2176 1403 2339 1457 oculis
2359 1406 2772 1473 conspiciendus,
2795 1408 2967 1471 ipsum
2990 1405 3120 1456 dixit
3144 1406 3417 1472 baptizare

1836 1500 1892 1553 in
1926 1498 2045 1567 igne
2088 1505 2136 1548 et
2173 1494 2377 1564 Spiritu
2416 1504 2597 1548 sancto
2638 1512 2657 1548 :
2692 1511 2797 1547 non
2841 1496 2929 1561 qui
2969 1498 3202 1548 alienum
3246 1495 3417 1565 bapti-

1836 1592 2022 1642 zandis
2052 1589 2356 1641 immitteret
2380 1584 2640 1655 Spiritum
2666 1626 2680 1649 ,
2711 1586 2889 1639 servili
2920 1602 3064 1638 more
3094 1600 3155 1636 ac
3179 1585 3415 1643 ministe-

1839 1678 2174 1742 riaiiter,sed
2213 1686 2269 1729 ut
2296 1687 2491 1730 natura
2521 1677 2686 1729 Deum
2722 1694 2841 1730 cum
2874 1694 3105 1746 superna
3137 1683 3415 1746 potestate,

1840 1774 1930 1842 qui
1986 1787 2047 1823 ex
2076 1771 2209 1839 ipse,
2270 1776 2319 1821 et
2355 1769 2468 1837 ejus
2496 1769 2741 1837 proprius
2780 1767 2944 1838 692
2998 1777 3091 1821 est.
3127 1767 3270 1834 Quid
3315 1768 3419 1822 hac

142 1856 250 1910 καὶ
288 1857 435 1925 ἁγίῳ
469 1856 789 1925 Πνεύματι·
836 1856 950 1909 οὐκ
986 1855 1313 1925 ἀλλότριον
1361 1857 1487 1925 τοῖς
1509 1859 1729 1923 βαπτι-

1836 1863 2158 1918 aucteritate
2204 1859 2587 1914 manifestius?
2629 1859 2729 1913 Hic
2763 1860 2907 1913 enim
2945 1859 3296 1927 apertissime
3350 1859 3418 1914 de

143 1946 418 2017 ζομένοις
442 1946 682 2002 ἐνιέντα
709 1946 985 2017 Πνεῦμα,
1029 1946 1459 2017 δουλοπρεπῶς
1490 1950 1590 2005 καὶ
1619 1953 1733 2007 ὐτ-

143 2040 463 2111 ουργικῶς·
493 2041 628 2094 ἀλλ’
653 2040 734 2107 ὡς
779 2040 930 2095 Θεὸν
972 2039 1125 2095 κατὰ
1150 2040 1363 2111 φύσιν,
1392 2042 1522 2111 μετ’
1552 2042 1724 2107 ἐξου-

145 2135 296 2201 σίας
317 2132 427 2202 τῆς
452 2132 751 2198 ἀνωτάτω,
782 2131 851 2187 τὸ
877 2132 949 2198 ἐξ
978 2126 1167 2188 αὐτοῦ
1191 2133 1290 2188 καί
1324 2132 1483 2188 ιδιον
1519 2136 1729 2191 αὐτοῦ.

145 2224 217 2276 Τί
256 2222 462 2293 ταύτης
491 2222 596 2293 τῆς
647 2222 959 2295 μαρτυρίας
1012 2222 1427 2297 φανερώτερονς
1480 2219 1584 2280 ὧδε
1623 2226 1734 2297 γάρ

147 2313 513 2385 φανερώτατα
540 2315 669 2387 περὶ
696 2314 793 2369 τοῦ
822 2314 952 2370 Υίοῦ
978 2315 1152 2386 λέγει,
1181 2318 1267 2373 ὅτι
1298 2317 1370 2375 Τὸ
1393 2319 1643 2389 Πνεῦμα
1666 2320 1733 2374 τὸ

148 2407 331 2477 (trior
362 2405 487 2473 τοῖς
499 2406 962 2477 ,βαπτιζομένοις
979 2407 1205 2478 ἐνίησι,
1224 2409 1293 2464 τὸ
1316 2409 1386 2475 ἐξ
1405 2410 1616 2476 αὐτοῦ,
1636 2409 1736 2466 καὶ

150 2499 317 2552 ιόιον
350 2499 557 2554 αὑτοῦ.
597 2498 712 2553 Καὶ
741 2498 901 2554 τοῦτο
941 2500 1076 2555 αὐτὸ
1098 2500 1177 2573 τῷ
1216 2501 1447 2575 Ἑρμείᾳ
1473 2503 1677 2575 γράφει
1705 2505 1736 2557 ὁ

147 2591 317 2654 αὐτὸς
343 2590 616 2662 μακάριος
642 2589 933 2661 Κύριλλος,
956 2592 1016 2645 ἐν
1030 2593 1097 2664 τῇ
1128 2593 1398 2666 ἑρμηνείᾳ
1429 2594 1523 2649 τοῦ
1543 2596 1733 2651 ὲνάτου

146 2679 601 2751 ἀναθεματισμοῦ
632 2684 791 2735 τοῦτο
810 2680 944 2736 αὐτὸ
959 2680 1155 2751 λέγων.
1201 2684 1294 2739 Ἐν
1317 2684 1396 2755 τῷ
1422 2685 1599 2757 ἐνάτῳ
1623 2685 1735 2759 γάρ

146 2771 607 2846 άνᾶθεματισμῷ,
641 2771 770 2827 ἴδιον
798 2769 938 2829 εἶναι
976 2775 1071 2830 τοῦ
1101 2775 1234 2831 Υεοῦ
1284 2778 1346 2832 τὸ
1392 2779 1618 2851 Πνεῦμα
1661 2782 1737 2834 εί-

148 2865 296 2931 πὼν,
314 2865 406 2919 τὸν
430 2865 593 2921 αὐτὸν
604 2864 793 2920 ἔνατον
810 2866 974 2920 uno:
982 2869 1252 2939 ματισμδν
1264 2870 1329 2940 έρ
1337 2888 1411 2940 μη
1418 2888 1475 2924 νε
1482 2870 1612 2938 ύων,
1629 2871 1735 2926 τίνι

146 2958 337 3030 ἐννοίᾳ
371 2958 501 3012 ίδιον
526 2956 694 3012 αὑτοῦ
729 2954 870 3012 εἶναι
904 2959 967 3012 τὸ
992 2958 1218 3030 Πνεῦμα
1261 2961 1487 3032 ἀνέῳξε,
1535 2962 1732 3032 λέγων·

151 3054 494 3117 Ἄνθρωπος
511 3049 768 3120 γεγονὼς
789 3052 822 3103 ὁ
844 3050 1185 3119 Maro-perm
1213 3052 1319 3107 τοῦ
1347 3054 1494 3107 Θεοῦ
1521 3055 1731 3122 Λόγος,

147 3141 569 3212 ἀπομεμένηκε
585 3142 683 3195 καί
707 3141 862 3196 οὕτω
890 3144 1055 3206 Θεόςο
1081 3142 1277 3196 πάντα
1303 3143 1591 3214 ὑπάρχων
1618 3146 1736 3199 ὅσα
1765 3197 1801 3214 μ

148 3236 249 3289 καί
274 3238 308 3291 ό
325 3233 695 3303 Πατήρ,ὂίχα
708 3234 903 3303 μόνου
924 3233 1029 3289 τοῦ
1048 3228 1199 3288 εἶναι
1218 3234 1439 3303 "atrio
1456 3236 1553 3289 καὶ
1577 3236 1734 3291 ιὸιον

147 3329 312 3394 ἔχων
330 3325 395 3379 τὸ
427 3325 496 3389 ἐξ
520 3322 707 3379 αὐτοῦ
739 3324 839 3377 καὶ
858 3323 1162 3389 οὐσιωδῶς
1182 3325 1528 3394 ἐμπεφυκὸς
1573 3327 1735 3393 αὐτῷ

146 3419 328 3487 ἅγιον
347 3417 607 3485 Πνεῦμα,
633 3416 729 3469 καὶ
747 3416 818 3469 τὰ
839 3416 1022 3470 λοιπά.
1046 3408 1173 3469 Ὧδε
1196 3417 1359 3469 πάλιν
1377 3417 1734 3488 φανερώτατα

145 3509 211 3562 τὸ
238 3508 465 3579 Πνεῦμα
500 3507 561 3561 τὸ
601 3507 757 3576 ἆγιον
786 3509 851 3560 ὲκ
880 3506 974 3560 τοῦ
1003 3506 1134 3560 Υίοῦ
1166 3503 1302 3561 εἶναι
1348 3508 1497 3576 λέγει
1524 3509 1553 3560 ὁ
1582 3510 1735 3577 ἅγιος

148 3601 370 3672 Πατήρ.
404 3599 519 3653 Ούκ
548 3600 751 3668 ὀφείλει
778 3599 835 3652 δέ
861 3616 968 3655 τινι
993 3593 1132 3653 εἶναι
1158 3598 1489 3668 ἀμφίϐολον,
1525 3601 1609 3653 ὅτι
1637 3601 1735 3671 τὴν

149 3695 365 3748 ἔννοιαν
396 3691 631 3763 ἐκείνην,
664 3685 768 3744 ὦδε
809 3690 1044 3761 ἀνέῳξεν
1072 3692 1101 3745 ὁ
1143 3691 1332 3759 ἅγιος,
1360 3690 1552 3760 ἥντινα
1589 3687 1736 3761 εἶχεν

148 3789 244 3841 ὅτε
286 3787 378 3841 τὸν
422 3784 871 3856 άναθεματισμὸν
897 3782 1133 3849 ἐξέθετο.
1164 3784 1268 3838 Τὸν
1294 3784 1736 3856 άναθεματισμὸν

146 3879 207 3932 δὲ
242 3878 475 3943 ἐκεῖνον,
516 3878 615 3931 σὺν
667 3877 806 3929 πᾶσι
858 3873 1042 3939 ἄλλοις
1092 3875 1566 3947 άναθεματισμοῖς
1618 3875 1735 3929 ἑδέ-

151 3970 285 4035 ξατο
311 3970 345 4041 ἡ
374 3969 505 4039 άγία
519 3969 614 4023 καὶ
640 3967 998 4039 οίκουμενικὴ
1024 3966 1073 4036 γ’
1103 3966 1344 4034 σύνοδος,
1367 3968 1426 4022 ὲν
1455 3968 1642 4042 ἐκείνῃ
1666 3972 1732 4041 τῇ

151 4060 360 4132 ἐννοίᾳ,
378 4061 438 4113 ἐν
520 4059 549 4112 ὁ
565 4058 719 4127 ἅγιος
747 4056 984 4123 ἐξέθετο.
1006 4056 1287 4129 ’Λρίδηλον
1313 4059 1422 4131 γάρ
1448 4059 1586 4125 ἐστι,
1608 4062 1735 4125 τοὺς

150 4151 605 4222 ἁγίουςῐΙατέρας
621 4154 680 4205 ἐν
704 4153 770 4219 τῇ
800 4150 931 4222 ἁγίᾳ
951 4150 1327 4222 προειρημένῃ
1350 4153 1734 4222 συναχθέντας,

152 4246 287 4315 ὃλην
323 4245 423 4316 τὴν
444 4245 636 4316 τρίτην
676 4243 772 4298 τοῦ
797 4243 1219 4315 Ιπροειρημένου
1251 4244 1466 4316 Πατρδς
1515 4246 1737 4301 ἐπιστο-

150 4338 255 4409 λὴν
283 4338 421 4408 πρὸς
447 4336 538 4390 τὸν
566 4336 742 4406 ἀσεϐῆ
768 4335 1062 4407 Νεστόριον
1092 4336 1186 4389 τὸν
1217 4337 1737 4392 Κωνσταντινουπό-

151 4431 297 4494 λεως
309 4430 608 4484 ἐπίσκοπον
639 4426 1035 4498 γεγραμμένην
1067 4426 1237 4500 χωρίς
1263 4445 1413 4493 τινος
1433 4428 1733 4500 δισταγμοῦ

1836 1955 1974 2012 Filio
2014 1954 2149 2009 dicit
2181 1970 2193 2007 :
2226 1952 2518 2007 Imminere
2569 1949 2827 2021 Spiritum
2866 1962 3143 2013 sanctum,
3175 1952 3288 2015 his,
3327 1952 3418 2020 qui

1835 2048 2194 2118 baptizantur,
2217 2046 2307 2114 qui
2336 2059 2399 2097 ex
2425 2044 2539 2113 ipso
2586 2052 2637 2094 et
2674 2043 2787 2109 ejus
2832 2045 3078 2113 proprius
3108 2052 3203 2095 est.
3238 2042 3418 2111 Atque

1836 2139 1941 2193 hoc
1967 2137 2112 2191 idem
2143 2134 2380 2189 Hermia:
2422 2132 2619 2189 scribit
2652 2132 2797 2187 idem
2831 2132 3027 2186 beatus
3065 2131 3323 2202 Cyrillus,
3360 2133 3417 2186 in

1834 2231 2178 2300 expositione
2206 2227 2338 2281 noni
2370 2224 2819 2281 anathematismi
2858 2224 2964 2278 hoc
2998 2226 3179 2293 ipsum
3204 2223 3416 2278 dicens.

1835 2325 1895 2378 in
1919 2336 2066 2376 nono
2094 2321 2241 2375 enim
2270 2318 2759 2381 anathematismo,
2783 2332 2911 2371 cum
2939 2316 3206 2379 dixisset,
3248 2314 3419 2383 Spiri-

1836 2425 1949 2471 tum
1996 2414 2118 2468 Filii
2143 2414 2421 2484 proprium
2448 2425 2579 2474 esse,
2614 2408 2872 2463 eumdem
2896 2408 3417 2462 anathematismum

1833 2524 2157 2580 exponens,
2185 2520 2296 2576 quo
2359 2520 2523 2558 sensu
2572 2502 2817 2572 Spiritus
2850 2501 2971 2571 ejus
3014 2499 3276 2569 proprius
3323 2498 3417 2562 sit,

1835 2600 2074 2672 aperuit,
2105 2598 2295 2652 dicens
2324 2614 2337 2649 :
2371 2595 2537 2649 "omo
2572 2594 2771 2663 factum
2790 2592 3021 2659 unigena
3048 2589 3142 2642 Dei
3172 2588 3415 2654 Verbum,

1834 2695 1909 2747 sic
1931 2707 2134 2763 quoque
2168 2689 2422 2744 remansit
2467 2686 2645 2751 Deus;
2679 2702 2739 2738 cu
2754 2701 2798 2739 nt
2838 2685 2903 2738 sit
2927 2684 3107 2735 omnia
3132 2722 3147 2744 ,
3199 2696 3419 2750 qumque

1835 2793 1913 2839 est
1941 2791 1990 2836 et
2021 2781 2204 2845 Pater,
2221 2795 2326 2833 uno
2357 2781 2451 2832 hoc
2474 2778 2706 2848 dempto,
2726 2776 2865 2847 quod
2900 2790 3006 2827 non
3035 2781 3113 2826 est
3145 2770 3345 2838 Pater;
3368 2783 3418 2826 et

1837 2877 2111 2949 praprium
2146 2873 2357 2937 habeat,
2387 2871 2478 2941 qui
2505 2886 2568 2924 ea:
2591 2870 2703 2939 ipso
2724 2875 2820 2932 est,
2855 2875 2904 2921 et
2938 2868 2993 2921 in
3022 2869 3136 2936 ipso
3169 2865 3419 2919 substan-

1837 2966 2036 3021 tialiter
2052 2971 2249 3018 natura
2277 2963 2432 3025 inest,
2452 2958 2682 3030 Spiritus
2729 2965 2944 3011 sanctus
2962 2997 2976 3022 ,
3019 2964 3126 3011 etc.
3160 2954 3263 3008 llic
3288 2970 3386 3007 rur
3414 2984 3421 2993 ι

1837 3072 1932 3111 sus
1971 3053 2274 3109 clarissime
2304 3052 2479 3116 ,‘esse
2526 3048 2793 3118 Spiritum
2854 3055 3103 3101 sanctum
3152 3060 3219 3097 ex
3256 3042 3417 3103 Filio,

1838 3152 2062 3201 sanctus
2098 3145 2261 3198 Pater
2296 3140 2449 3195 dicit.
2489 3138 2705 3193 Nemini
2740 3145 2926 3192 autem
2969 3135 3271 3205 quidquam
3316 3134 3419 3187 du-

1837 3238 1987 3291 bium
2017 3250 2137 3289 esse
2189 3233 2373 3297 debet,
2407 3231 2659 3286 eamdem
2719 3229 2813 3285 hic
2875 3237 3113 3283 mentem
3166 3235 3417 3281 sanctum

1834 3330 2139 3400 aperuisse,
2169 3340 2332 3395 quam
2367 3324 2625 3378 habuerit
2646 3363 2660 3388 ,
2700 3333 2815 3376 tum
2838 3361 2854 3385 ,
2891 3335 3016 3374 cum
3046 3318 3417 3374 anathemati-

1833 3438 2011 3477 smum
2033 3420 2241 3474 ederet.
2265 3417 2423 3471 Hunc
2442 3430 2605 3486 porro
2628 3412 3148 3467 anathematismum
3175 3426 3299 3464 eum
3327 3425 3418 3464 re-

1834 3512 2002 3582 liquis
2025 3509 2281 3564 omnibus
2307 3506 2780 3562 anathematismis
2811 3504 3018 3573 recepit
3051 3503 3209 3557 tertia
3232 3512 3419 3556 saneta

1834 3613 1891 3659 et
1912 3602 2253 3658 mcunmeuica
2290 3600 2536 3671 synodus
2559 3638 2573 3663 ,
2624 3612 2735 3668 quo
2770 3612 2937 3652 sensu
2973 3604 3199 3650 sanctus
3227 3593 3419 3647 edide-

1837 3704 1940 3750 rat.
1975 3694 2321 3749 Mauifestum
2365 3692 2514 3747 enim
2545 3701 2651 3752 εει..
2682 3699 2903 3746 sanctos
2939 3690 3128 3743 Patres
3184 3688 3236 3741 in
3272 3688 3417 3741 dicta

1835 3798 2023 3844 sancta
2054 3788 2261 3858 synodo
2296 3794 2676 3857 congregatos,
2704 3793 2873 3839 totam
2906 3784 3122 3838 tertiam
3155 3780 3287 3834 dicti
3317 3780 3419 3832 Pa-

1836 3879 2259 3949 tris'epistolam
2292 3878 2558 3933 adversus
2583 3876 2814 3945 impium
2852 3872 3166 3929 Nestorium
3204 3873 3420 3940 episco-

1836 3988 1966 4042 pum
2014 3969 2711 4039 Constantinopolitanum,
2743 3966 3005 4035 scriptam
3045 3964 3249 4031 absque
3309 3960 3419 4013 ulla

1838 4063 2243 4119 retractationis
2273 4060 2622 4116 htesitatione
2658 4058 2952 4127 recepisse.
2991 4054 3210 4109 Scimus
3234 4062 3418 4108 autem

1835 4157 1995 4211 dicta-
2024 4154 2270 4225 epistola:
2299 4163 2601 4209 extremam
2630 4158 2839 4220 partem
2866 4188 2881 4212 ,
2911 4148 3090 4201 dictos
3122 4144 3417 4199 duodecim

1836 4245 2318 4301 anathematismos
2348 4242 2653 4298 continere.
2681 4238 2837 4306 Quod
2870 4236 2916 4293 si
2942 4236 3068 4305 quis
3096 4234 3251 4303 quasi
3284 4234 3418 4303 legi-

1839 4341 1969 4395 tima
2003 4339 2145 4393 tueri
2179 4336 2527 4407 aggrediatur
2553 4328 2879 4387 Theodoriti
2906 4326 3032 4399 Cyri
3050 4326 3295 4396 episcopi
3320 4325 3421 4377 im-

1837 4432 2081 4504 piissima
2100 4430 2265 4485 verba
2286 4470 2301 4489 ,
2334 4444 2456 4497 quae
2495 4427 2541 4481 is
2573 4424 2723 4480 omni
2776 4421 3121 4493 impudentia
3171 4417 3421 4474 evomuit

153 4518 469 4584 ἀναξάνεως
501 4516 922 4590 [ἀνεξετάστως]
952 4516 1217 4587 δεδέχθαι.
1248 4517 1597 4589 Γινώσκομεν
1646 4519 1724 4581 δὲ,

1836 4524 2098 4579 adversus
2136 4518 2269 4574 dicti
2308 4517 2486 4572 Patris
2514 4512 2808 4568 duodecim
2863 4509 3141 4580 capitula,
3201 4508 3421 4561 noverit

152 4616 242 4667 ὅτι
288 4612 389 4683 τῆς
420 4609 834 4683 προειρημένης
868 4608 1163 4679 έπιστολῆς
1202 4609 1264 4664 τδ
1287 4608 1517 4681 ἔσχατον
1545 4612 1735 4682 μέρος,

152 4705 284 4767 τοὺς
301 4701 737 4774 προειρημένους
765 4701 1015 4772 περιέχει
1038 4701 1522 4771 άναθεματισμοὺς
1552 4701 1641 4773 ιβ’.
1676 4705 1739 4757 Et

153 4796 213 4849 δέ
242 4812 328 4859 τις
356 4793 606 4865 νομίμως
634 4794 939 4864 ιπιχειροίη
958 4792 1026 4848 τά
1043 4792 1137 4847 τοῦ
1154 4794 1489 4863 Θεοδωρίτου
1514 4797 1742 4849 ἐπισκό-

154 4904 263 4939 που
289 4886 477 4956 Κύρου
512 4884 733 4955 ῥήματα
760 4886 828 4938 τὰ
859 4884 1221 4951 ἀσεϐέστατα,
1252 4885 1412 4939 ἅτινα
1469 4887 1614 4941 κατὰ
1641 4888 1738 4941 τοῦ

157 4975 566 5050 προειρημένου
609 4975 825 5047 Πατρδς
868 4975 958 5030 διὰ
1012 4976 1080 5047 ιβ’
1108 4977 1424 5048 κεφαλαίων
1468 4977 1739 5050 ἐξήμεσεν

156 5070 407 5139 ἁναίδην,
438 5069 758 5137 γινωσκέτω
794 5068 895 5139 τὴν
924 5068 1183 5139 πέμπτην
1230 5069 1395 5138 ἁγίαν
1428 5070 1523 5124 καὶ
1553 5072 1738 5124 οἰκου-

159 5162 394 5233 μενικὴν
420 5160 659 5223 σύνοδον,
684 5159 1167 5231 ἀναθεματίσασαν
1196 5161 1320 5225 τοὺς
1348 5160 1442 5215 τοῦ
1475 5180 1738 5235 προειρη-

160 5252 327 5320 μένου
360 5250 691 5321 Θεοδωρίτου
735 5249 1055 5321 βαϐισμούς⁸
1092 5251 1241 5313 ὅστις
1284 5253 1424 5308 κατὰ
1463 5252 1560 5306 τοῦ
1630 5271 1735 5323 μα-

158 5343 353 5416 καρίου
384 5342 655 5413 Κυρίλλου
684 5343 929 5413 ῥήματα,
951 5343 1027 5396 ’ὲν
1056 5339 1138 5405 οἷς
1172 5343 1266 5395 καὶ
1311 5344 1461 5412 αύτῷ
1502 5344 1735 5415 ἁπεκρί-

157 5451 312 5497 νατο,
363 5434 523 5505 μόνον
557 5428 665 5487 οἶδε
695 5436 1039 5505 κατηγορεῖν.
1094 5435 1260 5503 Λέγει
1301 5436 1410 5507 γὰρ
1441 5437 1474 5506 ή
1508 5438 1735 5508 πέμπτη

160 5524 295 5593 ἁγία
336 5527 432 5580 καλ⁵
462 5524 724 5595 καθολικὴ
760 5524 979 5589 σύνοδος
1007 5528 1066 5580 ὲν
1097 5527 1295 5598 πράξει
1324 5528 1507 5600 ὀγδόῃ,
1537 5528 1733 5594 οὕτως’

160 5617 607 5686 Κατακρίνομεν
663 5618 761 5673 καί
824 5618 1323 5690 ἀναθεματίζομεν
1406 5620 1557 5688 πρὸς
1611 5622 1736 5688 τοῖς

165 5709 379 5773 ἄλλοις
426 5708 657 5765 ἅπασιν
694 5711 1012 5780 αἰρετικοῖς
1044 5712 1166 5777 τοῖς
1196 5714 1604 5780 Μτακριθεῖσι
1633 5715 1735 5768 καί

165 5800 709 5870 ἁναθεματισθεῒσι,
751 5801 911 5873 παρὰ
952 5819 1014 5856 τε
1056 5800 1172 5859 τῶν
1199 5802 1525 5874 εἰρημένων
1553 5804 1736 5860 ἁγίων

1842 4618 2084 4665 sanctam
2126 4606 2373 4677 quintam
2418 4618 2483 4657 ac
2536 4600 2934 4657 mcumenicam
2983 4596 3255 4668 synodum
3285 4596 3420 4650 dicti

1841 4700 2162 4758 Theodoriti
2224 4711 2401 4767 nugas
2444 4693 2583 4749 diris
2632 4692 2925 4747 devovisse
2968 4708 2983 4745 :
3017 4705 3144 4745 eum
3179 4688 3226 4743 is
3273 4696 3423 4741 totus

1842 4797 1898 4851 in
1932 4810 2000 4849 eo
2038 4792 2130 4857 sit,
2158 4798 2221 4845 ut
2270 4788 2415 4843 beati
2463 4786 2651 4858 Cyrilli
2699 4785 2868 4839 verba
2898 4782 3307 4853 reprehendat,
3362 4780 3421 4834 in

1840 4888 2043 4958 quibus
2090 4884 2257 4939 etiam
2307 4881 2397 4935 ille
2435 4879 2486 4933 ei
2532 4875 2839 4947 reSpondit.
2901 4874 2994 4929 Ait
3045 4872 3195 4928 enim
3226 4873 3422 4942 quinta

1840 4988 2025 5035 sancta
2064 4985 2121 5032 et
2174 4972 2501 5029 universalis
2547 4967 2792 5040 synodus
2822 5008 2838 5032 ,
2896 4967 3121 5021 actione
3176 4975 3418 5020 octava:

1844 5070 2173 5123 Damnamus
2202 5073 2252 5118 et
2274 5062 2812 5121 anathematizamus,
2838 5074 2953 5111 eum
3004 5055 3221 5124 reliquis
3249 5056 3422 5107 omni-

1841 5163 1932 5216 bus
1957 5160 2210 5216 lueretiris
2242 5155 2509 5210 damnatis
2524 5154 2646 5221 jam
2685 5159 2735 5204 et
2771 5150 3113 5204 anathemate
3138 5147 3417 5215 percussis,

1840 5273 1873 5308 a
1917 5253 2111 5307 sanctis
2136 5256 2364 5321 quatuor
2392 5246 2544 5299 dictis
2576 5243 2809 5315 synodis,
2855 5249 2904 5294 et
2934 5257 2966 5293 a
3007 5246 3195 5293 sancta
3239 5249 3287 5290 et
3325 5254 3418 5290 ca-

1839 5345 2034 5400 tholica
2071 5340 2331 5407 Ecclesia,
2364 5340 2528 5391 etiam
2565 5334 2912 5396 Theodorum,
2951 5331 3043 5401 qui
3087 5327 3421 5399 Mopsuestia?
3484 5350 3491 5357 -

1837 5442 2108 5509 episcopus
2156 5434 2285 5503 fuit,
2341 5433 2559 5501 ejusque
2606 5427 2771 5497 impia
2835 5430 3213 5484 monumenta;
3261 5418 3419 5486 impie

1836 5534 1961 5586 item
1990 5528 2287 5598 conscripta
2319 5546 2348 5581 α
2375 5525 2703 5587 Tlieodorito,
2729 5530 2915 5576 contra
2952 5529 3153 5572 rectam
3182 5514 3342 5583 ﬁdem
3369 5518 3417 5563 et

1836 5620 2108 5675 duodecim
2157 5616 2393 5687 capitula
2424 5615 2593 5669 sancti
2632 5611 2795 5683 693
2835 5608 3024 5680 Cyrilli
3066 5622 3128 5659 ac
3176 5610 3419 5657 sanctam

1837 5717 2049 5770 tertiam
2082 5711 2403 5782 Ephesinam
2439 5706 2717 5778 synodum.
2751 5703 3084 5767 Quwcuuquc
3128 5697 3337 5749 demum
3354 5690 3418 5743 ab

1839 5824 1896 5861 eo
1926 5807 2121 5859 scrivta
2152 5810 2273 5857 sunt
2298 5817 2389 5856 oro
2428 5798 2725 5869 defensione
2754 5791 3004 5849 Theodori
3025 5799 3071 5844 et
3098 5785 3343 5843 Nestorii.
