4200 6440
772 352 3985 411 W

1858 510 1996 562 ΤΟΥ
2033 508 2125 561 ΕΝ
2161 506 2389 560 ΑΓΙΟΙΣ
2417 503 2692 560 ΠΑΤΡΟΣ
2720 500 2933 563 ΗΜΩΝ,

1140 672 1946 817 ΜΑΞΙΜΟΥ
2021 672 2371 804 ΤΟΥ
2429 665 3647 804 ΟΜΟΛΟΓΗΤΟΥ

1975 904 2129 950 ΠΕΡΙ
2174 904 2235 949 ΔΙ
2245 902 2502 951 ᾹΦΟΡΩΝ
2535 902 2821 949 ΑΠΟΡῙΩΝ

1271 1061 1499 1147 ΤΩΝ
1557 1059 1891 1146 ΑΓΙΩΝ
1966 1054 2571 1143 ΔΙΟΝΥΣΙοΥ
2635 1053 2831 1138 ΚΑΙ
2893 1052 3516 1138 ΓΡΗΓΟΡΙΟΥ

1788 1236 1980 1289 ΠΡΟΣ
2033 1235 2285 1288 ΘΩΜΛΝ
2342 1233 2477 1286 ΊῸΝ
2505 1232 3001 1288 ΗΓΙΑΣΜΕΝΟΝ.

988 1584 1146 1736 S.
1220 1587 1389 1732 P.
1482 1580 1670 1731 Ν.
1740 1572 2458 1733 MAXIMI
2519 1572 3804 1734 CONFESSORIS

1806 1849 1903 1910 DE
1929 1807 2197 1910 vitans
2232 1846 2728 1909 DIFFICILIBUS
2774 1846 2993 1909 LOCIS

1291 2032 1492 2145 SS.
1560 2037 1778 2147 PP.
1850 2033 2507 2149 DlONYSll
2580 2029 2765 2144 ET
2830 2030 3515 2144 GREGOBII

2001 2261 2116 2323 AD
2176 2260 2545 2323 ΤΗΟΜΑΜ
2608 2263 2778 2325 γης.

848 2444 1085 2491 LIBRUM
1116 2444 1199 2488 EX
1242 2444 1465 2490 CODICE
1513 2444 1948 2489 MANUSCRIPTO
1995 2445 2277 2492 GUDIANO
2306 2446 2667 2492 DESCRIPSIT
2697 2447 2773 2490 ET
2816 2446 2882 2492 IN
2908 2447 3185 2493 LATINUM
3221 2447 3558 2495 SERIONBM
3595 2446 3948 2492 INTERPIE-

1590 2610 1809 2666 TATUS,
1852 2610 2007 2655 POST
2041 2609 2091 2654 J.
2139 2611 2312 2655 800⁸1⁸1
2356 2610 2434 2653 ΕΤ
2474 2610 2580 2654 τιι.
2626 2610 2785 2655 GALE
2835 2611 3217 2667 TENTAMINA,

1990 2772 2117 2807 NUNC
2144 2772 2327 2807 νιιυιωι
2352 2772 2591 2807 ιδτεῦιιυι
2630 2771 2788 2805 ευκητ

1636 2918 2304 3033 ιιίωιπα.
2390 2919 3152 3035 οειιιειι.

1875 3129 2053 3191 (Halis,
2090 3130 2141 3180 C.
2170 3130 2223 3179 Ε.
2254 3130 2315 3179 Μ.
2344 3130 2546 3183 Pfeﬂ’er.
2574 3129 2947 3193 MDCCCH'H.)

2072 3456 2751 3549 PREFATIO.

2383 3659 2438 3672 α’

862 3794 1011 3857 Cum
1038 3796 1181 3853 ante
1209 3786 1332 3849 hos
1362 3785 1580 3849 decem
1601 3783 1735 3847 fere
1764 3800 1966 3847 annos
1996 3785 2196 3847 turba:
2218 3785 2430 3850 civiles
2464 3804 2578 3868 per
2605 3788 2867 3868 patriam
2905 3786 3325 3867 ﬁnitimasque
3356 3790 3645 3868 regiones
3669 3809 4037 3872 grassaren-

778 3901 904 3963 tur.
944 3899 1007 3955 et
1037 3890 1249 3952 omnia
1285 3887 1473 3967 plena
1504 3891 1717 3949 essent
1743 3885 1977 3948 furoris
2003 3892 2191 3966 atque
2212 3887 2495 3964 insaniae,
2526 3888 2624 3951 his
2640 3889 2875 3951 ferrum
2898 3889 3185 3965 etignem
3209 3896 3271 3951 et
3289 3893 3526 3972 quaevis
3545 3891 3780 3956 ferocia
3811 3901 4034 3974 aperte

778 3995 1236 4065 minitantibus,
1274 3991 1400 4052 illis
1429 4008 1545 4071 per
1572 3990 1775 4051 varias
1807 3988 2115 4051 factiones
2139 3989 2620 4069 societatesque,
2668 4008 2931 4070 quarum
2976 3992 3095 4054 sibi
3129 4009 3528 4073 unaquaque
3580 4010 3789 4057 veram
3844 3996 4029 4059 labo-

778 4098 1340 4163 rantimedicinam
1386 4112 1576 4157 nosse
1601 4094 1949 4164 videbatur,
1983 4092 2441 4173 rempublicam
2494 4094 3009 4172 distrahentibus,
3074 4096 3176 4158 vix
3221 4096 3432 4160 dicere
3481 4115 3736 4178 possum
3788 4107 4033 4180 quanto

776 4219 920 4263 cum
952 4198 1180 4276 gaudio
1223 4214 1296 4257 ex
1322 4196 1542 4258 harum
1566 4212 1775 4255 rerum
1812 4201 2055 4256 terrore
2086 4212 2159 4255 ac
2190 4194 2380 4256 tazdio
2406 4193 2483 4257 ad
2512 4212 2618 4257 eas
2640 4212 2741 4257 me
2776 4212 3029 4276 semper
3065 4196 3386 4261 retulerim
3422 4206 3587 4263 artes
3606 4217 3748 4280 quae
3780 4200 4030 4281 pridem

778 4301 961 4363 cultaa
996 4298 1115 4359 illis
1150 4295 1498 4377 praesertim
1533 4293 1927 4373 temporibus
1953 4293 2030 4355 ad
2063 4292 2520 4355 consolandum
2553 4295 2831 4355 animum
2862 4304 2923 4357 et
2943 4314 3019 4358 ex
3047 4300 3367 4361 communi
3396 4301 3678 4363 omnium
3705 4303 4027 4366 bonorum

776 4397 1021 4460 tristitia
1051 4394 1418 4474 erigendum
1451 4393 1763 4473 imprimis
1785 4399 1948 4472 aptaa
1980 4410 2116 4455 esse
2148 4392 2543 4455 videbantur.
2568 4395 2751 4455 Forte
2782 4394 3007 4457 accidit
3027 4404 3094 4458 ut
3117 4413 3152 4459 a
3186 4396 3362 4459 libris
3397 4400 3677 4477 Gregorii
3731 4401 4028 4479 Nysseni,

776 4502 956 4579 cujus
976 4496 1183 4558 studio
1213 4514 1354 4558 cum
1385 4494 1659 4556 maxime
1692 4497 1974 4568 tenebar,
2006 4494 2085 4556 ad
2139 4494 2428 4573 qumdam
2474 4496 2724 4556 Maximi
2784 4495 3193 4572 Confessoris,
3264 4498 3627 4578 philosophi
3656 4500 4025 4577 gravissimi,

778 4600 1009 4680 scripta
1030 4598 1335 4672 deferrer,
1366 4598 1547 4677 cujus
1576 4604 1645 4660 ut
1673 4597 1908 4659 difﬁcili
1941 4603 2003 4659 et
2028 4596 2334 4676 impedito
2373 4614 2476 4658 me
2505 4614 2735 4675 genere
2768 4596 2933 4659 haud
2957 4615 3097 4660 raro
3114 4598 3519 4677 defatigatum
3556 4616 3691 4662 esse
3740 4617 3874 4661 non
3902 4600 4028 4661 dif-

780 4704 984 4776 ﬁteor,
1023 4702 1109 4763 ita
1143 4709 1201 4763 et
1236 4702 1686 4764 sententiarum
1720 4697 2106 4763 sublimitate
2135 4706 2197 4761 et
2233 4700 2605 4781 placitorum
2638 4700 2916 4772 veritate,
2948 4717 2984 4762 e
3012 4700 3275 4781 limpido
3312 4702 3403 4782 pii
3430 4718 3503 4764 ac
3544 4702 3775 4764 sinceri
3830 4701 4025 4763 animi

777 4807 955 4867 fonte
984 4811 1357 4883 temperata,
1380 4802 1759 4865 mirabiliter
1793 4807 2075 4863 erectum
2107 4808 2439 4863 etauctum
2478 4818 2581 4862 me
2614 4818 2751 4863 esse
2782 4800 2971 4863 hodie
3001 4801 3301 4880 gratulor.
3342 4802 3520 4876 Quod
3553 4802 3721 4864 enim
3762 4800 4033 4863 Photius

778 4906 1056 4983 Myriob.
1089 4905 1232 4968 cod.
1264 4923 1451 4966 cxcn.
1486 4903 1631 4987 (col.
1683 4903 1789 4965 501
1842 4903 1943 4965 ed.
1983 4903 2259 4983 Haasclt.)
2291 4903 2371 4965 de
2399 4903 2521 4964 alio
2552 4904 2804 4965 Maximi
2828 4921 3024 4983 opere
3056 4904 3272 4977 sensit,
3295 4903 3644 4966 orationem
3669 4902 3803 4981 ejus
3825 4899 4033 4962 refer-

781 5015 904 5069 tam
934 5006 1324 5087 hyperbatis,
1344 5004 1987 5069 circumductionibus
2005 5006 2470 5083 verborumque
2495 5004 3430 5079 translationibuslaborantem,
3450 5001 3616 5065 haud
3636 5017 3779 5063 raro
3804 4999 4035 5061 obscu-

780 5106 1029 5167 ritatem
1054 5111 1117 5165 et
1142 5103 1571 5166 difﬁcultatem
1602 5120 1826 5183 parere
1856 5102 2234 5180 legentibus,
2266 5102 2377 5165 sed
2414 5102 2467 5163 si
2504 5103 2604 5163 cui
2633 5110 2873 5180 gratum
2889 5102 2967 5165 sit
2982 5104 3280 5183 anagogis
3306 5110 3367 5165 et
3388 5099 4034 5180 contemplationibus

784 5210 1061 5267 mentem
1089 5202 1437 5282 implicare,
1466 5219 1791 5282 nunquam
1812 5219 1955 5263 eum
1986 5219 2136 5265 sane
2172 5208 2570 5281 reperturum
2602 5220 2740 5265 esse
2768 5203 2892 5265 illis
2918 5211 3024 5265 aut
3060 5206 3257 5284 magis
3294 5204 3461 5265 varia
3505 5208 3613 5264 aut
3666 5200 4035 5279 diligentius

786 5306 1125 5377 elaborata,
1155 5306 1468 5385 imprimis
1503 5322 1653 5367 vero
1676 5306 1916 5385 ubique
1938 5306 2187 5368 elucere
2218 5304 2333 5366 viri
2357 5303 2654 5384 pietatem
2674 5312 2736 5367 et
2752 5325 2979 5386 purum
3013 5306 3456 5387 sincerumque
3491 5304 3711 5368 Christi
3774 5302 4033 5363 deside-

788 5405 975 5473 rium,
1014 5405 1076 5466 id
1099 5404 1408 5484 judicium
1433 5405 1511 5467 de
1555 5406 1793 5486 majore
1818 5422 2083 5485 Operum
2116 5404 2369 5468 Maximi
2398 5413 2574 5484 parte
2600 5408 3069 5486 pronuntiatum
3104 5414 3311 5487 potest
3363 5406 3580 5469 videri.
3647 5404 3795 5479 Sed,
3837 5411 3905 5464 ut
3955 5402 4034 5463 ad

790 5523 919 5567 rem
946 5510 1239 5579 revertar,
1260 5505 1389 5584 sub
1417 5504 1623 5584 ipsum
1656 5504 1810 5565 illud
1860 5510 2111 5586 tempus
2151 5523 2186 5566 a
2241 5503 2774 5580 Schoenemanno,
2815 5504 3215 5567 bibliothecm
3264 5504 3837 5585 Guelpherbytanaa
3883 5508 4034 5563 tunc

792 5603 1112 5684 praefecto,
1145 5604 1277 5666 viro
1335 5610 1396 5667 et
1417 5607 1763 5684 gratissima
1784 5613 1845 5667 et
1874 5607 2151 5686 piissima
2174 5607 2477 5669 memoria
2502 5624 2756 5688 semper
2783 5608 3076 5683 colendo,
3095 5609 3325 5671 certior
3365 5624 3504 5669 sum
3530 5605 3730 5668 factus
3759 5604 3839 5666 de
3866 5620 4035 5684 prm-

787 5706 1170 5769 stantissimo
1190 5708 1407 5770 codice
1444 5708 1730 5771 Gudiano
1760 5708 1856 5769 39.
1880 5711 2011 5785 Gr.,
2052 5711 2156 5789 qui
2200 5718 2425 5787 printer
2451 5710 2568 5774 alia
2599 5712 2848 5773 Maximi
2871 5728 3086 5792 Opera,
3123 5710 3317 5772 multo
3362 5708 3757 5772 emendatius
3795 5712 4033 5767 servata
