4200 6440
205 368 342 432 1029
1319 365 1581 424 FRANC.
1622 366 1930 426 OEIILER
1969 367 2379 428 PRBEFATIO.
3306 376 3440 440 1030

203 499 394 562 quam
427 485 635 542 essent
669 495 699 540 a
726 478 1106 540 Combclisio
1139 476 1326 550 edita,
1355 477 1658 540 ineditnni
1681 496 1938 558 quoque
1960 477 2218 541 haberet
2239 479 2392 541 illud
2438 482 2757 558 egregium
2819 497 2983 562 opus
3012 487 3146 562 Περὶ
3171 492 3442 563 διαφόρω

203 593 447 663 ἀποριῶν
477 592 586 644 τῶν
609 591 781 658 ἁγίων
805 589 1082 642 Διονυσίου
1105 589 1199 641 καὶ
1225 588 1526 660 Γρηγορίου
1554 589 1688 658 πρὸς
1716 589 1862 657 Θωμέ

1782 591 1918 657 υμᾶν
1965 590 2053 642 τὸν
2087 591 2440 660 ἡγιασμένον.
2506 583 2758 660 Optanti
2805 583 2938 662 ejus
2999 583 3134 646 libri
3197 588 3441 664 COpialu

204 681 442 743 habere
472 681 827 742 humaniter
859 679 1103 753 annuit,
1129 678 1416 740 codicem
1450 680 1814 741 transmisit.
1849 680 2061 742 Inveni
2096 698 2258 759 opus
2295 705 2322 736 α
2349 682 2621 760 spissum
2645 690 2833 761 atque
2852 685 3142 760 arduum,
3176 708 3204 742 η
3239 694 3307 748 ut
3329 706 3440 766 δρψ

205 781 400 860 pellat
418 778 937 842 Montefalconius
972 777 1160 840 Catal.
1195 779 1349 840 bibl.
1375 779 1584 853 Coisl.,
1620 799 1680 858 ρ.
1713 779 1850 840 311.
1892 781 2019 842 Nec
2078 799 2338 860 parvum
2402 790 2534 845 erat
2587 784 3044 849 transcribendi
3096 788 3250 867 ejus,
3325 807 3441 850 nec

202 883 394 944 taedio
411 900 658 957 vacans,
687 881 798 943 sed
829 880 1211 950 fructuosus,
1235 883 1306 940 ut
1324 877 1744 950 conﬁdebam,
1777 877 1974 939 labor.
2012 879 2199 940 Multa
2229 878 2470 942 inerant
2500 897 2804 962 perquam
2830 885 3133 947 subtiliter
3161 886 3441 966 disputa-

200 993 289 1058 ta,
323 985 513 1046 multa
545 983 797 1062 egregie
825 985 1222 1064 pertractata,
1252 979 1520 1059 plurima
1559 979 1793 1041 utiliter
1849 980 2154 1059 exposita,
2207 996 2338 1042 non
2381 998 2579 1060 pauca
2628 999 2772 1063 qua)
2829 985 3142 1065 abripiant
3199 987 3443 1050 animos

201 1086 684 1166 castissimoque
708 1090 770 1147 et
791 1083 1121 1146 mitissimo
1153 1082 1301 1162 igne
1333 1081 1716 1162 perfundant
1735 1099 1796 1145 et
1825 1099 1952 1163 quo
1979 1082 2053 1145 ad
2078 1083 2355 1146 sanctius
2383 1083 2521 1145 vitae
2565 1101 2767 1163 genus
2819 1087 3271 1152 instituendum
3332 1107 3441 1152 ac-

203 1186 576 1250 cendamur.
617 1187 739 1248 Sed
769 1191 982 1246 tamen
1020 1181 1312 1246 dolebam
1343 1180 1514 1262 quod
1548 1197 1711 1260 opus
1759 1188 1884 1243 tam
1972 1181 2212 1243 varium
2250 1190 2504 1261 tamque
2541 1185 2894 1263 c0piosum,
2966 1191 3088 1248 tam
3152 1189 3442 1264 gravitate

201 1300 396 1363 quam
427 1283 807 1344 sublimitate
833 1280 1435 1345 commentationum
1473 1284 1777 1358 praestans
1805 1280 2021 1341 tandiu
2054 1279 2338 1358 ignotum
2386 1280 2650 1359 jaceret,
2679 1299 2752 1346 ac
2805 1287 3036 1361 statim,
3075 1286 3129 1348 si
3189 1289 3442 1365 quando

201 1384 404 1447 otium
437 1383 626 1456 foret,
651 1381 843 1445 edere
866 1381 1024 1444 illud
1051 1381 1115 1443 in
1138 1381 1419 1444 animum
1446 1379 1692 1442 induxi.
1723 1381 1852 1443 Nec
1894 1380 2188 1444 hesterna
2225 1389 2319 1443 est
2353 1381 2487 1460 ejus
2533 1381 2720 1457 fama,
2773 1385 2827 1446 si
2881 1385 3140 1464 quidem
3171 1389 3443 1449 Joannes

189 1485 326 1564 jam
356 1486 576 1546 Scotus
609 1483 790 1563 jussu
815 1480 1015 1546 Caroli
1058 1481 1223 1543 Calvi
1254 1481 1538 1543 Latinum
1576 1479 1732 1542 illud
1761 1479 1969 1543 facere
2006 1481 2156 1542 olim
2185 1481 2478 1543 instituit.
2511 1483 2697 1561 Cujus
2751 1486 3062 1548 versionis
3090 1503 3125 1548 e
3188 1488 3442 1549 Clunia-

199 1585 379 1648 censi
417 1584 844 1648 bibliothecaa
870 1585 1112 1646 Joanne
1152 1582 1448 1645 Mabillon
1486 1581 1804 1662 quondam
1860 1592 2133 1662 receptae
2180 1589 2241 1644 et
2305 1600 2447 1644 cum
2477 1583 2715 1645 Thoma
2765 1583 2916 1647 Gale
2971 1588 3444 1650 communicata)

199 1686 502 1766 reliquias
536 1687 699 1766 (nam
731 1685 784 1747 si
811 1703 942 1747 non
968 1684 1204 1758 omnia,
1236 1689 1405 1746 certe
1423 1683 1603 1762 plura
1625 1682 2208 1744 vertisseJoannem
2235 1684 2489 1745 Scotum
2523 1702 2712 1763 quam
2766 1703 2908 1767 qua;
2938 1693 3300 1750 manserunt
3327 1704 3445 1767 ap-

200 1795 383 1867 paret
417 1794 547 1849 tum
579 1803 654 1847 ex
679 1784 1042 1865 praefatione
1074 1784 1300 1862 ipsius,
1334 1789 1466 1844 tum
1489 1799 1565 1845 ex
1588 1782 1730 1845 loco
1766 1785 1856 1843 De
1884 1783 2190 1844 divisione
2218 1791 2461 1844 naturw
2484 1788 2717 1864 Operis,
2753 1805 2815 1866 p.
2842 1787 2956 1850 210
2984 1789 3082 1850 ed.
3125 1789 3284 1864 Gal.,
3336 1789 3446 1852 ubi

200 1889 548 1968 capitulum
582 1885 1128 1964 quadragesimum
1159 1883 1432 1963 primum
1479 1882 1557 1943 de
1579 1881 1892 1958 ambiguis
1927 1881 2154 1943 citatin
2205 1881 2554 1944 orationem
2614 1886 2900 1964 Gregorii
2955 1887 3324 1948 Nazianzeni
3367 1889 3446 1949 dc

200 1989 526 2060 l’aschate,
563 1994 626 2046 et
657 1987 836 2065 plura
862 1985 1109 2048 videtur
1135 1985 1319 2048 etiam
1347 1982 1757 2045 Combefisius
1778 1982 2098 2056 habuisse,
2133 1982 2186 2043 si
2223 1983 2361 2062 ejus
2402 1985 2593 2046 verba
2650 1985 2717 2046 in
2767 1986 3067 2048 Biblioth.
3109 1989 3445 2048 conciona-

198 2094 367 2154 toria
399 2097 552 2151 tom.
581 2089 607 2147 1
639 2087 862 2167 posita,
912 2086 1192 2166 indeque
1229 2086 1298 2148 in
1341 2085 1605 2149 Fabricii
1633 2083 1936 2146 Biblioth.
1997 2084 2109 2147 Gr.
2154 2089 2306 2144 tom.
2334 2085 2439 2158 IX,
2483 2104 2548 2165 p.
2600 2085 2737 2159 673,
2779 2087 2881 2149 ed.
2928 2089 3098 2150 Harl.
3162 2089 3442 2168 repetita,

197 2216 344 2259 cum
378 2200 660 2262 Fabricio
692 2205 862 2262 recte
881 2198 1305 2278 interpretor)
1347 2195 1548 2259 edidit
1582 2195 1676 2257 vir
1707 2193 2051 2256 litterarum
2093 2192 2278 2254 laude
2311 2193 2790 2255 ﬂorentissimus
2833 2195 3104 2257 Thomas
3161 2196 3312 2257 Gale
3367 2194 3445 2256 ad

195 2297 437 2358 calcem
493 2298 798 2361 librorum
841 2300 1124 2381 quinque
1159 2299 1420 2362 Joannis
1454 2296 1625 2358 Scoti
1679 2307 1854 2376 Περὶι

1787 2307 1818 2358 ἡ
1848 2306 2066 2373 φύσεως
2095 2301 2389 2373 μερισμοῦ,
2439 2295 2639 2354 Oxon.
2676 2293 2849 2369 1681,
2906 2314 2972 2376 p.
3012 2294 3184 2369 1-45,
3217 2295 3446 2375 quibus

192 2396 455 2458 alteram
487 2401 704 2480 Operis
767 2410 902 2481 Περὶ
925 2408 1202 2479 διαφόρων
1236 2405 1480 2478 ἀποριῶν
1514 2397 1851 2477 particulam

1787 2414 1883 2458 am
1924 2413 2052 2457 una
2111 2413 2253 2457 cum
2299 2395 2513 2456 Latina
2568 2395 3082 2475 interpretatione
3140 2414 3202 2474 p.
3255 2393 3446 2456 46-70

193 2501 543 2580 subjunxit.
573 2503 912 2582 Postquam
940 2502 1130 2580 igitur
1156 2501 1349 2563 totius
1387 2506 1450 2562 et
1477 2501 1707 2578 integri
1743 2506 2030 2577 Διαφόρων
2079 2504 2322 2576 ἀποριῶν
2376 2496 2662 2576 corporis
2705 2512 2824 2574 ego
2853 2495 3083 2558 edendi
3114 2491 3446 2557 consilium

193 2602 366 2680 cepi,
397 2602 729 2682 utriusque
766 2603 903 2676 viri,
949 2600 1292 2664 etJoannis
1333 2601 1503 2662 Scoti
1533 2607 1597 2661 et
1629 2599 1888 2660 Thomas
1932 2597 2103 2668 Gale,
2138 2597 2481 2668 versiones,
2546 2597 2691 2658 licet
2733 2597 2951 2670 altera,
3014 2614 3146 2659 non
3205 2613 3444 2676 Operm,

192 2701 308 2761 sed
347 2700 622 2762 auctoris
650 2700 748 2760 sui
780 2697 1054 2778 peccatis
1095 2704 1387 2772 scateret,
1417 2697 1614 2760 altera
1642 2702 1812 2760 certe
1831 2696 2163 2758 erroribus
2203 2711 2334 2756 non
2363 2702 2625 2756 careret.
2657 2703 2787 2757 tam
2832 2697 3226 2776 antiquitatis
3257 2714 3445 2777 quam

193 2804 320 2882 piae
345 2818 719 2880 magnorum
752 2801 1078 2863 nominum
1102 2800 1424 2862 memoriaa
1453 2817 1605 2878 ergo
1639 2799 1998 2861 immutatae
2054 2797 2326 2859 retinere
2392 2815 2520 2859 non
2560 2797 2860 2871 dubitavi,
2905 2817 3048 2860 cum
3099 2799 3445 2878 prmsertim

191 2905 476 2965 Joannes
531 2904 757 2965 Scotus
809 2900 1037 2978 corrigi
1076 2916 1204 2961 non
1237 2906 1478 2980 posset,
1510 2901 1664 2979 quin
1692 2898 1790 2959 sui
1811 2898 2000 2976 plane
2063 2897 2384 2958 dissimilis
2414 2898 2612 2959 ﬁeret.
2640 2901 2911 2962 Thomas
2939 2901 3087 2963 Gale
3130 2903 3194 2962 in
3226 2903 3451 2964 Prmfa-

191 3007 374 3069 tione
411 3005 712 3067 librorum
743 3005 793 3064 V
817 3003 1076 3066 Joannis
1103 3003 1273 3066 Scoti
1299 3005 1389 3064 De
1420 3003 1727 3064 divisione
1765 3011 2028 3074 natura,
2076 3027 2102 3055 «
2130 3004 2394 3062 Sanctus
2414 2999 2741 3076 Maximus,
2776 3002 3004 3082 inquit,
3044 3005 3293 3084 scripsit
3336 3022 3448 3068 ex-

192 3109 578 3189 positionem
606 3105 1044 3184 ambiguorum
1073 3103 1314 3184 aliquot
1352 3104 1636 3166 locorum
1674 3119 1817 3181 qum
1840 3104 1905 3163 in
1935 3104 1996 3162 S.
2021 3101 2299 3180 Dionysii
2321 3107 2381 3162 et
2417 3102 2702 3178 Gregorii
2734 3103 3101 3164 Nazianzeni
3139 3103 3314 3167 libris
3348 3121 3452 3168 oc-

189 3215 480 3276 currunt.
543 3209 694 3270 Haec
721 3206 1024 3284 Ambigua
1051 3207 1328 3267 Joannes
1354 3205 1621 3282 Erigena
1645 3203 1828 3266 vertit
1853 3202 2088 3264 Latine.
2121 3201 2350 3263 Nescio
2380 3218 2460 3261 an
2492 3207 2693 3263 totum
2745 3203 2995 3264 Maximi
3047 3221 3234 3284 opus,
3281 3223 3448 3285 quo-

191 3315 366 3379 niam
407 3314 623 3375 Grzeca
647 3312 710 3372 S.
747 3309 996 3371 Maximi
1029 3307 1272 3386 integra
1308 3305 1592 3368 nondum
1622 3311 1844 3367 nactus
1884 3323 2044 3368 sum.
2077 3307 2225 3379 Quae
2257 3304 2361 3366 hic
2409 3305 2475 3364 in
2505 3303 2631 3365 line
2687 3303 2866 3380 legis,
2899 3313 3157 3384 accepta
3201 3324 3451 3371 mecum

191 3417 364 3481 refer
386 3413 610 3496 partim
646 3409 958 3472 beneﬁcio
986 3409 1056 3470 V.
1091 3408 1184 3468 Cl.
1217 3404 1486 3468 Emerici
1513 3405 1766 3482 Bigotii,
1802 3404 1910 3483 qui
1941 3423 2018 3465 ex
2048 3403 2433 3466 bibliotheca
2450 3405 2614 3482 regis
2650 3404 2986 3466 Galliarum
3009 3406 3076 3466 in
3094 3422 3271 3471 meos
3299 3426 3453 3472 usus

189 3513 510 3593 descripta
541 3507 938 3583 examinavit,
976 3505 1201 3588 partim
1244 3504 1449 3568 codici
1476 3520 1644 3577 meo,
1683 3505 1808 3583 qui“
1845 3503 2290 3582 coinplurimas
2354 3501 2634 3582 ejusdem
2688 3504 2937 3565 Maximi
2986 3506 3452 3570 lucubrationes

190 3613 504 3677 continet.
540 3611 842 3671 Caeterum
873 3613 945 3669 ut
965 3605 1216 3668 redeam
1253 3604 1332 3666 ad
1365 3606 1646 3677 Scotum,
1684 3605 1822 3682 ejus
1870 3603 2292 3673 tralationem,
2331 3618 2519 3681 quam
2553 3601 2657 3664 hic
2705 3602 2850 3677 edo,
2891 3621 3140 3667 mecum
3173 3622 3453 3667 commu-

189 3713 429 3776 nicavit
479 3707 868 3773 humanitate
907 3711 968 3768 et
995 3705 1347 3769 eruditione
1377 3704 1644 3768 celebris
1675 3706 1769 3766 vir
1794 3706 1850 3766 J.
1882 3703 2198 3777 Mabillon,
2233 3702 2312 3764 de
2349 3719 2478 3782 quo
2523 3720 2713 3783 supra
2763 3708 3273 3769 commemoravi.
3304 3711 3451 3771 llaec

187 3810 402 3875 versio
431 3812 668 3890 absque
689 3809 768 3870 iis
802 3824 944 3888 quas
968 3806 1033 3868 in
1061 3806 1232 3868 libris
1279 3809 1366 3867 De
1395 3807 1701 3868 divisione
1731 3815 1976 3867 natura:
2016 3804 2199 3866 facile
2259 3803 2691 3880 observantur,
2734 3806 2882 3869 satis
2913 3808 3185 3871 ostendit
3232 3811 3449 3889 Erige-

187 3935 345 3980 nam
400 3915 593 3978 fuisse
613 3913 681 3974 in
735 3911 970 3973 Graecis
1007 3910 1198 3990 plane
1225 3908 1784 3990 alphabetarium.»

271 4035 486 4098 Codex
529 4031 871 4103 Gudianus,
915 4046 1044 4110 quo
1078 4047 1232 4092 usus
1278 4048 1442 4106 sum,
1477 4031 1832 4110 descriptus
1881 4038 1975 4092 est
2027 4030 2106 4092 ab
2162 4030 2395 4091 Eberto
2435 4028 2501 4091 in
2563 4029 2857 4110 Catalogo
2899 4033 3201 4098 librorum
3262 4056 3450 4102 manu

186 4135 573 4216 scriptorum
596 4131 999 4196 bibliotheca:
1033 4131 1276 4195 ducalis
1335 4133 1921 4214 Guelpherbitana);
1956 4137 2048 4192 est
2104 4132 2625 4194 membranaceus
2661 4149 2807 4195 saec.
2840 4152 2957 4195 xm
2995 4138 3326 4201 continens
3359 4141 3452 4203 fo-

187 4241 275 4302 lia
307 4240 376 4301 in
408 4244 654 4318 quarto,
683 4238 854 4318 quod
871 4238 1087 4301 dicunt
1111 4284 1126 4311 ,
1165 4243 1421 4299 centum
1488 4233 1810 4312 sexaginta
1865 4239 2162 4310 quatuor,
2229 4238 2450 4310 estque
2478 4236 2602 4292 tam
2634 4231 3224 4317 elegantertamque
3259 4257 3447 4304 accu-

189 4345 330 4402 rate
361 4337 758 4417 conscriptus
785 4345 857 4400 ut
892 4354 1022 4401 non
1065 4337 1270 4400 solum
1309 4335 1412 4399 alii
1444 4336 1592 4398 inde
1646 4335 1788 4396 libri
1832 4335 2077 4414 possint
2121 4335 2375 4412 egregie
2417 4333 2740 4396 emendari
2785 4341 2974 4415 atque
3003 4338 3304 4418 suppleri,
3338 4345 3447 4405 sed

189 4440 336 4520 ipse
361 4439 439 4501 ad
478 4439 598 4501 hoc
623 4447 1189 4518 ΔιαφόρωνἊποριῶν
1219 4453 1382 4518 Opus
1409 4436 1947 4514 interpretandum
1991 4435 2250 4496 alterius
2277 4433 2421 4495 libri
2478 4434 2781 4496 auxilium
2823 4451 2953 4497 non
2999 4439 3446 4506 desiderarem.

190 4539 371 4601 Alios
432 4540 684 4602 codices
740 4555 925 4600 manu
985 4543 1273 4600 exaratos
1333 4539 1787 4598 commemorat
1838 4533 2183 4608 Fabricius,
2225 4535 2676 4598 Taurinensem
2709 4553 2842 4614 reg.
2893 4539 3104 4613 XXIV,
3141 4541 3448 4605 Venetum

191 4641 260 4702 S.
305 4640 496 4702 Marci
535 4639 841 4701 CXXXVI.
890 4637 1150 4719 (Morell.
1185 4636 1344 4699 Bibl.
1376 4638 1523 4698 Msc.
1554 4635 1659 4696 Gr.
1691 4641 1752 4696 et
1779 4636 1910 4694 Lat.
1937 4635 1985 4706 Ι,
2022 4651 2085 4712 ρ.
2117 4632 2191 4692 82
2222 4633 2266 4713 ),
2294 4651 2372 4696 ex
2412 4650 2540 4713 quo
2583 4635 2786 4714 capita
2815 4637 3105 4715 qumdam
3143 4641 3306 4704 edita
3349 4645 3456 4706 ha-

192 4742 312 4804 bes
357 4740 421 4801 in
446 4740 747 4803 Gallandii
777 4740 1077 4802 Biblioth.
1109 4741 1371 4801 Patrum
1411 4734 1800 4815 Appendice,
1849 4752 1911 4812 p.
1949 4730 2057 4794 153
2099 4749 2242 4812 sqq.
2280 4732 2446 4813 (quae
2468 4733 2876 4796 inveniuntur
2914 4736 2980 4799 in
3011 4739 3153 4801 cod.
3187 4741 3453 4807 Gudiani

189 4840 240 4902 f.
291 4839 408 4901 229
440 4839 632 4922 sqq.),
664 4841 946 4903 codicem
989 4838 1142 4900 bibl.
1189 4837 1450 4900 Nanian.
1496 4834 1695 4897 LXIV.
1717 4832 1976 4894 Codices
2007 4831 2162 4894 alios
2191 4832 2365 4892 novit
2395 4833 2582 4893 etiam
2631 4834 3060 4911 Combeﬁsius,
3087 4858 3275 4920 quem
3304 4861 3456 4924 ope-

191 4958 342 5004 rum
385 4943 448 5002 S.
479 4941 729 5003 Maximi
783 4958 818 5002 a
850 4956 918 5001 se
953 4939 1262 4999 editorum
1316 4951 1548 5014 corpus
1568 4933 1753 4994 tertio
1789 4930 2108 4992 volumine
2149 4929 2474 5009 complere
2494 4928 2765 4993 voluisse
2813 4941 3081 5010 constat,
3106 4938 3158 4998 si
3197 4941 3452 5019 quidem

191 5045 266 5108 in
295 5043 598 5106 Biblioth.
629 5041 1120 5112 concionatoria,
1156 5047 1308 5101 tom.
1345 5040 1368 5100 ι
1398 5037 1502 5113 (cf.
1525 5035 1794 5098 Fabricii
1823 5033 1991 5096 Bibl.
2023 5034 2133 5095 Gr.
2169 5039 2323 5094 tom.
2357 5033 2462 5106 IX,
2511 5051 2574 5112 p.
2606 5031 2721 5094 673
2753 5035 2854 5097 ed.
2891 5038 3063 5099 Harl.
3097 5041 3143 5119 ),
3171 5065 3199 5097 ‹‹
3232 5044 3295 5104 S.
3322 5047 3453 5106 Ma-

191 5145 432 5217 ximus,
465 5142 690 5221 inquit,
757 5141 932 5202 locos
973 5137 1256 5200 difﬁciles
1291 5137 1569 5218 plurium
1623 5137 1908 5215 Gregorii
1959 5137 2314 5198 orationum
2375 5154 2446 5200 ac
2480 5139 2898 5217 quorumdam
2967 5143 3311 5206 carminum
3379 5165 3456 5208 ex

194 5243 381 5321 regio
410 5241 631 5304 codice
661 5241 682 5320 (
712 5239 1137 5298 DCCCXXXVI
1179 5237 1338 5298 Bibl.
1379 5239 1538 5314 Reg.
1605 5235 1794 5299 Catal.
1826 5255 1893 5316 p.
1927 5254 1994 5298 ιι.
2027 5256 2092 5318 p.
2131 5237 2240 5298 172
2271 5237 2317 5314 ),
2364 5235 2594 5298 collato
2649 5254 2792 5300 cum
2822 5239 3020 5304 altero
3052 5261 3178 5306 rev.
3217 5247 3456 5309 abbatis

195 5340 508 5409 Gerasimi
533 5337 804 5412 Blaccbi,
836 5337 1113 5398 Venetiis
1155 5334 1604 5397 humanissime
1651 5334 1985 5410 submisso,
2046 5335 2309 5415 ipsaque
2335 5331 2594 5396 Joannis
2620 5333 2907 5414 Erigenae
2970 5357 3044 5401 ex
3066 5342 3458 5411 Cluniacensi

195 5443 582 5510 bibliotheca
614 5441 924 5503 versione.
955 5437 1385 5518 Colophoncm
1410 5437 1579 5499 dabit
1605 5435 1716 5500 viri
1743 5436 1822 5500 cl.
1848 5438 2186 5518 Baphaelis
2207 5439 2291 5500 du
2307 5440 2538 5502 Fresne
2565 5448 2659 5503 τοῦ
2684 5451 2986 5522 μακαρίτου
3016 5443 3457 5523 pulcherrimis

196 5543 590 5609 membranis
625 5540 1049 5623 pulcherrime
1078 5547 1139 5602 et
1174 5557 1364 5601 manu
1411 5541 1656 5603 erudita
1695 5547 1985 5603 exaratus
2030 5542 2254 5617 codex,
2287 5546 2336 5608 si
2395 5547 2654 5624 quando
2691 5544 2954 5608 facultas
3003 5547 3082 5610 sit
3145 5557 3207 5611 et
3257 5555 3456 5618 ouum

197 5665 350 5712 cum
382 5645 492 5708 illo
539 5642 930 5708 conferendi.
969 5666 997 5698 ››
1037 5641 1293 5703 Thomze
1323 5641 1473 5703 Gale
1523 5642 1736 5717 libros,
1783 5649 1909 5705 tam
1949 5645 2059 5724 qui
2090 5646 2294 5725 ipsum
2328 5649 2577 5711 Maximi
2617 5666 2779 5728 Opus
2832 5666 3022 5728 quam
3070 5651 3180 5731 qui
3219 5655 3455 5718 versio-

196 5766 352 5814 nem
379 5746 636 5812 Joannis
655 5744 820 5808 Scoti
868 5743 1214 5817 continent,
1277 5742 1565 5822 suspicor
1622 5747 1932 5808 rccenseri
1995 5747 2054 5809 in
2103 5748 2398 5828 Catalogo
2439 5750 2634 5813 Codd.
2664 5751 2828 5812 MSS.
2861 5750 3102 5831 Anglice
3129 5757 3191 5816 et
3232 5754 3459 5818 Hiber-
