4200 6440
222 403 360 469 1033

1450 418 1965 478 AMBIGUURUM
2010 422 2255 481 LIBER.

3318 420 3449 484 1034

220 512 432 581 καρίων
475 510 705 581 ἀνδρῶν,
753 510 850 580 τῆς
881 513 1049 576 ὅντως
1082 514 1315 584 ἐκλογῆς
1364 516 1474 569 τῶν
1522 519 1786 572 ἀνέκαθεν
1815 528 1861 581 Α

1815 528 1861 581 Α
1890 523 2007 584 Dei,
2044 526 2288 593 inquam,
2323 525 2571 579 imitatus
2608 539 2668 578 es
2698 539 2809 578 non
2863 527 3164 594 incongrue
3198 525 3448 580 sublimi‘

219 603 367 656 κατά
396 602 655 671 πρόθεσιν
681 603 791 655 τῶν
827 603 1037 658 αἰώνων
1067 605 1180 674 τῷ⁸
1224 606 1344 676 Θεῷ
1375 609 1782 677 προσθεμένων,

216 693 327 746 τῶν
370 695 550 748 πᾶσαν
593 695 668 758 ῶς
713 695 968 764 ἀληθῶς⁹
1015 697 1114 767 τὴν
1168 699 1400 768 ὲφικτὴν
1448 701 1560 761 τοῖς
1610 700 1785 766 ἁγίοις

217 785 379 852 χύσιν
425 783 526 853 τῆς
579 785 771 853 σοφίας
816 786 1235 857 εἰσδεξαμένων,
1277 790 1373 842 καὶ
1414 791 1481 858 τῇ
1529 790 1786 843 ἀποθέσει

219 875 322 943 τῆς
370 876 509 928 κατά
555 876 720 944 φύσιν
769 878 913 948 ζωῆς
951 878 1131 949 ψυχῆς
1160 881 1347 933 οὐσίαν
1377 882 1784 950 πεποιημένων,

222 967 316 1018 καὶ
341 966 430 1018 διὰ
457 967 614 1020 τοῦτο
654 967 833 1032 ζῶντα
881 970 1189 1040 μονώτατον
1230 972 1324 1024 τὸν
1356 973 1589 1042 Χριστὸν
1620 975 1788 1043 ἐσχη-

217 1057 417 1122 κότων,
449 1059 541 1111 καὶ
569 1060 631 1112 τὸ
674 1061 738 1130 δὴ
787 1061 970 1130 μεῖζον
1003 1064 1213 1128 είπείν,
1257 1063 1438 1133 ψυχὴν
1467 1065 1651 1126 αὐτοῖς
1687 1067 1788 1132 τῆς

216 1147 400 1217 ψυχῆς
432 1151 796 1219 γεγενημένον
827 1154 920 1205 καὶ
960 1153 1049 1205 διὰ
1074 1155 1292 1208 πάντων
1321 1155 1498 1224 ἔργων
1531 1173 1589 1207 τε
1619 1159 1712 1208 καὶ
1741 1155 1786 1186 ³⁸

218 1239 396 1304 λόγων
440 1241 534 1291 καὶ
583 1242 872 1310 νοημάτων
908 1245 1071 1295 πᾶσιν
1117 1245 1554 1314 ἐμφανιζόμενον
1586 1245 1662 1307 ὡς
1699 1245 1788 1296 ὲν-

218 1332 410 1382 τεῦθεν
441 1333 664 1384 ἐκείνων
710 1333 810 1401 μὲν
843 1336 942 1386 οὐκ
971 1332 1114 1387 εἶναι
1147 1336 1440 1389 πεπεῖσθαι
1487 1335 1554 1388 τὰ
1595 1353 1787 1403 προτε-

219 1419 472 1483 θέντα¹¹,
520 1422 757 1491 Χριστοῦ
793 1423 872 1488 δὲ,
921 1426 1122 1478 κατά¹²
1165 1428 1326 1496 χάριν
1374 1428 1557 1489 αὐτοῖς
1598 1429 1788 1480 ἑαυτὸν

219 1507 648 1572 ὑπαλλάξαντος.
708 1511 869 1564 Ἀλλὰ
916 1513 1034 1574 πῶς
1092 1515 1230 1567 εἴπω
1293 1513 1497 1586 Κύριον
1558 1515 1787 1584 Ἰησοῦν,

220 1601 394 1669 μήπω
445 1601 663 1666 πνεῦμα
708 1601 890 1654 λαϐὼν
933 1604 1246 1674 ἀγιὸτητος;
1280 1605 1406 1668 Πῶς
1441 1605 1661 1674 λαλήσω
1692 1607 1790 1668 τὰς

216 1690 542 1752 δυναστείας
566 1691 659 1744 τοῦ
683 1693 914 1760 Κυρίου,
945 1695 972 1746 6
1000 1693 1370 1762 μογίλαλος¹³,
1425 1695 1519 1747 καὶ
1551 1694 1642 1747 τὸν
1666 1693 1789 1746 νοῦν

213 1783 284 1850 τῇ
350 1783 535 1849 σχέσει
607 1783 966 1854 προσηλώσας
1022 1784 1132 1836 τῶν
1190 1784 1592 1855 φθειρομένωνς
1663 1785 1785 1848 Πῶς

216 1871 489 1934 ἀκουστάς
521 1875 732 1942 ποιήσω
770 1875 871 1927 κᾶν
901 1892 1054 1937 τινας
1087 1875 1325 1938 αίνέσεις
1370 1875 1536 1928 αὑτοῦ
1565 1915 1578 1937 ,
1615 1878 1642 1928 ὁ
1674 1893 1783 1928 κωο

213 1962 314 2030 φὺς
345 1999 360 2024 ,
389 1962 484 2014 καὶ
511 1963 570 2015 τὸ
592 1965 691 2032 τῆς
715 1964 894 2035 ψυχῆς
921 1965 1249 2018 ἀκουστικὸν
1287 1965 1374 2018 διὰ
1419 1965 1517 2035 τὴν
1557 1967 1694 2037 πρὸς
1718 1967 1786 2018 τὰ

215 2054 369 2122 πάθη
399 2053 580 2122 φιλίαν
631 2053 771 2124 ἔχων
801 2056 1082 2118 παντελῶς
1135 2056 1596 2126 ἀπεστραμμένον
1618 2055 1660 2086 ’⁸
1691 2057 1783 2110 τοῦ

214 2145 377 2212 λόγου
407 2149 507 2218 τὴν
539 2145 814 2217 μακαρίαν
842 2146 1059 2217 φωνήν;
1111 2146 1235 2206 Πῶς
1280 2146 1531 2217 ἐμφανὴς
1571 2147 1600 2198 6
1629 2146 1787 2212 λόγος

213 2238 508 2309 γενήσεταί
539 2255 665 2308 μοι,
699 2237 775 2306 τῷ
805 2238 1094 2308 ἡττημένῳ
1133 2236 1210 2306 τῷ
1241 2240 1429 2307 κόσμῳ
1457 2276 1473 2302 ,
1501 2239 1656 2308 νικᾷν
1698 2239 1786 2290 τὸν

215 2327 444 2397 κόσμον,
473 2327 585 2380 ἀλλ’
614 2326 716 2379 οὐκ
747 2325 1148 2398 ἐμφανίζεσθαι
1184 2324 1262 2396 τῷ
1285 2327 1476 2396 κόσμῳ
1504 2325 1785 2395 πεφυκὼς,

214 2419 377 2490 εἴπερ
411 2418 618 2488 φιλὺλῳ
656 2419 893 2472 διαθέσει
918 2420 1058 2473 κατὰ
1099 2418 1262 2488 φύσιν
1306 2420 1453 2472 ἐστὶν
1485 2419 1786 2485 ἀνεπίγνω-

221 2527 384 2577 στος;
418 2509 541 2573 Πῶς
579 2511 641 2563 οὐ
679 2510 970 2580 τολμηρὸν,
1024 2513 1137 2574 τοῖς
1181 2509 1358 2578 ἁγίοις
1396 2509 1489 2561 τὸν
1533 2510 1788 2580 ἐναγῆ¹⁵,

218 2602 318 2655 καὶ
357 2603 469 2665 τοῖς
515 2601 776 2673 καθαροῖς
817 2603 1088 2672 ἐγχειρεῖν
1119 2601 1210 2654 τὸν
1256 2600 1600 2670 ἁκὰθαρτονς
1635 2601 1724 2654 Διὸ
1749 2602 1790 2633 ¹⁶

214 2694 628 2764 παρῃτησάμην
680 2695 747 2746 ἂν
806 2694 907 2764 τὴν
956 2694 1049 2746 ἐπὶ
1107 2695 1220 2756 τοῖς
1282 2693 1788 2764 κεκελευσμένοις¹⁷

215 2783 556 2853 ἐγχείρησιν,
604 2782 698 2836 τὸν
752 2784 945 2854 (105
973 2785 1042 2853 a)
1103 2786 1204 2855 τῆς
1251 2785 1579 2856 προπετείας
1623 2784 1791 2856 ψόγον

217 2873 588 2944 φοϐούμενος,
618 2876 667 2927 εί
719 2875 794 2944 μὴ
835 2875 1000 2928 πλέον
1043 2875 1329 2929 ἐδεδοίκειν
1361 2876 1462 2944 τῆς
1506 2876 1788 2938 ἀπειθείας

216 2972 312 3025 τὸν
342 2971 604 3025 κίνδυνον.
638 2973 794 3024 Δυοῖν
828 2967 922 3025 οὖν
950 2970 1156 3024 τούτων
1174 2973 1218 3004 ¹⁸
1248 2971 1412 3041 μέσος
1437 2970 1665 3041 ληφθεὶς
1690 2969 1792 3038 τῆς

217 3064 552 3134 προπετείας
604 3062 863 3134 αἱροῦμαι
925 3062 1126 3132 μᾶλλον
1189 3063 1282 3115 τὸν
1334 3061 1500 3132 ψόγον
1559 3062 1640 3124 ὡς
1700 3061 1792 3113 ἁν-

219 3155 507 3224 εκτότερον
528 3155 590 3217 ¹⁹,
613 3155 830 3224 φεύγων
857 3154 933 3218 ὡς
967 3153 1353 3222 ἀσύγγνωστον
1381 3156 1479 3221 τῆς
1507 3151 1789 3214 ἀπειθείας

221 3245 316 3297 τὸν
344 3244 608 3302 κίνδυνον.
651 3247 760 3298 Καὶ
806 3248 874 3315 τῇ
920 3246 1169 3316 μεσιτείᾳ
1199 3245 1306 3298 τῶν
1335 3245 1504 3311 ἁγίων
1538 3245 1633 3296 καὶ
1663 3241 1788 3312 βοη-

219 3336 346 3407 θείᾳ
395 3336 501 3389 τῶν
549 3337 834 3406 ὑμετέρων
867 3336 1066 3405 εὐχῶν,
1117 3333 1355 3403 Χριστοῦ
1400 3333 1492 3386 τοῦ
1549 3334 1787 3403 μεγάλου

217 3430 357 3482 Θεοῦ
389 3431 481 3483 καὶ
505 3430 758 3500 Σωτῆρος
785 3428 943 3500 ἡμῶν
975 3427 1398 3499 χορηγοῦντος’⁰
1433 3426 1493 3480 τὸ
1521 3429 1659 3479 νοεῖν
1697 3425 1780 3477 si»

223 3521 400 3584 σε6ῶς
437 3522 532 3575 καὶ
573 3522 751 3589 λέγειν
772 3520 1030 3588 δεόντως,
1059 3520 1186 3590 περὶ
1229 3518 1462 3572 ἑκάστου
1493 3517 1786 3586 κεφαλαίου

221 3611 324 3683 τὴν
353 3613 646 3684 ἀπόκρισιν
674 3613 749 3676 ὡς
779 3608 891 3666 οἷόν
927 3630 985 3665 τε
1016 3613 1316 3681 ποιήσομαι
1347 3606 1791 3679 σύντομον(πρδς

221 3701 334 3773 γάρ
373 3701 691 3755 διδάσκαλον
721 3705 748 3756 6
776 3701 934 3771 λόγος
972 3705 1188 3773 μικροῖς
1228 3698 1542 3772 πορίζεσθαι
1584 3697 1793 3768 μεγάλα

220 3792 584 3864 δυνάμενον),
646 3794 946 3864 ἀρχόμενος
1006 3793 1114 3847 ἀπὸ
1161 3790 1465 3864 Γρηγορίου
1517 3788 1610 3841 τοῦ
1675 3787 1794 3840 θεό-

221 3900 458 3952 φρονος,
523 3884 599 3949 ὼς
658 3885 859 3956 μᾶλλον
911 3887 1044 3954 ἡμῖν
1097 3883 1249 3946 δντος
1303 3880 1380 3952 τῷ
1419 3881 1594 3952 χρόνῳ
1625 3894 1792 3948 προσ-

222 3973 537 4042 εχεστέρου.

1891 623 2054 666 tatem
2087 625 2144 666 et
2169 615 2624 678 hmniliationem,
2649 616 2780 669 dum
2805 630 2915 668 non
2953 614 3268 684 dedignaris
3286 615 3452 668 etiam

1887 705 1953 757 ad
1997 720 2084 758 me
2123 705 2480 759 descendere.
2539 707 2749 772 Quaeris
2793 705 2984 773 utique
3010 705 3078 758 de
3106 719 3192 758 me
3241 720 3307 758 ea
3332 721 3455 772 qua:

1888 793 2228 860 penitissime
2261 795 2584 861 cognovisti,
2615 794 2852 862 capitula
2883 793 3029 855 dico,
3066 809 3188 862 quae
3234 810 3301 847 ex
3331 794 3456 846 Dio-

1888 885 2044 953 nysio
2072 893 2127 937 et
2155 884 2422 953 Gregorio
2453 887 2738 952 proponis.
2777 885 2887 938 Hos
2915 899 3017 953 ego
3049 884 3273 952 quidem
3305 884 3456 938 viros

1887 988 2212 1027 enumerare
2242 975 2394 1028 soleo
2445 974 2589 1027 inter
2620 976 2995 1029 sanctissimos
3034 973 3452 1028 celeberrimos-

1888 1078 2016 1130 quc,
2050 1071 2105 1115 et
2131 1064 2291 1131 longe
2341 1063 2690 1116 beatissimos
2735 1064 2994 1131 praedico.
3029 1065 3141 1118 Hos
3167 1063 3328 1132 plane
3361 1063 3455 1132 ju-

1889 1151 2016 1205 dico
2059 1154 2202 1205 inter
2255 1155 2379 1208 illos
2426 1170 2664 1222 superne
2695 1156 2922 1217 electos,
2975 1171 3114 1223 quos
3149 1157 3294 1210 Deus
3348 1154 3453 1208 sibi

1888 1245 2084 1295 asetvit
2125 1245 2428 1298 secundum
2458 1245 2608 1298 illam
2640 1246 2967 1298 sazculorum
3013 1246 3451 1313 pmlinitionem.

1893 1329 2004 1383 llos
2037 1346 2139 1400 ego
2168 1333 2334 1387 credo
2380 1349 2600 1387 omnem
2642 1336 2957 1403 complexos
3006 1350 3124 1388 esse
3170 1335 3456 1402 sapientia:

1889 1421 2305 1486 abundantiam,
2331 1440 2451 1491 qua:
2481 1425 2702 1492 quidem
2731 1426 2788 1478 in
2818 1425 3071 1480 homines
3095 1425 3291 1479 cadere
3326 1441 3454 1494 pos-~

1891 1511 1980 1564 sit.
2026 1511 2135 1565 Hos
2178 1513 2434 1567 existimo
2491 1515 2599 1568 vita
2659 1515 2782 1578 ista,
2837 1531 2958 1583 qua:
3017 1524 3103 1569 est
3149 1515 3454 1569 secundum

1889 1609 2166 1663 naturam,
2204 1602 2271 1654 ad
2329 1603 2503 1671 ipsam
2541 1605 2737 1656 animae
2788 1604 3081 1658 essentiam
3141 1603 3455 1672 pertigisse,

1891 1692 2139 1759 adeoque
2189 1692 2469 1748 Christum
2520 1696 2697 1763 ipsum
2733 1695 3004 1748 viventem
3058 1695 3456 1764 propemodum

1893 1794 2083 1835 nactos
2110 1784 2301 1848 fuisse,
2334 1787 2443 1848 vel,
2491 1796 2550 1839 ut
2585 1787 2761 1855 majus
2799 1787 2981 1841 adhuc
3042 1787 3241 1850 dicam,
3293 1786 3457 1840 Chri-

1894 1881 2038 1925 stum
2075 1875 2318 1942 ipsorum
2357 1877 2552 1930 anima:
2593 1878 2828 1930 animam
2856 1876 3154 1938 exstitisse,
3204 1875 3457 1942 iactaque

1887 1973 1944 2016 et
1990 1964 2136 2019 dicta
2181 1974 2238 2019 et
2283 1968 2519 2036 cogitata
2571 1983 2767 2020 eorum
2808 1967 2992 2020 omnia
3049 1976 3308 2034 tanquam
3360 1981 3457 2019 sua

1888 2059 2066 2127 palam
2098 2057 2436 2122 exhibuisse,
2466 2068 2525 2111 ut
2551 2060 2660 2128 jam
2701 2075 2809 2112 non
2836 2059 3074 2127 amplius
3100 2058 3332 2112 credere
3362 2073 3460 2127 par

1887 2150 1958 2202 sit
1980 2149 2048 2202 ab
2077 2150 2188 2204 illis
2223 2159 2346 2204 orta
2383 2166 2504 2203 esse
2540 2166 2663 2218 quae
2703 2160 3108 2218 proponuntur,
3137 2149 3229 2203 sed
3275 2151 3460 2218 potius

1888 2239 1957 2293 ab
1991 2241 2110 2310 ipso
2146 2241 2391 2302 Christo,
2419 2242 2512 2309 qui
2544 2257 2644 2310 per
2672 2240 3196 2296 condescensionem
3228 2240 3284 2294 in
3325 2239 3458 2310 ipsis

1887 2329 2154 2400 loquitur.
2188 2331 2303 2400 Ego
2329 2331 2548 2384 interim
2579 2330 2705 2399 quis
2723 2346 2866 2393 sum,
2905 2331 2999 2400 qui
3024 2346 3122 2384 ore
3149 2345 3272 2383 meo
3296 2345 3461 2383 usur-

1888 2437 2010 2490 pem
2032 2421 2327 2476 Dominum
2355 2421 2565 2483 Jesum,
2599 2436 2722 2475 cum
2765 2421 3000 2474 necdum
3033 2421 3288 2489 Spiritum
3333 2435 3461 2474 san-

1890 2512 2242 2567 ctiﬁcationis
2302 2511 2660 2581 acceperim?
2742 2509 3028 2577 Quomodo
3090 2526 3193 2581 ego
3227 2511 3460 2580 eloquar

1889 2601 2107 2655 Domini
2155 2602 2387 2655 virtutes
2443 2601 2539 2670 qui
2591 2601 2790 2671 linguae
2837 2617 2957 2656 sum
3010 2601 3306 2670 impeditae,
3365 2603 3458 2672 qui

1891 2695 2130 2742 mentem
2189 2687 2356 2742 rebus
2401 2689 2863 2758 corruptibilibus
2919 2691 3238 2745 immersam
3291 2691 3463 2761 gero?

1890 2774 2176 2840 Quomodo
2229 2791 2352 2845 ego,
2394 2779 2488 2846 qui
2541 2785 2730 2834 mutus
2758 2793 2902 2842 sum,
2960 2777 3153 2834 laudes
3210 2781 3332 2850 ejus
3374 2779 3461 2834 vel

1891 2866 2148 2920 minimas
2166 2868 2513 2936 personabo?
2531 2869 2625 2937 qui
2655 2885 2818 2923 aures
2833 2869 3030 2924 anima:
3051 2886 3277 2940 prorsus
3298 2869 3461 2924 obtu-

1893 2964 2040 3009 ratas
2093 2956 2289 3022 habeo,
2343 2973 2407 3011 ex
2439 2958 2611 3013 nimio
2657 2975 2786 3030 erga
2825 2959 3059 3014 ail‘ectus
3105 2975 3314 3026 amore,
3367 2963 3458 3030 qui

1894 3045 2012 3100 ﬁeri
2049 3048 2221 3117 possit
2255 3056 2316 3101 ut
2370 3048 2585 3103 beatam
2620 3050 2768 3104 illam
2813 3066 3008 3104 vocem
3058 3051 3464 3120 depraedieem?

1893 3155 1994 3198 ego
2026 3147 2082 3191 ut
2114 3140 2379 3193 mundum
2419 3141 2658 3206 vincam,
2695 3143 2790 3211 qui
2838 3143 3050 3211 jamdiu
3083 3153 3261 3200 victus
3284 3161 3402 3200 sum
3430 3163 3462 3199 a

1896 3228 2139 3282 mundo9
2171 3229 2281 3282 imo
2326 3232 2511 3299 potius
2543 3232 2750 3286 mundo
2788 3233 3038 3288 inveniar
3065 3236 3226 3304 plane
3272 3237 3463 3290 conci-

1895 3319 2105 3384 liatus;
2147 3320 2201 3372 in
2239 3335 2324 3374 me
2353 3322 2499 3374 enim
2539 3321 2676 3376 nihil
2724 3325 2872 3377 aliud
2903 3325 3244 3393 deprehendi
3282 3334 3465 3393 potest

1897 3425 2060 3478 quam
2103 3411 2250 3480 jugis
2302 3412 2369 3465 ad
2407 3413 2694 3466 materiam
2727 3424 2782 3468 et
2813 3424 3067 3468 naturam
3096 3417 3112 3434 '
3143 3417 3461 3484 propensio.

1896 3502 2011 3556 Erit
2045 3503 2281 3571 denique
2312 3519 2537 3556 summae
2560 3503 2822 3568 audacia),
2857 3505 2904 3557 si
2929 3505 3080 3558 viros
3112 3515 3330 3558 sanctos
3363 3520 3464 3574 ego

1896 3599 2144 3668 impurus
2170 3599 2453 3667 attingam,
2488 3601 2530 3653 si
2568 3600 2963 3654 mundissimos
3012 3599 3332 3653 immundus
3362 3616 3464 3669 ego

1893 3687 2286 3742 contaminem.
2322 3687 2670 3756 Quapmpter
2692 3687 2860 3757 jussis
2889 3687 2998 3741 tuis
3025 3687 3253 3740 omnino
3293 3686 3462 3739 dene-

1895 3795 2105 3849 gassem
2135 3779 2488 3846 obsequium,
2532 3779 2862 3834 temeritatis
2911 3778 3122 3832 veritus
3164 3777 3463 3848 reprehen-

1894 3873 2130 3934 sionem,
2155 3871 2198 3925 si
2237 3887 2346 3924 non
2376 3871 2548 3941 magis
2582 3870 2998 3924 abborruissem
3039 3869 3108 3923 ab
3130 3867 3424 3924 inobedien
3447 3896 3462 3908 -

1895 3963 1983 4018 tite
2017 3964 2284 4032 periculo.
2321 3964 2380 4018 lu
2420 3963 2602 4017 medio
2643 3963 2840 4017 horum
2901 3961 3136 4017 duorum
3192 3970 3463 4016 constitu-

221 4076 319 4119 tus
374 4073 504 4136 opto
530 4065 716 4136 potius
757 4064 935 4120 videri
973 4062 1300 4117 temerarius
1347 4061 1471 4129 (ista
1526 4057 1673 4113 enim
1738 4071 1866 4126 pars
1906 4053 2228 4124 placabilior
2288 4057 2393 4125 est)
2451 4069 2614 4124 quam
2677 4054 3021 4120 inobediens,
3076 4054 3234 4124 cujus
3291 4053 3466 4121 culpa».

220 4157 444 4210 veniam
471 4157 654 4212 minus
683 4171 883 4212 censeo
950 4152 1376 4223 impetrabilem.
1426 4151 1620 4205 Fretus
1684 4148 1849 4218 igitur
1886 4157 2204 4200 sanctorum
2231 4148 2477 4200 omnium
2530 4146 2934 4206 benevolentia,
2989 4154 3102 4198 tum
3151 4152 3462 4196 vestrarum

221 4249 543 4304 orationum
569 4249 867 4319 adjutor'to,
927 4247 995 4302 de
1028 4259 1359 4316 unoquoque
1391 4243 1632 4314 capitulo
1665 4253 1827 4311 quam
1869 4239 1986 4291 lieri
2025 4247 2203 4306 potest
2265 4236 2506 4291 breviter
2543 4235 2910 4306 respondebo,
2951 4234 3175 4290 Christo
3216 4233 3460 4304 auspice.

223 4341 324 4410 qui
356 4341 498 4396 Deus
529 4355 758 4411 magnus
780 4347 866 4394 est
893 4351 951 4395 et
989 4339 1248 4394 Servator
1273 4346 1483 4398 noster,
1513 4351 1718 4405 quique
1742 4340 1797 4387 et
1837 4345 2029 4399 sapere
2060 4329 2148 4398 pie
2179 4336 2234 4383 et
2291 4329 2442 4398 loqui
2491 4338 2808 4398 opportune
2829 4327 3112 4397 largietur.
3138 4325 3312 4381 Nobis
3333 4341 3464 4381 sane

222 4447 356 4485 cum
380 4447 446 4486 eo
477 4432 738 4501 magistro
770 4446 859 4484 res
920 4438 1007 4484 est
1035 4427 1129 4497 qui
1160 4427 1323 4480 etiam
1365 4427 1610 4496 parvulis
1673 4437 1867 4491 magna
1901 4421 2108 4473 donare
2134 4426 2334 4488 potest.
2377 4417 2571 4472 Ordiar
2608 4419 2774 4489 igitur
2818 4434 2847 4472 a
2875 4418 3219 4473 divinissimo
3258 4417 3465 4490 Grego-

225 4525 339 4587 rio,
382 4523 511 4593 quia
535 4521 696 4577 nobis
737 4531 982 4592 tempore
1023 4518 1392 4590 propinquior
1429 4533 1551 4573 esse
1599 4514 1966 4570 existimatur.

230 4717 346 4774 Τοῦ
371 4718 536 4786 ἀνίοι.
567 4718 898 4788 Γρηγορίω
925 4717 1030 4771 τοῦ
1073 4717 1367 4784 Θεολότου
1386 4754 1402 4778 ,
1430 4716 1498 4770 ἐκ
1522 4716 1628 4770 τοῦ
1663 4716 1794 4784 περὶ
1827 4701 1872 4758 ί)

1827 4701 1872 4758 ί)
1899 4713 2122 4768 Sanctus
2153 4711 2431 4782 Gregorius
2451 4713 2507 4764 in
2532 4713 2710 4781 prima
2733 4712 2974 4764 oratione
2999 4711 3062 4764 de
3089 4709 3239 4776 Filio,
3277 4729 3296 4762 ι
3328 4710 3468 4776 Quo-

305 4809 443 4863 ΥΙοῦ
473 4808 706 4876 πρώτου
733 4811 918 4878 λόγου
945 4811 1032 4874 εὶς
1065 4808 1132 4860 τό
1159 4824 1172 4836 ·
1202 4826 1219 4858 ι
1248 4806 1349 4859 Διὰ
1390 4806 1568 4860 τοῦτο
1603 4809 1795 4875 μονὰς

298 4900 403 4955 ἀπ’
436 4899 632 4968 ἀρχῆς
659 4901 746 4964 εις
787 4897 980 4952 δυάδα
1007 4895 1318 4964 κινηθεῖσα
1341 4895 1517 4965 μέχρι
1555 4896 1796 4963 Ἱριάδος

295 4992 470 5059 ἔστη.
504 5011 523 5042 ι
557 4990 662 5046 Καὶ
695 4990 882 5044 πάλιν
913 4989 1020 5042 τοῦ
1057 4987 1245 5042 αὐτοῦ
1283 4988 1350 5041 ἐκ
1377 4987 1482 5041 τοῦ
1513 4985 1794 5055 δευτέρου

1972 4806 2112 4858 circa
2146 4805 2322 4856 unitas
2364 4821 2396 4856 α
2424 4803 2678 4874 principio
2709 4805 2763 4856 in
2793 4804 3058 4858 binarium
3090 4812 3233 4857 mota
3263 4803 3322 4856 iu
3349 4803 3468 4857 Tri-

1973 4896 2138 4948 nitate
2167 4895 2422 4948 consistit.
2456 4912 2473 4944 ι
2513 4893 2577 4946 Et
2601 4895 2791 4946 iterum
2828 4894 2964 4948 idem
2994 4895 3050 4946 in
3073 4893 3303 4946 secunda
3339 4909 3468 4946 ora-

1976 4989 2116 5039 tione
2131 4986 2194 5039 de
2210 4985 2351 5039 Pace
2373 5004 2390 5039 :
2417 5005 2434 5034 ι
2469 4985 2683 5039 L’nitate
2708 4985 2960 5038 nimirum
2983 4985 3046 5038 ob
3074 4984 3282 5039 divitias
3298 4992 3463 5051 mota,

1485 5122 1725 5178 ῩΑΠΙᾸΞ
1762 5121 2163 5178 LECTIONES.

315 5243 340 5274 ⁸
367 5239 622 5310 τῷίειιθει
653 5239 722 5292 ab
749 5237 839 5310 ed.
875 5236 996 5292 Gal.
1071 5238 1091 5269 ⁸
1128 5237 1332 5310 ⁸ἁπλῶς
1387 5237 1476 5310 ed.
1533 5236 1676 5310 Gal;
1733 5237 1775 5310 ‘_°
1802 5237 1895 5310 καὶ
1917 5253 2024 5310 om.
2051 5238 2139 5292 ed.
2170 5236 2288 5292 Gal.

2374 5237 2414 5269 ¹¹
2445 5234 2783 5304 προταθέντα
2817 5233 2941 5289 eod.
2970 5230 3249 5304 Gudianus
3276 5245 3352 5304 In.
3378 5245 3464 5304 pr.

148 5318 151 5320 ’
227 5323 288 5367 et
321 5299 552 5366 ed.'Gal.
585 5307 920 5377 προτεθέντα
948 5307 1260 5377 emendatio
1283 5315 1368 5360 est
1397 5306 1452 5359 in
1481 5306 1602 5360 cod.
1638 5305 1790 5377 Gud.
1814 5307 1882 5361 ab
1903 5307 2092 5377 eadem
2115 5321 2275 5377 manu
2306 5299 2541 5377 antiqua
2563 5305 2949 5377 superscripta.
2978 5299 3182 5377 Λ¹¹Ατ9ῦ
3206 5299 3464 5377 κατὰηθιξ.

225 5383 352 5437 (Sal.
442 5379 486 5410 ⁸³
549 5375 870 5446 μογγίλαλος
927 5375 1057 5446 eod.
1103 5375 1242 5431 Gud.

233 5455 276 5485 ¹⁷
328 5443 836 5519 ἐγκεκελευάμένοις
886 5445 974 5499 ed.
1029 5445 1150 5500 Gal.
1242 5445 1285 5477 ⁸⁸
1309 5443 1520 5508 τούτοις
1550 5443 1640 5500 ed.
1664 5443 1781 5499 Gal.

301 5587 321 5604 '
351 5580 534 5635 Minus
579 5579 735 5648 bene;
764 5578 904 5642 haec,
957 5594 1060 5635 nec
1105 5581 1238 5636 satis
1288 5591 1460 5648 recte,
1513 5582 1787 5636 convertit

229 5650 630 5721 Caleus.Verto
655 5663 671 5700 :
703 5645 817 5721 Quo
839 5650 990 5702 modo
1007 5651 1154 5721 mihi,
1177 5653 1268 5720 qui
1298 5655 1407 5721 ipse
1427 5645 1788 5721 devictussum

229 5720 448 5785 cwculo,
473 5717 686 5787 pateﬁet
723 5717 926 5784 Sermo,
976 5719 1046 5772 ad
1090 5717 1462 5775 tit-vincendum
1514 5720 1790 5786 sarculum,

510 5815 781 5875 Panos.
827 5811 939 5870 Gn.
981 5811 1128 5871 XCI.

1327 5377 1372 5407 “
1431 5376 1903 5442 ἀπεστραμμένων
1955 5376 2077 5430 cod.
2105 5376 2244 5432 Gud.
2320 5376 2364 5407 "
2400 5366 2458 5426 ἐν
2513 5366 2648 5439 ἀγεί
2664 5374 2752 5427 ed.
2779 5366 2894 5427 Gal.
2975 5371 3019 5402 ¹⁶
3053 5371 3130 5442 A_t‘
3159 5367 3212 5442 ὃΔ
3229 5367 3318 5442 e_d.
3347 5366 3463 5422 Gal.

1866 5447 1908 5478 "
1936 5447 2223 5517 ἀνέκτορον
2255 5445 2342 5499 ed.
2377 5443 2496 5499 Gal.
2526 5436 2571 5476 ’δ
2593 5443 2968 5514 χωρηγοῦντος
3022 5438 3111 5493 ed.
3173 5436 3292 5493 Gal.

1894 5599 2009 5664 non.
2033 5581 2251 5664 vero‘ud
2288 5578 2657 5664 appareudum
2684 5578 2738 5630 in
2768 5573 3464 5664 sacutornutuszhsiqu‘i‘dfm

1897 5670 1928 5774 ῗ
1957 5652 2291 5756 dispositione
2319 5651 2374 5704 in
2411 5651 2690 5704 materiam
2730 5661 2989 5716 propensa
3008 5651 3204 5714 percipi
3238 5651 3464 5698 natura-

1919 5725 2019 5776 iter
2043 5721 2217 5790 nequit
2259 5725 2270 5773 ε

2929 5806 3005 5867 33
