4200 6440
199 395 335 461 1037

1440 387 1962 448 AMBIG-UORUM
2001 390 2252 450 LIBER.

3320 388 3456 452 1038

274 507 482 562 παθῶν
543 504 643 558 καὶ
705 501 1001 571 σώματος,
1056 501 1127 555 τὰ
1165 501 1233 554 δὲ
1281 501 1668 567 ταπεινότερα
1698 497 1777 562 τῷ

1953 517 2169 570 corpore
2197 501 2475 555 sublimior
2506 509 2580 554 est
2626 501 2912 566 attribuas,
2945 503 3250 557 humiliores
3280 515 3457 558 autem

271 597 546 660 συνθέτφ
573 593 671 649 καί
701 592 801 646 διὰ
823 593 899 646 σὲ
923 591 1237 646 κενωθέντι
1259 590 1356 644 καὶ
1386 589 1776 657 σαρκωθέντι,

269 685 454 740 οὐδὲν
473 683 543 738 δὲ
568 682 774 752 χεῖρον
789 680 984 736 είπεῒν
1013 681 1113 734 καί
1144 676 1620 748 ἁγθρωπισθέγτι
1644 676 1774 748 (2).-

283 883 344 936 Ὀ
376 880 472 934 τοῦ
511 878 647 933 Θεοῦ
685 878 858 947 Λόγος
904 878 1024 941 ὃλος
1057 877 1219 930 οὐσία
1249 877 1462 947 πλήρης
1493 875 1780 944 ὑπάρχων,

197 975 337 1038 Θεὸς
384 977 517 1043 γὰρ,
561 971 659 1025 καὶ
705 969 1006 1032 ὑπόστασις
1051 969 1174 1031 ὅλος
1218 965 1516 1038 ἀνελλιπὴς
1553 963 1622 1030 ³⁸,
1657 963 1784 1026 Υἱὸς

198 1068 334 1137 γάρ,
361 1063 622 1123 κενωθεὶς
649 1061 749 1130 μὲν
775 1060 954 1130 σπορὰ
974 1059 1166 1128 γέγονε
1191 1060 1290 1129 τῆς
1316 1058 1524 1120 οἰκείας
1555 1055 1782 1128 σαρκὸς,

200 1156 430 1229 ἀρρήτῳ
461 1154 518 1207 δὲ
551 1151 814 1221 συλλήψει
838 1149 1112 1213 συντεθεὶς
1152 1150 1324 1220 αὑτῆς
1355 1148 1654 1210 ὑπόστασις
1693 1147 1786 1214 γέ-

201 1267 331 1319 γονε
352 1251 397 1280 ’³
430 1248 530 1318 τῆς
561 1244 1007 1316 προσληφθείσης
1054 1243 1277 1314 σαρκός.
1317 1242 1430 1296 Καὶ
1489 1241 1665 1309 τούτῳ
1710 1237 1786 1308 τῷ

202 1345 382 1414 καινῷ
413 1341 696 1412 μυστηρίῳ
713 1340 834 1392 κατ’
858 1334 1117 1406 ἀλήθειαν
1155 1333 1441 1404 ἀτρέπτως
1477 1331 1598 1392 ὅλος
1635 1329 1789 1396 γενό-

204 1453 370 1507 μενος
416 1433 724 1505 ἄνθρωπος,
752 1428 848 1484 δύο
880 1428 1094 1497 φύσεων
1145 1426 1403 1480 άκτίστου
1443 1441 1501 1476 τε
1547 1424 1643 1474 καί
1673 1439 1790 1474 κτι-

203 1529 360 1598 στῆς,
394 1525 636 1587 ἀπαθοῦς
678 1540 738 1576 τε
789 1521 885 1575 καὶ
929 1519 1202 1590 παθητῆς,
1233 1521 1263 1571 6
1290 1517 1451 1580 αὐτὸς
1487 1515 1786 1576 ὑπόστασις

198 1615 296 1689 ἦν,
322 1617 531 1678 πάντας
563 1611 870 1674 άνελλιπῶς
889 1611 933 1644 ⁸ο
963 1611 1091 1673 τοὺς
1127 1609 1414 1678 φυσικοὺς,
1447 1600 1523 1659 ὧν
1551 1604 1787 1659 ὑπόστα-

203 1725 312 1774 σις,
347 1705 414 1778 ἦν
444 1708 638 1775 λόγους
662 1704 1070 1775 ἐπιδεχόμενος.
1103 1702 1163 1754 Εἰ
1186 1701 1242 1754 δὲ
1275 1702 1486 1761 πάντας
1509 1697 1788 1761 οὑσιωδῶς

201 1795 282 1852 ὧν
317 1799 618 1861 ὑπόστασις
651 1793 720 1868 ἦν
763 1798 888 1859 τοὺς
928 1794 1194 1865 φυσικοὺς
1241 1791 1530 1861 ἐπεδέχετο
1569 1790 1784 1858 λόγους,

201 1892 356 1963 αὑτῴ
404 1891 646 1960 συνθέτῳ
691 1887 976 1958 γενομένῳ
1022 1889 1089 1956 τῇ
1130 1883 1491 1954 προσλήψει³¹
1531 1883 1628 1952 τῆς
1661 1898 1792 1951 σαρ-

203 1986 301 2049 κὸς
339 1983 481 2037 κατὰ
508 1984 608 2052 τὴν
641 1982 942 2035 ὑπόστασιν
981 1979 1122 2030 πάνυ
1163 1976 1340 2043 σοφῶς
1385 1978 1414 2028 ό
1449 1973 1790 2036 διδάσκαλος,

206 2079 295 2131 ἵνα
338 2079 412 2147 μὴ
446 2075 577 2145 ψιλὰ
607 2075 862 2145 νομισθῇ,
899 2073 969 2126 τά
998 2072 1099 2141 τῆς
1127 2071 1337 2134 οἰκείας
1388 2069 1593 2141 σαρκὸς
1640 2066 1789 2133 πάθη

204 2170 597 2242 προσένειμεν.
633 2165 803 2220 αὑτοῦ
838 2181 898 2218 τε
921 2164 1024 2234 τῆς
1067 2162 1272 2232 σαρκὸς
1302 2161 1659 2232 ὑπαρχούσης
1699 2159 1793 2210 καὶ

204 2261 332 2314 κατ’
361 2261 532 2328 αὐτὴν
561 2256 777 2328 άληθῶς
801 2257 916 2308 ὄντι
939 2253 1059 2324 Θεῷ
1077 2252 1306 2323 παθητῷ
1327 2253 1473 2305 κατά
1495 2251 1593 2322 τῆς
1613 2251 1793 2319 ἁμαρ-

202 2355 351 2414 τίας.
393 2350 598 2414 Ούσίας
623 2349 831 2409 τοίνυν,
868 2345 993 2401 καθ’
1023 2345 1091 2416 ἢν
1120 2346 1216 2398 καὶ
1249 2342 1554 2415 σαρκωθεὶς
1588 2341 1792 2402 ἁπλοῦς

205 2448 234 2498 6
262 2445 434 2512 Λόγος
454 2441 733 2515 μεμένηκε
757 2441 825 2504 ³⁸,
849 2440 941 2493 καὶ
971 2438 1346 2501 ὑποστάσεως,
1382 2436 1504 2490 καθ’
1527 2436 1593 2506 ἢν
1624 2451 1793 2504 προσ-

206 2535 376 2606 λήψει
427 2533 628 2604 σαρκὸς
674 2533 867 2600 γέγονε
914 2527 1191 2592 σύνθετος,
1223 2528 1320 2582 καὶ
1367 2526 1499 2590 Θεὸς
1550 2523 1796 2596 παθητὸς

206 2625 574 2696 οἰκονομικῶς
623 2625 986 2696 ἐχρημάτισε,
1037 2620 1252 2683 δεικνὺς
1301 2618 1402 2689 τὴν
1465 2617 1727 2688 διαφορὰν
1769 2617 1797 2668 ὁ

205 2717 529 2778 διδάσκαλος
545 2714 718 2768 ταῦτά
735 2729 897 2783 φησιν
919 2729 932 2743 ·
957 2730 974 2764 ι
989 2712 1106 2764 Ἵνα
1126 2709 1201 2781 μὴ
1232 2707 1301 2761 τά
1329 2707 1427 2777 τῆς
1450 2706 1797 2767 ὑποστάσεως

209 2809 649 2881 κατηγοροῦντες
672 2806 718 2838 ³³
745 2806 804 2871 ἐξ
832 2804 1056 2873 ἀγνοίας
1087 2802 1188 2870 τῆς
1213 2801 1428 2868 φύσεως
1451 2798 1494 2830 ³³⁵
1534 2797 1788 2868 λάθωμεν

211 2902 357 2955 κατὰ
375 2901 501 2962 τοὺς
528 2899 582 2952 Ἀ
592 2897 839 2966 ρειανοὺς
859 2894 980 2964 Θεῷ
1001 2891 1162 2962 φύσει
1187 2889 1416 2959 παθητῷ
1432 2887 1797 2959 προσκυνοῦν-

212 3011 324 3055 τες.
353 3011 371 3043 ι
391 3020 459 3030 -
480 3008 498 3039 ι
523 2988 688 3048 Οὐδὲν
702 2987 757 3040 δὲ
781 2989 958 3057 χεῖρον
980 2984 1152 3036 είπεϊν
1175 2981 1269 3034 καὶ
1283 2977 1738 3050 άνθρωπισθέντι,
1774 2997 1792 3028 ι

214 3087 580 3157 προσέθηκεν,
605 3083 667 3133 οὑ
699 3079 857 3150 μόνον
887 3077 975 3130 διὰ
1019 3076 1146 3138 τοὺς
1179 3075 1491 3146 Ἀρειανοὺς
1534 3071 1654 3125 ἀντὶ
1693 3071 1797 3139 ψυ-

214 3179 319 3248 χῆς
352 3175 536 3246 (106
566 3173 619 3237 ί»)
665 3171 765 3242 τὴν
807 3168 1061 3239 θεότητα,
1109 3167 1203 3220 καὶ
1270 3166 1396 3227 τοὺς
1456 3161 1792 3231 Ἀπολιναρι-

217 3267 351 3328 στάς
379 3265 540 3318 ἄνουν
570 3263 670 3331 τὴν
702 3259 881 3330 ψυχὴν
913 3255 1360 3328 δογματίζοντας,
1394 3255 1487 3308 καὶ
1519 3253 1694 3323 τούτῳ
1723 3252 1798 3321 τῷ

212 3356 408 3428 τρόπῳ
441 3354 501 3408 τὸ
524 3353 727 3406 τέλειον
771 3351 868 3420 τῆς
903 3348 1027 3402 καθ’
1057 3348 1208 3419 ἡμᾶς
1253 3345 1348 3399 τοῦ
1375 3346 1550 3412 Λόγου
1586 3344 1802 3414 περιτέ·

219 3465 454 3520 μνοντας
490 3445 725 3516 φύσεως,
753 3443 844 3496 καὶ
883 3441 1040 3511 φύσει
1082 3439 1336 3509 θεότητος
1361 3437 1599 3506 παθητὸν
1634 3436 1798 3488 αὑτὸν

216 3538 610 3608 ποιουμένους,
652 3534 765 3590 ἀλλ’
798 3535 884 3586 ἵνα
910 3534 1004 3587 καὶ
1032 3531 1215 3602 δειχθῇ
1259 3531 1461 3592 τέλειος
1487 3531 1616 3599 ἡμῖν
1654 3543 1805 3595 γεγο·

218 3631 329 3694 νὼς
354 3629 495 3684 κατὰ
533 3627 788 3696 ἀλήθειαν
806 3627 853 3658 ³⁵
903 3623 1190 3694 ἄνθρωπος
1238 3624 1265 3674 ό
1315 3621 1610 3689 μονογενὴς
1644 3619 1800 3683 Θεὸς,

219 3717 306 3779 ὡς
336 3716 405 3769 δι’
438 3715 693 3787 ἐνεργοῦς
723 3713 882 3782 φύσει
919 3712 1120 3783 σαρκὸς
1165 3710 1365 3782 νοερῶς
1412 3728 1470 3762 τε
1515 3711 1605 3762 καὶ
1659 3708 1804 3777 λογι-

220 3809 338 3871 κῶς
379 3807 756 3878 ἐψυχωμένης,
807 3804 1123 3875 αὑτουργῶν
1165 3805 1266 3873 τὴν
1301 3803 1456 3873 ήμῶν
1504 3802 1801 3872 σωτηρίαν,

219 3900 387 3970 εἴπερ
434 3900 576 3952 κατὰ
617 3898 798 3952 πάντα
844 3897 1012 3966 χωρὶς
1064 3895 1230 3963 μόνης
1278 3893 1574 3964 ἁμαρτίας,
1614 3887 1682 3962 ἧς
1715 3890 1804 3942 ού-

218 3993 335 4054 δεὶς
367 3995 431 4064 τῇ
471 3992 633 4060 φύσει
665 3987 946 4051 παντελῶς
995 3988 1328 4057 ὲνέσπαρται
1366 3986 1542 4053 λόγος,
1588 3983 1700 4036 ἀλλ’
1742 3982 1801 4033 οὑ

221 4085 396 4156 χωρὶς
445 4083 680 4153 φυσικῆς
716 4081 1019 4151 ἐνεργείας.
1065 4078 1283 4150 άληθῶς
1328 4078 1552 4147 γέγονεν
1604 4077 1805 4148 ἄνθρω-

222 4193 352 4239 πος,
378 4172 446 4248 ἧς
473 4177 502 4228 6
523 4175 701 4244 λόγος,
727 4175 852 4244 ὅρος
880 4172 979 4242 τῆς
1005 4171 1193 4232 οὐσίας
1227 4171 1343 4223 ἐστὶ
1365 4172 1434 4236 ³⁸,
1462 4172 1669 4233 πάντας
1700 4187 1800 4240 χα-

234 4267 585 4338 ρακτηρίζων
623 4264 868 4334 φυσικῶς
907 4260 986 4326 οἷς
1021 4263 1137 4317 κατ’
1173 4263 1362 4316 οὑσίαν
1387 4262 1694 4333 ἐμπέφυκε.
1734 4264 1806 4315 Τὸ

221 4361 338 4430 γὰρ
383 4358 576 4420 κοινῶς
617 4375 676 4410 τε
713 4357 810 4410 καὶ
853 4355 1085 4424 γενικῶς
1133 4372 1293 4408 τινων
1327 4354 1805 4426 κατηγορούμενον

220 4451 352 4520 ὄρος
381 4450 480 4520 τῆς
521 4451 698 4503 αὐτῶν
726 4449 913 4512 οὐσίας
942 4450 1112 4512 ὲστίν,
1145 4442 1204 4502 οὑ
1238 4449 1456 4510 πάντως
1484 4450 1515 4516 ἡ
1549 4449 1805 4518 στέρησις

1957 591 2312 643 accommodes
2345 590 2427 642 illi
2455 591 2546 659 qui
2571 591 2647 642 tui
2692 593 2872 660 gratia
2911 594 3151 660 componi
3191 601 3241 645 et
3270 595 3461 647 exina-

1956 683 2083 744 niri,
2110 683 2388 734 incarnari
2419 693 2469 734 et
2509 680 2660 753 (quid
2697 683 2839 736 enim
2867 693 3007 738 vetat
3027 685 3103 738 sic
3132 684 3275 755 loqui
3301 686 3347 756 ?)
3380 687 3460 741 inv

1957 773 2242 826 humanm-5
2269 776 2540 828 sustinuit.
2585 795 2604 826 ι
3384 788 3388 792 ‘

1957 885 2052 939 Dei
2092 887 2335 940 Verbum
2370 896 2545 942 totum
2577 889 2802 959 quidem
2849 897 2970 944 erat
3021 891 3338 960 plenissima
3373 909 3463 948 es-

1886 977 2084 1040 sentia,
2120 986 2310 1047 utpote
2336 979 2502 1043 Deus,
2528 988 2587 1034 et
2620 989 2796 1034 totum
2827 991 2947 1036 erat
2998 981 3245 1051 perlecta
3289 985 3463 1054 hypo-

1886 1069 2069 1133 stasis,
2105 1077 2294 1137 utpote
2325 1069 2518 1133 Filius,
2549 1087 2672 1125 cum
2704 1088 2762 1127 se
2790 1074 3121 1136 exinaniret,
3172 1090 3326 1129 suam
3361 1077 3466 1131 sibi
3536 1130 3537 1133 η

1887 1174 2108 1213 carnem
2158 1162 2480 1226 seminavit;
2529 1163 2797 1220 inetl‘abili
2849 1165 3053 1221 deinde
3104 1167 3466 1237 conceptione

1888 1253 2204 1308 coalescens
2262 1255 2414 1308 carni
2463 1271 2628 1324 quam
2681 1267 3057 1327 assumpserat
3100 1257 3246 1312 idem
3298 1259 3468 1329 bypo-
3525 1298 3530 1306 ι

1889 1341 2060 1395 stasin
2125 1344 2400 1411 praestitit.
2466 1347 2648 1414 Atque
2680 1344 2779 1408 ita,
2831 1361 2976 1400 novo
3028 1347 3136 1402 hoc
3180 1346 3466 1419 mysterio,

1890 1437 2065 1483 totum
2115 1431 2353 1486 Verbum
2402 1433 2521 1487 sine
2570 1434 2678 1488 ulla
2719 1435 3083 1489 conversione
3126 1435 3334 1490 factum
3384 1445 3471 1492 est

1891 1519 2079 1580 homo,
2145 1519 2402 1590 idemque
2457 1522 2768 1592 bypostasis
2829 1524 3066 1579 duarum
3121 1533 3468 1589 naturarum,

1891 1608 2146 1662 increatn:
2173 1617 2230 1662 et
2255 1619 2477 1673 creatae,
2525 1611 2882 1680 impassibilis
2914 1623 2973 1668 et
3033 1613 3330 1683 passibilis,
3393 1615 3470 1670 ita

1892 1709 1954 1753 ιιι
1978 1714 2169 1754 omnes
2201 1701 2428 1755 omnino
2445 1717 2636 1756 earum
2669 1714 2992 1760 naturarum
3018 1706 3264 1762 rationes
3291 1707 3473 1762 susci-

1895 1797 2054 1858 peret
2085 1790 2431 1854 essentiales,
2462 1807 2697 1860 quarum
2733 1804 2856 1848 erat
2901 1795 3231 1866 hypostasis.
3283 1797 3401 1853 Jam
3427 1798 3472 1852 si

1894 1895 2110 1944 omnes,
2147 1890 2208 1934 ut
2237 1881 2372 1946 dixi,
2426 1883 2673 1939 rationes
2719 1892 3068 1952 naturarum,
3113 1903 3349 1958 quarum
3389 1897 3476 1944 est

1893 1971 2226 2044 hypostasis,
2246 1973 2620 2030 essentialiter
2645 1977 2893 2047 suscepit
2919 1977 2975 2032 in
3000 1980 3309 2048 composito
3329 1979 3475 2034 facto

1891 2079 1991 2132 per
2043 2065 2456 2134 susceptionem
2507 2067 2711 2134 carnis,
2773 2070 3078 2125 secundum
3127 2071 3473 2143 hypostasin,

1892 2156 2296 2225 sapientissime
2328 2158 2487 2212 hicce
2518 2159 2806 2229 magister,
2853 2176 2924 2216 ne
2954 2177 3082 2216 cum
3113 2163 3222 2219 illis
3269 2163 3476 2221 laceret

1893 2249 1986 2318 qui
2037 2248 2319 2305 Christum
2369 2251 2582 2306 nudum
2633 2252 2918 2307 botninem
2968 2255 3189 2321 docent,
3238 2259 3476 2327 propria:

1893 2342 2077 2397 carnis
2111 2343 2394 2412 passiones
2417 2345 2694 2409 attribuit,
2741 2347 3001 2415 quoniam
3029 2356 3086 2402 et
3142 2349 3316 2418 ipsius
3357 2359 3478 2406 erat

1895 2448 2045 2494 care,
2082 2444 2139 2486 et
2178 2450 2276 2502 per
2323 2435 2499 2502 ipsam
2524 2436 2672 2490 Deus
2706 2450 2836 2492 vere.
2885 2437 3165 2507 passibilis
3218 2437 3325 2496 fuit
3373 2455 3476 2511 pro

1897 2534 2146 2595 peccato.
2173 2524 2309 2579 Cum
2342 2525 2516 2596 igitur
2553 2527 2817 2598 magister
2864 2531 3011 2585 inter
3039 2533 3358 2601 essentiam,
3384 2549 3476 2590 se-

1897 2617 2140 2672 cundum
2171 2633 2338 2686 quam
2359 2619 2523 2674 etiam
2555 2619 2878 2678 incarnatus
2903 2624 3210 2692 permansit
3242 2625 3478 2696 simplex

1898 2709 2042 2764 Deus
2071 2708 2339 2772 Verbum,
2372 2718 2428 2764 et
2461 2709 2804 2781 bypostasin,
2835 2715 3139 2768 secundum
3168 2731 3332 2785 quam
3358 2731 3478 2770 car-

1854 2791 1863 2801 ’
1899 2801 1982 2854 nis
2011 2801 2389 2870 assumptione
2420 2803 2764 2870 compositus
2789 2803 2970 2859 factus
2999 2814 3086 2862 est
3111 2815 3170 2862 et
3192 2807 3340 2863 Deus
3365 2807 3480 2862 dis-
3545 2839 3549 2845 -

1898 2894 2222 2962 pensatione
2259 2894 2538 2964 passibilis
2559 2895 2757 2960 audiit,
2797 2896 3169 2954 ditl‘erentiam
3201 2902 3480 2956 ostendis-

1900 2993 2002 3046 set,
2041 2983 2158 3040 luce
2195 2983 2373 3040 dicit:
2408 3003 2426 3036 ι
2463 2985 2543 3040 Ne
2593 3001 2716 3055 qua:
2748 2987 3027 3059 bypostasi
3074 2991 3296 3060 prapria
3349 3001 3481 3047 sunt

1900 3073 2234 3128 atlirmanles
2277 3088 2402 3127 cum
2435 3073 2656 3129 Arianis
2685 3075 2857 3130 Deum
2919 3087 3115 3132 natura
3162 3080 3480 3147 passibilem

1827 3197 1868 3252 ο
1903 3163 2221 3232 ignoranter
2270 3164 2544 3218 colamus.
2585 3185 2602 3216 ι
2642 3165 2736 3219 Illa
2785 3175 2967 3221 autem
3009 3169 3178 3224 verba
3229 3170 3480 3228 addidit:

1915 3272 1932 3301 ι
1977 3253 2120 3306 Nihil
2142 3253 2330 3306 obstat
2382 3255 2593 3319 dicere,
2642 3258 2811 3312 etiam
2863 3258 3226 3316 inhumanato
3265 3282 3312 3326 ι,
3369 3279 3482 3318 non

1905 3342 2079 3394 solum
2110 3354 2334 3411 propter
2357 3345 2612 3409 Arianos,
2644 3349 2738 3416 qui
2767 3349 3033 3405 deitatem
3060 3368 3160 3421 pro
3190 3355 3371 3409 anima
3385 3372 3485 3426 po-

1905 3442 2064 3495 nunt,
2099 3435 2180 3487 vel
2210 3436 2660 3503 Apellinaristas,
2693 3440 2788 3508 qui
2810 3441 3050 3496 animam
3075 3442 3300 3500 Christo
3319 3446 3484 3502 ἄνουν

1903 3525 2211 3581 attribuunt
2257 3529 2390 3597 (quo
2436 3545 2569 3584 sane
2621 3541 2783 3600 pacto
2827 3536 3133 3603 perlectam
3169 3538 3325 3606 juxta
3381 3557 3485 3595 nos

1905 3617 1999 3671 Dei
2035 3618 2186 3672 verbi
2217 3629 2475 3674 naturam
2515 3623 2794 3690 mutilant,
2848 3626 3140 3697 ipsumque
3173 3630 3228 3684 in
3275 3631 3483 3687 deitate

1904 3708 2220 3777 passibilem
2290 3710 2615 3776 conﬁciunt,
2671 3724 2729 3769 et
2790 3716 3014 3784 quidem
3087 3722 3480 3788 naturaliter),

1907 3813 2096 3852 verum
2124 3797 2290 3851 etiam
2320 3806 2381 3851 ut
2401 3800 2724 3856 ostendatur
2743 3803 2904 3858 nobis
2932 3806 3276 3876 unigenitum
3305 3811 3477 3864 Deum

1907 3904 1963 3943 re
1999 3889 2113 3959 ipsa
2145 3890 2349 3943 factum
2380 3905 2501 3945 esse
2534 3891 2818 3948 hominem
2844 3897 3174 3964 perfectura,
3208 3911 3483 3956 nostram-

1905 3997 2010 4050 que
2047 3997 2144 4051 per
2181 3998 2237 4035 se
2268 3993 2563 4052 operatum
2597 4001 2717 4040 esse
2757 3987 2990 4044 salutem
3040 3990 3096 4044 in
3127 4007 3314 4057 carne,
3362 4009 3484 4064 quae

1906 4073 2231 4129 naturaliter
2266 4085 2478 4144 ageret,
2508 4087 2564 4130 et
2599 4076 2837 4132 animam
2886 4079 3119 4137 haberet
3161 4083 3362 4137 mentis
3393 4100 3484 4139 ra-

1909 4166 2183 4235 tionisque
2218 4179 2555 4237 compotem.
2611 4168 3069 4241 Quandoquidem
3127 4188 3257 4228 vere
3305 4173 3484 4229 factus

1905 4269 1988 4314 est
2018 4260 2185 4314 homo
2209 4276 2307 4329 per
2338 4260 2544 4324 omnia,
2584 4262 2702 4316 solo
2749 4271 2978 4331 peccato
3015 4275 3269 4336 excepto,
3322 4269 3485 4338 cujus

1908 4350 2057 4405 nulla
2085 4349 2139 4403 in
2161 4360 2356 4404 natura
2384 4350 2642 4406 radicalis
2671 4354 2811 4406 ratio
2835 4355 3132 4422 reperitur,
3160 4371 3270 4410 non
3297 4367 3480 4410 autem

1906 4453 2135 4513 excepta
2160 4443 2485 4511 operatione
2521 4445 2800 4510 naturali;
2853 4461 2980 4500 nam
3021 4461 3120 4515 per
3170 4463 3294 4503 eam
3339 4450 3481 4504 ratio

221 4544 436 4615 φθοράν
479 4543 774 4614 ἐργάζεται
817 4542 1053 4612 φύσεως,
1099 4542 1256 4610 εἴπερ
1305 4540 1456 4592 οὐδὲν
1491 4540 1600 4594 τῶν
1632 4541 1794 4593 ὄντων

1904 4536 2162 4591 essentia:
2196 4536 2276 4589 rei
2307 4537 2597 4606 cujusque,
2633 4537 2723 4591 cui
2772 4538 2937 4602 inest,
2985 4541 3317 4594 naturaliter
3348 4540 3486 4595 deﬁ-

220 4633 322 4686 τοῦ
389 4633 546 4701 φύσει
593 4633 894 4702 πεφυκότος
946 4633 1302 4702 στερούμενον
1356 4631 1492 4700 ὅπερ
1541 4627 1610 4702 ἦν
1655 4631 1804 4700 μένει

225 4725 532 4795 σωζόμενοι⁴
544 4765 558 4778 .

1906 4633 2077 4686 nitur.
2103 4631 2384 4700 Quidquid
2427 4632 2576 4686 enim
2606 4635 2974 4688 communiter
3015 4643 3070 4688 et
3106 4635 3363 4706 generice
3417 4635 3485 4688 de

1910 4725 2263 4795 quibuslibet
2294 4724 2622 4790 atﬁrmatur,
2647 4741 2840 4788 eorum
2860 4727 3157 4782 essentiam
3183 4727 3403 4791 detinit,
3428 4736 3486 4781 et

226 4816 466 4888 proinde
508 4832 702 4872 eorum
733 4815 976 4871 essentia
1004 4815 1334 4879 destruitur,
1369 4815 1413 4870 si
1451 4815 1542 4870 illo
1579 4820 1806 4876 omnino
1845 4829 2086 4876 careant.
2121 4817 2266 4872 Nihil
2325 4817 2472 4871 enim
2535 4816 2649 4871 suis
2683 4817 2960 4886 privatum
2984 4819 3324 4874 naturalibus
3357 4832 3492 4888 per

227 4911 566 4968 lectionibus
602 4920 810 4983 perstat
842 4909 898 4964 id
933 4925 1053 4965 esse
1084 4909 1230 4979 quod
1257 4919 1395 4964 erat.

235 5095 351 5150 Τοῦ
381 5091 569 5148 αὑτοῦ
601 5093 670 5146 ἐκ
695 5093 802 5149 τοῦ
836 5091 1023 5147 αὐτοῦ
1048 5093 1234 5162 λόγου
1256 5094 1342 5158 εἷς
1370 5094 1435 5145 τό
1454 5093 1496 5121 ³⁷
1523 5108 1535 5121 ’
1568 5110 1585 5142 ι
1619 5089 1805 5161 Οὗτος

301 5187 412 5257 γὰρ
455 5189 487 5238 ό
529 5185 646 5239 νῦν
691 5199 788 5238 σοι
827 5187 1386 5255 καταφρονούμενος
1424 5181 1503 5254 ἦν
1556 5185 1655 5240 ὅτε
1706 5191 1800 5242 καὶ

1918 5091 2167 5163 Ejusdem
2198 5105 2261 5142 cat
2284 5090 2724 5141 eademoratione
2754 5090 2806 5141 in
2846 5090 2899 5141 id
2925 5107 2941 5141 :
2971 5109 2987 5138 ι
3023 5089 3120 5142 llic
3150 5092 3310 5153 enim,
3332 5107 3484 5162 quem

1985 5199 2122 5236 nunc
2150 5181 2476 5250 asperneris,
2498 5180 2762 5243 quondam
2782 5197 2945 5248 supra
2969 5190 3019 5233 te
3045 5192 3160 5235 erat
3185 5200 3200 5236 :
3235 5186 3323 5252 qui
3348 5201 3487 5236 nunc

1507 5343 1738 5398 νΑῐὶίίΕ
1782 5341 2182 5397 LECTIONFJS.

304 5510 352 5542 ³⁸
409 5505 732 5573 ἁνελλτιπὴς
775 5504 864 5559 ed.
913 5502 1030 5558 Gal.

281 5578 477 5646 ἑνηκεν
612 5574 766 5646 λόγος
813 5575 929 5646 ed.“
959 5573 1077 5628 Gal.

281 5596 477 5646 ενηκεν
527 5596 557 5627 0
614 5596 766 5642 LOYO§
813 5596 901 5629 eu.
959 5596 1077 5628 Ui".
1187 5596 1233 5605 "
1251 5596 1654 5642 καταγορουντε.

234 5596 502 5702 serantur
525 5643 579 5698 in
604 5645 693 5699 ed.
719 5644 837 5700 Gal.
899 5645 942 5675 ³⁵
970 5645 1089 5698 κατ’
1131 5642 1387 5712 ἀλήθειαν
1416 5643 1504 5698 ed.
1537 5641 1656 5697 Gal.

1135 5504 1179 5533 ”
1213 5505 1434 5570 γέγονεν
1471 5504 1559 5558 ed.
1592 5503 1711 5558 Gal.

1798 5503 1840 5535 ³ο
1862 5501 2187 5562 άνελλειπῶς
2218 5499 2308 5554 ed.
2356 5497 2474 5552 Gal.

1187 5566 1235 5605 ’ί
1251 5566 1686 5642 καταγοροὺντες
1706 5573 1794 5627 ed.

1187 5642 1387 5696 ιήθειαν
1416 5643 1504 5696 ed.
1537 5641 1656 5696 Gal.
1757 5643 1794 5674 ³⁴

1894 5573 1976 5634 ιΙ.,
2005 5571 2284 5626 mendose.
2354 5569 2399 5600 ³⁸
2425 5566 2602 5622 Verba
2625 5567 2686 5632 ἐξ
2714 5566 2936 5636 ἀγνοίας
2960 5573 3055 5638 τῆς
3089 5570 3304 5638 φύσεως
3328 5566 3486 5630 desi—

1894 5643 1969 5695 τὶν
1998 5641 2086 5696 ed.
2111 5641 2230 5695 Gal.
2310 5640 2354 5671 ³⁷
2378 5639 2458 5696 είς
2487 5637 2546 5689 τὸ
2578 5652 2690 5692 non
2719 5647 2897 5695 exstat
2919 5640 2976 5695 in
3000 5639 3124 5695 cod.
3151 5639 3294 5696 Gud.

2559 5497 2599 5528 ³¹
2630 5497 2898 5568 προλήψει
2951 5500 3040 5555 ed.
3104 5499 3222 5554 Gal.

3306 5501 3360 5571 θ’,
3385 5517 3487 5571 με·

2310 5640 2354 5671 ³⁷
2378 5639 2458 5699 είς
2487 5637 2546 5689 τὸ
2578 5652 2690 5692 non
2719 5647 2897 5695 exstat
2919 5640 2976 5695 in
3000 5637 3124 5695 eod.
3151 5639 3294 5696 Gud.

313 5801 390 5871 (ἢ.)
421 5798 584 5872 Greg.
626 5799 755 5854 Naz.
782 5797 877 5854 0r.
915 5797 1086 5854 tbeol.
1110 5797 1166 5865 5,
1192 5797 1268 5850 De
1297 5795 1454 5866 Filio,
1485 5811 1606 5872 cap.
1641 5796 1727 5863 18,
1759 5812 1816 5869 p.
1858 5796 1992 5863 5‘57;
2021 5806 2156 5851 tom.
2187 5794 2366 5866 lOpp.
2399 5795 2490 5854 ed.
2517 5795 2723 5853 Bened.
