4200 6440
711 402 845 467 1039

1873 405 1934 463 S.
1982 402 2269 462 MAXlMI
2317 396 2835 461 CONFESSORIS

3854 389 4008 452 1040

775 536 929 573 nomo
986 528 1082 582 est,
1142 517 1535 587 compositionis
1562 532 1748 586 expers
1780 525 1936 568 erat:
1976 520 2114 585 quot
2167 527 2283 567 emt

2460 509 2615 577 ὑπὲρ
2664 509 2741 561 σὲ
2782 503 2897 577 ἦν·
2931 508 2964 559 ό
3006 505 3125 558 νῦν
3172 504 3489 573 ἄνθρωπος
3528 504 3627 558 καί
3651 503 4008 567 ἀσύνθετος

778 610 1097 680 permansit,
1133 608 1273 677 quod
1309 622 1414 659 non
1449 617 1565 660 erat
1593 608 1917 675 assumpsit:
1954 609 2007 658 in
2034 608 2295 675 principio

774 702 891 755 sine
949 716 1111 752 causa
1170 706 1286 751 erat
1345 699 1502 767 (qua
1557 698 1695 749 enim
1748 695 1844 749 Dei
1902 713 2065 749 causa
2116 697 2296 766 afferri

776 794 992 863 queat?)
1035 799 1090 843 at
1114 799 1297 860 postea
1328 806 1533 860 quoque
1562 798 1707 841 certa
1726 789 1790 840 de
1815 805 1977 841 causa
2007 798 2163 841 natus
2181 798 2292 852 est;

778 879 1033 932 nimirum
1063 888 1119 930 ut
1168 887 1248 942 tu,
1294 878 1691 941 contumeliose,
1720 877 1949 930 salutem
1999 895 2294 947 consequa-

781 971 877 1032 ris,
913 970 1003 1038 qui
1028 969 1280 1022 deitatem
1319 970 1515 1023 ideirco
1560 971 1871 1032 contemnis,
1918 971 2042 1039 quia
2095 972 2294 1023 crassi—

780 1064 905 1114 tiem
945 1072 1093 1116 tuam
1116 1066 1365 1133 suscepit,
1399 1080 1491 1132 per
1515 1063 1887 1115 intermedium
1928 1071 2156 1115 mentem
2178 1080 2296 1115 runt

776 1170 939 1207 carne
968 1157 1304 1225 conjunctus,
1347 1164 1508 1223 atque
1542 1156 1764 1223 inferior
1807 1158 1960 1207 homo
1992 1154 2133 1208 Deus
2172 1158 2295 1226 effe-

778 1254 892 1298 ctus
939 1256 1216 1314 postquam
1244 1262 1361 1297 cum
1406 1244 1512 1298 Deo
1557 1246 1775 1308 coaluit,
1834 1248 2300 1315 prwstantiorique

779 1348 933 1407 parte
983 1346 1273 1405 superante
1309 1354 1447 1391 unus
1491 1338 1663 1406 {uetus
1721 1348 1819 1399 est,
1851 1346 1909 1391 ut
1952 1340 2063 1403 ipse
2092 1354 2300 1409 quoque

781 1438 994 1482 tantum
1026 1429 1164 1483 Deus
1190 1429 1393 1499 εἶβε-ἰαι-
1425 1440 1685 1501 quantum
1716 1430 1809 1483 ille
1830 1433 2005 1487 homo.
2028 1450 2047 1483 ›

781 1540 880 1595 llic
910 1542 1085 1605 enim,
1122 1542 1328 1611 inquit,
1361 1558 1528 1611 quem
1559 1553 1617 1597 tu
1654 1559 1807 1597 nunc
1838 1543 2301 1612 aspernaris,fuit

711 1633 1015 1702 aliquando
1045 1650 1212 1703 supra
1256 1648 1341 1697 te;
1393 1636 1610 1688 exstitit
1657 1636 1808 1689 enim
1869 1651 1969 1704 per
2016 1650 2077 1689 se
2137 1635 2300 1703 longe

711 1740 882 1795 supra
916 1740 1080 1779 omne
1118 1735 1338 1794 lClllpllS
1385 1736 1441 1779 Cl
1472 1741 1693 1779 omnem
1729 1737 2009 1791 naturam,
2047 1728 2303 1795 quamvis

710 1831 767 1874 ct
805 1834 953 1872 nunc
986 1824 1214 1887 propter
1250 1828 1304 1873 te
1347 1819 1453 1873 sub
1499 1816 1738 1890 utroque
1789 1820 1967 1873 voluit
2012 1820 2299 1873 constitui.

709 1910 814 1975 Qui
845 1925 992 1963 nunc
1026 1910 1193 1963 homo
1220 1920 1326 1975 est,
1384 1911 1489 1965 fuit
1518 1928 1719 1981 expers
1763 1912 2211 1981 compositionis,
2246 1921 2301 1965 et

713 2013 910 2057 natura
935 2014 993 2058 et
1015 2003 1297 2073 hypostasi
1330 2003 1589 2073 simplex.
1619 2006 1755 2059 Nam
1785 2004 2135 2059 solummodo
2154 2005 2301 2058 Deus

712 2105 849 2157 erat,
877 2094 1062 2149 nudus
1112 2110 1348 2164 corpore
1379 2103 1436 2147 et
1493 2112 1616 2164 qua:
1666 2111 1874 2167 corpus
1921 2098 2297 2160 comitantur;

712 2204 1030 2257 quanquam
1061 2204 1212 2243 nunc
1236 2190 1575 2243 assumendo
1612 2206 1865 2252 carnem,
1898 2190 2082 2244 anima
2130 2190 2302 2243 ratio-

715 2280 825 2333 nali
855 2280 1169 2349 praeditam,
1197 2280 1378 2349 quoad
1422 2281 1746 2349 hypostasin
1773 2323 1787 2342 ,
1833 2282 2300 2351 compositionem

714 2371 960 2433 admisit,
994 2387 1160 2441 quam
1220 2388 1333 2425 non
1379 2372 1595 2436 habuit,
1632 2373 1815 2442 quoad
1860 2383 2114 2427 naturam
2144 2388 2301 2435 vero,

715 2463 1151 2532 simplicitatem,
1187 2480 1353 2534 quam
1390 2464 1608 2527 habuit,
1650 2481 1760 2519 non
1807 2465 2015 2519 amisit.
2048 2465 2175 2519 Haec
2204 2480 2304 2519 au-

718 2568 827 2607 tem
865 2555 990 2609 ideo
1017 2565 1077 2609 ut
1101 2556 1382 2610 hominem
1422 2558 1659 2611 salvaret
1686 2575 1700 2620 ;
1753 2557 1894 2610 hanc
1951 2557 2102 2611 enim
2128 2558 2300 2611 solam

716 2663 941 2701 causam
989 2649 1296 2703 nativitatis
1324 2649 1537 2711 habuit,
1597 2650 1831 2703 salutem
1867 2650 2015 2704 enim
2064 2658 2299 2715 naturae,

718 2742 876 2810 cujus
908 2741 1000 2795 ille
1031 2741 1454 2811 passibilitatem
1481 2752 1741 2810 tanquam
1768 2742 2078 2796 erassitiem
2105 2742 2299 2806 subiit,

720 2832 998 2886 mediante
1025 2842 1211 2887 mente
1243 2848 1369 2885 cum
1422 2848 1591 2887 carne
1642 2834 1998 2903 conjunctus,
2033 2842 2089 2887 et
2121 2833 2303 2887 factus

717 2935 803 2980 est
836 2926 1003 2979 homo
1041 2924 1274 2979 inferior
1306 2925 1484 2986 Deus,
1524 2925 1635 2977 imo
1669 2926 1853 2978 onmia
1887 2941 1987 2994 pro
2042 2926 2303 2979 omnibus

720 3018 898 3072 factus
933 3025 1020 3070 est
1046 3032 1169 3085 quae
1200 3016 1427 3085 quidem
1460 3017 1513 3069 in
1547 3016 1709 3071 nobis
1735 3024 1888 3079 sunt,
1936 3027 2137 3086 praeter
2171 3033 2300 3087 pec—

719 3116 926 3163 catum.
963 3120 1189 3175 corpus,
1225 3105 1436 3166 anima,
1479 3120 1656 3170 mens,
1702 3122 1801 3175 per
1852 3122 1976 3176 quae
2011 3117 2299 3176 peccatum

717 3206 1065 3267 pervaserat,
1097 3211 1394 3251 commune
1426 3197 1560 3266 quid
1593 3213 1659 3251 ex
1704 3197 1791 3251 his
1829 3198 2017 3262 homo,
2048 3199 2195 3253 Deus
2222 3201 2302 3253 vi-

718 3291 900 3345 sibilis
923 3306 1021 3359 per
1054 3289 1421 3344 intellectum.
1452 3289 1785 3359 Deusigitur
1813 3290 2055 3344 Verbum
2080 3293 2303 3361 proprie
2334 3311 2373 3361 ι)

718 3385 839 3438 sine
874 3382 1243 3438 conversione
1297 3382 1351 3436 in
1402 3397 1523 3436 eam
1571 3382 1997 3451 passibilitatem
2056 3399 2181 3451 qua:
2216 3393 2302 3437 est

720 3486 923 3531 nostra?
948 3483 1162 3530 naturae
1182 3474 1547 3537 exinanitum,
1574 3488 1783 3544 perque
1836 3490 1991 3529 suam
2048 3476 2303 3530 incarna-

722 3569 931 3623 tionem
959 3583 1088 3621 vere
1124 3566 1229 3621 sub
1276 3581 1501 3621 sensum
1554 3566 1861 3621 naturalem
1908 3567 2161 3632 veniens,
2201 3584 2301 3638 ap-

720 3660 911 3729 pellari
942 3659 1111 3728 etrapit
1154 3658 1298 3713 Deus
1323 3658 1559 3712 visibilis
1597 3668 1655 3713 et
1703 3657 1937 3713 inferior
1987 3658 2155 3723 Deus,
2206 3676 2306 3729 per

722 3766 943 3805 carnem
976 3760 1173 3804 natura
1200 3749 1520 3820 passibilem
1550 3749 1793 3805 efficiens
1824 3750 2130 3821 potentiam
2148 3766 2302 3806 suam

725 3843 1051 3896 immensam
1084 3840 1785 3911 eonspicuameu0niam
1831 3858 1963 3897 caro
2012 3842 2305 3898 manifesto

723 3947 849 3985 cum
879 3932 994 3987 Deo
1032 3931 1265 3997 coaluit,
1297 3939 1354 3985 ct
1394 3947 1539 3985 unus
1565 3931 1748 3986 factus
1795 3940 1903 3996 est,
1928 3933 2303 4003 praestantiori

723 4030 1059 4093 superante;
1096 4023 1300 4093 quippe
1329 4022 1570 4077 Verbum
1614 4039 1909 4079 assumens
1931 4040 2054 4079 eam
2081 4024 2305 4096 proprie

722 4132 823 4185 per
851 4115 1252 4187 bypostatieam
1289 4115 1641 4171 identitatem
1687 4116 1989 4171 deificavit.
2024 4116 2180 4173 Unus
2207 4133 2307 4171 au-

724 4214 919 4259 temet
953 4221 1062 4259 non
1118 4220 1287 4258 unum
1350 4204 1555 4260 factum
1618 4214 1724 4271 est,
1787 4206 1971 4277 inquit
2022 4208 2302 4279 magister,

722 4298 1021 4353 ostendere
1058 4298 1248 4351 volens
1278 4299 1445 4352 etiam
1484 4300 1537 4352 in
1576 4298 1866 4356 identitate
1918 4301 2082 4356 unius
2134 4301 2307 4373 hypo-

722 4399 937 4443 staseos
968 4389 1295 4443 conservari
1332 4390 1451 4444 sine
1486 4389 1815 4445 confusione
1848 4393 2156 4446 naturalem
2183 4393 2307 4446 uni-

723 4481 1339 4536 torumdiversitatem.
1372 4481 1469 4535 Est
1516 4481 1664 4535 enim
1698 4481 2060 4552 hypostaseos
2108 4494 2164 4539 ct
2205 4501 2305 4539 na-

724 4582 865 4627 tura:
901 4572 1046 4627 alius
1098 4582 1263 4643 atque
1312 4572 1458 4627 alius
1512 4574 1819 4631 character.
1877 4575 2014 4631 Illud
2076 4588 2303 4632 autem:

730 4685 747 4716 ι
782 4664 851 4750 lit
892 4665 1008 4734 ipse
1034 4680 1254 4735 quoque
1292 4674 1552 4735 tanquam
1582 4666 1721 4720 deus
1770 4666 1997 4731 efficiar,
2036 4679 2305 4738 quantum
2342 4696 2384 4750 ι)

724 4745 818 4810 ille
855 4755 1043 4819 homo,
1081 4774 1099 4806 ι
1141 4771 1253 4810 non
1286 4765 1371 4810 est
1402 4772 1585 4811 meum
1620 4757 1891 4826 proferre,
1933 4760 2027 4827 qui
2069 4760 2309 4829 peccatis

722 4848 1118 4917 eoinquinatus
1150 4863 1295 4912 sum,
1355 4862 1459 4901 nec
1511 4849 1622 4902 ullo
1666 4850 1829 4918 plane
1869 4851 2121 4920 appetitu
2158 4852 2309 4906 feror

722 4938 791 4991 ad
819 4938 987 4991 vitam
1014 4938 1167 4991 illam
1192 4953 1319 5007 qua:
1344 4953 1474 4991 vere
1519 4938 1629 4991 vita
1659 4948 1765 4992 est.
1821 4939 2075 4994 Vestrum
2122 4940 2311 5010 potius

722 5038 827 5093 est,
864 5038 1139 5092 vestrum,
1172 5029 1423 5098 inquam,
1451 5029 1547 5097 qui
1575 5039 1789 5083 natura:
1839 5038 2046 5083 tantam
2080 5046 2311 5101 recupe-

725 5120 889 5175 rastis
917 5118 1337 5190 perfectionem,
1393 5127 1453 5172 ut
1508 5119 1622 5171 sola
1656 5119 1710 5171 in
1743 5120 1901 5173 vobis
1933 5121 2308 5190 conspiciatur

646 5242 649 5245 ν
722 5213 899 5282 gratia
949 5212 1071 5276 Dei,
1100 5212 1309 5281 quique
1343 5226 1441 5279 per
1470 5212 1590 5280 ejus
1622 5210 1920 5275 efﬁcaciam
1958 5220 2170 5267 tantum
2225 5213 2307 5267 in-

724 5304 1032 5357 clarescere
1063 5316 1227 5371 posse
1260 5300 1546 5364 videmini,
1586 5312 1858 5370 quantum
1911 5304 2057 5358 Deus
2092 5320 2190 5374 per
2218 5304 2306 5359 in-

723 5397 1103 5451 carnationem
1143 5411 1299 5449 suam
1358 5394 1425 5447 de
1472 5402 1661 5448 nostra
1706 5393 2027 5450 infirmitate
2078 5396 2307 5465 partici-

2468 597 2550 671 ἦν
2570 619 2585 633 ο
2612 600 2645 655 6
2670 600 2788 669 μὲν
2828 594 2931 667 ἦν,
3003 596 3321 666 διέμεινεν,
3359 597 3389 649 6
3417 596 3488 649 δὲ
3520 597 3633 650 οὐκ
3670 592 3771 665 ἦν,
3803 609 4009 664 πρεσ-

2469 695 2691 747 έλαόεν
2720 710 2733 722 ·
2770 692 2843 743 ἐν
2885 688 3045 759 ἀρχῇ
3094 685 3174 759 ἦν
3217 689 3498 755 ἀναιτίως
3533 690 3648 754 (τίς
3694 691 3806 757 τὰρ
3833 688 4009 741 σιτία

2474 786 2623 839 Θεοῦ
2642 786 2707 853 ;)’
2740 784 2901 837 ἀλλὰ
2931 785 3033 836 καί
3056 782 3317 850 ὕστερον
3344 780 3555 850 γέγονε
3585 780 3660 834 δι’
3700 780 3929 832 αἰτίαν
3960 778 4004 843 ἡ

2464 878 2536 931 δὲ
2582 873 2663 945 ἦν
2720 876 2788 928 τὸ
2840 874 2918 928 σὲ
2974 872 3243 941 σωθῆναι
3296 876 3403 927 τὸν
3449 872 3762 941 ὑϐριστὴν,
3792 873 3864 938 ὃς
3896 870 4006 926 διὰ

2464 968 2643 1024 τοῦτο
2671 965 3049 1036 περιφρονεῖς
3079 969 3333 1032 θεότητα
3361 965 3452 1019 ὅτι
3484 966 3600 1033 τὴν
3630 968 3757 1033 σὴν
3783 968 4009 1035 παχύ-

2467 1078 2620 1129 τητα
2672 1059 3066 1125 κατεδέξατο,
3121 1058 3222 1112 διὰ
3264 1058 3461 1128 μέσου
3494 1060 3644 1125 νοός
3686 1060 4005 1129 ὁμιλήσας

2470 1155 2649 1222 σαρκί
2694 1154 2794 1207 καὶ
2844 1155 3166 1222 γενόμενος
3212 1153 3525 1220 ἄνθρωπος
3555 1156 3589 1207 ό
3614 1152 3772 1206 κάτω
3817 1154 4002 1216 Θεὸς.

2467 1248 2679 1315 ἐπειδὴ
2729 1247 3153 1315 curaret:de
3186 1245 3310 1310 Θεῷ
3338 1247 3435 1299 καί
3463 1245 3721 1314 γέγονεν
3744 1241 3851 1310 εἷς,
3889 1244 4005 1297 τοῦ

2470 1341 2815 1408 κρείττονος
2855 1338 3321 1405 ἑκγιιιήσαντος,
3351 1339 3453 1391 ἵνα
3484 1338 3741 1407 γένωμαι
3775 1337 4006 1391 τοσοῦ-

2471 1449 2581 1485 τον
2612 1432 2757 1498 Θεὸς
2796 1431 2949 1486 ὅσον
2968 1430 3202 1496 ἐκεῖνος
3222 1430 3536 1498 ἄνθρωπος
3555 1430 3653 1500 (3).
3688 1449 3707 1480 ι

2471 1537 2644 1608 Οὗτος
2684 1543 2796 1615 γὰρ
2829 1546 2859 1597 6
2898 1542 2994 1595 νῦν
3030 1560 3113 1595 σοι
3150 1542 3689 1613 καταφρονούμενος,
3739 1543 3910 1611 φησὶν
3929 1542 4004 1608 ³⁸,

2398 1631 2468 1707 ἦν
2494 1637 2583 1689 ὅτε
2614 1638 2709 1688 καὶ
2739 1635 2880 1705 ὑπὲρ
2914 1635 2969 1687 σὲ
2998 1629 3089 1704 ἦν,
3125 1636 3330 1698 παντὸς
3368 1633 3567 1696 αίῶνος
3608 1632 3853 1703 δηλονότι
3902 1636 4007 1686 καὶ

2399 1729 2583 1799 πάσης
2623 1727 2691 1779 δι’
2734 1727 2929 1781 ἑαυτδν
2969 1727 3235 1797 ὑπάρχων
3276 1726 3461 1795 (107
3504 1726 3559 1795 α)
3594 1728 3854 1779 ἐπέκεινα
3894 1726 4007 1794 φύε

2404 1838 2563 1885 σεως,
2598 1821 2705 1874 κᾶν
2735 1820 2828 1874 ὑπ’
2862 1820 3031 1890 ἇμῳω
3076 1818 3175 1872 νῦν
3213 1818 3301 1873 διά
3343 1818 3402 1870 σὲ
3449 1820 3744 1887 γεγένηται
3798 1818 4004 1873 θέλων.

2416 1911 2473 1962 ’0
2512 1908 2607 1962 νῦν
2660 1909 2951 1979 ἄνθρωπος
2994 1909 3088 1961 καὶ
3126 1908 3423 1973 άσὺνθετος
3460 1905 3551 1980 ἦν,
3580 1912 3681 1981 τήν
3725 1926 3784 1963 τε
3830 1911 4005 1979 φύσιν

2403 1998 2609 2062 ἁπλοῦς
2649 2001 2745 2053 καὶ
2784 2000 2884 2072 τὴν
2918 2001 3242 2065 ὑπόστασιν,
3274 2000 3371 2055 άτε
3397 2002 3464 2071 δὴ
3515 2004 3681 2072 μόνον
3706 2002 3859 2066 Θεὸς,
3896 2020 4003 2071 γι.)⁴

2406 2091 2537 2157 μνὸς
2567 2089 2821 2160 σώματος
2844 2092 2941 2145 καὶ
2990 2092 3099 2145 τῶν
3128 2095 3229 2146 ὅσα
3261 2094 3539 2165 σώματος,
3570 2096 3673 2149 κᾶν
3699 2095 3794 2148 νῦν
3821 2114 4005 2166 προσ-

2402 2182 2565 2252 λήψει
2614 2184 2818 2255 σαρκὸς
2852 2184 3043 2255 ψυχὴν
3076 2185 3308 2257 ἐχούσης
3345 2189 3566 2256 νοεράν.
3614 2191 3752 2259 ὅπερ
3800 2191 3903 2243 οὑκ
3930 2187 4005 2259 ἦν

2402 2276 2616 2343 γέγονε,
2646 2274 2746 2347 τὴν
2773 2276 3076 2331 ὑπόστασιν
3108 2278 3385 2343 σύνθετος,
3408 2279 3695 2350 διαμείνας
3725 2282 3865 2351 ὅπερ
3901 2275 4002 2350 ἦν,

2400 2366 2501 2437 τὴν
2530 2368 2693 2437 φύσιν
2722 2368 2949 2433 ἁπλοῦς,
2984 2371 3071 2422 ἵνα
3103 2373 3161 2424 σὲ
3196 2371 3347 2444 σώσῃ
3380 2372 3473 2425 τὸν
3502 2372 3811 2444 ἄνθρωπον.
3844 2376 4003 2427 Ταύ-

2401 2478 2505 2532 την
2526 2463 2636 2535 γάρ
2667 2465 2766 2534 τῆς
2796 2466 3069 2536 σαρκικῆς
3095 2465 3261 2520 αὑτοῦ
3302 2468 3474 2537 μόνην
3513 2468 3696 2521 αἰτίαν
3722 2468 3847 2539 ἔσχε
3872 2486 4001 2536 γεν-

2401 2556 2633 2625 νήσεως.
2694 2556 2791 2627 τὴν
2842 2560 3119 2628 σωτηρίαν
3176 2559 3278 2629 τῆς
3317 2558 3555 2627 φύσεως,
3603 2555 3673 2632 ἧς
3719 2560 4000 2625 ὑπελθὼν,

2402 2649 2656 2721 καθάπερ
2695 2668 2747 2704 τι
2778 2653 2970 2721 πάχος,
3007 2652 3067 2705 τὸ
3095 2652 3341 2722 παθητὸν
3377 2651 3467 2704 διὰ
3502 2653 3671 2722 μέσου
3704 2654 3822 2715 νοὸς
3848 2653 3995 2722 ὡμί-

2400 2741 2531 2811 λησε
2551 2743 2595 2773 ⁸’
2639 2746 2825 2814 σαρκὶ,
2878 2744 3172 2812 γενόμενος
3224 2743 3514 2815 ἄνθρωπος
3558 2746 3586 2797 6
3647 2746 3798 2798 κάτω
3831 2744 3999 2809 Θεὸς,

2402 2828 2582 2881 πάντα
2611 2830 2755 2901 ὑπὲρ
2796 2832 3016 2884 πάντων
3046 2831 3340 2901 γενόμενος
3364 2833 3466 2885 ὃσα
3499 2834 3680 2903 ἡμεῖς,
3722 2834 3863 2902 πλὴν
3893 2834 4001 2903 τῆς

2402 2920 2700 2991 ἁμαρτίας,
2748 2920 2931 2991 σῶμα,
2968 2921 3139 2992 ψυχὴ,
3190 2920 3337 2987 νοῦς,
3384 2923 3455 2976 δι’
3494 2924 3635 2977 ὅσων
3677 2927 3706 2977 6
3739 2925 4002 2989 θάνατος,

2400 3005 2462 3059 τὸ
2500 3008 2681 3061 κοινὸν
2724 3008 2789 3062 ὲκ
2830 3008 3063 3074 τούτων,
3102 3009 3411 3079 ἄνθρωπος,
3447 3011 3577 3075 Θεὸς
3602 3012 3877 3083 ὁρώμενος
3907 3014 4006 3067 διὰ

2401 3097 2464 3147 τὸ
2494 3096 2805 3166 νοούμενον.
2842 3099 3017 3163 Δὺτδς
3049 3094 3142 3153 οὖν
3172 3100 3298 3171 δίχα
3323 3103 3591 3172 τροπῆς⁸⁶
3615 3105 3819 3174 κυρίως
3856 3107 4006 3177 πρὸς

2399 3187 2461 3239 τὸ
2495 3187 2618 3241 καθ’
2647 3190 2797 3259 ἡμᾶς
2837 3190 3004 3260 φύσει
3042 3192 3287 3264 παθητὸν
3322 3194 3584 3259 κενωθεὶς
3612 3198 3641 3249 ὁ
3671 3197 3867 3265 Λόγος,
3898 3199 4005 3251 καὶ

2408 3278 2513 3331 ὑπὸ
2540 3278 2643 3349 τὴν
2691 3282 2927 3353 φυσικὴν
2956 3282 3176 3353 άληθῶς
3208 3285 3299 3339 διὰ
3332 3287 3667 3357 σαρκώσεως
3697 3289 4004 3357 γενόμενος

2410 3370 2687 3440 αἴσθησιν,
2704 3372 2837 3436 Θεὸς
2864 3375 3058 3444 ὁρατὸς
3080 3379 3173 3430 καὶ
3204 3378 3357 3432 κάτω
3382 3378 3516 3443 Θεὸς
3549 3381 4001 3452 προσηγορεύθη,

2408 3461 2498 3514 διά
2529 3464 2731 3534 σαρκὸς
2763 3465 2923 3535 φύσει
2954 3468 3205 3540 παθητῆς
3235 3471 3336 3542 τὴν
3371 3472 3743 3545 ὑπεράπειρον
3770 3478 4001 3546 ἐμφανῆ

2414 3554 2785 3625 ποιησάμενος
2815 3557 3066 3630 δύναμιν,
3091 3560 3280 3632 ἐπειδὴ
3308 3565 3683 3637 συνανεκράθη
3710 3565 3832 3636 Θεῷ
3856 3584 4002 3637 προ-

2410 3644 2584 3715 δήλως
2610 3648 2643 3717 ἡ
2675 3647 2812 3717 σάρξ
2849 3651 2945 3702 καὶ
2976 3653 3202 3720 γέγονεν
3231 3648 3334 3719 εἷς,
3380 3654 3475 3708 τοῦ
3506 3657 3817 3725 κρείττονος
3857 3660 4006 3712 ἐκνι-

2412 3740 2703 3807 κήσαντος,
2737 3740 3076 3816 ὑποστατικῇ
3106 3747 3397 3818 ταυτότητι
3440 3750 3647 3818 κυρίως
3699 3750 3874 3822 αὑτὴν
3902 3750 4003 3804 τοῦ

2413 3830 2814 3901 προσλαϐόντος
2848 3835 3021 3904 Λόγου
3054 3836 3378 3903 θεώσαντος.
3410 3836 3504 3906 Είς
3530 3842 3585 3896 δὲ
3611 3844 3857 3911 γέγονεν,
3880 3845 4005 3900 ἀλλ’

2411 3921 2508 3991 οὑχ
2543 3921 2620 3985 ἓν,
2660 3923 2689 3976 6
2720 3923 3042 3990 διδάσκαλος
3072 3922 3248 3991 εἶπεν,
3279 3929 3495 3993 δεικνὺς
3527 3932 3610 3999 ὅτι
3641 3932 3747 3984 κάν
3771 3934 3837 4003 τῆ
3867 3949 4007 3987 ταυ-

2410 4012 2599 4083 τότητι
2642 4014 2745 4085 τῆς
2795 4020 2927 4087 μιᾶς
2975 4018 3328 4085 ὑποστάσεως
3376 4022 3694 4094 μεμένηκεν
3724 4024 3758 4094 ἡ
3787 4026 4004 4098 φυσικὴ

2410 4106 2519 4159 τῶν
2561 4108 2861 4178 ήνωμένων
2902 4112 3162 4183 ἑτερότης
3212 4114 3552 4185 άσὺγχυτοςο
3591 4117 3751 4187 εῐπερ
3799 4116 3860 4169 τὸ
3899 4117 4007 4187 μὲν

2412 4198 2788 4265 ὑποστάσεως,
2838 4202 2899 4256 τὸ
2939 4204 2997 4258 δὲ
3032 4206 3247 4274 φύσεως
3285 4207 3524 4279 ὑπάρχει
3557 4206 3884 4279 δηλωτικόν.
3928 4209 4011 4261 Τὸ

2411 4291 2542 4362 γὰρ,
2589 4311 2608 4344 ι
2633 4292 2751 4348 Ἵνα
2786 4295 3035 4367 γένωμαι
3064 4298 3323 4355 τοσοῦτον
3364 4300 3487 4361 θεὸς
3516 4301 3643 4355 ὅσον
3672 4301 3884 4365 ἐκεῖνος
3907 4300 4011 4355 άν-

2414 4382 2652 4455 θρωπος,
2686 4404 2704 4437 ι
2750 4388 2853 4440 οὑκ
2893 4390 3027 4460 ἐμὸν
3058 4390 3240 4462 (10⁸1
3268 4392 3321 4461 b)
3346 4392 3552 4462 λέγειν,
3585 4391 3683 4446 τοῦ
3717 4393 4011 4463 ρυπωθέν-

2411 4490 2505 4537 τος
2550 4478 2617 4547 τῇ
2666 4478 2910 4549 ἁμαρτίᾳ
2943 4481 3039 4533 καὶ
3082 4482 3304 4547 τελείως
3345 4484 3449 4554 τῆς
3480 4485 3649 4548 ὅντως
3690 4484 3862 4553 οὔσης
3906 4486 4012 4537 άν-

2413 4566 2769 4636 ορεκτοῦντος
2809 4569 2976 4641 ζωῆς,
3012 4572 3129 4626 ἀλλ’
3171 4574 3348 4645 ὑμῶν,
3375 4575 3488 4629 τῶν
3519 4575 3788 4647 ἀπολήψει
3817 4577 4011 4648 τελείᾳ

2412 4660 2512 4728 τῆς
2553 4661 2769 4729 φύσεως
2812 4663 2877 4717 ὲκ
2926 4664 3096 4736 μόνης
3130 4668 3550 4738 γνωριζομένων
3600 4669 3701 4740 τῆς
3748 4669 4009 4741 χάριτος,

2412 4751 2507 4803 καὶ
2543 4750 2848 4820 μελλόντων
2885 4755 2950 4807 ὲκ
2988 4756 3091 4825 τῆς
3129 4758 3251 4810 κατ’
3282 4758 3455 4830 αὑτὴν
3493 4760 3747 4812 τοσοῦτον
3796 4759 4011 4812 διαδει-

2410 4840 2603 4910 χθῆναι
2639 4842 2682 4874 ⁵⁸
2739 4842 3023 4916 δυνάμεως
3074 4848 3198 4901 ὅσον
3238 4852 3267 4903 6
3314 4850 3475 4919 φύσει
3529 4850 3662 4916 Θεὸς
3710 4852 3811 4924 τῆς
3840 4853 4011 4923 ἡμῶν

2411 4935 2719 5006 σαρκωθεὶς
2776 4938 3063 5003 ἀσθενείας
3121 4942 3470 5013 μετείληφεν,
3540 4944 3997 5015 άντιμετρουμέ·

2411 5028 2619 5097 νηςδν,
2667 5028 2742 5094 ὡς
2786 5027 2929 5084 οἶδεν
2962 5032 3142 5096 αὐτὸς,
3180 5037 3247 5105 τῇ
3276 5034 3441 5088 αὑτοῦ
3481 5035 3731 5100 κενώσει,
3755 5035 3862 5105 τῆς
3889 5037 4012 5090 τῶν

2411 5118 2596 5189 χάριτι
2628 5121 2953 5193 σωζομένων
2991 5123 3262 5190 θεώσεως,
3286 5126 3424 5179 ὅλων
3464 5126 3712 5180 θεοειδῶν
3748 5129 3844 5180 καὶ
3874 5126 4008 5182 ὅλου

2411 5211 2547 5265 Θεοῦ
2574 5216 2919 5287 χωρητικῶν,
2951 5218 3044 5271 καὶ
3071 5218 3233 5288 μόνου
3260 5220 3655 5291 γενησομένων.
3685 5219 3864 5275 Τοῦτο
3892 5222 4010 5291 γάρ

2410 5306 2443 5375 ἡ
2474 5305 2753 5370 τελείωσις
2790 5308 2929 5379 πρὸς
2961 5310 3029 5381 ῆν
3074 5310 3401 5365 σπεύδουσιν
3446 5315 3494 5365 οἱ
3533 5311 3740 5384 ταύτην
3779 5312 4009 5384 άληθῶς

2414 5397 2633 5453 ἔσεσθαι
2652 5400 2697 5431 ⁸¹
2728 5401 2827 5467 τὴν
2861 5403 3199 5471 ἐπαγγελίαν
3226 5406 3634 5469 πιστεύσαντες.

2017 5531 2249 5588 VARLE
2290 5532 2695 5593 LECTIONES.

794 5645 837 5727 3f
864 5649 999 5716 φησὶ
1052 5648 1140 5702 ed.
1198 5648 1315 5702 Gal.
1384 5648 1434 5727 _”
1460 5648 1761 5727 abnuunt:
1797 5643 2050 5727 ed.'Gal._
2112 5644 2544 5727 ‘Lxupfwchofxa
2572 5651 2782 5727 τρόπης
2840 5652 2928 5727 ed.
2980 5653 3097 5709 Gal.
3132 5724 3145 5727 _
3177 5654 3406 5727 “Nam.
3451 5655 3575 5709 eod.
3614 5654 3759 5710 Gud.
3801 5655 4007 5727 eadem

722 5714 948 5789 antiqua
979 5735 1172 5772 manus
1197 5714 1662 5773 emendationem
1688 5717 1939 5787 asoripsit
1969 5714 2306 5786 διδαχθῆναι.
2380 5719 2446 5751 ⁸⁸·
2478 5714 2618 5774 ἆντῖ
2652 5714 3028 5795 μετρουμένης
3080 5724 3170 5781 ed.
3216 5725 3334 5780 Gal.
3357 5714 3385 5727 ν
3423 5728 3465 5758 δ’
3498 5726 3728 5780 ἕπεσθαι
3752 5726 3845 5779 ed.
3875 5726 4008 5786 Gal.

798 5842 873 5913 (ὅ)
912 5842 1061 5897 Idem
1099 5841 1233 5897 ibid.
1269 5858 1391 5913 cap.
1423 5842 1507 5907 19,
1545 5858 1600 5913 p.
1630 5842 1754 5896 5'57.
