4200 6440
247 399 373 465 Ῑϋίι

1473 400 1986 464 AMBIGUORUM
2031 402 2280 463 LIBER.

3348 397 3487 464 105?.

239 515 431 585 pavit;
465 515 558 568 sed
583 515 736 570 solus
762 516 854 571 ille
879 517 1034 570 novit
1072 530 1198 570 cum
1229 529 1329 570 sua
1358 513 1861 584 ipsiusinanitione
1898 530 2093 568 eorum
2149 528 2471 584 comparare
2526 513 2935 568 dcilicationem
2989 512 3083 584 qui
3130 526 3230 581 per
3259 513 3486 582 gratiam

237 606 620 661 salvabnntur.
649 609 691 661 li
718 608 816 661 toti
848 616 1013 663 erunt
1049 607 1371 670 deiformes,
1401 615 1574 660 totum
1599 605 1636 660 ii
1686 605 1857 659 Deum
1899 607 2186 675 recipient,
2223 617 2278 660 et
2339 607 2393 659 in
2446 606 2564 660 solo
2599 607 2709 660 Deo
2749 607 3172 676 conquiescent.
3239 605 3362 661 Haec
3405 604 3488 661 est

240 693 337 750 illa
375 695 642 764 perfectio
685 695 752 749 ad
808 712 973 766 quam
1032 696 1298 751 festinant
1351 695 1388 750 ii
1431 695 1528 764 qui
1580 693 1819 749 credunt
1859 709 1988 748 vere
2012 697 2275 765 consequi
2317 695 2458 750 hanc
2491 697 2936 766 promissionem.

243 877 356 928 Τοῦ
384 878 570 931 αὐτοῦ
601 879 669 932 ἐκ
693 880 798 933 τοῦ
828 880 1111 948 δευτέρου
1143 881 1277 948 περὶ
1317 881 1454 934 Υἰοῡ
1475 883 1688 950 Λόγου.
1723 883 1809 946 εις
1838 883 1884 938 Α

1838 883 1884 938 Α
1915 879 2166 948 Ejusdem
2214 895 2277 932 ex
2304 883 2531 934 secunda
2572 883 2814 935 oratione
2857 881 2919 934 de
2957 881 3110 946 Filio,
3144 887 3196 936 in
3235 886 3288 937 id
3311 901 3329 938 .'
3363 904 3379 932 ι
3423 883 3485 936 (.71

311 970 398 1021 τό·
449 987 466 1019 ι
501 969 594 1034 Ὡς
641 971 759 1038 μὲν
807 973 919 1040 τὰρ
957 973 1168 1042 Λόγος.
1214 972 1352 1025 οὔτε
1407 971 1677 1036 ὑπήκοος
1707 968 1806 1041 ἦν,

308 1059 450 1108 οὔτε
493 1058 756 1124 ἀνήκοος
781 1075 794 1088 ·
828 1058 948 1112 τῶν
984 1062 1096 1130 γὰρ
1128 1061 1246 1115 ὑπὸ
1285 1061 1450 1130 χεῖρα
1499 1061 1686 1114 ταῦτα
1714 1061 1812 1114 καὶ

310 1150 427 1202 τῶν
456 1152 747 1220 δευτέρων
769 1170 784 1185 ⁸
830 1155 896 1207 τὸ
932 1153 1050 1224 μὲν
1075 1153 1193 1208 τῶν
1220 1153 1809 1222 εὐγνωμονεστέρων,

305 1242 375 1292 τὸ
408 1241 476 1293 δὲ
499 1243 616 1296 τῶν
637 1244 824 1308 ἀξίων
845 1246 1172 1312 κολάσεως.
1204 1247 1301 1312 Ὠς
1327 1246 1394 1299 δὲ
1419 1247 1644 1300 δούλου
1668 1264 1810 1314 μορ-

303 1333 416 1400 φὴ.
450 1339 914 1402 σιργκατασαίγει
957 1337 1082 1405 τοῖς
1134 1338 1492 1407 ὁμοδούλοις
1519 1339 1616 1392 καὶ
1671 1338 1803 1393 δού-

304 1425 462 1488 λοις,
494 1425 589 1476 καὶ
623 1427 959 1494 μορφοῦται
1002 1427 1069 1480 τὸ
1115 1428 1460 1495 ἀλλότριον,
1497 1427 1646 1482 ὅλον
1673 1430 1743 1482 ἐν
1764 1430 1809 1460 ⁸³

305 1513 498 1578 ἐαυτῷ
549 1515 652 1584 ἐμὲ
701 1516 899 1585 φέρων
917 1518 1066 1586 μετὰ
1089 1518 1207 1572 τῶν
1236 1519 1414 1588 ἐμῶν,
1445 1521 1546 1573 ἵνα
1575 1519 1646 1573 ἐν
1670 1519 1810 1574 ἐαυ-

302 1605 386 1669 τῷ
415 1605 738 1677 δαπανήσῃ
792 1609 857 1662 τὸ
911 1609 1134 1678 χεῖρον,
1165 1613 1243 1677 ὡς
1271 1613 1460 1680 κηρὸν
1487 1613 1626 1680 πῦρ,
1666 1614 1702 1680 ἢ
1731 1614 1810 1678 ὡς

304 1696 523 1765 ἀτμίδα
563 1698 674 1767 γῆς
706 1699 901 1768 ἣλιος,
938 1701 1100 1772 κάγὼ
1138 1703 1452 1772 μεταλάϐω
1485 1704 1604 1758 τῶν
1653 1705 1809 1759 ἐκεί-

307 1800 424 1838 νου
453 1786 550 1840 διὰ
580 1787 697 1855 τὴν
720 1792 1085 1859 σύγκρασιν.
1129 1796 1235 1847 Διὰ
1283 1793 1458 1848 τοῦτο
1487 1796 1638 1866 ἔργῳ
1669 1796 1808 1865 τιμᾷ

303 1875 421 1942 τὴν
449 1879 748 1948 ὑπακοὴν,
781 1882 880 1935 καὶ
925 1883 1194 1951 πειρᾶται
1229 1887 1449 1955 ταύτης
1475 1889 1544 1941 ἐκ
1571 1887 1672 1941 τοῦ
1697 1904 1808 1941 πα-

301 1966 451 2022 θεῖν.
483 1973 562 2023 Οὺ
613 1972 723 2041 γὰρ
765 1977 976 2029 ἱκανὸν
1014 1980 1057 2047 1}
1095 1978 1385 2045 διάθεσις,
1422 1979 1627 2050 ὥσπερ
1662 1981 1806 2036 οὐδὲ

305 2061 474 2126 ἡμῖν,
505 2066 557 2116 εἰ
581 2065 666 2132 μὴ
699 2068 796 2120 καὶ
829 2069 926 2123 διὰ
957 2070 1075 2124 τῶν
1103 2073 1466 2142 πραγμάτων
1507 2076 1803 2144 χωρῆσαι-

294 2168 438 2220 Iter.
473 2157 691 2226 Ἔργον
718 2161 826 2229 γὰρ
859 2162 1166 2230 ἀπόδειξις
1196 2164 1539 2234 διαθέσεως.
1575 2171 1656 2221 Οὐ
1687 2169 1805 2238 χεῖ-

289 2261 410 2312 ρον
431 2245 502 2298 δὲ
541 2249 687 2316 ἴσως
714 2252 960 2308 κάκεῖνο
1001 2256 1358 2320 ὑπολαϐεῖν,
1389 2257 1478 2312 ὅτι
1512 2258 1806 2330 δοκιμάζει

301 2334 420 2402 τὴν
448 2339 747 2409 ἡμετέραν
774 2345 1076 2413 ὑπακοὴν,
1112 2349 1210 2402 καὶ
1250 2349 1446 2404 πάντα
1464 2351 1671 2420 μετρεῖ
1683 2352 1806 2419 τοῖς

304 2428 524 2484 ἑαυτοῦ
547 2433 765 2489 πάθεσι
787 2436 830 2466 θ’
863 2440 936 2491 τὰ
961 2440 1235 2508 ἡμέτερα,
1267 2442 1448 2512 τέχνη
1475 2447 1806 2513 φιλανθρω-

303 2519 469 2584 πίας,
513 2520 672 2576 ὥστε
718 2526 884 2594 ἐχειν
929 2528 1146 2584 ειδέναι
1181 2531 1306 2599 τοῖς
1329 2532 1546 2588 ἑαυτοῦ
1575 2536 1644 2589 τὰ
1665 2536 1805 2606 ἡμέ-

303 2625 468 2677 τερα,
508 2613 607 2666 καὶ
654 2618 856 2670 πόαν
891 2619 1010 2686 μὲν
1059 2623 1488 2694 ἁπαιτούμεθα,
1515 2629 1714 2680 πόσον
1737 2627 1807 2681 δὲ

307 2707 787 2774 συγχωρούιιεθα,
813 2713 1201 2784 λογιζομένης
1220 2718 1370 2786 μετὰ
1416 2717 1524 2771 τοῦ
1547 2717 1808 2786 πάσχειν
1882 2754 1884 2756 τ

306 2795 399 2846 καὶ
430 2794 540 2862 τῆς
564 2797 881 2868 ἀσθενείας
902 2804 998 2873 (4).
1013 2824 1032 2858 ι

240 3169 254 3184 .
305 3085 492 3184 αρε
528 3089 582 3156 a)
631 3089 718 3184 ᾯς
781 3093 880 3184 μὲν
941 3094 1049 3166 γὰρ
1099 3059 1285 3164 φύσει.
1330 3100 1462 3163 Θεὸς
1510 3100 1681 3169 Λόγος
1726 3104 1803 3167 ⁸⁸,

231 3173 498 3241 ὕπακοῆς,
532 3178 684 3245 φησὶ,
709 3179 800 3231 καὶ
832 3185 1120 3255 παρακοῆς
1147 3187 1364 3251 πάντως
1390 3187 1696 3262 ἐλεύθερος,
1724 3193 1804 3246 ὅτι

230 3265 328 3354 τισὶ
361 3264 518 3330 φύσει
545 3269 724 3339 πάσης
749 3273 968 3344 ἐντολῆς
998 3275 1074 3339 ὡς
1118 3278 1322 3348 Κύριος
1355 3281 1591 3351 ὑπάρχει
1617 3282 1800 3354 δοτὴρ,

1985 973 2127 1024 enim
2175 971 2415 1035 Verbum,
2446 989 2537 1026 nec
2582 973 2821 1026 obediens
2851 982 2988 1034 erat,
3030 990 3122 1026 nec
3165 975 3482 1037 inobediens,

1981 1063 2092 1114 Iure
2114 1064 2253 1115 enim
2286 1064 2350 1116 iis
2395 1066 2480 1133 qui
2515 1064 2742 1117 aliorum
2774 1066 2996 1134 imperio
3031 1073 3274 1118 tenentur
3303 1084 3486 1120 convc-

1983 1156 2155 1216 uiunt,
2187 1156 2380 1225 quique
2410 1156 2532 1210 aliis
2567 1156 2809 1220 subsunt,
2841 1155 2978 1210 illud
3025 1158 3276 1211 nimirum
3309 1158 3483 1227 probis

1985 1256 2142 1314 atque
2170 1251 2420 1312 honestis,
2469 1249 2562 1302 hoc
2619 1250 2866 1319 improbis
2919 1258 3077 1319 atque
3116 1248 3370 1318 supplicio
3399 1251 3482 1303 di-

1981 1339 2116 1406 gnis.
2153 1340 2215 1393 Ut
2243 1350 2417 1394 autem
2449 1342 2583 1395 servi
2632 1341 2804 1410 [arma
2845 1341 2913 1394 ad
2946 1357 3240 1404 conservos,
3279 1342 3384 1394 imo
3415 1341 3483 1394 ad

1979 1444 2155 1483 servos
2175 1447 2289 1483 sese
2309 1433 2534 1486 demittit
2565 1441 2724 1502 atque
2764 1431 2998 1485 alienam
3051 1432 3275 1500 formam
3309 1432 3480 1485 susci-

1982 1519 2080 1589 pit,
2114 1529 2278 1573 totum
2308 1537 2391 1574 me
2422 1521 2582 1576 simul
2615 1539 2732 1576 cum
2766 1521 3163 1589 inﬁrmitatibus
3193 1523 3320 1575 meis
3343 1523 3398 1574 in
3426 1537 3481 1575 se

1978 1611 2090 1680 ipso
2141 1611 2334 1682 ferens,
2390 1623 2468 1674 ut,
2521 1614 2658 1684 quod
2709 1614 2938 1668 deterius
2991 1621 3087 1677 est,
3164 1614 3218 1666 in
3265 1628 3320 1666 se
3366 1613 3479 1682 ipso

1981 1700 2225 1756 absumat
2262 1711 2311 1754 et
2345 1703 2611 1772 conﬁciat,
2655 1722 2758 1758 non
2804 1719 2950 1758 secus
2981 1719 3042 1756 ac
3097 1717 3274 1756 ceram
3322 1703 3478 1770 ignis,

1981 1805 2074 1850 aut
2104 1804 2260 1851 terra:
2292 1814 2541 1868 uaporem
2563 1799 2689 1853 solis
2716 1799 2915 1861 radius,
2952 1805 3108 1866 atque
3135 1797 3243 1865 ipse
3284 1796 3344 1848 ob
3387 1796 3481 1848 Ιιιι-

1972 1887 2657 1958 jusmodiconjuuctionem
2713 1888 2967 1942 bonorum
3019 1884 3164 1939 illius
3217 1886 3478 1954 particeps

1983 1977 2131 2046 ﬁam.
2159 1978 2417 2044 Quocirca
2449 1995 2506 2034 re
2552 1981 2668 2050 ipsa
2699 1978 3047 2032 obedientiam
3076 1978 3269 2049 honore
3289 1974 3475 2044 afﬁcit,

1981 2084 2198 2139 eamque
2235 2071 2582 2140 perpetiendis
2634 2069 2904 2123 doloribus
2959 2070 3244 2140 experitur.
3299 2068 3478 2139 Neque

1979 2158 2118 2212 enim
2140 2159 2434 2228 sufﬁciebat
2465 2161 2630 2214 animi
2657 2161 2878 2231 affectio,
2919 2159 3358 2229 quemadmodum
3387 2174 3478 2213 nec

1973 2249 2142 2313 nobis,
2163 2251 2264 2303 nisi
2297 2267 2516 2305 manum
2545 2268 2748 2322 quoque
2795 2251 3034 2321 operibus
3071 2249 3478 2314 admoneamus;

1975 2359 2106 2413 opus
2131 2344 2267 2396 enim
2305 2345 2592 2414 affectionis
2619 2346 2785 2398 animi
2815 2345 3108 2398 dectaratio
3135 2353 3232 2397 est.
3266 2344 3339 2396 Ac
3367 2343 3476 2412 {or-

1981 2445 2120 2490 tasse
2178 2435 2314 2490 illud
2363 2453 2567 2508 quoque
2629 2453 2732 2490 non
2795 2436 3114 2490 incommode
3175 2435 3476 2488 existimare

1975 2542 2250 2597 queamus,
2278 2544 2397 2580 cum
2425 2528 2773 2581 obedientiam
2802 2537 3038 2580 nostram
3055 2524 3334 2596 explorare
3355 2541 3477 2594 pas-

1975 2618 2308 2686 sionibusque
2335 2620 2445 2672 suis
2500 2619 2679 2672 omnia
2736 2619 2931 2682 metiri,
2961 2627 3074 2671 arte
3107 2617 3341 2688 quadam
3373 2618 3474 2670 Im-

1978 2711 2252 2764 mauitatis
2283 2719 2331 2763 et
2362 2710 2734 2764 benevolentia:
2757 2727 2886 2782 ergo
2917 2727 3078 2782 genus
3111 2719 3369 2772 nostrum,
3399 2711 3476 2762 ita

1977 2809 2034 2853 ut
2061 2817 2124 2854 ea:
2149 2802 2256 2855 suis
2287 2811 2470 2855 nostra
2527 2803 2794 2856 cstimare
2830 2811 3012 2874 queat,
3048 2813 3404 2874 quantumque
3427 2808 3477 2854 et

1979 2911 2012 2946 a
2038 2893 2181 2946 nobis
2213 2894 2349 2962 exigi
2364 2902 2414 2946 et
2434 2893 2721 2947 condonari
2743 2894 2943 2959 debeat,
2973 2910 3199 2964 expensa
3227 2894 3475 2948 nimirum

1976 3000 2094 3038 cum
2123 2985 2449 3055 passionibus
2481 2985 2672 3039 virium
2703 2993 3007 3040 nostrarum
3062 2985 3468 3040 imbecillitate.»

1986 3100 2044 3153 ln
2081 3108 2351 3169 quantum
2379 3099 2529 3153 enim
2559 3099 2800 3153 Verbum
2848 3105 2933 3153 est
2957 3097 3280 3152 naturaliter
3306 3098 3472 3160 Deus,

1907 3191 1981 3246 ita
2011 3205 2114 3244 nec
2147 3189 2416 3243 obediens
2448 3204 2552 3244 nec
2603 3188 2932 3243 inobedicns
2961 3187 3072 3242 dici
3111 3196 3312 3258 potest,
3339 3203 3476 3256 quo-

1906 3278 2053 3331 niam
2087 3277 2415 3331 naturaliter
2440 3277 2706 3331 Dominus
2732 3285 2817 3330 est
2855 3276 3036 3330 omnis
3063 3275 3344 3344 praecepti,
3376 3291 3476 3329 cu-

228 3347 298 3446 ἦς
331 3356 362 3423 ἡ
388 3356 484 3423 μὲν
513 3359 726 3431 ὑπακοὴ
751 3365 981 3434 τήρησίς
1012 3369 1182 3433 ἐστιν,
1264 3370 1319 3424 δὲ
1347 3347 1600 3443 παραξοὴ
1636 3347 1806 3446 παρἆ.

1901 3370 1991 3439 jus
2015 3376 2072 3422 et
2103 3377 2298 3423 auctor
2348 3368 2597 3433 exsistit;
2625 3367 2884 3437 praecepti
2941 3381 3108 3436 porro
3157 3365 3474 3420 observatio

230 3444 410 3537 casu.
450 3450 570 3502 Τῶν
609 3453 717 3524 γὰρ
757 3456 917 3522 φύσει
969 3462 1304 3531 κινουμένων
1356 3465 1384 3516 ὁ
1433 3466 1554 3518 κατ’
1584 3444 1804 3537 ἐντολὴν

1904 3469 1989 3514 est
2013 3459 2352 3524 obedientia,
2410 3457 2777 3529 transgressio
2835 3467 3021 3512 autem
3075 3457 3471 3512 inobedientia.

229 3536 394 3606 νόμος
435 3542 527 3592 καὶ
564 3544 596 3611 ἡ
633 3546 752 3596 κατ’
777 3547 940 3600 αὑτὸν
973 3549 1254 3621 πλήρωσις
1285 3553 1399 3605 ἐστι
1430 3553 1474 3584 ⁸⁸
1505 3555 1599 3606 καὶ
1629 3536 1805 3626 παρά·
1831 3542 1873 3600 C

1831 3542 1873 3600 C
1908 3553 2240 3622 Adimpletio
2263 3551 2412 3606 enim
2459 3560 2517 3605 et
2541 3549 2907 3619 transgressio
2950 3549 3089 3620 legis
3117 3557 3173 3602 et
3212 3547 3474 3618 praecepti

229 3627 412 3694 ϐασις,
439 3631 558 3702 οὐχὶ
591 3632 632 3663 ’⁸⁷
671 3629 731 3688 οὗ
759 3637 916 3702 φύσει
943 3638 1004 3691 τὸ
1026 3636 1166 3694 εἶναι
1202 3641 1390 3705 στάσις
1417 3645 1584 3696 ἐστίν.

321 3888 407 3953 Ὠς
445 3892 500 3946 δὲ
534 3894 721 3950 δούλου
767 3904 948 3973 μορφῇ
981 3903 1050 3968 ⁸⁸,
1081 3905 1358 3960 τουτέστιν
1388 3909 1672 3979 ἄνθρωπος
1694 3911 1798 3980 φύ-

229 3993 312 4028 σε·
348 3981 654 4050 γενόμενος,
703 3991 1011 4062 συγκατέϐη
1047 3997 1159 4058 τοῖς
1210 3997 1520 4067 ὁμοδούλοις
1551 4001 1646 4056 καὶ
1679 4003 1801 4056 δού-

225 4068 364 4134 λοις,
395 4077 702 4145 μορφωθεὶς
727 4081 787 4134 τὸ
816 4082 1116 4155 ἀλλότριον,
1139 4087 1253 4158 ἅμα
1279 4093 1343 4161 τῇ
1387 4093 1545 4159 φύσει
1593 4095 1690 4148 καὶ
1739 4097 1801 4151 τὸ

225 4163 354 4260 καθ’
381 4167 527 4235 ἡμᾶς
546 4170 645 4238 τῆς
671 4173 884 4240 φύσεως
907 4176 951 4210 δ’
971 4179 1168 4244 ὑποδὺς
1192 4183 1457 4256 παθητόν.
1495 4187 1800 4260 ’Δλλότριον

225 4255 339 4325 γὰρ
358 4257 454 4351 τοῦ
491 4261 632 4314 κατὰ
659 4264 819 4332 φύσιν
843 4267 1230 4343 ἀναμαρτήτου
1257 4255 1427 4330 τὸτοῦ
1451 4255 1800 4351 ἁμαρτήσαν-

224 4363 319 4410 τος
351 4349 646 4444 ἐπιτίμιον,
695 4356 832 4428 ὅπερ
864 4361 982 4414 ἐστὶ
1029 4363 1075 4394 ⁸⁰
1116 4367 1176 4418 τὸ
1203 4367 1291 4420 διὰ
1350 4371 1450 4441 τὴν
1486 4349 1798 4444 παράϐασιν

224 4441 557 4510 κατακριθὲν
581 4449 678 4514 τῆς
717 4449 846 4519 ὅλης
873 4451 1087 4520 φύσεως
1121 4457 1380 4527 παθητόν.

299 4616 360 4668 ΕΞ
387 4617 442 4671 δὲ
471 4621 728 4686 κενωθεὶς
757 4625 856 4694 μὲν
884 4625 1069 4680 δούλου
1103 4634 1282 4702 μορφῇ
1307 4635 1371 4697 ⁵³,
1407 4637 1684 4692 τουτέστιν
1706 4641 1797 4695 ἄν·

225 4705 468 4800 θρωπος,
523 4716 876 4779 συγκαταϐὰς
925 4719 980 4772 δὲ
1036 4722 1336 4792 μορφοῦται
1389 4727 1452 4779 τὸ
1493 4729 1793 4800 ἀλλότριον,

223 4799 504 4854 τουτέστιν
559 4804 846 4875 ἄνθρωπος
880 4811 1040 4878 φύσει
1072 4814 1278 4881 γίνεται
1314 4818 1358 4848 ⁵³
1389 4819 1631 4890 παθητὸς
1647 4799 1667 4887 ,ν
1701 4825 1794 4876 κέ·-

1907 3658 1976 3696 ex
2007 3657 2077 3694 eo
2112 3656 2299 3695 rerum
2331 3654 2533 3709 genere
2561 3646 2691 3691 sunt
2729 3653 2852 3707 qua:
2881 3646 3091 3692 motum
3124 3636 3351 3700 habent,
3380 3653 3450 3692 ne

1909 3749 2187 3805 quaquam
2219 3741 2404 3786 autem
2438 3731 2503 3785 ad
2538 3747 2666 3786 cum
2724 3731 2914 3786 referri
2949 3730 3174 3795 debent,
3203 3732 3360 3800 cujus
3381 3745 3451 3785 na

1910 3838 2032 3880 tura
2055 3835 2113 3881 et
2137 3823 2376 3878 essentia
2404 3831 2489 3876 est
2512 3822 2788 3891 ipsissima
2836 3823 3016 3892 quies.

1978 3913 2049 3969 Ut
2076 3923 2262 3968 autem
2297 3911 2443 3966 servi
2489 3911 2688 3976 forma,
2725 3911 2778 3965 id
2809 3922 2914 3974 est,
2953 3912 3120 3966 homo
3163 3919 3362 3966 natura
3393 3911 3474 3966 l'a-

1909 4013 2053 4067 ctus,
2091 4001 2318 4058 demisit
2344 4017 2402 4056 se
2433 4001 2499 4055 ad
2532 4015 2851 4064 conservos,
2884 4000 2996 4055 imo
3019 4015 3230 4066 servos,
3262 3999 3321 4058 in
3341 4006 3477 4059 alic-

1908 4111 2033 4150 nam
2081 4095 2315 4148 formam
2367 4102 2631 4156 mutatus,
2676 4092 2843 4146 simul
2877 4107 3002 4147 cum
3055 4099 3252 4150 natum
3307 4097 3473 4151 etiam

1907 4185 2328 4256 passibilitatem
2376 4193 2577 4238 nostrae
2621 4190 2834 4237 natura!
2859 4187 3123 4254 suscepit.
3163 4186 3260 4241 Est
3287 4187 3476 4256 utique

1905 4276 2188 4347 peccantis
2215 4290 2427 4330 merces
2475 4275 2716 4329 alienum
2751 4276 3011 4346 quiddam
3036 4277 3089 4333 ei
3130 4278 3225 4348 qui
3256 4294 3356 4348 per
3381 4296 3477 4334 na-

1909 4376 2090 4421 turam
2128 4381 2355 4436 peccare
2379 4365 2593 4431 nescit;
2629 4365 2720 4420 illa
2767 4377 2952 4420 autem
2985 4382 3202 4423 merces
3231 4375 3319 4422 est
3344 4384 3476 4424 con-

1905 4459 2188 4514 demnatio
2210 4459 2380 4513 totius
2404 4467 2637 4522 naturae,
2673 4467 2732 4512 ut
2753 4459 2997 4528 patiatur
3043 4469 3269 4530 propter
3288 4471 3471 4515 trans-

1904 4550 2262 4620 gressionem.

1979 4644 2036 4699 Si
2062 4657 2194 4696 vero
2232 4643 2554 4698 exinanitus
2598 4644 2744 4699 servi
2784 4644 2981 4708 forma,
3026 4643 3132 4699 hoc
3179 4653 3265 4699 est
3306 4645 3468 4700 homo

1905 4735 2086 4790 factus
2107 4735 2230 4799 fuit,
2265 4743 2323 4790 et
2361 4735 2755 4790 condescendit
2786 4737 2840 4790 in
2873 4737 3104 4791 alienam
3135 4736 3385 4799 formam,
3415 4737 3465 4792 id

1903 4837 2007 4890 est,
2036 4825 2200 4879 homo
2232 4825 2291 4878 lit
2339 4833 2532 4878 natura
2565 4826 2842 4895 passibilis
2884 4841 2982 4896 per
3010 4825 3462 4888 exinanitionem,

223 4905 389 4988 νωσις
423 4892 530 4959 ἄρα
555 4896 602 4927 ⁵³
632 4902 760 4966 περὶ
785 4902 947 4954 αὑτὸν
972 4904 1047 4966 ὡς
1078 4907 1281 4973 ἀγαθὸν
1307 4909 1441 4979 ὁμοῦ
1485 4912 1581 4963 καὶ
1609 4914 1797 4981 φιλᾶν·-
1828 4893 1870 4948 D

1828 4893 1870 4948 θ
1901 4931 2033 4970 sane
2072 4916 2124 4968 in
2157 4931 2222 4970 eo
2248 4918 2617 4988 conspicitur,
2643 4926 2699 4972 et
2717 4917 2955 4988 benigno
2979 4926 3034 4970 et
3053 4931 3183 4986 erga
3213 4915 3465 4969 homines

225 4979 446 5050 θρωπον
476 4986 768 5058 Θεωρεῖται
800 4995 893 5046 καὶ
929 4999 1361 5064 συγκατάϐασις,
1392 5005 1424 5073 ἠ
1460 5004 1556 5072 μὲν
1587 4979 1795 5075 ἄνθρω-

1895 5006 2187 5071 benevolo,
2215 5009 2631 5074 condescensio,
2661 5024 2783 5078 qua:
2807 5009 2960 5062 illum
2991 5007 3333 5062 demonstrat
3354 5022 3462 5060 non

224 5093 328 5169 τιον
355 5079 594 5149 ἀληθῶς,
629 5085 661 5153 ἡ
695 5085 750 5139 δὲ
790 5088 948 5156 φύσει
979 5091 1218 5161 παθητὸν
1244 5095 1533 5166 ἄνθρωπον
1575 5098 1795 5169 ἀληθῶς

1893 5100 2068 5154 solum
2099 5115 2233 5156 vere
2256 5101 2559 5167 hominem,
2587 5101 2682 5157 sed
2699 5110 2756 5156 et
2779 5111 2976 5156 natura
2995 5115 3124 5155 vere
3146 5099 3461 5168 passibilem

221 5168 354 5222 ὄντα
384 5171 640 5230 δεικνῦσα
677 5183 1059 5252 γεγενημένον.
1087 5187 1177 5238 Διό
1207 5204 1370 5258 φησιν
1393 5191 1423 5242 ὁ
1449 5190 1790 5256 διδάσκαλοςο

1894 5191 2201 5247 hominem.
2227 5192 2574 5264 Quapmpter
2605 5194 2864 5262 magister
2887 5191 3058 5246 dicit:
3097 5209 3114 5240 ι
3149 5189 3346 5244 Totum
3377 5205 3462 5245 me

1496 5343 1730 5400 VARIIE
1771 5346 2167 5403 LECTIONES.

298 5483 344 5515 “
371 5487 427 5538 ὲν
453 5501 563 5540 om.
616 5494 739 5544 cod.
797 5491 937 5547 Gud.
1013 5494 1058 5526 “
1099 5496 1328 5551 πάθεσιν
1359 5499 1447 5554 ed.
1475 5499 1593 5555 Gal.

219 5553 273 5654 ἴε
308 5555 487 5626 μορφὴ
541 5558 663 5612 cod.
721 5560 862 5616 Gud.

311 5625 527 5690 γένεται
553 5627 640 5681 ed.
693 5630 807 5684 Gal.

1061 5501 1328 5574 ,πάθεσιν
1359 5501 1447 5554 cd.
1475 5501 1593 5555 Gal.
1637 5571 1647 5574 _
1672 5501 1803 5574 "55A
1826 5503 1997 5574 Λόγος
2027 5503 2115 5556 ed.
2171 5501 2288 5574 Gul.
2312 5571 2339 5574 _
2376 5503 2419 5574 ξθ
2441 5503 2591 5556 ἐστιν
2617 5503 2708 5558 ed.
2760 5504 2881 5560 Gai.

956 5564 997 5596 δ’
1026 5564 1124 5634 τῆς
1167 5567 1380 5634 φύσεως
1422 5586 1532 5623 οηι.
1583 5571 1670 5624 ed.
1710 5569 1827 5624 Gal.
1913 5564 1958 5604 5°
1999 5575 2143 5624 ἐστιν
2177 5571 2262 5625 cd.
2300 5571 2416 5626 Gal.

890 5633 936 5664 ⁵³
976 5633 1213 5704 παθητὸς
1253 5640 1529 5703 κενωθεὶς,
1559 5641 1665 5710 ἄρα
1692 5640 1780 5693 fit"
1817 5640 1933 5695 Gal-

2956 5505 3003 5577 ‘:
3053 5508 3148 5577 οὐχ
3199 5506 3286 5560 ed.
3335 5507 3452 5561 Gal.

2504 5574 2545 5605 “
2597 5576 2777 5646 μορφὴ
2809 5575 2929 5630 cod.
2962 5572 3234 5640 Gud..'nti
3271 5593 3453 5648 supra.

297 5777 371 5846 (οἱ)
408 5777 564 5858 Gri‘g.
609 5781 734 5835 Nae.
771 5789 861 5838 Ur.
901 5788 1067 5842 tlieol.
1099 5788 1245 5848 -ὶ,1)ιτ
1289 5789 1441 5855 Filio,
1476 5807 1594 5862 cap.
1635 5797 1685 5857 ti,
1730 5809 1782 5862 ν.
1813 5794 1935 5857 ὃίῧ,
1979 5803 2108 5847 tum.
2141 5793 2154 5847 Ι
2185 5797 2322 5864 (ηψ-
2359 5796 2446 5848 ed.
2479 5795 2678 5850 llum-tl.
