4200 6440
727 349 863 415 1043

1867 355 1928 413 S.
1965 351 2251 412 MAXIMI
2290 350 2798 413 CONFESSORIS

3861 347 4010 412 10H

722 467 886 522 simul
944 483 1069 520 eum
1107 466 1529 521 iztttrmitatibus
1566 466 1706 521 meis
1751 468 1804 521 in
1841 468 2027 538 seipse
2052 468 2286 532 ferens,i

2415 490 2433 522 ι
2468 473 2628 525 Ὄλον
2651 475 2710 525 ἐν
2733 471 2912 542 ἐαυτῷ
2939 471 3038 542 ἐμὲ
3069 470 3251 541 φέρων
3281 472 3418 541 μετὰ
3445 470 3554 522 τῶν
3585 470 3756 540 ἐμῶν,
3794 489 3812 521 ι
3848 486 4008 523 τουτ-

722 561 828 616 hoc
865 571 953 616 est
983 570 1152 616 totam
1203 560 1500 615 humanam
1558 571 1814 616 naturam
1860 578 1960 630 per
2003 562 2308 632 hypostati-

719 667 840 706 eam
869 651 1152 711 unionem,
1193 665 1301 703 una
1347 665 1477 704 cum
1517 651 1641 720 ejus
1689 648 1982 702 aﬂ‘ectibus
2025 649 2306 718 insepara-

719 742 945 796 bilibus.
976 741 1072 795 llis
1100 741 1170 794 ita
1197 743 1392 811 gestis,
1429 751 1486 796 et
1508 757 1574 795 eo
1595 742 1890 810 absumpto
1915 741 2061 810 quod
2102 750 2224 794 erat
2248 741 2303 795 in

695 833 882 886 'nobis
908 832 1182 888 deterius.
1215 849 1314 902 per
1344 833 1493 901 quod
1534 833 1704 886 etiam
1731 843 1937 887 nostra:
1971 843 2186 885 naturze
2220 829 2303 883 in-

717 925 1109 980 sinuavitsese
1137 927 1196 978 τὸ
1218 927 1480 994 passibile
1534 926 1663 994 (hoc
1718 937 1926 988 autem,
1971 936 2034 979 ut
2083 924 2302 993 planius

715 1019 918 1082 dicam,
947 1028 1070 1073 erat
1099 1020 1309 1088 peccati
1337 1020 1423 1072 lex
1451 1029 1504 1072 et
1531 1019 2302 1089 transgressionis,qumvires

714 1113 1125 1183 sumitaprava
1159 1122 1361 1167 nostrae
1407 1113 1709 1167 voluntatis
1760 1111 2143 1172 inclinatione,
2177 1125 2300 1180 qua:

713 1211 926 1258 natura:
948 1215 1144 1272 sponte
1175 1219 1271 1256 sua
1320 1204 1566 1272 passibili
1605 1205 1836 1258 aﬂeetus
1885 1201 2300 1272 superinfundit

713 1306 866 1348 nunc
893 1293 1177 1352 remissos,
1204 1310 1350 1346 nunc
1381 1293 1785 1357 vehementes),
1816 1293 1920 1346 sub
1952 1303 2178 1364 peccato
2203 1293 2299 1347 de-

713 1393 900 1438 tentos
932 1401 1041 1438 non
1074 1393 1291 1439 tantum
1345 1387 1608 1450 servavit,
1656 1402 1848 1440 verum
1882 1386 2049 1441 etiam
2097 1386 2295 1440 divina:

632 1503 634 1505 >
713 1475 937 1530 virtutis
962 1478 1262 1547 participes
1307 1478 1510 1541 ell'ecit,
1561 1479 1800 1546 pretium
1852 1494 1952 1548 pro
1990 1478 2152 1532 nobis
2181 1478 2294 1546 ipsc

712 1568 1020 1638 deponens.
1063 1569 1198 1623 Nam
1242 1586 1340 1638 per
1386 1569 1692 1623 voluntatis
1733 1571 2101 1624 constantiam
2146 1568 2294 1624 circa

713 1659 766 1713 id
811 1661 958 1728 quod
1004 1661 1185 1729 reipsa
1245 1661 1452 1715 bonum
1496 1672 1600 1722 est,
1646 1671 1703 1715 et
1733 1663 1931 1716 animae
1973 1661 2202 1716 ﬁrmitas
2238 1672 2294 1716 et

712 1755 964 1824 corporis
1022 1755 1414 1822 immortalitas
1461 1756 1772 1810 innascitur
1805 1755 2063 1810 omnibus
2103 1755 2172 1810 i-is
2197 1755 2290 1825 qui

711 1853 926 1898 tantum
975 1847 1207 1915 gratiam
1257 1863 1366 1900 non
1410 1847 1534 1901 ﬁcte
1585 1848 1898 1901 excoluisse
1959 1847 2286 1901 allaborant.

710 1938 825 1991 lloc
858 1939 1004 1991 enim
1040 1948 1123 1991 est
1160 1939 1306 2005 quod
1359 1939 1743 1993 sanctissimus
1803 1941 2062 2008 magister
2089 1939 2285 2003 voluit,

710 2045 835 2082 cum
861 2030 1108 2082 diceret:
1143 2050 1160 2077 ι
1195 2031 1264 2085 Ut
1289 2031 1436 2100 quod
1465 2032 1716 2087 deterius
1737 2043 1842 2095 est,
1875 2033 1928 2087 in
1965 2048 2022 2087 se
2056 2034 2171 2102 ipse
2195 2033 2291 2086 ab-

707 2132 890 2174 sumat
916 2134 970 2177 et
1002 2122 1281 2182 conficiat.
1337 2139 1446 2178 non
1481 2141 1642 2180 secus
1681 2142 1743 2179 ac
1783 2141 1963 2180 ceram
1998 2129 2159 2195 ignis,
2195 2137 2291 2181 attt

709 2222 869 2265 terra:
901 2228 1157 2280 vaporem
1202 2214 1333 2266 solis
1384 2214 1589 2276 radius,
1623 2226 1790 2285 atque
1831 2216 1946 2284 ipse
1986 2218 2057 2269 ob
2095 2218 2288 2286 hujus-

709 2303 856 2356 modi
931 2306 1378 2374 conjunctioncm
1440 2305 1714 2359 bonormn
1802 2307 1948 2360 illius
2014 2308 2288 2376 particeps

711 2395 855 2455 liam,
887 2413 904 2440 ι
945 2393 997 2446 id
1028 2404 1110 2447 est
1137 2411 1165 2448 a
1203 2394 1558 2464 passionibus
1602 2412 1701 2468 per
1726 2396 1956 2466 gratiam
1994 2396 2290 2450 Inundatus

705 2486 756 2538 ei
789 2485 988 2538 similis
1019 2485 1242 2540 eﬂieiar.
1276 2487 1372 2540 Est
1405 2502 1573 2556 porro
1619 2495 1675 2541 ct
1728 2487 1834 2542 alia
1881 2488 2151 2558 expositio
2184 2488 2286 2541 ho-

707 2592 828 2629 rum
862 2577 1183 2632 verborum.
1229 2578 1480 2633 Alienam
1538 2578 1774 2633 formam
1822 2581 2085 2649 suscepit,
2121 2596 2286 2649 quam
2365 2648 2368 2651 _

704 2684 806 2738 ego
836 2667 1003 2722 didici
1057 2687 1084 2723 a
1123 2670 1364 2738 quodam
1413 2679 1606 2726 sancto
1637 2671 1781 2736 viro,
1818 2671 2089 2742 dictisque
2115 2681 2170 2726 et
2204 2671 2286 2726 fa-

703 2761 809 2815 ctis
856 2761 1289 2829 sapientissimo.
1359 2763 1407 2816 Is
1464 2762 1634 2834 igitur
1691 2780 1723 2818 a
1771 2779 1858 2819 me
1916 2765 2289 2834 interrogatus

705 2853 1008 2922 respomlit,
1034 2855 1216 2907 Verbo
1232 2855 1326 2908 Dei
1353 2870 1452 2924 per
1477 2864 1726 2910 naturam
1754 2857 2147 2920 obedientiam,
2168 2866 2284 2912 tum

703 2944 1108 3014 subjectionem
1170 2947 1406 3000 alienam
1440 2961 1590 3009 esse,
1623 2947 1766 3003 hanc
1798 2948 1889 3002 ille
1946 2964 2046 3018 pro
2102 2949 2282 3013 nobis,

699 3037 794 3104 qui
836 3047 1173 3106 prteceptnm
1233 3054 1456 3094 eramus
1516 3041 1863 3112 transgressi,
1894 3042 2171 3111 praestitit,
2198 3052 2285 3097 to-

2411 563 2526 616 έστι
2557 565 2657 634 τὴν
2683 564 3033 632 ἀνθρωπείαν
3064 563 3110 594 ⁸³
3145 562 3308 629 φύσιν
3341 562 3657 632 ὁλόκληρον,
3695 563 3887 613 ἐνώσεί
3930 565 4001 630 τῇ

2409 653 2532 706 καθ’
2565 654 2863 705 ὑπόστασιν
2899 652 3041 722 μετὰ
3076 652 3186 703 τῶν
3222 650 3392 720 αὐτῆς
3421 649 3998 720 ἀδιάϐλήτωνπαοῶν.

2409 741 2503 809 Οἷς
2533 745 2691 814 ἡμῶν
2722 745 3043 814 δαπανήσας
3071 743 3133 796 τὸ
3170 744 3376 813 χεῖρον,
3402 741 3483 793 διὸ
3510 743 3575 811 τῇ
3617 741 3776 808 φύσει
3805 741 3863 792 το
3893 758 4003 791 πα-

2408 835 2572 904 θητὸν
2610 833 2993 902 ὲπεισεκρίθη,
3044 832 3190 900 λέγω
3228 832 3286 885 δὲ
3315 831 3406 884 τὸν
3439 833 3503 882 ὲκ
3552 830 3653 897 τῆς
3704 829 3999 900 napum-ﬁ;

2407 926 2570 995 νόμον
2592 926 2690 993 τῆς
2724 924 3018 994 ἁμαρτίας,
3070 915 3132 975 οὗ
3171 923 3374 992 κράτος
3410 922 3558 974 ἐστὶν
3589 924 3623 991 ἡ
3654 920 3802 990 παρὰ
3829 919 3998 987 φύσιν

2401 1017 2501 1085 τῆς
2537 1015 2817 1086 ἡμετέρας
2846 1013 3074 1083 γνώμης
3105 1013 3370 1076 διάθεσις,
3409 1013 3714 1082 ἐμπάϐειαν
3756 1011 3835 1082 τῷ
3883 1029 3994 1062 πα-

2403 1106 2550 1176 θητῷ
2585 1107 2683 1174 τῆς
2713 1105 2929 1174 φύσεως
2963 1103 3334 1172 ἐπεισάγουσα
3365 1103 3484 1156 κατ’
3512 1103 3696 1156 ἄνεσιν
3734 1103 3829 1154 καί
3864 1101 3995 1152 ἐπί-

2400 1216 2579 1263 τασιν,
2610 1199 2670 1252 οὐ
2708 1199 2871 1268 μόνον
2906 1197 3152 1250 σέσωκεν
3181 1195 3286 1248 ὑπὸ
3315 1195 3413 1264 τῆς
3447 1194 3724 1264 ἁμαρτίας
3756 1209 3995 1260 κατεχο-

2405 1292 2622 1362 μένους,
2659 1289 2796 1344 am:
2824 1293 2919 1343 καὶ
2954 1289 3105 1350 Θείας
3134 1287 3422 1358 δυνάμεως
3451 1286 3640 1356 (108
3669 1287 3719 1354 ὁ)
3763 1285 3994 1356 μεταδέ-

2398 1382 2572 1434 δωκεν
2607 1381 2664 1434 ὲν
2693 1377 2875 1448 ἐαυτῷ
2925 1377 3096 1442 λύσας
3139 1377 3302 1446 ἡμῶν
3355 1377 3416 1430 τὺ
3459 1377 3756 1444 ἐπιτίμιον,
3807 1375 3990 1443 ψυχῆς

2399 1471 2665 1542 ἀτρεψίαν
2697 1471 2790 1524 καὶ
2814 1469 3064 1540 σώματος
3086 1468 3397 1538 ἀφθαρσίαν
3433 1466 3810 1536 ἐργαζομένης
3836 1467 3896 1517 ὲν
3920 1468 3988 1534 τῇ

2400 1562 2530 1632 περὶ
2565 1561 2628 1614 τὸ
2657 1561 2817 1631 φύσει
2863 1559 3027 1613 καλὸν
3070 1561 3168 1630 τῆς
3219 1557 3448 1629 γνώμης
3493 1557 3812 1626 ταυτότητι,
3869 1560 3987 1618 τοῖς

2397 1655 2542 1726 ἔργῳ
2587 1655 2755 1725 τιμᾷν
2785 1653 2884 1724 τὴν
2931 1653 3098 1724 χάριν
3129 1651 3546 1716 σπουδάζουσιν.
3596 1651 3777 1722 Ὅπερ
3825 1647 3986 1720 οἶμαι

2395 1746 2663 1800 διδάσκων
2687 1749 2718 1798 ὁ
2742 1745 2896 1814 ἅγιός
2927 1761 3116 1814 φησιν·
3147 1742 3294 1797 ι”Ινα
3333 1746 3391 1796 ὲν
3419 1742 3600 1812 ἑαυτῷ
3627 1743 3922 1813 δαπανησῃ
3939 1743 3985 1773 ⁸³

2395 1840 2456 1894 τὺ
2495 1842 2698 1911 χεῖρον,
2729 1839 2804 1902 ὡς
2836 1837 3010 1910 κηρὸν
3038 1838 3170 1910 πῦρ,
3203 1838 3237 1909 ἦ
3287 1837 3362 1900 ῶς
3394 1837 3594 1907 ἀτμίδα
3651 1839 3752 1908 γῆς
3804 1837 3983 1906 ἥλιος,

2397 1927 2554 1996 κάγὼ
2585 1927 2879 1998 μεταλάϐω
2912 1928 3020 1980 τῶν
3056 1927 3268 1990 ἐκείνου
3325 1925 3413 1979 διὰ
3442 1926 3540 1995 τὴν
3587 1925 3916 1994 σύγκρασιν⁸
3959 1946 3977 1974 ι

2395 2020 2638 2092 καθαρὸς
2676 2019 2878 2090 δηλαδὴ
2926 2022 2992 2090 τῇ
3030 2019 3216 2091 χάριτι
3257 2019 3468 2082 πάθους
3516 2019 3649 2082 ἴσως
3686 2019 3733 2049 ⁸⁸
3783 2018 3983 2086 ἐκείνῳ

2392 2113 2708 2184 γενόμενος.
2739 2112 2869 2166 Οἶδα
2891 2113 2947 2165 δὲ
2964 2113 3058 2166 καὶ
3083 2111 3242 2180 λόγον
3269 2113 3456 2180 ἕτερον
3481 2129 3544 2165 πε
3554 2111 3608 2183 pl.
3631 2110 3748 2173 τοῦ,
3782 2129 3800 2160 ι
3838 2111 3985 2180 Μορ-

2393 2206 2590 2276 φοῦται
2624 2206 2685 2260 τὸ
2724 2205 3029 2276 ἀλλότριον,
3074 2223 3094 2257 ι
3133 2205 3286 2275 παρά
3313 2221 3458 2267 τινος
3495 2205 3653 2273 ἁγίου
3687 2203 3852 2272 σοφοῦ
3889 2207 3980 2256 καὶ

2391 2301 2549 2369 λόγον
2577 2300 2674 2354 καὶ
2703 2299 2816 2369 βίον
2837 2298 3045 2366 μαθὼν.
3073 2299 3267 2367 Ἔλεγε
3308 2297 3416 2370 γὰρ
3446 2296 3743 2369 ἐρωτηθεὶς
3771 2299 3980 2360 ἐκεῖνος

2389 2393 2671 2464 ἀλλότριον
2701 2388 2842 2445 εἶναι
2883 2391 2977 2444 τοῦ
3011 2391 3189 2459 Λόγου
3219 2390 3377 2460 φύσει
3409 2391 3511 2459 τὴν
3559 2390 3830 2458 ὑπακοὴν,
3865 2389 3980 2441 ῶσ-

2391 2502 2498 2557 περ
2527 2484 2624 2538 καὶ
2648 2483 2747 2555 τὴν
2780 2482 3087 2554 ὑποταγὴν,
3121 2484 3187 2554 ἢν
3219 2483 3364 2554 ὑπὲρ
3396 2483 3555 2553 ἡμῶν
3605 2482 3981 2553 παραϐάντων

2387 2577 2489 2648 τὴν
2518 2575 2741 2647 ἐντολὴν
2773 2576 2997 2640 ἐκτίσας
3029 2575 3159 2646 ὃλην
3191 2575 3491 2648 εἰργάσατο
3519 2575 3613 2627 τοῦ
3649 2575 3841 2642 γένους
3877 2574 3982 2643 τὴν

2391 2669 2690 2740 σωτηρίαν,
2750 2667 2945 2721 ἑαυτοῦ
3025 2668 3353 2738 ποιούμενος
3403 2667 3462 2718 τὸ
3535 2668 3826 2737 ἡμέτερον.
3879 2667 3982 2719 Διὰ

2387 2761 2548 2815 τοῦτο
2580 2761 2727 2834 ἔργῳ
2765 2761 2903 2831 τιμᾷ
2931 2761 3030 2830 τὴν
3060 2759 3329 2830 ὑπακοὴν,
3354 2759 3472 2822 νέος
3509 2758 3683 2829 Ἀδὰμ
3707 2758 3851 2828 ὑπὲρ
3882 2758 3978 2810 τοῦ

2388 2852 2624 2907 παλαιοῦ
2660 2851 2823 2922 φύσει
2854 2853 3171 2922 γενόμενος,
3216 2853 3313 2906 καὶ
3358 2852 3619 2922 πειρᾶται
3649 2850 3857 2918 ταύτης
3914 2852 3979 2902 ἐκ

2387 2945 2482 2999 τοῦ
2509 2947 2728 3009 παθεῖν,
2762 2945 2850 2999 διά
2874 2945 2984 2998 τῶν
3023 2945 3207 2999 αὐτῶν
3240 2945 3508 3006 ἑκουσίως
3553 2945 3686 3012 ἡμῖν
3732 2942 3978 3013 ἐνεχθείς

2388 3037 2751 3108 παθημάτων.
2790 3037 2963 3108 Εἴπερ
2998 3037 3143 3091 κατά
3170 3036 3360 3090 τοῦτον
3396 3035 3613 3106 άληθῶς
3647 3035 3741 3088 τὸν
3797 3035 3977 3105 μέγαν

700 3137 929 3197 tumque
960 3145 1135 3196 genus
1167 3140 1420 3185 nostrum
1446 3131 1699 3197 salvavit,
1731 3142 1981 3187 nostrum
2009 3135 2278 3205 quidquid

2388 3130 2738 3194 διδάσκαλον,
2772 3149 2791 3181 ‹
2829 3131 3144 3195 Ἐκοπίασε,
3172 3130 3266 3184 καὶ
3296 3129 3571 3191 ἐπείνασε,
3604 3128 3698 3180 καὶ
3721 3125 3976 3196 ἐδίψησε,

696 3228 816 3272 erat
873 3219 927 3273 in
986 3221 1229 3290 seipsutn
1302 3223 1704 3278 transferendo.
1764 3225 1994 3294 Propter
2055 3227 2160 3280 hoc
2223 3243 2281 3282 re

698 3310 870 3377 ipsam
925 3310 1299 3364 obedientiam
1352 3310 1566 3366 honore
1610 3311 1828 3376 allicit,
1889 3329 2066 3368 novus
2092 3313 2282 3384 utique

696 3403 874 3455 factus
903 3402 1145 3456 Adamns
1169 3419 1269 3472 pro
1295 3403 1388 3457 illo
1417 3403 1628 3459 Adamo
1655 3406 1851 3468 veteri,
1885 3421 1984 3474 per
2002 3418 2278 3469 naturam,

693 3507 928 3562 eamque
949 3494 1170 3548 dolores
1209 3494 1473 3563 patiendo
1499 3495 1774 3565 degustat,
1804 3497 1936 3550 dum
1969 3513 2028 3552 se
2061 3513 2092 3552 e
2121 3499 2282 3554 nobis

696 3601 864 3638 unum
906 3585 1033 3638 facit
1063 3601 1158 3654 per
1193 3586 1478 3656 passiones
1501 3588 1746 3643 easdem.
1779 3589 1923 3654 Quid
1957 3589 2104 3643 enim
2129 3589 2279 3644 aliud

699 3677 864 3731 docet
891 3694 1123 3746 magnus
1151 3695 1342 3734 revera
1369 3679 1650 3751 magister,
1682 3680 1912 3734 dicens:
1949 3701 1966 3733 ι
2002 3683 2282 3752 Fatigatus

690 3777 797 3832 est,
829 3768 970 3822 fame
1003 3770 1236 3824 allectus
1260 3777 1364 3834 est,
1392 3770 1483 3824 siti
1516 3769 1810 3833 laboravit,
1842 3781 2072 3826 mortem
2103 3788 2272 3841 expa-

692 3861 790 3924 \it,
842 3861 1110 3932 lacrymas
1158 3863 1345 3916 emisit
1376 3863 1488 3915 εἳ»
1551 3863 1804 3932 corporis
1842 3864 2102 3918 nimirum
2163 3865 2279 3920 haec

688 3964 850 4006 erant
887 3957 1096 4017 omnia,
1155 3956 1433 4025 simulque
1495 3956 1646 4010 clara
1705 3956 2104 4011 demonstratio
2163 3967 2276 4012 tum

687 4045 921 4101 aﬂ‘ectus
953 4048 1177 4102 minime
1221 4049 1436 4111 inertis,
1503 4063 1719 4102 necnon
1766 4048 2033 4103 indicium
2068 4050 2276 4104 conde-

687 4136 997 4191 scensionis
1023 4153 1149 4206 erga
1178 4153 1480 4192 conservos
1505 4146 1560 4192 et
1611 4153 1822 4192 servos.
1855 4139 2122 4192 Dominus
2147 4140 2274 4208 qui-

685 4229 811 4283 dem
851 4239 906 4282 et
935 4238 1129 4282 natura
1163 4229 1267 4283 fuit
1300 4239 1356 4284 et
1402 4230 1724 4298 permansit,
1771 4228 1868 4284 sed
1910 4239 2134 4299 propter
2165 4246 2273 4295 me,

685 4321 780 4390 qui
813 4331 1008 4375 natura
1041 4337 1234 4374 servus
1265 4336 1438 4384 eram,
1471 4320 1648 4375 factus
1685 4331 1771 4376 est
1821 4336 2036 4386 servus,
2084 4331 2143 4376 ut
2185 4339 2273 4379 me

683 4409 804 4478 ejus
837 4409 1042 4462 faceret
1069 4410 1377 4472 dominum,
1411 4409 1506 4478 qui
1545 4425 1646 4480 per
1683 4410 1931 4465 fraudem
1985 4414 2267 4483 tyrannice

684 4501 820 4554 mihi
845 4501 1258 4556 dominabatur.
1291 4502 1523 4570 Propter
1555 4503 1660 4557 hoc
1701 4503 1958 4558 servilem
1987 4505 2262 4560 conditio—
2300 4490 2347 4546 ι)

682 4594 807 4648 dem
841 4593 1270 4657 administravit,
1307 4604 1368 4648 ut
1410 4595 1698 4659 Dominus,
1751 4597 1858 4652 hoc
1910 4608 1994 4652 est
2041 4615 2264 4654 carnem

682 4685 945 4738 cxaltavit
975 4685 1158 4745 Deus;
1217 4685 1402 4755 itaque
1447 4685 1750 4754 potentiam
1787 4687 2184 4757 impassibilem
2211 4700 2274 4744 et

683 4775 844 4845 plane
869 4775 1151 4830 dominam
1184 4777 1350 4830 etiam
1389 4778 1441 4832 in
1485 4795 1648 4833 carne
1701 4779 2121 4846 demonstravit,
2146 4799 2267 4851 quae

681 4882 782 4936 per
811 4869 1128 4936 passionem
1166 4885 1388 4923 omnem
1411 4871 1662 4924 aboleret
1683 4873 2119 4942 corruptionem,
2139 4891 2266 4944 per-

681 4972 789 5026 que
833 4969 1065 5011 mortem
1099 4968 1321 5026 pareret
1349 4960 1738 5015 immortalem.
1770 4962 1983 5017 Rursus
2009 4973 2266 5034 tanquam

681 5063 878 5104 servus
909 5049 1129 5102 Domini
1195 5060 1381 5119 partes
1423 5052 1854 5116 administravit,
1895 5055 2067 5109 Deum
2117 5073 2174 5111 se
2213 5057 2266 5111 in

609 5151 615 5158 '
680 5152 906 5192 carnem
942 5139 1260 5202 demittens,
1304 5141 1638 5196 ineﬂ'abilem
1684 5143 2131 5201 humiliationem
2171 5149 2267 5204 de-

681 5229 933 5293 claravit,
963 5246 1059 5299 pcr
1095 5249 1258 5301 quam
1309 5233 1586 5287 deitieavit
1650 5251 1826 5302 genus
1871 5242 2270 5296 nostrumuni—

681 5337 925 5388 versum,
960 5326 1013 5379 in
1041 5342 1206 5380 carne
1236 5327 1479 5396 passibili
1506 5369 1519 5389 ,
1550 5328 1697 5398 quod
1725 5344 1821 5398 per
1855 5334 2267 5400 corruptionem

2388 3223 2482 3276 καὶ
2511 3221 2807 3293 ὴγωνίασε,
2831 3223 2926 3276 καὶ
2977 3223 3244 3294 ἐδάκρυσε
3279 3241 3295 3272 ι
3344 3221 3494 3291 νόμῳ
3537 3220 3811 3292 σώματος,
3843 3220 3874 3272 ὃ
3910 3219 3976 3290 δὴ

2387 3313 2561 3385 σαφὴς
2591 3313 2854 3384 ἐνεργοῦς
2885 3317 3036 3368 ἐστιν
3065 3313 3344 3378 ἀπόδειξις
3396 3311 3715 3379 διαθέσεως,
3743 3313 3840 3364 καὶ
3873 3311 3974 3380 τῆς

2385 3407 2523 3478 πρὸς
2553 3406 2678 3470 τοὺς
2708 3405 3036 3476 ὁμοδούλους
3063 3424 3120 3459 τε
3151 3405 3244 3458 καὶ
3275 3405 3492 3468 δούλους
3518 3394 3822 3475 τεκμήριον
3843 3420 3975 3472 συγ-

2383 3497 2759 3560 καταϐάσεως.
2827 3498 3104 3566 Δεσπότης
3149 3497 3260 3566 γάρ
3315 3496 3474 3566 φύσει
3519 3495 3822 3566 μεμένηκε,
3879 3496 3974 3548 καὶ

2381 3591 2569 3654 δοῦλος
2593 3591 2660 3644 δι’
2689 3591 2788 3661 ἐμὲ
2819 3590 2911 3643 τὸν
2942 3590 3105 3658 φύσει
3135 3588 3320 3642 δοῦλον
3347 3589 3660 3658 γενόμενος,
3689 3588 3778 3640 ἵνα
3808 3589 3971 3654 ποιή-

2383 3700 2453 3756 σῃ
2473 3685 2517 3716 ⁸⁷
2553 3683 2822 3753 δεσπότην
2874 3681 2970 3735 τοῦ
3002 3682 3070 3736 δι’
3101 3682 3318 3749 ἀπάτης
3377 3679 3716 3752 τυραννικῶς
3747 3681 3973 3748 κυριευ·

2382 3793 2596 3840 σαντος,
2625 3775 2716 3828 διὰ
2757 3773 2915 3827 τοῦτο
2940 3773 3010 3827 τά
3043 3771 3143 3843 μὲν
3178 3770 3402 3825 δουλικὰ
3437 3768 3775 3830 δεσποτικῶς
3812 3771 3972 3839 ἐνερ-

2379 3869 2516 3938 γῶν,
2551 3867 2803 3921 τουτέστι
2836 3866 2906 3920 τὰ
2954 3866 3199 3936 σαρκικὰ
3253 3863 3474 3926 θεῖκῶς.
3527 3862 3623 3932 τὴν
3657 3861 3846 3930 ἀπαθῆ
3877 3862 3972 3914 καὶ

2381 3960 2540 4030 φύσει
2593 3959 2972 4021 δεσπόζουσαν
3017 3959 3076 4010 ὲν
3126 3958 3238 4020 τοῖς
3283 3957 3568 4024 σαρκικοῖς
3615 3953 3972 4006 ἐπεδείκνυτο

2377 4051 2628 4120 δύναμιν,
2656 4049 2845 4119 (109
2879 4050 2933 4112 a)
2968 4048 3058 4102 διὰ
3096 4049 3324 4110 πάθους,
3358 4047 3459 4118 τὴν
3511 4044 3720 4117 φθοράν
3766 4045 3968 4114 ἀφανί-

2377 4145 2598 4210 ζουσαν,
2657 4145 2753 4196 καὶ
2797 4142 2886 4195 διά
2918 4141 3148 4194 Θανάτου
3201 4142 3347 4208 ζωὴν
3385 4138 3828 4210 δημιουργοῦσαν
3870 4141 3967 4192 άν-

2375 4235 2612 4306 ώλεθρον
2629 4235 2697 4297 ⁵⁸,
2728 4233 2797 4288 τά
2813 4233 3109 4287 δεσποτικά
3135 4233 3194 4286 δὲ
3221 4233 3480 4301 πράττων
3502 4231 3787 4294 δουλικῶς,
3811 4247 3970 4283 τουτ-

2376 4324 2586 4379 έστιτά
2620 4323 2740 4376 θεῖα
2799 4323 2843 4354 ⁸⁸
2897 4319 3200 4391 σαρκικῶς,
3235 4319 3334 4390 τὴν
3381 4321 3587 4389 ἄφατον
3627 4319 3969 4372 ἐνεδείκνυτο

2376 4419 2631 4477 κένωσιν,
2672 4414 2760 4468 διὰ
2821 4413 3030 4484 σαρκὸς
3075 4411 3330 4482 παθητῆς
3381 4410 3444 4463 τὺ
3493 4411 3652 4479 γένος
3699 4411 3849 4465 ἅπαν
3894 4413 3961 4480 τῇ

2377 4510 2551 4580 φθορᾷ
2581 4507 2788 4574 γεωοὲν
2836 4503 3230 4573 οεουργοῦσαν.
3271 4504 3349 4574 Τῇ
3409 4503 3518 4574 γὰρ
3552 4503 3759 4555 τούτων
3788 4503 3958 4556 ἐπαλ-

2375 4602 2514 4671 λαγῇ
2549 4599 2737 4668 σαφῶς
2771 4597 3062 4651 ἐπιστοῦτο
3089 4597 3188 4659 τάς
3218 4614 3275 4648 τε
3312 4597 3506 4666 φύσεις
3535 4588 3610 4649 ῶν
3634 4594 3798 4657 αὐτὸς
3831 4595 3967 4647 ὑπό-

2377 4710 2564 4754 στασις
2616 4687 2706 4762 ἦν,
2765 4691 2860 4743 καὶ
2921 4691 3018 4753 τὰς
3074 4689 3254 4744 αὐτῶν
3301 4689 3581 4750 οὐσιῶδεις
3653 4689 3961 4758 ἐνεργείας,

2377 4787 2543 4856 ἤγουν
2573 4786 2836 4854 κινήσεις,
2869 4779 2946 4836 ῶν
2979 4783 3142 4845 αὐτὸς
3181 4782 3376 4845 ἓνωσις
3402 4777 3471 4853 ἦν
3503 4780 3833 4850 άσύγχυτος,
3887 4783 3962 4851 μὴ

2373 4877 2637 4947 δεχομένη
2668 4877 2933 4947 διαίρεσιν
2968 4877 3088 4928 κατ’
3133 4875 3304 4945 ἄμφω
3332 4873 3434 4938 τὰς
3465 4873 3659 4944 φύσεις
3691 4867 3768 4927 ὧν
3797 4874 3963 4937 αὐτὸς

2375 4968 2673 5030 ὑπόστασις
2701 4963 2789 5034 ἦν,
2839 4967 2998 5039 εἴπερ
3050 4967 3229 5036 ἑαυτῴ
3280 4964 3578 5036 προσφυῶς
3633 4964 3960 5035 μοναδικῶς.

2375 5061 2654 5114 τουτέστιν
2697 5060 2944 5123 ἑνοειδῶς
2976 5059 3217 5130 ὲιεργῶν
3252 5061 3320 5123 θο,
3350 5059 3446 5112 καὶ
3491 5059 3557 5110 δι’
3584 5059 3823 5110 ἑκάστου
3851 5055 3963 5111 τῶν

2378 5153 2468 5206 ὑπ’
2499 5150 2665 5205 αὑτοῦ
2706 5150 3006 5220 γινομένων
3043 5155 3107 5219 τῇ
3133 5151 3361 5220 δυνάμει
3395 5150 3495 5219 τῆς
3541 5148 3740 5202 ἑαυτοῦ
3770 5148 3956 5218 05611;-

2376 5261 2466 5306 τος
2501 5243 2824 5312 ἀχωρίστως
2851 5245 3229 5309 συνεκφαίνων
3259 5242 3354 5310 τῆς
3385 5242 3590 5301 οἰκείας
3625 5241 3830 5310 σαρκὸς
3860 5240 3957 5312 τὴν

2378 5337 2679 5405 ἐνέργειαν.
2718 5333 2893 5386 Αὐτοῦ
2933 5334 3041 5404 γάρ
3081 5335 3198 5397 ἐνδς
3227 5334 3379 5396 ὄντος
3423 5333 3576 5386 οὐδὲν
3605 5332 3954 5405 ἑνικὼτερον,

751 5475 770 5496 ⁸
792 5462 949 5518 δοίηι-
982 5480 1053 5529 ιν,
1079 5464 1114 5515 6
1147 5481 1160 5527 ;
1197 5463 1388 5517 Μῑὶιῐιι·
1428 5481 1500 5527 ιτ,
1540 5465 1611 5530 ἒς
1644 5466 1801 5521 305m-
1826 5482 1948 5534 τις,
1977 5469 2077 5536 ‘28;
2101 5473 2234 5538 Luc,
2280 5493 2432 5540 xxnt,
2459 5475 2566 5540 46;
2599 5475 2758 5530 Joan.
2789 5489 2861 5533 xl,
2889 5474 2976 5525 55.

1970 5583 2052 5638 VA
2067 5586 2205 5644 ΒΙιιΕ
2242 5589 2646 5646 LECTIONES.

760 5671 1184 5744 .‘_&‘{Opwﬁ§‘aﬁ‘l
1216 5676 1301 5730 ed.
1335 5675 1454 5730 Gal.
1542 5679 1587 5709 ⁸³
1605 5678 1906 5744 Batavi-.72:
1933 5683 2020 5736 ed.
2051 5684 2167 5740 Gal.

682 5741 768 5798 ed.
800 5741 918 5796 Gal.
1012 5746 1054 5774 ”
1087 5741 1243 5796 Osiri:
1267 5749 1353 5801 ed.
1385 5746 1498 5802 Gal.

684 5814 900 5886 scripsit
933 5817 1014 5867 ἑνε
1026 5821 1191 5886 ργάιν.

2247 5688 2292 5717 ⁸⁸
2326 5689 2454 5748 ἴσως
2478 5689 2602 5744 cod.
2657 5690 2798 5745 Gud.

1605 5689 1906 5744 ὀλττανήτεῑ
1933 5689 2020 5736 ed.
2051 5689 2167 5740 Gal.
2247 5689 2292 5717 ⁸⁸
2326 5689 2454 5748 ἴσως
2478 5689 2602 5744 cod.
2657 5690 2798 5745 Gud.
2906 5691 2948 5720 ⁵⁷
3013 5691 3230 5757 πετήσει
3261 5689 3349 5742 ed.
3385 5689 3503 5742 Gal.
3593 5689 3637 5716 "
3665 5689 3951 5752 ἀνόλεθρον

1595 5753 1636 5779 ⁶⁰
1667 5750 1723 5806 In
1751 5752 1872 5805 corr.
1904 5753 2040 5809 Gud.
2078 5761 2341 5829 scriptum
2370 5763 2610 5831 ἐνήργει,
2662 5760 2755 5815 sed
2789 5760 2980 5816 eadem
3018 5775 3214 5815 manus
3241 5760 3441 5814 litteris
3471 5756 3839 5829 superpositis
3869 5768 3951 5808 re»

2906 5691 2948 5720 ⁵⁷
3013 5691 3230 5757 ποιησει
3261 5688 3349 5742 ed.
3385 5689 3503 5742 Gal.
3593 5687 3637 5716 "
3665 5682 3952 5757 ανᾷλξθρον
