4200 6440
235 376 376 443 ΞΟίὸ

227 581 668 653 σωστικώτερον.
701 584 800 635 Διὰ
822 583 980 638 τοῦτο
1015 587 1110 638 καὶ
1141 589 1366 658 πάσχων
1405 591 1536 654 Θεὸς
1579 589 1647 664 ἦν
1679 597 1814 666 ἁλη-

224 673 362 736 οῶς,
400 677 498 728 καὶ
527 675 959 748 θαυματουργῶν
998 679 1286 749 ἄνθρωπος
1317 678 1385 752 ἦν
1415 687 1443 737 ὁ
1471 686 1636 749 αὐτὸς
1685 688 1816 760 άλη-

220 765 361 830 οῶς,
396 769 481 820 ὅτι
525 770 619 822 καὶ
673 768 892 837 φύσεων
926 771 1144 840 ἀληθῶν
1178 774 1302 827 καθ’
1343 775 1540 831 ἕνωσιν
1577 778 1814 852 ἄρρητον

223 859 533 926 ὑπόστασις
559 857 628 932 ἦν
659 863 885 934 ἀληθής.
913 860 1012 927 Ai;
1037 866 1394 938 καταλλήλως
1421 887 1481 922 τε
1515 872 1610 924 καὶ
1645 890 1814 942 προσ-

223 948 384 1016 φυῶς
409 950 646 1019 ἐνεργῶν
672 951 946 1006 ἐδείκνυτο
979 951 1168 1018 σώζων
1197 957 1370 1020 αὐτὰς
1400 959 1616 1029 ἀληθῶς
1641 963 1810 1031 ἀσυγο

223 1037 435 1108 χύτους
469 1043 512 1073 ⁸⁸
551 1043 858 1114 σωζόμενος
887 1062 902 1075 ·
953 1047 1114 1116 εἴπερ
1142 1048 1359 1119 ἀπαθὴς
1395 1052 1671 1123 μεμένηκε
1709 1054 1811 1122 φύ-

224 1148 312 1184 σει
351 1133 449 1186 καὶ
481 1129 767 1205 παθητὸς,“
793 1137 1059 1202 ἀθάνατος
1102 1142 1197 1194 καὶ
1230 1141 1442 1211 θνητὸς,
1477 1146 1672 1215 ὁρατὸς
1721 1147 1811 1199 καὶ

224 1225 544 1295 νοούμενος,
573 1229 650 1289 ὼς
681 1229 843 1298 φύσει
871 1230 1004 1293 Θεὸς
1038 1233 1132 1285 καὶ
1161 1233 1319 1302 φύσει
1345 1237 1630 1307 ἄνθρωπος
1662 1242 1690 1292 ὁ
1715 1242 1814 1294 αὐ-

223 1315 343 1377 τὸς.
375 1316 534 1370 Οὕτω
556 1319 600 1350 ⁸³
634 1320 733 1390 μὲν
761 1316 874 1384 οὖν,
914 1325 1034 1375 κατ’
1067 1324 1166 1394 ἐμὲ
1213 1326 1399 1394 φάναι,
1423 1330 1559 1400 τιμᾷ
1586 1330 1686 1400 τὴν
1714 1331 1811 1384 ὑπ-

224 1409 404 1477 ακοὴν
425 1410 453 1461 ὁ
485 1410 646 1478 φύσει
671 1413 968 1484 Δεσπότης,
985 1416 1079 1468 καὶ
1111 1418 1366 1486 πειρᾶται
1399 1417 1603 1489 ταύτης
1623 1421 1688 1473 ὲκ
1716 1422 1810 1474 τοῦ

224 1499 457 1565 παθεῖν,
489 1503 586 1571 οὐχ
617 1503 704 1555 ἵνα
735 1503 882 1575 σώσῃ
908 1505 953 1536 ⁸³
988 1507 1149 1576 μόνον
1183 1510 1296 1571 τοῖς
1323 1509 1518 1562 ἑαυτοῦ
1545 1511 1642 1579 τὴν
1669 1512 1811 1566 ἄπα·
1832 1564 1859 1591 υ

227 1608 338 1642 σαν
369 1592 530 1661 φύσιν
561 1595 920 1667 ἀποκαοάρας
957 1597 1002 1630 ⁸⁸
1033 1599 1131 1672 τοῦ
1165 1601 1428 1686 χείρονος,
1460 1602 1574 1654 ἀλλ’
1604 1603 1690 1658 ἵνα
1721 1607 1808 1658 καὶ

223 1683 329 1751 τὴν
355 1686 632 1756 ἡμετέραν
663 1688 907 1760 ὑπακοὴν
931 1690 1225 1761 δοκιμάσῃ,
1253 1683 1536 1762 μανθάνων
1557 1698 1621 1765 τῇ
1648 1697 1810 1767 πείρᾳ

223 1773 343 1827 τῶν
377 1776 662 1849 ἡμετέρων
691 1779 760 1832 τὰ
803 1782 928 1834 καθ’
962 1783 1130 1852 ἡμᾶς.
1172 1787 1201 1836 ό
1228 1786 1409 1838 πᾶσαν
1437 1787 1639 1854 γνῶσιν
1668 1790 1734 1857 τῇ
1766 1789 1809 1819 ⁸⁸

1470 399 1706 460 AMBIG
1717 403 1987 465 UORUM
2027 409 2279 469 LIBER.

226 490 340 541 οὐδ’
373 490 538 544 αὐτοῦ
573 492 731 546 πάλιν
762 492 868 546 τῶν
899 494 1094 549 ἑαυτοῦ
1123 500 1403 564 παντελῶς
1432 500 1754 575 ὲνικιῖἰτερον
1783 508 1812 577 ἢ

1919 511 1972 564 in
2003 521 2250 570 terrenas
2270 521 2462 575 sordes

3350 430 3486 501 1046

2493 523 2652 590 plane
2705 525 3156 596 degeneraverat.
3192 535 3303 591 llac
3339 543 3487 595 enim

1917 609 2414 664 communicatione
2440 616 2838 682 proprietatum
2863 633 3082 677 constat
3121 643 3246 680 eum
3285 641 3340 684 et
3365 647 3490 700 pos-

1915 694 2122 750 sedisse
2156 708 2403 765 naturas,
2433 719 2660 772 quaram
2709 711 3020 782 hypostasis
3068 727 3186 772 erat
3240 694 3380 789 ipse,
3432 733 3488 778 et

1914 789 2230 843 earumdem
2255 796 2581 851 cssentiales
2626 804 2978 868 operationes
3011 819 3326 880 motusque,
3352 830 3488 882 quo-

1918 893 2037 931 rum
2071 879 2203 948 ipse,
2235 884 2352 937 sine
2376 887 2720 953 confusione,
2765 903 2886 948 erat
2925 897 3121 962 unitio,
3153 879 3222 953 et
3261 879 3486 970 quidem

1919 970 2042 1024 talis
2082 986 2204 1040 quae
2255 978 2558 1032 secundum
2630 991 2855 1037 naturas
2909 987 2963 1040 in
3021 1005 3088 1043 eo
3148 990 3490 1060 liypostatice

1915 1062 2243 1118 exsistentes
2268 1068 2470 1122 nullam
2506 1083 2730 1140 caperet
2779 1075 3129 1133 divisionem.
3158 1081 3321 1136 Certe
3355 1099 3490 1152 ope-

1913 1161 2064 1210 ratus
2088 1165 2172 1210 est
2197 1171 2564 1227 congruenter
2594 1164 2697 1218 sibi
2755 1165 2878 1236 ipsi,
2943 1186 3048 1223 una
3082 1181 3137 1225 et
3197 1173 3490 1228 uniformis

1912 1252 2030 1296 erat
2060 1247 2240 1300 omnis
2264 1250 2385 1318 ejus
2409 1253 2552 1305 actio
2575 1269 2589 1318 ;
2616 1255 2670 1308 in
2703 1273 3037 1328 unoquoque
3059 1277 3153 1330 per
3174 1279 3299 1316 eum
3322 1280 3488 1334 opere

1911 1336 2208 1412 edito'Iuna
2241 1356 2365 1395 cum
2403 1341 2627 1399 deitatis
2682 1349 2927 1415 potentia
2959 1351 3120 1405 simul
3173 1353 3490 1408 declarabat

1913 1429 2149 1508 propriae
2171 1431 2351 1510 carnis
2381 1435 2800 1503 operationem;
2839 1457 2980 1495 unus
3002 1443 3211 1512 quippe
3243 1454 3382 1507 erat,
3432 1455 3489 1500 et

1911 1525 2116 1573 eo‘uno
2141 1519 2275 1589 niljil
2312 1525 2492 1592 potuit
2533 1527 2706 1596 magis
2734 1544 2855 1583 esse
2912 1547 3103 1596 unum,
3159 1549 3263 1588 nec
3297 1550 3488 1588 eorum

1911 1626 2032 1680 qua:
2059 1611 2126 1664 ad
2157 1597 2282 1666 eum
2300 1598 2661 1682 pertinebant
2691 1619 2863 1688 magis
2887 1621 3155 1675 unitivum
3181 1631 3237 1676 et
3262 1639 3486 1678 conser-

1911 1703 2180 1767 vativum,
2220 1704 2453 1774 ideoque
2481 1716 2536 1760 et
2567 1711 2658 1778 qni
2708 1711 3022 1780 patiebatur
3069 1714 3214 1767 Deus
3243 1724 3362 1767 erat
3394 1730 3483 1769 re-

1914 1803 2146 1854 vera,et
2184 1794 2276 1862 qui
2324 1798 2588 1852 miracula
2641 1801 2893 1868 patrabat
2947 1819 3058 1856 non
3117 1803 3301 1858 minus
3360 1820 3488 1858 vere

225 1865 398 1934 φύσει
431 1871 810 1941 περιγράφων,
846 1873 1031 1945 (109
1070 1875 1118 1944 b)
1177 1877 1343 1930 πόσον
1395 1879 1494 1949 μὲν
1550 1881 1806 1933 ἀπαιτού-

1914 1880 2056 1935 idem
2087 1884 2254 1938 homo
2281 1884 2405 1950 fuit,
2442 1889 2700 1955 quoniam
2753 1891 2809 1945 in
2855 1908 2923 1946 eo
2977 1901 3186 1947 naturae
3215 1908 3357 1948 vera:
3390 1910 3489 1965 per

228 1959 400 2028 μεθα,
425 1961 590 2014 πόσον
616 1962 672 2015 δὲ
703 1965 1137 2036 συγχωρούμεοα
1165 1969 1300 2038 πρὸς
1316 1969 1415 2040 τὴν
1443 1971 1655 2024 τελείαν
1686 1973 1811 2024 ὐπο-

224 2053 430 2121 ταγὴν,
469 2053 536 2107 δι’
566 2051 636 2128 ἧς
666 2058 966 2127 προσάγειν
1003 2059 1214 2128 πέφυκε
1248 2061 1326 2131 τῷ
1349 2062 1524 2133 Πατρὶ
1547 2064 1674 2127 τοὺς
1706 2081 1810 2118 σω-

225 2141 519 2212 ζομένους,
549 2147 670 2200 κατ’
698 2148 861 2202 αὐτὸν
887 2151 1159 2218 φανέντας
1182 2155 1248 2223 τῇ
1273 2153 1500 2224 δυνάμει
1532 2156 1630 2226 τῆς
1662 2157 1808 2230 χάρι-

224 2253 346 2298 τος.
381 2238 469 2301 Ὦς
501 2240 644 2309 μέγα
685 2243 779 2295 καὶ
831 2244 1058 2314 φρικτὸν
1105 2245 1275 2309 ὅντως
1298 2245 1362 2299 τὸ
1392 2249 1491 2318 τῆς
1519 2248 1675 2319 ἡμῶν
1704 2268 1809 2303 σω-

224 2327 430 2398 τηρίας
465 2332 788 2403 μυστήριον.
832 2333 1238 2405 Ἀπαιτούμεθα
1272 2339 1382 2409 γὰρ
1433 2341 1556 2394 ὅσον
1602 2342 1809 2406 ἐκεῖνος

227 2419 398 2488 φύσει
423 2421 484 2475 τὸ
505 2424 552 2455 ⁶⁶
577 2424 700 2476 καθ’
727 2427 893 2496 ἡμᾶς,
930 2430 1364 2500 συγχωρούμεθα
1395 2432 1450 2485 δὲ
1481 2433 1604 2487 ὅσον
1647 2435 1808 2499 αὐτὸς

227 2512 378 2583 ὑπὲρ
401 2514 548 2585 ἡμᾶς
571 2515 762 2570 ὲνὼσει
785 2518 847 2571 τὸ
871 2519 992 2573 καθ’
1024 2523 1169 2591 ἡμᾶς
1192 2523 1256 2576 ⁸⁷.
1287 2523 1349 2577 Εἰ
1375 2526 1555 2596 μήπου
1586 2525 1809 2597 γνώμης

225 2605 723 2678 φιλαμαρτήμονος
750 2609 864 2675 ἕξις
903 2615 1138 2666 ποιεῖται
1175 2615 1374 2679 κακίας
1421 2614 1552 2686 ὓλην
1581 2617 1678 2685 τῆς
1710 2619 1811 2687 φύ-

228 2712 375 2761 σεως
397 2697 497 2768 τὴν
514 2699 822 2756 ἀσθένειαν.
847 2703 958 2756 Καὶ
983 2703 1142 2773 δῆλός
1181 2707 1297 2758 ἐστι
1327 2706 1529 2776 ταύτης
1549 2708 1809 2780 ὑπάρχων

224 2786 334 2856 τῆς
363 2787 570 2852 ἐννοίας
594 2788 625 2840 ὁ
652 2790 820 2854 πολὺς
851 2785 1006 2855 οὗτος
1030 2793 1372 2858 διδάσκαλος,
1403 2799 1518 2858 τοῖς
1546 2796 1673 2866 ἑξῆς
1706 2798 1806 2851 αὐ-

225 2877 332 2946 τὴν
360 2877 616 2947 βεϐαιῶν.
660 2883 800 2952 Φησὶ
830 2883 939 2954 γάρ
968 2901 982 2913 ·
1019 2904 1036 2936 ι
1077 2886 1138 2938 Et
1179 2885 1288 2957 γὰρ
1317 2886 1378 2939 τὸ
1418 2886 1533 2955 φῶς
1579 2887 1807 2961 ἐδιώχθη

225 2968 320 3022 διὰ
347 2970 407 3024 τὸ
436 2972 752 3042 πρόϐλημα,
787 2979 980 3043 φαῖνον
1008 2978 1065 3030 ὲν
1093 2979 1160 3048 τῇ
1194 2978 1406 3049 σκοτίᾳ,
1441 2979 1520 3050 τῷ
1553 2980 1651 3050 βίῳ
1686 2981 1808 3035 τούο

1911 1974 2171 2029 unionem
2199 1977 2537 2032 ineﬂ'abilem
2567 1980 2969 2051 bypostatieam
3024 1999 3154 2038 vere
3217 1986 3487 2042 unieban~

1911 2073 2020 2119 tur.
2053 2066 2168 2130 His,
2198 2067 2447 2138 inquam,
2491 2074 2739 2141 apposite
2791 2083 2847 2127 et
2895 2084 3264 2144 congruenter
3297 2091 3490 2145 Opera-

1911 2166 1998 2212 tus
2031 2158 2178 2227 ipsas
2205 2175 2335 2215 vere
2365 2164 2742 2227 conservabit,
2771 2165 2888 2234 ipse
2923 2166 3145 2220 interim
3194 2168 3314 2221 sine
3351 2183 3487 2221 con-

1909 2248 2125 2305 fusione
2161 2267 2514 2321 permanens.
2546 2255 2848 2310 Eratenim
2899 2266 2954 2311 et
3005 2267 3200 2312 natura
3233 2258 3488 2327 impassi-

1909 2340 2038 2395 bilis
2067 2349 2123 2395 et
2146 2335 2444 2412 passibilis,
2485 2344 2819 2402 immortalis
2849 2357 2900 2402 ct
2951 2348 3221 2414 mortalis,
3249 2348 3488 2403 visibilis

1909 2441 1965 2487 et
2005 2433 2391 2505 intelligibilis,
2421 2445 2617 2491 natura
2641 2437 2785 2492 Deus
2815 2446 2871 2492 et
2890 2439 3033 2494 idem
3071 2448 3269 2494 natura
3297 2439 3484 2495 homo.

1910 2524 2025 2578 Hoc
2057 2525 2242 2591 modo,
2273 2528 2499 2596 utquod
2534 2544 2634 2599 ego
2664 2530 2843 2584 sentio
2867 2531 3081 2601 loquar,
3112 2531 3486 2587 obedientiam

1911 2617 1965 2672 in
1991 2617 2200 2672 honore
2234 2617 2401 2672 allicit
2451 2620 2738 2685 Dominus,
2797 2629 2854 2676 et
2901 2623 3022 2693 ejus
3084 2623 3487 2693 experientiam

1879 2710 2283 2780 .perpetiendis
2307 2712 2468 2766 malis
2496 2711 2664 2781 capit,
2701 2728 2811 2767 non
2839 2722 3051 2768 tantum
3086 2724 3145 2768 ut
3175 2715 3484 2777 salvetnos,

1911 2810 2079 2856 totam
2115 2817 2145 2856 a
2171 2801 2306 2857 vitio
2337 2803 2626 2873 purgando
2655 2811 2932 2868 naturam,
2972 2819 3165 2858 verum
3216 2805 3382 2858 etiam
3425 2813 3485 2856 ut

1909 2890 2156 2955 exploret
2187 2899 2433 2945 nostram
2462 2889 2859 2955 obedientiam,
2889 2900 2949 2946 et
2969 2900 3156 2946 nostra
3193 2892 3376 2945 omnia
3396 2891 3481 2944 in-

1911 2982 2118 3052 telligat
2142 2983 2499 3051 experiendo,
2534 2984 2628 3052 qui
2663 2983 2800 3037 alias
2849 2999 3066 3037 omnem
3112 2983 3483 3054 cognitionem

225 3077 331 3133 τῳ,
367 3064 471 3116 ὑπὸ
517 3067 617 3136 τῆς
651 3066 818 3138 ἄλλης
853 3069 1077 3132 σκοτίας
1118 3069 1186 3134 ⁸⁸,
1236 3069 1332 3122 τοῦ
1378 3070 1619 3142 πονηροῦ
1665 3071 1809 3139 λέγω

1909 3087 2008 3126 sua
2054 3079 2254 3127 natura
2293 3073 2718 3142 complectitur;
2757 3075 2832 3128 ita
2870 3075 3134 3128 nimirum
3186 3075 3484 3145 dispiceret

227 3155 328 3208 καὶ
367 3155 460 3208 τοῦ
487 3159 809 3228 πειραστοῦ,
845 3159 906 3213 τὸ
934 3161 1127 3225 σκότος
1169 3161 1356 3226 πόσον,
1383 3161 1458 3226 ὡς
1487 3163 1810 3217 ἀσθενέστε-

1910 3171 2176 3234 quantum
2201 3172 2257 3219 et
2283 3179 2312 3217 a
2345 3164 2508 3218 nobis
2528 3164 2670 3235 exigi
2708 3181 2929 3235 aequum
2956 3165 3117 3228 foret,
3139 3177 3195 3220 et
3216 3173 3481 3236 quantmn

229 3267 358 3320 ρον;
399 3253 507 3304 Καὶ
532 3253 586 3304 τί
614 3251 949 3324 θαυμαστὸν,
977 3256 1027 3308 εἰ
1056 3255 1266 3309 ἐκείνου
1295 3256 1652 3324 διαφυγόντος
1675 3273 1807 3308 παν-

1910 3255 2234 3322 condonari,
2279 3255 2344 3309 ad
2393 3255 2692 3325 perfectam
2745 3257 3158 3322 obedientiam;
3205 3273 3302 3326 per
3340 3257 3482 3311 banc

225 3340 472 3396 τάπασιν
505 3345 666 3414 ἡμεῖς
714 3346 894 3408 ποσῶς
943 3346 1426 3417 καταληφθειημεν
1471 3347 1556 3411 ⁶⁹;
1605 3346 1808 3409 Μεῖζον

1909 3346 2058 3401 enim
2085 3361 2183 3400 eos
2213 3361 2315 3400 suo
2353 3347 2499 3401 Patri
2524 3346 2798 3401 adducere
2826 3348 2964 3402 solet
3003 3349 3095 3417 qui
3130 3347 3306 3402 salute
3330 3345 3484 3417 digni

225 3433 342 3503 γὰρ
370 3435 564 3510 ἐκεινῳ
589 3436 651 3489 τὸ
675 3437 975 3508 διωχθῆναι
1000 3439 1067 3501 ⁷⁸,
1100 3438 1244 3509 ἥπερ
1273 3438 1406 3508 ἡμῖν
1455 3437 1518 3489 τὸ
1561 3436 1805 3505 καταλη-

1910 3435 2267 3490 videbantur.
2299 3437 2470 3502 Quam
2523 3453 2803 3506 magnum,
2848 3453 3011 3506 quam
3071 3453 3201 3492 vere
3237 3448 3487 3493 tremen-

225 3525 456 3594 φθῆναι,
491 3527 641 3597 rupi
669 3531 782 3592 τοῖς
820 3529 996 3601 ὀρθῶς
1028 3529 1202 3584 ταῦτα
1233 3530 1656 3600 λογιζομένοις.»

1911 3527 2043 3582 dum
2081 3536 2167 3582 est
2195 3537 2397 3582 nostrae
2449 3529 2643 3582 salutis
2674 3528 3033 3601 mysterium!
3067 3529 3304 3584 Tantum
3333 3543 3364 3584 a
3385 3543 3487 3583 no-

228 3618 318 3672 bis
378 3618 618 3689 exigitur
677 3633 946 3690 quantum
993 3622 1063 3677 ab
1109 3622 1230 3693 ipso
1291 3623 1344 3676 in
1383 3631 1574 3676 nostra
1598 3631 1798 3677 natura
1835 3620 2161 3676 constituto.
2224 3619 2338 3673 Nisi
2393 3620 2535 3675 forte
2575 3622 2669 3676 ubi
2717 3623 3017 3677 voluntatis
3077 3621 3145 3676 ad
3194 3630 3483 3692 peccatum

227 3725 424 3780 prona:
453 3710 738 3767 inclinatio
777 3723 986 3769 natura:
1033 3713 1410 3769 imbecillitate
1443 3713 1510 3768 ad
1567 3715 1697 3768 mali
1757 3712 2104 3767 occasionem
2162 3711 2446 3766 abutatur.
2515 3714 2687 3784 llujus
2729 3715 3006 3784 opinionis
3057 3714 3350 3769 manifesto
3400 3723 3486 3769 est

227 3818 465 3874 magnus
494 3805 586 3862 hic
616 3807 898 3877 magister,
935 3821 1170 3877 eamque
1237 3807 1294 3860 in
1354 3806 1716 3876 sequentibus
1753 3805 2061 3858 conﬁrmat.
2095 3823 2112 3855 ι
2151 3804 2284 3858 Nam
2323 3821 2448 3859 cum
2501 3805 2680 3860 lucem
2740 3805 2886 3859 illam
2937 3813 3167 3876 prepter
3235 3805 3518 3885 corporis_

229 3904 616 3965 tegumentum
647 3899 996 3963 intenebris,
1046 3899 1152 3954 hoc
1201 3909 1286 3954 est
1333 3899 1388 3953 in
1423 3899 1526 3952 hac
1554 3898 1689 3960 vita,
1733 3899 1946 3959 lucens,
1977 3896 2222 3950 tenebrae
2283 3897 2426 3962 aliae,
2495 3897 2602 3952 hoc
2651 3906 2735 3952 est
2795 3913 2996 3968 pravus
3027 3898 3118 3952 ille
3143 3907 3199 3952 et
3237 3905 3479 3952 tentator

231 3990 536 4045 insectatus
568 3991 661 4056 sit,
693 4000 902 4060 quanto
938 3992 1112 4062 magis
1138 3991 1396 4046 tenebras
1422 3991 1586 4060 ipsas,
1614 3998 1808 4058 utpote
1851 3987 2223 4042 inﬁrmiores?
2285 3988 2352 4042 Et
2386 3987 2520 4058 quid
2560 3989 2784 4053 mirum,
2828 3989 2872 4042 si
2926 4004 3052 4042 eum
3106 3988 3194 4042 ille
3251 3987 3482 4044 hostiles

229 4085 462 4154 laqueos
492 4085 717 4140 omnino
745 4086 1022 4157 eﬂ‘ugerit,
1083 4100 1187 4141 nos
1219 4085 1624 4155 quadamtenus
1689 4081 2261 4152 comprehendamur?
2311 4081 2483 4152 Majas
2547 4082 2750 4152 quippe
2795 4081 2876 4135 illi
2931 4089 3037 4144 est,
3098 4081 3244 4150 quod
3310 4080 3484 4136 hostis

228 4187 361 4227 eum
393 4181 719 4243 persecutus
755 4174 848 4234 sit.
892 4189 1057 4244 quam
1095 4174 1282 4241 nobis,
1342 4175 1492 4246 quod
1527 4189 1628 4229 nos
1660 4179 1989 4241 assequatur
2058 4179 2223 4241 atque
2273 4171 2730 4241 comprehendat,
2771 4171 2918 4242 apud
2980 4187 3076 4226 eos
3136 4173 3326 4242 utique
3386 4171 3484 4242 qui

231 4263 354 4317 bare
378 4269 525 4318 recta
554 4262 768 4318 ratione
797 4264 1168 4334 perpendam.
1202 4284 1219 4317 ι

230 4444 342 4507 Εἰς
372 4439 485 4506 τὴν
519 4439 670 4508 πρὸς
708 4440 894 4495 Γάϊον
921 4440 1030 4494 τὸν
1057 4438 1431 4508 θεραπευτὴν
1473 4440 1808 4508 ἐπιστολὴν

1909 4441 1966 4495 1η
2024 4439 2298 4511 epistolam
2353 4438 2408 4494 S.
2472 4439 2710 4510 Dionysii
2773 4439 3094 4509 Areopagin
3152 4439 3481 4494 Athenarum

305 4531 414 4584 τοῦ
440 4531 484 4561 ⁷⁸
526 4531 845 4585 Διονυσίου
865 4530 970 4585 τοῦ
998 4531 1440 4601 Ἀρεοπαγίτου,
1466 4520 1806 4586 ἐπισκόπου

319 4622 601 4691 Ἀθηνῶν
641 4641 658 4674 ι
707 4621 856 4688 Πῶς.
888 4622 1030 4692 φὴς.
1067 4622 1319 4690 Ἰησοῦς,
1359 4625 1394 4677 ὁ
1428 4621 1670 4676 πάντων
1705 4623 1808 4675 ἐπ-

307 4715 532 4776 έκεινα,
581 4713 774 4770 πᾶσιν
809 4715 1140 4780 ἀνθρώποις
1179 4715 1352 4769 ἐστὶν
1404 4715 1450 4746 ’³
1502 4713 1813 4779 οὑσιωδῶς

308 4807 821 4876 συντεταγμένου
875 4806 1028 4861 οὐδὲ
1063 4813 1173 4876 γὰρ
1225 4807 1306 4872 ὡς
1347 4806 1537 4871 αἴτιος
1585 4804 1807 4874 ἀνθρώ-

309 4913 439 4950 πων
469 4897 680 4952 ἐνθάδε
707 4897 946 4968 λέγεται
982 4897 1312 4965 ἄνθρωπος,
1344 4896 1483 4951 ἀλλ’
1514 4898 1593 4962 ὡς
1627 4898 1810 4962 αὐτὸς

308 4987 438 5040 κατ’
464 4988 686 5042 οὐσίαν
705 4987 861 5054 ὃλην
892 4987 1135 5054 ἀληθῶς
1173 4985 1474 5054 ἄνθρωπος
1509 4986 1611 5041 ὧν.
1646 5006 1664 5038 ι

321 5097 536 5167 Ἐπειδὴ
561 5099 700 5151 κατὰ
737 5099 836 5169 τὴν
873 5097 1052 5168 ἁπλῆν
1085 5096 1311 5168 ἐκδοχὴν
1344 5098 1445 5167 τῆς
1479 5097 1645 5166 ἁγίας
1673 5099 1810 5169 Γρα-

235 5187 368 5258 φῆς,
401 5188 475 5252 ὼς
506 5189 724 5243 πάντων
748 5190 922 5254 αἴτιος
948 5191 976 5242 ὁ
1013 5188 1146 5252 Θεὸς
1178 5191 1311 5244 πᾶσι
1339 5189 1667 5260 σημαίνεται
1696 5194 1810 5254 τοῖς

1972 4530 2197 4602 episcOpi
2224 4529 2294 4582 ad
2317 4528 2506 4584 Caium
2543 4532 2874 4583 monachum.
2910 4547 2928 4579 ι
2967 4528 3255 4595 Quomodo,
3285 4530 3481 4599 inquis,

1971 4623 2142 4684 Iesus,
2173 4623 2262 4692 qui
2302 4631 2378 4675 est
2421 4621 2656 4675 omnibus
2705 4623 2964 4692 superior,
2998 4622 3055 4674 in
3100 4621 3334 4674 eumdem
3365 4638 3483 4675 cum

1975 4715 2173 4768 ueteris
2205 4713 2498 4767 hominibus
2545 4713 2783 4766 essentia:
2816 4713 3052 4766 ordinem
3089 4713 3326 4767 redactus
3361 4715 3486 4767 est?

1975 4804 2161 4874 Neque
2185 4803 2324 4856 enim
2365 4803 2544 4856 hocin
2588 4801 2699 4856 loco
2732 4810 2990 4872 tanquam
3019 4819 3182 4856 causa
3214 4803 3485 4858 hominum

1977 4895 2358 4959 consideratur,
2393 4894 2484 4948 sed
2525 4903 2583 4946 ut
2616 4910 2710 4964 per
2750 4894 3028 4948 essentiam
3065 4903 3230 4950 totam
3268 4911 3325 4948 re
3367 4895 3484 4965 ipsa

1973 4992 2146 5043 homo.
2180 5009 2198 5037 ι

1976 5099 2431 5169 Quandoquidem
2464 5097 2768 5153 secundum
2799 5098 3104 5168 simplicem
3139 5114 3307 5153 sacrae
3341 5097 3488 5153 Scri-

1907 5200 2080 5262 ptura:
2108 5190 2470 5256 intellectum,
2492 5190 2830 5246 Deusetiam
2860 5190 3246 5244 denominatus
3271 5190 3340 5244 ab
3365 5205 3485 5246 om-

1501 5345 1731 5400 VARIIE
1773 5344 2170 5402 LECTIONES.

309 5457 351 5539 ξ·
386 5456 688 5539 ἁσργχυτος
706 5458 795 5539 ορ.
815 5459 939 5539 _Gal.

236 5525 357 5598 Gal.
433 5527 480 5559 “
503 5525 583 5597 τῷ
611 5528 701 5598 ed.
732 5527 852 5583 Gal.
952 5529 996 5562 ⁸⁷
1053 5531 1232 5585 Verba
1289 5529 1572 5598 συγχωρού

240 5597 326 5652 sui
349 5613 416 5652 ex
445 5598 568 5653 cod.
605 5597 748 5654 Gud.
825 5600 869 5633 ⁸⁸
898 5600 1146 5662 σκοτεεας
1180 5600 1269 5654 ed.
1317 5597 1436 5658 Gali.

240 5665 396 5739 add-it-
417 5667 504 5722 ed.
536 5667 655 5722 Gal.
752 5670 800 5701 ⁷³
829 5670 976 5723 ἐστὶν
1006 5669 1312 5740 ἀνθρώποις
1335 5671 1425 5724 ed.
1453 5669 1570 5724 Gal.

1032 5461 1075 5492 "
1107 5459 1291 5524 Οὕτως
1322 5461 1408 5514 ed.
1441 5459 1560 5514 Gal.
1637 5461 1683 5492 ⁸³
1714 5460 1862 5530 σώζῃ
1891 5459 1981 5513 ed.
2017 5459 2136 5530 Gal.

1581 5503 1818 5598 μεθαῖῖ
1833 5503 1996 5582 Εέξ»
2021 5503 2143 5598 ζέἆὸῖ
2173 5503 2999 5598 ἡμιᾶᾷ’ἆιῖεἷᾶἒὲῖιῖοἶέἑιιῐιῗἮη
3033 5503 3487 5598 εάἶίξεῖξῖὶεἶὸἒ

1534 5597 1694 5653 "aut
1736 5597 2216 5669 καταληφθείημεν
2245 5599 2334 5652 ed.
2379 5599 2498 5654 Gal.

2227 5458 2272 5491 ”
2307 5461 2676 5531 ἁποκαθείρας
2708 5461 2796 5514 ed.
2834 5460 2952 5515 Gal.
3043 5460 3085 5492 "
3117 5463 3194 5531 τῇ
3233 5475 3343 5514 om.
3387 5460 3480 5515 ed.

2583 5601 2625 5630 το
2659 5601 2912 5672 δοχθῆναι
2947 5601 3034 5656 ed.
3065 5599 3182 5655 Gal.
3255 5601 3298 5631 '“
3331 5599 3486 5667 ἁγίου

316 5790 394 5862 (-5)
425 5791 646 5864 Dbmys.
672 5795 874 5863 Arcop.
908 5794 1078 5864 Epist.
1135 5793 1199 5848 ad
1228 5792 1443 5857 Gaium,
1481 5806 1609 5848 tom.
1652 5794 1692 5855 l,
1731 5809 1784 5865 ιδ.
1830 5793 1951 5853 595,
1981 5793 2116 5861 Opp.
2153 5792 2242 5844 ed.
2286 5790 2476 5844 Venet.
