4200 6440
182 351 318 417 1049

1415 355 1932 417 AMBIGUORUM
1972 358 2224 418 LIBER.

3286 350 3422 414 1050

171 462 308 531 ἦρεν
335 461 380 491 ⁸⁵
416 460 594 528 ἑαυτῷ
623 460 722 520 τὴν
753 459 935 528 φύσιν,
965 461 1151 530 ἕτερον
1179 459 1346 530 αὐτὴν
1383 464 1614 532 ποιήσας
1638 480 1741 532 μυ·
1772 515 1773 520 η

1880 466 2127 536 ubjectus
2157 466 2282 530 fuit,
2308 466 2404 521 sed
2439 466 2623 536 potius
2648 465 2768 520 vice
2795 478 2954 518 versa
2979 463 3045 518 ad
3078 479 3136 518 se
3161 463 3424 518 sublima-

174 556 418 622 στήριον,
455 553 613 616 αὐτὸς
653 553 709 606 δὲ
736 551 782 585 ⁸⁸
833 554 1024 622 μείνας
1084 554 1433 608 παντάπασιν
1484 553 1747 624 ἄληπτος,

173 649 269 698 καὶ
298 647 396 714 τὴν
421 644 628 698 οἰκείαν
658 645 935 716 σάρκωσιν
965 645 1236 715 λαχοῦσαν
1267 645 1485 714 γένεσιν
1511 646 1752 718 ὑπερθύ-

175 755 291 790 σιον
323 736 621 808 μυστηρίου
651 738 850 800 παντὸς
873 737 1050 802 δείξας
1073 738 1470 810 ἀληπτοτέραν,
1497 738 1752 792 τοσοῦτον

173 827 524 896 καταληπτὸς
545 828 610 882 δι’
641 827 811 899 αὑτὴν
833 828 1068 898 γεγονὼς
1093 830 1216 883 ὅσον
1239 831 1285 861 ⁸⁷
1313 830 1474 883 πλέον
1504 830 1750 900 ἐγνώσθη

172 921 446 991 διἀὑτῆς
503 921 893 992 ἀληπτότερος.
932 941 950 973 ι
1021 922 1267 993 Κρύφιος
1329 923 1440 995 γάρ
1501 925 1617 976 ἐστι
1659 925 1754 976 καὶ

178 1013 320 1080 μετά
352 1011 449 1080 τὴν
481 1011 765 1080 ἐκφανσιν,
809 1031 828 1063 ι
857 1015 1023 1084 φησὶν
1050 1017 1078 1068 ὁ
1128 1014 1472 1078 διδάσκαλος,
1514 1034 1532 1067 ι
1569 1015 1627 1086 ἢ,
1663 1015 1754 1068 ἵνα

174 1104 239 1156 τὸ
287 1103 558 1174 θειότερον
605 1103 767 1169 εῐπω,
804 1105 898 1158 καὶ
927 1105 986 1158 ὲν
1016 1109 1082 1177 τῇ
1126 1108 1409 1177 ὲκφάνσει.
1438 1109 1548 1161 Καὶ
1595 1107 1756 1161 τοῦτο

175 1193 290 1264 γὰρ
331 1193 507 1264 Ἰησοῦ
541 1193 870 1264 κέκρυπται,
900 1197 994 1250 καὶ
1033 1197 1210 1252 οὐδενὶ
1258 1198 1422 1268 λόγῳ,
1458 1198 1578 1252 οὐδὲ
1603 1197 1681 1268 νῷ
1708 1198 1755 1232 ⁸⁸

175 1285 240 1375 τρ
273 1285 394 1336 κατ’
416 1283 579 1336 αὑτὸν
610 1283 836 1354 ὲξῆκται
871 1288 1191 1357 μυστήριον,
1223 1289 1360 1341 ἀλλὰ
1391 1291 1483 1342 καὶ
1526 1289 1756 1358 λεγόμε-

176 1391 273 1425 νον
316 1375 561 1445 ἄρρητον
604 1376 796 1444 μένει,
826 1377 922 1430 καὶ
965 1379 1273 1448 νοούμενον,
1306 1379 1602 1447 ἄγνωστον.
1637 1399 1655 1430 ι
1693 1379 1757 1432 Τί

176 1464 375 1517 τούτου
408 1465 542 1536 πρὸς
574 1466 850 1532 ἀπόδειξιν
879 1466 1032 1532 θείας
1055 1471 1510 1540 ὑπερουσιότητος
1557 1469 1759 1536 γένοιτ’

177 1555 251 1608 ἂν
305 1556 852 1628 ἀποδεικτικώτερον,
892 1561 1150 1627 ὲκφάνσει
1199 1561 1379 1631 (ιιι
1409 1561 1464 1630 (ι)
1523 1560 1583 1612 τὸ
1628 1559 1760 1629 κρύ-

180 1665 311 1716 φιον
372 1651 468 1700 καὶ
510 1649 654 1718 λόγῳ
695 1650 796 1719 τὴν
836 1651 1074 1717 ἀφασίαν
1108 1651 1203 1704 καὶ
1248 1651 1323 1720 νῷ
1362 1649 1629 1721 δηλοὺσης
1662 1649 1759 1719 τὴν

186 1737 314 1791 καθ’
357 1739 631 1808 ὑπεροχὴν
661 1739 961 1806 ἀγνωσίαν,
994 1740 1089 1792 καὶ
1122 1741 1180 1792 τὸ
1214 1740 1278 1810 δὴ
1320 1740 1504 1808 μεῖζον
1559 1741 1757 1802 εἰπεῖν,

178 1827 518 1892 θὺσιώσειτὸ
543 1829 868 1898 ὑπεροὺσιον
892 1846 906 1895 ;
933 1849 951 1880 ι
975 1829 1192 1900 Ἀμέλει
1220 1834 1286 1902 τῇ
1306 1831 1510 1902 ταύτης
1540 1848 1762 1901 περιουο

184 1920 280 1987 σία
301 1919 350 1951 ⁸⁹
375 1921 470 1972 καὶ
493 1921 574 1981 είς
603 1920 792 1973 οὐσίαν
819 1919 1035 1990 άληθῶς
1068 1919 1239 1974 ἐλθὼν
1264 1921 1406 1992 ὑπὲρ
1452 1922 1644 1974 οὑσίαν
1670 1922 1762 1974 οὑο

185 2009 363 2080 σιώοη
389 2026 404 2040 ·
438 2029 457 2061 ι
488 2013 614 2075 τοὺς
637 2011 834 2083 νόμους
855 2012 1056 2083 δηλαδὴ
1079 2013 1481 2083 καινοτομήσας
1496 2013 1594 2081 τῆς
1619 2013 1763 2066 κατά

184 2101 355 2171 φύσιν
403 2104 694 2171 γενέσεως,
729 2105 824 2156 καὶ
871 2103 996 2173 δίχα
1028 2103 1128 2173 τῆς
1181 2103 1240 2169 ἐξ
1282 2103 1479 2173 ἀνδρὸς
1515 2105 1572 2156 ὲν
1634 2104 1762 2156 εἴδει

184 2192 404 2260 σπορᾶς
458 2192 676 2261 ἀληθῶς
736 2192 1028 2263 γενόμενος
1085 2191 1389 2264 ἄνθρωπος.
1452 2192 1562 2244 Καὶ
1611 2192 1764 2262 δηλοῖ

184 2285 469 2350 Παρθένος
501 2286 664 2339 αὑτὸν
694 2285 994 2356 ὑπερφυῶς
1023 2285 1228 2339 κύουσα
1255 2286 1347 2338 τὸν
1368 2286 1415 2319 ’°
1443 2286 1766 2355 ὑπεροὺσιον

187 2377 366 2443 Λόγον
395 2375 566 2447 χωρὶς
594 2376 786 2448 ἀνδρὸς
812 2378 876 2429 ὲκ
897 2376 1007 2428 τῶν
1037 2377 1205 2446 αὐτῆς
1235 2375 1580 2448 παρθενικῶν
1603 2377 1768 2448 αἱμά-

182 2486 300 2521 των
353 2468 738 2540 ἀνθρωπικῶς,
798 2467 933 2538 ξένῳ
986 2469 1138 2539 παρά
1192 2469 1291 2538 τὴν
1348 2468 1510 2537 φύσιν
1555 2467 1764 2538 θεσμῷ.

182 2560 670 2630 διαπλαττόμενον.
705 2581 723 2612 ι
772 2560 885 2614 Καὶ
938 2561 1081 2631 ὑπὲρ
1127 2559 1414 2630 ἄνθρωπον
1472 2561 1693 2631 ἐνήργει
1722 2561 1764 2591 ⁹¹

184 2652 258 2705 τά
279 2651 571 2722 ἀνθρώπου
604 2654 650 2684 ⁸⁸
671 2670 684 2683 ⁸
717 2672 737 2703 ›
761 2652 862 2723 τὴν
891 2653 1002 2705 τῶν
1031 2652 1311 2723 στοιχείων
1339 2653 1561 2715 ἀπαθῶς
1590 2670 1770 2706 καινο-

185 2747 446 2816 τομήσας
480 2744 646 2812 φύσιν
665 2747 788 2807 ταῖς
818 2743 1030 2815 βάσεσι.
1072 2745 1184 2798 Καὶ
1213 2744 1366 2814 δηλοῖ
1401 2744 1586 2812 σαφῶς
1625 2745 1769 2815 ὕδωρ

187 2838 449 2901 ἄστατον,
483 2836 686 2889 ὑλικῶν
721 2837 816 2890 καί⁸
843 2836 1059 2906 γεηρῶν
1089 2836 1134 2868 ’³
1173 2834 1350 2887 ποδῶν
1389 2835 1580 2905 ἀνέχον
1604 2835 1769 2906 βάρος

188 2928 291 2982 καὶ
337 2927 410 2998 μὴ
456 2930 701 2991 ὑπεῖκον,
743 2926 864 2981 ἀλλ’
912 2927 1184 2996 ὑπερφυεῖ
1235 2927 1464 2996 δυνάμει
1524 2928 1662 2996 πρὸς
1713 2929 1773 2979 ta

188 3020 482 3088 ἀδιάχυτον
543 3018 938 3088 συνιστάμενον
964 3034 978 3048 ο
1029 3017 1189 3088 εἴπερ
1239 3016 1454 3087 ἀληθῶς
1517 3018 1772 3088 ἀῦρὸχοις

1853 561 1932 613 vit
1976 567 2248 623 naturam,
2277 559 2331 612 in
2361 574 2424 612 ea
2461 558 2609 612 aliud
2638 558 2958 628 mysterium
3003 555 3275 620 eﬂicicns;
3309 556 3423 623 ipse

1853 653 1998 705 enim
2025 649 2596 721 incomprehensibilis
2622 649 2941 720 permansit,
2972 657 3028 703 ct
3060 662 3211 702 suam
3244 648 3424 702 incar—

1855 739 2132 793 nationem
2155 742 2302 795 omni
2329 741 2588 811 mysterio
2612 740 2781 810 magis
2810 737 3425 807 incomprehensibilcm

1853 833 2116 894 ostendit,
2143 851 2242 903 per
2281 834 2690 905 generationem
2724 849 2886 902 supra
2919 847 3138 886 omnem
3170 830 3426 885 substan—

1857 926 2008 991 tiam,
2056 935 2206 978 tanto
2239 924 2460 993 quidem
2495 940 2594 994 per
2634 923 2780 976 illam
2810 923 2985 977 factus
3009 918 3427 989 comprehensi-

1857 1017 2004 1081 bilis,
2033 1026 2242 1086 quanto
2267 1032 2365 1085 per
2392 1017 2536 1070 illam
2582 1015 2924 1086 dignoscitur
2962 1030 3082 1074 esse
3129 1011 3302 1081 magis
3343 1011 3427 1062 in-

1858 1107 2393 1179 comprehensibilis.
2429 1128 2446 1160 ι
2481 1108 2853 1164 Absconditus
2876 1107 3021 1160 enim
3051 1115 3234 1160 manet
3261 1104 3429 1159 etiam

1859 1209 1981 1271 post
2028 1199 2556 1263 manifestationem,
2607 1219 2625 1250 ι
2679 1208 2742 1253 ιιι
2789 1197 2924 1253 dicit
2979 1198 3235 1266 magister
3302 1193 3428 1256 ille,

1867 1311 1885 1344 ι
1927 1300 2040 1358 aut,
2085 1301 2145 1346 ut
2185 1291 2428 1346 divinius
2469 1291 2683 1360 loquar,
2715 1290 2769 1344 in
2814 1289 2930 1359 ipsa
2966 1286 3430 1349 manifestatione,

1859 1385 2063 1438 etenim
2086 1383 2191 1436 hoc
2212 1383 2375 1438 etiam
2407 1383 2582 1452 ipsius
2606 1383 2731 1436 Jesu
2756 1383 3062 1435 occultatur
3085 1378 3429 1448 mysterium,

1859 1491 1964 1530 nec
2003 1474 2116 1528 ullo
2158 1487 2412 1528 sermone
2453 1473 2538 1528 vel
2565 1473 2842 1528 intellectu
2883 1469 3229 1540 exprimitur,
3271 1468 3434 1536 quin-

1861 1567 1973 1622 imo
2003 1566 2134 1620 dum
2167 1564 2460 1635 profertur,
2497 1579 2782 1627 arcanum,
2829 1573 2884 1616 et
2923 1562 3051 1615 dum
3086 1559 3429 1628 intelligitur,

1860 1669 2046 1714 manet
2082 1658 2349 1727 ignotum.
2392 1675 2410 1706 ι
2443 1655 2582 1722 Quid
2625 1663 2709 1709 est
2751 1653 2897 1724 quod
2937 1653 3190 1706 .diviuam
3233 1664 3429 1718 super-

1864 1747 2380 1804 substantialitatem
2427 1747 2642 1815 plenius
2691 1747 2795 1799 hoc
2828 1744 3206 1798 demonstrare
3244 1746 3432 1809 queat,

1865 1841 1985 1908 tjuze
2011 1855 2109 1910 per
2137 1852 2292 1893 suam
2324 1835 2820 1891 manifestationem
2853 1850 2910 1888 se
2951 1833 3209 1896 occultat,
3243 1839 3300 1885 et
3337 1846 3438 1900 per

1864 1947 2173 1986 sermonem
2209 1944 2268 1984 se
2312 1927 2643 1982 incﬂabilem
2688 1925 2950 1986 declarat,
2975 1933 3031 1978 et
3071 1939 3171 1993 per
3196 1929 3436 1976 mentem

1864 2020 2298 2076 eminentissime
2349 2033 2408 2072 se
2454 2015 2936 2086 incognoscibilem
2984 2012 3199 2082 probat,
3247 2019 3322 2075 et,
3378 2019 3440 2064 ut

1865 2114 2042 2183 majus
2062 2109 2267 2180 aliquid
2299 2109 2516 2174 addam,
2545 2123 2640 2178 per
2661 2105 2982 2161 substantiae
3009 2103 3439 2172 assumpti‘onem

1865 2221 1924 2259 se
1950 2219 2070 2259 esse
2110 2218 2274 2273 supra
2305 2217 2524 2256 omnem
2557 2199 2920 2254 substantiam
2955 2195 3233 2251 ostendit?
3261 2213 3279 2243 ι
3309 2193 3442 2248 Pro-

1865 2296 2008 2351 fecto
2057 2296 2223 2366 hujus
2267 2293 2623 2365 praerogativa
2655 2291 2820 2347 etiam
2873 2305 2998 2345 cum
3045 2303 3175 2343 vere
3210 2287 3264 2341 in
3306 2286 3440 2341 sub-

1867 2390 2124 2446 stantiam
2163 2387 2399 2450 veniret,
2435 2400 2602 2451 supra
2640 2381 3006 2438 substantiam
3046 2377 3444 2434 substantiatus

1867 2490 1968 2536 est.
2001 2499 2020 2532 ›
2049 2479 2318 2534 Nimirum
2347 2475 2714 2547 generationis
2739 2472 3006 2527 naturalis
3037 2471 3211 2540 legem
3247 2469 3447 2522 immu-

1871 2572 2022 2634 tavit,
2058 2581 2112 2624 ct
2155 2568 2361 2638 absque
2393 2566 2536 2620 virili
2574 2565 2782 2620 semine
2819 2563 2872 2616 in
2910 2561 3091 2631 specie
3119 2559 3283 2613 homo
3315 2573 3448 2612 vere

1843 2662 2045 2728 ,factus
2077 2669 2188 2723 est;
2220 2659 2272 2712 id
2299 2657 2448 2727 quod
2491 2654 2735 2709 declarat
2757 2653 2923 2721 Virgo
2949 2664 3072 2719 quae
3098 2649 3250 2701 illum
3284 2645 3448 2700 modo

1871 2749 2271 2821 supernaturali
2315 2748 2461 2818 parit
2502 2745 2743 2801 Verbum
2787 2738 3348 2811 supersubstantiale,
3392 2743 3452 2791 et.

1871 2844 2094 2914 quidem
2133 2841 2341 2910 absque
2369 2855 2473 2908 ope
2511 2835 2615 2890 viri
2647 2852 2713 2890 ex
2751 2849 2852 2888 suo
2885 2831 3140 2902 virginali
3184 2829 3450 2899 sanguine

1871 2941 2213 2996 concretum,
2249 2946 2316 2986 eo
2361 2928 2526 2983 modo
2564 2943 2674 2997 quo
2721 2923 2902 2981 czeteri
2956 2923 3213 2976 homines
3241 2918 3451 2989 produ-

1873 3034 2098 3088 cuntur,
2129 3024 2248 3094 lege
2275 3031 2456 3076 tamen
2485 3018 2746 3074 nascendi
2790 3031 2899 3070 non
2927 3021 3162 3069 servata.
3192 3012 3261 3065 Et
3289 3025 3453 3079 supra

191 3109 350 3172 ποσὶ,
385 3108 698 3178 σωματικὸν
733 3109 897 3176 ὄγκον
925 3107 1131 3178 ἔχουσι,
1162 3109 1256 3160 καὶ
1283 3107 1413 3178 ὕλης
1456 3109 1642 3180 βάρος,
1674 3111 1772 3179 τὴν

1880 3117 2162 3172 hominum
2194 3113 2568 3168 conditionem
2595 3110 2763 3179 gessit
2790 3124 2852 3162 ea
2878 3123 3000 3177 qua:
3025 3104 3262 3159 hominis
3292 3109 3452 3166 sunt;

192 3203 376 3272 ὑγράν
427 3203 522 3254 καὶ
571 3201 804 3254 ἄστατον
853 3201 1040 3253 οὑσίαν
1063 3200 1109 3234 ⁸⁵
1135 3201 1515 3271 μεταϐατικῶς
1561 3203 1763 3255 ἐπεπό-

193 3309 360 3366 ρευτο
386 3294 452 3358 ⁸⁵,
476 3291 796 3362 περιπατῶν
820 3293 912 3344 ἐπὶ
934 3291 1212 3362 θαλάσσης
1239 3291 1314 3355 ὡς
1336 3293 1422 3344 ἐπ’
1447 3293 1493 3325 ⁹⁶
1522 3293 1774 3364 ἐδάφους,

191 3384 295 3436 καὶ
320 3385 388 3452 τῇ
419 3383 642 3452 δυνάμει
667 3382 768 3451 τῆς
790 3382 986 3435 ἑαυτοῦ
1021 3383 1279 3452 θεότητος
1323 3384 1646 3454 ἀχωρίστως
1688 3386 1778 3440 διὰ

189 3475 300 3545 τῆς
321 3473 368 3507 ³⁷
407 3473 760 3544 μεταϐάσεως
805 3475 1181 3541 συνεκφαίνων
1211 3476 1310 3544 τῆς
1333 3475 1537 3538 οἰκείας
1579 3478 1779 3545 σαρκὸς

189 3565 301 3636 τὴν
333 3565 476 3618 κατὰ
515 3565 682 3633 φύσιν
724 3563 1010 3633 ἐνέργειαν
1046 3580 1060 3594 ·
1099 3564 1259 3635 εἴπερ
1294 3565 1455 3632 φύσει
1505 3566 1708 3635 ταύτης
1742 3569 1774 3638 ὴ

197 3655 544 3727 μεταϐατικὴ
571 3655 882 3726 καθέστηκε
905 3656 1147 3724 κίνησις,
1176 3655 1293 3708 ἀλλ’
1323 3658 1382 3708 οὑ
1422 3657 1521 3726 τῆς
1560 3658 1779 3728 ἡνωμέ-

193 3766 302 3818 νης
322 3747 462 3818 αὑτῇ
500 3747 622 3801 καθ’
657 3749 956 3802 ὑπόστασιν
985 3749 1363 3819 ὑπεραπείρου
1413 3750 1510 3802 καὶ
1544 3751 1783 3821 ὑπερου-

198 3840 324 3893 σίου
375 3838 646 3909 θεότητος.
680 3839 863 3904 Ἀπαξ
891 3839 998 3910 γὰρ
1039 3839 1406 3910 ἀνθρωπικῶς
1444 3842 1727 3904 υὺσιωθεὶς
1756 3843 1784 3894 ὀ

199 3928 536 4000 ὑπεροὺσιος
591 3930 764 3998 Λόγος
836 3929 973 3998 μετά
1019 3930 1116 3998 τῆς
1183 3930 1529 4000 ἀνθρωπίνης
1594 3932 1784 3995 οὐσίας

201 4023 484 4095 ἀμείωτον
513 4018 680 4092 εἶχεν,
711 4022 786 4084 ῶς
827 4021 964 4074 ίδίαν
997 4021 1162 4075 αὑτοῦ
1193 4061 1207 4086 ,
1264 4024 1360 4076 καὶ
1393 4024 1573 4093 (ιιι
1608 4023 1658 4093 b)
1689 4025 1784 4094 τὴν

201 4116 443 4184 γενικῶς
475 4114 636 4165 αὑτὸν
676 4113 752 4176 ὡς
798 4111 1088 4183 ἄνθρωπον
1131 4116 1643 4185 χαρακτηρίζουσαν
1687 4118 1785 4184 τῆς

202 4206 399 4267 οὐσίας
447 4206 660 4275 κίνησιν
710 4206 874 4257 πᾶσιν
927 4201 1008 4268 οἷς
1056 4204 1132 4264 ὼς
1177 4205 1465 4277 ἄνθρωπος
1491 4207 1712 4277 ἐνήργει
1739 4206 1786 4240 ³³

205 4298 459 4369 φυσικῶς
509 4297 953 4369 είδοποιουμὲνην
987 4315 1001 4329 ο
1054 4299 1215 4369 εἴπερ
1269 4298 1487 4369 ἀληθῶς
1554 4300 1781 4368 γέγονεν

206 4393 520 4465 ἄνθρωπος,
547 4392 851 4459 ἀναπνέων,
875 4392 1072 4459 λαλῶν,
1099 4393 1352 4462 βαδίζων,
1385 4397 1572 4463 χεῖρας
1599 4394 1784 4460 κινῶν,

1875 3208 2274 3261 elementorum
2325 3202 2472 3255 enim
2520 3209 2773 3254 naturam
2806 3195 3136 3258 immutavit,
3170 3193 3305 3247 nihil
3341 3193 3457 3261 ipse

1879 3299 2198 3353 immutatus
2247 3295 2362 3350 suis
2411 3292 2709 3364 gressibus.
2762 3291 2877 3344 lloc
2928 3288 3073 3342 clare
3119 3286 3462 3340 demonstrat

1877 3405 2016 3458 aqua
2060 3403 2159 3457 per
2202 3402 2262 3440 se
2308 3383 2604 3444 instabilis,
2644 3397 2765 3451 quae
2796 3380 2998 3451 pedum
3043 3394 3108 3433 ex
3140 3375 3370 3430 materia
3402 3383 3459 3430 et

1880 3492 2024 3536 terra
2048 3486 2436 3532 concretorum
2459 3473 2778 3546 gravitatem
2799 3470 3054 3532 sustinet,
3073 3482 3249 3536 neque
3276 3474 3457 3519 tamen

1881 3573 2046 3636 cedit,
2079 3571 2174 3626 sed
2203 3571 2408 3624 virtute
2435 3564 2840 3636 supernaturali
2869 3563 2986 3616 sine
3012 3559 3305 3614 dilfusione
3331 3556 3462 3611 sub-

1881 3663 2046 3716 sistit.
2074 3662 2212 3715 Vere
2248 3659 2437 3728 utique
2473 3658 2636 3712 siccis
2676 3655 2933 3725 pedibus,
2960 3652 3125 3716 mole,
3171 3663 3403 3719 corpore
3430 3662 3462 3703 ει

1883 3753 2134 3814 materia,
2169 3760 2228 3806 et
2272 3751 2515 3821 pondere
2561 3748 2829 3818 praeditis,
2867 3746 3042 3800 ﬂuxas
3074 3751 3129 3797 et
3181 3741 3467 3796 instabiles

1882 3862 2053 3916 aquas
2081 3843 2457 3914 pertransiens
2480 3840 2892 3902 obambulabat,
2925 3837 3281 3904 calcabatque
3313 3848 3468 3888 more

1886 3947 2146 4006 tanquam
2179 3934 2578 4005 pavimentum,
2612 3931 2776 3985 simul
2810 3943 2935 3983 cum
2969 3926 3215 3997 potentia
3247 3923 3470 3979 deitatis

1886 4045 1999 4085 sua:
2026 4025 2472 4097 inseparabiliter
2496 4040 2595 4094 per
2623 4038 2744 4076 eam
2771 4018 3258 4074 inambulationem
3285 4014 3473 4070 carnis

1887 4121 2123 4192 propriae
2167 4119 2544 4188 operationem
2590 4122 3049 4168 commonstrans.
3081 4111 3256 4180 llujus
3298 4108 3474 4177 siqui-

1888 4213 2012 4269 dem
2049 4213 2230 4268 carnis
2279 4209 2536 4280 proprius
2586 4214 2705 4261 crat
2755 4206 2846 4260 ille
2895 4201 3215 4258 ambulandi
3265 4209 3469 4263 motus,

1889 4319 2240 4375 nequaquam
2285 4309 2468 4355 autem
2507 4301 2793 4354 immensm
2839 4305 2895 4353 et
2927 4289 3474 4365 supersubstantialis

1892 4397 2113 4454 deitatis
2160 4395 2209 4450 ei
2260 4410 2358 4464 per
2397 4389 2718 4463 hypostasin
2754 4387 3012 4443 adunitae.
3045 4384 3286 4440 Verbum
3323 4381 3472 4437 enim

209 4482 513 4554 προσφυῶς
561 4485 681 4546 ταῖς
733 4482 1021 4552 αἰσθήσεσι
1065 4483 1345 4554 χρώμενος
1390 4485 1471 4546 είς
1503 4483 1773 4554 ἀντίληψω

1889 4487 2351 4560 superessentialc
2400 4484 2493 4538 ubi
2529 4481 2696 4537 semel
2750 4479 2992 4533 hominis
3041 4475 3336 4530 essentiam
3387 4488 3473 4526 as-

208 4576 328 4628 τῶν
377 4573 672 4645 αἰσθητῶν,
703 4574 924 4640 πεινῶν,
956 4575 1146 4643 διψῶν,
1179 4573 1397 4641 ἐσθίων,
1448 4575 1654 4641 ὑπνῶν,
1713 4593 1797 4629 κο-

211 4669 382 4726 πιῶν,
409 4669 533 4737 δάκε
553 4668 682 4731 ύων,
713 4669 1015 4737 ἀγωνιῶν,
1047 4669 1225 4721 καίτοι
1265 4668 1493 4738 δύναμις
1533 4668 1609 4723 ὢν
1661 4669 1796 4721 αὑθ-

214 4761 543 4826 υπόστατος,
606 4760 701 4812 καὶ
748 4760 817 4814 τὰ
872 4760 1032 4814 λοιπὰ
1088 4761 1266 4814 πάντα
1295 4755 1798 4831 οἷςάὑτουργικῶς

212 4852 400 4924 ψυχῆς
429 4851 583 4922 δίκην
615 4851 858 4921 φυσικῶς
885 4851 944 4904 τὸ
992 4851 1237 4923 συμφυὲς
1296 4850 1458 4921 σῶμα
1517 4849 1796 4920 κινούσης,

214 4946 322 5015 τὴν
363 4943 807 5014 προσληφθεῐσαν
859 4944 1021 5012 φύσιν
1056 4943 1224 4996 κινῶν
1253 4944 1330 5009 ὡς
1370 4943 1538 4997 αὑτοῦ
1582 4943 1676 4996 καὶ
1707 4959 1799 5010 γε-

217 5035 459 5107 νομένην
503 5035 718 5106 ἀληθῶς
759 5035 854 5088 καὶ
898 5035 1280 5106 λεγομένην,ἢ
1337 5037 1543 5108 κυρίως
1595 5037 1797 5102 εἰπεῖν,

219 5127 392 5189 αὐτὸς
445 5127 569 5198 δίχα
619 5126 832 5196 τροπῆς
870 5126 1020 5180 τοῦθ’
1044 5129 1183 5197 ὅπερ
1239 5128 1356 5181 ἐστὶ
1397 5127 1804 5198 πραγματικῶς

220 5224 258 5289 ἡ
285 5218 450 5290 φύσις
471 5221 760 5290 γενόμενος
789 5219 1150 5289 ἀφαντάστως
1174 5212 1218 5253 ⁸⁵
1239 5219 1338 5290 τὴν
1367 5220 1510 5291 ὑπὲρ
1547 5219 1703 5291 ἡμῶν
1729 5222 1803 5274 ol-

225 5310 490 5381 κονομίαν
517 5309 898 5380 πεπλήρωκεν.
938 5311 1050 5364 οὑκ
1088 5309 1294 5362 ἀνεῖλεν
1323 5306 1415 5362 οὖν
1460 5312 1556 5380 τὴν
1605 5327 1803 5363 συστα-

1893 4581 2147 4650 sumpsit,
2180 4579 2344 4632 simul
2374 4592 2498 4632 cum
2527 4591 2590 4630 ea
2625 4572 2820 4627 habuit
2847 4582 2903 4624 et
2933 4576 3141 4623 motum
3173 4568 3354 4636 plene,
3379 4566 3474 4634 qui

1897 4672 2104 4727 homini
2134 4670 2393 4740 proprius
2415 4679 2520 4728 est,
2550 4666 2754 4735 quique
2778 4665 2897 4732 ejus
2920 4659 3215 4715 essentiam
3244 4672 3476 4728 genera-

1896 4765 2022 4819 liter
2070 4760 2486 4824 characterizat,
2542 4759 2708 4826 inque
2746 4756 2813 4809 iis
2854 4754 3111 4808 omnibus
3155 4749 3482 4805 naturaliter

1899 4855 2247 4925 specilicatur
2284 4852 2338 4905 in
2371 4849 2570 4920 quibus
2605 4857 2666 4901 ut
2700 4847 2865 4900 homo
2898 4843 3266 4914 operabatur;
3300 4855 3478 4909 quan-

1898 4945 2192 5015 doquidem
2232 4959 2362 4997 vere
2389 4943 2565 4996 factus
2591 4947 2675 4995 est
2704 4939 2890 5001 homo,
2925 4934 3252 5005 respirabat,
3284 4925 3478 5001 loque-

1901 5042 2084 5104 batur,
2111 5037 2446 5099 ambulabat,
2477 5049 2673 5088 manus
2699 5031 2974 5092 movebat,
3006 5028 3260 5083 sensibus
3289 5024 3482 5079 uteba-

1903 5139 1990 5185 tur
2039 5136 2407 5199 congruenter
2453 5124 2522 5179 ad
2589 5139 2678 5178 res
2725 5120 3017 5177 sensibiles
3062 5115 3477 5188 percipiendas,

1901 5220 2202 5284 esuriebat,
2243 5218 2484 5279 sitiebat,
2511 5213 2733 5277 edebat,
2768 5209 3095 5272 dormiebat,
3127 5206 3478 5277 fatigabatur,

1901 5309 2324 5380 lacrymabatur,
2359 5303 2807 5360 contristabatur.
2842 5299 3103 5367 Quamvis
3132 5296 3353 5353 interim
3392 5311 3480 5351 es-

1498 5443 1722 5501 ὶἈΙῐΙᾍΕ
1767 5445 2166 5502 LEC'I'IONES.

320 5541 369 5572 ⁸⁸
395 5543 712 5608 συνέπειρεν
761 5542 848 5596 ed.
884 5543 1001 5597 Gul.
1084 5544 1129 5574 ⁸⁸
1173 5562 1228 5595 τε
1268 5544 1356 5598 ed.
1394 5544 1510 5597 Gal.

232 5613 283 5646 ³³
334 5611 424 5665 τὸν
479 5627 589 5665 om.
641 5611 733 5665 ed.
780 5612 897 5666 Gal.

232 5681 360 5736 Gal.
448 5681 494 5712 ’⁵
548 5682 911 5747 ἐπεπορεύετο
966 5682 1054 5736 ed.
1101 5684 1216 5739 Gal.

233 5751 543 5813 τασιαστῶς
569 5750 657 5806 ed.
689 5751 806 5805 Gal.

1298 5684 1343 5716 ⁸⁸
1386 5686 1474 5737 ἐπὶ
1497 5683 1582 5739 ed.
1618 5682 1734 5736 Gal.

1599 5544 1640 5574 ⁸⁷
1665 5543 1774 5595 ὅσω
1802 5541 1891 5596 ed.
1926 5541 2044 5596 Gal.

979 5615 1022 5644 "
1049 5597 1287 5681 ἐνείργει
1310 5614 1400 5669 ed.
1438 5613 1553 5668 Gal.
1628 5615 1672 5644 9"
1701 5597 2016 5681 ἀνθρώπινα
2042 5609 2130 5663 ed.
2153 5608 2269 5662 Gal.
2341 5609 2386 5639 ⁰³
2405 5597 2646 5674 ’γειερῶν
2667 5603 2754 5658 ed.
2787 5597 2933 5658 Galf
2957 5601 3003 5633 ⁹⁴⁵
3031 5600 3220 5653 οὐσίαν
3249 5615 3359 5653 om.
3389 5601 3477 5653 ed.

979 5682 1054 5736 rd.
1101 5684 1216 5736 Gal.
1298 5684 1343 5716 ⁸⁸
1386 5686 1474 5736 ἐπὶ
1497 5683 1582 5736 ed.
1618 5682 1734 5736 Gal.
1827 5685 1869 5714 '-‘7
1899 5681 1967 5736 δι’
1999 5679 2167 5736 αὐτῆς
2221 5677 2309 5731 cd.
2367 5678 2481 5731 Gal.
2562 5676 2607 5707 ⁵⁵⁸
2633 5675 2866 5736 ἐνείργει
2897 5672 2986 5726 ed.
3026 5669 3140 5726 Gal.
3235 5669 3279 5702 ⁹⁹
3306 5671 3477 5736 ἀφαν-

1831 5695 1866 5714 ί·¹
1899 5695 1964 5736 οι·
1999 5697 2167 5747 αυτης
2221 5695 2309 5731 cu.
2367 5695 2481 5731 mu.

2129 5541 2172 5570 ³⁸
2202 5538 2356 5590 οὐδὲν
2388 5531 2432 5604 ᾧ
2457 5537 2545 5592 cd.
2594 5535 2728 5604 Gal.
2757 5534 2816 5604 "7
2849 5530 3166 5604 περιουσίας
3214 5530 3304 5584 ed.
3359 5529 3479 5604 Gal.

2562 5676 2607 5707 ⁵⁵⁸
2633 5675 2866 5745 ἐνείργει
2897 5672 2986 5726 ed.
3026 5669 3140 5726 Gal.
3235 5669 3279 5702 ⁹⁹
3306 5671 3480 5737 ἀφαν-
