4200 6440
773 391 904 458 1951

1928 398 1988 457 S.
2031 397 2317 458 ΜΛΧΙΜΙ
2358 396 2870 458 CONFESSORIS

3900 398 4054 462 1052

769 523 856 567 set
888 513 1135 582 potentia
1171 529 1267 583 pe;
1294 529 1352 567 se
1384 512 1710 575 subsistens,
1745 523 1801 567 et
1827 529 1890 567 ea
1921 514 1972 566 in
2005 531 2062 567 se
2099 513 2351 567 contine-

2464 513 2614 582 ιικὴν
2638 512 2736 581 τῆς
2767 513 2783 543 ί
2818 509 3258 582 προσληφθείσης
3289 511 3478 574 οὐσίας
3509 510 3812 581 ἐνέργειαν,
3845 513 4052 583 ὥσπερ

772 612 854 656 ret
884 604 1069 657 omnia
1105 620 1203 673 per
1237 619 1358 672 qua:
1405 603 1568 656 modo
1603 605 1905 666 liberrimo,
1940 621 2047 658 non
2095 621 2252 658 secus
2285 619 2349 658 ac

771 695 954 750 anima
983 712 1184 766 corpus
1218 695 1321 749 sibi
1365 695 1626 750 atluatum
1664 697 1991 750 naturaliter
2019 706 2224 760 movet,
2263 713 2352 750 as-

773 798 1044 857 sumptum
1079 795 1325 840 naturam
1359 788 1590 858 agitans,
1622 797 1680 841 ut
1706 804 1860 841 suam
1892 799 1947 843 et
1981 806 2110 843 vere
2153 789 2349 843 factam

774 887 830 933 et
862 894 989 932 vere
1011 879 1236 942 dictam,
1272 880 1380 943 vel,
1429 887 1488 932 ut
1532 881 1753 949 prOpric
1807 881 2020 949 loquar,
2070 881 2184 949 ipse
2234 880 2353 934 sine

773 971 1074 1026 mutatione
1103 971 1156 1025 id
1187 973 1364 1042 ipsum
1411 973 1585 1040 reipsa
1621 971 1797 1025 factus
1853 981 1937 1025 est
1983 971 2130 1042 quod
2162 981 2354 1026 natura

773 1072 892 1117 erat
922 1078 1022 1132 pro
1049 1065 1207 1118 nobis
1234 1065 1726 1133 dispensatim‘lem,
1753 1081 1860 1118 non
1887 1074 2066 1117 tamen
2097 1065 2150 1117 in
2184 1065 2354 1133 phan-

778 1158 1028 1216 tasmate,
1065 1153 1406 1222 adimplevit.
1443 1155 1558 1207 Non
1595 1154 1760 1224 igitur
1797 1153 2036 1208 abolevit
2076 1154 2355 1222 operatio-

775 1258 923 1308 nem,
952 1259 1072 1314 qua:
1114 1256 1231 1299 erat
1261 1246 1614 1300 corlstitutiva
1649 1247 1785 1300 ratio
1831 1257 2123 1315 assumptm
2162 1263 2356 1300 esseu-

779 1334 887 1398 tize,
933 1337 1396 1405 quemadmodum
1422 1355 1521 1393 nec
1566 1339 1736 1407 ipsam
1772 1337 2101 1392 sententiam
2137 1339 2358 1392 sustulit

779 1425 1037 1494 magister
1083 1441 1208 1480 cum
1254 1427 1500 1484 diceret:
1540 1449 1556 1478 ι
1599 1429 1774 1497 Super
1815 1429 2175 1484 substantiam
2222 1430 2358 1484 sub-

781 1514 1074 1569 stantiatus
1110 1527 1230 1582 est,
1269 1526 1326 1571 et
1375 1535 1536 1587 supra
1587 1519 1958 1573 conditionem
2010 1521 2248 1575 hominis
2293 1538 2354 1576 ea

781 1619 902 1673 quae
948 1605 1188 1661 hominis
1223 1620 1351 1663 sunt
1381 1610 1734 1679 operabatur,
1775 1631 1792 1662 ι
1832 1612 1927 1665 sed
1973 1613 2229 1682 utrinque
2266 1630 2356 1668 os-

713 1747 716 1750 .
781 1693 959 1748 tendit
986 1698 1275 1765 quamdam
1310 1700 1596 1754 modorum
1623 1702 1940 1764 novitatem,
1968 1703 2133 1757 salvis
2165 1704 2355 1758 iisdem

780 1787 1089 1842 rationibus
1119 1791 1486 1855 naturalibus,
1531 1794 1732 1862 quibus
1772 1795 1970 1848 ablatis
2013 1797 2151 1850 nihil
2182 1806 2267 1852 est
2301 1798 2355 1852 id

780 1878 928 1947 quod
957 1895 1078 1934 esse
1108 1893 1294 1936 natum
1330 1893 1467 1938 erat.
1501 1886 1555 1938 Si
1593 1901 1723 1938 vero
1762 1885 2063 1942 dixerimus
2092 1889 2238 1958 quod
2269 1905 2358 1944 as-

779 1979 1010 2036 sumpta:
1057 1971 1375 2026 substantiae
1421 1975 1748 2042 positionem
1799 1978 2037 2048 itemque
2081 1981 2358 2048 operatio-

779 2058 869 2112 nis
901 2075 1018 2113 eam
1069 2062 1460 2117 constituentis
1507 2066 1836 2120 ablutionem
1871 2070 2148 2124 contineat
2198 2072 2250 2125 in
2302 2086 2360 2125 se

780 2150 1199 2218 supereminens
1222 2154 1460 2223 negatio,
1479 2171 1585 2222 qua
1612 2157 1828 2210 tandem
1855 2159 2064 2212 ratione
2086 2161 2356 2223 eamdem,

780 2240 1003 2308 utrique
1037 2244 1323 2310 :equaliter
1359 2245 1702 2309 attributam,
1739 2248 1899 2302 istius
1933 2260 2178 2319 respectu
2213 2254 2354 2307 exsi-

778 2333 1058 2396 stentiam,
1088 2333 1253 2404 hujus
1292 2351 1422 2389 vero
1455 2336 1820 2393 sublationem
1851 2340 2135 2410 designare
2171 2355 2358 2397 osten-

778 2421 1013 2476 demus?
1056 2424 1110 2478 Si
1143 2441 1356 2489 rursus,
1390 2429 1721 2498 quandoque
1749 2447 1858 2483 non
1899 2442 1982 2486 est
2015 2450 2112 2503 per
2141 2451 2198 2490 se
2241 2453 2359 2490 mo-

779 2512 907 2567 bilis
945 2527 1225 2584 assumpta
1269 2526 1488 2581 natura,
1522 2520 1615 2574 sed
1653 2531 1905 2576 movetur
1948 2540 1977 2577 a
2018 2525 2220 2580 deitate
2256 2528 2362 2582 sibi

778 2620 878 2674 per
903 2606 1222 2677 hyposlasin
1259 2625 1386 2664 vere
1422 2611 1598 2673 unita,
1631 2621 1838 2667 motum
1868 2616 1958 2683 qui
1996 2632 2115 2670 eam
2155 2621 2362 2674 consti-

781 2700 887 2754 tuit
916 2701 1240 2766 auferimus,
1273 2721 1374 2758 nec
1409 2705 1580 2773 ipsam
1610 2707 1993 2774 substantiam,
2025 2712 2138 2767 sive
2171 2729 2364 2768 essen-

781 2791 934 2856 tiam,
965 2797 1502 2859 conservaverimus,
1555 2807 1616 2852 ut
1664 2815 1783 2868 qua:
1823 2818 1928 2855 non
1968 2803 2136 2858 fuerit
2180 2822 2277 2875 per
2307 2822 2366 2861 se

780 2883 1111 2950 subsistens,
1145 2887 1239 2940 sed
1293 2887 1346 2941 in
1389 2889 1571 2943 Verbo
1617 2890 1728 2944 Deo
1771 2908 1897 2945 vere
1923 2893 1972 2947 ei
2001 2897 2366 2952 consubstan-

781 2974 917 3028 t'ato
969 2990 1129 3029 suum
1173 2994 1294 3032 esse
1342 2980 1611 3044 obtineat,
1649 2983 1775 3052 quia
1829 3000 1926 3054 par
1974 2996 2057 3039 est
2106 2989 2366 3058 utrinque

781 3067 923 3119 ratio
955 3067 1022 3122 ad
1072 3070 1492 3138 postulandum,
1538 3073 1704 3127 etiam
1752 3086 1959 3129 motum
2013 3094 2136 3130 cum
2174 3089 2365 3134 natura

782 3158 1164 3223 contiteamur,
1200 3162 1318 3215 sine
1360 3178 1467 3232 qua
1517 3179 1585 3217 ne
1620 3176 1766 3218 stare.
1802 3167 2023 3234 quidem
2059 3178 2237 3236 potest
2267 3187 2364 3225 na-
2394 3195 2436 3250 ο

785 3261 930 3314 tura,
965 3253 1096 3306 illm]
1138 3264 1407 3319 tenentes,
1448 3257 1596 3326 quod
1641 3257 1747 3310 alia
1794 3259 1864 3313 sit
1892 3262 2110 3314 essendi
2155 3263 2366 3333 simpli-

781 3342 942 3406 citer,
976 3343 1079 3398 alia
1110 3355 1290 3399 autem
1323 3347 1426 3401 hoc
1463 3348 1628 3402 modo
1671 3350 1892 3403 essemli
1942 3353 2104 3416 ratio,
2137 3370 2368 3422 quarum

785 3433 863 3488 illi
901 3441 1118 3499 natura,
1157 3435 1286 3489 huic
1314 3436 1654 3506 dispensatio
1693 3438 1968 3494 imiititur.
1995 3441 2194 3494 Illarum
2233 3459 2368 3497 con-

784 3539 980 3579 cursus
1009 3542 1266 3595 magnum
1303 3527 1438 3582 illud
1466 3516 1595 3584 Jesu
1631 3533 2068 3599 supernaturalis
2091 3533 2372 3604 physiolo-

784 3616 886 3686 gia;
913 3618 1232 3686 mysterium
1267 3619 1560 3688 perliciens
1597 3621 1650 3675 in
1693 3638 1760 3676 eo
1785 3623 2025 3676 ostendit
2056 3626 2370 3680 conservari

785 3709 1167 3777 operationum
1190 3709 1602 3767 distinctionem
1628 3713 1791 3767 simul
1813 3723 1868 3768 et
1889 3714 2216 3780 unitionem,
2239 3716 2370 3771 dum

787 3799 902 3853 haec
946 3800 1194 3854 cernitur
1239 3801 1518 3858 indivisim
1574 3804 1628 3858 in
1682 3805 1918 3858 naturali
1963 3805 2242 3860 unitorum
2282 3823 2372 3860 ra-

789 3891 959 3952 tione,
1000 3893 1088 3947 illa
1124 3909 1261 3961 vero,
1288 3894 1617 3950 inconfusim
1648 3895 1992 3965 dignoscitur
2037 3895 2093 3948 in
2136 3893 2370 3965 simplici

786 3983 1167 4050 operationem
1201 3985 1386 4040 modo.
1431 3986 1562 4052 Quae
1601 3987 1748 4039 enim
1783 3995 1876 4040 aut
1911 3987 2108 4056 qualis,
2140 3987 2231 4042 ubi
2279 3996 2372 4042 aut

786 4074 1065 4142 quomodo
1097 4084 1292 4130 natura
1315 4077 1424 4130 erit
1466 4075 1820 4130 constitutiva
1851 4077 2064 4145 privata
2092 4079 2372 4147 potentia?

787 4164 921 4218 Nam
950 4167 1116 4236 quod
1137 4169 1364 4222 omnino
1399 4168 1605 4222 nullam
1648 4167 1815 4220 habet
1845 4169 2165 4236 potentiam,
2195 4185 2371 4239 neque

791 4260 966 4330 ipsum
1000 4272 1103 4326 est,
1132 4280 1310 4334 neque
1353 4264 1528 4334 ipsius
1559 4263 1668 4317 ulla
1701 4263 1926 4318 omnino
1949 4273 2033 4318 est
2064 4267 2283 4335 positio,
2312 4275 2372 4321 ut

788 4355 866 4410 ait
896 4355 1027 4409 alibi
1079 4371 1306 4425 magnus
1346 4355 1436 4410 hic
1485 4355 1763 4425 magister.
1815 4355 1934 4411 Jam
1977 4357 2023 4411 si
2065 4358 2180 4412 haec
2221 4360 2371 4414 nullo

790 4445 955 4498 modo
979 4445 1094 4499 ﬁeri
1130 4445 1362 4515 possint,
1398 4453 1618 4514 oportet
1645 4447 1733 4513 pie
1759 4444 2010 4498 conﬁteri
2045 4461 2170 4498 cum
2206 4455 2370 4500 natu-

2451 603 2561 656 ούδ⁹
2587 603 2756 673 αὐτὴν
2785 603 2885 672 τὴν
2921 603 3110 655 οὐσίαν
3136 606 3162 655 ό
3191 602 3533 666 διδάσκαλος,
3569 603 3758 656 εἰπών·
3792 623 3810 654 ι
3859 605 4053 674 Ὑπὲρ

2453 695 2642 748 οὐσίαν
2673 696 2692 724 ⁸
2722 692 2986 763 ούσιώθη.
3020 695 3115 746 καὶ
3158 695 3298 763 ὑπὲρ
3337 695 3626 764 ἄνθρωπον
3656 696 3878 766 ἐνήργει
3922 697 3949 726 ³
3981 701 4053 748 τὰ

2453 787 2744 858 ἀνθρώπου
2771 804 2785 817 '
2832 806 2849 837 ι
2879 786 2992 840 ἀλλ’
3024 785 3226 853 ἔδειξεν
3257 788 3344 838 ἐπ’
3376 789 3582 856 ἀμφοῖν
3612 789 3710 855 τὴν
3739 790 4052 857 καινότητα

2453 879 2559 931 τῶν
2577 879 2798 948 τρόπων
2831 881 2886 930 ἐν
2910 881 2974 948 τῇ
3004 879 3330 948 μονιμότητι
3363 880 3471 932 τῶν
3507 883 3755 949 φυσικῶν
3784 881 4050 949 σωζομέ-

2461 986 2557 1037 νην
2586 969 2780 1035 λόγων.
2827 962 2902 1021 ὧν
2933 971 3100 1040 χωρὶς
3148 970 3300 1022 οὐδὲν
3345 970 3453 1023 τῶν
3499 971 3669 1024 όντων
3708 974 3855 1025 ἐστὶν
3896 975 4049 1041 ὅπερ

2454 1063 2620 1115 ἐστίν.
2653 1062 2710 1113 ΕΞ
2744 1062 2799 1114 δὲ
2821 1061 3032 1131 φῶμεν,
3069 1063 3144 1124 ὡς
3177 1063 3275 1131 τῆς
3313 1064 3410 1132 μὲν
3449 1064 3894 1133 προσληφθείσης
3959 1065 4051 1115 0-.)-

2431 1149 2433 1152 i
2458 1153 2576 1215 σίας
2606 1153 2774 1217 θέσις,
2800 1154 2902 1222 τῆς
2926 1154 2979 1207 δὲ
3005 1157 3336 1226 συπατικῆς
3369 1158 3539 1222 αὐτῆς
3569 1157 3849 1226 ἐνεργείας
3873 1158 4054 1225 ἀφαί-

2459 1263 2628 1316 ρεσις,
2661 1248 2692 1315 ἡ
2735 1246 2856 1299 καθ’
2891 1247 2912 1278 ’⁵
2933 1247 3210 1316 ὑπεροχήν
3236 1251 3382 1301 ἐστιν
3412 1250 3711 1319 ἀπόφασις,
3741 1250 3848 1302 τίνι
3878 1250 4039 1318 λόγῳ

2455 1339 2553 1409 τὴν
2582 1340 2748 1410 αὐτὴν
2777 1339 2863 1392 ἐπ’
2903 1341 3105 1407 ἀμφοῖν
3139 1342 3268 1402 ἴσως
3304 1341 3574 1403 τεθεῖσαν,
3603 1343 3702 1410 τῆς
3861 1343 4050 1412 ῦπαρ-

2459 1429 2562 1494 ξιν,
2593 1431 2689 1498 τῆς
2722 1428 2777 1481 δὲ
2803 1429 3022 1490 πάντως
3051 1430 3335 1500 ἀναίρεσιν
3353 1432 3731 1501 σημαίνουσαν
3763 1431 4047 1498 δείξομεν;

2463 1519 2532 1570 "H
2563 1517 2724 1569 πάλιν
2753 1517 2989 1588 ἐπείπερ
3013 1518 3115 1570 ούκ
3149 1518 3505 1588 αὐτοκίνητος
3542 1521 3574 1587 ἡ
3627 1518 4049 1588 προσληφθεῖςτ

2461 1609 2620 1677 φύσις
2649 1609 2814 1671 ἐστὶν,
2850 1610 2954 1662 ὑπὸ
2987 1609 3089 1679 τῆς
3122 1610 3406 1681 ἡνωμένης
3430 1611 3612 1680 (112
3639 1614 3694 1676 a)
3728 1611 3864 1680 αὐτῇ
3913 1611 4051 1662 καθ’

2462 1696 2755 1750 ὑπόστασιν
2785 1696 3000 1768 ἀληθῶς
3029 1701 3324 1770 κινουμένῃ
3346 1701 3366 1730 ⁸
3397 1698 3672 1768 θεότητος,
3697 1701 3790 1752 καὶ
3820 1702 3919 1767 τὴν
3952 1717 4053 1749 sm-

2464 1788 2724 1857 στατικὴν
2779 1787 2948 1858 αὐτῆς
2989 1788 3378 1860 ἀφαιρούμεθα
3423 1790 3659 1861 κίνησιν,
3694 1791 3815 1860 μηδ’
3871 1791 4055 1857 αὐτὴν

2392 1862 2432 1916 Β
2465 1878 2560 1946 τὴν
2583 1879 2770 1932 οὐσίαν
2814 1881 3226 1951 ὁμολογήσομεν
3261 1882 3301 1945 ⁸,
3335 1883 3433 1936 οὒκ
3484 1883 3893 1937 αύθυττόστατον
3943 1901 4054 1951 φα-

2460 1975 2662 2036 νεῖσαν,
2695 1973 2942 2026 τουτέστι
2974 1973 3098 2027 καθ’
3132 1975 3352 2043 ἑαυτὴν,
3381 1974 3498 2027 ἀλλ’
3533 1973 3765 2044 ἐναύτῷ
3799 1973 3876 2043 τῷ
3919 1975 4054 2026 κατ’

2461 2064 2721 2135 ἀλήθειαν
2745 2065 2917 2135 αὐτὴν
2944 2066 3262 2118 ούσιωθέντι
3290 2066 3408 2135 Θεῷ
3457 2067 3614 2136 Λόγῳ
3666 2066 3726 2118 τὸ
3771 2061 3910 2120 εἶναι
3958 2066 4056 2119 λα-

2463 2154 2685 2218 6οὖσαν,
2713 2156 2835 2224 ίσην
2853 2157 2938 2207 ἐπ’
2956 2158 3159 2226 ἀμφοῖν
3183 2158 3282 2225 τὴν
3313 2157 3492 2209 αἰτίαν
3521 2156 3734 2226 ἔχοντες
3764 2157 3864 2226 τῆς
3890 2174 4050 2225 παρ-

2462 2249 2752 2318 αιτήσεως.
2786 2249 2818 2319 ἢ
2847 2248 2866 2278 ⁷
2907 2249 3003 2300 καὶ
3037 2249 3139 2317 τὴν
3170 2249 3386 2319 κίνησιν
3435 2251 3502 2318 τῇ
3545 2251 3703 2316 φύσει
3746 2248 4051 2318 συνομολο-

2462 2342 2728 2412 γήσομεν,
2750 2335 2818 2410 ἧς
2839 2341 3009 2410 χωρὶς
3033 2339 3154 2392 οὐδὲ
3189 2340 3352 2408 φύσις
3382 2340 3521 2405 ἐστὶ,
3557 2339 3919 2408 γινώσκοντες
3971 2339 4053 2401 ὠς

2463 2432 2650 2502 ἔτερος
2676 2430 2774 2500 μὲν
2811 2432 2841 2484 ό
2869 2429 2963 2483 τοῦ
2991 2425 3133 2482 εἶναι
3156 2430 3310 2498 λόγος
3350 2431 3521 2495 ἐστὶν,
3559 2430 3746 2501 ἕτερος
3770 2431 3826 2482 δὲ
3872 2433 3900 2482 ό
3949 2429 4056 2482 τοῦ

2467 2521 2585 2585 πῶς
2606 2517 2744 2575 εἶναι
2777 2521 3001 2592 τρόπος,
3025 2524 3052 2574 ὁ
3081 2523 3181 2590 μὲν
3207 2520 3306 2591 τὴν
3338 2520 3525 2588 φύσιν,
3551 2523 3580 2572 ό
3618 2521 3673 2572 δὲ
3706 2521 3803 2582 τὴν
3835 2523 4056 2573 οἰκονο-

2469 2615 2596 2686 μίαν
2631 2616 3013 2685 πιστούμενος.
3043 2609 3144 2667 Ὧν
3169 2617 3202 2683 ἡ
3229 2615 3444 2677 σύνοδος
3469 2616 3528 2668 τὸ
3569 2615 3712 2685 μέγα
3746 2614 3842 2682 τῆς
3872 2616 4060 2682 ὑπερ-

2424 2709 2638 2780 ·φυοῦς
2691 2709 2869 2780 Ἰησοῦ
2929 2709 3277 2776 φυσιολογίας
3339 2708 3692 2778 ποιησαμένη
3741 2709 4060 2777 μυστήριον

2467 2801 2784 2872 σωζομένην
2818 2801 3021 2866 ἔδειξεν
3048 2803 3105 2856 ἐν
3130 2801 3312 2871 ταυτῷ
3334 2802 3432 2870 τὴν
3462 2802 3730 2871 διαφορὰν
3753 2799 3859 2852 τῶν
3891 2802 4062 2869 svsp-

2467 2892 2631 2958 γειῶν
2675 2893 2770 2946 καὶ
2801 2895 2898 2963 τὴν
2946 2892 3165 2952 ἕνωσιν,
3207 2892 3304 2962 τὴν
3344 2894 3443 2962 μὲν
3490 2892 3807 2962 ἀδιαιρέτως
3855 2893 3914 2943 ἐν
3973 2891 4060 2960 τῷ

2469 2984 2680 3055 φυσικῷ
2737 2984 3122 3055 θεωρουμένην
3173 2984 3320 3054 λόγῳ
3355 2983 3464 3036 τῶν
3506 2985 3618 3053 ὴνω
3631 2981 3829 3052 μένων,
3860 2983 3969 3050 τὴν
3998 2982 4061 3034 δὲ

2467 3076 2788 3147 ἀσυγχύτως
2840 3077 2899 3128 ὲν
2945 3075 3023 3147 τῷ
3073 3074 3346 3146 μοναδικῷ
3388 3073 3800 3144 γνωριζομένην
3855 3072 4061 3142 τρόπῳ

2469 3170 2576 3223 τῶν
2605 3169 2929 3240 γινομένων.
2970 3171 3036 3222 Τί
3066 3168 3176 3238 γὰρ
3205 3170 3300 3222 καὶ
3326 3168 3434 3232 τίς,
3461 3168 3564 3221 ποῦ
3593 3182 3653 3218 τε
3677 3167 3768 3219 καὶ
3794 3166 3912 3228 πῶς
3949 3166 4062 3232 φύ-

2474 3277 2558 3322 σις
2595 3259 2746 3313 ἔσται
2787 3258 3121 3327 συστατικῆς
3162 3258 3369 3328 ἕρημος
3405 3260 3671 3330 γενομένη
3711 3256 4007 3324 δυνάμεως
4041 3271 4058 3318 ;

2473 3351 2545 3402 Τὸ
2583 3351 2690 3420 γὰρ
2753 3349 2983 3403 καθόλου
3055 3351 3190 3420 μηδὲ
3269 3351 3399 3419 μίαν
3448 3350 3572 3420 ἔχον
3625 3349 3854 3418 δύναμιν
3922 3348 4062 3400 οὕτε

2473 3439 2619 3492 ἔστιν
2646 3440 2689 3504 ⁸,
2718 3438 2841 3492 οὔτε
2869 3440 2922 3491 τε
2949 3439 3094 3491 ἐστιν
3128 3440 3169 3502 θ,
3197 3436 3320 3490 οὔτε
3355 3438 3472 3490 ἔστι
3508 3456 3592 3502 ’τις
3640 3438 3803 3492 αὑτοῦ
3851 3452 4061 3488 παντε-

2472 3529 2578 3590 λῶς
2633 3529 2803 3592 θέσις,
2844 3529 3011 3599 φησὶν
3050 3531 3078 3581 ό
3127 3527 3297 3590 πολὺς
3333 3522 3490 3592 οὗτος
3529 3528 3871 3590 διδάσκαλος.
3900 3528 3972 3580 Εἰ
4001 3531 4062 3579 δὲ

2470 3619 2674 3673 τούτων
2698 3621 2854 3689 λόγος
2887 3620 3083 3684 οὐδεὶς,
3118 3619 3362 3682 εὐσεϐῶς
3393 3619 3776 3690 ὁμολογεῖσθαι
3807 3619 3916 3689 χρὴ
3952 3619 4062 3680 τὰς

2471 3729 2527 3765 τε
2552 3711 2641 3765 τοῦ
2676 3712 2912 3782 Χριστοῦ
2937 3710 3129 3781 φύσεις
3163 3703 3238 3764 ὧν
3280 3711 3442 3775 αὐτὸς
3486 3712 3784 3774 ὑπόστασις
3829 3706 3922 3780 ἦν,
3960 3712 4066 3762 καὶ

2470 3804 2570 3866 τὰς
2617 3804 2782 3856 αὐτοῦ
2839 3803 3078 3871 φυσικὰς
3132 3801 3436 3872 ἐνεργείας,
3466 3795 3542 3854 ὧν
3578 3802 3740 3864 αὐτὸς
3761 3801 3964 3863 ἓνωσις
3990 3796 4065 3870 ἦν

2472 3895 2705 3964 ἀληθὴς,
2739 3897 2860 3947 κατ’
2883 3894 3051 3965 ἄμφω
3075 3895 3176 3957 τὰς
3207 3895 3401 3962 φύσεις
3433 3910 3445 3921 ·
3477 3893 3638 3963 εἰπερ
3667 3891 3847 3962 ἑαυτῷ
3879 3909 4068 3963 προσ-

2473 3987 2648 4054 φυῶς,
2681 3986 3003 4056 μοναδικῶς,
3035 3987 3204 4057 ἤγουν
3243 3984 3514 4049 ἐνοειδῶς,
3551 3984 3810 4054 ἐνεργῶν,
3845 3987 3944 4036 καὶ
3968 3982 4067 4036 διά

2472 4076 2691 4130 πάντων
2737 4077 3060 4147 ἀχωρίστως
3110 4079 3176 4146 τῇ
3229 4077 3384 4147 θεῖκῇ
3413 4076 3643 4145 δυνάμει
3680 4075 4068 4143 συνεκφαίνων

2470 4170 2571 4239 τῆς
2619 4169 2829 4231 οἰκείας
2874 4169 3078 4238 σαρκὸς
3117 4169 3214 4239 τὴν
3265 4169 3570 4239 ἐνέργειαν.
3600 4168 3782 4236 {112
3817 4167 3868 4235 b)
3928 4167 4067 4228 Πῶς

2471 4261 2581 4330 γὰρ
2619 4259 2772 4314 ἔσται
2806 4260 2965 4336 φύσει
2990 4260 3149 4325 Θεὸς,
3183 4261 3280 4314 καὶ
3307 4259 3469 4329 φύσει
3503 4259 3667 4312 πάλιν
3702 4258 4005 4329 ἄνθρωπος
4040 4260 4070 4310 ό

2471 4352 2653 4417 αὐτὸς,
2683 4351 2782 4404 οὐκ
2835 4351 2974 4421 ἔχων
3021 4351 3326 4415 ἀνελλιπῶς
3356 4352 3399 4383 ³⁸
3429 4351 3492 4406 τὸ
3525 4352 3686 4421 φύσει
3733 4350 3852 4404 κατ’
3879 4349 4070 4419 ἄμφω

2474 4445 2716 4511 πεφυκός
2751 4461 2767 4510 ;
2805 4444 2871 4496 Τί
2899 4461 2959 4496 τε
2992 4445 3088 4498 καὶ
3117 4444 3202 4507 τίς
3233 4444 3498 4515 ὑπάρχων
3536 4443 3937 4514 γνωσθήσεται,
3987 4444 4071 4513 μῆ

791 4550 880 4591 ras
905 4535 1134 4601 Christi,
1167 4552 1398 4606 quarum
1431 4536 1546 4604 ipse
1582 4535 1654 4590 sit
1695 4535 2024 4606 hypostasis,
2055 4545 2168 4590 tum
2201 4537 2365 4592 etiam

2474 4535 2836 4606 πιστούμενος
2896 4530 2979 4599 οἷς
3030 4537 3254 4607 ἐνήργει
3317 4537 3563 4605 φυσικῶς
3617 4539 3753 4605 ὅπερ
3815 4536 3936 4587 ἐστὶ
3987 4535 4072 4605 μὴ

788 4627 1070 4682 naturales
1095 4629 1462 4696 operationes,
1497 4641 1729 4695 quarum
1757 4641 1883 4680 vera
1916 4625 2029 4695 ipse
2056 4635 2139 4681 cst
2166 4628 2368 4692 unitio,

791 4719 1094 4773 secundum
1141 4727 1432 4787 utramque
1479 4727 1752 4776 naturam.
1798 4718 1842 4771 si
1889 4734 2078 4771 verum
2121 4720 2252 4774 illud
2299 4723 2374 4774 sit

787 4807 938 4876 quod
983 4808 1089 4862 sibi
1130 4808 1232 4878 ipsi
1278 4818 1664 4877 congruenter,
1712 4809 2036 4878 simpliciter
2071 4819 2127 4863 et
2165 4807 2373 4868 unifor-

790 4900 956 4953 miter
989 4901 1342 4970 operabatur,
1377 4916 1584 4969 perque
1631 4903 1816 4954 omnia
1848 4901 2010 4954 simul
2054 4912 2109 4956 et
2153 4903 2373 4973 insepa-

791 4991 1042 5048 rabiliter
1066 4993 1465 5048 demonstravit
1500 5009 1608 5047 una
1644 5008 1768 5047 cum
1810 4993 1994 5048 divina
2022 4995 2226 5051 virtute
2260 5011 2373 5052 suae

790 5083 973 5138 carnis
1009 5085 1408 5154 operationem.
1451 5082 1557 5149 Qui
1588 5085 1734 5139 enim
1775 5099 1905 5138 vere
1939 5085 2103 5150 Deus,
2152 5095 2208 5138 et
2243 5102 2370 5140 vere

794 5173 959 5228 homo
993 5189 1114 5230 esse
1143 5184 1347 5244 posset,
1374 5175 1418 5230 si
1449 5184 1665 5230 careret
1691 5191 1759 5231 eo
1784 5175 1931 5244 quod
1963 5185 2253 5246 utramque
2278 5194 2372 5232 na-

797 5274 972 5318 turam
1001 5282 1129 5321 vere
1158 5267 1480 5322 constituit?
1508 5268 1680 5321 Porro
1706 5266 1860 5336 quid,
1894 5283 2100 5336 quaeso,
2129 5277 2224 5324 aut
2248 5269 2373 5338 quis

791 5370 916 5412 esse
963 5358 1404 5423 existimabitur,
1454 5358 1498 5412 si
1553 5374 1650 5427 per
1699 5358 1976 5412 naturales
2024 5359 2372 5428 operatioucs

2479 4629 2817 4699 τρεπόμενον
2847 4645 2861 4691 ;
2895 4627 3010 4691 πῶς
3057 4628 3112 4681 δὲ
3166 4629 3499 4682 πιστώσεται
3527 4631 3572 4660 ¹¹
3599 4628 3721 4682 καθ’
3748 4628 3805 4680 ἓν
3850 4626 3977 4680 τῶν
4009 4629 4071 4692 ἐξ

2476 4712 2574 4782 ὧν,
2615 4721 2673 4772 έν
2712 4717 2792 4781 οἷς
2839 4736 2896 4771 τε
2938 4719 3034 4772 καὶ
3081 4718 3226 4790 ἆπερ
3265 4721 3412 4773 ἐστὶν
3441 4720 3697 4790 ἀκίνητος
3736 4717 3912 4788 μένων
3969 4720 4074 4771 καὶ

2476 4811 2834 4882 ἀνενέργητος
2863 4828 2877 4875 ;
2927 4810 3102 4882 ’Υπὲρ
3145 4811 3334 4864 οὐσίαν
3373 4811 3466 4864 οὖν
3495 4810 3755 4878 οὖσιώθη,
3785 4808 4073 4876 γενέσεως

2475 4901 2649 4973 ἀρχὴν
2671 4903 2766 4954 καὶ⁸
2789 4903 3098 4972 γεννήσεως
3121 4902 3312 4972 ἑτέραν
3338 4904 3404 4972 τῇ
3436 4900 4071 4972 φύσει-δημιουργήσας,

2479 4993 2803 5063 συλληφθεὶς
2847 4993 2948 5063 μὲν
2979 4995 3158 5064 σπορᾷ
3194 4996 3294 5065 τῆς
3339 4994 3547 5056 οἰκείας
3593 4991 3811 5063 σαρκὸς,
3837 4991 4074 5059 τεχθεὶς

2477 5085 2532 5138 δὲ
2563 5084 2800 5154 σφραγὶς
2823 5085 2922 5154 τῆς
2951 5084 3253 5156 παρθενίας
3275 5088 3340 5156 τῇ
3361 5084 3595 5156 τεκούσῃ
3617 5084 3939 5154 γενόμενος,
3973 5085 4075 5136 καὶ

2476 5175 2588 5228 τῶν
2647 5176 2894 5246 ἀμίκτων
2946 5177 3234 5252 ὲπξαύτῆς
3276 5178 3320 5208 ¹²
3376 5176 3477 5245 τὴν
3531 5177 3818 5244 ἀντίφασιν
3869 5174 4076 5240 δείξας

2481 5265 2976 5335 συναληθεύουσαν.
3009 5267 3073 5319 Ἦ
3095 5268 3206 5335 γὰρ
3231 5267 3370 5340 αὐτὴ
3397 5268 3490 5321 καὶ
3518 5267 3786 5338 παρθένος
3819 5265 3921 5320 καὶ
3961 5269 4078 5338 μή·

2477 5377 2606 5429 τηρ,
2636 5357 3035 5429 καινοτομοῦσα
3064 5360 3164 5430 τὴν
3201 5359 3360 5428 φύσιν
3409 5362 3476 5430 τῇ
3511 5360 3716 5413 συνόδω
3746 5359 3853 5414 τῶν
3908 5359 4076 5413 ἀντι

2101 5514 2332 5573 νΑιιιΑε
2372 5517 2780 5574 LECTIONES.

870 5650 886 5681 ¹
943 5651 1044 5719 τὴν
1087 5649 1209 5705 cod.
1249 5651 1391 5706 Gud.
1521 5651 2002 5719 ύπερουσίανευὰ.
2038 5651 2180 5706 Gud.

710 5726 722 5739 ‘
796 5718 888 5792 ed.
937 5718 1064 5792 βαι.
1125 5720 1156 5792 έν
1177 5718 1696 5792 ὁμολογήσαμενείι.
1727 5720 1843 5792 Gal.
1900 5723 1918 5752 ⁷

798 5786 903 5844 σᾶ..
926 5787 1043 5845 Gal.
1124 5791 1165 5824 ¹⁶
1192 5786 1524 5856 ἆνελλὲίπῶῗς
1554 5791 1640 5848 cd.
1666 5791 1784 5848 Gal.

2269 5655 2288 5685 ³
2315 5656 2550 5724 ὲνείργει
2593 5655 2683 5710 ed.
2709 5655 2828 5711 Gal.

1953 5722 1985 5790 ἢ
2015 5739 2124 5777 om.
2151 5724 2240 5777 ed.
2270 5725 2388 5779 Gal.
2430 5722 2466 5755 "‘
2492 5724 2614 5778 οὔτε
2638 5724 2785 5778 ἔστιν
2813 5727 3161 5783 desideratur
3191 5728 3244 5782 in
3267 5729 3354 5784 ed.
3383 5729 3500 5784 Gal.

1863 5793 1899 5822 "
1932 5792 2270 5864 πιστώσηται
2301 5795 2388 5850 ed.
2426 5795 2541 5850 Gal.

2910 5657 3005 5728 ξτί
3037 5657 3157 5710 καθ’
3194 5658 3281 5712 cd.
3329 5657 3446 5713 Gal.
3537 5659 3557 5689 '
3609 5658 3708 5728 και
3761 5659 4075 5728 κινουμένη

3581 5731 3600 5761 ³
3653 5727 3766 5782 οὔτ’
3797 5727 3881 5782 ἔτι
3912 5727 4075 5783 εστὶν

2634 5798 2678 5827 "
2709 5796 2890 5860 αὐτοῖς
2911 5797 2998 5852 cd.
3032 5797 3148 5852 Gal.
