4200 6440
192 372 332 436 1053

1425 374 1941 436 AMBIGUORUM
1982 375 2232 434 LIBER.

3302 385 3436 452 10M

183 487 479 556 κειμένων,
498 486 657 556 εἴπερ
680 485 788 538 τῶν
813 486 1203 554 ἀντικειμένων
1232 484 1496 554 παρθενία
1521 486 1614 540 καὶ
1639 486 1734 554 γέν

1867 501 1992 540 suas
2023 502 2132 540 non
2175 486 2338 540 faciat
2375 486 2532 542 [idem
2567 491 2775 545 nullam
2805 507 2863 548 sc
2899 496 3314 552 conversionem
3342 518 3433 554 su-

183 595 363 642 νησις,
401 573 475 631 ὧν
505 579 570 631 ὲκ
597 579 812 646 φύσεως
851 579 952 631 οὐκ
984 578 1050 632 ἂν
1078 595 1157 639 τις
1183 577 1600 646 ὲπινοηθήσεται
1627 578 1764 647 σύμ-

181 668 367 731 ϐασις.
399 669 490 721 Διὸ
529 670 622 722 καὶ
669 668 929 731 Θεοτόκος
953 667 1168 734 ἀληθῶς
1201 669 1234 737 ἡ
1268 667 1561 737 Παρθένος,
1595 670 1762 739 ὑπερ-

181 761 338 826 φυῶς
367 760 523 830 δίκην
563 761 771 829 σπορᾶς
801 758 1140 812 συλλαϐοῦσεὶ
1179 775 1237 810 τε
1283 759 1379 811 καὶ
1407 759 1640 810 τεκοῦσα
1671 760 1761 812 τὸν

183 852 516 920 ὑπερούσιον
547 852 721 919 Λόγον
752 866 768 881 ο
804 852 1036 919 ἐπείπερ
1093 848 1188 902 τοῦ
1231 850 1532 920 σπαρέντος
1576 867 1633 902 τε
1665 852 1759 904 καὶ

1865 575 2068 630 hiisse?
2111 578 2388 646 quomodo
2419 580 2584 633 etiam
2633 582 2792 636 tidem
2827 585 2989 639 i'aciet
3030 601 3086 640 se
3118 602 3286 642 unum
3317 607 3437 644 esse

1863 681 1929 718 ex
1973 666 2188 720 duabus
2221 668 2454 730 naturis,
2490 671 2534 722 si
2579 671 2700 725 talis
2741 687 2864 726 cum
2898 674 2989 736 sit,
3021 685 3077 728 et
3104 692 3171 730 ex
3215 677 3435 742 talibus,

1862 758 2223 813 nihilominus
2251 771 2307 814 et
2334 761 2452 815 sine
2479 772 2626 816 motu
2654 775 2710 816 et
2734 765 2849 819 sine
2880 767 3199 834 operatione
3225 785 3438 837 perma-

1860 849 2023 902 neat?
2073 849 2249 919 Super
2281 853 2643 906 substantiam
2693 855 2858 925 igitur
2901 859 3297 916 substantiatus
3328 874 3434 925 est,

183 941 584 1012 συλληφθέντας
620 940 825 1010 κυρίως
857 941 890 1010 η
921 939 1179 992 τίκτουσα
1205 939 1408 1009 μήτηρ.

1861 941 2135 994 fabricans
2169 943 2223 994 in
2267 953 2462 998 natura
2494 961 2696 1000 novum
2741 951 3112 1016 generationis
3135 964 3191 1008 et
3233 955 3436 1007 nativi-

185 1035 316 1088 tatis
347 1033 697 1104 principium.
731 1031 1173 1100 Concipiebatur,
1207 1040 1264 1085 et
1303 1046 1414 1084 sua:
1447 1031 1628 1084 carnis
1675 1031 1788 1100 ipse
1828 1033 2200 1090 rudimentum
2247 1033 2377 1100 fuit;
2435 1035 2784 1102 nascebatur,
2827 1051 2884 1094 et
2933 1042 3170 1110 sigillum
3221 1048 3433 1114 parenti

181 1124 497 1186 foetus-est,
526 1122 876 1191 ostenditque
911 1137 974 1176 ea
1006 1122 1170 1176 simul
1194 1137 1323 1176 vera
1347 1137 1467 1176 esse
1498 1137 1619 1191 quae
1677 1131 1902 1193 propter
1964 1126 2460 1181 contradictionem
2507 1129 2649 1183 inter
2718 1146 2776 1184 se
2820 1131 2972 1184 nullo
3007 1135 3170 1187 modo
3200 1151 3432 1191 concor-

181 1219 316 1273 dare
344 1234 503 1288 posse
529 1217 878 1272 videbantur.
910 1217 986 1272 Ea
1028 1218 1142 1287 ipsa
1175 1226 1230 1271 et
1257 1218 1416 1286 virgo
1445 1218 1547 1271 fuit
1570 1228 1627 1272 et
1651 1228 1855 1284 mater;
1891 1221 2146 1276 innovata
2179 1231 2298 1276 erat
2326 1231 2544 1286 natura,
2570 1235 2632 1278 ut
2659 1226 2908 1294 opposita
2976 1225 3120 1279 inter
3180 1246 3238 1282 se
3300 1247 3435 1284 con-

181 1312 513 1375 cordareut;
552 1327 677 1365 nam
712 1311 962 1381 opposita
1005 1318 1133 1364 sunt
1161 1311 1451 1380 virginitas
1477 1320 1532 1364 et
1561 1320 1771 1380 partus,
1814 1311 1868 1364 in
1899 1322 2095 1367 natura
2163 1314 2360 1368 horum
2396 1315 2581 1369 nullus
2609 1325 2790 1384 potest
2835 1318 3064 1387 intelligi
3107 1335 3432 1376 concursus.

180 1405 528 1472 Quapmpter
569 1403 738 1456 etiam
767 1402 996 1470 Deipara
1029 1415 1158 1455 vere
1204 1400 1310 1455 fuit
1338 1401 1538 1470 Virgo;
1567 1404 1971 1470 supernaturali
2007 1405 2169 1457 modo
2203 1406 2270 1459 ad
2346 1406 2572 1460 seminis
2597 1407 2763 1460 ritum
2824 1411 3077 1478 concepit
3135 1421 3191 1464 et
3222 1415 3436 1482 peperit

180 1494 649 1562 superessentiale
690 1493 934 1548 Verbum
978 1512 992 1546 :

179 1600 398 1658 ceptus.

1041 1507 1168 1546 nam
1212 1507 1335 1562 quae
1367 1492 1584 1562 peperit
1626 1492 1772 1547 haud
1813 1493 1982 1549 dubie
2029 1505 2204 1550 mater
2248 1509 2334 1551 est
2366 1498 2485 1568 ejus
2529 1498 2625 1568 qui
2661 1497 2715 1551 in
2782 1513 2847 1553 ea
2892 1511 3044 1554 satus
3077 1503 3180 1556 fuit
3211 1514 3268 1558 ct
3297 1521 3432 1559 cou-

252 1681 364 1734 Καὶ
428 1678 567 1749 ὑπὲρ
628 1677 914 1750 ἄνθρωπον
965 1679 1188 1748 ἐνήργει
1224 1679 1268 1710 ¹³
1319 1678 1386 1730 τά
1435 1676 1748 1748 ἀνθρώπου,

1924 1678 1992 1732 Ει
2020 1693 2183 1748 supra
2210 1680 2581 1736 conditionem
2610 1681 2851 1738 hominis
2875 1700 2938 1739 ea
2963 1701 3082 1754 qua:
3108 1696 3236 1740 sunt
3259 1689 3437 1740 homi-

177 1773 296 1826 κατ’
324 1771 500 1841 ἄκραν
539 1769 734 1823 ἕνωσιν
757 1769 882 1840 δίχα
915 1770 1120 1840 τροπῆς
1157 1773 1499 1840 συμφυεῐσαν
1541 1771 1757 1832 δεικνὺς

175 1867 246 1934 τῇ
284 1863 440 1934 θεῖκῇ
466 1862 694 1930 δυνάμει
725 1863 824 1932 τὴν
846 1860 1192 1934 ἀνθρωπίνην
1213 1862 1493 1933 ἐνέργειαν
1522 1878 1536 1892 ⁸
1566 1861 1755 1932 ἐπειδὴ

173 1957 336 2027 κα.ὶὴ
388 1958 551 2025 φύσις
602 1954 926 2025 ἀσυγχύτως
972 1953 1234 2007 ὲνωοεῖσα
1253 1957 1318 2024 τῇ
1353 1955 1512 2024 φύσει
1535 1952 1606 2008 δι’
1632 1955 1754 2008 ὅλου

174 2065 244 2100 πε
256 2047 624 2119 ρικεχώρηκε,
658 2046 824 2116 μηδὲν
850 2045 1116 2098 ἀπόλυτον
1148 2045 1498 2098 παντάπασιν
1528 2044 1751 2114 ἔχουσα,

173 2143 274 2195 καὶ
303 2140 405 2209 τῆς
436 2139 721 2210 ἡνωμένης
747 2140 884 2210 αὐτῇ
914 2137 1038 2193 καθ’
1066 2137 1368 2191 ὑπόστασιν
1404 2135 1753 2207 κεχωρισμέ-

172 2251 267 2286 νον
312 2232 586 2302 θεότητος.
626 2231 796 2302 Ὑπὲρ
853 2232 1002 2302 ἡμᾶς
1055 2231 1165 2300 γὰρ
1193 2228 1411 2298 ἀληθῶς
1461 2227 1560 2298 τὴν
1594 2227 1754 2297 ἡμῶν

171 2325 370 2378 οὐσίαν
396 2323 680 2386 οὑσιωθεὶς
709 2324 737 2376 ό
760 2321 1084 2393 ὑπερούσιος
1111 2320 1284 2388 Λόγος
1315 2318 1520 2389 συνῆψε
1549 2321 1612 2389 τῇ
1640 2335 1751 2371 κα-

171 2416 407 2483 ταφάσει
427 2414 527 2482 τῆς
548 2413 762 2483 φύσεως
783 2415 878 2468 καὶ
902 2412 1011 2467 τῶν
1027 2413 1199 2482 αὐτῆς
1218 2411 1464 2482 φυσικῶν
1488 2411 1554 2480 (ι
1568 2410 1667 2481 l3
1694 2412 1748 2490 (ι)

172 2507 303 2560 καθ’
323 2507 598 2578 ὑπεροχὴν
646 2506 745 2578 τὴν
786 2506 1085 2575 ἀπόφασιν,
1114 2506 1208 2559 καὶ
1262 2504 1487 2573 γέγονεν
1537 2505 1746 2574 ἀνθρω-

172 2617 299 2665 πος,
328 2599 418 2652 τὸν
479 2599 620 2670 ὑπὲρ
684 2603 845 2668 φᾴσιν
891 2598 986 2652 τοῦ
1040 2598 1158 2661 πῶς
1208 2592 1348 2652 εἶναι
1391 2597 1591 2668 τρόπον
1631 2597 1750 2668 ἕχον

174 2691 526 2762 συνημμένον
592 2691 670 2762 τῷ
736 2691 829 2745 τοῦ
897 2688 1037 2745 εἶναι
1098 2691 1242 2762 λόγῳ
1323 2689 1425 2760 τῆς
1488 2688 1702 2757 φύσεως
1735 2729 1751 2752 ,

173 2786 265 2838 ἴνα
325 2787 420 2839 καὶ
477 2786 574 2856 τὴν
639 2783 799 2852 φύσιν
859 2783 1200 2854 πιστώσηται
1248 2784 1314 2853 τῇ
1370 2781 1477 2836 τῶν
1533 2783 1753 2853 τρόπων

173 2878 478 2946 καινότητι,
515 2877 590 2946 μὴ
636 2876 936 2946 δεχομένην
963 2877 1104 2930 κατὰ
1133 2876 1223 2928 τὸν
1247 2875 1404 2943 λόγον
1436 2874 1743 2940 ἀλλοίωσιν,

175 2970 276 3025 καὶ
304 2970 450 3040 δείξῃ
478 2967 578 3040 τὴν
603 2969 972 3039 ὐπεράπειρον
994 2968 1223 3038 δύναμιν
1252 2967 1514 3032 ὡσαύτως
1551 2969 1656 3020 κάν
1683 2970 1747 3039 τῇ

1860 1769 1944 1823 nis
1982 1771 2330 1839 operabatur,
2368 1787 2466 1841 per
2502 1775 2904 1830 cxactissimam
2953 1777 3277 1842 unitionem,
3315 1779 3433 1834 sine

1857 1860 2005 1913 omni
2046 1862 2436 1926 conversione,
2472 1879 2571 1932 per
2608 1865 2849 1920 divinam
2895 1869 3200 1936 potentiam
3245 1881 3434 1924 osten-

1856 1951 1992 2007 dens
2020 1953 2316 2008 humanam
2346 1956 2744 2024 operationem.
2768 1957 3226 2027 Quandoquidem
3259 1971 3315 2014 et
3341 1979 3436 2016 ua-

1857 2053 1976 2098 tura
2005 2045 2242 2100 humana
2268 2045 2598 2101 inconfusim
2627 2049 2778 2102 unita
2807 2059 3014 2105 natura:
3039 2051 3237 2106 divina:
3265 2061 3433 2108 totam

1855 2139 2321 2205 circuniiucessit,
2354 2141 2594 2196 solutum
2643 2143 2779 2196 nihil
2827 2151 2922 2196 aut
2967 2144 3202 2199 divisum
3253 2149 3432 2215 possi-

1854 2231 1991 2288 dens
2032 2249 2064 2288 a
2099 2233 2322 2298 deitate,
2360 2250 2481 2303 qua:
2514 2235 2564 2288 ei
2611 2249 2708 2303 per
2752 2235 3072 2305 hypostasin
3115 2238 3268 2292 unita
3307 2239 3430 2292 fuit.

1853 2325 1987 2380 Nam
2016 2341 2118 2396 pro
2147 2327 2307 2381 nobis
2330 2342 2460 2381 vere
2490 2334 2845 2396 nostramque
2860 2315 3237 2383 substantiam
3263 2333 3435 2385 susci-

1852 2416 2013 2487 piens
2045 2418 2282 2473 Verbnm
2318 2419 2848 2488 supersubstantiale
2886 2422 3186 2475 connexuit
3214 2438 3276 2475 ea
3312 2439 3434 2492 qua:

1853 2509 1922 2564 de
1963 2519 2158 2564 natura
2201 2510 2562 2574 allirmantur,
2595 2520 2650 2565 et
2689 2527 2752 2565 ea
2797 2527 2917 2580 qua:
2955 2528 3050 2581 per
3078 2515 3432 2570 eminentiam

1853 2601 2185 2656 naturalium
2213 2602 2458 2672 ejusdem
2490 2603 2859 2672 potentiarum
2885 2604 3170 2659 continent
3191 2607 3433 2675 negatio-

1853 2709 2000 2747 nem.
2029 2693 2226 2748 Factus
2255 2701 2340 2748 est
2365 2694 2550 2758 homo,
2579 2695 2675 2748 sed
2706 2695 2928 2749 modum
2959 2696 3178 2750 essendi
3212 2696 3428 2761 habuit,

1853 2786 1948 2854 qui
1970 2794 2220 2840 naturam
2243 2787 2709 2855 supereminebat,
2729 2801 3036 2840 connexum
3061 2803 3185 2841 cum
3211 2787 3432 2844 essendi

1854 2877 2079 2936 modum
2132 2877 2435 2932 secundum
2488 2886 2769 2943 naturam;
2825 2887 2882 2930 ut
2934 2885 2990 2931 et
3037 2887 3322 2944 naturam,
3363 2897 3431 2934 cx

1856 2971 2099 3025 novitate
2123 2971 2353 3024 istorum
2379 2970 2688 3033 modorum,
2713 2984 2820 3023 non
2847 2970 3135 3025 admisisse
3163 2971 3216 3024 in
3243 2987 3432 3026 essen-

173 3064 289 3116 τῶν
315 3035 572 3116 ἐναντίων
606 3035 820 3130 γενέσει
853 3035 1267 3132 γνωριζομένην
1297 3076 1310 3091 ·
1352 3060 1544 3130 ἀμέλει
1595 3035 1746 3125 ἕξοι)Ι

1857 3063 1929 3116 tia
1973 3061 2358 3115 alterationem
2404 3061 2756 3119 ostenderet.
2793 3062 3066 3131 simulque
3109 3077 3274 3131 super
3321 3063 3426 3115 im-

176 3159 270 3230 σίᾳ
315 3156 541 3226 γνώμης
592 3155 728 3224 ἔργα
761 3156 802 3187 ⁸⁵
830 3153 1144 3224 πεποιηκὼς
1183 3152 1254 3206 τά
1299 3153 1446 3224 πάθη
1486 3154 1587 3222 τῆς
1644 3152 1746 3222 φύ-

175 3267 337 3312 σεως,
381 3248 495 3301 ἀλλ’
543 3247 643 3317 οὐχ
691 3247 769 3310 ὡς
823 3247 984 3315 ἡμεῖς
1023 3245 1269 3315 ἀνάγκης
1330 3245 1746 3313 ἀποτελέσματα

175 3341 434 3411 φυσικῆς,
468 3339 706 3409 ἔμπαλιν
732 3339 765 3408 ἣ
796 3338 838 3368 ¹⁵
869 3335 954 3404 ἐφ’
983 3336 1140 3405 ἡμῶν
1192 3337 1327 3406 ἔχει,
1357 3336 1416 3389 τὸ
1451 3335 1572 3387 καθ’
1596 3335 1743 3404 ἡμᾶς

176 3430 340 3501 φύσει
372 3429 614 3499 παθητὸν
639 3427 938 3496 διεξῆλθεν,
974 3427 1196 3498 ἐξουσίᾳ
1218 3427 1410 3497 γνώμῃ
1446 3427 1491 3458 ¹⁶
1525 3425 1747 3494 κινητὸν

175 3522 359 3586 δείξας
383 3523 470 3591 ἐφ’
501 3519 694 3574 ἑαυτοῦ
731 3519 794 3572 τὸ
837 3517 1080 3588 πεφυκὸς
1109 3518 1194 3586 ἐφ’
1230 3517 1388 3587 ἡμῶν
1433 3511 1573 3569 εἶναι
1607 3516 1749 3584 γνὼ-

178 3629 288 3682 μης
339 3612 636 3681 κινητικόν.
661 3609 841 3678 Ὅπερ
876 3610 988 3670 τοῖς
1019 3605 1146 3676 ἑξῆς
1187 3604 1497 3675 σαφηνίζων
1529 3604 1692 3674 φησὶν
1718 3603 1747 3655 ό

173 3704 493 3766 διδάσκαλος
518 3719 532 3734 ο
573 3722 593 3754 ι
639 3704 705 3756 Τί
743 3703 808 3756 ἄν
834 3718 918 3765 τις
945 3701 1016 3753 τά
1065 3699 1228 3753 λοιπά
1268 3698 1562 3768 πάμπολλα
1615 3697 1745 3752 ὄντα

170 3795 499 3860 διέλθοιςδι’
537 3790 611 3849 ὧν
638 3795 668 3846 ό
721 3792 879 3856 θείως
927 3790 1070 3860 ὁρῶν
1116 3791 1257 3861 ὑπὲρ
1297 3789 1421 3842 νοῦν
1477 3787 1744 3856 γνώσεται

170 3888 272 3940 καὶ
329 3884 400 3937 τά
451 3884 544 3937 ἐπὶ
601 3885 668 3953 τῇ
736 3880 1115 3951 φιλανθρωπίᾳ
1178 3878 1274 3932 τοῦ
1340 3877 1514 3947 Ἰησοῦ
1576 3893 1746 3931 κατα-

170 3976 517 4048 φασκόμενα,
551 3973 780 4044 δύναμιν
836 3972 1174 4043 ὑπεροχικῆς
1231 3971 1562 4040 ἀποφάσεως
1589 3969 1742 4039 ἕχον-

168 4086 265 4122 τα.
305 4088 325 4120 ι
363 4067 445 4120 Ta
471 4068 580 4136 γὰρ
623 4065 724 4134 τῆς
763 4063 979 4133 φύσεως
1025 4062 1204 4116 πάντα
1237 4061 1374 4133 μετά
1405 4063 1502 4131 τῆς
1529 4060 1743 4130 φύσεως

169 4159 315 4212 κατά
349 4157 606 4226 σύλληψιν
638 4155 876 4227 ἄρρητον
905 4153 1104 4216 ὑποδὺς
1152 4152 1181 4203 ὁ
1219 4152 1539 4222 ὐπερούσιος
1574 4151 1744 4220 Λόγος

168 4251 326 4305 οὐδὲν
370 4245 515 4318 εἶχεν
561 4245 898 4316 ἀνθρώπινον
948 4243 1164 4314 φυσικῷ
1215 4243 1359 4312 λόγῳ
1403 4242 1744 4310 καταφασκό-

1851 3165 2095 3204 mensam
2123 3149 2424 3219 potentiam
2458 3150 2512 3202 in
2544 3149 2951 3203 contrariorum
2979 3150 3270 3205 ell'ectione
3297 3166 3429 3206 con-

1850 3237 2092 3305 Spicuam
2137 3238 2311 3291 daret.
2353 3236 2566 3306 Quippe
2615 3235 2766 3304 quod
2814 3246 3027 3292 natura:
3075 3238 3429 3294 inﬁrmitates

1850 3345 1961 3383 sua:
1992 3330 2121 3383 fecit
2153 3328 2356 3382 indicia
2395 3329 2703 3397 potestatis,
2737 3343 2846 3380 non
2881 3330 3230 3384 necessitatis
3264 3341 3427 3385 natu-

1851 3421 2000 3483 ralis,
2033 3427 2094 3474 nt
2128 3427 2258 3473 sunt
2295 3435 2418 3488 qua:
2456 3434 2563 3472 non
2611 3420 2872 3489 gerimus,
2904 3419 3121 3481 eﬂ‘ecta,
3157 3437 3427 3492 sccusque

1848 3526 2010 3579 quam
2047 3524 2106 3564 se
2138 3509 2305 3563 habet
2339 3509 2394 3563 in
2428 3509 2591 3563 nobis
2626 3519 2836 3563 natura:
2867 3511 3285 3579 passibilitatem
3327 3514 3425 3568 ad-

1848 3599 2202 3655 ministravit.
2233 3600 2388 3667 Quod
2424 3601 2573 3655 enim
2609 3601 2665 3653 in
2701 3601 2862 3654 nobis
2897 3611 3137 3655 nostram
3174 3605 3424 3659 volunta-

1847 3699 1957 3743 tem
2008 3689 2147 3744 solet
2187 3704 2555 3752 commovere,
2594 3689 2684 3742 ille
2734 3689 2788 3742 in
2836 3704 2894 3743 se
2942 3691 3162 3744 nonnisi
3207 3707 3274 3746 ex
3323 3709 3424 3747 suo

1847 3781 2077 3836 arbitrio
2105 3781 2314 3836 moveri
2345 3780 2556 3835 docuit.
2579 3779 2720 3846 Quid
2747 3780 2895 3834 aliud
2925 3781 3060 3836 dicit
3083 3782 3341 3852 magister
3365 3783 3421 3838 in

1845 3871 2236 3941 sequentibus?
2267 3872 2359 3926 ubi
2395 3872 2498 3926 hoc
2529 3872 2708 3941 ipsum
2736 3873 2993 3942 explanat
3019 3891 3032 3927 :
3067 3891 3084 3922 ι
3115 3873 3256 3939 Quid
3289 3890 3422 3929 vero

1846 3972 2040 4017 caetera
2071 3977 2192 4032 quae
2219 3963 2373 4016 valde
2402 3963 2572 4016 multa
2602 3963 2728 4032 quis
2756 3965 3188 4018 commemoret?
3217 3965 3271 4018 in
3298 3981 3421 4034 qua:

1845 4055 1890 4108 si
1933 4053 2158 4108 divinus
2200 4054 2473 4122 quispiam
2522 4053 2830 4118 intueatur,
2866 4070 3033 4124 supra
3081 4056 3418 4111 intellectum

1845 4144 2115 4214 intelliget
2149 4145 2314 4199 etiam
2353 4160 2414 4198 ea
2455 4161 2577 4214 quae
2612 4145 2680 4199 de
2716 4145 2846 4199 Jesu
2888 4146 3232 4200 humanitate
3269 4147 3417 4202 allii--

1844 4247 2066 4292 mantur
2087 4237 2345 4292 virtutem
2373 4237 2691 4291 excellentis
2718 4239 3025 4308 negationis
3049 4239 3358 4295 continuere.
3391 4261 3410 4293 ›

173 4358 361 4412 μενον,
384 4341 413 4393 ὃ
443 4341 518 4411 μὴ
544 4338 639 4392 καὶ
668 4337 810 4390 θεῖον
830 4332 922 4406 ῆν,
948 4336 1134 4407 τρόπῳ
1151 4333 1228 4404 τῷ
1253 4333 1391 4405 ὑπὲρ
1424 4333 1584 4402 φύσιν
1608 4335 1742 4387 ἀπο-

1851 4327 2383 4398 Supersubstantiale
2415 4329 2562 4381 enim
2589 4328 2829 4382 Verbum
2856 4330 3040 4382 omnia
3071 4346 3193 4399 quae
3223 4330 3291 4384 ad
3322 4347 3420 4386 nae

169 4433 538 4504 φασκόμενον.
571 4424 673 4483 ’Ὧν
711 4429 851 4498 ὑπὲρ
881 4426 1006 4480 νοῦν
1036 4426 1109 4489 ὡς
1139 4424 1526 4485 ἀναπόδεικτος
1566 4423 1740 4493 ὑπῆρ-

168 4541 268 4594 χεν
302 4525 336 4594 ἡ
368 4523 590 4591 γνῶσις,
649 4521 817 4591 μόνην
847 4517 1150 4586 κατάληψιν
1178 4515 1374 4586 ἔχουσα
1421 4516 1520 4584 τὴν
1562 4515 1744 4568 πίστιν

166 4616 280 4668 τῶν
314 4613 553 4684 γνησίως
601 4612 662 4664 τὸ
690 4611 784 4663 τοῦ
831 4607 1068 4678 Χριστοῦ
1120 4605 1498 4674 σεῢαζομένων
1539 4605 1745 4675 μυστή-

170 4723 310 4773 ριον.
342 4698 564 4766 υῦτινος
591 4703 782 4771 ὥσπερ
809 4697 1128 4751 συνοπτικὸν
1158 4697 1249 4748 τὸν
1272 4696 1428 4763 λόγον
1459 4694 1742 4757 ἀποδ.δοὺς

167 4813 336 4867 φησι·
377 4815 396 4846 ι
433 4793 541 4847 Καὶ
564 4791 693 4861 γάρ,
730 4790 816 4842 ἵνα
847 4789 1156 4849 συνελόντες
1199 4787 1463 4856 εἴπωμεν,
1494 4784 1615 4837 οὐδὲ
1644 4785 1740 4838 ἀν-

167 4893 393 4962 θρωπος
431 4882 520 4956 ἦν,
566 4904 583 4936 ι
618 4885 700 4936 ὅτι
756 4881 914 4949 φύσει
961 4882 1060 4949 τῆς
1106 4878 1248 4932 κατά
1289 4879 1452 4946 φύσιν
1496 4878 1741 4944 ἀνάγκης

165 4984 356 5042 ἄνετος
393 4979 432 5010 ¹⁷
474 4973 563 5046 ἦν,
602 4974 680 5045 τῷ
711 4975 755 5005 ⁸⁸
786 4971 907 5024 καθ’
939 4971 1083 5040 ἡμᾶς
1115 4968 1294 5038 (113
1336 4969 1392 5035 b)
1420 4968 1518 5037 οὐχ
1569 4968 1741 5037 ὑπαχ-

166 5073 282 5134 θεὶς
301 5067 487 5138 θεσμῷ
512 5067 607 5134 τῆς
628 5063 1065 5133 γενέσεως.‹υύκ
1083 5061 1157 5123 ὼς
1175 5061 1249 5128 μὴ
1270 5059 1573 5129 ἄνθρωπος,
1601 5076 1619 5108 ›
1659 5057 1740 5111 ὅτι

166 5163 293 5217 κατ’
319 5160 506 5215 οὐσίαν
542 5159 671 5227 ὃλην
706 5154 921 5226 ἀληθῶς
958 5153 1240 5222 ἄνθρωπος
1288 5147 1378 5221 ῆν,
1425 5151 1584 5220 φύσει
1629 5149 1740 5203 τῶν

166 5254 294 5308 καθ’
314 5253 460 5324 ἡμᾶς
483 5250 729 5320 φυσικῶν
758 5246 1105 5316 ἀνεχόμενος,
1140 5263 1158 5294 ι
1193 5243 1308 5296 ἀλλ’
1339 5242 1414 5305 ὡς
1436 5244 1493 5308 ὲξ
1526 5241 1734 5313 ἀνθρὼ-

165 5360 306 5398 πων·
354 5361 373 5393 ι
398 5342 632 5410 ἐπείπερ
661 5339 791 5408 ἡμῖν
815 5335 1096 5406 όμοούσιος
1122 5329 1212 5403 ἦν,
1239 5333 1377 5402 ὅπερ
1407 5333 1566 5402 ἡμεῖς
1595 5331 1736 5384 κατὰ

166 5435 334 5504 φύσιν
354 5433 638 5502 ἄνθρωπος
669 5428 764 5491 ὢν,
803 5447 820 5479 ι
850 5423 1460 5496 ἀνθρώπωνέπέκειυα,
1501 5441 1519 5472 ι
1557 5421 1737 5474 καινό-

1848 4431 2026 4475 turam
2072 4420 2350 4490 pertinent
2391 4435 2497 4473 una
2543 4435 2666 4473 cum
2714 4427 2910 4473 natura
2955 4419 3009 4472 in
3055 4421 3416 4490 conceptione

1839 4510 1931 4564 illa
1965 4509 2235 4563 ineil‘abili
2269 4508 2598 4577 suscipiens,
2627 4508 2764 4561 nihil
2796 4508 2989 4562 habuit
3017 4509 3317 4564 humanum
3348 4511 3415 4566 de

1837 4617 1896 4657 se
1943 4600 2300 4664 aﬂirmatum,
2346 4599 2583 4652 naturali
2633 4599 2874 4662 ratione,
2916 4601 3051 4669 quin
3100 4602 3245 4655 idem
3295 4613 3414 4657 erat

1839 4692 2120 4756 divinum,
2157 4692 2428 4761 modoque
2469 4707 2632 4760 supra
2685 4700 2932 4745 naturam
2981 4695 3166 4762 negari
3211 4695 3411 4762 potuit.

1845 4784 2049 4838 llorum
2076 4783 2321 4836 omnium
2350 4784 2611 4853 cognitio,
2637 4792 2827 4853 utpote
2856 4800 3019 4854 supra
3051 4785 3410 4852 intellectum,

1844 4883 1964 4928 erat
2013 4874 2178 4928 etiam
2230 4889 2394 4944 supra
2447 4875 3005 4939 demonstrationem,
3055 4877 3281 4945 solaque
3329 4886 3412 4931 est

1845 4965 2219 5036 perceptibilis
2247 4965 2350 5019 ﬁde
2378 4981 2568 5019 eorum
2596 4966 2689 5036 qui
2712 4965 2914 5020 Christi
2947 4967 3268 5037 mysterium
3301 4969 3413 5022 sin-

1845 5071 1968 5110 cere
2011 5066 2362 5110 venerantur.
2398 5055 2568 5127 llujus
2610 5057 2856 5126 mysterii
2905 5058 3173 5112 rationem
3215 5074 3410 5128 quam-

1845 5147 1968 5201 dam
2001 5157 2335 5202 contractam
2365 5147 2590 5202 exhibet
2613 5149 2931 5217 conspectui
2965 5150 3253 5220 Dionysius
3282 5165 3408 5205 cum

1841 5239 1973 5292 dicit
2004 5256 2016 5291 :
2059 5257 2076 5286 ι
2112 5239 2268 5302 Nam,
2299 5247 2358 5293 ut
2383 5241 2696 5294 summatim
2725 5241 3078 5303 dicamus,ne
3097 5242 3259 5295 homo
3289 5242 3409 5312 qui-

1840 5330 1964 5384 dem
1997 5340 2114 5384 erat
2146 5349 2163 5380 ι
2204 5331 2462 5398 quoniam
2491 5347 2557 5386 ex
2589 5342 2786 5386 natura
2812 5349 2909 5386 sua
2937 5333 3119 5388 omnis
3141 5334 3409 5388 naturalis

1841 5422 2182 5476 necessitatis
2220 5438 2414 5490 expers
2453 5433 2598 5486 erat,
2629 5433 2685 5477 et
2720 5439 2886 5493 supra
2927 5424 3100 5494 legem
3143 5423 3404 5479 nascendi

1465 5581 1695 5637 VAliIIE
1729 5583 2129 5639 LECTIONILS.

240 5710 284 5742 "
331 5708 565 5778 ἐνείργει
614 5705 702 5760 ed.
755 5703 896 5763 Ga‘L.
938 5720 1036 5772 pro
1087 5717 1253 5756 more.
1328 5702 1371 5732 ”
1406 5701 1652 5767 ἐξουσίας
1705 5698 1837 5769 ἔργα
1868 5699 1956 5752 ed.
1988 5698 2105 5753 Gal.
2143 5698 2294 5754 Unde
2349 5699 2666 5766 corrigenda
2698 5699 2816 5768 ejus
2853 5699 3051 5752 versio.

240 5779 308 5824 Id-
383 5779 426 5811 η
457 5777 645 5824 γνώμη
678 5790 784 5824 non
819 5783 988 5824 exstat
1046 5773 1099 5824 in
1149 5772 1234 5824 ed.
1269 5771 1381 5824 Gal.
1467 5773 1509 5803 ³⁷
1535 5770 1772 5824 ἀναίτιος
1795 5768 1884 5823 ed.
1915 5769 2030 5822 Gal.
2117 5771 2159 5800 ¹³
2190 5769 2381 5824 adieci.
2413 5768 2551 5824 Gal..
2585 5771 2728 5824 (μιυά
2769 5768 3024 5822 mendum

1467 5773 1509 5803 ³⁷
1535 5770 1772 5832 ἀναίτιος
1795 5769 1884 5823 ed.
1915 5769 2030 5822 Gal.

164 5779 308 5837 Gud.
383 5771 646 5849 ’θ’γνώμῃ
678 5790 784 5829 non
819 5771 988 5828 exstat
1046 5773 1099 5826 in
1149 5772 1234 5826 ed.
1269 5771 1381 5825 Gal.

3150 5698 3190 5730 ³⁵
3215 5700 3248 5770 ἡ
3274 5699 3399 5755 col.

2117 5771 2159 5800 ¹³
2190 5769 2273 5839 πῴ
2294 5769 2381 5823 ed.
2413 5768 2551 5833 Gal.,
2585 5771 2728 5838 quod
2769 5768 3024 5822 mendum
3051 5779 3154 5823 cst.
