4200 6440
742 404 874 465 1855

1906 400 1965 455 S.
2010 392 2293 455 MAXIMI
2332 391 2836 451 CONFESSORIS

3868 386 3999 448 1056

738 520 823 571 cui
862 534 961 570 nos
995 517 1339 586 subjieimur.
1376 535 1391 563 ι
1426 514 1541 567 Non
1577 514 1722 582 quod
1760 529 1866 566 non
1907 524 2053 565 esset
2080 513 2263 573 homo,
2298 529 2316 560 ι

2435 522 2550 575 cret
2577 506 2796 575 τρόπων
2819 545 2831 561 ,
2869 504 3006 571 ὅπερ
3041 501 3137 569 οὐχ
3170 502 3353 570 ἡμεῖς,
3392 499 3487 568 τὴν
3532 499 3692 567 gis-ni
3734 502 4002 569 περιγρά-

739 612 999 678 quoniam
1054 609 1355 662 secundum
1412 617 1579 659 totam
1629 608 1923 661 essentiam
1973 622 2100 657 vere
2156 606 2318 656 homo

738 713 887 762 erat,
928 704 1101 769 iisque
1145 701 1401 753 omnibus
1442 700 1711 753 obnoxius
1748 713 1870 767 qua:
1916 705 2171 749 naturam
2219 711 2317 747 no-

744 800 912 843 strain
955 792 1318 855 comitantur;
1361 810 1378 840 ι
1425 794 1517 843 sed
1554 790 1698 859 quod
1738 799 1899 842 natus
1934 804 2085 841 more
2124 789 2318 840 huma-

744 898 836 943 no,
878 902 895 932 ι
945 882 1219 950 siquidem
1262 883 1505 951 ejusdem
1550 882 1839 934 nobiscum
1885 891 2003 933 erat
2044 880 2317 943 essentize,

744 982 793 1024 et
838 974 999 1025 homo
1041 987 1136 1040 per
1179 981 1453 1035 naturam,
1488 987 1587 1040 per
1623 986 1786 1040 quam
1827 980 1882 1025 et
1918 988 2035 1023 nos.
2076 989 2094 1018 ι
2145 970 2320 1038 Supra

746 1059 1019 1123 homines,
1053 1081 1070 1110 ι
1113 1061 1276 1113 modo
1310 1074 1473 1123 novo,
1500 1060 1645 1128 quod
1679 1076 1780 1113 nos
1809 1076 1915 1113 non
1949 1059 2195 1123 facimus,
2229 1075 2324 1112 na-

747 1163 924 1205 turam
968 1153 1449 1207 eireumseribens.
1502 1172 1519 1201 ι
1569 1152 1634 1205 Et
1674 1167 1838 1221 supra
1870 1152 2153 1205 hominem
2192 1167 2322 1205 vere

748 1243 925 1299 factus
973 1246 1154 1298 homo.
1208 1264 1228 1296 ι
1282 1245 1472 1298 Medos
1519 1246 1666 1298 enim
1719 1260 1885 1312 supra
1934 1253 2219 1308 naturam,
2268 1252 2324 1296 et

750 1336 992 1387 rationes
1036 1334 1344 1388 secundum
1391 1344 1641 1388 naturam
1689 1334 1925 1387 invicem
1970 1336 2088 1387 sine
2132 1334 2322 1387 fraude

750 1427 1067 1480 connexuit.
1104 1425 1308 1480 Horum
1354 1441 1655 1480 concursus
1688 1441 1811 1478 eum
1850 1442 1948 1494 per
1979 1442 2035 1478 se
2070 1426 2323 1493 impossi-

748 1514 874 1568 bilis
906 1526 1075 1579 esset,
1103 1517 1216 1581 ille,
1251 1518 1338 1571 cui
1378 1518 1511 1569 nihil
1548 1527 1632 1570 est
1661 1516 2019 1585 impossibile,
2050 1532 2146 1570 eos
2179 1518 2231 1570 in
2266 1532 2324 1571 se

747 1621 876 1659 vere
929 1607 1142 1669 univit,
1192 1618 1443 1661 neutram
1493 1608 1548 1659 in
1601 1616 1813 1677 partem
1860 1609 2086 1661 omnino
2132 1624 2325 1662 eorum

746 1712 982 1765 quorum
1024 1707 1139 1750 erat
1178 1698 1489 1768 hypostasis
1528 1698 1597 1751 ab
1637 1699 1902 1751 alterutro
1947 1699 2000 1751 in
2046 1699 2327 1767 operando

747 1787 1062 1845 declinans.
1097 1788 1205 1839 imo
1239 1788 1420 1854 potius
1456 1802 1554 1855 per
1587 1788 1913 1841 alterutrum
1955 1788 2322 1854 conﬁrmans;

747 1878 1018 1946 siquidem
1052 1888 1346 1947 utrumque
1379 1895 1508 1933 vere
1542 1890 1646 1942 est,
1678 1887 1735 1932 et
1762 1889 1822 1932 ut
1849 1880 1994 1933 Deus
2024 1895 2180 1933 suam
2211 1880 2327 1949 ipse

748 1982 930 2023 movet
968 1971 1386 2034 humanitatem,
1417 1984 1691 2040 quatenus
1730 1983 1914 2025 autem
1956 1972 2140 2037 homo,
2171 1989 2326 2028 suam

748 2060 993 2115 declarat
1035 2063 1319 2117 deitatem.
1364 2063 1423 2116 In
1470 2073 1664 2116 natura
1708 2064 1925 2126 divina,
1964 2065 2006 2118 si
2053 2065 2131 2119 sic
2173 2066 2324 2136 loqui

749 2153 930 2215 liceat,
968 2169 1164 2221 passus
1208 2164 1322 2214 est,
1362 2170 1487 2207 nam
1532 2156 1842 2208 voluntarie
1888 2172 2084 2225 passus
2126 2166 2238 2219 est,
2272 2169 2329 2213 et

748 2259 936 2297 merus
967 2245 1131 2298 homo
1163 2262 1270 2299 non
1306 2246 1436 2311 fuit;
1471 2246 1523 2299 in
1558 2256 1754 2300 natura
1791 2247 2027 2301 humana
2065 2250 2329 2306 miracula

749 2337 1020 2405 patravit,
1068 2351 1191 2390 nam
1244 2336 1298 2389 in
1346 2352 1510 2391 carne
1557 2338 1694 2401 fuit,
1739 2354 1843 2392 nec
1890 2339 2071 2394 nudus
2117 2343 2331 2397 exstitit

752 2424 917 2479 Deus.
950 2426 1027 2480 Ita
1060 2427 1281 2495 quidem
1313 2428 1594 2495 passiones
1625 2436 1781 2482 erant
1808 2426 2089 2485 mirabiles
2118 2440 2176 2485 et
2202 2434 2328 2487 novi

749 2520 987 2587 generis,
1014 2530 1236 2588 prepter
1263 2521 1567 2589 potentiam
1596 2521 1839 2575 divinam
1867 2530 2073 2576 natura!
2095 2526 2215 2594 ejus
2235 2528 2328 2595 qui

752 2623 947 2678 passus
980 2620 1083 2670 est.
1108 2619 1165 2663 et
1198 2611 1459 2665 miracula
1494 2619 1655 2665 erant
1689 2612 1833 2666 inter
1866 2615 2171 2681 passiones,
2196 2633 2333 2685 quo-

751 2701 899 2753 niam
932 2709 1143 2771 patrata
1173 2712 1332 2756 erant
1358 2703 1411 2756 in
1441 2704 1686 2772 passibili
1713 2706 1957 2772 potentia
1987 2709 2190 2773 carnis,
2211 2711 2334 2780 ejus

751 2789 846 2855 qui
896 2803 957 2841 ea
1002 2789 1232 2843 miriﬁce
1278 2791 1579 2844 secundum
1625 2801 1877 2847 naturam
1923 2807 2187 2864 operatus
2226 2809 2331 2853 est.

753 2878 909 2943 Quod
953 2882 1225 2935 intellexit
1253 2883 1511 2951 magister
1538 2899 1661 2936 cum
1696 2885 1905 2940 diceret
1937 2906 1951 2940 :
1997 2907 2014 2939 ι
2052 2890 2335 2944 Postremo

752 2985 860 3021 non
894 2985 997 3037 qua
1025 2970 1168 3023 Deus
1198 2970 1382 3023 divina
1413 2972 1599 3039 gessit.
1631 2991 1648 3021 ι
1685 2972 1803 3025 Non
1840 2981 2051 3027 tantum
2080 2985 2139 3029 ut
2167 2978 2331 3040 Deus,

750 3069 807 3112 et
838 3077 1086 3115 seorsum
1122 3077 1151 3115 a
1191 3077 1388 3125 carne,
1422 3078 1600 3132 neque
1636 3064 1782 3116 enim
1824 3074 2033 3118 tantum
2071 3083 2329 3137 superes-

2420 615 2556 663 φων.
2596 614 2614 646 ι
2656 598 2764 649 Καὶ
2792 596 2931 660 ὑπὲρ
2959 594 3244 661 ἄνθρωπον
3276 590 3493 658 άληθῶς
3527 590 3810 659 ἄνθρωπος
3839 607 4003 655 γεγε-

2420 686 2547 749 νὼς,
2586 707 2603 735 ι
2638 686 2765 745 τοὺς
2795 684 2932 751 ὑπὲρ
2964 683 3124 749 φύσιν
3154 682 3385 749 τρόπους
3410 682 3501 731 καὶ
3526 683 3649 741 τοις
3677 680 3817 731 κατὰ
3841 679 4005 745 φύσιν

2422 778 2615 844 λόγους
2668 776 2991 844 άλυμάντως
3040 774 3179 841 ἔχων
3230 774 3481 841 ἀλλήλοις
3524 774 3565 802 ¹⁴
3597 774 4002 840 συνημμένους,

2422 863 2496 921 ὧν
2529 870 2809 937 ἀμήχανος
2844 869 2877 935 ἡ
2905 867 3180 935 σύμϐασις
3230 862 3318 935 ἦν,
3356 866 3513 925 αὐτος
3542 859 3586 930 ᾧ
3620 865 3804 932 ’μηδέν
3854 868 4007 916 ἐστιν

2422 962 2705 1029 ἀμήχανον
2755 959 2961 1028 ἀληθὴς
3018 958 3313 1026 γενόμενος
3352 956 3549 1017 ἓνωσις
3599 956 3885 1026 μηδετέρῳ
3944 958 4009 1007 τὸ

2425 1053 2689 1121 παράπαν
2735 1044 2811 1104 ὧν
2847 1052 3148 1111 ὑπόστασις
3192 1044 3260 1117 ἦν
3310 1048 3545 1118 Θατέῳυ
3580 1049 4007 1117 κεχωρισμένως

2424 1143 2686 1211 ἐνεργῶν,
2721 1144 2789 1195 δι’
2824 1144 3092 1213 ἐκατέρου
3125 1141 3182 1192 δὲ
3219 1141 3418 1209 μᾶλλον
3454 1139 3823 1206 πιστούμενος
3848 1140 4010 1191 ϐάτε-

2428 1237 2743 1308 ρον’,εἷπερ
2776 1237 2941 1305 ἅμ’ρω
2963 1236 3088 1288 κατ’
3122 1236 3382 1304 ἀλήθειαν
3410 1233 3484 1284 ὢν
3524 1234 3598 1294 ὡς
3627 1234 3725 1301 μὲν
3746 1232 3881 1293 Θεὸς
3902 1231 4009 1299 τῆς

2428 1327 2566 1389 ιδίας
2611 1322 2681 1396 ἧν
2721 1326 2999 1394 κινητικὸς
3035 1323 3479 1391 άνθρωπόσητος,
3515 1322 3591 1383 ὡς
3637 1320 4007 1389 άνθρωποςδὲ

2423 1419 2525 1488 τῆς
2590 1418 2799 1479 οἰκείας
2856 1415 3183 1483 ἔκφαντικος
3232 1416 3444 1482 ὑπῆρχε
3477 1413 3750 1480 Θεότητος.
3797 1410 4011 1473 Θεῐκιτις

2430 1511 2549 1579 μὲν,
2584 1509 2651 1561 ἵν’
2676 1507 2849 1570 οὕτως
2882 1507 3043 1568 εἴπω,
3062 1507 3122 1557 τὸ
3147 1506 3378 1573 πάσχειν
3410 1506 3568 1573 ἔχων,
3599 1503 3847 1554 ἑκούσιον
3874 1502 4007 1571 γάρ,

2427 1602 2550 1653 ἐπεὶ
2579 1602 2653 1670 μὴ
2682 1600 2836 1668 ψιλὸς
2864 1600 3151 1669 ἄνθρωπος
3172 1594 3260 1667 ἦν,
3292 1594 3662 1663 ἀνθρωπικῶς
3694 1594 3751 1645 δὲ
3782 1595 3843 1644 τὸ
3874 1593 4009 1644 Ouu-

2429 1694 2780 1763 ματουργείν,
2799 1691 2888 1743 διὰ
2917 1691 3115 1760 σαρκὸς
3133 1690 3263 1758 γὰρ,
3297 1688 3420 1739 ἐπεὶ
3454 1686 3529 1755 μὴ
3560 1684 3767 1753 γυμνὸς
3793 1684 4011 1752 ὑπῆρχε

2428 1790 2581 1853 Θεός.
2630 1790 2716 1853 Ὠς
2756 1786 2896 1843 εἶναι
2927 1790 2993 1842 τὰ
3055 1790 3156 1859 μὲν
3206 1787 3355 1853 πάθη
3400 1784 3696 1853 θαυμαστὰ
3739 1784 3808 1851 τῇ
3863 1778 4013 1831 κατὰ

2429 1882 2590 1951 φύσιν
2621 1882 2775 1952 θεῖκῇ
2817 1883 3047 1950 δυνάμει
3080 1881 3174 1934 τοῦ
3200 1881 3500 1948 πάσχοντος
3530 1876 3908 1943 καινιζόμενα,
3938 1870 4013 1921 τὰ

2428 1976 2486 2029 δὲ
2521 1975 2778 2045 θαύματα
2808 1974 3051 2041 παθητὰ,
3079 1976 3146 2043 τῇ
3186 1974 3328 2025 κατὰ
3359 1971 3521 2037 φύσιν
3564 1967 3660 2020 τοῦ
3704 1966 3842 2019 αὐτὰ
3874 1964 4011 2015 Θαυ-

2433 2065 2868 2137 ματουργοῦντος
2923 2064 3200 2135 παθητικῇ
3258 2064 3489 2130 δυνάμει
3539 2057 4011 2128 συμπληρούμενα

2427 2160 2526 2228 τῆς
2558 2159 2781 2228 σαρκός.
2808 2158 2989 2227 Ὅπερ
3033 2154 3188 2217 εἰδὼς
3220 2157 3249 2206 ό
3281 2152 3601 2212 διδάσκαλός
3628 2166 3763 2217 φησι
3788 2165 3799 2176 ·
3836 2166 3855 2196 ι
3898 2144 4013 2198 Καὶ

2427 2254 2488 2303 τὸ
2519 2252 2702 2303 λοιπὸν
2728 2250 2786 2301 οὖ
2818 2251 2960 2301 κατὰ
2984 2248 3117 2300 Θεὸν
3139 2247 3206 2299 τὰ
3234 2246 3349 2297 θεῖα
3375 2246 3598 2312 ἀράσας,
3633 2261 3650 2292 ο
3678 2244 3759 2293 ὅτι
3798 2240 3871 2307 μὴ
3907 2238 4008 2307 μόν-

2429 2360 2520 2395 νον
2544 2341 2743 2403 Οεῖκῶς
2778 2341 3160 2411 κεχωρισμένα
3192 2340 3417 2407 σαρκὸς,
3442 2337 3503 2388 οὐ
3538 2334 3648 2403 γὰρ
3682 2330 4015 2399 ὑπερούσιος

2435 2434 2615 2503 μόνον,
2651 2431 2777 2485 οῦτε
2814 2431 2884 2483 τά
2931 2428 3247 2497 ἀνθρώπινα
3286 2426 3427 2479 κατὰ
3468 2424 3777 2493 ἄνθρωπον,
3812 2420 3895 2472 ὅτι
3932 2418 4014 2486 μὴ

2436 2525 2594 2593 μόνον
2628 2522 2905 2593 σαρκικῶς
2936 2520 3319 2591 κεχωρισμένα
3364 2518 3637 2583 θεότητος,
3676 2515 3737 2567 οὐ
3768 2513 3877 2581 γὰρ
3914 2511 4007 2565 iv-

2434 2617 2652 2685 θρωπος
2700 2616 2882 2685 μόνον,
2920 2613 3105 2684 (ιιῇ1
3144 2614 3197 2681 α)
3239 2630 3257 2662 ι
3312 2611 3424 2664 ἀλλ’
3470 2607 3840 2675 ἀνδρωθέντος
3872 2601 4011 2655 Θεοῦ

2434 2708 2629 2777 καινήν
2657 2724 2781 2759 τινα
2812 2707 2915 2774 τὴν
2959 2724 2977 2755 ι
3013 2703 3340 2774 θεανδρικὴν
3374 2722 3392 2753 ι
3429 2701 3711 2769 ἐνέργειαν
3745 2699 3880 2766 ἡμῖν
3916 2711 4017 2745 περ

2434 2800 2843 2868 πολιτευμένος.
2883 2816 2901 2848 ι
2946 2799 3058 2851 Καὶ
3090 2796 3200 2866 γὰρ
3245 2794 3550 2864 προσλήψει
3586 2791 3785 2860 σαρκὸς
3807 2786 4015 2856 νοερῶς

2437 2891 2793 2961 ὲψυχωμένης
2827 2891 2873 2921 ⁸⁸
2915 2888 3130 2958 άληθῶς
3162 2886 3449 2956 ἄνθρωπος
3480 2882 3743 2949 γεγονὼς,
3766 2882 3795 2931 ὁ
3819 2880 4015 2945 διαφεο

2440 2984 2636 3054 ρόντως
2673 2982 3077 3051 φιλάνθρωπος,
3115 2980 3214 3049 τὴν
3254 2979 3311 3031 δὲ
3345 2977 3534 3047 θεῖκὴν
3577 2975 3863 3044 ἐνέργειαν
3890 2968 4017 3023 καθ’

2436 3077 2631 3129 ἕνωσιν
2669 3076 2908 3146 ἄρρητον
2935 3075 3000 3142 τῇ
3044 3070 3293 3140 συμφυτα
3330 3070 3371 3099 ⁹¹
3401 3067 3501 3135 τῆς
3540 3063 3810 3136 σαρκικῆς
3850 3063 4020 3130 ἐσχη-

753 3153 1006 3207 sentialis
1044 3162 1162 3207 erat
1205 3172 1217 3206 :
1271 3172 1289 3204 ι
1336 3170 1514 3223 neque
1555 3156 1792 3209 humana
1834 3167 1895 3212 ut
1928 3158 2121 3223 homo;
2166 3180 2183 3210 ι
2225 3178 2331 3214 non

2438 3165 2549 3222 κὼς
2592 3165 2982 3234 ἀνδρωθεῖσαν,
3020 3163 3119 3231 τὴν
3166 3160 3307 3230 ὑπὲρ
3357 3159 3519 3228 ἡμῶν
3569 3154 3887 3223 οξκονομίαν
3920 3168 4021 3203 πε-

753 3244 902 3296 enim
948 3252 1158 3297 tantum
1199 3254 1258 3298 ut
1294 3261 1454 3309 caro,
1488 3249 1780 3315 separatim
1820 3264 1849 3301 a
1885 3249 2117 3314 deitate,
2153 3268 2330 3322 neque

752 3338 901 3389 enim
929 3337 1092 3389 homo
1119 3346 1327 3391 tantum
1357 3355 1369 3390 :
1407 3358 1423 3386 ‹
1455 3338 1550 3392 sed
1577 3340 1719 3392 Deus
1740 3340 1915 3394 factus
1938 3342 2109 3394 homo
2134 3360 2328 3397 novam

756 3425 1053 3495 quamdam
1092 3425 1427 3479 dei-virilem
1462 3428 1838 3495 operationem
1875 3428 2161 3481 nobiscum
2196 3444 2331 3483 con-

755 3518 1028 3571 versando
1088 3518 1360 3573 exhibuit.
1420 3537 1437 3568 ι
1499 3518 1886 3586 Assumptione
1943 3520 2089 3572 enim
2151 3522 2333 3576 carnis

2438 3258 2696 3326 πλήρωκε
2727 3254 3078 3325 θεανδρικῶς,
3116 3254 3282 3321 ἤγουν
3314 3250 3511 3313 θεῖκῶς
3559 3251 3675 3318 ἅμα
3706 3247 3799 3299 καὶ
3834 3244 4023 3311 ἀνδρι-

2439 3348 2549 3409 κῶς
2576 3347 2645 3399 τά
2687 3362 2747 3397 τε
2788 3345 2908 3397 Θεία
2947 3345 3041 3396 καὶ
3071 3344 3141 3395 τὰ
3170 3342 3489 3412 ἀνθρώπινα
3520 3342 3746 3411 δράσας,
3782 3336 3814 3405 ἥ
3852 3333 4024 3400 σαφέ-

2440 3453 2631 3505 στερον
2664 3438 2857 3495 εἰπεῖν.
2890 3434 3076 3502 οεϊκὴν
3114 3436 3172 3487 ὲν
3224 3433 3405 3502 ταυτῷ
3446 3433 3540 3485 καὶ
3568 3428 3827 3499 ἀνδρικὴν
3866 3424 4026 3494 ἐνέρ-

2438 3544 2595 3594 γειαν
2628 3525 3105 3594 πεπολιτευμένος.

756 3619 939 3663 mente
970 3612 1259 3679 animaque
1291 3610 1531 3680 przeditte
1556 3626 1684 3664 vere
1718 3611 1883 3665 homo
1911 3610 2088 3664 factus
2116 3622 2200 3665 est
2232 3614 2321 3669 ille
2360 3633 2524 3687 supra
2562 3618 2787 3672 modum
2820 3633 2949 3687 erga
3018 3617 3270 3670 homines
3308 3615 3596 3679 benignus,
3660 3611 4026 3676 divinamqne

756 3702 1130 3769 operationem
1169 3702 1362 3756 uniens
1429 3700 1781 3755 incﬂ‘abiliter
1845 3701 2118 3764 humana},
2152 3719 2249 3772 per
2278 3709 2460 3761 carnis
2494 3708 2866 3771 eualitionem,
2900 3722 3001 3776 pro
3061 3707 3222 3759 nobis
3257 3704 3577 3772 adiinplevit
3648 3698 4028 3768 disjiensatio-

757 3804 882 3844 nem
922 3790 1269 3861 οεανδρὶκῶς,
1304 3793 1408 3846 hoc
1440 3800 1612 3846 estet
1648 3800 1905 3859 tanquam
1977 3790 2121 3845 Deus
2189 3802 2243 3847 et
2312 3805 2570 3865 tanquam
2617 3797 2802 3859 homo,
2872 3796 3170 3862 divinaque
3214 3802 3265 3845 et
3307 3793 3542 3845 humana
3587 3788 4027 3850 administravit,

757 3882 874 3945 vel,
902 3893 961 3935 ut
992 3883 1195 3937 clarius
1230 3883 1443 3951 loquar,
1474 3884 1592 3951 ejus
1632 3883 1818 3951 politia
1860 3882 2048 3937 divina
2086 3884 2245 3937 simul
2282 3894 2337 3938 et
2378 3887 2649 3942 humanas
2679 3887 3030 3958 operationes
3079 3882 3390 3939 exhibebat.

828 3994 964 4049 Cum
992 3996 1157 4065 igitur
1180 3996 1363 4050 divina
1387 4006 1441 4049 et
1467 3998 1703 4051 humana
1728 3998 1871 4050 inter
1892 4012 1951 4051 se
1974 3997 2145 4050 dividi
2168 3992 2332 4068 nega—

759 4087 853 4143 bat
886 4088 1106 4157 sapiens
1142 4089 1422 4157 magister,
1452 4087 1674 4157 quando
1705 4088 1964 4143 unionem
1998 4087 2330 4154 aliirmabat,

759 4196 871 4236 non
920 4181 1159 4235 nescivit
1206 4182 1357 4235 unita
1406 4181 1570 4235 etiam
1621 4181 1764 4234 inter
1806 4195 1863 4235 se
1906 4181 2157 4246 dill'erre;
2204 4182 2336 4235 unio

759 4275 911 4330 enim
946 4273 1275 4328 divisionem
1312 4288 1600 4327 removens
1632 4288 1742 4325 non
1778 4271 1963 4326 oﬂ'eeit
1991 4272 2334 4329 dili‘erenti:e.

762 4363 819 4419 Si
855 4374 1039 4419 autem
1067 4362 1393 4417 dill‘erentize
1426 4362 1697 4415 rationein
1729 4362 1953 4416 unionis
1984 4364 2180 4417 modus
2209 4380 2340 4418 con-

762 4462 969 4517 servat,
999 4470 1128 4509 sane
1162 4454 1251 4507 hic
1284 4468 1464 4507 sermo
1494 4452 1597 4505 viri
1631 4453 1803 4506 sancti
1842 4453 2178 4522 periphrasis
2210 4456 2338 4520 erit,

764 4558 861 4615 per
881 4560 1042 4614 quam
1068 4545 1332 4605 ostendit,
1359 4544 1499 4597 bene
1522 4545 1841 4613 congruenti
1871 4546 2141 4609 oratione,
2166 4546 2340 4616 dupli-

763 4649 883 4689 cem
916 4636 1297 4704 operationem
1334 4636 1387 4688 in
1422 4634 1642 4689 Christo
1667 4634 1802 4687 duas
1830 4642 2054 4689 naturas
2083 4635 2339 4691 habente.

766 4729 1033 4793 Quoniam
1082 4728 1231 4781 nullo
1276 4735 1434 4796 pacto
1481 4741 1577 4794 per
1622 4726 1906 4786 unionem,
1939 4725 2053 4779 sive
2094 4735 2344 4780 naturam

768 4827 984 4886 spectes
1047 4818 1161 4871 sive
1222 4816 1577 4884 qualitatem,
1624 4830 1811 4867 eorum
1874 4829 1995 4883 qua:
2050 4815 2344 4881 uniuntur,

766 4910 1081 4964 essentialis
1138 4908 1358 4963 laeditur
1407 4907 1566 4959 ratio.
1620 4907 1751 4968 Nec,
1794 4915 1852 4959 ut
1900 4907 2093 4960 volunt
2145 4908 2346 4977 aliqui,

767 5009 1010 5054 extrema
1042 4999 1293 5069 negando
1325 4999 1566 5051 medium
1598 4997 1871 5065 quoddam
1911 4996 2170 5063 afﬁrmat;
2213 4998 2348 5052 nihil

768 5092 915 5144 enim
946 5098 1031 5145 est
1060 5091 1301 5143 medium
1326 5090 1471 5159 quod
1504 5090 1571 5143 de
1599 5090 1821 5144 (\risto
1856 5104 1954 5157 per
1976 5096 2347 5143 extremorum

772 5182 1118 5248 negationem
1155 5180 1409 5235 allirmari
1447 5190 1646 5249 potest.
1687 5202 1703 5229 ι
1748 5180 1951 5233 Novam
1996 5199 2013 5230 ι
2056 5179 2210 5245 dixit,
2246 5181 2351 5235 hoc

774 5282 860 5323 est
887 5288 1086 5325 novum
1116 5272 1436 5344 mysterium
1468 5272 1885 5335 cliaracterizat,
1912 5274 2068 5343 cujus
2096 5275 2237 5329 ratio
2262 5285 2347 5329 est

777 5359 1071 5416 ineﬂ‘abilis
1092 5362 1287 5416 modus
1313 5361 1576 5415 naturalis
1600 5360 2023 5429 conjunctionis.
2042 5359 2176 5426 Quis
2196 5361 2343 5415 enim

2510 4002 2719 4055 Οὐκοῦν
2769 4003 3043 4070 ἀποφάσει
3072 4002 3169 4070 τῆς
3198 3999 3305 4052 τῶν
3330 3999 3491 4051 θείων
3512 3998 3607 4049 καὶ
3648 3995 4026 4064 ἀνθρωπίνων

2440 4093 2573 4161 πρὸς
2604 4093 2807 4162 ἄλληλα
2837 4092 3153 4161 διαιρέσεως
3183 4091 3278 4160 τὴν
3305 4088 3406 4155 τῆς
3430 4086 3676 4148 ὲνὼσεως
3703 4086 4034 4152 κατάφασιν

2440 4187 2467 4237 ὁ
2513 4186 2671 4252 σοφὸς
2702 4184 3068 4253 ποιησάμενος
3113 4184 3211 4252 τὴν
3266 4180 3501 4249 φυσικὴν
3552 4179 3660 4230 τῶν
3717 4178 4035 4247 ἡνωμένων

2441 4275 2702 4343 διαφορὰν
2730 4277 2832 4328 οὐκ
2855 4274 3139 4343 ἠγνόησεν·
3173 4274 3205 4340 ὴ
3236 4272 3343 4341 γὰρ
3384 4272 3579 4331 ’ἐνωσις
3618 4269 3715 4339 τὴν
3752 4267 4037 4335 διαίρεσιν

2444 4366 2784 4436 ἀπωσαμένη
2832 4365 2931 4435 τὴν
2964 4363 3225 4431 διαφορὰν
3271 4362 3371 4413 οὑκ
3399 4360 3691 4425 ἐλώϐησεν.
3730 4357 3793 4409 Εἰ
3828 4357 3893 4410 δὲ
3930 4355 4036 4426 τῆς

2439 4459 2702 4527 διαφορᾶς
2751 4458 2841 4510 τὸν
2887 4457 3043 4523 λόγον
3072 4458 3099 4507 ὁ
3138 4457 3235 4522 τῆς
3262 4453 3506 4514 ὲνὼσεως
3539 4453 3739 4521 τρόπος
3766 4450 3891 4518 ἔχει
3928 4467 4039 4502 σω-

2441 4549 2683 4619 ζόμενον,
2716 4548 2824 4618 ἄρα
2852 4548 2897 4578 ¹²
2932 4544 3260 4615 περίφρασίς
3298 4545 3444 4595 ἐστιν
3470 4545 3503 4612 ἡ
3525 4541 3620 4594 τοῦ
3654 4541 3810 4607 ἁγίου
3846 4539 4037 4611 φωνὴ,

2442 4638 2763 4707 καταλλήλῳ
2808 4636 3011 4708 κλήσει
3033 4633 3123 4687 τοῦ
3169 4631 3350 4687 διττοῦ
3382 4632 3426 4663 ’³
3461 4632 3558 4701 τὴν
3585 4630 3747 4699 φῦσιν
3777 4629 4038 4698 Χριστοῦ

2444 4726 2543 4797 τὴν
2571 4727 2752 4796 διττὴν
2782 4726 2828 4757 ’⁵
2860 4724 3299 4795 παραδηλοῦντος
3332 4722 3638 4792 ἐνέργειανο
3668 4722 3833 4787 εἴπερ
3866 4723 4041 4785 φύσει

2442 4835 2502 4870 τε
2529 4817 2573 4848 ’⁸
2600 4818 2691 4868 καὶ
2721 4815 2968 4885 ποιότητι
3024 4815 3145 4867 κατ’
3187 4813 3379 4865 οὐδένα
3429 4812 3629 4881 τρόπον
3667 4812 3732 4862 ἐκ
3768 4811 3882 4880 τῆς
3914 4811 4043 4863 ἐνώ·

2450 4925 2587 4970 σεως
2618 4910 2645 4959 ὁ
2675 4907 2782 4959 τῶν
2817 4904 3116 4976 ἡνωμένων
3174 4903 3439 4973 οὐσιώδης
3482 4902 3787 4972 μεμείωται
3846 4902 4039 4970 λόγος.

2460 4997 2598 5049 Ἀλλ’
2639 4997 2736 5065 οὐχ
2792 4995 2866 5058 ὣς
2914 5012 3021 5047 τινι
3046 4995 3129 5057 ³⁸,
3172 4993 3444 5060 ἀποφάσει
3489 4992 3597 5043 τῶν
3642 4991 3835 5062 ἄκρων
3892 4991 4045 5053 τινὸς

2453 5089 2616 5157 μέσου
2648 5087 2969 5157 ποιουμένου
2999 5087 3045 5118 ³⁷
3100 5084 3433 5152 κατάφασιν.
3484 5085 3597 5136 Οὐκ
3652 5083 3763 5136 ἔστι
3822 5085 3947 5155 γάρ
3996 5101 4047 5137 τι

2453 5180 2615 5251 μέσον
2646 5180 2737 5231 ἐπὶ
2767 5180 2811 5211 ³⁸
2837 5177 3097 5248 Χριστοῦ,
3129 5178 3195 5247 τῇ
3221 5176 3331 5229 τῶν
3355 5175 3542 5245 ἄκρων
3566 5176 3855 5243 ἀποφάσει
3873 5195 4051 5231 κατα-

2453 5270 2815 5339 φασκόμενον.
2855 5288 2873 5319 ι
2921 5267 3129 5337 Καινὴν
3167 5267 3285 5337 μὲν,
3325 5284 3343 5316 ι
3388 5266 3463 5327 ὡς
3501 5266 3692 5318 καινοῦ
3718 5270 4045 5338 μυστηρίου

2450 5360 2976 5432 χαρακτηριστικὴν,
2994 5354 3056 5413 οῦ
3083 5360 3238 5427 λόγος
3268 5358 3416 5412 ἐστὶν
3440 5359 3469 5411 ὁ
3492 5360 3817 5429 ἀπόρρητος
3837 5362 4047 5431 τρόπος

2084 5521 2324 5578 VARIIE
2366 5522 2765 5578 LECTIONES.

845 5655 885 5684 "
926 5651 1172 5722 ἀλλήλοις
1208 5654 1340 5722 Titum
1381 5654 1467 5706 ed.

778 5726 867 5779 ed.
900 5725 1016 5775 tial.
1073 5723 1126 5775 ln
1174 5724 1294 5776 eod.
1344 5725 1480 5777 Gud.
1540 5742 1567 5776 ει
1615 5740 1695 5791 pr.
1754 5740 1825 5776 Ill.
1888 5723 2229 5779 εδιτδιπλοῦ.

782 5797 897 5848 ΚΑΙ.

1728 5655 1773 5684 ²⁰
1819 5654 2216 5724 ἐμψυχωμένης
2236 5656 2321 5709 ed.
2347 5656 2461 5710 Gal.

2311 5729 2353 5758 ”‘
2382 5727 2568 5793 ὃικτὴν
2599 5725 2688 5779 ed.
2717 5725 2835 5777 Gal.

990 5794 1029 5823 '7
1084 5794 1397 5862 ποιουμένου
1436 5798 1553 5859 (sie)
1606 5794 1723 5847 t'ud.
1779 5795 1915 5847 Gud.
1957 5795 2273 5866 ποιούμενον
2308 5797 2394 5850 μό.
2431 5797 2546 5848 Hal.

2553 5660 2593 5688 "
2624 5656 2900 5724 συμφυείᾳ
2926 5654 3012 5707 ed.
3054 5654 3170 5707 Gal.
3234 5657 3278 5686 ”
3312 5650 3418 5722 ἆρα
3445 5655 3532 5707 ed.
3561 5655 3677 5710 Gal.

2917 5726 2961 5754 "
2997 5740 3078 5775 τε.
3129 5740 3235 5777 om.
3291 5724 3378 5779 ed.
3434 5724 3551 5779 Gal.

2621 5797 2665 5826 "
2701 5794 2815 5847 ἐστὶ
2843 5793 2929 5847 ed.
2964 5793 3077 5848 Gul.

3772 5658 3827 5689 "
3859 5658 4043 5714 δικτοῦ

3656 5728 3699 5756 ’δ
3740 5743 3907 5793 τινες
3956 5730 4041 5784 ed.
