4200 6440
200 383 338 451 1057

1441 392 1962 455 AMBIGUORUM
2004 397 2254 458 LIBER.

3311 408 3448 474 1058

196 503 300 566 τῇς
323 495 595 567 συμφυΐας
629 498 694 550 ⁸³.
725 498 818 562 Τίς
843 498 951 568 γὰρ
976 499 1115 566 ἔγνω
1148 496 1265 561 πῶς
1300 499 1593 569 σαρκοῦται
1624 500 1762 562 Θεὸς.

1881 503 2036 556 novit
2074 505 2352 572 quomodo
2390 506 2535 561 Deus
2574 509 2912 576 incarnatu‘r,
2946 519 3002 565 et
3041 519 3221 568 tamen
3269 529 3452 574 manet

195 590 296 641 καὶ
321 588 474 657 μένει
493 588 662 651 Θεόςς
700 589 817 654 πῶς
853 590 1026 660 μένων
1055 590 1189 652 Θεὸς
1224 590 1452 661 ἀληθὴς,
1489 590 1770 661 ἄνθρωπός

197 677 493 750 (1141³)
556 681 705 736 ἐστιν
755 681 1006 751 ἀληθής;
1073 682 1239 749 ἄμφω
1313 682 1526 743 δεικνὺς
1583 683 1771 734 ἑαυτὸν

196 767 419 836 ἀληθῶς
459 766 692 836 ὑπάρξει
735 772 962 845 φυσικῇ,
1005 771 1097 822 καὶ
1127 770 1193 822 δι’
1228 771 1496 840 ἐκατέρου
1525 770 1770 840 θάτερον,

194 859 296 912 καὶ
331 858 612 931 μηδετέρῳ
654 861 1014 930 τρεπόμενος.
1052 860 1236 914 Ταῦτα
1279 863 1412 930 μόνη
1451 862 1630 923 πίστις
1662 880 1769 930 χω-

195 955 305 1023 ρεῖ,
356 954 480 1022 σιγῇ
519 951 737 1022 τιμῶσα
769 953 862 1005 τὸν
893 953 1087 1021 Λόγον,
1123 949 1332 1016 οὗτινος
1365 957 1430 1024 τῇ
1475 953 1634 1021 φύσει
1664 953 1772 1004 τῶν

187 1044 366 1097 ὄντων
397 1046 685 1115 ἐμπέφυκε
739 1046 897 1113 λόγος
948 1047 1146 1108 οὐδείς.
1182 1065 1200 1096 ι
1237 1047 1573 1116 Θεανδρικὴν
1631 1066 1650 1098 ι
1690 1047 1769 1109 δὲ,

185 1138 293 1206 οὐχ
318 1136 395 1198 ὡς
434 1137 635 1206 ἁπλῆν,
667 1137 792 1192 οὐδὲ
836 1138 1072 1208 πρᾶγμά
1111 1155 1164 1190 τι
1197 1136 1472 1202 σύνθετον,
1499 1139 1593 1190 καὶ
1619 1140 1652 1209 ἢ
1676 1141 1773 1209 μό⁴

187 1245 290 1298 νης
333 1228 548 1298 γυμνῆς
597 1228 743 1283 κατὰ
784 1229 946 1298 φύσιν
994 1229 1283 1298 θεότητος,
1318 1230 1350 1299 ἢ
1401 1230 1568 1299 μόνης
1608 1231 1770 1301 ψιλῆς

186 1322 550 1392 ὑπάρχουσαν
581 1321 1002 1392 άνθρωπότητος
1023 1362 1038 1385 ,
1069 1321 1102 1392 ἢ
1141 1321 1379 1390 συνθέτῳ
1414 1319 1574 1390 φύσει
1607 1323 1770 1374 τινῶν

183 1413 376 1482 ἄκρων
425 1413 736 1483 μεταιχμίῳ
793 1414 1219 1483 προσήκουσαν,
1273 1413 1389 1467 ἀλλ’
1442 1412 1768 1482 ἀνδρωθέντι

183 1503 331 1572 Θεῷ.
372 1505 619 1558 τουτέστι
653 1503 877 1568 τελείως
926 1505 1436 1576 ἐνανθρωπήσαντι,
1494 1522 1768 1576 προσφυε-

185 1597 414 1663 στάτην.
449 1596 572 1648 Οὐδ’
625 1591 692 1648 αὖ
751 1595 914 1649 πάλιν
954 1595 1103 1665 μίαν,
1153 1594 1232 1659 ὡς
1279 1597 1379 1648 οὐκ
1411 1595 1476 1649 ἂν
1508 1596 1552 1628 ³ο
1594 1596 1768 1660 ἄλλως

183 1687 449 1759 νοηθῆναι
497 1708 516 1740 ι
549 1689 648 1758 τῆς
682 1689 877 1758 καινῆς
909 1708 928 1739 ι
969 1687 1113 1741 καθά
1145 1704 1286 1740 τισιν
1310 1686 1509 1751 ἔδοξεν,
1537 1688 1569 1746 ἣ
1597 1706 1614 1738 ‹
1639 1690 1766 1757 μιᾶς

1876 593 2054 647 Deus?
2075 600 2353 664 quomodo
2381 609 2598 653 maneat
2622 601 2766 654 Deus
2790 617 2968 666 verus,
2988 614 3044 659 et
3069 620 3231 660 verus
3253 607 3444 673 homo,

1874 688 2171 742 os:endens
2196 704 2254 743 se
2279 707 2408 745 vere
2437 706 2559 746 esse
2588 701 2884 763 utrumque
2915 698 3152 751 naturali
3181 699 3448 754 exsisten-

1877 779 1970 842 lia,
1987 789 2044 833 et
2068 795 2164 848 per
2183 783 2506 836 alterutrum
2532 794 2824 855 utrumque
2852 787 2904 839 in
2933 798 3128 841 neutro
3148 791 3450 847 alteratus?

1877 868 2000 922 llaec
2047 870 2181 924 ﬁdes
2227 875 2342 926 sola
2392 876 2566 944 capit,
2604 878 2824 933 silentio
2863 895 3134 934 venerans
3175 882 3444 950 Verbum,

1873 963 2031 1030 cujus
2059 975 2270 1019 natura:
2300 968 2451 1020 nulla
2486 968 2540 1020 in
2574 969 2740 1024 rebus
2775 971 2976 1025 creatis
3008 967 3189 1026 oratio
3221 988 3448 1044 respon-

1873 1051 1984 1104 det.
2011 1053 2368 1126 Θεανδρικὴν,
2403 1080 2419 1104 ο
2458 1057 2818 1123 dei-virilem,
2849 1080 2867 1111 ›
2900 1061 3132 1127 addidit,
3159 1079 3270 1118 non
3300 1067 3447 1134 quod

1873 1143 2141 1213 intelligat
2179 1147 2264 1200 vel
2309 1147 2613 1216 simplicem
2672 1153 3077 1219 Operationem,
3139 1157 3223 1209 vel
3266 1157 3447 1226 reipsa

1871 1234 2252 1300 compositam,
2283 1252 2384 1290 nec
2425 1238 2606 1292 adhuc
2652 1254 2772 1293 eam
2812 1256 2933 1308 qua:
2973 1243 3144 1297 solius
3176 1246 3447 1314 nudaeque

1869 1330 2015 1376 esset
2049 1321 2297 1389 deitatis,
2325 1338 2420 1382 aut
2453 1329 2624 1383 solius
2656 1338 2712 1384 et
2741 1347 2906 1386 mera:
2938 1333 3324 1403 humanitatis,
3351 1347 3448 1392 aut

1870 1421 2148 1481 postremo
2182 1427 2393 1472 natura
2424 1422 2710 1491 cujusdam
2745 1427 3083 1494 compositae,
3111 1443 3234 1496 qua!
3268 1429 3445 1484 media

1867 1513 2014 1559 esset
2049 1505 2194 1560 inter
2224 1507 2337 1562 duo
2374 1522 2618 1566 extrema
2656 1533 2670 1568 :
2705 1517 2800 1570 sed
2839 1532 2959 1570 eam
2994 1534 3117 1588 quae
3149 1521 3445 1576 naturalis-

1867 1593 2002 1648 silne
2029 1607 2368 1667 competeret
2395 1601 2508 1657 Deo
2539 1604 2917 1670 inhumanato,
2944 1609 3048 1663 hoc
3081 1619 3166 1663 est
3194 1611 3288 1680 qui
3321 1627 3446 1681 per—

1866 1681 2008 1738 fecte
2033 1684 2210 1742 factus
2265 1698 2350 1744 est
2404 1692 2589 1746 homo.
2632 1695 2847 1750 Rursus
2907 1714 3070 1752 unam
3121 1699 3292 1764 dixit,
3332 1716 3444 1754 non

178 1779 514 1850 δυναμένης·
553 1798 574 1832 ι
604 1781 891 1850 ποιότητος
941 1779 1070 1848 γὰρ,
1118 1777 1233 1831 ἀλλ’
1284 1778 1345 1831 οὐ
1392 1779 1686 1846 ποσότητος
1733 1778 1762 1847 ἡ

1869 1781 2050 1830 tamen
2085 1777 2156 1832 ita
2185 1795 2249 1834 ac
2274 1782 2318 1834 si
2373 1798 2514 1838 nova
2547 1805 2562 1835 ι
2594 1789 2844 1855 operatio
2868 1804 2974 1844 non
3004 1801 3190 1859 posset
3211 1792 3444 1862 intelligi

187 1889 207 1922 ι
260 1845 546 1942 καινότης·
608 1889 626 1921 ι
683 1845 808 1924 ἐπεὶ
859 1845 962 1923 καί
991 1845 1154 1940 φύσιν
1191 1869 1249 1936 ἐξ
1305 1870 1549 1940 ἀνάγκης
1582 1845 1762 1939 ἐαυτῇ

1871 1868 1974 1922 nisi
2006 1885 2125 1938 per,
2154 1887 2340 1936 unam,
2376 1895 2393 1925 ι
2430 1884 2488 1929 ut
2514 1881 2797 1934 nonnullis
2825 1882 3035 1950 placet;
3068 1899 3193 1938 nam
3219 1885 3286 1939 ad
3311 1900 3445 1954 qua-

179 1961 493 2027 συνεισάξει
524 1962 783 2033 τοιαύτην
806 1978 821 1994 ο
882 1960 1045 2033 εἴπερ
1078 1961 1258 2030 πάσης
1315 1960 1530 2030 φύσεως
1580 1963 1704 2029 ὄρος
1737 1963 1765 2014 6

178 2049 281 2122 τῆς
316 2049 610 2113 ούσιὼδους
645 2050 814 2120 αὐτῆς
840 2049 1120 2119 ἐνεργείας
1153 2048 1459 2117 καθέστηκε
1489 2049 1666 2114 λόγος,
1697 2047 1765 2118 ἥν

177 2139 243 2194 οὐ
272 2139 471 2208 διπλῆν
512 2138 554 2170 ³³
589 2138 734 2192 είποι
791 2139 835 2169 ³¹
888 2138 1006 2192 ποτ’
1054 2137 1120 2191 ἂν
1168 2137 1528 2208 τραγελάφων
1573 2135 1766 2205 μύθοις

177 2229 657 2300 φιλοτιμούμενος.
727 2228 853 2292 Πῶς
913 2229 967 2282 δὲ
1027 2230 1120 2282 καὶ
1177 2229 1366 2282 τούτου
1429 2227 1674 2290 δοθέντος
1737 2230 1764 2281 6

175 2319 344 2375 τοῦτο
386 2319 651 2390 πεφυκὼς
704 2321 836 2390 μίαν
883 2319 1022 2390 ἔχων
1070 2319 1374 2389 ἐνέργειαν,
1405 2319 1498 2373 καὶ
1556 2317 1762 2389 ταύτην

177 2413 456 2482 φυσικὴν,
502 2413 805 2466 ἐπιτελέσει
856 2415 922 2482 τῇ
968 2412 1105 2482 αὐτῇ
1139 2411 1208 2464 τὰ
1258 2410 1510 2481 θαύματα
1553 2411 1648 2463 καὶ
1693 2410 1762 2464 τὰ

176 2503 356 2576 πάθη.
387 2503 534 2574 λόγῳ
567 2503 786 2572 φύσεως
825 2503 1070 2573 ἀλλήλων
1100 2502 1447 2572 διαφέροντα,
1476 2501 1598 2571 δίχα
1641 2517 1762 2554 στε⁶

177 2597 398 2669 ρήσεως
425 2594 941 2666 ἐπισυμδαινούσης
977 2597 1042 2665 τῇ
1071 2593 1392 2662 άπογενέσει
1429 2592 1528 2662 τῆς
1555 2594 1717 2659 ἕξεως
1742 2609 1758 2660 ;

174 2687 350 2742 Οὐδὲν
372 2687 484 2758 γὰρ
527 2687 636 2740 τῶν
664 2686 834 2739 ὄντων
867 2687 966 2756 μιᾷ
998 2687 1090 2738 καὶ
1116 2687 1181 2755 τῇ
1214 2685 1352 2754 αὐτῇ
1386 2685 1636 2755 ἐνεργείᾳ
1663 2684 1760 2738 τά-

172 2780 373 2834 ναντία
402 2778 620 2848 πέφυκε
665 2778 817 2848 δρᾷν,
853 2779 964 2848 ὅρῳ
997 2794 1056 2830 τε
1105 2778 1202 2830 καὶ
1229 2777 1372 2846 λόγῳ
1405 2776 1761 2845 συνεχόμενον

175 2872 418 2936 φύσεως.
464 2871 558 2924 Διὸ
610 2870 740 2940 μίαν
790 2868 976 2932 ἁπλῶς
1020 2867 1055 2938 ἢ
1099 2867 1334 2938 φυσικὴν
1383 2869 1475 2919 ἐπὶ
1523 2865 1759 2937 Χριστοῦ

174 2966 440 3034 θεότητος
471 2963 564 3017 καὶ
596 2961 798 3034 σαρκὸς
831 2961 1118 3030 ἐνέργειαν
1145 2952 1326 3028 λέγειν
1363 2958 1424 3012 ού
1469 2958 1647 3028 θέμις,
1679 2959 1760 3010 εῖ-

173 3075 289 3130 περ
304 3060 382 3128 μὴ
406 3056 600 3111 ταυτὸν
628 3056 876 3126 ποιότητι
897 3055 1100 3123 φυσικῇ
1132 3053 1324 3122 θεότης
1341 3051 1435 3104 καὶ
1460 3051 1617 3121 σὰρξ,
1638 3050 1760 3102 ἐπεὶ

171 3151 276 3203 καὶ
302 3148 486 3218 φύσιν,
515 3149 612 3203 καὶ
636 3149 926 3246 γενήσεται
954 3145 1152 3246 τετρὰς
1199 3143 1452 3246 1(115
1486 3145 1542 3246 α)
1574 3142 1755 3246 τριάςζ
1784 3189 1826 3246 c

171 3238 319 3293 οὕτε
352 3238 460 3309 γὰρ
482 3239 624 3292 κατὰ
655 3237 837 3307 φύσιν,
868 3233 993 3290 οὔτε
1023 3233 1166 3288 κατὰ
1193 3233 1447 3302 δύναμιν,
1481 3232 1605 3286 οὔτε
1635 3235 1755 3286 κατ’

171 3330 484 3403 ἐνέργειαν,
515 3329 708 3398 γέγονε
739 3326 962 3386 ταυτὸν.
995 3325 1151 3396 φησὶ,
1178 3327 1244 3395 τῇ
1277 3325 1440 3395 σαρκί
1468 3325 1533 3378 ³⁸.
1570 3324 1758 3377 Ούδενὶ

171 3420 286 3491 γὰρ
326 3414 370 3487 ᾧ
431 3418 676 3490 πέφυκεν
729 3414 871 3470 εἶναι
911 3416 999 3470 διὰ
1043 3417 1144 3486 τὴν
1196 3415 1328 3486 μίαν
1361 3415 1550 3467 οὐσίαν
1582 3415 1758 3486 Πατρὶ

171 3511 276 3563 καὶ
295 3509 573 3580 Πνεύματι
596 3507 792 3562 ταυτὸν
822 3507 850 3558 6
888 3506 1034 3566 Υἱὸς,
1063 3501 1252 3572 γέγονε
1281 3503 1475 3555 ταυτὸν
1501 3505 1567 3573 τῇ
1596 3501 1758 3573 σαρκὶ

169 3603 268 3658 διὰ
295 3603 393 3674 τὴν
418 3603 636 3665 ἕνωσιν,
672 3598 776 3653 κᾶν
807 3599 1109 3668 πεποίηκεν
1135 3595 1308 3667 αὐτὴν
1328 3594 1592 3660 ζωοποιὸν
1624 3591 1755 3646 ἐνώ-

172 3710 267 3748 σιι
292 3695 360 3764 τῇ
392 3691 529 3763 πρὸς
570 3690 754 3755 αὑτὸν,
780 3689 1010 3758 ἔχουσαν
1049 3686 1111 3739 τδ
1143 3685 1304 3755 φύσει
1341 3685 1558 3757 θνητόν.
1606 3684 1757 3736 Ἐπεὶ

171 3785 277 3839 καὶ
312 3783 554 3856 τρεπτῆς
593 3781 856 3851 ὑπάρχων
893 3777 1234 3849 δειχθήσεται
1269 3777 1507 3847 φύσεως,
1541 3775 1635 3828 καὶ
1658 3776 1757 3847 τὴν

169 3875 368 3930 οὐσίαν
405 3874 505 3946 τῆς
548 3872 750 3944 σαρκὸς
792 3873 872 3935 εἰς
916 3871 1054 3942 ὅπερ
1081 3869 1181 3922 ούκ
1208 3863 1276 3940 ἦν
1305 3867 1628 3932 ἀλλοιώσας,
1663 3869 1758 3920 καὶ

179 3967 385 4021 ταυτὸν
419 3963 738 4036 πεποιηκὼς
792 3966 858 4034 τῇ
909 3962 1067 4031 φύσει
1112 3961 1211 4030 τὴν
1256 3959 1474 4014 ἕνωσιν.
1504 3959 1618 4029 Τὴν
1646 3959 1756 4030 γάρ

173 4055 506 4128 θεανδρικὴν
559 4053 862 4125 ἐνέργειαν,
899 4051 973 4113 ὡς
1025 4049 1264 4120 ἀπεδόθη
1328 4050 1635 4120 νοήσωμεν·
1669 4049 1756 4126 ,ἢν

169 4154 313 4222 ἡμῖν
345 4153 446 4223 οὐχ
479 4149 656 4220 ἐαυτῷ
675 4147 1138 4216 πολιτευσάμενος
1169 4144 1268 4213 τὴν
1292 4143 1454 4211 φύσιν
1487 4145 1597 4206 τοῖς
1613 4142 1755 4213 ὑπὲρ

173 4245 348 4315 φύσιν
385 4243 625 4296 ἐκαίνισε
648 4241 714 4296 ³⁵.
753 4239 1004 4294 Πολιτεία
1045 4238 1153 4308 γάρ
1196 4239 1312 4290 ἐστι
1347 4236 1461 4307 βίος
1496 4234 1638 4288 κατὰ
1665 4235 1754 4288 νό-

177 4352 284 4405 μον
346 4331 562 4402 φύσεως
615 4329 1020 4400 διεξαγόμενος.
1091 4327 1326 4390 Διπλοῦς
1376 4327 1430 4379 δὲ
1469 4324 1544 4379 ὢν
1579 4325 1623 4357 ³⁸
1650 4325 1748 4396 τὴν

172 4425 345 4494 φύσιν
371 4424 400 4476 6
428 4422 651 4494 Κύριος,
683 4422 908 4484 εἰκότως
943 4420 1056 4490 βίον
1097 4419 1236 4490 ἔχων
1285 4419 1461 4489 ἐφάνη
1487 4417 1752 4488 κατάλληο

1867 1956 2098 2024 litatem,
2123 1977 2232 2016 non
2262 1980 2392 2019 vero
2426 1968 2492 2021 ad
2525 1971 2888 2036 quantitatem
2925 1975 3199 2044 καινότης,
3231 1997 3250 2028 ‹
3287 1977 3446 2032 inno-

1866 2049 2045 2114 vatio,
2079 2070 2097 2102 ι
2134 2055 2403 2122 pertinet,
2429 2060 2689 2126 quoniam
2726 2073 2978 2117 naturam
3013 2069 3326 2122 necessario
3359 2069 3444 2123 in-

1865 2139 2020 2197 ducit
2047 2144 2244 2209 talem;
2276 2162 2400 2200 nam
2428 2150 2608 2203 omnis
2638 2161 2846 2206 naturae
2869 2153 3118 2210 deﬁnitio
3141 2160 3350 2226 petitur
3371 2159 3442 2214 ab

1864 2234 1985 2304 ejus
2011 2236 2322 2292 essentialis
2347 2241 2686 2307 operationis
2716 2245 2946 2308 ratione,
2972 2262 3135 2315 quam
3162 2248 3441 2319 duplicem

1863 2339 1983 2380 esse
2015 2341 2085 2381 ne
2121 2325 2165 2381 is
2192 2329 2414 2396 quidem
2449 2330 2649 2386 dixerit
2677 2335 2770 2402 qui
2807 2337 3251 2406 tragelaphorum
3285 2339 3443 2395 fabu-

1862 2416 1943 2472 las
1972 2420 2338 2488 amplectitur.
2369 2422 2504 2483 lmo,
2534 2423 2638 2478 hoc
2664 2425 2814 2483 dato.
2847 2429 2971 2482 talis
2992 2429 3087 2498 qni
3118 2430 3303 2497 fuerit,
3333 2447 3440 2486 una

1866 2518 2076 2563 tantum
2117 2513 2459 2580 operatione,
2489 2529 2664 2584 eaque
2707 2519 2942 2572 naturali
2987 2521 3268 2588 pmrlitus,
3297 2539 3440 2592 quo.

1863 2599 2028 2653 modo
2071 2617 2168 2670 per
2203 2618 2324 2657 eam
2367 2611 2423 2658 ct
2464 2606 2727 2661 miracula
2764 2611 3138 2678 et-passiones
3173 2614 3436 2678 ostendit,

1819 2770 1823 2773 Ι
1863 2707 2098 2761 quorum
2126 2695 2269 2748 ratio
2299 2696 2627 2751 naturaliter
2654 2699 2890 2754 multum
2922 2701 3140 2758 diversa
3172 2715 3278 2770 est,
3305 2708 3439 2774 quin

1863 2782 2083 2838 habitus
2128 2785 2541 2854 corruptionem
2587 2787 2822 2856 privatio
2865 2800 3255 2860 consequatur.
3289 2793 3437 2848 Nihil

1860 2875 2008 2927 enim
2041 2885 2127 2929 est
2157 2875 2305 2944 quod
2339 2892 2445 2931 una
2478 2878 2784 2948 eademque
2811 2883 3132 2950 operatione
3163 2888 3440 2941 contraria

1863 2973 2044 3035 potest
2071 2967 2307 3034 efﬁcere,
2342 2969 2387 3022 si
2427 2979 2646 3024 maneat
2675 2971 2818 3026 intra
2857 2989 2970 3028 sua:
3004 2986 3213 3032 natura-
3250 2981 3440 3033 termi-

1863 3073 1994 3111 num
2029 3067 2086 3112 et
2113 3058 2401 3114 rationem.
2430 3059 2777 3130 Quapropter
2805 3079 2916 3118 non
2945 3073 3031 3120 est
3059 3066 3141 3121 fas
3168 3067 3438 3126 aﬂirmare

1861 3146 1931 3200 de
1961 3147 2166 3202 Christi
2199 3148 2402 3203 deitate
2432 3159 2487 3204 et
2519 3166 2682 3206 carne
2713 3167 2880 3207 unam
2909 3154 3231 3225 simpliciter
3253 3170 3310 3213 et
3337 3176 3435 3214 na-

1861 3240 2096 3294 turalem
2125 3243 2526 3309 operationem,
2558 3243 2605 3297 si
2642 3244 2805 3298 modo
2842 3237 2995 3301 idem'
3018 3263 3130 3302 non
3165 3249 3233 3305 sit
3267 3267 3437 3320 penes

1860 3331 2177 3399 qualitatem
2231 3335 2536 3389 naturalem
2587 3334 2765 3390 deitas
2815 3346 2872 3390 et
2922 3353 3070 3393 caro.
3123 3339 3237 3396 Hoc
3285 3344 3434 3396 enim

1859 3428 2017 3489 pacto
2039 3429 2095 3474 et
2117 3437 2279 3475 unam
2306 3431 2560 3478 naturam
2584 3422 2996 3492 aﬂirmabimus,
3017 3437 3076 3483 et
3098 3430 3319 3484 trinitas
3343 3431 3437 3487 ﬁet

1858 3511 2217 3579 quaternitas.
2245 3512 2415 3568 Filius
2442 3513 2590 3569 enim
2623 3515 2769 3571 idem
2801 3527 2923 3572 erat
2949 3518 3093 3574 Patri
3125 3529 3181 3575 et
3204 3521 3435 3591 Spiritui

1858 3618 1957 3672 per
1983 3603 2247 3658 unitatem
2277 3606 2552 3672 essentia,
2579 3607 2676 3662 sed
2705 3623 2814 3662 non
2845 3608 2951 3663 fuit
2979 3610 3126 3666 idem
3155 3613 3305 3667 carni
3338 3629 3438 3682 per

1858 3694 2140 3759 unionem,
2166 3697 2382 3752 etiamsi
2403 3696 2676 3753 viviﬁcam
2706 3715 2826 3755 eam
2852 3701 3002 3765 fecit,
3028 3717 3152 3757 cum
3182 3718 3301 3758 eam
3327 3706 3435 3760 sibi

1857 3785 2067 3852 uniret;
2104 3787 2297 3842 habuit
2327 3789 2475 3844 enim
2506 3805 2572 3846 ea
2607 3789 2662 3846 in
2696 3807 2755 3846 se
2786 3793 2964 3847 adhuc
2999 3794 3282 3849 mortalem
3319 3812 3437 3850 sor-

1858 3884 1988 3931 tem.
2016 3877 2081 3932 Et
2106 3877 2221 3945 ipse
2251 3876 2509 3934 Christus
2540 3890 2749 3936 natura:
2778 3883 3059 3938 mutabilis
3081 3882 3251 3940 fuisse
3280 3901 3437 3955 repe-

1858 3968 2060 4031 rietur;
2096 3968 2262 4023 etiam
2290 3970 2474 4024 carnis
2502 3971 2801 4027 essentiam
2827 3973 2890 4027 in
2917 3973 2973 4028 id
3001 3975 3149 4044 quod
3176 3990 3286 4030 non
3315 3987 3436 4032 erat

1857 4060 2113 4124 mutavit,
2139 4069 2196 4116 et
2227 4061 2486 4116 unionem
2519 4078 2643 4118 cum
2678 4075 2878 4120 natura
2914 4065 3216 4120 identidem
3253 4069 3437 4122 conci-
3487 4072 3499 4079 ’

1856 4149 2029 4204 liavit.
2052 4151 2482 4208 Consideremus
2504 4154 2653 4207 enim
2676 4153 3006 4210 dei-virilem
3035 4157 3432 4224 Operationem,

1855 4240 2035 4308 qualis
2077 4240 2360 4309 apparuit;
2404 4250 2554 4296 certe
2598 4258 2708 4297 non
2751 4243 2868 4308 sui,
2902 4244 2997 4297 sed
3043 4245 3216 4299 nostri
3259 4248 3439 4323 gratia

1857 4329 1948 4383 hie
1986 4337 2239 4385 versatus
2279 4339 2393 4394 est,
2432 4340 2795 4402 naturamque
2845 4332 2910 4387 ad
2963 4336 3439 4402 supernaturalem

1857 4419 2230 4475 conditionem
2263 4422 2466 4477 evexit.
2495 4421 2614 4477 Jam
2651 4423 2844 4492 politia
2876 4433 2961 4478 est
2993 4425 3101 4478 vita
3131 4425 3438 4483 secundum

171 4516 290 4579 λον,
328 4515 479 4585 νόμῳ
507 4531 566 4567 τε
597 4512 727 4584 θείῳ
769 4515 865 4565 καὶ
910 4509 1260 4582 ἀνθρωπίνῳ,
1302 4510 1442 4562 κατὰ
1480 4509 1676 4562 ταυτὸν
1707 4509 1753 4541 ³⁸

1860 4521 2069 4566 natura:
2103 4512 2252 4582 leges
2288 4513 2572 4578 traducta;
2609 4521 2666 4580 e_t
2696 4513 2952 4568 Christus
2986 4523 3182 4568 natura
3214 4523 3299 4570 est
3327 4516 3436 4570 du-

171 4604 502 4674 ἀσυγχύτως
530 4603 1065 4673 συγκεκροτημένονο
1094 4600 1282 4654 καινὸν
1321 4600 1416 4653 καὶ
1433 4599 1618 4666 αὐτὸν.
1655 4599 1753 4670 οὐχ

172 4696 255 4758 ὼς
291 4695 454 4765 μόνον
507 4693 656 4760 ξένον
698 4697 813 4757 τοῖς
864 4693 958 4745 ἐπὶ
1007 4692 1113 4762 γῆς
1166 4693 1261 4744 καὶ
1294 4690 1619 4762 παράδοξον,
1661 4692 1754 4744 καὶ

173 4781 335 4834 οὔπω
377 4784 441 4852 τῇ
481 4781 642 4850 φύσει
697 4780 804 4834 τῶν
837 4781 1011 4835 όντων
1039 4779 1458 4848 διεγνωσμένον,
1489 4779 1624 4832 ἀλλὰ
1662 4783 1754 4833 καὶ

173 4875 508 4945 χαρακτῆρα
536 4875 727 4944 καινῆς
752 4872 847 4926 τοῦ
877 4872 1081 4935 καινῶς
1113 4871 1410 4943 βιώσαντος
1451 4871 1752 4942 ἐνεργείας.

179 4965 291 5018 Ἦν
325 4963 646 5036 θεανδρικὴν
691 4966 849 5034 τυχὸν
881 4966 1322 5035 προσηγόρευσεν
1357 4966 1386 5016 6
1436 4962 1513 5033 τῷ
1554 4979 1758 5033 μυστη-

175 5055 286 5128 ρίῳ
319 5055 495 5126 τούτῳ
533 5057 730 5125 κλῆσιν
785 5059 1077 5126 ἐπινοήσας
1132 5055 1410 5127 ἁρμόδιον,
1461 5055 1546 5106 ἵνα
1609 5053 1760 5125 δείξῃ

171 5147 272 5202 τὸν
306 5147 446 5202 κατὰ
473 5149 569 5220 τὴν
592 5149 903 5220 ἀπόρρητον
932 5146 1129 5200 ἕνωσιν
1159 5146 1258 5214 τῆς
1283 5145 1607 5208 ἀντιδόσεως
1635 5145 1760 5216 τρό-

173 5257 306 5305 πον,
365 5240 488 5293 κατ’
525 5241 842 5312 ἐπαλλαγὴν
887 5241 958 5293 τὰ
1009 5239 1254 5309 φυσικῶς
1298 5238 1545 5308 ἐκατέρῳ
1604 5237 1761 5308 μέρει

171 5333 276 5386 τοῦ
315 5332 554 5406 Χριστοῦ
604 5332 877 5405 προσόντα
907 5332 1122 5402 θατέρῳ
1150 5331 1540 5400 πεποιημένον,
1588 5329 1758 5399 χωρὶς

171 5424 281 5496 τῆς
320 5426 586 5494 ἐκατέρου
620 5423 818 5495 μέρους
856 5423 991 5493 πρὸς
1035 5421 1269 5493 θάτερον
1301 5418 1446 5474 κατὰ
1478 5419 1569 5472 τὸν
1596 5417 1755 5486 φύσει

1857 4603 1985 4674 plex
2011 4620 2026 4658 :
2053 4603 2252 4659 merito
2277 4604 2444 4674 igitur
2468 4605 2635 4660 vitam
2660 4621 2815 4660 suam
2841 4605 3084 4661 ostendit
3105 4604 3211 4676 legi
3237 4605 3439 4662 divinae

1859 4703 1916 4750 et
1942 4694 2049 4765 legi
2081 4696 2334 4750 humana:
2361 4704 2779 4766 congruentem,
2808 4705 2865 4752 et
2892 4697 2959 4752 ad
2992 4707 3284 4766 utramque
3316 4699 3437 4754 sine

1861 4785 2186 4840 confusione
2211 4795 2697 4856 contemperatam.
2723 4788 2872 4842 Nova
2897 4789 3006 4842 vita
3033 4787 3156 4846 fult.
3178 4803 3289 4842 non
3319 4798 3440 4842 tan-

1864 4886 1982 4932 tum
2012 4877 2287 4948 incognita
2313 4887 2369 4932 et
2391 4879 2532 4933 mira
2556 4894 2749 4933 eorum
2782 4888 3035 4949 respectu
3065 4879 3157 4947 qni
3189 4880 3244 4932 in
3277 4880 3440 4935 terris

1864 4977 1996 5022 tunc
2041 4978 2202 5022 erant
2245 4977 2303 5023 et
2347 4969 2532 5023 adhuc
2581 4985 2766 5024 rerum
2814 4977 3012 5022 natura
3064 4967 3436 5038 incomperta,

1861 5073 2054 5111 verum
2091 5058 2256 5112 etiam
2295 5059 2558 5129 quoniam
2595 5060 2882 5115 character
2910 5071 3031 5117 erat
3065 5077 3217 5116 nova:
3249 5064 3436 5132 cujus-

1860 5146 1988 5201 dam
2021 5149 2382 5217 operationis,
2414 5153 2534 5220 ejus
2563 5151 2658 5220 qui
2695 5167 2838 5206 novo
2872 5152 2980 5206 ritu
3013 5153 3253 5208 vivebat.
3289 5153 3438 5209 Hanc

1859 5237 2000 5292 forte
2029 5239 2124 5308 qui
2157 5239 2368 5307 primus
2399 5240 2526 5293 huic
2562 5245 2822 5312 mysterio
2853 5242 3274 5313 appellationem
3309 5258 3438 5298 eon-

1857 5330 2171 5385 venientem
2191 5331 2538 5400 excogitavit,
2561 5352 2578 5383 ι
2602 5333 2932 5388 dei-virilem
2956 5353 2974 5385 ι
3003 5333 3161 5399 dixit,
3177 5344 3236 5388 ut
3254 5343 3411 5390 osten

1858 5419 2016 5474 deret
2060 5422 2284 5475 modum
2330 5423 2482 5476 illum
2519 5424 3033 5479 communicationis
3076 5425 3132 5478 in
3171 5424 3435 5480 ineffabili

1450 5550 1686 5607 VARIE
1728 5551 2130 5610 LECTIONES.

251 5650 298 5682 ”
352 5667 504 5719 συμφ

177 5717 488 5791 ουιιχϐυθέ
529 5720 736 5791 ξίφεῖπῃ
764 5718 1011 5791 ed.-_Gal.

179 5789 274 5845 ed.
306 5788 422 5846 Gal.
524 5789 568 5822 ³⁸
588 5790 664 5845 ὢν
695 5788 804 5843 om.
836 5789 924 5845 ed.
956 5788 1074 5845 Gal.

509 5651 660 5712 υείας
705 5649 830 5732 ed._
858 5649 986 5732 Gal.
1035 5647 1138 5732 Uti
1163 5657 1514 5732 constanter.
1580 5645 1642 5732 "°
1693 5647 1770 5710 ὡς
1825 5646 1930 5700 κᾶν
1971 5647 2058 5732 ed.
2111 5646 2229 5732 Gal.
2343 5648 2384 5680 ³²
2423 5649 2483 5702 ού
2511 5649 2707 5732 διπλῆν
2741 5649 2833 5730 ed.
2869 5648 2986 5732 βοὶ.
3013 5648 3145 5732 ρὺδξ
3182 5670 3194 5732 ρ

1094 5719 1139 5752 ³⁸
1163 5718 1340 5774 Verba
1372 5715 1508 5788 Ούτε
1532 5715 1640 5788 γὰρ
1657 5747 1828 5788 -μ-έ-
1860 5743 1932 5756 —-
1957 5720 2021 5788 τῇ
2050 5720 2216 5788 σαρκὶ
2250 5734 2358 5773 ηοη
2389 5715 2710 5788 comparent
2740 5719 2792 5773 in
2816 5719 2905 5774 ed.
2931 5719 3048 5772 Gal.
3105 5719 3150 5751 “
3179 5715 3433 5787 ὲκαίνησε

1162 5789 1208 5822 ³⁸
1238 5789 1357 5842 κατ’
1390 5786 1554 5839 αὑτὸν
1574 5785 1663 5840 ed.
1709 5785 1828 5842 Gal.

2343 5648 2384 5680 ³²
2423 5649 2483 5702 ού
2511 5649 2707 5718 διπλῆν
2746 5649 2833 5704 ed.
2871 5648 2986 5704 Gal.
3019 5648 3138 5701 ούδέ
3190 5647 3435 5716 πλάστης
