4200 6440
727 358 864 422 Ῐο59

1875 360 1935 419 S.
1974 357 2264 420 ΜΑΧΙΜΙ
2303 355 2815 418 CONFESSORIS

3851 347 4008 412 1000

723 465 949 526 unione,
974 465 1067 536 qui
1101 467 1229 521 facit
1259 477 1312 520 ut
1340 467 1581 522 vicissim
1607 467 1973 537 proprietates
1996 465 2299 526 naturales,

2411 463 2565 527 λὸγον
2611 464 2918 535 μεταϐολῆς
2973 465 3068 517 καὶ
3119 463 3491 533 συμφύρτεως
3529 461 3596 514 ³⁷.
3637 461 3852 530 Ὠσπερ
3883 460 4012 528 γὰρ

721 570 846 624 quae
870 558 1028 610 alteri
1051 557 1256 611 Christi
1283 558 1425 626 parti
1466 559 1830 621 conveniunt,
1857 557 1970 612 sint
1991 558 2301 626 utriusque,

722 646 932 715 absque
969 657 1148 700 tamen
1188 647 1338 702 illius
1369 648 1541 716 partis
1573 664 1699 703 eum
1733 648 1857 712 hac,
1883 663 2054 717 penes
2083 657 2308 701 natura-

723 740 831 793 lem
863 740 1155 802 rationem,
1182 743 1589 809 permutatione
1613 750 1710 795 aut
1735 740 2080 795 confusione.
2105 740 2308 806 Quem-

724 832 1019 885 admodum
1075 833 1223 885 euim
1278 832 1332 885 in
1383 833 1565 902 gladio
1615 833 1788 901 ignito
1842 832 2065 886 secandi
2117 833 2202 885 vis
2249 829 2311 885 ﬁt

725 923 892 986 ustio,
922 930 978 974 et
1010 923 1155 976 ustio
1183 923 1430 977 vicissim
1465 923 1689 977 secandi
1722 923 1808 977 vis
1843 925 1988 992 (nam
2024 923 2167 977 sicut
2196 923 2310 993 gla-

723 1013 817 1066 dio
845 1014 1010 1082 ignis,
1042 1014 1115 1068 ita
1146 1025 1203 1068 et
1228 1014 1392 1084 gladii
1419 1015 1647 1078 actioni,
1675 1030 1782 1084 qua
1815 1023 1986 1075 secat,
2013 1013 2204 1068 unitur
2225 1012 2311 1067 vis

725 1105 866 1174 ignis
910 1121 1033 1174 quze
1078 1108 1207 1170 urit,
1240 1122 1448 1176 perque
1497 1108 1761 1161 unionem
1806 1107 1949 1161 hanc
1995 1113 2052 1160 et
2095 1105 2310 1176 gladius

725 1198 1065 1252 nanciscitur
1122 1198 1320 1252 urendi
1375 1199 1682 1260 actionem,
1726 1208 1783 1252 et
1830 1199 1973 1268 ignis
2025 1197 2306 1267 secandi).

724 1299 985 1342 neutrum
1026 1303 1206 1343 tamen
1243 1305 1310 1343 ex
1345 1289 1449 1344 hac
1482 1290 1686 1344 unione
1719 1299 1775 1344 et
1805 1288 2308 1343 communicatione

725 1381 965 1450 aliquam
1023 1384 1230 1451 patitur
1292 1382 1769 1447 immutationem,
1822 1381 1917 1436 sed
1973 1391 2306 1449 utrumque,

723 1473 890 1527 etiam
922 1473 977 1526 in
1006 1473 1095 1526 illa
1124 1475 1348 1538 unione,
1377 1475 1430 1528 in
1461 1491 1570 1544 qua
1598 1485 1748 1529 certa
1777 1475 2026 1545 quaedam
2055 1484 2139 1529 est
2161 1490 2311 1529 com-

724 1565 891 1635 positi
933 1567 1098 1627 ratiu.
1131 1567 1440 1622 naturalem
1483 1567 1588 1621 sibi
1626 1575 1811 1621 servat
1851 1565 2245 1636 proprietatem
2292 1581 2305 1617 :

726 1658 841 1726 pari
887 1658 1101 1713 ratione
1147 1668 1202 1712 et
1249 1660 1304 1712 in
1349 1658 1614 1728 mysterio
1660 1666 1865 1710 sancta:
1911 1654 2311 1710 incarnationis

725 1748 906 1802 deitas
949 1760 1003 1802 et
1049 1749 1363 1802 humanitas
1406 1748 1684 1802 uniuntur
1723 1747 2097 1819 hypostaticc,
2136 1746 2210 1801 ita
2250 1755 2311 1801 ut

726 1848 921 1894 neutra
945 1842 1159 1894 amittat
1179 1855 1277 1909 per
1297 1840 1557 1894 unionem
1578 1839 1885 1892 naturalem
1909 1836 2309 1908 operationem,

723 1941 780 1985 et
806 1943 990 1987 tamen
1018 1932 1279 1986 distincta
1309 1934 1380 1988 sit
1406 1933 1475 1986 ab
1497 1949 1561 1985 ea
1587 1947 1709 2002 quae
1735 1945 1842 1985 una
1870 1945 2057 1984 secum
2084 1929 2314 1999 conjun-

724 2025 874 2093 gitur
907 2033 961 2078 et
995 2025 1269 2079 consistit.
1302 2024 1423 2077 Toti
1466 2023 1738 2093 siquidem
1779 2022 1980 2076 divina:
2019 2030 2074 2074 et
2105 2021 2310 2076 eﬂicaci

724 2115 984 2183 potestati
1027 2129 1139 2168 sua:
1179 2114 1404 2169 deitatis
1439 2115 1671 2168 verbum
1713 2115 2057 2168 inearnatum
2096 2113 2310 2178 nexuit,

726 2223 826 2276 per
855 2207 1276 2276 inseparabilem
1307 2208 1593 2271 unionem,
1618 2207 1978 2262 humanitatis
2004 2222 2117 2260 sua:
2140 2206 2314 2276 passi-

726 2295 894 2350 bilem
927 2295 1333 2360 conditionem,
1368 2296 1533 2349 homo
1565 2296 1712 2350 Deus
1741 2295 2016 2349 exsistens
2049 2295 2312 2349 miracula

726 2386 1009 2456 patrabat,
1074 2387 1129 2440 in
1176 2401 1343 2441 carne
1397 2399 1594 2440 natura
1635 2402 1736 2440 sua
1778 2384 2072 2454 passibili:
2117 2400 2312 2440 rursus

726 2476 875 2531 Deus
906 2476 1179 2531 exsistens
1209 2477 1374 2531 homo
1399 2487 1609 2531 natura:
1641 2477 1930 2546 passiones
1958 2476 2201 2541 subibat,
2235 2477 2309 2530 ita

726 2579 909 2622 tamen
960 2577 1021 2622 ut
1062 2577 1345 2623 constaret
1393 2585 1488 2623 eas
1542 2585 1641 2639 per
1688 2576 2016 2637 potestatem
2065 2569 2308 2622 divinam

728 2662 881 2715 illum
907 2660 1355 2722 administrasse;
1392 2662 1504 2714 imo
1529 2662 1710 2731 potius
1735 2671 2030 2730 utrumque
2054 2661 2311 2731 praestitit

725 2752 1082 2823 θεανδρικῶς,
1112 2754 1258 2807 Deus
1301 2753 1494 2822 utique
1533 2753 1695 2808 simul
1740 2762 1796 2808 et
1833 2753 2002 2808 homo
2037 2762 2174 2808 erat.
2208 2755 2311 2808 Per

726 2843 1012 2911 passiones
1041 2844 1411 2912 nosmetipsos
1441 2843 1623 2910 nobis,
1650 2844 1841 2913 quales
1873 2859 2095 2898 eramus
2127 2843 2310 2897 reddi-

725 2935 828 2998 dit,
857 2952 954 3004 per
980 2935 1248 2989 miracula
1276 2950 1378 2988 nos
1406 2936 1510 2989 sibi
1546 2934 1793 2997 tradidit,
1822 2934 1868 2988 si
1898 2935 2070 2988 simus
2095 2934 2162 2988 ad
2191 2936 2312 3004 ejus

723 3025 1004 3094 exemplar
1035 3025 1366 3088 conformes,
1394 3035 1446 3078 et
1483 3041 1581 3094 per
1613 3037 1847 3094 uzraque
1877 3025 2039 3078 [idem
2074 3025 2206 3078 fecit
2239 3024 2308 3078 de

725 3117 958 3170 veritate
991 3132 1186 3170 eorum
1219 3132 1286 3170 ex
1321 3117 1524 3187 quibus
1558 3133 1617 3172 se
1650 3133 1801 3180 esse,
1838 3126 1894 3171 et
1927 3117 1982 3170 in
2014 3116 2218 3185 quibus
2255 3125 2311 3170 et

725 3225 846 3277 qua:
888 3209 1171 3277 professus
1215 3217 1300 3263 est
1344 3227 1358 3261 :
1410 3211 1560 3263 solus
1604 3217 1753 3264 certe
1798 3209 1886 3263 ille.
1927 3225 2091 3263 verus
2133 3221 2214 3263 est
2257 3221 2314 3264 et

727 3300 926 3360 lidelis,
952 3310 1008 3354 et
1040 3300 1091 3354 id
1120 3301 1266 3369 quod
1297 3311 1381 3354 est
1411 3317 1439 3354 a
1470 3301 1633 3354 nobis
1663 3300 1772 3354 dici
1806 3301 2108 3370 haberique
2139 3301 2309 3370 cupit.

729 3389 886 3443 llunc
920 3390 1106 3460 igitur,
1135 3406 1168 3443 o
1201 3391 1547 3445 sanctissime
1581 3399 1638 3445 et
1669 3391 1841 3444 verbo
1873 3403 1928 3445 et
1959 3406 2150 3460 opere,
2179 3409 2315 3461 quo-

728 3481 875 3534 niam
910 3483 962 3534 in
992 3482 1262 3535 vobismet
1287 3481 1583 3551 possidetis
1604 3480 1918 3545 formatum,
1941 3481 2080 3550 ejus,
2105 3498 2311 3551 quaeso,

728 3569 1019 3626 imitamini
1054 3574 1530 3642 longanitnitatem
1564 3590 1575 3625 :
1610 3573 1752 3626 hanc
1785 3573 2143 3642 scriptionem
2175 3574 2316 3627 acci-

729 3664 872 3732 pite.
904 3663 977 3717 ita
1016 3674 1075 3717 ut
1109 3664 1364 3733 experiar
1398 3679 1496 3718 vos
1526 3665 1743 3733 judices
1773 3679 1966 3717 eorum
2000 3680 2121 3733 qua:
2155 3665 2314 3719 attuli

727 3759 1048 3824 clementes,
1083 3767 1267 3813 vestra
1309 3757 1698 3828 atquanimitas
1739 3758 1885 3812 servi
1924 3760 2093 3813 vestri
2133 3768 2314 3814 errata

731 3856 896 3917 tegat,
925 3847 1018 3917 qui
1051 3849 1260 3911 nullum
1289 3848 1489 3918 quaerit
1513 3847 1680 3901 alium
1709 3847 2038 3902 obedientite
2062 3863 2177 3904 suae
2202 3850 2317 3903 fru-

729 3949 900 3993 ctum.
936 3939 1123 3995 Estotc
1161 3941 1297 3994 mihi
1340 3938 1484 4010 apud
1522 3937 1806 3993 Christum
1851 3940 2316 3997 reconciliationis

729 4029 1021 4098 sequestri,
1048 4045 1351 4100 pacemque
1379 4029 1634 4084 coniicite
1663 4028 1810 4083 illam
1837 4045 1959 4099 qua:
1987 4046 2205 4086 omnem
2233 4035 2317 4088 in-

731 4123 1012 4176 tcllectum
1057 4131 1282 4193 superat
1323 4140 1336 4176 :
1380 4130 1631 4177 servator
1666 4122 1818 4176 solus
1855 4132 1941 4176 est
1978 4125 2130 4192 pacis
2167 4128 2317 4196 prin-

730 4229 880 4282 ccps,
911 4215 1061 4268 solus
1096 4215 1356 4269 timentes
1388 4230 1446 4268 se
1476 4229 1506 4267 a
1539 4214 1856 4283 passionum
1889 4215 2004 4269 salo
2036 4230 2133 4285 per
2161 4216 2317 4271 habi-

733 4316 821 4359 tus
849 4305 1122 4374 practicos
1151 4305 1372 4371 liberat,
1396 4306 1546 4360 solus
1571 4306 1734 4359 Pater
1759 4306 1974 4359 venturi
2005 4307 2190 4362 saeculi
2217 4325 2315 4379 per

731 4395 1055 4448 charitatem
1096 4405 1152 4450 et
1187 4395 1558 4465 cognitionem
1605 4395 1660 4448 in
1705 4395 1911 4464 Spiritu
1959 4406 2182 4466 generat
2220 4414 2316 4454 eos

732 4489 826 4557 qui
853 4487 1118 4542 mundum
1149 4487 1489 4557 superiorem
1525 4487 1897 4556 complebunt.
1925 4488 1986 4541 Ei
2019 4489 2089 4543 sit
2115 4491 2307 4560 gloria,
2348 4480 2393 4534 ι)

733 4580 987 4649 majeslas
1016 4589 1070 4634 ct
1099 4580 1414 4649 imperium,
1437 4596 1561 4632 cum
1594 4580 1750 4633 Patre
1777 4588 1831 4632 et
1856 4591 2044 4635 sancto
2073 4581 2282 4651 Spiritu

733 4673 787 4725 in
819 4673 1010 4727 saecula
1042 4671 1385 4727 sreculorum.
1409 4673 1602 4725 Amen.

2409 552 2504 605 τοῦ
2536 553 2998 625 πυρακτωθέντος
3024 553 3215 623 ξίφους
3243 554 3307 606 τὸ
3349 551 3621 621 τμητικὸν
3645 551 3839 619 γέγονε
3863 566 4015 603 καυ-

2410 648 2628 710 στικδν,
2667 648 2763 699 καὶ
2817 647 2877 700 τὸ
2922 646 3221 700 καυστικὸν
3280 645 3550 717 τμητιιδν
3885 642 4011 710 γὰρ

2411 739 2605 810 ῶσπερ
2636 741 2840 810 σιδήρῳ
2875 741 2920 772 ⁸⁸
2946 741 3010 794 τὸ
3038 739 3194 810 πῦρ),
3229 738 3373 793 οὕτω
3396 739 3492 792 καὶ
3518 737 3598 807 τῷ
3633 736 3730 789 τοῦ
3771 737 3998 806 σιδήρηι

2409 833 2663 903 τμητικῷ
2695 835 2757 886 τὸ
2790 833 2887 887 τοῦ
2921 833 3091 903 πυρὸς
3115 834 3133 893 (
3144 831 3303 902 115
3339 831 3392 902 θ)
3425 825 3748 894 καυπιῖιδν,
3780 829 3876 883 καὶ
3905 828 3983 896 γέ

2411 940 2536 991 γονε
2569 922 2669 992 μὲν
2691 923 3032 986 καυστικδςδ
3052 923 3268 993 σίδηρος
3293 921 3486 976 ὲνῶσει
3505 925 3573 991 τῇ
3604 921 3741 991 πρὸς
3763 921 3825 973 τὸ
3855 919 4008 988 π-Ξρ.

2411 1014 2506 1066 καὶ
2533 1016 2802 1084 τμητικὸν
2831 1014 2893 1068 τδ
2934 1014 3048 1085 πῦρ
3095 1015 3288 1067 ὲνὼσει
3329 1016 3396 1084 τῇ
3439 1012 3578 1084 πρὸς
3627 1013 3718 1065 τὸν
3749 1012 4008 1081 σίδηρονο

2411 1104 2694 1176 οὐδέτερον
2735 1105 2792 1159 δὲ
2851 1107 3051 1177 τρόπον
3089 1106 3133 1137 ³⁵
3178 1109 3245 1176 τῇ
3304 1104 3428 1158 καθ’
3479 1105 3675 1158 ἕνωσιν
3726 1104 4010 1158 ἀντιδύσει

2413 1195 2550 1268 πρὸς
2578 1195 2808 1267 θάτερον
2833 1197 2879 1230 ⁸⁸
2925 1197 3220 1259 πέπονθεν,
3250 1198 3368 1250 ἀλλ’
3400 1197 3664 1266 ἑκάτερον
3712 1197 3813 1249 κάν
3842 1196 3886 1226 ⁸⁸
3931 1197 4008 1263 τῇ

2410 1286 2507 1338 τοῦ
2537 1287 2899 1357 συγκειμένου
2927 1289 3053 1341 καθ’
3086 1290 3282 1342 ἕνωσιν
3328 1289 3555 1359 ἰδιότητι
3591 1288 3869 1358 μεμένηκε
3894 1287 4012 1356 τῆς

2412 1375 2555 1428 κατά
2599 1377 2764 1444 φύσιν
2822 1378 3035 1441 οἰκείας
3085 1379 3466 1432 ἀνέκπτωτονο
3511 1379 3657 1432 οὕτω
3690 1381 3791 1432 κάν
3837 1380 3883 1410 ⁸³
3920 1379 4012 1448 τῷ

2415 1470 2700 1541 μυστηρίῳ
2742 1470 2844 1540 τῆς
2873 1470 3026 1534 θείας
3069 1471 3402 1544 σαρκῶσεως
3432 1472 3624 1542 θεότης
3653 1473 3748 1526 καὶ
3779 1472 4012 1543 ἀνθρωι-

2412 1559 2586 1628 πότης
2611 1560 2796 1631 ήνὼθη
2834 1561 2955 1615 καθ’
2995 1563 3314 1627 ὑπόστασιν,
3359 1563 3663 1635 μηδετέρας
3692 1563 3795 1632 τῆς
3837 1581 4017 1632 φυσι-

2413 1653 2514 1722 κῆς
2543 1653 2818 1723 ἐκστάσης
2850 1652 3134 1722 ἐνεργείας
3162 1653 3250 1705 διὰ
3268 1655 3370 1722 τὴν
3399 1654 3616 1717 ἕνωσιν,
3648 1655 3783 1723 μήτε
3817 1654 3929 1722 μὴν
3961 1652 4013 1683 ⁸³

2413 1745 2643 1816 ἄσχετον
2676 1745 2847 1816 αὐτὴν
2891 1748 3235 1819 κεκτημένης
3283 1747 3422 1817 μετά
3479 1747 3583 1816 τὴν
3634 1747 3848 1811 ἕνωσιν,
3905 1746 4018 1799 καὶ

2413 1835 2515 1905 τῆς
2570 1838 2940 1907 συγκειμένης
2982 1840 3078 1890 καὶ
3132 1836 3554 1908 συνυφεστώσης
3599 1837 4018 1908 διακεκριμμέ-

2414 1943 2513 1998 νην
2543 1927 2768 2000 “.”υλῃ
2799 1929 2912 2002 γὰρ
2959 1933 3028 2001 τῇ
3075 1931 3340 2001 δραστικῇ
3379 1931 3610 1999 δυνάμει
3655 1931 3753 1998 τῆς
3789 1931 4018 1990 οἰκείας

2415 2014 2671 2086 θεότητος
2702 2020 2732 2070 δ
2761 2018 3070 2090 σαρκωθεὶς
3105 2021 3278 2088 Λόγος
3305 2020 3435 2090 ὅλην
3465 2020 3716 2090 ἐσχηκὼς
3744 2023 4019 2090 συμςυεί-

2416 2123 2517 2162 σαν
2546 2109 2671 2162 καθ’
2709 2109 2912 2164 ἕνωσιν
2963 2110 3307 2183 ἄλυτον-τὴν
3355 2111 3672 2183 παθητικὴν
3717 2112 3816 2181 τῆς
3861 2112 4020 2172 ἰδίας

2413 2200 2839 2273 ἀνθρωπότητος
2871 2201 3104 2273 δύναμιν
3153 2202 3514 2275 ἀνθρωπίνως
3547 2203 3684 2266 Θεὸς
3722 2202 3798 2258 ὣν
3839 2205 4022 2274 ἐνήρ-

2413 2308 2502 2360 γει
2530 2293 2575 2324 ι⁸
2607 2294 2676 2346 τὰ
2712 2294 2992 2364 θαύματα,
3024 2295 3114 2350 διά
3143 2296 3347 2366 σαρκὸς
3369 2295 3532 2366 φύσει
3580 2295 3830 2366 παθητῆς
3860 2313 4022 2364 συξιθ

2415 2385 2792 2457 πληρούμενα,
2829 2389 2926 2441 καὶ⁵
2975 2387 3175 2453 θεῖκῶς
3227 2389 3519 2459 ἄνθρωπος
3571 2387 3647 2441 ῶν
3699 2387 3900 2460 διεξῄει
3937 2389 4023 2440 τὰ

2415 2479 2563 2551 πάθη
2608 2481 2709 2551 τῆς
2763 2480 3000 2549 φύσεως,
3053 2483 3177 2535 κατ’
3226 2479 3477 2546 ἐξουσίαν
3512 2479 3906 2551 ἐπιτελούμενα
3966 2479 4022 2510 ⁸⁸

2414 2572 2623 2643 θεῖκήν·
2661 2573 2835 2644 ἄμφω
2879 2574 2934 2626 δὲ
2965 2574 3168 2644 μᾶλλον
3200 2572 3556 2644 θεανδρικῶς,
3592 2574 3666 2638 ὡς
3698 2573 3832 2637 Θεὸς
3859 2573 4019 2642 δμοῦ

2375 2683 2381 2690 ’
2414 2667 2507 2719 καὶ
2539 2667 2830 2738 ἄνθρωπος
2861 2667 2936 2719 ὣν
2964 2667 3008 2697 ³⁵⁷
3050 2669 3160 2729 τοῖς
3216 2666 3315 2736 μὲν
3344 2667 3495 2736 ἡμᾶς
3543 2667 3760 2728 ἑαυτοῖς
3805 2664 4020 2718 ἀποδι-

2411 2759 2557 2822 δοὺς,
2606 2760 2879 2828 φανέντας
2922 2761 3064 2830 ὅπερ
3109 2758 3440 2827 γεγόναμεν,
3492 2760 3601 2820 τοῖς
3641 2757 3699 2811 δὲ
3739 2757 3920 2820 διδοὺς
3961 2755 4022 2787 ⁸⁸

2410 2853 2561 2922 ἡμᾶς
2606 2850 2808 2922 ἑαυτῷ,
2857 2849 3189 2920 γενομένους
3241 2851 3382 2917 ὅπερ
3439 2847 3746 2919 παρέδειξε,
3781 2848 3877 2900 καὶ
3937 2847 4023 2900 δι’

2412 2941 2742 3011 ἀμφοτέρων
2780 2942 3150 3012 πιστούμενος
3182 2943 3280 3014 τὴν
3333 2941 3442 2995 τῶν
3497 2941 3558 3006 ἐξ
3610 2936 3708 3005 ὧν,
3740 2943 3797 2995 ἐν
3827 2936 3912 3005 οἷς
3945 2959 4021 2996 τε

2413 3033 2507 3084 καὶ
2546 3031 2693 3102 ἆπερ
2723 3033 2973 3103 ὑπῆρχεν
3008 3033 3291 3102 ἀληθειαν,
3327 3034 3404 3097 ὡς
3448 3035 3611 3104 μόνος
3648 3033 3856 3106 ἀληθὴς
3902 3035 4022 3089 καὶ

2338 3142 2382 3200 c
2416 3125 2629 3190 πιστὸς,
2662 3126 2757 3178 καὶ
2777 3127 2915 3196 ὅπερ
2950 3127 3068 3178 ἐστὶ
3103 3126 3234 3198 παρ’
3267 3127 3425 3196 ἡμῶν
3453 3126 3834 3196 ὁμολογεῖσθαι
3869 3125 4021 3197 βου-

2417 3216 2664 3286 λόμενος.
2722 3218 2820 3269 Ὃν
2868 3218 3106 3288 ἔχοντες,
3149 3217 3474 3288 ἡγιασμένοι
3526 3219 3572 3250 ⁸⁵
3609 3218 3752 3289 λόγῳ
3801 3235 3862 3271 τε
3903 3219 4021 3271 καὶ

2419 3309 2540 3380 βίῳ,
2579 3310 2961 3381 μορφούμενον
2999 3310 3311 3381 μιμήσασθε
3359 3311 3459 3381 τὴν
3517 3311 3900 3381 μακροθυμίαν
3929 3313 4017 3376 ⁵⁸,

2417 3403 2513 3453 καὶ
2535 3400 2631 3470 τὴν
2658 3401 2943 3474 παροῦσαν
2958 3399 3235 3470 δεχόμενοι
3262 3402 3503 3471 γραφὴν,
3539 3400 3747 3470 φάνητέ
3775 3417 3864 3471 μοι
3889 3398 4021 3452 τῶν

2417 3493 2810 3564 ἐμφερομένων
2833 3492 3210 3566 φιλάνθρωποι
3234 3494 3421 3564 κριταὶ
3447 3493 3631 3564 (116
3649 3493 3704 3564 a)
3736 3492 4019 3557 νικῶντες

2419 3583 2736 3655 συμπαθείᾳ.
2769 3585 2837 3637 τὰ
2868 3584 2962 3637 τοῦ
2997 3584 3190 3646 παιδὸς
3231 3584 3386 3654 ὑμῶν
3417 3585 3460 3615 δι
3495 3584 3861 3655 ὀλισθήματα,
3897 3586 4019 3654 μό-

2419 3693 2517 3745 νην
2545 3675 2752 3746 ταύτην
2794 3676 3138 3748 ὲκδεχομένῳ
3158 3677 3205 3707 δ’
3240 3677 3337 3745 τῆς
3365 3676 3676 3740 εὐπειθείας
3701 3676 4013 3741 ἀντίδοσιν,

2420 3769 2512 3822 καὶ
2545 3767 2769 3835 γένεσθὲ
2811 3756 2900 3836 μοι
2934 3769 3150 3836 μεσίται
3189 3768 3287 3836 τῆς
3329 3766 3466 3836 πρὸς
3514 3766 3677 3820 αὐτὸν
3705 3766 3754 3798 ⁵³
3793 3766 4019 3820 καταλ-

2417 3861 2591 3930 λαγῆς
2616 3859 2840 3930 εἰρήνην
2870 3857 3334 3929 δημιουργοῦντες
3361 3860 3460 3928 τὴν
3489 3857 3668 3912 πάντα
3687 3857 3810 3912 νοῦν
3833 3861 3936 3912 ὑπε
3945 3877 4020 3930 ρ-

2419 3951 2672 4022 έχουσαν,
2730 3945 2796 4021 ἧς
2855 3949 3017 4013 αύτδς
3048 3949 3094 3980 ⁵⁵
3130 3950 3316 4020 ἄρχων
3348 3950 3499 4002 ἐστὶν
3551 3951 3581 4003 δ
3619 3950 3832 4022 Σωτὴρ,
3885 3951 4015 4018 ἔξει

2419 4044 2700 4112 πρακτικῇ
2743 4042 2841 4112 τῆς
2892 4041 3004 4093 τῶν
3046 4040 3236 4094 παθῶν
3268 4040 3510 4111 ταραχῆς
3546 4039 3848 4112 ἐλευθερῶν
3870 4044 4018 4106 τοὺς

2421 4132 2793 4202 φοϐουμένους
2842 4131 3026 4191 αὐτὸν.
3069 4131 3163 4184 καὶ
3195 4129 3384 4200 Πατὴρ
3415 4129 3511 4182 τοῦ
3555 4128 3841 4199 μέλλοντος
3872 4131 4019 4184 αἰῶ-

2419 4241 2529 4290 νος,
2563 4222 2844 4294 Πνεύματι
2875 4221 3079 4290 γεννῶν
3106 4221 3174 4274 δι’
3209 4221 3430 4290 ἀγάπης
3460 4221 3552 4274 καὶ
3584 4221 3838 4289 γνώσεως
3867 4222 4018 4285 τοὺς

2419 4318 2510 4370 τὸν
2540 4316 2656 4370 ἄνω
2679 4317 2887 4387 κόσμον
2923 4315 3030 4385 πλη
3040 4313 3346 4385 ρὼσαντας.
3376 4313 3536 4384 Αὐτῷ
3562 4314 3712 4380 δόξα,
3739 4311 4015 4384 μεγαλω-

2422 4408 2558 4479 σύνη
2601 4409 2669 4472 ⁸⁵,
2705 4407 2926 4478 κράτος,
2967 4391 3064 4459 σὺν
3093 4405 3172 4476 τῷ
3212 4407 3389 4478 Ila-cpi.
3422 4408 3514 4460 καὶ
3551 4405 3628 4477 τῷ
3664 4406 3802 4476 ἁγίῳ
3831 4405 4038 4460 Πνεύ-.

2426 4516 2555 4570 ματι
2585 4500 2664 4561 εἰς
2693 4499 2821 4561 τοὺς
2849 4497 3048 4560 αἰῶνας
3078 4496 3145 4549 ⁸⁸.
3198 4497 3393 4566 Ἀμήν.

2016 4789 2250 4850 VARUS
2297 4793 2710 4854 LECTIONES.

802 4896 848 4980 ’ζ
877 4896 1204 4980 quisq-gestus
1225 4895 1291 4950 ed
1305 4895 1467 4980 .‘Gal‘.
1543 4897 1593 4980 "-
1627 4897 1702 4980 τῶ
1730 4900 2041 4980 σιδήρῳείί.
2066 4902 2185 4980 Gal.
2229 4907 2293 4980 1"
2321 4909 2530 4980 τροπὴν
2551 4906 2640 4963 ed.
2663 4905 2782 4962 Gal.
2812 4905 2884 4980 _”
2905 4906 2976 4980 τῇ
3010 4904 3148 4975 πρὶς
3179 4903 3373 4980 ἕτερον
3390 4902 3481 4980 ed.
3507 4901 3722 4980 βαι-’δι
3743 4901 3847 4980 κᾶν
3868 4901 4012 4958 cod.

730 4966 872 5022 Gud.
990 4951 1228 5055 cdeal.
1318 4967 1361 4998 “
1387 4968 1498 5055 μᾶν
1528 4966 1616 5055 ed.

731 5037 1046 5105 ειρεστώσης
1081 5037 1506 5108 διακεκριμένην
1528 5038 1616 5090 ed.
1657 5039 1772 5093 Gal.
1870 5041 1917 5074 "
1954 5037 2190 5114 ἐνείργεὶ
2221 5037 2309 5103 éd.

731 5106 776 5138 “‘
812 5107 989 5177 διδοάς
1044 5107 1132 5159 cii.
1171 5106 1290 5160 Gal.
1377 5105 1433 5177 ἐν
1461 5110 1765 5177 ἡγιασμένε
1820 5111 1911 5166 ed.
1943 5113 2084 5168 .Gal.
2171 5118 2218 5148 ⁸ο
2254 5136 2309 5177 μι

729 5177 818 5231 ed.
848 5176 966 5230 Gal.

729 5247 847 5302 Gal.
938 5247 983 5277 '°
1010 5247 1210 5310 αἰῶνας
1243 5245 1352 5300 τῶν
1376 5245 1589 5303 αἰώνων
1623 5245 1715 5306 ed.
1747 5245 1865 5306 Gal.

2391 4971 2744 5052 qu—f—_-
2772 4971 3098 5052 ahvﬁvioaiv
3139 4971 3566 5052 onu_fed._Gal._
3617 4973 3670 5052 :"
3724 4971 3826 5052 τῆς
3873 4989 4014 5052 εον-

2344 4997 2461 5104 ΕΞ.λῆ

2254 5120 2629 5188 μικροθυμίαν
2651 5116 2739 5172 ed.
2763 5116 2883 5172 Gal.

1129 5176 1428 5256 γενήσεσθε
1453 5176 1542 5256 μοι
1577 5176 1842 5256 τῆςπρὸς
1875 5184 2039 5237 αὑτὸν
2064 5176 2280 5255 μεσίτοίι
2304 5176 2394 5244 ed.
2424 5176 2544 5244 Gal.

2554 5048 2600 5080 “
2653 5049 2771 5101 ἐστι
2825 5036 3129 5114 τελούμενα
3177 5045 3268 5100 ed.
3325 5044 3446 5099 Gal.
3519 5043 3566 5075 ‘7
3611 5036 3686 5096 ὧν
3738 5036 3827 5097 ed.
3874 5041 4009 5097 Gal.

2554 5116 2716 5146 3-“an
2763 5116 2860 5146 (‘nl
2967 5116 3011 5146 ΙΙ
3040 5115 3198 5146 ὅπη-οτι..
3224 5115 3291 5146 ΔΑ
3349 5114 3445 5146 Cal
3561 5115 3608 5146 Ι.
3637 5114 4009 5146 ἑυλευληὲυλη

2651 5116 2739 5172 ed.
2763 5116 2883 5172 Gal.
2967 5116 3011 5148 "
3040 5115 3198 5186 ἡμῶν
3224 5115 3314 5170 ed.
3349 5114 3470 5170 Gal.
3561 5115 3608 5146 "
3636 5114 4012 5184 ἐκδεχομένου

2643 5191 2690 5221 ⁸⁸
2721 5189 2882 5250 αὐτὸς
2919 5202 3030 5243 om.
3066 5186 3158 5241 ed.
3212 5185 3332 5240 Gal.
3409 5185 3456 5216 ⁸⁵
3518 5185 3864 5257 μεγαλοσύνη
3902 5182 4009 5238 ed.
