4200 6440
209 333 342 397 ἰοῦὶ
1447 340 1868 402 AMBIGUORI

1789 342 1904 399 ηιιτ
1917 343 1964 400 Μ
2013 343 2078 400 l.l
2097 341 2260 400 ΗΕΒ.
3313 345 3448 409 1062

407 526 647 571 ῺΟΜῙΝΟ
694 527 1162 572 GLORIOSISSIMO
1214 526 1609 581 PIISSIMOQUE
1657 531 1865 574 DIVINA
1919 530 2318 574 I'lltl\'li)EN'l'E
2371 529 2567 581 ATQUE
2618 527 2983 572 AIlJUVANTE
3027 529 3251 573 GllATlA

1640 672 1783 715 REGI
1819 675 2064 716 κΑιιυω

523 811 802 856 Jz’MNNES
832 809 1170 854 EXTREMUS
1202 811 1544 854 SERYORUM
1580 813 1955 857 \‘ESTRORUM
1983 814 2182 856 PERPE

1466 812 1544 854 Diti
1580 813 1955 857 \‘ESTRORUM
1983 814 2356 857 PERPETUA.“
2388 812 2449 857 ιΝ
2480 811 2740 855 (ιιιῐιιετο
2772 809 3051 854 SALUTEM
3074 797 3125 853 ⁸.

278 965 388 1018 Hoc
425 984 552 1036 opus
586 966 804 1020 Maximi
834 969 1072 1021 monachi
1106 978 1153 1020 et
1179 969 1403 1031 abbatis,
1422 971 1584 1040 quod,
1613 973 1947 1025 sanctissimo
1977 983 2136 1043 atque
2162 975 2460 1026 beatissimo
2493 972 2886 1041 archiepiscOpo
2912 969 3104 1037 Kyzico
3134 966 3210 1035 (a)
3233 967 3441 1022 Joanne

205 1054 534 1123 postulante,
566 1056 629 1106 de
670 1056 1022 1125 quorumdant
1076 1057 1129 1108 in
1187 1059 1513 1110 sermonibus
1572 1058 1855 1112 beatissimi
1889 1062 2123 1129 Gregorii
2155 1061 2380 1128 theologi
2410 1060 2808 1128 Ambiguorum,
2839 1059 2932 1109 hoc
2975 1055 3046 1121 (b)
3076 1063 3150 1107 est
3185 1054 3448 1108 intellectu

201 1143 527 1212 difﬁcilium,
572 1142 1032 1212 explanationibus
1062 1147 1371 1214 composuit,
1418 1148 1480 1198 de
1511 1147 1692 1200 (Iro'co
1730 1149 1781 1200 in
1806 1148 2052 1200 Latinum
2085 1149 2223 1200 vobis
2260 1145 2557 1216 jubentibus
2579 1145 2750 1206 edidi;
2795 1143 3166 1211 difﬁcillimum
3213 1158 3446 1211 prorsus,

200 1231 646 1283 ortlmdmrissime
685 1247 887 1300 regum,
925 1231 1131 1285 servulo
1161 1243 1348 1294 vestro,
1381 1233 1628 1287 imbecilli
1661 1236 1813 1287 valde
1837 1237 1994 1287 etiam
2029 1237 2082 1287 in
2123 1235 2347 1296 Latinis,
2377 1233 2544 1285 multo
2571 1232 2738 1300 magis
2774 1232 2826 1283 in
2867 1230 3078 1290 (Ira'cis,
3107 1229 3335 1282 laborem
3365 1230 3448 1281 iu-

194 1318 473 1387 jnna‘istis.
497 1318 726 1387 Insuper
751 1320 912 1371 etiam
953 1318 1248 1373 accelerare
1269 1320 1430 1373 veluti
1457 1321 1663 1372 erudito
1691 1323 1958 1391 utriusque
1975 1323 2168 1391 linguce
2188 1324 2390 1388 citoque
2415 1319 2997 1389 per/icereimperastis.
3028 1315 3130 1370 Sed
3147 1333 3242 1386 pro
3259 1317 3450 1369 viribus

199 1405 458 1472 ingenioli
498 1407 603 1458 mei
635 1414 682 1458 et
714 1405 1004 1459 acceleravi
1023 1446 1037 1468 ,
1063 1416 1109 1458 et
1139 1408 1315 1459 divina
1365 1408 1584 1459 ducente
1613 1424 1676 1460 ac
1723 1407 1982 1478 largiente
2004 1410 2200 1477 gratia,
2242 1409 2310 1460 ad
2337 1407 2497 1474 ﬁnem
2535 1422 2697 1474 usque.
2723 1407 2960 1474 perduxi.
2982 1404 3242 1457 Fortassis
3271 1411 3451 1456 autem

200 1493 569 1560 qualicunque
590 1494 835 1562 apologia
867 1493 1130 1562 defensus,
1165 1510 1269 1546 non
1303 1504 1410 1547 tam
1441 1497 1629 1547 densas
1651 1497 1898 1549 subierim
1923 1495 2189 1565 caligines,
2222 1496 2324 1549 nisi
2344 1494 2569 1548 viderem
2599 1493 2881 1562 prcfatum
2905 1492 3258 1545 beatissimum
3281 1491 3452 1544 Maxi-

201 1597 353 1632 mum
381 1583 668 1649 scepissime
697 1584 751 1634 in
781 1598 1020 1652 processu
1053 1585 1137 1636 sui
1162 1585 1333 1652 operis
1364 1583 1760 1637 obscurissimas
1792 1583 2112 1637 sanctissimi
2137 1581 2364 1652 theologi
2392 1580 2630 1652 Dionysii
2648 1580 2979 1648 Areopagitte
3010 1581 3316 1640 sententias,
3355 1595 3450 1630 cu-

192 1668 290 1735 jus
329 1668 639 1736 symbolicos
674 1667 1090 1738 theologicosque
1112 1685 1293 1722 sensus
1317 1687 1484 1739 nuper
1511 1673 1649 1724 vobis
1668 1671 1908 1725 similiter
1916 1671 2220 1740 jubentibus
2241 1668 2514 1729 transtuli,
2538 1668 2918 1728 introduxisse,
2944 1666 3276 1736 mirabilique
3299 1669 3452 1722 modo

198 1753 539 1816 dilucidusse,
567 1755 619 1807 in
653 1763 860 1807 tantum
883 1765 938 1808 ut
972 1755 1119 1808 nullo
1157 1757 1310 1808 modo
1343 1759 1636 1811 dubitarem
1664 1760 1893 1812 divinam
1912 1758 2266 1819 clementiant,
2294 1770 2411 1825 qua?
2439 1755 2713 1809 illuminat
2749 1754 3052 1808 abscondita
3092 1755 3450 1818 tenebrarum,

196 1857 300 1892 sua
335 1841 584 1908 ineffabili
611 1841 939 1909 providentia
959 1843 1054 1894 hoc
1082 1843 1418 1911 disposuisse,
1447 1854 1502 1896 ut
1529 1861 1590 1896 ea
1617 1845 1829 1914 quidem
1867 1861 1982 1914 qua!
2011 1845 2152 1896 nobis
2181 1843 2410 1895 maxime
2433 1841 2670 1896 abstrusa
2703 1843 2758 1896 in
2794 1842 3057 1911 prtedictis
3089 1841 3225 1895 beati
3254 1841 3452 1913 Diony-

197 1928 267 1980 sii
299 1928 466 1988 libris,
503 1937 593 1980 aut
616 1929 666 1980 ti
677 1945 713 1981 ,τ
761 1930 960 1998 pervia,
987 1946 1273 2000 sensusque
1293 1941 1496 1984 nostros
1519 1931 1695 2000 fugere
1724 1931 2053 1992 videbantur,
2079 1930 2329 1999 aperiret,
2358 1931 2746 2000 sapientissimo
2769 1929 2992 1999 prccfato
3037 1928 3269 1983 Maximo
3315 1927 3449 1982 luci-

197 2015 416 2067 dissime
454 2017 794 2084 explanante.
827 2017 1070 2088 Exempli
1095 2019 1293 2088 gratia,
1322 2027 1380 2070 ut
1405 2035 1572 2088 pauca
1607 2019 1670 2070 de
1687 2017 1920 2087 pluribus
1949 2018 2140 2079 dicam,
2172 2015 2424 2084 quomodo
2447 2031 2607 2068 causa
2628 2015 2881 2077 omnium,
2900 2028 3018 2084 qua!
3047 2013 3183 2066 Deus
3209 2022 3308 2077 est,
3337 2029 3448 2068 una

198 2103 270 2154 sit
307 2102 535 2172 simplex.
562 2119 624 2155 ac
685 2104 1000 2173 multiplex;
1048 2106 1224 2175 qualis
1278 2109 1343 2159 sit
1378 2106 1658 2174 processio,
1688 2105 1742 2157 id
1763 2114 1836 2156 est
1877 2102 2243 2171 multiplicatio
2268 2103 2458 2155 divine
2485 2101 2736 2154 bonitatis
2779 2117 2871 2169 per
2899 2102 3074 2154 omnia
3107 2115 3224 2170 quae
3250 2109 3393 2164 sunt,
3415 2119 3448 2154 α

197 2205 410 2244 summo
439 2207 601 2260 usque
629 2191 902 2253 deorsunt,
937 2209 1032 2262 per
1066 2193 1366 2262 generalem
1393 2195 1627 2247 omnium
1655 2193 1932 2246 essentiam
1969 2192 2159 2260 printo,
2186 2190 2426 2258 deinceps
2470 2205 2560 2258 per
2584 2204 2779 2257 genera
2813 2187 3234 2258 generaliuima,
3264 2188 3448 2240 deinde

198 2291 298 2345 per
333 2293 526 2344 genera
554 2277 909 2348 generaliora,
932 2280 1055 2332 inde
1086 2296 1179 2350 per
1205 2281 1397 2350 species
1416 2279 1748 2350 specialiores
1778 2294 1940 2348 usque
1965 2279 2033 2330 ad
2061 2278 2253 2347 species
2267 2275 2674 2344 specialissimas
2697 2291 2789 2346 per
2808 2276 3126 2345 diﬁ'erentias
3155 2276 3450 2345 proprieta-

198 2375 382 2431 tesque
399 2365 730 2416 descendens.
759 2363 824 2418 Et
856 2368 1070 2429 iterum,
1094 2367 1350 2435 ejusdem,
1383 2367 1572 2421 divina:
1595 2367 1827 2421 videlicet
1869 2366 2137 2426 bonitatis,
2173 2363 2349 2430 qualis
2383 2365 2449 2417 sit
2481 2363 2728 2426 reversio,
2767 2364 2821 2416 id
2853 2371 2928 2415 est
2965 2363 3322 2432 congregatio,
3357 2379 3450 2433 per

196 2450 408 2502 eosdem
439 2450 636 2519 gradus
657 2450 720 2504 ab
747 2448 960 2517 inﬁnita
997 2467 1179 2504 eorum
1203 2468 1321 2522 quae
1341 2461 1464 2506 sunt
1503 2454 1756 2522 variaque
1782 2451 2219 2522 multiplicatione
2246 2464 2408 2514 usque
2436 2449 2505 2502 ad
2533 2448 2979 2517 simplicissimum
3001 2450 3234 2501 omnium
3272 2449 3451 2502 unita-

197 2545 328 2598 tem,
351 2552 468 2604 qua:
492 2538 545 2588 in
582 2536 688 2590 Deo
715 2545 792 2589 est
821 2545 868 2589 et
890 2537 1032 2591 Deus
1054 2546 1150 2602 est,
1178 2541 1255 2593 ita
1281 2548 1337 2592 ut
1363 2550 1412 2594 et
1452 2539 1588 2594 Deus
1619 2541 1797 2593 omnia
1823 2541 1891 2593 sit
1919 2547 1966 2591 et
2005 2538 2181 2589 omnia
2211 2535 2350 2589 Deus
2394 2537 2522 2589 sint.
2562 2535 2631 2589 Et
2661 2535 2918 2605 quomodo
2959 2535 3212 2605 prcedicta
3241 2535 3450 2604 quidem

195 2624 380 2676 divina
417 2625 471 2675 in
497 2625 675 2677 omnia
709 2627 969 2694 processio
995 2626 1294 2695 ἁναλυτικὴ
1335 2628 1546 2692 dicitur,
1591 2629 1685 2680 hoc
1711 2635 1785 2679 est
1818 2625 2086 2687 resolutio,
2141 2626 2367 2677 reversio
2394 2639 2517 2676 vero
2553 2623 2768 2685 οιωσις,
2807 2624 2900 2676 hoc
2955 2629 3029 2676 est
3069 2621 3349 2690 deiﬁcatio.
3378 2621 3450 2676 Et

196 2729 303 2780 qua
333 2713 534 2763 ratione
563 2727 682 2780 qua:
740 2720 864 2766 sunt
889 2715 1126 2767 maxima
1151 2713 1614 2785 multiplicatione,
1654 2704 1873 2768 minima
1898 2721 2021 2766 sunt
2043 2713 2267 2776 virtute;
2300 2726 2417 2781 qua:
2445 2726 2565 2764 vero
2587 2711 2807 2764 minima
2834 2709 3290 2780 multiplicatione,
3329 2725 3449 2763 ma-

193 2798 344 2850 a'ima
376 2799 587 2850 virtute.
618 2795 756 2862 Quid
807 2801 1186 2868 καταφατικὴν
1224 2809 1280 2854 et
1309 2800 1651 2869 ἀποφατικὴν
1676 2802 1847 2853 dicam

1790 2817 1847 2853 :m
1871 2799 2169 2868 θεολογίαν,
2199 2799 2254 2851 in
2300 2799 2484 2868 quibus
2527 2799 2758 2851 maxime
2806 2797 3045 2867 prtedicti
3075 2797 3213 2851 beati
3249 2795 3449 2868 Diony-

194 2889 263 2938 sii
288 2887 623 2956 Areopagitte
658 2887 1069 2957 profundissima
1099 2888 1526 2958 divinissimaque
1565 2887 1884 2940 admiranda
1923 2896 1996 2940 est
2028 2887 2365 2958 disputatio?
2395 2885 2568 2952 Quam
2595 2886 2738 2940 clare
2764 2886 3075 2957 pulchreque
3095 2889 3294 2959 aperit,
3317 2904 3448 2958 quo-

97 2995 106 3007 ·
197 2973 382 3034 modo,
407 2990 524 3026 cum
545 2974 686 3026 inter
711 2990 769 3029 se
802 2976 1054 3045 opposita!
1075 2973 1328 3045 valdeque
1352 2975 1634 3029 contraria
1661 2974 1958 3038 videantur,
1989 2975 2058 3028 ad
2094 2992 2259 3027 unum
2290 2985 2467 3028 tamen
2515 2991 2823 3028 consensum
2865 2977 3204 3045 perveniunt,
3237 2987 3295 3029 ut
3325 2975 3450 3029 dum

197 3076 309 3112 una
345 3069 515 3129 neget,
543 3059 716 3114 altera
764 3061 1058 3128 conﬁrmet,
1097 3069 1381 3132 utrumque
1426 3063 1480 3115 in
1519 3071 1744 3130 utraque
1786 3063 2153 3127 contineatur;
2210 3065 2284 3115 ita
2320 3062 2381 3130 ﬁt
2429 3071 2487 3115 ut
2540 3073 2588 3116 et
2627 3063 2972 3134 καταφατικὴ
3022 3080 3124 3116 non
3177 3063 3450 3132 conﬁrmet

199 3147 347 3209 quod
381 3148 694 3217 ἀποφατικὴ
724 3147 971 3218 abnegat,
1000 3164 1164 3217 neque
1191 3149 1501 3218 ἀποκριτικὴ
1526 3149 1741 3218 abneget
1794 3165 1858 3217 qu

1794 3150 1932 3217 quod
1978 3151 2320 3217 καταφατικὴ
2356 3151 2606 3217 afﬁrmat.
2634 3147 2703 3201 Et
2726 3165 2829 3202 non
2855 3149 3027 3202 solum
3053 3151 3147 3203 has
3176 3151 3308 3204 duas
3336 3168 3453 3206 ma-

193 3235 375 3287 .rimas
404 3233 676 3304 theologia:
710 3241 890 3305 partes
920 3235 973 3286 in
1008 3233 1136 3296 Deo,
1170 3235 1262 3287 sed
1284 3237 1443 3288 etiam
1475 3237 1529 3289 in
1567 3236 1709 3288 omni
1755 3243 2001 3288 creatura
2038 3253 2149 3289 esse
2192 3238 2634 3306 manifestissimis
2675 3237 2913 3290 declarat
2944 3236 3230 3308 exemplis;
3255 3254 3451 3308 pereas

196 3336 434 3390 namque
465 3322 673 3373 ordines
702 3321 986 3374 caelestium
1019 3320 1364 3374 essentiarum
1391 3331 1439 3373 et
1465 3321 1836 3374 discernuntur
1870 3334 1919 3373 et
1949 3322 2288 3374 ordinantur.
2327 3322 2394 3375 Et
2422 3339 2527 3392 qua
2556 3326 2760 3376 ratione
2795 3323 2933 3377 Deus
2955 3325 3146 3376 dicitur
3170 3341 3373 3378 movere
3401 3335 3453 3380 et

194 3409 416 3470 moveri,
449 3408 573 3460 dum
610 3409 676 3460 sit
697 3408 1039 3461 immutabilis
1067 3425 1082 3470 ;
1115 3417 1162 3461 et
1189 3407 1327 3478 quod
1354 3423 1444 3461 nec
1489 3408 1757 3462 sensibilia
1808 3426 1900 3480 per
1926 3427 2136 3463 sensum
2187 3410 2324 3463 Deus
2357 3413 2572 3470 sentiat,
2613 3427 2707 3464 nec
2758 3411 3108 3480 intelligibilia
3133 3428 3226 3481 per
3247 3413 3452 3466 intelle.

192 3503 363 3554 ctum,
400 3510 490 3546 nec
510 3493 777 3557 sensibilia
802 3509 897 3564 per
924 3493 1269 3558 intellectum,
1303 3511 1397 3549 nec
1419 3493 1772 3566 intelligibilia
1821 3513 1913 3566 per
1951 3513 2197 3560 sensum,
2224 3497 2314 3550 sed
2350 3499 2526 3550 omnia
2549 3499 2602 3550 in
2623 3499 2834 3551 arternis
2858 3499 2965 3550 suis
3006 3498 3296 3551 rationibus
3327 3516 3450 3552 con-

94 3630 99 3635 .
196 3580 513 3648 temptatur.
548 3581 622 3634 De
642 3583 850 3634 unitate
871 3597 1077 3651 quoque
1106 3584 1268 3636 trium
1303 3583 1608 3636 divinarum
1659 3585 2106 3647 substantiarum,
2150 3585 2314 3654 deque
2363 3585 2522 3637 tribus
2561 3585 2866 3638 substantiis
2899 3585 3088 3638 divinet
3115 3586 3335 3640 unitatis
3362 3604 3450 3642 ve-

196 3667 300 3720 luti
353 3668 714 3736 mysticissimo
748 3667 1064 3721 mirabiliter
1099 3669 1336 3739 disputat
1367 3673 1620 3735 senario;
1652 3681 1700 3724 et
1743 3671 1912 3726 multa
1960 3674 2089 3735 alia,
2135 3690 2250 3742 quae
2283 3674 2544 3726 studiosus
2574 3672 2842 3734 pratsentis
2893 3673 3065 3744 operis
3120 3671 3282 3726 lector
3304 3675 3447 3729 inve-

192 3755 328 3808 niet.
365 3754 704 3808 Eusebestate
735 3754 803 3824 (c)
829 3756 994 3825 igitur
1025 3771 1230 3826 regum,
1289 3771 1419 3826 opus
1452 3757 1589 3826 quod
1638 3759 1707 3809 ad
1737 3774 2064 3811 communem
2105 3759 2373 3812 catholica:
2406 3758 2530 3826 ﬁdei
2557 3759 2999 3812 illuminationem
3038 3761 3274 3829 jussistis
3302 3759 3442 3829 ﬁeri,

191 3839 473 3894 altissima!
515 3841 846 3895 auctoritatis
877 3851 1062 3896 vestra:
1087 3843 1282 3905 iudicio
1309 3858 1414 3895 non
1449 3845 1708 3912 respuatis
1732 3844 1970 3898 roborari
1989 3884 2003 3907 ,
2041 3854 2089 3896 et
2122 3847 2260 3896 inter
2297 3845 2494 3898 similia
2521 3860 2669 3897 sana:
2693 3845 2943 3899 doctrinae
2970 3847 3322 3900 instrumenta
3355 3863 3445 3902 re-

187 3928 320 3994 cipi,
346 3945 466 3981 cum
493 3944 556 3981 cx
581 3929 1009 3997 praeclarissimis
1038 3928 1343 3983 ercorum
1375 3929 1601 3998 fontibus
1623 3946 1726 3983 non
1755 3931 1995 3983 dubitetis
2016 3929 2278 3994 derivari;
2310 3930 2365 3983 in
2398 3930 2580 3999 quibus
2603 3931 2649 3983 si
2669 3929 2795 3998 quid
2815 3931 3092 4000 incognita
3108 3931 3278 3985 adhuc
3297 3932 3442 3987 nobis

190 4013 452 4068 doctrina:
478 4016 798 4078 inveniatur,
828 4015 1131 4068 auctoribus
1153 4015 1277 4084 ipsis
1317 4024 1392 4070 est
1413 4016 1791 4085 deputandum,
1816 4017 1938 4087 quia
1963 4031 2116 4069 nemo
2139 4015 2286 4070 aliud
2318 4017 2371 4070 in
2405 4018 2498 4070 hoc
2525 4032 2682 4086 opere
2704 4024 2838 4069 recte
2870 4018 2996 4070 mihi
3021 4017 3164 4071 debet
3191 4019 3438 4086 tribuere,

191 4101 298 4154 nisi
323 4101 654 4155 solummodo
685 4101 995 4171 simpliciter
1022 4101 1373 4155 transtulisse.

693 4236 793 4291 ΕΚ
824 4238 967 4290 ΤΟΥ
994 4239 1254 4292 ΑΥΤΟΥ.

1202 4239 1254 4292 Υ.
2457 4237 2558 4292 EX
2594 4239 2854 4294 EODEM.

191 4346 352 4415 Πρὸς
392 4347 668 4418 Ἰωάννην
691 4348 1176 4417 άρχιεπίσκοπον
1209 4349 1467 4411 Κυζίκου
1503 4351 1773 4423 Μάξιμος
1801 4351 1842 4405 Α

1801 4351 1842 4405 Α
1873 4351 2215 4408 Sanctissinto
2240 4371 2300 4406 ac
2321 4353 2618 4407 beatissinto
2643 4355 3028 4424 archiepiscopo
3053 4354 3225 4425 Cyzici
3241 4355 3438 4414 Joanni

691 4437 760 4490 ἐν
785 4440 976 4507 Κυρίῳ
1006 4440 1256 4507 χαίρειν.
2082 4443 2350 4497 Maximus

2082 4443 2351 4497 Maximus
2375 4442 2584 4496 humilis
2615 4444 2897 4496 monachus
2922 4442 3147 4497 salutem

273 4535 658 4590 Ἐπαινοῦνται
695 4538 814 4608 μὲν,
851 4538 943 4592 καὶ
975 4539 1137 4608 τυχὸν
1160 4539 1383 4603 δικαίως
1406 4579 1422 4604 ,
1455 4541 1606 4612 παρὰ
1634 4543 1766 4596 πάν-

1941 4541 2260 4596 Laudantur
2284 4540 2528 4610 quidem,
2555 4549 2610 4594 et
2629 4539 2882 4594 fortassis
2904 4542 3072 4611 juste,
3091 4540 3163 4594 ab
3183 4542 3440 4600 omnibus

184 4643 300 4679 των
345 4627 448 4694 τῆς
491 4628 844 4699 φιλομαθείας
891 4630 1078 4683 ἕνεκεν
1117 4632 1165 4684 οἱ
1209 4632 1606 4704 προθυμότεροι
1657 4635 1767 4686 τῶν

1869 4631 1964 4700 qui
2012 4632 2152 4684 bona
2201 4640 2430 4700 propter
2475 4630 2717 4684 studium
2761 4629 3030 4686 doctrinae
3073 4634 3440 4703 promptiores

190 4717 378 4770 ra).th
407 4718 635 4788 ἐρασταὶ
662 4720 876 4790 καὶτῆς
903 4722 988 4773 ἐπ’
1015 4722 1200 4784 αὐτοῖς
1226 4723 1536 4794 ἐπιστήμης
1566 4725 1764 4794 ἐπιμε-

1871 4730 2074 4784 amant,
2099 4732 2155 4774 et
2191 4720 2558 4789 disciplinam,
2590 4736 2711 4788 qua:
2746 4720 2800 4772 in
2836 4721 2920 4774 eis
2951 4730 3057 4784 est,
3087 4722 3438 4778 sollicitiores

186 4809 354 4877 ὶητειὶ
383 4811 789 4883 σπουδαιότερα
817 4815 932 4875 τοῖς
958 4812 1236 4882 κρείττοσι
1267 4814 1361 4868 καὶ
1384 4815 1491 4866 τῶν
1523 4815 1765 4885 κρειττό-

1870 4813 2134 4881 cogitant,
2164 4811 2231 4864 ad
2267 4812 2525 4864 meliores
2551 4819 2606 4864 et
2639 4809 2928 4864 meliorum
2958 4811 3250 4880 magistros
3283 4827 3438 4867 acce-

187 4915 300 4950 νων
331 4898 673 4965 διδατκάλοις
706 4902 1022 4972 προσιόντες
1043 4945 1055 4966 ,
1090 4902 1172 4955 ὄτι
1203 4902 1270 4954 δι’
1301 4905 1764 4975 ὲρωτήσεωςτὴν

1871 4905 2086 4964 dentes,
2115 4903 2242 4971 quia
2280 4918 2378 4970 per
2409 4901 2892 4969 interrogationem
2929 4903 3235 4970 sapientum
3269 4903 3434 4959 disci-

186 4986 392 5055 γνῶσιν
420 4988 527 5041 τῶν
554 4991 906 5062 ἠγνοημένων
954 4995 1048 5045 καὶ
1071 4994 1176 5062 τὴν,
1199 4994 1510 5064 ἐπιστήμην
1543 4996 1765 5048 ἀνεπαι-

1872 4995 2074 5064 plinam
2105 5003 2424 5046 reverenter
2445 4991 2802 5060 accipientes,
2827 5005 2886 5045 se
2915 4991 3064 5060 ipsos
3091 4992 3159 5046 ab
3183 4993 3436 5063 ignoran-

188 5079 440 5151 σχόντως
494 5082 862 5152 λαμϐάνοντες
925 5086 1065 5155 σφᾶς
1135 5087 1331 5149 αὐτοὺς
1391 5086 1612 5154 ἀγνοίας
1673 5086 1765 5138 καὶ

1873 5086 1945 5138 tia
1987 5093 2044 5138 et
2082 5084 2354 5154 imperitia
2393 5093 2448 5138 et
2488 5097 2676 5137 earum
2715 5083 3015 5152 opprobrio
3048 5083 3304 5140 liberant.
3329 5086 3437 5141 Vos

258 5216 340 5352 gul
367 5215 542 5285 Leges
574 5217 767 5288 Cyzici.
803 5218 1004 5289 (ϐιαιο.)
1871 5220 2122 5274 meminit
2147 5219 2396 5280 Photius,
2429 5218 2971 5273 meminitBarunius
2997 5228 3053 5273 et
3080 5219 3435 5274 incodicibus

287 5286 339 5352 b)
374 5285 425 5339 ls
447 5294 532 5339 est
559 5287 725 5352 hujus
753 5289 939 5352 operis
965 5290 1180 5345 titulus.
1204 5290 1339 5346 Nam
1369 5290 1579 5345 Scholia
1611 5289 1760 5345 aliud
1872 5291 2156 5344 Vaticanis
2185 5289 2395 5343 servari
2433 5298 2694 5342 testatur.
2726 5287 2924 5352 (Gale.)

287 5286 339 5352 b)
374 5285 425 5339 ls
447 5294 532 5358 est
559 5285 725 5358 hujus
753 5285 939 5358 operis
965 5285 1180 5345 titulus.
1204 5290 1339 5346 Nam
1369 5290 1579 5345 Scholia
1611 5289 1760 5345 aliud
1872 5291 2156 5344 Vaticanis
2185 5289 2395 5343 servari
2433 5298 2694 5342 testatur.
2726 5287 2924 5355 (Gale.)

187 5364 454 5432 opusest
477 5355 652 5432 liuius
696 5355 939 5432 Μιιὶίιῐξί-ἶ
981 5359 1202 5432 Ηοωῐηγ
1238 5361 1612 5432 Ambiguorum
1646 5359 1762 5428 ipse
1906 5430 1914 5432 _
1945 5359 2012 5428 (c)
2042 5359 2282 5432 |EademA
2306 5373 2470 5412 manu
2510 5359 2562 5432 i_n
2595 5360 3061 5432 marg.uscriptum
3089 5358 3267 5432 reperi
3286 5358 3430 5432 Piis-

188 5425 449 5480 meminit
475 5425 746 5482 Maiimus
783 5444 839 5498 p.
875 5428 942 5483 l5
990 5430 1128 5485 tomi
1163 5431 1204 5484 ll
1254 5425 1411 5501 Opp:
1451 5425 1765 5494 editoru—tn;
1870 5425 2020 5483 sime.
2046 5425 2226 5482 Credo
2251 5427 2474 5484 Scotum
2506 5427 2692 5483 Graeca
2725 5425 3034 5492 atl‘ectasse,
3073 5439 3132 5482 ut
3156 5425 3318 5483 alibi.
3351 5430 3428 5484 Id.

250 5537 268 5555 ⁶
304 5537 470 5605 Exstat
502 5539 608 5605 bzgc
637 5539 847 5605 epistola
887 5539 1020 5605 inter
1057 5541 1218 5605 Opera
1258 5543 1458 5592 Joannis
1499 5542 1630 5591 Scoti
1660 5543 1864 5605 (nostra:
1891 5540 2209 5605 Patrologice
2247 5539 2425 5605 Latina;
2467 5548 2581 5591 tom.
2608 5538 2795 5598 CXX",
2823 5551 2881 5588 ex
2911 5541 3440 5605 recensioneloannm

183 5597 344 5667 llenr.
377 5599 532 5667 Ιθιοεει2
558 5597 872 5667 Bonnensls).
909 5603 1061 5667 ξονι-ο
1096 5597 1158 5655 ex
1185 5605 1440 5667 utriusque
1466 5597 1697 5655 editionis
1736 5603 1998 5654 collatione
2035 5597 2187 5653 multa
2223 5601 2531 5653 restituimus
2559 5615 2668 5664 quae
2698 5597 2992 5652 correctoris
3027 5602 3256 5651 Halensis
3279 5616 3426 5652 caeca.

188 5665 402 5712 mutem
426 5664 622 5712 oculum
647 5662 892 5723 fugerant.
919 5663 1036 5714 Enrr

246 5723 272 5743 "
318 5723 502 5772 Joanne
526 5725 673 5775 Scoto
695 5727 991 5788 interprete.
