  <div class='ocr_page' id='page_1' title='image "/cluster/home/n/w/nwhite01/storage/ocr_20150623/91/nnc1.0038446014/543.png"; bbox 0 0 4200 6440; ppageno 0'>
   <div class='ocr_carea' id='block_1_1' title="bbox 748 395 882 461">
    <p class='ocr_par' dir='ltr' id='par_1_1' title="bbox 748 395 882 461">
     <span class='ocr_line' id='line_1_1' title="bbox 748 395 882 461; baseline -0.007 0"><span class='ocrx_word' id='word_1_1' title='bbox 748 395 882 461; x_wconf 79' lang='lat'><strong>1061</strong></span> 
     </span>
    </p>
   </div>
   <div class='ocr_carea' id='block_1_2' title="bbox 1908 405 2839 468">
    <p class='ocr_par' dir='ltr' id='par_1_2' title="bbox 1908 405 2839 468">
     <span class='ocr_line' id='line_1_2' title="bbox 1908 405 2839 468; baseline 0.008 -6"><span class='ocrx_word' id='word_1_2' title='bbox 1908 405 1965 465; x_wconf 87' lang='lat' dir='ltr'><strong>S.</strong></span> <span class='ocrx_word' id='word_1_3' title='bbox 2009 405 2295 465; x_wconf 76' lang='grc' dir='ltr'><strong>ΜΛΧΙΜῙ</strong></span> <span class='ocrx_word' id='word_1_4' title='bbox 2330 405 2839 468; x_wconf 72' lang='lat' dir='ltr'><strong>CONFESSORIS</strong></span> 
     </span>
    </p>
   </div>
   <div class='ocr_carea' id='block_1_3' title="bbox 3866 415 4019 479">
    <p class='ocr_par' dir='ltr' id='par_1_3' title="bbox 3866 415 4019 479">
     <span class='ocr_line' id='line_1_3' title="bbox 3866 415 4019 479; baseline 0.013 -2"><span class='ocrx_word' id='word_1_5' title='bbox 3866 415 4019 479; x_wconf 83' lang='lat'><strong>1068</strong></span> 
     </span>
    </p>
   </div>
   <div class='ocr_carea' id='block_1_4' title="bbox 746 508 2318 598">
    <p class='ocr_par' dir='ltr' id='par_1_4' title="bbox 746 508 2318 581">
     <span class='ocr_line' id='line_1_4' title="bbox 746 508 2318 581; baseline 0.007 -20"><span class='ocrx_word' id='word_1_6' title='bbox 746 521 890 562; x_wconf 80' lang='lat' dir='ltr'><strong>unus</strong></span> <span class='ocrx_word' id='word_1_7' title='bbox 909 508 1248 565; x_wconf 80' lang='lat' dir='ltr'><strong>constitutus</strong></span> <span class='ocrx_word' id='word_1_8' title='bbox 1301 524 1445 577; x_wconf 81' lang='lat' dir='ltr'><strong>sum,</strong></span> <span class='ocrx_word' id='word_1_9' title='bbox 1492 525 1683 581; x_wconf 80' lang='lat' dir='ltr'><strong>pacem</strong></span> <span class='ocrx_word' id='word_1_10' title='bbox 1724 513 1938 570; x_wconf 81' lang='lat' dir='ltr'><strong>habens</strong></span> <span class='ocrx_word' id='word_1_11' title='bbox 1968 517 2024 570; x_wconf 88' lang='lat' dir='ltr'><strong>in</strong></span> <span class='ocrx_word' id='word_1_12' title='bbox 2060 518 2318 572; x_wconf 85' lang='lat' dir='ltr'><strong>omnibus</strong></span> 
     </span>
    </p>
   </div>
   <div class='ocr_carea' id='block_1_5' title="bbox 2420 508 4019 598">
    <p class='ocr_par' dir='ltr' id='par_1_5' title="bbox 2424 518 4019 598">
     <span class='ocr_line' id='line_1_5' title="bbox 2424 518 4019 598; baseline 0.008 -29"><span class='ocrx_word' id='word_1_13' title='bbox 2424 519 2586 571; x_wconf 80' lang='grc' dir='ltr'>αυτὸν</span> <span class='ocrx_word' id='word_1_14' title='bbox 2617 520 2880 583; x_wconf 83' lang='grc' dir='ltr'>ἀπλὼσας</span> <span class='ocrx_word' id='word_1_15' title='bbox 2921 518 3078 590; x_wconf 78' lang='grc' dir='ltr'>Θεῷ,</span> <span class='ocrx_word' id='word_1_16' title='bbox 3122 520 3419 595; x_wconf 75' lang='grc' dir='ltr'><strong>ἀδιαιρέτῳ</strong></span> <span class='ocrx_word' id='word_1_17' title='bbox 3458 526 3599 579; x_wconf 78' lang='grc' dir='ltr'><strong>κατά</strong></span> <span class='ocrx_word' id='word_1_18' title='bbox 3641 527 3740 598; x_wconf 77' lang='grc' dir='ltr'>τὴν</span> <span class='ocrx_word' id='word_1_19' title='bbox 3774 529 4019 598; x_wconf 76' lang='grc' dir='ltr'>γνώμην</span> 
     </span>
    </p>
   </div>
   <div class='ocr_carea' id='block_1_6' title="bbox 744 596 2325 677">
    <p class='ocr_par' dir='ltr' id='par_1_6' title="bbox 744 596 2325 677">
     <span class='ocr_line' id='line_1_6' title="bbox 744 596 2325 677; baseline 0.01 -29"><span class='ocrx_word' id='word_1_20' title='bbox 744 604 802 649; x_wconf 90' lang='lat' dir='ltr'><strong>et</strong></span> <span class='ocrx_word' id='word_1_21' title='bbox 859 596 1350 652; x_wconf 73' lang='lat' dir='ltr'><strong>sanctificationem</strong></span> <span class='ocrx_word' id='word_1_22' title='bbox 1381 641 1395 663; x_wconf 93' lang='lat'><strong>,</strong></span> <span class='ocrx_word' id='word_1_23' title='bbox 1445 602 1653 671; x_wconf 86' lang='lat' dir='ltr'><strong>quippe</strong></span> <span class='ocrx_word' id='word_1_24' title='bbox 1692 619 1779 657; x_wconf 89' lang='lat' dir='ltr'><strong>me</strong></span> <span class='ocrx_word' id='word_1_25' title='bbox 1826 606 2005 675; x_wconf 87' lang='lat' dir='ltr'><strong>ipsum</strong></span> <span class='ocrx_word' id='word_1_26' title='bbox 2039 609 2325 677; x_wconf 81' lang='lat' dir='ltr'><strong>applicans</strong></span> 
     </span>
    </p>
   </div>
   <div class='ocr_carea' id='block_1_7' title="bbox 747 680 2323 762">
    <p class='ocr_par' dir='ltr' id='par_1_7' title="bbox 747 680 2323 762">
     <span class='ocr_line' id='line_1_7' title="bbox 747 680 2323 762; baseline 0.012 -28"><span class='ocrx_word' id='word_1_27' title='bbox 747 680 861 734; x_wconf 82' lang='lat' dir='ltr'><strong>Deo</strong></span> <span class='ocrx_word' id='word_1_28' title='bbox 888 682 1241 752; x_wconf 77' lang='lat' dir='ltr'><strong>inseparabili</strong></span> <span class='ocrx_word' id='word_1_29' title='bbox 1274 702 1373 755; x_wconf 86' lang='lat' dir='ltr'><strong>per</strong></span> <span class='ocrx_word' id='word_1_30' title='bbox 1402 690 1776 759; x_wconf 84' lang='lat' dir='ltr'><strong>cognitionem</strong></span> <span class='ocrx_word' id='word_1_31' title='bbox 1818 694 2206 762; x_wconf 82' lang='lat' dir='ltr'><strong>similitudine,</strong></span> <span class='ocrx_word' id='word_1_32' title='bbox 2245 684 2323 752; x_wconf 75' lang='lat' dir='ltr'><strong>ir-</strong></span> 
     </span>
    </p>
   </div>
   <div class='ocr_carea' id='block_1_8' title="bbox 747 772 2321 855">
    <p class='ocr_par' dir='ltr' id='par_1_8' title="bbox 747 772 2321 855">
     <span class='ocr_line' id='line_1_8' title="bbox 747 772 2321 855; baseline 0.014 -32"><span class='ocrx_word' id='word_1_33' title='bbox 747 772 1107 827; x_wconf 80' lang='lat' dir='ltr'><strong>rationabiles</strong></span> <span class='ocrx_word' id='word_1_34' title='bbox 1157 775 1397 833; x_wconf 72' lang='lat' dir='ltr'><strong>virtutes</strong></span> <span class='ocrx_word' id='word_1_35' title='bbox 1449 781 1648 835; x_wconf 75' lang='lat' dir='ltr'><strong>anima:</strong></span> <span class='ocrx_word' id='word_1_36' title='bbox 1697 786 1994 854; x_wconf 85' lang='lat' dir='ltr'><strong>cogitando</strong></span> <span class='ocrx_word' id='word_1_37' title='bbox 2038 788 2321 855; x_wconf 76' lang='lat' dir='ltr'><strong>decenter,</strong></span> 
     </span>
    </p>
   </div>
   <div class='ocr_carea' id='block_1_9' title="bbox 745 863 2325 935">
    <p class='ocr_par' dir='ltr' id='par_1_9' title="bbox 745 863 2325 935">
     <span class='ocr_line' id='line_1_9' title="bbox 745 863 2325 935; baseline 0.016 -25"><span class='ocrx_word' id='word_1_38' title='bbox 745 868 803 912; x_wconf 77' lang='lat' dir='ltr'><strong>et</strong></span> <span class='ocrx_word' id='word_1_39' title='bbox 854 863 1025 915; x_wconf 86' lang='lat' dir='ltr'><strong>menti</strong></span> <span class='ocrx_word' id='word_1_40' title='bbox 1076 879 1175 932; x_wconf 90' lang='lat' dir='ltr'><strong>per</strong></span> <span class='ocrx_word' id='word_1_41' title='bbox 1232 869 1507 923; x_wconf 90' lang='lat' dir='ltr'><strong>rationem</strong></span> <span class='ocrx_word' id='word_1_42' title='bbox 1563 872 1893 929; x_wconf 88' lang='lat' dir='ltr'><strong>addueendo</strong></span> <span class='ocrx_word' id='word_1_43' title='bbox 1927 886 1984 932; x_wconf 94' lang='lat' dir='ltr'><strong>et</strong></span> <span class='ocrx_word' id='word_1_44' title='bbox 2024 878 2325 935; x_wconf 89' lang='lat' dir='ltr'><strong>familiares</strong></span> 
     </span>
    </p>
   </div>
   <div class='ocr_carea' id='block_1_10' title="bbox 747 950 2322 1035">
    <p class='ocr_par' dir='ltr' id='par_1_10' title="bbox 747 950 2322 1035">
     <span class='ocr_line' id='line_1_10' title="bbox 747 950 2322 1035; baseline 0.015 -33"><span class='ocrx_word' id='word_1_45' title='bbox 747 950 1022 1014; x_wconf 86' lang='lat' dir='ltr'><strong>faciendo,</strong></span> <span class='ocrx_word' id='word_1_46' title='bbox 1071 954 1315 1011; x_wconf 80' lang='lat' dir='ltr'><strong>furorem</strong></span> <span class='ocrx_word' id='word_1_47' title='bbox 1365 960 1494 1015; x_wconf 89' lang='lat' dir='ltr'><strong>dico</strong></span> <span class='ocrx_word' id='word_1_48' title='bbox 1529 971 1587 1018; x_wconf 89' lang='lat' dir='ltr'><strong>et</strong></span> <span class='ocrx_word' id='word_1_49' title='bbox 1616 967 2149 1035; x_wconf 87' lang='lat' dir='ltr'><strong>concupiscentiam,</strong></span> <span class='ocrx_word' id='word_1_50' title='bbox 2198 987 2322 1025; x_wconf 88' lang='lat' dir='ltr'><strong>eam</strong></span> 
     </span>
    </p>
   </div>
   <div class='ocr_carea' id='block_1_11' title="bbox 743 1041 2324 1129">
    <p class='ocr_par' dir='ltr' id='par_1_11' title="bbox 743 1041 2324 1129">
     <span class='ocr_line' id='line_1_11' title="bbox 743 1041 2324 1129; baseline 0.015 -37"><span class='ocrx_word' id='word_1_51' title='bbox 743 1041 970 1108; x_wconf 81' lang='lat' dir='ltr'><strong>quidem</strong></span> <span class='ocrx_word' id='word_1_52' title='bbox 999 1044 1053 1097; x_wconf 91' lang='lat' dir='ltr'><strong>in</strong></span> <span class='ocrx_word' id='word_1_53' title='bbox 1087 1046 1437 1116; x_wconf 87' lang='lat' dir='ltr'><strong>charitatem,</strong></span> <span class='ocrx_word' id='word_1_54' title='bbox 1493 1070 1620 1109; x_wconf 90' lang='lat' dir='ltr'><strong>eum</strong></span> <span class='ocrx_word' id='word_1_55' title='bbox 1650 1072 1783 1111; x_wconf 90' lang='lat' dir='ltr'><strong>vero</strong></span> <span class='ocrx_word' id='word_1_56' title='bbox 1817 1058 1872 1111; x_wconf 93' lang='lat' dir='ltr'><strong>in</strong></span> <span class='ocrx_word' id='word_1_57' title='bbox 1898 1060 2161 1129; x_wconf 75' lang='lat' dir='ltr'><strong>gaudium</strong></span> <span class='ocrx_word' id='word_1_58' title='bbox 2203 1079 2324 1116; x_wconf 88' lang='lat' dir='ltr'><strong>mu-</strong></span> 
     </span>
    </p>
   </div>
   <div class='ocr_carea' id='block_1_12' title="bbox 746 1134 2323 1214">
    <p class='ocr_par' dir='ltr' id='par_1_12' title="bbox 746 1134 2323 1214">
     <span class='ocr_line' id='line_1_12' title="bbox 746 1134 2323 1214; baseline 0.016 -33"><span class='ocrx_word' id='word_1_59' title='bbox 746 1138 902 1197; x_wconf 79' lang='lat' dir='ltr'><strong>tans;</strong></span> <span class='ocrx_word' id='word_1_60' title='bbox 932 1134 1209 1202; x_wconf 86' lang='lat' dir='ltr'><strong>siquidem</strong></span> <span class='ocrx_word' id='word_1_61' title='bbox 1234 1142 1421 1210; x_wconf 88' lang='lat' dir='ltr'><strong>gaudii</strong></span> <span class='ocrx_word' id='word_1_62' title='bbox 1447 1147 1733 1214; x_wconf 91' lang='lat' dir='ltr'><strong>proprium</strong></span> <span class='ocrx_word' id='word_1_63' title='bbox 1755 1158 1840 1203; x_wconf 89' lang='lat' dir='ltr'><strong>est</strong></span> <span class='ocrx_word' id='word_1_64' title='bbox 1863 1150 2142 1205; x_wconf 80' lang='lat' dir='ltr'><strong>exsultare</strong></span> <span class='ocrx_word' id='word_1_65' title='bbox 2174 1152 2323 1207; x_wconf 79' lang='lat' dir='ltr'><strong>divi-</strong></span> 
     </span>
    </p>
   </div>
   <div class='ocr_carea' id='block_1_13' title="bbox 742 1220 2327 1300">
    <p class='ocr_par' dir='ltr' id='par_1_13' title="bbox 742 1220 2327 1300">
     <span class='ocr_line' id='line_1_13' title="bbox 742 1220 2327 1300; baseline 0.013 -27"><span class='ocrx_word' id='word_1_66' title='bbox 742 1220 897 1276; x_wconf 89' lang='lat' dir='ltr'><strong>nitus</strong></span> <span class='ocrx_word' id='word_1_67' title='bbox 924 1232 982 1277; x_wconf 91' lang='lat' dir='ltr'><strong>et</strong></span> <span class='ocrx_word' id='word_1_68' title='bbox 1003 1224 1203 1291; x_wconf 62' lang='lat' dir='ltr'><strong>laetari,</strong></span> <span class='ocrx_word' id='word_1_69' title='bbox 1243 1229 1390 1283; x_wconf 82' lang='lat' dir='ltr'><strong>sicut</strong></span> <span class='ocrx_word' id='word_1_70' title='bbox 1412 1235 1824 1300; x_wconf 67' lang='lat' dir='ltr'><strong>prasexsultavit</strong></span> <span class='ocrx_word' id='word_1_71' title='bbox 1848 1252 1916 1291; x_wconf 82' lang='lat' dir='ltr'><strong>ex</strong></span> <span class='ocrx_word' id='word_1_72' title='bbox 1946 1248 2119 1293; x_wconf 88' lang='lat' dir='ltr'><strong>matre</strong></span> <span class='ocrx_word' id='word_1_73' title='bbox 2160 1239 2327 1294; x_wconf 82' lang='lat' dir='ltr'><strong>Joan-</strong></span> 
     </span>
    </p>
   </div>
   <div class='ocr_carea' id='block_1_14' title="bbox 744 1321 2321 1400">
    <p class='ocr_par' dir='ltr' id='par_1_14' title="bbox 744 1321 2321 1400">
     <span class='ocr_line' id='line_1_14' title="bbox 744 1321 2321 1400; baseline 0.013 -35"><span class='ocrx_word' id='word_1_74' title='bbox 744 1327 873 1376; x_wconf 85' lang='lat' dir='ltr'><strong>nes,</strong></span> <span class='ocrx_word' id='word_1_75' title='bbox 915 1329 1149 1387; x_wconf 81' lang='lat' dir='ltr'><strong>magnus</strong></span> <span class='ocrx_word' id='word_1_76' title='bbox 1180 1321 1435 1377; x_wconf 85' lang='lat' dir='ltr'><strong>veritatis</strong></span> <span class='ocrx_word' id='word_1_77' title='bbox 1494 1339 1808 1393; x_wconf 67' lang='lat' dir='ltr'><strong>prmeursor</strong></span> <span class='ocrx_word' id='word_1_78' title='bbox 1855 1337 1913 1383; x_wconf 93' lang='lat' dir='ltr'><strong>et</strong></span> <span class='ocrx_word' id='word_1_79' title='bbox 1952 1330 2321 1400; x_wconf 68' lang='lat' dir='ltr'><strong>prmdicator;</strong></span> 
     </span>
    </p>
   </div>
   <div class='ocr_carea' id='block_1_15' title="bbox 744 1406 2325 1479">
    <p class='ocr_par' dir='ltr' id='par_1_15' title="bbox 744 1406 2325 1479">
     <span class='ocr_line' id='line_1_15' title="bbox 744 1406 2325 1479; baseline 0.012 -23"><span class='ocrx_word' id='word_1_80' title='bbox 744 1413 839 1457; x_wconf 87' lang='lat' dir='ltr'><strong>aut</strong></span> <span class='ocrx_word' id='word_1_81' title='bbox 880 1406 1053 1470; x_wconf 87' lang='lat' dir='ltr'><strong>sicut,</strong></span> <span class='ocrx_word' id='word_1_82' title='bbox 1108 1407 1241 1462; x_wconf 91' lang='lat' dir='ltr'><strong>dum</strong></span> <span class='ocrx_word' id='word_1_83' title='bbox 1285 1412 1577 1479; x_wconf 85' lang='lat' dir='ltr'><strong>quiescere</strong></span> <span class='ocrx_word' id='word_1_84' title='bbox 1613 1416 1745 1470; x_wconf 89' lang='lat' dir='ltr'><strong>fecit</strong></span> <span class='ocrx_word' id='word_1_85' title='bbox 1787 1434 1969 1473; x_wconf 88' lang='lat' dir='ltr'><strong>arcam</strong></span> <span class='ocrx_word' id='word_1_86' title='bbox 2026 1421 2191 1474; x_wconf 91' lang='lat' dir='ltr'><strong>lsrael</strong></span> <span class='ocrx_word' id='word_1_87' title='bbox 2229 1437 2325 1475; x_wconf 73' lang='lat' dir='ltr'><strong>rex</strong></span> 
     </span>
    </p>
   </div>
   <div class='ocr_carea' id='block_1_16' title="bbox 749 1488 2324 1577">
    <p class='ocr_par' dir='ltr' id='par_1_16' title="bbox 749 1488 2324 1577">
     <span class='ocr_line' id='line_1_16' title="bbox 749 1488 2324 1577; baseline 0.013 -36"><span class='ocrx_word' id='word_1_88' title='bbox 749 1488 946 1544; x_wconf 77' lang='lat' dir='ltr'><strong>David.</strong></span> <span class='ocrx_word' id='word_1_89' title='bbox 982 1492 1040 1546; x_wconf 85' lang='lat' dir='ltr'><strong>In</strong></span> <span class='ocrx_word' id='word_1_90' title='bbox 1077 1506 1251 1550; x_wconf 88' lang='lat' dir='ltr'><strong>matre</strong></span> <span class='ocrx_word' id='word_1_91' title='bbox 1281 1498 1430 1551; x_wconf 88' lang='lat' dir='ltr'><strong>enim</strong></span> <span class='ocrx_word' id='word_1_92' title='bbox 1475 1500 1601 1571; x_wconf 86' lang='lat' dir='ltr'><strong>(etsi</strong></span> <span class='ocrx_word' id='word_1_93' title='bbox 1643 1503 1883 1558; x_wconf 83' lang='lat' dir='ltr'><strong>diﬂicilis</strong></span> <span class='ocrx_word' id='word_1_94' title='bbox 1910 1507 2073 1571; x_wconf 82' lang='lat' dir='ltr'><strong>ratio,</strong></span> <span class='ocrx_word' id='word_1_95' title='bbox 2118 1508 2324 1577; x_wconf 85' lang='lat' dir='ltr'><strong>quippe</strong></span> 
     </span>
    </p>
   </div>
   <div class='ocr_carea' id='block_1_17' title="bbox 744 1581 2327 1663">
    <p class='ocr_par' dir='ltr' id='par_1_17' title="bbox 744 1581 2327 1663">
     <span class='ocr_line' id='line_1_17' title="bbox 744 1581 2327 1663; baseline 0.014 -31"><span class='ocrx_word' id='word_1_96' title='bbox 744 1581 892 1636; x_wconf 76' lang='lat' dir='ltr'><strong>invia</strong></span> <span class='ocrx_word' id='word_1_97' title='bbox 931 1586 1143 1650; x_wconf 89' lang='lat' dir='ltr'><strong>multis,</strong></span> <span class='ocrx_word' id='word_1_98' title='bbox 1170 1588 1267 1641; x_wconf 88' lang='lat' dir='ltr'><strong>sed</strong></span> <span class='ocrx_word' id='word_1_99' title='bbox 1315 1600 1497 1644; x_wconf 89' lang='lat' dir='ltr'><strong>tamen</strong></span> <span class='ocrx_word' id='word_1_100' title='bbox 1531 1596 1684 1663; x_wconf 89' lang='lat' dir='ltr'><strong>vera)</strong></span> <span class='ocrx_word' id='word_1_101' title='bbox 1715 1604 1772 1649; x_wconf 91' lang='lat' dir='ltr'><strong>et</strong></span> <span class='ocrx_word' id='word_1_102' title='bbox 1794 1612 1895 1650; x_wconf 90' lang='lat' dir='ltr'><strong>nos</strong></span> <span class='ocrx_word' id='word_1_103' title='bbox 1924 1606 1981 1651; x_wconf 90' lang='lat' dir='ltr'><strong>et</strong></span> <span class='ocrx_word' id='word_1_104' title='bbox 2018 1599 2165 1653; x_wconf 89' lang='lat' dir='ltr'><strong>Deus</strong></span> <span class='ocrx_word' id='word_1_105' title='bbox 2193 1601 2327 1653; x_wconf 83' lang='lat' dir='ltr'><strong>Ver-</strong></span> 
     </span>
    </p>
   </div>
   <div class='ocr_carea' id='block_1_18' title="bbox 741 1671 2321 1758">
    <p class='ocr_par' dir='ltr' id='par_1_18' title="bbox 741 1671 2321 1758">
     <span class='ocr_line' id='line_1_18' title="bbox 741 1671 2321 1758; baseline 0.015 -35"><span class='ocrx_word' id='word_1_106' title='bbox 741 1671 872 1724; x_wconf 84' lang='lat' dir='ltr'><strong>bum</strong></span> <span class='ocrx_word' id='word_1_107' title='bbox 894 1688 1109 1735; x_wconf 88' lang='lat' dir='ltr'><strong>sumus.</strong></span> <span class='ocrx_word' id='word_1_108' title='bbox 1136 1677 1230 1745; x_wconf 85' lang='lat' dir='ltr'><strong>qui</strong></span> <span class='ocrx_word' id='word_1_109' title='bbox 1254 1680 1634 1739; x_wconf 88' lang='lat' dir='ltr'><strong>universitatis</strong></span> <span class='ocrx_word' id='word_1_110' title='bbox 1659 1696 1746 1741; x_wconf 89' lang='lat' dir='ltr'><strong>est</strong></span> <span class='ocrx_word' id='word_1_111' title='bbox 1764 1688 1941 1742; x_wconf 91' lang='lat' dir='ltr'><strong>factor</strong></span> <span class='ocrx_word' id='word_1_112' title='bbox 1956 1698 2013 1743; x_wconf 90' lang='lat' dir='ltr'><strong>et</strong></span> <span class='ocrx_word' id='word_1_113' title='bbox 2033 1690 2321 1758; x_wconf 86' lang='lat' dir='ltr'><strong>Dominus;</strong></span> 
     </span>
    </p>
   </div>
   <div class='ocr_carea' id='block_1_19' title="bbox 736 1761 2325 1845">
    <p class='ocr_par' dir='ltr' id='par_1_19' title="bbox 736 1761 2325 1845">
     <span class='ocr_line' id='line_1_19' title="bbox 736 1761 2325 1845; baseline 0.016 -33"><span class='ocrx_word' id='word_1_114' title='bbox 736 1761 833 1828; x_wconf 92' lang='lat' dir='ltr'><strong>qui</strong></span> <span class='ocrx_word' id='word_1_115' title='bbox 869 1765 1091 1831; x_wconf 90' lang='lat' dir='ltr'><strong>quidem</strong></span> <span class='ocrx_word' id='word_1_116' title='bbox 1122 1766 1181 1820; x_wconf 92' lang='lat' dir='ltr'><strong>in</strong></span> <span class='ocrx_word' id='word_1_117' title='bbox 1206 1773 1497 1837; x_wconf 64' lang='lat' dir='ltr'><strong>praesentis</strong></span> <span class='ocrx_word' id='word_1_118' title='bbox 1532 1774 1658 1827; x_wconf 67' lang='lat' dir='ltr'><strong>vitae</strong></span> <span class='ocrx_word' id='word_1_119' title='bbox 1702 1783 1848 1831; x_wconf 87' lang='lat' dir='ltr'><strong>statu</strong></span> <span class='ocrx_word' id='word_1_120' title='bbox 1890 1781 2141 1845; x_wconf 83' lang='lat' dir='ltr'><strong>occulte,</strong></span> <span class='ocrx_word' id='word_1_121' title='bbox 2172 1784 2325 1839; x_wconf 81' lang='lat' dir='ltr'><strong>velut</strong></span> 
     </span>
    </p>
   </div>
   <div class='ocr_carea' id='block_1_20' title="bbox 2425 609 4017 688">
    <p class='ocr_par' dir='ltr' id='par_1_20' title="bbox 2425 609 4017 688">
     <span class='ocr_line' id='line_1_20' title="bbox 2425 609 4017 688; baseline 0.006 -27"><span class='ocrx_word' id='word_1_122' title='bbox 2425 609 2734 680; x_wconf 81' lang='grc' dir='ltr'>ταυτότητι,</span> <span class='ocrx_word' id='word_1_123' title='bbox 2784 610 2862 680; x_wconf 80' lang='grc' dir='ltr'>τῷ</span> <span class='ocrx_word' id='word_1_124' title='bbox 2889 612 2987 674; x_wconf 88' lang='grc' dir='ltr'><strong>τάς</strong></span> <span class='ocrx_word' id='word_1_125' title='bbox 3032 612 3262 680; x_wconf 83' lang='grc' dir='ltr'>ἀλόγους</span> <span class='ocrx_word' id='word_1_126' title='bbox 3289 615 3551 685; x_wconf 77' lang='grc' dir='ltr'>δυνάμεις</span> <span class='ocrx_word' id='word_1_127' title='bbox 3579 619 3679 686; x_wconf 82' lang='grc' dir='ltr'>τῆς</span> <span class='ocrx_word' id='word_1_128' title='bbox 3702 619 3881 688; x_wconf 74' lang='grc' dir='ltr'>ψυχῆς</span> <span class='ocrx_word' id='word_1_129' title='bbox 3918 620 4017 670; x_wconf 79' lang='grc' dir='ltr'>λο-</span> 
     </span>
    </p>
   </div>
   <div class='ocr_carea' id='block_1_21' title="bbox 2423 702 4018 780">
    <p class='ocr_par' dir='ltr' id='par_1_21' title="bbox 2423 702 4018 780">
     <span class='ocr_line' id='line_1_21' title="bbox 2423 702 4018 780; baseline 0.005 -27"><span class='ocrx_word' id='word_1_130' title='bbox 2423 702 2577 769; x_wconf 79' lang='grc' dir='ltr'>γίσαι</span> <span class='ocrx_word' id='word_1_131' title='bbox 2604 718 2664 754; x_wconf 88' lang='grc' dir='ltr'><strong>τε</strong></span> <span class='ocrx_word' id='word_1_132' title='bbox 2696 704 3017 772; x_wconf 82' lang='grc' dir='ltr'><strong>πρεπόντως</strong></span> <span class='ocrx_word' id='word_1_133' title='bbox 3051 704 3146 757; x_wconf 78' lang='grc' dir='ltr'><strong>καὶ</strong></span> <span class='ocrx_word' id='word_1_134' title='bbox 3188 705 3267 774; x_wconf 84' lang='grc' dir='ltr'>νῷ</span> <span class='ocrx_word' id='word_1_135' title='bbox 3302 706 3391 760; x_wconf 81' lang='grc' dir='ltr'>διὰ</span> <span class='ocrx_word' id='word_1_136' title='bbox 3433 708 3596 775; x_wconf 85' lang='grc' dir='ltr'>λόγου</span> <span class='ocrx_word' id='word_1_137' title='bbox 3624 712 4018 780; x_wconf 69' lang='grc' dir='ltr'><strong>προσαγαγεῖν</strong></span> 
     </span>
    </p>
   </div>
   <div class='ocr_carea' id='block_1_22' title="bbox 2425 793 4018 869">
    <p class='ocr_par' dir='ltr' id='par_1_22' title="bbox 2425 793 4018 869">
     <span class='ocr_line' id='line_1_22' title="bbox 2425 793 4018 869; baseline 0.003 -23"><span class='ocrx_word' id='word_1_138' title='bbox 2425 795 2520 847; x_wconf 79' lang='grc' dir='ltr'><strong>καὶ</strong></span> <span class='ocrx_word' id='word_1_139' title='bbox 2550 793 2932 849; x_wconf 81' lang='grc' dir='ltr'>οίκειώσασθαι</span> <span class='ocrx_word' id='word_1_140' title='bbox 2957 834 2973 859; x_wconf 87' lang='lat'><strong>,</strong></span> <span class='ocrx_word' id='word_1_141' title='bbox 3007 797 3179 865; x_wconf 86' lang='grc' dir='ltr'>θυμὸν</span> <span class='ocrx_word' id='word_1_142' title='bbox 3223 797 3368 865; x_wconf 76' lang='grc' dir='ltr'>λέγω</span> <span class='ocrx_word' id='word_1_143' title='bbox 3413 800 3506 852; x_wconf 79' lang='grc' dir='ltr'><strong>καὶ</strong></span> <span class='ocrx_word' id='word_1_144' title='bbox 3550 800 3858 869; x_wconf 76' lang='grc' dir='ltr'>ἐπιθυμίαν,</span> <span class='ocrx_word' id='word_1_145' title='bbox 3912 802 4018 853; x_wconf 74' lang='grc' dir='ltr'>τὸν</span> 
     </span>
    </p>
   </div>
   <div class='ocr_carea' id='block_1_23' title="bbox 2428 886 4011 960">
    <p class='ocr_par' dir='ltr' id='par_1_23' title="bbox 2428 886 4011 960">
     <span class='ocr_line' id='line_1_23' title="bbox 2428 886 4011 960; baseline 0.004 -23"><span class='ocrx_word' id='word_1_146' title='bbox 2428 886 2526 955; x_wconf 79' lang='grc' dir='ltr'>μὲν</span> <span class='ocrx_word' id='word_1_147' title='bbox 2552 886 2630 948; x_wconf 79' lang='grc' dir='ltr'><strong>είς</strong></span> <span class='ocrx_word' id='word_1_148' title='bbox 2657 886 2903 955; x_wconf 83' lang='grc' dir='ltr'><strong>ἀγάπην,</strong></span> <span class='ocrx_word' id='word_1_149' title='bbox 2938 890 3036 958; x_wconf 80' lang='grc' dir='ltr'>τὴν</span> <span class='ocrx_word' id='word_1_150' title='bbox 3061 889 3117 940; x_wconf 86' lang='grc' dir='ltr'>δὲ</span> <span class='ocrx_word' id='word_1_151' title='bbox 3150 890 3230 950; x_wconf 84' lang='grc' dir='ltr'>εις</span> <span class='ocrx_word' id='word_1_152' title='bbox 3261 891 3435 959; x_wconf 79' lang='grc' dir='ltr'>χαρὰν</span> <span class='ocrx_word' id='word_1_153' title='bbox 3470 890 3791 960; x_wconf 70' lang='grc' dir='ltr'>μεταϐαλὼν</span> <span class='ocrx_word' id='word_1_154' title='bbox 3809 894 3872 955; x_wconf 65' lang='grc' dir='ltr'><strong>υ,</strong></span> <span class='ocrx_word' id='word_1_155' title='bbox 3922 894 4011 944; x_wconf 75' lang='grc' dir='ltr'><strong>ετ-</strong></span> 
     </span>
    </p>
   </div>
   <div class='ocr_carea' id='block_1_24' title="bbox 2425 978 4012 1051">
    <p class='ocr_par' dir='ltr' id='par_1_24' title="bbox 2425 978 4012 1051">
     <span class='ocr_line' id='line_1_24' title="bbox 2425 978 4012 1051; baseline 0.003 -20"><span class='ocrx_word' id='word_1_156' title='bbox 2425 995 2533 1047; x_wconf 85' lang='grc' dir='ltr'><strong>περ</strong></span> <span class='ocrx_word' id='word_1_157' title='bbox 2566 979 2739 1047; x_wconf 81' lang='grc' dir='ltr'>χαρᾶς</span> <span class='ocrx_word' id='word_1_158' title='bbox 2773 978 2903 1031; x_wconf 79' lang='grc' dir='ltr'>[διον</span> <span class='ocrx_word' id='word_1_159' title='bbox 2932 980 2995 1032; x_wconf 83' lang='grc' dir='ltr'><strong>τδ</strong></span> <span class='ocrx_word' id='word_1_160' title='bbox 3025 982 3255 1051; x_wconf 63' lang='grc' dir='ltr'>αιρτᾷν</span> <span class='ocrx_word' id='word_1_161' title='bbox 3284 980 3608 1051; x_wconf 78' lang='grc' dir='ltr'><strong>θεοπρεπῶς</strong></span> <span class='ocrx_word' id='word_1_162' title='bbox 3638 985 3733 1035; x_wconf 74' lang='grc' dir='ltr'><strong>καὶ</strong></span> <span class='ocrx_word' id='word_1_163' title='bbox 3761 984 4012 1049; x_wconf 78' lang='grc' dir='ltr'>ἀγάλλε-</span> 
     </span>
    </p>
   </div>
   <div class='ocr_carea' id='block_1_25' title="bbox 2428 1068 4010 1143">
    <p class='ocr_par' dir='ltr' id='par_1_25' title="bbox 2428 1068 4010 1143">
     <span class='ocr_line' id='line_1_25' title="bbox 2428 1068 4010 1143; baseline 0.004 -24"><span class='ocrx_word' id='word_1_164' title='bbox 2428 1068 2555 1121; x_wconf 92' lang='grc' dir='ltr'>σθαι</span> <span class='ocrx_word' id='word_1_165' title='bbox 2580 1069 2721 1122; x_wconf 80' lang='grc' dir='ltr'><strong>κατά</strong></span> <span class='ocrx_word' id='word_1_166' title='bbox 2748 1068 2842 1120; x_wconf 83' lang='grc' dir='ltr'>τὸν</span> <span class='ocrx_word' id='word_1_167' title='bbox 2870 1070 2937 1122; x_wconf 70' lang='grc' dir='ltr'><strong>ἐκ</strong></span> <span class='ocrx_word' id='word_1_168' title='bbox 2968 1072 3182 1140; x_wconf 87' lang='grc' dir='ltr'>μήτρας</span> <span class='ocrx_word' id='word_1_169' title='bbox 3205 1073 3689 1143; x_wconf 80' lang='grc' dir='ltr'>προσκιρτήσαντα</span> <span class='ocrx_word' id='word_1_170' title='bbox 3724 1075 4010 1143; x_wconf 74' lang='grc' dir='ltr'>Ἰωάννην,</span> 
     </span>
    </p>
   </div>
   <div class='ocr_carea' id='block_1_26' title="bbox 2424 1160 4011 1233">
    <p class='ocr_par' dir='ltr' id='par_1_26' title="bbox 2424 1160 4011 1233">
     <span class='ocr_line' id='line_1_26' title="bbox 2424 1160 4011 1233; baseline 0.003 -24"><span class='ocrx_word' id='word_1_171' title='bbox 2424 1160 2515 1210; x_wconf 84' lang='grc' dir='ltr'>τὸν</span> <span class='ocrx_word' id='word_1_172' title='bbox 2548 1160 2718 1227; x_wconf 82' lang='grc' dir='ltr'>μέγαν</span> <span class='ocrx_word' id='word_1_173' title='bbox 2750 1160 2849 1229; x_wconf 78' lang='grc' dir='ltr'>τῆς</span> <span class='ocrx_word' id='word_1_174' title='bbox 2894 1160 3154 1229; x_wconf 77' lang='grc' dir='ltr'><strong>ἀληθείας</strong></span> <span class='ocrx_word' id='word_1_175' title='bbox 3189 1162 3498 1231; x_wconf 86' lang='grc' dir='ltr'>πρόδρομόν</span> <span class='ocrx_word' id='word_1_176' title='bbox 3526 1180 3585 1215; x_wconf 88' lang='grc' dir='ltr'><strong>τε</strong></span> <span class='ocrx_word' id='word_1_177' title='bbox 3620 1165 3714 1216; x_wconf 73' lang='grc' dir='ltr'><strong>καὶ</strong></span> <span class='ocrx_word' id='word_1_178' title='bbox 3756 1166 4011 1233; x_wconf 77' lang='grc' dir='ltr'>κήρυκα.</span> 
     </span>
    </p>
   </div>
   <div class='ocr_carea' id='block_1_27' title="bbox 2424 1250 4015 1323">
    <p class='ocr_par' dir='ltr' id='par_1_27' title="bbox 2424 1250 4015 1323">
     <span class='ocr_line' id='line_1_27' title="bbox 2424 1250 4015 1323; baseline 0.002 -22"><span class='ocrx_word' id='word_1_179' title='bbox 2424 1250 2458 1317; x_wconf 77' lang='grc' dir='ltr'>ἦ</span> <span class='ocrx_word' id='word_1_180' title='bbox 2493 1250 2585 1301; x_wconf 75' lang='grc' dir='ltr'>τὸν</span> <span class='ocrx_word' id='word_1_181' title='bbox 2626 1250 2721 1303; x_wconf 72' lang='grc' dir='ltr'><strong>ἐπὶ</strong></span> <span class='ocrx_word' id='word_1_182' title='bbox 2762 1253 2828 1320; x_wconf 82' lang='grc' dir='ltr'>τῇ</span> <span class='ocrx_word' id='word_1_183' title='bbox 2889 1252 3234 1305; x_wconf 75' lang='grc' dir='ltr'><strong>καταπαύσει</strong></span> <span class='ocrx_word' id='word_1_184' title='bbox 3266 1252 3366 1321; x_wconf 78' lang='grc' dir='ltr'>τῆς</span> <span class='ocrx_word' id='word_1_185' title='bbox 3390 1252 3625 1306; x_wconf 75' lang='grc' dir='ltr'>κιϐωτοῦ</span> <span class='ocrx_word' id='word_1_186' title='bbox 3653 1254 3747 1307; x_wconf 75' lang='grc' dir='ltr'><strong>τοῦ</strong></span> <span class='ocrx_word' id='word_1_187' title='bbox 3784 1253 4015 1323; x_wconf 72' lang='grc' dir='ltr'>Ἰσραήλ</span> 
     </span>
    </p>
   </div>
   <div class='ocr_carea' id='block_1_28' title="bbox 2427 1340 4018 1415">
    <p class='ocr_par' dir='ltr' id='par_1_28' title="bbox 2427 1340 4018 1415">
     <span class='ocr_line' id='line_1_28' title="bbox 2427 1340 4018 1415; baseline 0.003 -23"><span class='ocrx_word' id='word_1_188' title='bbox 2427 1340 2652 1409; x_wconf 78' lang='grc' dir='ltr'><strong>βασιλέα</strong></span> <span class='ocrx_word' id='word_1_189' title='bbox 2680 1342 2865 1395; x_wconf 76' lang='grc' dir='ltr'>Δαθίδ.</span> <span class='ocrx_word' id='word_1_190' title='bbox 2908 1342 2997 1394; x_wconf 85' lang='grc' dir='ltr'>Ἐν</span> <span class='ocrx_word' id='word_1_191' title='bbox 3026 1343 3209 1413; x_wconf 76' lang='grc' dir='ltr'>μήτρα</span> <span class='ocrx_word' id='word_1_192' title='bbox 3240 1346 3349 1415; x_wconf 70' lang='grc' dir='ltr'><strong>γὰρ</strong></span> <span class='ocrx_word' id='word_1_193' title='bbox 3377 1344 3514 1412; x_wconf 78' lang='grc' dir='ltr'><strong>(κᾶν</strong></span> <span class='ocrx_word' id='word_1_194' title='bbox 3545 1347 3594 1396; x_wconf 87' lang='grc' dir='ltr'><strong>εί</strong></span> <span class='ocrx_word' id='word_1_195' title='bbox 3632 1348 3835 1414; x_wconf 73' lang='grc' dir='ltr'>τραχὺς</span> <span class='ocrx_word' id='word_1_196' title='bbox 3858 1349 3888 1399; x_wconf 98' lang='lat'><strong>6</strong></span> <span class='ocrx_word' id='word_1_197' title='bbox 3919 1345 4018 1397; x_wconf 77' lang='grc' dir='ltr'>λό-</span> 
     </span>
    </p>
   </div>
   <div class='ocr_carea' id='block_1_29' title="bbox 2426 1431 4017 1505">
    <p class='ocr_par' dir='ltr' id='par_1_29' title="bbox 2426 1431 4017 1505">
     <span class='ocr_line' id='line_1_29' title="bbox 2426 1431 4017 1505; baseline 0.002 -24"><span class='ocrx_word' id='word_1_198' title='bbox 2426 1446 2521 1496; x_wconf 88' lang='grc' dir='ltr'><strong>γος</strong></span> <span class='ocrx_word' id='word_1_199' title='bbox 2545 1432 2620 1494; x_wconf 83' lang='grc' dir='ltr'>ὡς</span> <span class='ocrx_word' id='word_1_200' title='bbox 2650 1432 2880 1503; x_wconf 79' lang='grc' dir='ltr'>ἀτριδής</span> <span class='ocrx_word' id='word_1_201' title='bbox 2905 1434 3020 1494; x_wconf 84' lang='grc' dir='ltr'>τοῖς</span> <span class='ocrx_word' id='word_1_202' title='bbox 3068 1434 3284 1496; x_wconf 83' lang='grc' dir='ltr'>πολλοῖς</span> <span class='ocrx_word' id='word_1_203' title='bbox 3303 1474 3319 1498; x_wconf 86' lang='grc'><em>,</em></span> <span class='ocrx_word' id='word_1_204' title='bbox 3350 1434 3467 1487; x_wconf 84' lang='grc' dir='ltr'>ἀλλ’</span> <span class='ocrx_word' id='word_1_205' title='bbox 3496 1431 3588 1487; x_wconf 82' lang='grc' dir='ltr'><strong>οὖν</strong></span> <span class='ocrx_word' id='word_1_206' title='bbox 3617 1436 3856 1505; x_wconf 74' lang='grc' dir='ltr'>ἀληθὴς)</span> <span class='ocrx_word' id='word_1_207' title='bbox 3905 1435 4017 1489; x_wconf 76' lang='grc' dir='ltr'><strong>καὶ</strong></span> 
     </span>
    </p>
   </div>
   <div class='ocr_carea' id='block_1_30' title="bbox 2426 1521 4016 1594">
    <p class='ocr_par' dir='ltr' id='par_1_30' title="bbox 2426 1521 4016 1594">
     <span class='ocr_line' id='line_1_30' title="bbox 2426 1521 4016 1594; baseline 0.003 -24"><span class='ocrx_word' id='word_1_208' title='bbox 2426 1521 2587 1587; x_wconf 78' lang='grc' dir='ltr'>ἡμεῖς</span> <span class='ocrx_word' id='word_1_209' title='bbox 2611 1522 2706 1575; x_wconf 72' lang='grc' dir='ltr'><strong>καὶ</strong></span> <span class='ocrx_word' id='word_1_210' title='bbox 2737 1522 2766 1573; x_wconf 86' lang='lat'><strong>6</strong></span> <span class='ocrx_word' id='word_1_211' title='bbox 2793 1522 2928 1580; x_wconf 76' lang='grc' dir='ltr'>Θεὸς</span> <span class='ocrx_word' id='word_1_212' title='bbox 2956 1521 3131 1589; x_wconf 80' lang='grc' dir='ltr'>Λόγος</span> <span class='ocrx_word' id='word_1_213' title='bbox 3160 1523 3328 1591; x_wconf 67' lang='grc' dir='ltr'>ἐσμεν</span> <span class='ocrx_word' id='word_1_214' title='bbox 3356 1524 3385 1574; x_wconf 88' lang='grc' dir='ltr'><strong>ό</strong></span> <span class='ocrx_word' id='word_1_215' title='bbox 3410 1522 3505 1575; x_wconf 74' lang='grc' dir='ltr'>τοῦ</span> <span class='ocrx_word' id='word_1_216' title='bbox 3526 1525 3729 1585; x_wconf 74' lang='grc' dir='ltr'>παντὸς</span> <span class='ocrx_word' id='word_1_217' title='bbox 3759 1525 4016 1594; x_wconf 71' lang='grc' dir='ltr'>Ποιητὴς</span> 
     </span>
    </p>
   </div>
   <div class='ocr_carea' id='block_1_31' title="bbox 2426 1612 4019 1685">
    <p class='ocr_par' dir='ltr' id='par_1_31' title="bbox 2426 1612 4019 1685">
     <span class='ocr_line' id='line_1_31' title="bbox 2426 1612 4019 1685; baseline 0.004 -24"><span class='ocrx_word' id='word_1_218' title='bbox 2426 1612 2519 1662; x_wconf 77' lang='grc' dir='ltr'>καὶ</span> <span class='ocrx_word' id='word_1_219' title='bbox 2549 1612 2825 1682; x_wconf 83' lang='grc' dir='ltr'><strong>Δεσπότης</strong></span> <span class='ocrx_word' id='word_1_220' title='bbox 2852 1652 2869 1675; x_wconf 82' lang='grc'><strong><em>,</em></strong></span> <span class='ocrx_word' id='word_1_221' title='bbox 2916 1614 2975 1665; x_wconf 71' lang='grc' dir='ltr'>ὲν</span> <span class='ocrx_word' id='word_1_222' title='bbox 3017 1615 3085 1683; x_wconf 79' lang='grc' dir='ltr'><strong>τῇ</strong></span> <span class='ocrx_word' id='word_1_223' title='bbox 3116 1612 3372 1685; x_wconf 77' lang='grc' dir='ltr'><strong>παρούσῃ</strong></span> <span class='ocrx_word' id='word_1_224' title='bbox 3414 1615 3517 1683; x_wconf 85' lang='grc' dir='ltr'>τῆς</span> <span class='ocrx_word' id='word_1_225' title='bbox 3559 1614 3705 1682; x_wconf 80' lang='grc' dir='ltr'>ζωῆς</span> <span class='ocrx_word' id='word_1_226' title='bbox 3734 1616 4019 1668; x_wconf 77' lang='grc' dir='ltr'>καταστά-</span> 
     </span>
    </p>
   </div>
   <div class='ocr_carea' id='block_1_32' title="bbox 2427 1702 4019 1773">
    <p class='ocr_par' dir='ltr' id='par_1_32' title="bbox 2427 1702 4019 1773">
     <span class='ocr_line' id='line_1_32' title="bbox 2427 1702 4019 1773; baseline 0.003 -22"><span class='ocrx_word' id='word_1_227' title='bbox 2427 1716 2529 1759; x_wconf 86' lang='grc' dir='ltr'>σει.</span> <span class='ocrx_word' id='word_1_228' title='bbox 2564 1702 2593 1753; x_wconf 86' lang='grc' dir='ltr'><strong>ό</strong></span> <span class='ocrx_word' id='word_1_229' title='bbox 2628 1702 2731 1770; x_wconf 83' lang='grc' dir='ltr'>μὲν</span> <span class='ocrx_word' id='word_1_230' title='bbox 2757 1703 3019 1773; x_wconf 77' lang='grc' dir='ltr'><strong>ἀμυδρῶς</strong></span> <span class='ocrx_word' id='word_1_231' title='bbox 3044 1704 3121 1765; x_wconf 85' lang='grc' dir='ltr'>ὼς</span> <span class='ocrx_word' id='word_1_232' title='bbox 3148 1705 3206 1755; x_wconf 81' lang='grc' dir='ltr'>ὲν</span> <span class='ocrx_word' id='word_1_233' title='bbox 3234 1704 3441 1773; x_wconf 69' lang='grc' dir='ltr'>μήτρᾳ,</span> <span class='ocrx_word' id='word_1_234' title='bbox 3480 1706 3575 1757; x_wconf 78' lang='grc' dir='ltr'><strong>καὶ</strong></span> <span class='ocrx_word' id='word_1_235' title='bbox 3607 1705 3765 1773; x_wconf 82' lang='grc' dir='ltr'>μόγις</span> <span class='ocrx_word' id='word_1_236' title='bbox 3802 1705 3876 1772; x_wconf 84' lang='grc' dir='ltr'>τῷ</span> <span class='ocrx_word' id='word_1_237' title='bbox 3912 1707 4019 1756; x_wconf 77' lang='lat' dir='ltr'><strong>al-</strong></span> 
     </span>
    </p>
   </div>
   <div class='ocr_carea' id='block_1_33' title="bbox 2427 1790 4017 1864">
    <p class='ocr_par' dir='ltr' id='par_1_33' title="bbox 2427 1790 4017 1864">
     <span class='ocr_line' id='line_1_33' title="bbox 2427 1790 4017 1864; baseline 0.005 -23"><span class='ocrx_word' id='word_1_238' title='bbox 2427 1790 2610 1860; x_wconf 81' lang='grc' dir='ltr'>σθητῷ</span> <span class='ocrx_word' id='word_1_239' title='bbox 2638 1792 2813 1861; x_wconf 86' lang='grc' dir='ltr'>τούτῳ</span> <span class='ocrx_word' id='word_1_240' title='bbox 2861 1795 3053 1864; x_wconf 80' lang='grc' dir='ltr'>κόσμῳ</span> <span class='ocrx_word' id='word_1_241' title='bbox 3085 1794 3499 1863; x_wconf 79' lang='grc' dir='ltr'>διαφαινόμενος</span> <span class='ocrx_word' id='word_1_242' title='bbox 3523 1835 3538 1859; x_wconf 84' lang='grc'><strong><em>,</em></strong></span> <span class='ocrx_word' id='word_1_243' title='bbox 3577 1796 3671 1848; x_wconf 75' lang='grc' dir='ltr'><strong>καὶ</strong></span> <span class='ocrx_word' id='word_1_244' title='bbox 3698 1795 3850 1848; x_wconf 83' lang='grc' dir='ltr'>τοῦτο</span> <span class='ocrx_word' id='word_1_245' title='bbox 3880 1798 4017 1858; x_wconf 66' lang='lat' dir='ltr'><strong>toi;</strong></span> 
     </span>
    </p>
   </div>
   <div class='ocr_carea' id='block_1_34' title="bbox 740 1854 2318 1956">
    <p class='ocr_par' dir='ltr' id='par_1_34' title="bbox 740 1854 2318 1944">
     <span class='ocr_line' id='line_1_34' title="bbox 740 1854 2318 1944; baseline 0.016 -39"><span class='ocrx_word' id='word_1_246' title='bbox 740 1854 791 1906; x_wconf 93' lang='lat' dir='ltr'><strong>in</strong></span> <span class='ocrx_word' id='word_1_247' title='bbox 823 1864 1019 1919; x_wconf 90' lang='lat' dir='ltr'><strong>matre,</strong></span> <span class='ocrx_word' id='word_1_248' title='bbox 1058 1866 1113 1911; x_wconf 96' lang='lat' dir='ltr'><strong>et</strong></span> <span class='ocrx_word' id='word_1_249' title='bbox 1155 1858 1246 1913; x_wconf 80' lang='lat' dir='ltr'><strong>vix</strong></span> <span class='ocrx_word' id='word_1_250' title='bbox 1292 1864 1577 1919; x_wconf 80' lang='lat' dir='ltr'><strong>sensibilis</strong></span> <span class='ocrx_word' id='word_1_251' title='bbox 1618 1867 1751 1922; x_wconf 92' lang='lat' dir='ltr'><strong>huic</strong></span> <span class='ocrx_word' id='word_1_252' title='bbox 1805 1872 2015 1926; x_wconf 90' lang='lat' dir='ltr'><strong>mundo</strong></span> <span class='ocrx_word' id='word_1_253' title='bbox 2067 1887 2318 1944; x_wconf 87' lang='lat' dir='ltr'><strong>apparet,</strong></span> 
     </span>
    </p>
   </div>
   <div class='ocr_carea' id='block_1_35' title="bbox 2420 1854 4019 1956">
    <p class='ocr_par' dir='ltr' id='par_1_35' title="bbox 2425 1854 4019 1956">
     <span class='ocr_line' id='line_1_35' title="bbox 2425 1854 4019 1956; baseline 0.003 -23"><span class='ocrx_word' id='word_1_254' title='bbox 2425 1854 2863 1953; x_wconf 38' lang='grc' dir='ltr'>κατὰ-Ἰωάννην</span> <span class='ocrx_word' id='word_1_255' title='bbox 2886 1854 3268 1955; x_wconf 62' lang='grc' dir='ltr'>τῷπνεύματι</span> <span class='ocrx_word' id='word_1_256' title='bbox 3292 1926 3307 1949; x_wconf 87' lang='grc'><em>,</em></span> <span class='ocrx_word' id='word_1_257' title='bbox 3338 1854 3391 1938; x_wconf 70' lang='grc' dir='ltr'>οἱ</span> <span class='ocrx_word' id='word_1_258' title='bbox 3418 1854 3801 1956; x_wconf 26' lang='grc' dir='ltr'>δ’νάνθρωποι,</span> <span class='ocrx_word' id='word_1_259' title='bbox 3829 1887 3907 1950; x_wconf 80' lang='grc' dir='ltr'>ὡς</span> <span class='ocrx_word' id='word_1_260' title='bbox 3942 1854 4019 1940; x_wconf 51' lang='grc' dir='ltr'>εξ</span> 
     </span>
    </p>
   </div>
   <div class='ocr_carea' id='block_1_36' title="bbox 736 1944 2319 2032">
    <p class='ocr_par' dir='ltr' id='par_1_36' title="bbox 736 1944 2319 2032">
     <span class='ocr_line' id='line_1_36' title="bbox 736 1944 2319 2032; baseline 0.015 -38"><span class='ocrx_word' id='word_1_261' title='bbox 736 1951 793 1995; x_wconf 81' lang='lat' dir='ltr'><strong>et</strong></span> <span class='ocrx_word' id='word_1_262' title='bbox 822 1944 950 2009; x_wconf 92' lang='lat' dir='ltr'><strong>hoc,</strong></span> <span class='ocrx_word' id='word_1_263' title='bbox 981 1945 1072 2001; x_wconf 86' lang='lat' dir='ltr'><strong>his</strong></span> <span class='ocrx_word' id='word_1_264' title='bbox 1093 1949 1187 2016; x_wconf 90' lang='lat' dir='ltr'><strong>qui</strong></span> <span class='ocrx_word' id='word_1_265' title='bbox 1213 1960 1347 2005; x_wconf 87' lang='lat' dir='ltr'><strong>sunt</strong></span> <span class='ocrx_word' id='word_1_266' title='bbox 1372 1954 1680 2009; x_wconf 89' lang='lat' dir='ltr'><strong>secundum</strong></span> <span class='ocrx_word' id='word_1_267' title='bbox 1708 1958 1974 2014; x_wconf 88' lang='lat' dir='ltr'><strong>Joannem</strong></span> <span class='ocrx_word' id='word_1_268' title='bbox 2001 1962 2056 2015; x_wconf 90' lang='lat' dir='ltr'><strong>in</strong></span> <span class='ocrx_word' id='word_1_269' title='bbox 2084 1964 2282 2032; x_wconf 90' lang='lat' dir='ltr'><strong>spiritu</strong></span> <span class='ocrx_word' id='word_1_270' title='bbox 2306 1982 2319 2028; x_wconf 93' lang='lat'><strong>;</strong></span> 
     </span>
    </p>
   </div>
   <div class='ocr_carea' id='block_1_37' title="bbox 738 2037 2325 2109">
    <p class='ocr_par' dir='ltr' id='par_1_37' title="bbox 738 2037 2325 2109">
     <span class='ocr_line' id='line_1_37' title="bbox 738 2037 2325 2109; baseline 0.015 -23"><span class='ocrx_word' id='word_1_271' title='bbox 738 2037 989 2092; x_wconf 83' lang='lat' dir='ltr'><strong>homines</strong></span> <span class='ocrx_word' id='word_1_272' title='bbox 1028 2054 1159 2092; x_wconf 91' lang='lat' dir='ltr'><strong>vero</strong></span> <span class='ocrx_word' id='word_1_273' title='bbox 1184 2042 1355 2095; x_wconf 89' lang='lat' dir='ltr'><strong>veluti</strong></span> <span class='ocrx_word' id='word_1_274' title='bbox 1386 2058 1453 2096; x_wconf 78' lang='lat' dir='ltr'><strong>ex</strong></span> <span class='ocrx_word' id='word_1_275' title='bbox 1501 2056 1699 2109; x_wconf 89' lang='lat' dir='ltr'><strong>matre,</strong></span> <span class='ocrx_word' id='word_1_276' title='bbox 1743 2052 2021 2107; x_wconf 84' lang='lat' dir='ltr'><strong>materiali</strong></span> <span class='ocrx_word' id='word_1_277' title='bbox 2066 2055 2325 2109; x_wconf 81' lang='lat' dir='ltr'><strong>videlicet</strong></span> 
     </span>
    </p>
   </div>
   <div class='ocr_carea' id='block_1_38' title="bbox 734 2129 2322 2212">
    <p class='ocr_par' dir='ltr' id='par_1_38' title="bbox 734 2129 2322 2212">
     <span class='ocr_line' id='line_1_38' title="bbox 734 2129 2322 2212; baseline 0.013 -31"><span class='ocrx_word' id='word_1_278' title='bbox 734 2129 1172 2196; x_wconf 83' lang='lat' dir='ltr'><strong>circumstantia,</strong></span> <span class='ocrx_word' id='word_1_279' title='bbox 1205 2134 1309 2187; x_wconf 88' lang='lat' dir='ltr'><strong>etsi</strong></span> <span class='ocrx_word' id='word_1_280' title='bbox 1332 2136 1601 2205; x_wconf 87' lang='lat' dir='ltr'><strong>tantisper</strong></span> <span class='ocrx_word' id='word_1_281' title='bbox 1634 2139 1689 2193; x_wconf 91' lang='lat' dir='ltr'><strong>in</strong></span> <span class='ocrx_word' id='word_1_282' title='bbox 1715 2141 1803 2195; x_wconf 87' lang='lat' dir='ltr'><strong>his</strong></span> <span class='ocrx_word' id='word_1_283' title='bbox 1823 2158 1945 2212; x_wconf 64' lang='lat' dir='ltr'><strong>quae</strong></span> <span class='ocrx_word' id='word_1_284' title='bbox 1978 2155 2107 2198; x_wconf 85' lang='lat' dir='ltr'><strong>sunt</strong></span> <span class='ocrx_word' id='word_1_285' title='bbox 2138 2149 2322 2200; x_wconf 86' lang='lat' dir='ltr'><strong>occul-</strong></span> 
     </span>
    </p>
   </div>
   <div class='ocr_carea' id='block_1_39' title="bbox 734 2222 2319 2307">
    <p class='ocr_par' dir='ltr' id='par_1_39' title="bbox 734 2222 2319 2307">
     <span class='ocr_line' id='line_1_39' title="bbox 734 2222 2319 2307; baseline 0.013 -35"><span class='ocrx_word' id='word_1_286' title='bbox 734 2228 851 2273; x_wconf 88' lang='lat' dir='ltr'><strong>tum</strong></span> <span class='ocrx_word' id='word_1_287' title='bbox 874 2222 1219 2290; x_wconf 89' lang='lat' dir='ltr'><strong>perspiciunt</strong></span> <span class='ocrx_word' id='word_1_288' title='bbox 1236 2225 1500 2279; x_wconf 77' lang='lat' dir='ltr'><strong>Verbum.</strong></span> <span class='ocrx_word' id='word_1_289' title='bbox 1521 2228 1587 2281; x_wconf 83' lang='lat' dir='ltr'><strong>Et</strong></span> <span class='ocrx_word' id='word_1_290' title='bbox 1608 2230 1663 2283; x_wconf 94' lang='lat' dir='ltr'><strong>in</strong></span> <span class='ocrx_word' id='word_1_291' title='bbox 1686 2230 1793 2285; x_wconf 90' lang='lat' dir='ltr'><strong>hoc</strong></span> <span class='ocrx_word' id='word_1_292' title='bbox 1820 2233 2065 2289; x_wconf 81' lang='lat' dir='ltr'><strong>fortassis</strong></span> <span class='ocrx_word' id='word_1_293' title='bbox 2092 2236 2201 2290; x_wconf 90' lang='lat' dir='ltr'><strong>sint</strong></span> <span class='ocrx_word' id='word_1_294' title='bbox 2226 2240 2319 2307; x_wconf 93' lang='lat' dir='ltr'><strong>qui</strong></span> 
     </span>
    </p>
   </div>
   <div class='ocr_carea' id='block_1_40' title="bbox 732 2311 2320 2399">
    <p class='ocr_par' dir='ltr' id='par_1_40' title="bbox 732 2311 2320 2399">
     <span class='ocr_line' id='line_1_40' title="bbox 732 2311 2320 2399; baseline 0.013 -37"><span class='ocrx_word' id='word_1_295' title='bbox 732 2311 952 2379; x_wconf 81' lang='lat' dir='ltr'><strong>gaudiis</strong></span> <span class='ocrx_word' id='word_1_296' title='bbox 987 2312 1218 2368; x_wconf 86' lang='lat' dir='ltr'><strong>Joannis</strong></span> <span class='ocrx_word' id='word_1_297' title='bbox 1268 2314 1563 2385; x_wconf 66' lang='lat' dir='ltr'><strong>laetantur;</strong></span> <span class='ocrx_word' id='word_1_298' title='bbox 1607 2322 1674 2375; x_wconf 92' lang='lat' dir='ltr'><strong>ad</strong></span> <span class='ocrx_word' id='word_1_299' title='bbox 1710 2323 2047 2379; x_wconf 67' lang='lat' dir='ltr'><strong>ineffabilem</strong></span> <span class='ocrx_word' id='word_1_300' title='bbox 2084 2344 2320 2399; x_wconf 89' lang='lat' dir='ltr'><strong>namque</strong></span> 
     </span>
    </p>
   </div>
   <div class='ocr_carea' id='block_1_41' title="bbox 734 2399 2319 2486">
    <p class='ocr_par' dir='ltr' id='par_1_41' title="bbox 734 2399 2319 2486">
     <span class='ocr_line' id='line_1_41' title="bbox 734 2399 2319 2486; baseline 0.012 -34"><span class='ocrx_word' id='word_1_301' title='bbox 734 2399 905 2454; x_wconf 83' lang='lat' dir='ltr'><strong>futuri</strong></span> <span class='ocrx_word' id='word_1_302' title='bbox 942 2402 1131 2456; x_wconf 66' lang='lat' dir='ltr'><strong>saeculi</strong></span> <span class='ocrx_word' id='word_1_303' title='bbox 1183 2404 1414 2471; x_wconf 79' lang='lat' dir='ltr'><strong>gloriam</strong></span> <span class='ocrx_word' id='word_1_304' title='bbox 1464 2416 1520 2459; x_wconf 89' lang='lat' dir='ltr'><strong>et</strong></span> <span class='ocrx_word' id='word_1_305' title='bbox 1566 2408 1895 2474; x_wconf 88' lang='lat' dir='ltr'><strong>claritatem,</strong></span> <span class='ocrx_word' id='word_1_306' title='bbox 1943 2423 1999 2466; x_wconf 94' lang='lat' dir='ltr'><strong>et</strong></span> <span class='ocrx_word' id='word_1_307' title='bbox 2052 2414 2178 2469; x_wconf 66' lang='lat' dir='ltr'><strong>vitae</strong></span> <span class='ocrx_word' id='word_1_308' title='bbox 2198 2433 2319 2486; x_wconf 76' lang='lat' dir='ltr'><strong>qua:</strong></span> 
     </span>
    </p>
   </div>
   <div class='ocr_carea' id='block_1_42' title="bbox 734 2493 2318 2577">
    <p class='ocr_par' dir='ltr' id='par_1_42' title="bbox 734 2493 2318 2577">
     <span class='ocr_line' id='line_1_42' title="bbox 734 2493 2318 2577; baseline 0.011 -31"><span class='ocrx_word' id='word_1_309' title='bbox 734 2493 791 2546; x_wconf 93' lang='lat' dir='ltr'><strong>in</strong></span> <span class='ocrx_word' id='word_1_310' title='bbox 818 2493 939 2562; x_wconf 90' lang='lat' dir='ltr'><strong>ipso</strong></span> <span class='ocrx_word' id='word_1_311' title='bbox 968 2502 1056 2548; x_wconf 91' lang='lat' dir='ltr'><strong>est</strong></span> <span class='ocrx_word' id='word_1_312' title='bbox 1089 2495 1557 2564; x_wconf 69' lang='lat' dir='ltr'><strong>proprietatem&quot;,</strong></span> <span class='ocrx_word' id='word_1_313' title='bbox 1603 2500 1679 2553; x_wconf 89' lang='lat' dir='ltr'><strong>nil</strong></span> <span class='ocrx_word' id='word_1_314' title='bbox 1710 2502 1903 2557; x_wconf 91' lang='lat' dir='ltr'><strong>matris</strong></span> <span class='ocrx_word' id='word_1_315' title='bbox 1923 2503 2318 2577; x_wconf 89' lang='lat' dir='ltr'><strong>distatjudicio</strong></span> 
     </span>
    </p>
   </div>
   <div class='ocr_carea' id='block_1_43' title="bbox 731 2584 2320 2667">
    <p class='ocr_par' dir='ltr' id='par_1_43' title="bbox 731 2584 2320 2667">
     <span class='ocr_line' id='line_1_43' title="bbox 731 2584 2320 2667; baseline 0.011 -30"><span class='ocrx_word' id='word_1_316' title='bbox 731 2584 968 2638; x_wconf 69' lang='lat' dir='ltr'><strong>laetantis</strong></span> <span class='ocrx_word' id='word_1_317' title='bbox 992 2596 1303 2655; x_wconf 86' lang='lat' dir='ltr'><strong>comparata</strong></span> <span class='ocrx_word' id='word_1_318' title='bbox 1320 2604 1563 2657; x_wconf 56' lang='lat' dir='ltr'><strong>praesens</strong></span> <span class='ocrx_word' id='word_1_319' title='bbox 1584 2592 1716 2655; x_wconf 86' lang='lat' dir='ltr'><strong>vita,</strong></span> <span class='ocrx_word' id='word_1_320' title='bbox 1753 2593 1808 2646; x_wconf 93' lang='lat' dir='ltr'><strong>in</strong></span> <span class='ocrx_word' id='word_1_321' title='bbox 1834 2611 1940 2664; x_wconf 90' lang='lat' dir='ltr'><strong>qua</strong></span> <span class='ocrx_word' id='word_1_322' title='bbox 1968 2607 2194 2667; x_wconf 90' lang='lat' dir='ltr'><strong>propter</strong></span> <span class='ocrx_word' id='word_1_323' title='bbox 2218 2616 2320 2654; x_wconf 88' lang='lat' dir='ltr'><strong>nos</strong></span> 
     </span>
    </p>
   </div>
   <div class='ocr_carea' id='block_1_44' title="bbox 662 2676 2315 2758">
    <p class='ocr_par' dir='ltr' id='par_1_44' title="bbox 662 2676 2315 2758">
     <span class='ocr_line' id='line_1_44' title="bbox 662 2676 2315 2758; baseline 0.009 -29"><span class='ocrx_word' id='word_1_324' title='bbox 662 2735 684 2745; x_wconf 38' lang='grc' dir='ltr'>Ἷ</span> <span class='ocrx_word' id='word_1_325' title='bbox 731 2676 973 2732; x_wconf 83' lang='lat' dir='ltr'><strong>infantes</strong></span> <span class='ocrx_word' id='word_1_326' title='bbox 999 2679 1259 2733; x_wconf 87' lang='lat' dir='ltr'><strong>sensibus</strong></span> <span class='ocrx_word' id='word_1_327' title='bbox 1286 2680 1451 2745; x_wconf 90' lang='lat' dir='ltr'><strong>Deus,</strong></span> <span class='ocrx_word' id='word_1_328' title='bbox 1502 2684 1599 2752; x_wconf 93' lang='lat' dir='ltr'><strong>qui</strong></span> <span class='ocrx_word' id='word_1_329' title='bbox 1637 2694 1722 2739; x_wconf 89' lang='lat' dir='ltr'><strong>est</strong></span> <span class='ocrx_word' id='word_1_330' title='bbox 1742 2687 1980 2741; x_wconf 87' lang='lat' dir='ltr'><strong>Verbum</strong></span> <span class='ocrx_word' id='word_1_331' title='bbox 2011 2690 2315 2758; x_wconf 88' lang='lat' dir='ltr'><strong>perfectum</strong></span> 
     </span>
    </p>
   </div>
   <div class='ocr_carea' id='block_1_45' title="bbox 729 2769 2319 2844">
    <p class='ocr_par' dir='ltr' id='par_1_45' title="bbox 729 2769 2319 2844">
     <span class='ocr_line' id='line_1_45' title="bbox 729 2769 2319 2844; baseline 0.011 -23"><span class='ocrx_word' id='word_1_332' title='bbox 729 2778 786 2822; x_wconf 90' lang='lat' dir='ltr'><strong>et</strong></span> <span class='ocrx_word' id='word_1_333' title='bbox 842 2769 967 2839; x_wconf 87' lang='lat' dir='ltr'><strong>plus</strong></span> <span class='ocrx_word' id='word_1_334' title='bbox 1013 2786 1181 2840; x_wconf 91' lang='lat' dir='ltr'><strong>quam</strong></span> <span class='ocrx_word' id='word_1_335' title='bbox 1221 2772 1525 2842; x_wconf 87' lang='lat' dir='ltr'><strong>perfectum</strong></span> <span class='ocrx_word' id='word_1_336' title='bbox 1557 2816 1570 2839; x_wconf 95' lang='lat'><strong>,</strong></span> <span class='ocrx_word' id='word_1_337' title='bbox 1621 2785 1683 2830; x_wconf 92' lang='lat' dir='ltr'><strong>ut</strong></span> <span class='ocrx_word' id='word_1_338' title='bbox 1738 2778 2073 2844; x_wconf 89' lang='lat' dir='ltr'><strong>misericors,</strong></span> <span class='ocrx_word' id='word_1_339' title='bbox 2139 2782 2319 2838; x_wconf 88' lang='lat' dir='ltr'><strong>infans</strong></span> 
     </span>
    </p>
   </div>
   <div class='ocr_carea' id='block_1_46' title="bbox 730 2858 2314 2942">
    <p class='ocr_par' dir='ltr' id='par_1_46' title="bbox 730 2858 2314 2942">
     <span class='ocr_line' id='line_1_46' title="bbox 730 2858 2314 2942; baseline 0.011 -30"><span class='ocrx_word' id='word_1_340' title='bbox 730 2858 911 2915; x_wconf 91' lang='lat' dir='ltr'><strong>factus</strong></span> <span class='ocrx_word' id='word_1_341' title='bbox 948 2871 1054 2916; x_wconf 87' lang='lat' dir='ltr'><strong>est.</strong></span> <span class='ocrx_word' id='word_1_342' title='bbox 1088 2862 1146 2919; x_wconf 89' lang='lat' dir='ltr'><strong>Si</strong></span> <span class='ocrx_word' id='word_1_343' title='bbox 1175 2879 1331 2934; x_wconf 88' lang='lat' dir='ltr'><strong>ergo,</strong></span> <span class='ocrx_word' id='word_1_344' title='bbox 1359 2874 1419 2919; x_wconf 91' lang='lat' dir='ltr'><strong>ut</strong></span> <span class='ocrx_word' id='word_1_345' title='bbox 1450 2866 1664 2921; x_wconf 88' lang='lat' dir='ltr'><strong>dictum</strong></span> <span class='ocrx_word' id='word_1_346' title='bbox 1708 2879 1813 2933; x_wconf 89' lang='lat' dir='ltr'><strong>cst,</strong></span> <span class='ocrx_word' id='word_1_347' title='bbox 1855 2872 1980 2926; x_wconf 88' lang='lat' dir='ltr'><strong>talis</strong></span> <span class='ocrx_word' id='word_1_348' title='bbox 2017 2873 2146 2942; x_wconf 92' lang='lat' dir='ltr'><strong>quis</strong></span> <span class='ocrx_word' id='word_1_349' title='bbox 2169 2891 2314 2939; x_wconf 90' lang='lat' dir='ltr'><strong>sum,</strong></span> 
     </span>
    </p>
   </div>
   <div class='ocr_carea' id='block_1_47' title="bbox 729 2952 2316 3031">
    <p class='ocr_par' dir='ltr' id='par_1_47' title="bbox 729 2952 2316 3031">
     <span class='ocr_line' id='line_1_47' title="bbox 729 2952 2316 3031; baseline 0.011 -27"><span class='ocrx_word' id='word_1_350' title='bbox 729 2952 981 3021; x_wconf 84' lang='lat' dir='ltr'><strong>possibili</strong></span> <span class='ocrx_word' id='word_1_351' title='bbox 1030 2955 1354 3010; x_wconf 88' lang='lat' dir='ltr'><strong>hominibus</strong></span> <span class='ocrx_word' id='word_1_352' title='bbox 1397 2958 1703 3013; x_wconf 86' lang='lat' dir='ltr'><strong>secundum</strong></span> <span class='ocrx_word' id='word_1_353' title='bbox 1760 2975 2092 3031; x_wconf 66' lang='lat' dir='ltr'><strong>praesentem</strong></span> <span class='ocrx_word' id='word_1_354' title='bbox 2145 2966 2316 3021; x_wconf 89' lang='lat' dir='ltr'><strong>vitam</strong></span> 
     </span>
    </p>
   </div>
   <div class='ocr_carea' id='block_1_48' title="bbox 729 3045 2317 3125">
    <p class='ocr_par' dir='ltr' id='par_1_48' title="bbox 729 3045 2317 3125">
     <span class='ocr_line' id='line_1_48' title="bbox 729 3045 2317 3125; baseline 0.009 -28"><span class='ocrx_word' id='word_1_355' title='bbox 729 3045 1109 3100; x_wconf 86' lang='lat' dir='ltr'><strong>transitoriam</strong></span> <span class='ocrx_word' id='word_1_356' title='bbox 1145 3048 1200 3101; x_wconf 91' lang='lat' dir='ltr'><strong>in</strong></span> <span class='ocrx_word' id='word_1_357' title='bbox 1241 3048 1429 3103; x_wconf 87' lang='lat' dir='ltr'><strong>divina</strong></span> <span class='ocrx_word' id='word_1_358' title='bbox 1460 3052 1781 3106; x_wconf 90' lang='lat' dir='ltr'><strong>summitate</strong></span> <span class='ocrx_word' id='word_1_359' title='bbox 1806 3095 1819 3117; x_wconf 93' lang='lat'><strong>,</strong></span> <span class='ocrx_word' id='word_1_360' title='bbox 1862 3057 2160 3125; x_wconf 78' lang='lat' dir='ltr'><strong>neglexero</strong></span> <span class='ocrx_word' id='word_1_361' title='bbox 2185 3073 2317 3112; x_wconf 85' lang='lat' dir='ltr'><strong>vero</strong></span> 
     </span>
    </p>
   </div>
   <div class='ocr_carea' id='block_1_49' title="bbox 729 3132 2317 3212">
    <p class='ocr_par' dir='ltr' id='par_1_49' title="bbox 729 3132 2317 3212">
     <span class='ocr_line' id='line_1_49' title="bbox 729 3132 2317 3212; baseline 0.009 -27"><span class='ocrx_word' id='word_1_362' title='bbox 729 3132 1059 3189; x_wconf 87' lang='lat' dir='ltr'><strong>deiformem</strong></span> <span class='ocrx_word' id='word_1_363' title='bbox 1092 3136 1371 3203; x_wconf 76' lang='lat' dir='ltr'><strong>habitum,</strong></span> <span class='ocrx_word' id='word_1_364' title='bbox 1404 3154 1490 3194; x_wconf 91' lang='lat' dir='ltr'><strong>me</strong></span> <span class='ocrx_word' id='word_1_365' title='bbox 1527 3141 1705 3209; x_wconf 90' lang='lat' dir='ltr'><strong>ipsum</strong></span> <span class='ocrx_word' id='word_1_366' title='bbox 1743 3142 1811 3195; x_wconf 91' lang='lat' dir='ltr'><strong>ad</strong></span> <span class='ocrx_word' id='word_1_367' title='bbox 1842 3144 2095 3212; x_wconf 90' lang='lat' dir='ltr'><strong>corporis</strong></span> <span class='ocrx_word' id='word_1_368' title='bbox 2130 3144 2317 3200; x_wconf 86' lang='lat' dir='ltr'><strong>libens</strong></span> 
     </span>
    </p>
   </div>
   <div class='ocr_carea' id='block_1_50' title="bbox 2428 1971 4018 2044">
    <p class='ocr_par' dir='ltr' id='par_1_50' title="bbox 2428 1971 4018 2044">
     <span class='ocr_line' id='line_1_50' title="bbox 2428 1971 4018 2044; baseline 0.003 -23"><span class='ocrx_word' id='word_1_369' title='bbox 2428 1971 2643 2041; x_wconf 81' lang='grc' dir='ltr'><strong>μήτρας</strong></span> <span class='ocrx_word' id='word_1_370' title='bbox 2673 1972 2776 2042; x_wconf 84' lang='grc' dir='ltr'>τῆς</span> <span class='ocrx_word' id='word_1_371' title='bbox 2802 1972 2994 2043; x_wconf 83' lang='grc' dir='ltr'><strong>ὑλικῆς</strong></span> <span class='ocrx_word' id='word_1_372' title='bbox 3036 1976 3414 2044; x_wconf 80' lang='grc' dir='ltr'><strong>περιστάσεως</strong></span> <span class='ocrx_word' id='word_1_373' title='bbox 3434 2015 3448 2040; x_wconf 86' lang='grc'>,</span> <span class='ocrx_word' id='word_1_374' title='bbox 3484 1975 3585 2029; x_wconf 82' lang='grc' dir='ltr'>κᾶν</span> <span class='ocrx_word' id='word_1_375' title='bbox 3613 1976 3791 2038; x_wconf 85' lang='grc' dir='ltr'>ποσῶς</span> <span class='ocrx_word' id='word_1_376' title='bbox 3815 1976 3910 2029; x_wconf 73' lang='grc' dir='ltr'><strong>τὸν</strong></span> <span class='ocrx_word' id='word_1_377' title='bbox 3947 1977 4018 2026; x_wconf 80' lang='grc' dir='ltr'>ἑν</span> 
     </span>
    </p>
   </div>
   <div class='ocr_carea' id='block_1_51' title="bbox 2423 2058 4018 2135">
    <p class='ocr_par' dir='ltr' id='par_1_51' title="bbox 2423 2058 4018 2135">
     <span class='ocr_line' id='line_1_51' title="bbox 2423 2058 4018 2135; baseline 0.003 -22"><span class='ocrx_word' id='word_1_378' title='bbox 2423 2064 2534 2125; x_wconf 84' lang='grc' dir='ltr'>τοῖς</span> <span class='ocrx_word' id='word_1_379' title='bbox 2566 2058 2718 2115; x_wconf 83' lang='grc' dir='ltr'>οὖσιν</span> <span class='ocrx_word' id='word_1_380' title='bbox 2760 2065 3207 2135; x_wconf 81' lang='grc' dir='ltr'>ὲγκρυπτόμενον</span> <span class='ocrx_word' id='word_1_381' title='bbox 3236 2067 3619 2129; x_wconf 80' lang='grc' dir='ltr'>διαδλέποντες</span> <span class='ocrx_word' id='word_1_382' title='bbox 3668 2067 3842 2134; x_wconf 86' lang='grc' dir='ltr'>λόγον.</span> <span class='ocrx_word' id='word_1_383' title='bbox 3880 2069 4018 2121; x_wconf 74' lang='grc' dir='ltr'><strong>Καὶ</strong></span> 
     </span>
    </p>
   </div>
   <div class='ocr_carea' id='block_1_52' title="bbox 2421 2149 4012 2229">
    <p class='ocr_par' dir='ltr' id='par_1_52' title="bbox 2421 2149 4012 2229">
     <span class='ocr_line' id='line_1_52' title="bbox 2421 2149 4012 2229; baseline 0.006 -23"><span class='ocrx_word' id='word_1_384' title='bbox 2421 2154 2565 2207; x_wconf 75' lang='grc' dir='ltr'>τοῦτ’</span> <span class='ocrx_word' id='word_1_385' title='bbox 2616 2156 2791 2225; x_wconf 81' lang='grc' dir='ltr'>ἄνπερ</span> <span class='ocrx_word' id='word_1_386' title='bbox 2835 2149 2938 2208; x_wconf 79' lang='grc' dir='ltr'>ὦσι</span> <span class='ocrx_word' id='word_1_387' title='bbox 2972 2159 3095 2218; x_wconf 82' lang='grc' dir='ltr'>ταῖς</span> <span class='ocrx_word' id='word_1_388' title='bbox 3157 2157 3405 2211; x_wconf 81' lang='grc' dir='ltr'>Ἰωάννου</span> <span class='ocrx_word' id='word_1_389' title='bbox 3452 2159 3747 2229; x_wconf 72' lang='grc' dir='ltr'>αὐχοῦντες</span> <span class='ocrx_word' id='word_1_390' title='bbox 3787 2161 4012 2229; x_wconf 79' lang='grc' dir='ltr'>χάρισι.</span> 
     </span>
    </p>
   </div>
   <div class='ocr_carea' id='block_1_53' title="bbox 2424 2247 4018 2321">
    <p class='ocr_par' dir='ltr' id='par_1_53' title="bbox 2424 2247 4018 2321">
     <span class='ocr_line' id='line_1_53' title="bbox 2424 2247 4018 2321; baseline 0.003 -23"><span class='ocrx_word' id='word_1_391' title='bbox 2424 2247 2567 2319; x_wconf 64' lang='grc' dir='ltr'>Πρὸς</span> <span class='ocrx_word' id='word_1_392' title='bbox 2612 2248 2721 2318; x_wconf 90' lang='grc' dir='ltr'><strong>γάρ</strong></span> <span class='ocrx_word' id='word_1_393' title='bbox 2764 2250 2864 2320; x_wconf 82' lang='grc' dir='ltr'>τὴν</span> <span class='ocrx_word' id='word_1_394' title='bbox 2909 2250 3119 2317; x_wconf 80' lang='grc' dir='ltr'>ἀφατον</span> <span class='ocrx_word' id='word_1_395' title='bbox 3148 2250 3242 2303; x_wconf 81' lang='grc' dir='ltr'>τοῦ</span> <span class='ocrx_word' id='word_1_396' title='bbox 3283 2252 3570 2321; x_wconf 83' lang='grc' dir='ltr'>μέλλοντος</span> <span class='ocrx_word' id='word_1_397' title='bbox 3599 2253 3793 2315; x_wconf 88' lang='grc' dir='ltr'>αίῶνος</span> <span class='ocrx_word' id='word_1_398' title='bbox 3835 2252 4018 2318; x_wconf 82' lang='grc' dir='ltr'>δόξαν</span> 
     </span>
    </p>
   </div>
   <div class='ocr_carea' id='block_1_54' title="bbox 2421 2338 4017 2411">
    <p class='ocr_par' dir='ltr' id='par_1_54' title="bbox 2421 2338 4017 2411">
     <span class='ocr_line' id='line_1_54' title="bbox 2421 2338 4017 2411; baseline 0.005 -23"><span class='ocrx_word' id='word_1_399' title='bbox 2421 2354 2479 2388; x_wconf 91' lang='grc' dir='ltr'><strong>τε</strong></span> <span class='ocrx_word' id='word_1_400' title='bbox 2523 2338 2619 2391; x_wconf 76' lang='grc' dir='ltr'><strong>καὶ</strong></span> <span class='ocrx_word' id='word_1_401' title='bbox 2663 2339 3025 2409; x_wconf 80' lang='grc' dir='ltr'><strong>λαμπρότητα</strong></span> <span class='ocrx_word' id='word_1_402' title='bbox 3069 2340 3164 2393; x_wconf 78' lang='grc' dir='ltr'><strong>καὶ</strong></span> <span class='ocrx_word' id='word_1_403' title='bbox 3204 2340 3302 2411; x_wconf 75' lang='grc' dir='ltr'>τὴν</span> <span class='ocrx_word' id='word_1_404' title='bbox 3345 2341 3445 2410; x_wconf 82' lang='grc' dir='ltr'>τῆς</span> <span class='ocrx_word' id='word_1_405' title='bbox 3490 2342 3611 2395; x_wconf 82' lang='grc' dir='ltr'><strong>κατ’</strong></span> <span class='ocrx_word' id='word_1_406' title='bbox 3658 2343 3814 2395; x_wconf 77' lang='grc' dir='ltr'>αὐτὸν</span> <span class='ocrx_word' id='word_1_407' title='bbox 3849 2342 4017 2410; x_wconf 77' lang='grc' dir='ltr'>ζωῆς</span> 
     </span>
    </p>
   </div>
   <div class='ocr_carea' id='block_1_55' title="bbox 2425 2429 4018 2502">
    <p class='ocr_par' dir='ltr' id='par_1_55' title="bbox 2425 2429 4018 2502">
     <span class='ocr_line' id='line_1_55' title="bbox 2425 2429 4018 2502; baseline 0.003 -23"><span class='ocrx_word' id='word_1_408' title='bbox 2425 2429 2662 2496; x_wconf 77' lang='grc' dir='ltr'>ἰδιότητα</span> <span class='ocrx_word' id='word_1_409' title='bbox 2691 2432 2905 2500; x_wconf 85' lang='grc' dir='ltr'>μήτρας</span> <span class='ocrx_word' id='word_1_410' title='bbox 2928 2431 3117 2500; x_wconf 75' lang='grc'><strong>(118</strong></span> <span class='ocrx_word' id='word_1_411' title='bbox 3138 2433 3187 2499; x_wconf 79' lang='grc' dir='ltr'><strong>ὑ)</strong></span> <span class='ocrx_word' id='word_1_412' title='bbox 3220 2432 3371 2485; x_wconf 81' lang='grc' dir='ltr'>οὐδὲν</span> <span class='ocrx_word' id='word_1_413' title='bbox 3401 2432 3646 2500; x_wconf 78' lang='grc' dir='ltr'>διαφέρει</span> <span class='ocrx_word' id='word_1_414' title='bbox 3676 2432 3819 2502; x_wconf 78' lang='grc' dir='ltr'>ζόφῳ</span> <span class='ocrx_word' id='word_1_415' title='bbox 3846 2449 4018 2501; x_wconf 71' lang='lat' dir='ltr'><strong>nep:-</strong></span> 
     </span>
    </p>
   </div>
   <div class='ocr_carea' id='block_1_56' title="bbox 2423 2518 4017 2596">
    <p class='ocr_par' dir='ltr' id='par_1_56' title="bbox 2423 2518 4017 2596">
     <span class='ocr_line' id='line_1_56' title="bbox 2423 2518 4017 2596; baseline 0.003 -26"><span class='ocrx_word' id='word_1_416' title='bbox 2423 2520 2728 2589; x_wconf 80' lang='grc' dir='ltr'>κεχυμένης</span> <span class='ocrx_word' id='word_1_417' title='bbox 2777 2522 3198 2591; x_wconf 73' lang='grc' dir='ltr'>συγκρινομένη⁴</span> <span class='ocrx_word' id='word_1_418' title='bbox 3225 2524 3257 2591; x_wconf 88' lang='grc' dir='ltr'><strong>ή</strong></span> <span class='ocrx_word' id='word_1_419' title='bbox 3305 2523 3559 2594; x_wconf 77' lang='grc' dir='ltr'>παροῦσα</span> <span class='ocrx_word' id='word_1_420' title='bbox 3590 2522 3704 2591; x_wconf 73' lang='grc' dir='ltr'><strong>ζωὴ</strong></span> <span class='ocrx_word' id='word_1_421' title='bbox 3730 2560 3745 2585; x_wconf 83' lang='grc'><em>,</em></span> <span class='ocrx_word' id='word_1_422' title='bbox 3772 2525 3829 2575; x_wconf 81' lang='grc' dir='ltr'>ὲν</span> <span class='ocrx_word' id='word_1_423' title='bbox 3862 2518 3897 2596; x_wconf 76' lang='grc' dir='ltr'>ᾖ</span> <span class='ocrx_word' id='word_1_424' title='bbox 3933 2524 4017 2577; x_wconf 81' lang='grc' dir='ltr'>δι’</span> 
     </span>
    </p>
   </div>
   <div class='ocr_carea' id='block_1_57' title="bbox 2422 2614 4013 2685">
    <p class='ocr_par' dir='ltr' id='par_1_57' title="bbox 2422 2614 4013 2685">
     <span class='ocr_line' id='line_1_57' title="bbox 2422 2614 4013 2685; baseline 0.003 -21"><span class='ocrx_word' id='word_1_425' title='bbox 2422 2614 2568 2682; x_wconf 73' lang='grc' dir='ltr'>ἡμᾶς</span> <span class='ocrx_word' id='word_1_426' title='bbox 2595 2614 2719 2675; x_wconf 71' lang='grc' dir='ltr'>τοὺς</span> <span class='ocrx_word' id='word_1_427' title='bbox 2747 2616 3123 2683; x_wconf 87' lang='grc' dir='ltr'>νηπιάσαντας</span> <span class='ocrx_word' id='word_1_428' title='bbox 3151 2618 3273 2678; x_wconf 88' lang='grc' dir='ltr'>ταῖς</span> <span class='ocrx_word' id='word_1_429' title='bbox 3293 2616 3453 2685; x_wconf 74' lang='grc' dir='ltr'>φρεσὶ</span> <span class='ocrx_word' id='word_1_430' title='bbox 3484 2616 3579 2668; x_wconf 69' lang='grc' dir='ltr'>καὶ</span> <span class='ocrx_word' id='word_1_431' title='bbox 3605 2616 3635 2667; x_wconf 88' lang='lat'><strong>6</strong></span> <span class='ocrx_word' id='word_1_432' title='bbox 3662 2617 3791 2677; x_wconf 78' lang='grc' dir='ltr'>Θεὸς</span> <span class='ocrx_word' id='word_1_433' title='bbox 3816 2618 4013 2683; x_wconf 75' lang='grc' dir='ltr'>Λόγος</span> 
     </span>
    </p>
   </div>
   <div class='ocr_carea' id='block_1_58' title="bbox 2419 2704 4015 2777">
    <p class='ocr_par' dir='ltr' id='par_1_58' title="bbox 2419 2704 4015 2777">
     <span class='ocr_line' id='line_1_58' title="bbox 2419 2704 4015 2777; baseline 0.003 -22"><span class='ocrx_word' id='word_1_434' title='bbox 2419 2704 2623 2767; x_wconf 81' lang='grc' dir='ltr'>τέλειος</span> <span class='ocrx_word' id='word_1_435' title='bbox 2655 2704 2730 2757; x_wconf 84' lang='grc' dir='ltr'>ὢν</span> <span class='ocrx_word' id='word_1_436' title='bbox 2756 2708 2850 2758; x_wconf 78' lang='grc' dir='ltr'><strong>καὶ</strong></span> <span class='ocrx_word' id='word_1_437' title='bbox 2876 2707 3199 2776; x_wconf 83' lang='grc' dir='ltr'>ὑπερτελὴς,</span> <span class='ocrx_word' id='word_1_438' title='bbox 3224 2706 3299 2769; x_wconf 85' lang='grc' dir='ltr'>ὡς</span> <span class='ocrx_word' id='word_1_439' title='bbox 3330 2707 3735 2777; x_wconf 78' lang='grc' dir='ltr'>φιλάνθρωπος,</span> <span class='ocrx_word' id='word_1_440' title='bbox 3769 2709 4015 2776; x_wconf 80' lang='grc' dir='ltr'>ὲνηπία-</span> 
     </span>
    </p>
   </div>
   <div class='ocr_carea' id='block_1_59' title="bbox 2421 2794 4011 2870">
    <p class='ocr_par' dir='ltr' id='par_1_59' title="bbox 2421 2794 4011 2870">
     <span class='ocr_line' id='line_1_59' title="bbox 2421 2794 4011 2870; baseline 0.004 -23"><span class='ocrx_word' id='word_1_441' title='bbox 2421 2812 2533 2849; x_wconf 90' lang='grc' dir='ltr'>σεν.</span> <span class='ocrx_word' id='word_1_442' title='bbox 2581 2798 2754 2868; x_wconf 85' lang='grc' dir='ltr'>Είπερ</span> <span class='ocrx_word' id='word_1_443' title='bbox 2783 2794 2897 2862; x_wconf 82' lang='grc' dir='ltr'>οὗν,</span> <span class='ocrx_word' id='word_1_444' title='bbox 2933 2799 3011 2861; x_wconf 88' lang='grc' dir='ltr'>ὡς</span> <span class='ocrx_word' id='word_1_445' title='bbox 3050 2799 3269 2870; x_wconf 74' lang='grc' dir='ltr'>εἴρηται</span> <span class='ocrx_word' id='word_1_446' title='bbox 3292 2842 3306 2863; x_wconf 90' lang='grc'><em>,</em></span> <span class='ocrx_word' id='word_1_447' title='bbox 3354 2799 3600 2862; x_wconf 79' lang='grc' dir='ltr'>τοιοῦτός</span> <span class='ocrx_word' id='word_1_448' title='bbox 3624 2817 3710 2863; x_wconf 87' lang='grc' dir='ltr'><strong>τις</strong></span> <span class='ocrx_word' id='word_1_449' title='bbox 3740 2800 4011 2870; x_wconf 76' lang='grc' dir='ltr'>ὑπάρχω,</span> 
     </span>
    </p>
   </div>
   <div class='ocr_carea' id='block_1_60' title="bbox 2418 2888 4016 2961">
    <p class='ocr_par' dir='ltr' id='par_1_60' title="bbox 2418 2888 4016 2961">
     <span class='ocr_line' id='line_1_60' title="bbox 2418 2888 4016 2961; baseline 0.003 -22"><span class='ocrx_word' id='word_1_450' title='bbox 2418 2888 2512 2939; x_wconf 76' lang='grc' dir='ltr'><strong>καὶ</strong></span> <span class='ocrx_word' id='word_1_451' title='bbox 2536 2888 2637 2957; x_wconf 81' lang='grc' dir='ltr'>τῆς</span> <span class='ocrx_word' id='word_1_452' title='bbox 2660 2889 2889 2957; x_wconf 70' lang='grc' dir='ltr'>ὲφικτῆς</span> <span class='ocrx_word' id='word_1_453' title='bbox 2917 2888 3230 2960; x_wconf 84' lang='grc' dir='ltr'>ἀνθρώποις</span> <span class='ocrx_word' id='word_1_454' title='bbox 3251 2890 3391 2943; x_wconf 84' lang='grc' dir='ltr'>κατά</span> <span class='ocrx_word' id='word_1_455' title='bbox 3416 2892 3519 2961; x_wconf 85' lang='grc' dir='ltr'>τὴν</span> <span class='ocrx_word' id='word_1_456' title='bbox 3539 2890 3818 2960; x_wconf 76' lang='grc' dir='ltr'>παροῦσαν</span> <span class='ocrx_word' id='word_1_457' title='bbox 3843 2890 4016 2960; x_wconf 75' lang='grc' dir='ltr'>ζωὴν</span> 
     </span>
    </p>
   </div>
   <div class='ocr_carea' id='block_1_61' title="bbox 2418 2976 4014 3051">
    <p class='ocr_par' dir='ltr' id='par_1_61' title="bbox 2418 2976 4014 3051">
     <span class='ocr_line' id='line_1_61' title="bbox 2418 2976 4014 3051; baseline 0.003 -23"><span class='ocrx_word' id='word_1_458' title='bbox 2418 2976 2624 3046; x_wconf 72' lang='grc' dir='ltr'><strong>ἐπέϐην</strong></span> <span class='ocrx_word' id='word_1_459' title='bbox 2650 2978 2803 3041; x_wconf 90' lang='grc' dir='ltr'>θείας</span> <span class='ocrx_word' id='word_1_460' title='bbox 2828 2980 3132 3050; x_wconf 77' lang='grc' dir='ltr'>ἀκρότητος</span> <span class='ocrx_word' id='word_1_461' title='bbox 3155 3021 3169 3045; x_wconf 89' lang='grc'><em>,</em></span> <span class='ocrx_word' id='word_1_462' title='bbox 3216 2980 3483 3051; x_wconf 82' lang='grc' dir='ltr'>ἀμελήσω</span> <span class='ocrx_word' id='word_1_463' title='bbox 3510 2981 3569 3034; x_wconf 82' lang='grc' dir='ltr'>δὲ</span> <span class='ocrx_word' id='word_1_464' title='bbox 3596 2984 3697 3050; x_wconf 81' lang='grc' dir='ltr'>τῆς</span> <span class='ocrx_word' id='word_1_465' title='bbox 3721 2979 4014 3043; x_wconf 76' lang='grc' dir='ltr'>θεοειδοῦς</span> 
     </span>
    </p>
   </div>
   <div class='ocr_carea' id='block_1_62' title="bbox 2416 3068 4017 3141">
    <p class='ocr_par' dir='ltr' id='par_1_62' title="bbox 2416 3068 4017 3141">
     <span class='ocr_line' id='line_1_62' title="bbox 2416 3068 4017 3141; baseline 0.003 -22"><span class='ocrx_word' id='word_1_466' title='bbox 2416 3068 2616 3133; x_wconf 75' lang='grc' dir='ltr'>ἕξεως,</span> <span class='ocrx_word' id='word_1_467' title='bbox 2662 3070 2899 3138; x_wconf 73' lang='grc' dir='ltr'>ἐμαυτὸν</span> <span class='ocrx_word' id='word_1_468' title='bbox 2950 3070 3087 3140; x_wconf 84' lang='grc' dir='ltr'>πρὸς</span> <span class='ocrx_word' id='word_1_469' title='bbox 3132 3070 3233 3141; x_wconf 73' lang='grc' dir='ltr'>τὴν</span> <span class='ocrx_word' id='word_1_470' title='bbox 3281 3070 3378 3124; x_wconf 82' lang='grc' dir='ltr'>τοῦ</span> <span class='ocrx_word' id='word_1_471' title='bbox 3426 3072 3679 3141; x_wconf 81' lang='grc' dir='ltr'>σώματος</span> <span class='ocrx_word' id='word_1_472' title='bbox 3728 3072 4017 3134; x_wconf 78' lang='grc' dir='ltr'>ἑκουσίως</span> 
     </span>
    </p>
   </div>
   <div class='ocr_carea' id='block_1_63' title="bbox 2417 3158 4014 3232">
    <p class='ocr_par' dir='ltr' id='par_1_63' title="bbox 2417 3158 4014 3232">
     <span class='ocr_line' id='line_1_63' title="bbox 2417 3158 4014 3232; baseline 0.003 -22"><span class='ocrx_word' id='word_1_473' title='bbox 2417 3158 2704 3223; x_wconf 78' lang='grc' dir='ltr'>ὲπικλίνας</span> <span class='ocrx_word' id='word_1_474' title='bbox 2731 3161 2985 3230; x_wconf 79' lang='grc' dir='ltr'>στοργήν,</span> <span class='ocrx_word' id='word_1_475' title='bbox 3020 3160 3409 3230; x_wconf 81' lang='grc' dir='ltr'>κατεσπάσθην</span> <span class='ocrx_word' id='word_1_476' title='bbox 3444 3161 3704 3232; x_wconf 71' lang='grc' dir='ltr'>βαρηθεὶς</span> <span class='ocrx_word' id='word_1_477' title='bbox 3741 3165 3856 3224; x_wconf 79' lang='grc' dir='ltr'>ταῖς</span> <span class='ocrx_word' id='word_1_478' title='bbox 3886 3163 4014 3215; x_wconf 59' lang='grc' dir='ltr'><strong>τεέ-</strong></span> 
     </span>
    </p>
   </div>
   <div class='ocr_carea' id='block_1_64' title="bbox 729 3222 2318 3321">
    <p class='ocr_par' dir='ltr' id='par_1_64' title="bbox 729 3222 2311 3303">
     <span class='ocr_line' id='line_1_64' title="bbox 729 3222 2311 3303; baseline 0.008 -27"><span class='ocrx_word' id='word_1_479' title='bbox 729 3222 1007 3280; x_wconf 90' lang='lat' dir='ltr'><strong>inclinans</strong></span> <span class='ocrx_word' id='word_1_480' title='bbox 1036 3226 1398 3294; x_wconf 90' lang='lat' dir='ltr'><strong>desiderium,</strong></span> <span class='ocrx_word' id='word_1_481' title='bbox 1428 3229 1697 3300; x_wconf 88' lang='lat' dir='ltr'><strong>dereptus</strong></span> <span class='ocrx_word' id='word_1_482' title='bbox 1722 3247 1843 3286; x_wconf 89' lang='lat' dir='ltr'><strong>sum</strong></span> <span class='ocrx_word' id='word_1_483' title='bbox 1877 3242 2139 3303; x_wconf 86' lang='lat' dir='ltr'><strong>gravatus</strong></span> <span class='ocrx_word' id='word_1_484' title='bbox 2172 3250 2311 3303; x_wconf 64' lang='lat' dir='ltr'><strong>pueo</strong></span> 
     </span>
    </p>
   </div>
   <div class='ocr_carea' id='block_1_65' title="bbox 2420 3222 4013 3321">
    <p class='ocr_par' dir='ltr' id='par_1_65' title="bbox 2420 3222 4013 3321">
     <span class='ocr_line' id='line_1_65' title="bbox 2420 3222 4013 3321; baseline 0.003 -21"><span class='ocrx_word' id='word_1_485' title='bbox 2420 3249 2551 3309; x_wconf 81' lang='grc' dir='ltr'>δαις.</span> <span class='ocrx_word' id='word_1_486' title='bbox 2583 3250 2703 3319; x_wconf 80' lang='grc' dir='ltr'>ήτοι</span> <span class='ocrx_word' id='word_1_487' title='bbox 2729 3222 2851 3312; x_wconf 80' lang='grc' dir='ltr'>ταῖς</span> <span class='ocrx_word' id='word_1_488' title='bbox 2874 3222 3132 3321; x_wconf 66' lang='grc' dir='ltr'><strong>⁷φροντίσι</strong></span> <span class='ocrx_word' id='word_1_489' title='bbox 3158 3292 3173 3315; x_wconf 88' lang='grc'><em>,</em></span> <span class='ocrx_word' id='word_1_490' title='bbox 3228 3253 3323 3305; x_wconf 72' lang='grc' dir='ltr'><strong>καὶ</strong></span> <span class='ocrx_word' id='word_1_491' title='bbox 3505 3222 3640 3305; x_wconf 58' lang='lat' dir='ltr'><strong>Deo-3</strong></span> <span class='ocrx_word' id='word_1_492' title='bbox 3672 3222 3885 3315; x_wconf 65' lang='grc' dir='ltr'>έπεσον,</span> <span class='ocrx_word' id='word_1_493' title='bbox 3917 3255 4013 3317; x_wconf 73' lang='grc' dir='ltr'>ὡς</span> 
     </span>
    </p>
   </div>
   <div class='ocr_carea' id='block_1_66' title="bbox 728 3317 2313 3394">
    <p class='ocr_par' dir='ltr' id='par_1_66' title="bbox 728 3317 2313 3394">
     <span class='ocr_line' id='line_1_66' title="bbox 728 3317 2313 3394; baseline 0.006 -24"><span class='ocrx_word' id='word_1_494' title='bbox 728 3317 827 3381; x_wconf 88' lang='lat' dir='ltr'><strong>ris,</strong></span> <span class='ocrx_word' id='word_1_495' title='bbox 864 3318 918 3371; x_wconf 90' lang='lat' dir='ltr'><strong>id</strong></span> <span class='ocrx_word' id='word_1_496' title='bbox 948 3327 1034 3372; x_wconf 91' lang='lat' dir='ltr'><strong>est</strong></span> <span class='ocrx_word' id='word_1_497' title='bbox 1059 3319 1231 3384; x_wconf 89' lang='lat' dir='ltr'><strong>curis,</strong></span> <span class='ocrx_word' id='word_1_498' title='bbox 1263 3329 1320 3374; x_wconf 86' lang='lat' dir='ltr'><strong>et</strong></span> <span class='ocrx_word' id='word_1_499' title='bbox 1351 3336 1382 3373; x_wconf 90' lang='lat' dir='ltr'><strong>a</strong></span> <span class='ocrx_word' id='word_1_500' title='bbox 1417 3322 1528 3376; x_wconf 91' lang='lat' dir='ltr'><strong>Deo</strong></span> <span class='ocrx_word' id='word_1_501' title='bbox 1563 3324 1764 3387; x_wconf 89' lang='lat' dir='ltr'><strong>cecidi,</strong></span> <span class='ocrx_word' id='word_1_502' title='bbox 1822 3333 2013 3394; x_wconf 91' lang='lat' dir='ltr'><strong>utpote</strong></span> <span class='ocrx_word' id='word_1_503' title='bbox 2072 3325 2140 3379; x_wconf 91' lang='lat' dir='ltr'><strong>de</strong></span> <span class='ocrx_word' id='word_1_504' title='bbox 2192 3328 2313 3380; x_wconf 92' lang='lat' dir='ltr'><strong>solo</strong></span> 
     </span>
    </p>
   </div>
   <div class='ocr_carea' id='block_1_67' title="bbox 730 3410 2313 3484">
    <p class='ocr_par' dir='ltr' id='par_1_67' title="bbox 730 3410 2313 3484">
     <span class='ocr_line' id='line_1_67' title="bbox 730 3410 2313 3484; baseline 0.006 -22"><span class='ocrx_word' id='word_1_505' title='bbox 730 3423 904 3478; x_wconf 88' lang='lat' dir='ltr'><strong>regno</strong></span> <span class='ocrx_word' id='word_1_506' title='bbox 932 3410 1203 3464; x_wconf 58' lang='lat' dir='ltr'><strong>calorum</strong></span> <span class='ocrx_word' id='word_1_507' title='bbox 1234 3412 1625 3482; x_wconf 76' lang='lat' dir='ltr'><strong>cogitationem</strong></span> <span class='ocrx_word' id='word_1_508' title='bbox 1655 3423 1713 3469; x_wconf 91' lang='lat' dir='ltr'><strong>et</strong></span> <span class='ocrx_word' id='word_1_509' title='bbox 1738 3416 2182 3484; x_wconf 88' lang='lat' dir='ltr'><strong>inquisitionem,</strong></span> <span class='ocrx_word' id='word_1_510' title='bbox 2223 3418 2313 3472; x_wconf 88' lang='lat' dir='ltr'><strong>cui</strong></span> 
     </span>
    </p>
   </div>
   <div class='ocr_carea' id='block_1_68' title="bbox 728 3502 2315 3571">
    <p class='ocr_par' dir='ltr' id='par_1_68' title="bbox 728 3502 2315 3571">
     <span class='ocr_line' id='line_1_68' title="bbox 728 3502 2315 3571; baseline 0.007 -17"><span class='ocrx_word' id='word_1_511' title='bbox 728 3517 839 3556; x_wconf 91' lang='lat' dir='ltr'><strong>non</strong></span> <span class='ocrx_word' id='word_1_512' title='bbox 865 3502 1088 3567; x_wconf 90' lang='lat' dir='ltr'><strong>licebat,</strong></span> <span class='ocrx_word' id='word_1_513' title='bbox 1116 3508 1353 3558; x_wconf 71' lang='lat' dir='ltr'><strong>terrena:</strong></span> <span class='ocrx_word' id='word_1_514' title='bbox 1381 3505 1509 3559; x_wconf 88' lang='lat' dir='ltr'><strong>dico</strong></span> <span class='ocrx_word' id='word_1_515' title='bbox 1535 3506 1680 3570; x_wconf 71' lang='lat' dir='ltr'><strong>vitae,</strong></span> <span class='ocrx_word' id='word_1_516' title='bbox 1707 3509 2043 3571; x_wconf 90' lang='lat' dir='ltr'><strong>attribuens,</strong></span> <span class='ocrx_word' id='word_1_517' title='bbox 2089 3518 2145 3563; x_wconf 91' lang='lat' dir='ltr'><strong>et</strong></span> <span class='ocrx_word' id='word_1_518' title='bbox 2189 3525 2315 3565; x_wconf 87' lang='lat' dir='ltr'><strong>sen-</strong></span> 
     </span>
    </p>
   </div>
   <div class='ocr_carea' id='block_1_69' title="bbox 730 3593 2313 3664">
    <p class='ocr_par' dir='ltr' id='par_1_69' title="bbox 730 3593 2313 3664">
     <span class='ocr_line' id='line_1_69' title="bbox 730 3593 2313 3664; baseline 0.004 -17"><span class='ocrx_word' id='word_1_519' title='bbox 730 3593 886 3647; x_wconf 87' lang='lat' dir='ltr'><strong>sibus</strong></span> <span class='ocrx_word' id='word_1_520' title='bbox 914 3593 1277 3659; x_wconf 83' lang='lat' dir='ltr'><strong>conferendo,</strong></span> <span class='ocrx_word' id='word_1_521' title='bbox 1312 3611 1477 3664; x_wconf 86' lang='lat' dir='ltr'><strong>quam</strong></span> <span class='ocrx_word' id='word_1_522' title='bbox 1511 3595 1578 3650; x_wconf 87' lang='lat' dir='ltr'><strong>ad</strong></span> <span class='ocrx_word' id='word_1_523' title='bbox 1605 3596 1776 3651; x_wconf 77' lang='lat' dir='ltr'><strong>Deum</strong></span> <span class='ocrx_word' id='word_1_524' title='bbox 1809 3598 2040 3652; x_wconf 86' lang='lat' dir='ltr'><strong>ferendo</strong></span> <span class='ocrx_word' id='word_1_525' title='bbox 2066 3599 2313 3654; x_wconf 92' lang='lat' dir='ltr'><strong>animum</strong></span> 
     </span>
    </p>
   </div>
   <div class='ocr_carea' id='block_1_70' title="bbox 730 3686 2315 3758">
    <p class='ocr_par' dir='ltr' id='par_1_70' title="bbox 730 3686 2315 3758">
     <span class='ocr_line' id='line_1_70' title="bbox 730 3686 2315 3758; baseline 0.003 -18"><span class='ocrx_word' id='word_1_526' title='bbox 730 3687 1124 3741; x_wconf 87' lang='lat' dir='ltr'><strong>dehonestans.</strong></span> <span class='ocrx_word' id='word_1_527' title='bbox 1144 3686 1201 3741; x_wconf 90' lang='lat' dir='ltr'><strong>Si</strong></span> <span class='ocrx_word' id='word_1_528' title='bbox 1222 3702 1358 3741; x_wconf 91' lang='lat' dir='ltr'><strong>vero</strong></span> <span class='ocrx_word' id='word_1_529' title='bbox 1378 3688 1562 3741; x_wconf 88' lang='lat' dir='ltr'><strong>adhuc</strong></span> <span class='ocrx_word' id='word_1_530' title='bbox 1578 3705 1679 3758; x_wconf 90' lang='lat' dir='ltr'><strong>per</strong></span> <span class='ocrx_word' id='word_1_531' title='bbox 1702 3691 1933 3744; x_wconf 82' lang='lat' dir='ltr'><strong>activam</strong></span> <span class='ocrx_word' id='word_1_532' title='bbox 1959 3691 2127 3744; x_wconf 90' lang='lat' dir='ltr'><strong>vitam</strong></span> <span class='ocrx_word' id='word_1_533' title='bbox 2144 3691 2315 3745; x_wconf 87' lang='lat' dir='ltr'><strong>bella-</strong></span> 
     </span>
    </p>
   </div>
   <div class='ocr_carea' id='block_1_71' title="bbox 731 3781 2314 3852">
    <p class='ocr_par' dir='ltr' id='par_1_71' title="bbox 731 3781 2314 3852">
     <span class='ocr_line' id='line_1_71' title="bbox 731 3781 2314 3852; baseline 0.004 -19"><span class='ocrx_word' id='word_1_534' title='bbox 731 3790 818 3833; x_wconf 92' lang='lat' dir='ltr'><strong>tor</strong></span> <span class='ocrx_word' id='word_1_535' title='bbox 840 3788 1032 3833; x_wconf 88' lang='lat' dir='ltr'><strong>contra</strong></span> <span class='ocrx_word' id='word_1_536' title='bbox 1061 3789 1301 3834; x_wconf 83' lang='lat' dir='ltr'><strong>armatas</strong></span> <span class='ocrx_word' id='word_1_537' title='bbox 1328 3781 1613 3851; x_wconf 88' lang='lat' dir='ltr'><strong>passiones</strong></span> <span class='ocrx_word' id='word_1_538' title='bbox 1642 3797 1786 3846; x_wconf 88' lang='lat' dir='ltr'><strong>sum,</strong></span> <span class='ocrx_word' id='word_1_539' title='bbox 1811 3784 2057 3838; x_wconf 90' lang='lat' dir='ltr'><strong>nondum</strong></span> <span class='ocrx_word' id='word_1_540' title='bbox 2084 3799 2183 3852; x_wconf 92' lang='lat' dir='ltr'><strong>per</strong></span> <span class='ocrx_word' id='word_1_541' title='bbox 2220 3800 2314 3841; x_wconf 87' lang='lat' dir='ltr'><strong>eas</strong></span> 
     </span>
    </p>
   </div>
   <div class='ocr_carea' id='block_1_72' title="bbox 729 3867 2313 3939">
    <p class='ocr_par' dir='ltr' id='par_1_72' title="bbox 729 3867 2313 3939">
     <span class='ocr_line' id='line_1_72' title="bbox 729 3867 2313 3939; baseline 0.001 -18"><span class='ocrx_word' id='word_1_542' title='bbox 729 3867 981 3937; x_wconf 86' lang='lat' dir='ltr'><strong>accipere</strong></span> <span class='ocrx_word' id='word_1_543' title='bbox 1044 3867 1350 3921; x_wconf 80' lang='lat' dir='ltr'><strong>volentium</strong></span> <span class='ocrx_word' id='word_1_544' title='bbox 1410 3867 1765 3923; x_wconf 88' lang='lat' dir='ltr'><strong>inimicorum</strong></span> <span class='ocrx_word' id='word_1_545' title='bbox 1841 3885 1981 3939; x_wconf 89' lang='lat' dir='ltr'><strong>pure</strong></span> <span class='ocrx_word' id='word_1_546' title='bbox 2040 3869 2313 3939; x_wconf 79' lang='lat' dir='ltr'><strong>etl‘ugiens</strong></span> 
     </span>
    </p>
   </div>
   <div class='ocr_carea' id='block_1_73' title="bbox 728 3957 2312 4030">
    <p class='ocr_par' dir='ltr' id='par_1_73' title="bbox 728 3957 2312 4030">
     <span class='ocr_line' id='line_1_73' title="bbox 728 3957 2312 4030; baseline 0.002 -19"><span class='ocrx_word' id='word_1_547' title='bbox 728 3959 907 4024; x_wconf 82' lang='lat' dir='ltr'><strong>dolos,</strong></span> <span class='ocrx_word' id='word_1_548' title='bbox 932 3966 991 4013; x_wconf 87' lang='lat' dir='ltr'><strong>et</strong></span> <span class='ocrx_word' id='word_1_549' title='bbox 1021 3957 1268 4013; x_wconf 80' lang='lat' dir='ltr'><strong>dilexero</strong></span> <span class='ocrx_word' id='word_1_550' title='bbox 1297 3958 1595 4014; x_wconf 90' lang='lat' dir='ltr'><strong>indiscrete</strong></span> <span class='ocrx_word' id='word_1_551' title='bbox 1623 3975 1849 4030; x_wconf 91' lang='lat' dir='ltr'><strong>corpus,</strong></span> <span class='ocrx_word' id='word_1_552' title='bbox 1898 3959 2161 4015; x_wconf 89' lang='lat' dir='ltr'><strong>detentus</strong></span> <span class='ocrx_word' id='word_1_553' title='bbox 2191 3977 2312 4015; x_wconf 91' lang='lat' dir='ltr'><strong>sum</strong></span> 
     </span>
    </p>
   </div>
   <div class='ocr_carea' id='block_1_74' title="bbox 728 4047 2311 4122">
    <p class='ocr_par' dir='ltr' id='par_1_74' title="bbox 728 4047 2311 4122">
     <span class='ocr_line' id='line_1_74' title="bbox 728 4047 2311 4122; baseline 0.003 -21"><span class='ocrx_word' id='word_1_554' title='bbox 728 4047 799 4101; x_wconf 91' lang='lat' dir='ltr'><strong>ab</strong></span> <span class='ocrx_word' id='word_1_555' title='bbox 832 4063 921 4113; x_wconf 89' lang='lat' dir='ltr'><strong>eo,</strong></span> <span class='ocrx_word' id='word_1_556' title='bbox 946 4048 1215 4104; x_wconf 80' lang='lat' dir='ltr'><strong>videlicet</strong></span> <span class='ocrx_word' id='word_1_557' title='bbox 1248 4048 1316 4104; x_wconf 89' lang='lat' dir='ltr'><strong>ad</strong></span> <span class='ocrx_word' id='word_1_558' title='bbox 1366 4051 1503 4105; x_wconf 89' lang='lat' dir='ltr'><strong>illud</strong></span> <span class='ocrx_word' id='word_1_559' title='bbox 1535 4051 1787 4106; x_wconf 88' lang='lat' dir='ltr'><strong>habitum</strong></span> <span class='ocrx_word' id='word_1_560' title='bbox 1834 4068 1864 4105; x_wconf 86' lang='lat' dir='ltr'><strong>a</strong></span> <span class='ocrx_word' id='word_1_561' title='bbox 1894 4052 2104 4106; x_wconf 85' lang='lat' dir='ltr'><strong>virtute</strong></span> <span class='ocrx_word' id='word_1_562' title='bbox 2149 4068 2311 4122; x_wconf 90' lang='lat' dir='ltr'><strong>sepa-</strong></span> 
     </span>
    </p>
   </div>
   <div class='ocr_carea' id='block_1_75' title="bbox 730 4138 2310 4210">
    <p class='ocr_par' dir='ltr' id='par_1_75' title="bbox 730 4138 2310 4210">
     <span class='ocr_line' id='line_1_75' title="bbox 730 4138 2310 4210; baseline 0.002 -20"><span class='ocrx_word' id='word_1_563' title='bbox 730 4138 840 4190; x_wconf 86' lang='lat' dir='ltr'><strong>rari</strong></span> <span class='ocrx_word' id='word_1_564' title='bbox 873 4153 1238 4208; x_wconf 72' lang='lat' dir='ltr'><strong>praesumens.</strong></span> <span class='ocrx_word' id='word_1_565' title='bbox 1287 4140 1570 4210; x_wconf 86' lang='lat' dir='ltr'><strong>Deripitur</strong></span> <span class='ocrx_word' id='word_1_566' title='bbox 1608 4139 1795 4210; x_wconf 86' lang='lat' dir='ltr'><strong>itaque</strong></span> <span class='ocrx_word' id='word_1_567' title='bbox 1821 4141 2310 4210; x_wconf 81' lang='lat' dir='ltr'><strong>contemplativus,</strong></span> 
     </span>
    </p>
   </div>
   <div class='ocr_carea' id='block_1_76' title="bbox 730 4229 2310 4301">
    <p class='ocr_par' dir='ltr' id='par_1_76' title="bbox 730 4229 2310 4301">
     <span class='ocr_line' id='line_1_76' title="bbox 730 4229 2310 4301; baseline 0.003 -20"><span class='ocrx_word' id='word_1_568' title='bbox 730 4229 1131 4285; x_wconf 88' lang='lat' dir='ltr'><strong>immoderatus</strong></span> <span class='ocrx_word' id='word_1_569' title='bbox 1162 4231 1276 4300; x_wconf 83' lang='lat' dir='ltr'><strong>jam</strong></span> <span class='ocrx_word' id='word_1_570' title='bbox 1308 4246 1409 4300; x_wconf 88' lang='lat' dir='ltr'><strong>per</strong></span> <span class='ocrx_word' id='word_1_571' title='bbox 1442 4232 1691 4286; x_wconf 87' lang='lat' dir='ltr'><strong>habitum</strong></span> <span class='ocrx_word' id='word_1_572' title='bbox 1727 4232 2031 4286; x_wconf 82' lang='lat' dir='ltr'><strong>adveniens</strong></span> <span class='ocrx_word' id='word_1_573' title='bbox 2068 4233 2310 4301; x_wconf 88' lang='lat' dir='ltr'><strong>corpori,</strong></span> 
     </span>
    </p>
   </div>
   <div class='ocr_carea' id='block_1_77' title="bbox 727 4319 2314 4392">
    <p class='ocr_par' dir='ltr' id='par_1_77' title="bbox 727 4319 2314 4392">
     <span class='ocr_line' id='line_1_77' title="bbox 727 4319 2314 4392; baseline 0.003 -19"><span class='ocrx_word' id='word_1_574' title='bbox 727 4319 1042 4375; x_wconf 89' lang='lat' dir='ltr'><strong>divinarum</strong></span> <span class='ocrx_word' id='word_1_575' title='bbox 1075 4321 1360 4392; x_wconf 75' lang='lat' dir='ltr'><strong>negligens</strong></span> <span class='ocrx_word' id='word_1_576' title='bbox 1389 4322 1926 4392; x_wconf 83' lang='lat' dir='ltr'><strong>contemplationum</strong></span> <span class='ocrx_word' id='word_1_577' title='bbox 1972 4339 1987 4375; x_wconf 91' lang='lat'><strong>:</strong></span> <span class='ocrx_word' id='word_1_578' title='bbox 2029 4320 2314 4377; x_wconf 91' lang='lat' dir='ltr'><strong>detinetur</strong></span> 
     </span>
    </p>
   </div>
   <div class='ocr_carea' id='block_1_78' title="bbox 726 4413 2313 4486">
    <p class='ocr_par' dir='ltr' id='par_1_78' title="bbox 726 4413 2313 4486">
     <span class='ocr_line' id='line_1_78' title="bbox 726 4413 2313 4486; baseline 0.001 -20"><span class='ocrx_word' id='word_1_579' title='bbox 726 4428 862 4467; x_wconf 82' lang='lat' dir='ltr'><strong>vero</strong></span> <span class='ocrx_word' id='word_1_580' title='bbox 884 4413 1122 4479; x_wconf 72' lang='lat' dir='ltr'><strong>netivus,</strong></span> <span class='ocrx_word' id='word_1_581' title='bbox 1142 4415 1360 4486; x_wconf 80' lang='lat' dir='ltr'><strong>corpori</strong></span> <span class='ocrx_word' id='word_1_582' title='bbox 1379 4429 1651 4485; x_wconf 86' lang='lat' dir='ltr'><strong>pugnans,</strong></span> <span class='ocrx_word' id='word_1_583' title='bbox 1671 4414 1836 4469; x_wconf 87' lang='lat' dir='ltr'><strong>datus</strong></span> <span class='ocrx_word' id='word_1_584' title='bbox 1849 4413 1919 4468; x_wconf 90' lang='lat' dir='ltr'><strong>ad</strong></span> <span class='ocrx_word' id='word_1_585' title='bbox 1936 4414 2116 4483; x_wconf 86' lang='lat' dir='ltr'><strong>ipsum</strong></span> <span class='ocrx_word' id='word_1_586' title='bbox 2134 4414 2313 4468; x_wconf 84' lang='lat' dir='ltr'><strong>lucta-</strong></span> 
     </span>
    </p>
   </div>
   <div class='ocr_carea' id='block_1_79' title="bbox 729 4502 2307 4574">
    <p class='ocr_par' dir='ltr' id='par_1_79' title="bbox 729 4502 2307 4574">
     <span class='ocr_line' id='line_1_79' title="bbox 729 4502 2307 4574; baseline 0.002 -19"><span class='ocrx_word' id='word_1_587' title='bbox 729 4502 890 4569; x_wconf 79' lang='lat' dir='ltr'><strong>lieni,</strong></span> <span class='ocrx_word' id='word_1_588' title='bbox 916 4503 1224 4559; x_wconf 84' lang='lat' dir='ltr'><strong>laborando</strong></span> <span class='ocrx_word' id='word_1_589' title='bbox 1248 4518 1350 4573; x_wconf 87' lang='lat' dir='ltr'><strong>pro</strong></span> <span class='ocrx_word' id='word_1_590' title='bbox 1370 4504 1579 4559; x_wconf 86' lang='lat' dir='ltr'><strong>virtute</strong></span> <span class='ocrx_word' id='word_1_591' title='bbox 1604 4518 1727 4574; x_wconf 72' lang='lat' dir='ltr'><strong>quae</strong></span> <span class='ocrx_word' id='word_1_592' title='bbox 1742 4514 1827 4560; x_wconf 86' lang='lat' dir='ltr'><strong>est</strong></span> <span class='ocrx_word' id='word_1_593' title='bbox 1841 4505 2040 4560; x_wconf 66' lang='lat' dir='ltr'><strong>animae</strong></span> <span class='ocrx_word' id='word_1_594' title='bbox 2054 4504 2307 4568; x_wconf 86' lang='lat' dir='ltr'><strong>libertas,</strong></span> 
     </span>
    </p>
   </div>
   <div class='ocr_carea' id='block_1_80' title="bbox 728 4613 1666 4686">
    <p class='ocr_par' dir='ltr' id='par_1_80' title="bbox 728 4613 1666 4686">
     <span class='ocr_line' id='line_1_80' title="bbox 728 4613 1666 4686; baseline 0 -17"><span class='ocrx_word' id='word_1_595' title='bbox 728 4620 923 4671; x_wconf 76' lang='lat' dir='ltr'><strong>servus</strong></span> <span class='ocrx_word' id='word_1_596' title='bbox 943 4628 1067 4671; x_wconf 86' lang='lat' dir='ltr'><strong>esse</strong></span> <span class='ocrx_word' id='word_1_597' title='bbox 1086 4613 1407 4686; x_wconf 85' lang='lat' dir='ltr'><strong>passionum</strong></span> <span class='ocrx_word' id='word_1_598' title='bbox 1430 4615 1666 4686; x_wconf 82' lang='lat' dir='ltr'><strong>eligens.</strong></span> 
     </span>
    </p>
   </div>
   <div class='ocr_carea' id='block_1_81' title="bbox 2414 3340 4014 3414">
    <p class='ocr_par' dir='ltr' id='par_1_81' title="bbox 2414 3340 4014 3414">
     <span class='ocr_line' id='line_1_81' title="bbox 2414 3340 4014 3414; baseline 0.003 -23"><span class='ocrx_word' id='word_1_599' title='bbox 2414 3340 2511 3409; x_wconf 79' lang='grc' dir='ltr'><strong>τὴν</strong></span> <span class='ocrx_word' id='word_1_600' title='bbox 2543 3341 2672 3409; x_wconf 81' lang='grc' dir='ltr'>περὶ</span> <span class='ocrx_word' id='word_1_601' title='bbox 2717 3341 2888 3410; x_wconf 86' lang='grc' dir='ltr'>μόνης</span> <span class='ocrx_word' id='word_1_602' title='bbox 2932 3343 3032 3411; x_wconf 82' lang='grc' dir='ltr'>τῆς</span> <span class='ocrx_word' id='word_1_603' title='bbox 3080 3342 3359 3411; x_wconf 80' lang='grc' dir='ltr'>βασιλείας</span> <span class='ocrx_word' id='word_1_604' title='bbox 3389 3343 3499 3396; x_wconf 88' lang='grc' dir='ltr'><strong>τῶν</strong></span> <span class='ocrx_word' id='word_1_605' title='bbox 3546 3346 3791 3414; x_wconf 78' lang='grc' dir='ltr'>οὐρανῶν</span> <span class='ocrx_word' id='word_1_606' title='bbox 3834 3344 4014 3413; x_wconf 69' lang='grc' dir='ltr'>μέρεα</span> 
     </span>
    </p>
   </div>
   <div class='ocr_carea' id='block_1_82' title="bbox 2418 3426 4010 3506">
    <p class='ocr_par' dir='ltr' id='par_1_82' title="bbox 2418 3426 4010 3506">
     <span class='ocr_line' id='line_1_82' title="bbox 2418 3426 4010 3506; baseline 0.003 -25"><span class='ocrx_word' id='word_1_607' title='bbox 2418 3430 2558 3498; x_wconf 90' lang='grc' dir='ltr'><strong>μνάν</strong></span> <span class='ocrx_word' id='word_1_608' title='bbox 2589 3447 2648 3483; x_wconf 84' lang='grc' dir='ltr'><strong>τε</strong></span> <span class='ocrx_word' id='word_1_609' title='bbox 2690 3432 2787 3484; x_wconf 74' lang='grc' dir='ltr'><strong>καὶ</strong></span> <span class='ocrx_word' id='word_1_610' title='bbox 2824 3432 3053 3503; x_wconf 80' lang='grc' dir='ltr'>ζήτησιν</span> <span class='ocrx_word' id='word_1_611' title='bbox 3095 3426 3139 3500; x_wconf 84' lang='grc' dir='ltr'><strong>ᾧ</strong></span> <span class='ocrx_word' id='word_1_612' title='bbox 3164 3434 3208 3465; x_wconf 82' lang='grc'><strong>⁷⁸</strong></span> <span class='ocrx_word' id='word_1_613' title='bbox 3242 3435 3317 3505; x_wconf 78' lang='grc' dir='ltr'>μὴ</span> <span class='ocrx_word' id='word_1_614' title='bbox 3368 3432 3528 3503; x_wconf 73' lang='grc' dir='ltr'>θέμις</span> <span class='ocrx_word' id='word_1_615' title='bbox 3570 3429 3659 3503; x_wconf 79' lang='grc' dir='ltr'><strong>ἦν,</strong></span> <span class='ocrx_word' id='word_1_616' title='bbox 3709 3437 3773 3505; x_wconf 76' lang='grc' dir='ltr'><strong>τῇ</strong></span> <span class='ocrx_word' id='word_1_617' title='bbox 3823 3435 4010 3506; x_wconf 80' lang='grc' dir='ltr'>γηῖνῃ</span> 
     </span>
    </p>
   </div>
   <div class='ocr_carea' id='block_1_83' title="bbox 2414 3520 4009 3594">
    <p class='ocr_par' dir='ltr' id='par_1_83' title="bbox 2414 3520 4009 3594">
     <span class='ocr_line' id='line_1_83' title="bbox 2414 3520 4009 3594; baseline 0.004 -23"><span class='ocrx_word' id='word_1_618' title='bbox 2414 3520 2557 3587; x_wconf 82' lang='grc' dir='ltr'>λέγω</span> <span class='ocrx_word' id='word_1_619' title='bbox 2587 3520 2698 3591; x_wconf 79' lang='grc' dir='ltr'><strong>ζωῇ</strong></span> <span class='ocrx_word' id='word_1_620' title='bbox 2726 3563 2742 3585; x_wconf 84' lang='grc'><em>,</em></span> <span class='ocrx_word' id='word_1_621' title='bbox 2775 3522 3137 3593; x_wconf 82' lang='grc' dir='ltr'>προσνείμας,</span> <span class='ocrx_word' id='word_1_622' title='bbox 3172 3523 3268 3577; x_wconf 79' lang='grc' dir='ltr'><strong>καὶ</strong></span> <span class='ocrx_word' id='word_1_623' title='bbox 3296 3527 3417 3586; x_wconf 85' lang='grc' dir='ltr'>ταῖς</span> <span class='ocrx_word' id='word_1_624' title='bbox 3464 3524 3750 3594; x_wconf 84' lang='grc' dir='ltr'>αίσθήσεσι</span> <span class='ocrx_word' id='word_1_625' title='bbox 3779 3527 4009 3594; x_wconf 81' lang='grc' dir='ltr'>συμφὲ-</span> 
     </span>
    </p>
   </div>
   <div class='ocr_carea' id='block_1_84' title="bbox 2416 3610 4008 3683">
    <p class='ocr_par' dir='ltr' id='par_1_84' title="bbox 2416 3610 4008 3683">
     <span class='ocr_line' id='line_1_84' title="bbox 2416 3610 4008 3683; baseline 0.004 -21"><span class='ocrx_word' id='word_1_626' title='bbox 2416 3610 2605 3679; x_wconf 81' lang='grc' dir='ltr'>ρεσθαι</span> <span class='ocrx_word' id='word_1_627' title='bbox 2641 3611 2865 3680; x_wconf 80' lang='grc' dir='ltr'>μᾶλλον,</span> <span class='ocrx_word' id='word_1_628' title='bbox 2908 3614 2942 3682; x_wconf 81' lang='grc' dir='ltr'>ἦ</span> <span class='ocrx_word' id='word_1_629' title='bbox 2990 3613 3126 3682; x_wconf 74' lang='grc' dir='ltr'>πρὸς</span> <span class='ocrx_word' id='word_1_630' title='bbox 3159 3613 3291 3665; x_wconf 80' lang='grc' dir='ltr'>Θεὸν</span> <span class='ocrx_word' id='word_1_631' title='bbox 3335 3613 3600 3683; x_wconf 82' lang='grc' dir='ltr'>φέρεσθαι</span> <span class='ocrx_word' id='word_1_632' title='bbox 3627 3612 3727 3683; x_wconf 86' lang='grc' dir='ltr'><strong>τὴν</strong></span> <span class='ocrx_word' id='word_1_633' title='bbox 3752 3614 4008 3668; x_wconf 80' lang='grc' dir='ltr'>διάνοιαν</span> 
     </span>
    </p>
   </div>
   <div class='ocr_carea' id='block_1_85' title="bbox 2415 3702 4005 3776">
    <p class='ocr_par' dir='ltr' id='par_1_85' title="bbox 2415 3702 4005 3776">
     <span class='ocr_line' id='line_1_85' title="bbox 2415 3702 4005 3776; baseline 0.003 -22"><span class='ocrx_word' id='word_1_634' title='bbox 2415 3702 2809 3772; x_wconf 78' lang='grc' dir='ltr'>ἀνασχόμενος.</span> <span class='ocrx_word' id='word_1_635' title='bbox 2842 3703 2907 3758; x_wconf 84' lang='grc' dir='ltr'>Εί</span> <span class='ocrx_word' id='word_1_636' title='bbox 2935 3704 2992 3757; x_wconf 81' lang='grc' dir='ltr'>δὲ</span> <span class='ocrx_word' id='word_1_637' title='bbox 3030 3704 3139 3757; x_wconf 89' lang='grc' dir='ltr'><strong>τῶν</strong></span> <span class='ocrx_word' id='word_1_638' title='bbox 3174 3705 3255 3757; x_wconf 75' lang='grc' dir='ltr'>ἔτι</span> <span class='ocrx_word' id='word_1_639' title='bbox 3289 3706 3378 3759; x_wconf 88' lang='grc' dir='ltr'><strong>διά</strong></span> <span class='ocrx_word' id='word_1_640' title='bbox 3407 3705 3508 3775; x_wconf 82' lang='grc' dir='ltr'>τῆς</span> <span class='ocrx_word' id='word_1_641' title='bbox 3538 3706 3849 3776; x_wconf 75' lang='grc' dir='ltr'>πρακτικῆς</span> <span class='ocrx_word' id='word_1_642' title='bbox 3883 3723 4005 3758; x_wconf 81' lang='grc' dir='ltr'>πο-</span> 
     </span>
    </p>
   </div>
   <div class='ocr_carea' id='block_1_86' title="bbox 2414 3793 4009 3867">
    <p class='ocr_par' dir='ltr' id='par_1_86' title="bbox 2414 3793 4009 3867">
     <span class='ocr_line' id='line_1_86' title="bbox 2414 3793 4009 3867; baseline 0.004 -22"><span class='ocrx_word' id='word_1_643' title='bbox 2414 3793 2655 3862; x_wconf 83' lang='grc' dir='ltr'>λεμικῶς</span> <span class='ocrx_word' id='word_1_644' title='bbox 2684 3795 2826 3848; x_wconf 84' lang='grc' dir='ltr'>κατά</span> <span class='ocrx_word' id='word_1_645' title='bbox 2862 3796 2973 3849; x_wconf 88' lang='grc' dir='ltr'><strong>τῶν</strong></span> <span class='ocrx_word' id='word_1_646' title='bbox 3016 3796 3205 3851; x_wconf 87' lang='grc' dir='ltr'>παθῶν</span> <span class='ocrx_word' id='word_1_647' title='bbox 3247 3796 3592 3867; x_wconf 83' lang='grc' dir='ltr'>ὡπλισμένος</span> <span class='ocrx_word' id='word_1_648' title='bbox 3634 3797 3750 3866; x_wconf 75' lang='grc' dir='ltr'>εἰμὶ</span> <span class='ocrx_word' id='word_1_649' title='bbox 3772 3836 3787 3858; x_wconf 87' lang='grc'><em>,</em></span> <span class='ocrx_word' id='word_1_650' title='bbox 3822 3799 4009 3867; x_wconf 79' lang='grc' dir='ltr'>μήπω</span> 
     </span>
    </p>
   </div>
   <div class='ocr_carea' id='block_1_87' title="bbox 2414 3885 4006 3959">
    <p class='ocr_par' dir='ltr' id='par_1_87' title="bbox 2414 3885 4006 3959">
     <span class='ocr_line' id='line_1_87' title="bbox 2414 3885 4006 3959; baseline 0.003 -22"><span class='ocrx_word' id='word_1_651' title='bbox 2414 3885 2522 3937; x_wconf 81' lang='grc' dir='ltr'><strong>τῶν</strong></span> <span class='ocrx_word' id='word_1_652' title='bbox 2568 3886 2637 3938; x_wconf 79' lang='grc' dir='ltr'>δι’</span> <span class='ocrx_word' id='word_1_653' title='bbox 2670 3887 2851 3939; x_wconf 84' lang='grc' dir='ltr'>αὐτῶν</span> <span class='ocrx_word' id='word_1_654' title='bbox 2900 3887 3043 3939; x_wconf 80' lang='grc' dir='ltr'>ἑλεῖν</span> <span class='ocrx_word' id='word_1_655' title='bbox 3083 3886 3425 3959; x_wconf 84' lang='grc' dir='ltr'>βουλομένων</span> <span class='ocrx_word' id='word_1_656' title='bbox 3468 3889 3679 3959; x_wconf 77' lang='grc' dir='ltr'>ἐχθρῶν</span> <span class='ocrx_word' id='word_1_657' title='bbox 3732 3888 4006 3959; x_wconf 78' lang='grc' dir='ltr'>καθαρῶς</span> 
     </span>
    </p>
   </div>
   <div class='ocr_carea' id='block_1_88' title="bbox 2416 3975 4007 4051">
    <p class='ocr_par' dir='ltr' id='par_1_88' title="bbox 2416 3975 4007 4051">
     <span class='ocr_line' id='line_1_88' title="bbox 2416 3975 4007 4051; baseline 0.003 -23"><span class='ocrx_word' id='word_1_658' title='bbox 2416 3975 2693 4039; x_wconf 82' lang='grc' dir='ltr'>ὑπαλύξας</span> <span class='ocrx_word' id='word_1_659' title='bbox 2726 3978 2854 4040; x_wconf 82' lang='grc' dir='ltr'>τοὺς</span> <span class='ocrx_word' id='word_1_660' title='bbox 2882 3977 3068 4041; x_wconf 87' lang='grc' dir='ltr'>δόλους</span> <span class='ocrx_word' id='word_1_661' title='bbox 3093 4019 3109 4043; x_wconf 85' lang='grc'><em>,</em></span> <span class='ocrx_word' id='word_1_662' title='bbox 3156 3980 3253 4033; x_wconf 75' lang='grc' dir='ltr'><strong>καὶ</strong></span> <span class='ocrx_word' id='word_1_663' title='bbox 3297 3980 3509 4051; x_wconf 83' lang='grc' dir='ltr'>στέρξω</span> <span class='ocrx_word' id='word_1_664' title='bbox 3550 3980 3875 4050; x_wconf 81' lang='grc' dir='ltr'>ἀδιακρίτως</span> <span class='ocrx_word' id='word_1_665' title='bbox 3932 3980 4007 4032; x_wconf 75' lang='grc' dir='ltr'>τὸ</span> 
     </span>
    </p>
   </div>
   <div class='ocr_carea' id='block_1_89' title="bbox 2418 4068 4007 4141">
    <p class='ocr_par' dir='ltr' id='par_1_89' title="bbox 2418 4068 4007 4141">
     <span class='ocr_line' id='line_1_89' title="bbox 2418 4068 4007 4141; baseline 0.001 -19"><span class='ocrx_word' id='word_1_666' title='bbox 2418 4069 2597 4139; x_wconf 87' lang='grc' dir='ltr'>σῶμα,</span> <span class='ocrx_word' id='word_1_667' title='bbox 2643 4068 2981 4139; x_wconf 83' lang='grc' dir='ltr'>κατεσχέθην</span> <span class='ocrx_word' id='word_1_668' title='bbox 3030 4070 3123 4123; x_wconf 78' lang='grc' dir='ltr'><strong>ὑπ’</strong></span> <span class='ocrx_word' id='word_1_669' title='bbox 3152 4069 3320 4125; x_wconf 80' lang='grc' dir='ltr'>αὑτοῦ</span> <span class='ocrx_word' id='word_1_670' title='bbox 3369 4072 3550 4141; x_wconf 82' lang='grc' dir='ltr'>δῆλον,</span> <span class='ocrx_word' id='word_1_671' title='bbox 3596 4071 3673 4134; x_wconf 82' lang='grc' dir='ltr'><strong>ὡς</strong></span> <span class='ocrx_word' id='word_1_672' title='bbox 3714 4072 3811 4139; x_wconf 74' lang='grc' dir='ltr'>τὴν</span> <span class='ocrx_word' id='word_1_673' title='bbox 3848 4070 4007 4141; x_wconf 76' lang='grc' dir='ltr'>πρὸς</span> 
     </span>
    </p>
   </div>
   <div class='ocr_carea' id='block_1_90' title="bbox 2414 4158 4006 4230">
    <p class='ocr_par' dir='ltr' id='par_1_90' title="bbox 2414 4158 4006 4230">
     <span class='ocr_line' id='line_1_90' title="bbox 2414 4158 4006 4230; baseline -0.001 -18"><span class='ocrx_word' id='word_1_674' title='bbox 2414 4160 2548 4213; x_wconf 84' lang='grc' dir='ltr'>αὐτὸ</span> <span class='ocrx_word' id='word_1_675' title='bbox 2578 4159 2763 4229; x_wconf 70' lang='grc' dir='ltr'>σχέσιν</span> <span class='ocrx_word' id='word_1_676' title='bbox 2791 4158 2885 4212; x_wconf 80' lang='grc' dir='ltr'><strong>τοῦ</strong></span> <span class='ocrx_word' id='word_1_677' title='bbox 2913 4158 2982 4212; x_wconf 87' lang='grc' dir='ltr'>δι’</span> <span class='ocrx_word' id='word_1_678' title='bbox 3026 4160 3230 4230; x_wconf 80' lang='grc' dir='ltr'>ἀρετῆς</span> <span class='ocrx_word' id='word_1_679' title='bbox 3271 4158 3554 4229; x_wconf 83' lang='grc' dir='ltr'>χωρισμοῦ</span> <span class='ocrx_word' id='word_1_680' title='bbox 3604 4158 4006 4229; x_wconf 78' lang='grc' dir='ltr'>προελόμενος.</span> 
     </span>
    </p>
   </div>
   <div class='ocr_carea' id='block_1_91' title="bbox 2413 4244 4010 4320">
    <p class='ocr_par' dir='ltr' id='par_1_91' title="bbox 2413 4244 4010 4320">
     <span class='ocr_line' id='line_1_91' title="bbox 2413 4244 4010 4320; baseline -0.002 -18"><span class='ocrx_word' id='word_1_681' title='bbox 2413 4249 2776 4303; x_wconf 78' lang='grc' dir='ltr'>Κατασπᾶται</span> <span class='ocrx_word' id='word_1_682' title='bbox 2829 4244 2922 4303; x_wconf 79' lang='grc' dir='ltr'>οὖν</span> <span class='ocrx_word' id='word_1_683' title='bbox 2972 4249 3082 4319; x_wconf 85' lang='grc' dir='ltr'><strong>ἀρα</strong></span> <span class='ocrx_word' id='word_1_684' title='bbox 3125 4250 3154 4302; x_wconf 92' lang='lat'><strong>6</strong></span> <span class='ocrx_word' id='word_1_685' title='bbox 3209 4249 3548 4320; x_wconf 77' lang='grc' dir='ltr'>θεωρητικὸς</span> <span class='ocrx_word' id='word_1_686' title='bbox 3607 4249 3836 4317; x_wconf 79' lang='grc' dir='ltr'>ἄσχετος</span> <span class='ocrx_word' id='word_1_687' title='bbox 3888 4248 4010 4319; x_wconf 68' lang='grc' dir='ltr'><strong>ἤδη</strong></span> 
     </span>
    </p>
   </div>
   <div class='ocr_carea' id='block_1_92' title="bbox 2412 4335 4012 4409">
    <p class='ocr_par' dir='ltr' id='par_1_92' title="bbox 2412 4335 4012 4409">
     <span class='ocr_line' id='line_1_92' title="bbox 2412 4335 4012 4409; baseline -0.002 -17"><span class='ocrx_word' id='word_1_688' title='bbox 2412 4338 2556 4393; x_wconf 81' lang='grc' dir='ltr'>κατά</span> <span class='ocrx_word' id='word_1_689' title='bbox 2603 4338 2703 4409; x_wconf 79' lang='grc' dir='ltr'>τὴν</span> <span class='ocrx_word' id='word_1_690' title='bbox 2756 4338 2869 4402; x_wconf 71' lang='grc' dir='ltr'>ἕξιν</span> <span class='ocrx_word' id='word_1_691' title='bbox 2922 4338 3207 4408; x_wconf 81' lang='grc' dir='ltr'>γινόμενος</span> <span class='ocrx_word' id='word_1_692' title='bbox 3258 4337 3337 4408; x_wconf 82' lang='grc' dir='ltr'>τῷ</span> <span class='ocrx_word' id='word_1_693' title='bbox 3390 4338 3626 4409; x_wconf 86' lang='grc' dir='ltr'>σώματι,</span> <span class='ocrx_word' id='word_1_694' title='bbox 3678 4338 3784 4390; x_wconf 87' lang='grc' dir='ltr'><strong>τῶν</strong></span> <span class='ocrx_word' id='word_1_695' title='bbox 3832 4335 4012 4389; x_wconf 81' lang='grc' dir='ltr'>θείων</span> 
     </span>
    </p>
   </div>
   <div class='ocr_carea' id='block_1_93' title="bbox 2413 4428 4013 4503">
    <p class='ocr_par' dir='ltr' id='par_1_93' title="bbox 2413 4428 4013 4503">
     <span class='ocr_line' id='line_1_93' title="bbox 2413 4428 4013 4503; baseline -0.003 -17"><span class='ocrx_word' id='word_1_696' title='bbox 2413 4431 2636 4503; x_wconf 79' lang='grc' dir='ltr'>ἀμελῶν</span> <span class='ocrx_word' id='word_1_697' title='bbox 2668 4429 2983 4501; x_wconf 80' lang='grc' dir='ltr'>θεαμάτων.</span> <span class='ocrx_word' id='word_1_698' title='bbox 3020 4430 3329 4500; x_wconf 77' lang='grc' dir='ltr'>Κατέχεται</span> <span class='ocrx_word' id='word_1_699' title='bbox 3358 4430 3417 4483; x_wconf 72' lang='grc' dir='ltr'>δὲ</span> <span class='ocrx_word' id='word_1_700' title='bbox 3455 4433 3485 4484; x_wconf 90' lang='lat'><strong>6</strong></span> <span class='ocrx_word' id='word_1_701' title='bbox 3512 4428 3817 4501; x_wconf 77' lang='grc' dir='ltr'>πρακτικὸς</span> <span class='ocrx_word' id='word_1_702' title='bbox 3847 4429 3876 4481; x_wconf 86' lang='grc' dir='ltr'><strong>ό</strong></span> <span class='ocrx_word' id='word_1_703' title='bbox 3914 4429 4013 4500; x_wconf 77' lang='grc' dir='ltr'>τῷ</span> 
     </span>
    </p>
   </div>
   <div class='ocr_carea' id='block_1_94' title="bbox 2415 4519 4011 4593">
    <p class='ocr_par' dir='ltr' id='par_1_94' title="bbox 2415 4519 4011 4593">
     <span class='ocr_line' id='line_1_94' title="bbox 2415 4519 4011 4593; baseline -0.001 -17"><span class='ocrx_word' id='word_1_704' title='bbox 2415 4522 2627 4592; x_wconf 81' lang='grc' dir='ltr'>σώματι</span> <span class='ocrx_word' id='word_1_705' title='bbox 2671 4522 2975 4592; x_wconf 85' lang='grc' dir='ltr'>μαχόμενος</span> <span class='ocrx_word' id='word_1_706' title='bbox 2998 4560 3014 4585; x_wconf 87' lang='grc'><em>,</em></span> <span class='ocrx_word' id='word_1_707' title='bbox 3088 4522 3322 4585; x_wconf 66' lang='grc' dir='ltr'>ἐνδιδοὺς</span> <span class='ocrx_word' id='word_1_708' title='bbox 3360 4524 3429 4593; x_wconf 71' lang='grc' dir='ltr'><strong>τῇ</strong></span> <span class='ocrx_word' id='word_1_709' title='bbox 3480 4522 3617 4591; x_wconf 82' lang='grc' dir='ltr'>πρὸς</span> <span class='ocrx_word' id='word_1_710' title='bbox 3644 4521 3772 4575; x_wconf 79' lang='grc' dir='ltr'>αὐτὸ</span> <span class='ocrx_word' id='word_1_711' title='bbox 3806 4519 4011 4592; x_wconf 62' lang='grc' dir='ltr'>πάλῃ,</span> 
     </span>
    </p>
   </div>
   <div class='ocr_carea' id='block_1_95' title="bbox 2421 4611 4012 4684">
    <p class='ocr_par' dir='ltr' id='par_1_95' title="bbox 2421 4611 4012 4684">
     <span class='ocr_line' id='line_1_95' title="bbox 2421 4611 4012 4684; baseline 0.008 -19"><span class='ocrx_word' id='word_1_712' title='bbox 2421 4614 2516 4666; x_wconf 78' lang='grc' dir='ltr'><strong>καὶ</strong></span> <span class='ocrx_word' id='word_1_713' title='bbox 2571 4611 2665 4666; x_wconf 74' lang='grc' dir='ltr'><strong>τοῦ</strong></span> <span class='ocrx_word' id='word_1_714' title='bbox 2721 4615 2905 4666; x_wconf 81' lang='grc' dir='ltr'>πονεῖν</span> <span class='ocrx_word' id='word_1_715' title='bbox 2970 4612 3110 4684; x_wconf 76' lang='grc' dir='ltr'>ὑπὲρ</span> <span class='ocrx_word' id='word_1_716' title='bbox 3163 4612 3400 4684; x_wconf 79' lang='grc' dir='ltr'>ἀρετῆς,</span> <span class='ocrx_word' id='word_1_717' title='bbox 3463 4614 3585 4682; x_wconf 71' lang='grc' dir='ltr'>ἥτις</span> <span class='ocrx_word' id='word_1_718' title='bbox 3644 4613 3761 4665; x_wconf 61' lang='grc' dir='ltr'><strong>ἑστι</strong></span> <span class='ocrx_word' id='word_1_719' title='bbox 3812 4611 4012 4683; x_wconf 73' lang='grc' dir='ltr'>ψυχῆς</span> 
     </span>
    </p>
   </div>
   <div class='ocr_carea' id='block_1_96' title="bbox 2413 4703 3848 4779">
    <p class='ocr_par' dir='ltr' id='par_1_96' title="bbox 2413 4703 3848 4779">
     <span class='ocr_line' id='line_1_96' title="bbox 2413 4703 3848 4779; baseline 0.001 -18"><span class='ocrx_word' id='word_1_720' title='bbox 2413 4706 2716 4779; x_wconf 71' lang='grc' dir='ltr'>ἐλευθερία,</span> <span class='ocrx_word' id='word_1_721' title='bbox 2744 4707 2805 4761; x_wconf 81' lang='grc' dir='ltr'>τὸ</span> <span class='ocrx_word' id='word_1_722' title='bbox 2832 4705 3018 4761; x_wconf 83' lang='grc' dir='ltr'>δοῦλον</span> <span class='ocrx_word' id='word_1_723' title='bbox 3050 4703 3190 4761; x_wconf 79' lang='grc' dir='ltr'>εἶναι</span> <span class='ocrx_word' id='word_1_724' title='bbox 3218 4706 3408 4762; x_wconf 70' lang='grc' dir='ltr'>παθῶν</span> <span class='ocrx_word' id='word_1_725' title='bbox 3441 4707 3848 4776; x_wconf 62' lang='grc' dir='ltr'>ἐπιλεγόμενος.</span> 
     </span>
    </p>
   </div>
   <div class='ocr_carea' id='block_1_97' title="bbox 728 4880 2318 4959">
    <p class='ocr_par' dir='ltr' id='par_1_97' title="bbox 728 4880 2312 4959">
     <span class='ocr_line' id='line_1_97' title="bbox 728 4880 2312 4959; baseline -0.004 -15"><span class='ocrx_word' id='word_1_726' title='bbox 728 4887 982 4959; x_wconf 69' lang='lat' dir='ltr'><strong>Ejusdem</strong></span> <span class='ocrx_word' id='word_1_727' title='bbox 1003 4885 1269 4941; x_wconf 59' lang='lat' dir='ltr'><strong>eteadem</strong></span> <span class='ocrx_word' id='word_1_728' title='bbox 1296 4899 1556 4948; x_wconf 73' lang='lat' dir='ltr'><strong>sermone,</strong></span> <span class='ocrx_word' id='word_1_729' title='bbox 1591 4883 1648 4937; x_wconf 86' lang='lat' dir='ltr'><strong>in</strong></span> <span class='ocrx_word' id='word_1_730' title='bbox 1676 4884 1792 4941; x_wconf 78' lang='lat' dir='ltr'><strong>hoc.</strong></span> <span class='ocrx_word' id='word_1_731' title='bbox 1832 4901 1851 4934; x_wconf 69' lang='grc' dir='ltr'>ς</span> <span class='ocrx_word' id='word_1_732' title='bbox 1900 4880 2032 4947; x_wconf 76' lang='lat' dir='ltr'><strong>Qua:</strong></span> <span class='ocrx_word' id='word_1_733' title='bbox 2070 4898 2197 4952; x_wconf 82' lang='lat' dir='ltr'><strong>erga</strong></span> <span class='ocrx_word' id='word_1_734' title='bbox 2230 4900 2312 4937; x_wconf 88' lang='lat' dir='ltr'><strong>me</strong></span> 
     </span>
    </p>
   </div>
   <div class='ocr_carea' id='block_1_98' title="bbox 2420 4880 4015 4959">
    <p class='ocr_par' dir='ltr' id='par_1_98' title="bbox 2426 4882 4015 4955">
     <span class='ocr_line' id='line_1_98' title="bbox 2426 4882 4015 4955; baseline -0.002 -15"><span class='ocrx_word' id='word_1_735' title='bbox 2426 4887 2526 4940; x_wconf 79' lang='grc' dir='ltr'><strong>Ἐκ</strong></span> <span class='ocrx_word' id='word_1_736' title='bbox 2573 4884 2678 4937; x_wconf 84' lang='grc' dir='ltr'>τοῦ</span> <span class='ocrx_word' id='word_1_737' title='bbox 2722 4883 2911 4939; x_wconf 81' lang='grc' dir='ltr'>αὑτοῦ</span> <span class='ocrx_word' id='word_1_738' title='bbox 2951 4885 3161 4955; x_wconf 69' lang='grc' dir='ltr'>λόγου,</span> <span class='ocrx_word' id='word_1_739' title='bbox 3209 4886 3297 4951; x_wconf 76' lang='grc' dir='ltr'>εις</span> <span class='ocrx_word' id='word_1_740' title='bbox 3331 4885 3420 4948; x_wconf 85' lang='grc' dir='ltr'><strong>τὸ,</strong></span> <span class='ocrx_word' id='word_1_741' title='bbox 3480 4902 3499 4935; x_wconf 73' lang='grc' dir='ltr'><strong>ι</strong></span> <span class='ocrx_word' id='word_1_742' title='bbox 3535 4883 3630 4949; x_wconf 82' lang='grc' dir='ltr'>Τίς</span> <span class='ocrx_word' id='word_1_743' title='bbox 3656 4882 3695 4950; x_wconf 79' lang='grc' dir='ltr'><strong><em>ἠ</em></strong></span> <span class='ocrx_word' id='word_1_744' title='bbox 3724 4882 3855 4950; x_wconf 75' lang='grc' dir='ltr'>περὶ</span> <span class='ocrx_word' id='word_1_745' title='bbox 3884 4883 4015 4951; x_wconf 79' lang='grc' dir='ltr'><strong>ἐμὲ</strong></span> 
     </span>
    </p>
   </div>
   <div class='ocr_carea' id='block_1_99' title="bbox 795 4973 2309 5051">
    <p class='ocr_par' dir='ltr' id='par_1_99' title="bbox 795 4973 2309 5051">
     <span class='ocr_line' id='line_1_99' title="bbox 795 4973 2309 5051; baseline -0.005 -17"><span class='ocrx_word' id='word_1_746' title='bbox 795 4981 1087 5051; x_wconf 75' lang='lat' dir='ltr'><strong>sapientia,</strong></span> <span class='ocrx_word' id='word_1_747' title='bbox 1142 4987 1193 5032; x_wconf 86' lang='lat' dir='ltr'><strong>et</strong></span> <span class='ocrx_word' id='word_1_748' title='bbox 1223 4977 1364 5049; x_wconf 79' lang='lat' dir='ltr'><strong>quod</strong></span> <span class='ocrx_word' id='word_1_749' title='bbox 1400 4992 1653 5047; x_wconf 81' lang='lat' dir='ltr'><strong>magnum</strong></span> <span class='ocrx_word' id='word_1_750' title='bbox 1684 4974 1994 5044; x_wconf 74' lang='lat' dir='ltr'><strong>mysterium</strong></span> <span class='ocrx_word' id='word_1_751' title='bbox 2022 4973 2047 5025; x_wconf 82' lang='lat'><strong><em>?</em></strong></span> <span class='ocrx_word' id='word_1_752' title='bbox 2084 4974 2167 5027; x_wconf 71' lang='lat' dir='ltr'><strong>An</strong></span> <span class='ocrx_word' id='word_1_753' title='bbox 2194 4975 2309 5027; x_wconf 73' lang='lat' dir='ltr'><strong>vult</strong></span> 
     </span>
    </p>
   </div>
   <div class='ocr_carea' id='block_1_100' title="bbox 796 5067 2309 5144">
    <p class='ocr_par' dir='ltr' id='par_1_100' title="bbox 796 5067 2309 5144">
     <span class='ocr_line' id='line_1_100' title="bbox 796 5067 2309 5144; baseline -0.004 -19"><span class='ocrx_word' id='word_1_754' title='bbox 796 5081 1006 5144; x_wconf 86' lang='lat' dir='ltr'><strong>partem</strong></span> <span class='ocrx_word' id='word_1_755' title='bbox 1034 5086 1129 5123; x_wconf 80' lang='lat' dir='ltr'><strong>nos</strong></span> <span class='ocrx_word' id='word_1_756' title='bbox 1157 5085 1266 5123; x_wconf 69' lang='lat' dir='ltr'><strong>esse</strong></span> <span class='ocrx_word' id='word_1_757' title='bbox 1294 5067 1408 5131; x_wconf 88' lang='lat' dir='ltr'><strong>Dei,</strong></span> <span class='ocrx_word' id='word_1_758' title='bbox 1443 5076 1493 5121; x_wconf 86' lang='lat' dir='ltr'><strong>et</strong></span> <span class='ocrx_word' id='word_1_759' title='bbox 1525 5068 1801 5120; x_wconf 69' lang='lat' dir='ltr'><strong>desursum</strong></span> <span class='ocrx_word' id='word_1_760' title='bbox 1844 5068 2085 5136; x_wconf 72' lang='lat' dir='ltr'><strong>ﬂuentes.</strong></span> <span class='ocrx_word' id='word_1_761' title='bbox 2116 5075 2174 5118; x_wconf 79' lang='lat' dir='ltr'><strong>ut</strong></span> <span class='ocrx_word' id='word_1_762' title='bbox 2205 5082 2309 5119; x_wconf 86' lang='lat' dir='ltr'><strong>non</strong></span> 
     </span>
    </p>
   </div>
   <div class='ocr_carea' id='block_1_101' title="bbox 794 5157 2310 5237">
    <p class='ocr_par' dir='ltr' id='par_1_101' title="bbox 794 5157 2310 5237">
     <span class='ocr_line' id='line_1_101' title="bbox 794 5157 2310 5237; baseline -0.005 -19"><span class='ocrx_word' id='word_1_763' title='bbox 794 5182 889 5237; x_wconf 76' lang='lat' dir='ltr'><strong>per</strong></span> <span class='ocrx_word' id='word_1_764' title='bbox 917 5164 1234 5234; x_wconf 80' lang='lat' dir='ltr'><strong>dignitatem</strong></span> <span class='ocrx_word' id='word_1_765' title='bbox 1268 5160 1515 5224; x_wconf 67' lang='lat' dir='ltr'><strong>exaltati,</strong></span> <span class='ocrx_word' id='word_1_766' title='bbox 1544 5168 1594 5212; x_wconf 87' lang='lat' dir='ltr'><strong>et</strong></span> <span class='ocrx_word' id='word_1_767' title='bbox 1628 5157 1859 5212; x_wconf 68' lang='lat' dir='ltr'><strong>ealestia</strong></span> <span class='ocrx_word' id='word_1_768' title='bbox 1888 5157 2310 5227; x_wconf 72' lang='lat' dir='ltr'><strong>contemplantes</strong></span> 
     </span>
    </p>
   </div>
   <div class='ocr_carea' id='block_1_102' title="bbox 796 5249 2307 5326">
    <p class='ocr_par' dir='ltr' id='par_1_102' title="bbox 796 5249 2307 5326">
     <span class='ocr_line' id='line_1_102' title="bbox 796 5249 2307 5326; baseline -0.005 -16"><span class='ocrx_word' id='word_1_769' title='bbox 796 5258 1149 5326; x_wconf 74' lang='lat' dir='ltr'><strong>despiciamna</strong></span> <span class='ocrx_word' id='word_1_770' title='bbox 1198 5254 1501 5309; x_wconf 82' lang='lat' dir='ltr'><strong>Creatorem</strong></span> <span class='ocrx_word' id='word_1_771' title='bbox 1543 5252 1601 5305; x_wconf 86' lang='lat' dir='ltr'><strong>in</strong></span> <span class='ocrx_word' id='word_1_772' title='bbox 1668 5249 1958 5302; x_wconf 73' lang='lat' dir='ltr'><strong>luctatione</strong></span> <span class='ocrx_word' id='word_1_773' title='bbox 2014 5266 2077 5302; x_wconf 88' lang='lat' dir='ltr'><strong>ac</strong></span> <span class='ocrx_word' id='word_1_774' title='bbox 2128 5266 2307 5318; x_wconf 80' lang='lat' dir='ltr'><strong>pugna</strong></span> 
     </span>
    </p>
   </div>
   <div class='ocr_carea' id='block_1_103' title="bbox 796 5340 2310 5420">
    <p class='ocr_par' dir='ltr' id='par_1_103' title="bbox 796 5340 2310 5420">
     <span class='ocr_line' id='line_1_103' title="bbox 796 5340 2310 5420; baseline -0.008 -19"><span class='ocrx_word' id='word_1_775' title='bbox 796 5365 914 5420; x_wconf 82' lang='lat' dir='ltr'><strong>qme</strong></span> <span class='ocrx_word' id='word_1_776' title='bbox 960 5356 1147 5402; x_wconf 86' lang='lat' dir='ltr'><strong>contra</strong></span> <span class='ocrx_word' id='word_1_777' title='bbox 1198 5360 1389 5415; x_wconf 71' lang='lat' dir='ltr'><strong>corpus</strong></span> <span class='ocrx_word' id='word_1_778' title='bbox 1417 5352 1514 5409; x_wconf 75' lang='lat' dir='ltr'><strong>eat,</strong></span> <span class='ocrx_word' id='word_1_779' title='bbox 1557 5340 1627 5395; x_wconf 80' lang='lat' dir='ltr'><strong>ad</strong></span> <span class='ocrx_word' id='word_1_780' title='bbox 1672 5342 1844 5411; x_wconf 73' lang='lat' dir='ltr'><strong>ipsum</strong></span> <span class='ocrx_word' id='word_1_781' title='bbox 1903 5355 2110 5408; x_wconf 76' lang='lat' dir='ltr'><strong>semper</strong></span> <span class='ocrx_word' id='word_1_782' title='bbox 2167 5340 2310 5408; x_wconf 72' lang='lat' dir='ltr'><strong>aspi-</strong></span> 
     </span>
    </p>
   </div>
   <div class='ocr_carea' id='block_1_104' title="bbox 2483 4973 4015 5047">
    <p class='ocr_par' dir='ltr' id='par_1_104' title="bbox 2483 4973 4015 5047">
     <span class='ocr_line' id='line_1_104' title="bbox 2483 4973 4015 5047; baseline -0.003 -16"><span class='ocrx_word' id='word_1_783' title='bbox 2483 4978 2697 5047; x_wconf 63' lang='grc' dir='ltr'>σοφία,</span> <span class='ocrx_word' id='word_1_784' title='bbox 2720 4977 2818 5030; x_wconf 77' lang='grc' dir='ltr'><strong>καὶ</strong></span> <span class='ocrx_word' id='word_1_785' title='bbox 2848 4977 2906 5030; x_wconf 82' lang='grc' dir='ltr'><strong>τί</strong></span> <span class='ocrx_word' id='word_1_786' title='bbox 2932 4977 2998 5030; x_wconf 80' lang='grc' dir='ltr'>τὸ</span> <span class='ocrx_word' id='word_1_787' title='bbox 3020 4978 3175 5046; x_wconf 74' lang='grc' dir='ltr'>μέγα</span> <span class='ocrx_word' id='word_1_788' title='bbox 3200 4976 3377 5030; x_wconf 80' lang='grc' dir='ltr'>τοῦτο</span> <span class='ocrx_word' id='word_1_789' title='bbox 3397 4974 3767 5044; x_wconf 75' lang='grc' dir='ltr'>μυστήριον;</span> <span class='ocrx_word' id='word_1_790' title='bbox 3790 4973 3827 5041; x_wconf 74' lang='grc' dir='ltr'><strong><em>ἦ</em></strong></span> <span class='ocrx_word' id='word_1_791' title='bbox 3848 4975 4015 5036; x_wconf 79' lang='grc' dir='ltr'><strong>,βού-</strong></span> 
     </span>
    </p>
   </div>
   <div class='ocr_carea' id='block_1_105' title="bbox 2481 5063 4013 5134">
    <p class='ocr_par' dir='ltr' id='par_1_105' title="bbox 2481 5063 4013 5134">
     <span class='ocr_line' id='line_1_105' title="bbox 2481 5063 4013 5134; baseline -0.002 -14"><span class='ocrx_word' id='word_1_792' title='bbox 2481 5070 2647 5120; x_wconf 74' lang='lat' dir='ltr'><strong>.letat</strong></span> <span class='ocrx_word' id='word_1_793' title='bbox 2687 5065 2959 5134; x_wconf 71' lang='grc' dir='ltr'>μοῖραν-⁷³</span> <span class='ocrx_word' id='word_1_794' title='bbox 2989 5065 3139 5133; x_wconf 79' lang='grc' dir='ltr'>ἡμᾶς</span> <span class='ocrx_word' id='word_1_795' title='bbox 3174 5066 3351 5131; x_wconf 77' lang='grc' dir='ltr'>ὄντας</span> <span class='ocrx_word' id='word_1_796' title='bbox 3384 5065 3532 5119; x_wconf 74' lang='grc' dir='ltr'>Θεοῦ</span> <span class='ocrx_word' id='word_1_797' title='bbox 3554 5106 3570 5129; x_wconf 85' lang='grc'><em>,</em></span> <span class='ocrx_word' id='word_1_798' title='bbox 3628 5066 3721 5117; x_wconf 75' lang='grc' dir='ltr'><strong>καὶ</strong></span> <span class='ocrx_word' id='word_1_799' title='bbox 3764 5063 4013 5117; x_wconf 74' lang='grc' dir='ltr'>ἄνωθεν</span> 
     </span>
    </p>
   </div>
   <div class='ocr_carea' id='block_1_106' title="bbox 2484 5154 4007 5226">
    <p class='ocr_par' dir='ltr' id='par_1_106' title="bbox 2484 5154 4007 5226">
     <span class='ocr_line' id='line_1_106' title="bbox 2484 5154 4007 5226; baseline -0.004 -15"><span class='ocrx_word' id='word_1_800' title='bbox 2484 5159 2852 5225; x_wconf 78' lang='grc' dir='ltr'>ῥεύσαντας,</span> <span class='ocrx_word' id='word_1_801' title='bbox 2883 5157 2985 5209; x_wconf 75' lang='grc' dir='ltr'><strong>ἶνα</strong></span> <span class='ocrx_word' id='word_1_802' title='bbox 3010 5157 3094 5226; x_wconf 82' lang='grc' dir='ltr'>μὴ</span> <span class='ocrx_word' id='word_1_803' title='bbox 3126 5157 3223 5210; x_wconf 80' lang='grc' dir='ltr'>διὰ</span> <span class='ocrx_word' id='word_1_804' title='bbox 3252 5156 3367 5224; x_wconf 75' lang='grc' dir='ltr'>τὴν</span> <span class='ocrx_word' id='word_1_805' title='bbox 3394 5157 3580 5226; x_wconf 79' lang='grc'><strong>(119</strong></span> <span class='ocrx_word' id='word_1_806' title='bbox 3603 5160 3659 5224; x_wconf 88' lang='lat' dir='ltr'><strong>a)</strong></span> <span class='ocrx_word' id='word_1_807' title='bbox 3686 5156 3863 5219; x_wconf 71' lang='grc' dir='ltr'>ἀξίαν</span> <span class='ocrx_word' id='word_1_808' title='bbox 3883 5154 4007 5206; x_wconf 67' lang='grc' dir='ltr'><strong>ἐπ-</strong></span> 
     </span>
    </p>
   </div>
   <div class='ocr_carea' id='block_1_107' title="bbox 2483 5242 4011 5315">
    <p class='ocr_par' dir='ltr' id='par_1_107' title="bbox 2483 5242 4011 5315">
     <span class='ocr_line' id='line_1_107' title="bbox 2483 5242 4011 5315; baseline -0.001 -16"><span class='ocrx_word' id='word_1_809' title='bbox 2483 5248 2783 5313; x_wconf 79' lang='grc' dir='ltr'>αιρόμενοι</span> <span class='ocrx_word' id='word_1_810' title='bbox 2848 5244 2947 5297; x_wconf 74' lang='grc' dir='ltr'><strong>καὶ</strong></span> <span class='ocrx_word' id='word_1_811' title='bbox 2997 5245 3475 5315; x_wconf 67' lang='grc' dir='ltr'>μετειῳιζόμενοι</span> <span class='ocrx_word' id='word_1_812' title='bbox 3528 5242 4011 5313; x_wconf 64' lang='grc' dir='ltr'>καταφρονῶμεν</span> 
     </span>
    </p>
   </div>
   <div class='ocr_carea' id='block_1_108' title="bbox 2481 5336 4009 5407">
    <p class='ocr_par' dir='ltr' id='par_1_108' title="bbox 2481 5336 4009 5407">
     <span class='ocr_line' id='line_1_108' title="bbox 2481 5336 4009 5407; baseline 0.001 -19"><span class='ocrx_word' id='word_1_813' title='bbox 2481 5336 2588 5390; x_wconf 82' lang='grc' dir='ltr'>τοῦ</span> <span class='ocrx_word' id='word_1_814' title='bbox 2629 5338 2959 5403; x_wconf 78' lang='grc' dir='ltr'>κτίσαντος</span> <span class='ocrx_word' id='word_1_815' title='bbox 2974 5378 2988 5403; x_wconf 91' lang='grc'><em>,</em></span> <span class='ocrx_word' id='word_1_816' title='bbox 3043 5338 3113 5390; x_wconf 83' lang='grc' dir='ltr'><strong>ἐν</strong></span> <span class='ocrx_word' id='word_1_817' title='bbox 3135 5336 3210 5405; x_wconf 78' lang='grc' dir='ltr'>τῇ</span> <span class='ocrx_word' id='word_1_818' title='bbox 3238 5339 3391 5407; x_wconf 76' lang='grc' dir='ltr'>πρὸς</span> <span class='ocrx_word' id='word_1_819' title='bbox 3415 5341 3483 5393; x_wconf 81' lang='grc' dir='ltr'>τὸ</span> <span class='ocrx_word' id='word_1_820' title='bbox 3504 5336 3677 5406; x_wconf 85' lang='grc' dir='ltr'>σῶμα</span> <span class='ocrx_word' id='word_1_821' title='bbox 3701 5336 3865 5404; x_wconf 65' lang='grc' dir='ltr'><strong>πάλῃ</strong></span> <span class='ocrx_word' id='word_1_822' title='bbox 3890 5338 4009 5390; x_wconf 76' lang='grc' dir='ltr'><strong>και</strong></span> 
     </span>
    </p>
   </div>
   <div class='ocr_carea' id='block_1_109' title="bbox 2006 5450 2679 5507">
    <p class='ocr_par' dir='ltr' id='par_1_109' title="bbox 2006 5450 2679 5507">
     <span class='ocr_line' id='line_1_109' title="bbox 2006 5450 2679 5507; baseline -0.003 0"><span class='ocrx_word' id='word_1_823' title='bbox 2006 5453 2242 5507; x_wconf 73' lang='lat' dir='ltr'><strong>VARle</strong></span> <span class='ocrx_word' id='word_1_824' title='bbox 2278 5450 2679 5507; x_wconf 82' lang='lat' dir='ltr'><strong>LECTIONES.</strong></span> 
     </span>
    </p>
   </div>
   <div class='ocr_carea' id='block_1_110' title="bbox 726 5545 1489 5688">
    <p class='ocr_par' dir='ltr' id='par_1_110' title="bbox 726 5545 1489 5688">
     <span class='ocr_line' id='line_1_110' title="bbox 726 5545 1489 5688; baseline -0.01 -80"><span class='ocrx_word' id='word_1_825' title='bbox 726 5628 772 5688; x_wconf 73' lang='lat' dir='ltr'><strong><em>G</em></strong></span> <span class='ocrx_word' id='word_1_826' title='bbox 795 5558 847 5681; x_wconf 50' lang='lat'><strong><em>‘5</em></strong></span> <span class='ocrx_word' id='word_1_827' title='bbox 873 5551 1227 5625; x_wconf 70' lang='grc' dir='ltr'>μεταϐάλλων</span> <span class='ocrx_word' id='word_1_828' title='bbox 1247 5548 1337 5604; x_wconf 89' lang='lat' dir='ltr'><strong>ed.</strong></span> <span class='ocrx_word' id='word_1_829' title='bbox 1370 5545 1489 5601; x_wconf 84' lang='lat' dir='ltr'><strong>Gal.</strong></span> 
     </span>
     <span class='ocr_line' id='line_1_111' title="bbox 778 5646 869 5683; baseline -0.033 0"><span class='ocrx_word' id='word_1_830' title='bbox 778 5646 810 5683; x_wconf 92' lang='grc' dir='ltr'><strong>υ</strong></span> <span class='ocrx_word' id='word_1_831' title='bbox 858 5669 869 5680; x_wconf 94' lang='grc'><strong>.</strong></span> 
     </span>
    </p>
   </div>
   <div class='ocr_carea' id='block_1_111' title="bbox 778 5646 869 5683">
    <p class='ocr_par' dir='ltr' id='par_1_111' title="bbox 778 5646 869 5683">
     <span class='ocr_line' id='line_1_112' title="bbox 778 5646 869 5683; baseline -0.033 0"><span class='ocrx_word' id='word_1_832' title='bbox 778 5646 869 5683; x_wconf 79' lang='grc' dir='ltr'>υυ.</span> 
     </span>
    </p>
   </div>
   <div class='ocr_carea' id='block_1_112' title="bbox 1588 5538 4007 5613">
    <p class='ocr_par' dir='ltr' id='par_1_112' title="bbox 1588 5538 4007 5613">
     <span class='ocr_line' id='line_1_113' title="bbox 1588 5538 4007 5613; baseline -0.001 -15"><span class='ocrx_word' id='word_1_833' title='bbox 1588 5544 1634 5576; x_wconf 79' lang='grc' dir='ltr'><strong>⁷ο</strong></span> <span class='ocrx_word' id='word_1_834' title='bbox 1661 5544 1691 5597; x_wconf 78' lang='grc' dir='ltr'><strong>ὃ</strong></span> <span class='ocrx_word' id='word_1_835' title='bbox 1718 5542 1840 5598; x_wconf 91' lang='lat' dir='ltr'><strong>cod.</strong></span> <span class='ocrx_word' id='word_1_836' title='bbox 1873 5541 2016 5596; x_wconf 86' lang='lat' dir='ltr'><strong>Gud.</strong></span> <span class='ocrx_word' id='word_1_837' title='bbox 2096 5542 2136 5573; x_wconf 83' lang='lat'>“</span> <span class='ocrx_word' id='word_1_838' title='bbox 2173 5543 2368 5613; x_wconf 84' lang='grc' dir='ltr'>μοῖραν</span> <span class='ocrx_word' id='word_1_839' title='bbox 2396 5541 2485 5596; x_wconf 90' lang='lat' dir='ltr'><strong>ed.</strong></span> <span class='ocrx_word' id='word_1_840' title='bbox 2518 5541 2662 5606; x_wconf 60' lang='grc' dir='ltr'><strong>θαι,</strong></span> <span class='ocrx_word' id='word_1_841' title='bbox 2699 5550 2754 5595; x_wconf 86' lang='lat' dir='ltr'><strong>et</strong></span> <span class='ocrx_word' id='word_1_842' title='bbox 2780 5539 2901 5596; x_wconf 85' lang='lat' dir='ltr'><strong>cod.</strong></span> <span class='ocrx_word' id='word_1_843' title='bbox 2924 5538 3065 5596; x_wconf 83' lang='lat' dir='ltr'><strong>Gud.</strong></span> <span class='ocrx_word' id='word_1_844' title='bbox 3093 5539 3236 5597; x_wconf 82' lang='lat' dir='ltr'><strong>Infra</strong></span> <span class='ocrx_word' id='word_1_845' title='bbox 3272 5540 3365 5597; x_wconf 90' lang='lat' dir='ltr'><strong>fol.</strong></span> <span class='ocrx_word' id='word_1_846' title='bbox 3407 5541 3510 5597; x_wconf 68' lang='grc'><strong>122</strong></span> <span class='ocrx_word' id='word_1_847' title='bbox 3533 5540 3591 5597; x_wconf 80' lang='lat' dir='ltr'><strong>b.</strong></span> <span class='ocrx_word' id='word_1_848' title='bbox 3630 5542 3828 5612; x_wconf 88' lang='grc' dir='ltr'>μοίρας</span> <span class='ocrx_word' id='word_1_849' title='bbox 3865 5539 4007 5601; x_wconf 78' lang='lat' dir='ltr'><strong>eod.</strong></span> 
     </span>
    </p>
   </div>
   <div class='ocr_carea' id='block_1_113' title="bbox 2269 5679 2497 5735">
    <p class='ocr_par' dir='ltr' id='par_1_113' title="bbox 2269 5679 2497 5735">
     <span class='ocr_line' id='line_1_114' title="bbox 2269 5679 2497 5735; baseline 0 -2"><span class='ocrx_word' id='word_1_850' title='bbox 2269 5679 2497 5735; x_wconf 67' lang='grc' dir='ltr'><strong>ΝΟΤᾹΞ.</strong></span> 
     </span>
    </p>
   </div>
   <div class='ocr_carea' id='block_1_114' title="bbox 800 5775 2415 5862">
    <p class='ocr_par' dir='ltr' id='par_1_114' title="bbox 800 5775 2415 5862">
     <span class='ocr_line' id='line_1_115' title="bbox 800 5775 2415 5862; baseline -0.019 -5"><span class='ocrx_word' id='word_1_851' title='bbox 800 5797 872 5862; x_wconf 61' lang='lat' dir='ltr'><strong>(lt)</strong></span> <span class='ocrx_word' id='word_1_852' title='bbox 907 5796 1069 5853; x_wconf 84' lang='lat' dir='ltr'><strong>Verte</strong></span> <span class='ocrx_word' id='word_1_853' title='bbox 1122 5789 1255 5847; x_wconf 81' lang='lat' dir='ltr'><strong>nihil</strong></span> <span class='ocrx_word' id='word_1_854' title='bbox 1313 5806 1346 5842; x_wconf 81' lang='grc' dir='ltr'>α</span> <span class='ocrx_word' id='word_1_855' title='bbox 1390 5795 1563 5844; x_wconf 84' lang='lat' dir='ltr'><strong>matre</strong></span> <span class='ocrx_word' id='word_1_856' title='bbox 1622 5781 1852 5837; x_wconf 74' lang='lat' dir='ltr'><strong>tenebris</strong></span> <span class='ocrx_word' id='word_1_857' title='bbox 1911 5775 2181 5832; x_wconf 79' lang='lat' dir='ltr'><strong>obuoluta.</strong></span> <span class='ocrx_word' id='word_1_858' title='bbox 2215 5776 2415 5848; x_wconf 69' lang='lat' dir='ltr'><strong>(Cale)</strong></span> 
     </span>
    </p>
   </div>
  </div>
