4200 6440
217 395 362 462 1060

1452 389 1962 450 AMBIGUORUM
2008 389 2250 447 LIBER.

3323 387 3458 447 luTO

292 507 461 574 μάχῃ
513 503 662 573 πρὸς
688 500 874 557 αὐτὸν
915 499 1006 553 ἀεὶ
1033 497 1287 563 βλέπειν
1312 536 1324 560 ,
1379 499 1475 550 καὶ
1507 500 1618 565 τὴν
1644 513 1794 551 συν-

1965 499 2239 556 ciendum,
2294 507 2341 546 et
2375 497 2705 562 ronjimrtam
2745 494 3103 558 in/irmitamn
3136 493 3456 546 nntiituram

289 599 648 668 εζευτμένην
701 594 1016 649 ἀσθένειαν
1065 591 1465 659 παιδαγωγίαν
1498 587 1644 643 εἶναι
1687 589 1793 642 τοῦ

293 691 619 758 ἀξιώματος
644 687 756 758 (3);
793 703 811 736 ν

296 802 523 865 Τούτοις
559 800 704 864 τινὲς
737 797 1157 868 ἐντυγχάνοντες
1185 797 1294 858 τοῖς
1322 794 1527 863 λόγοις,
1573 793 1794 864 μηδένα,

219 892 299 954 ὼς
351 891 565 955 ἔοικεν,
620 889 762 959 ὑπὲρ
807 887 904 940 τοῦ
945 889 1130 940 πονεῖν
1173 885 1272 955 τῆς
1302 884 1581 955 ζητήσεως
1613 885 1798 936 ἕνεκεν

223 980 320 1035 τοῦ
366 977 603 1048 ἀληθοῦς
649 975 840 1046 μισθὸν
883 975 1224 1046 ἐκδεχόμενοι
1253 1014 1269 1040 ,
1329 975 1466 1045 πρὸς
1493 975 1554 1026 τὸ
1579 972 1798 1027 εὔκολον

223 1069 323 1121 καὶ
368 1066 569 1130 πολλὰς
610 1065 733 1136 ἔχον
775 1065 876 1135 ἤδη
917 1066 982 1117 ὲκ
1020 1064 1130 1118 τῶν
1156 1064 1482 1133 Ἑλληνικῶν
1516 1064 1800 1133 δογμάτων

221 1158 325 1218 τάς
355 1155 610 1227 ἀφορμάς
637 1155 1045 1223 καταφεύγουσι
1063 1194 1078 1217 ,
1127 1155 1427 1224 φάσκοντες
1456 1156 1556 1225 τήν
1580 1155 1639 1208 τὲ
1670 1171 1798 1207 ποτε

223 1245 396 1301 οὖσαν
454 1248 597 1302 κατά
646 1248 708 1302 τὺ
754 1246 912 1311 δόξαν
966 1247 1147 1310 αὐτοῖς
1195 1246 1303 1300 τῶν
1355 1247 1586 1314 λογικῶν
1639 1249 1801 1301 ὲνάδα

226 1343 355 1394 καθ’
393 1341 462 1411 ἣν
522 1344 781 1410 συμφυεῖς
831 1340 986 1402 ὄντες
1030 1340 1149 1410 Θεῷ
1194 1340 1294 1410 την
1338 1341 1395 1393 ὲν
1445 1342 1592 1410 αὐτῷ
1635 1344 1802 1413 μόνην

228 1434 430 1502 εχομεν
444 1434 488 1466 ⁷³
522 1433 617 1486 καὶ
646 1433 872 1500 ἵδρυσιν,
909 1433 1134 1503 προσέτι
1161 1449 1225 1500 γε
1258 1433 1349 1485 καὶ
1380 1434 1479 1503 τὴν
1508 1436 1801 1505 γενομένην

226 1525 488 1593 κίνησιν,
544 1523 602 1589 ἐξ
653 1519 721 1596 ἦς
777 1521 1144 1576 σκεδασθέντα
1191 1523 1462 1593 διαφόρως
1515 1523 1584 1575 τά
1611 1524 1802 1590 λογικὰ

227 1615 367 1684 πρὸς
424 1615 640 1681 γένεσιν
689 1613 784 1668 τοῦ
835 1613 1149 1683 σωματικοῦ
1203 1612 1396 1668 τούτου
1445 1615 1654 1683 κόσμου
1712 1615 1802 1667 τὸν
1845 1612 1853 1619 ’

223 1706 366 1758 Θεὸν
417 1707 546 1759 ἰδεῖν
593 1705 1013 1777 παρεσκεύασαν
1037 1744 1054 1769 ,
1106 1705 1268 1778 χάριν
1297 1706 1391 1758 τοῦ
1422 1705 1640 1773 ἐνδῆσαι
1665 1706 1802 1758 αὐτὰ

229 1797 481 1867 σώμασιν
511 1797 603 1850 ἐπὶ
627 1795 866 1870 τιμωρίᾳ
887 1797 996 1851 τῶν
1019 1797 1554 1868 προημαρτημένων,
1581 1797 1667 1850 διὰ
1689 1797 1804 1849 τού-

225 1904 342 1940 των
395 1888 727 1942 αἰνίττεσθαι
775 1889 886 1942 τῶν
930 1887 1102 1957 λόγων
1156 1888 1466 1959 νομίζοντες
1512 1889 1605 1942 τὸν
1656 1889 1804 1943 διδά-

229 1977 451 2031 σκαλον.
506 1975 653 2029 Ἀλλ’
700 1977 976 2047 ἠγνόησαν
1034 1977 1110 2039 ὡς
1160 1975 1402 2030 ἀδύνατα
1458 1974 1803 2028 ὑποτίθενται

225 2069 328 2121 καὶ
356 2069 466 2122 τῶν
495 2068 791 2139 ἀμηχάνων
821 2067 1316 2138 καταστοχάζονται
1338 2106 1354 2128 ,
1389 2067 1570 2130 καθὼς
1599 2065 1806 2136 προῖὼν

229 2160 372 2229 μετά
413 2160 507 2213 τοῦ
547 2160 754 2222 εἰκότος
791 2161 820 2212 ὁ
848 2158 1054 2228 ἀληθὴς
1082 2157 1355 2222 ἀποδείξει
1381 2158 1564 2225 λόγος.
1603 2158 1664 2210 Εἰ
1696 2157 1805 2228 γάρ

225 2252 288 2303 τὸ
319 2252 460 2304 θεῶν
503 2251 629 2322 [leg.
671 2249 834 2320 θεῖον]
870 2251 1125 2318 ἀκίνητον
1149 2289 1164 2313 ,
1217 2249 1292 2312 ὡς
1332 2250 1550 2302 πάντων
1585 2250 1805 2319 πληρω-

224 2342 405 2404 τικὺν,
436 2343 545 2395 πᾶν
572 2341 629 2393 δὲ
661 2341 722 2392 τὸ
750 2343 813 2394 ὲκ
847 2341 922 2411 μὴ
948 2339 1116 2392 ὄντων
1149 2339 1210 2393 τὸ
1236 2335 1378 2393 εἶναι
1405 2339 1569 2394 λαϐὸν
1599 2340 1694 2393 καὶ
1720 2356 1811 2392 κιυ

226 2433 394 2502 νητὸν
418 2469 433 2496 ,
480 2432 557 2495 ὡς
590 2433 726 2502 πρός
755 2448 878 2485 τινα
908 2430 1122 2494 πάντως
1149 2431 1451 2502 φερόμενον
1478 2431 1678 2495 αἰτίαν,
1712 2429 1804 2484 οὓ-

227 2543 320 2576 πω
362 2525 422 2577 δὲ
468 2523 622 2578 οὐδὲν
671 2522 988 2593 κινούμενον
1032 2522 1185 2590 ἔστη,
1233 2523 1308 2586 ὡς
1345 2524 1444 2592 τῆς
1479 2524 1600 2577 κατ’
1623 2523 1808 2591 ἔφεσιν

226 2616 501 2685 κινήσεως
526 2616 626 2686 τὴν
649 2613 877 2684 δύναμιν
905 2599 1077 2685 μήπω
1089 2612 1169 2683 τῷ
1191 2613 1405 2682 ἐσχάτῳ
1429 2611 1808 2682 προσαναπαῦ-

230 2723 335 2757 σαν
383 2706 592 2776 ὀρεκτῷ
645 2705 845 2776 (οὐδὲν¹
884 2706 1006 2775 γάρ,
1049 2705 1202 2774 ἱστᾷν
1251 2703 1380 2758 ἀλλο
1420 2703 1482 2756 τὸ
1510 2703 1808 2774 φερόμενον

227 2798 375 2848 κατὰ
398 2798 560 2864 φύσιν
586 2797 829 2867 πέφυκεν
857 2796 891 2866 ἢ
920 2791 1097 2849 ἐκεῖνο
1121 2788 1512 2869 δεικνύμενον),
1527 2795 1679 2866 οὐδὲν
1701 2795 1810 2865 ἄρα.

229 2887 554 2956 κινούμενον
619 2887 750 2957 ἔστη
773 2925 788 2948 ,
866 2885 956 2964 ὡςΔ
1002 2885 1098 2964 τοῦ
1148 2887 1380 2956 ἱσχάτου
1435 2887 1600 2956 μήπω
1649 2886 1811 2955 τυχὸν

227 2977 465 3048 δρεκτοῦ
489 2994 504 3009 ·
563 2978 688 3030 incl
721 2977 845 3047 μηδ’
869 2961 1354 3044 ἐκεῖνό-πωπφανὲν
1385 2977 1492 3029 τῶν
1523 2976 1653 3046 περὶ
1681 2975 1812 3029 αὐτὸ

229 3047 553 3140 φερομένων
575 3069 673 3141 τὴν
698 3070 913 3138 κίνησιν
941 3068 1187 3138 ἔστησεν.
1219 3069 1280 3120 El
1302 3047 1537 3121 δὲ’τοῦτό
1559 3066 1745 3137 (119
1760 3067 1810 3136 ὁ)

1967 604 2076 640 esse
2106 589 2377 656 dignitatis
2402 589 2426 637 ἰ)
2455 607 2471 636 ι

1969 814 2093 867 llam
2119 813 2341 883 quidam
2370 819 2778 881 consequentes
2804 810 2995 873 verba,
3025 808 3371 875 nullamque,
3401 813 3462 858 ut

1897 915 2138 977 oportet,
2168 922 2268 974 pro
2302 906 2488 959 labore
2506 903 2850 973 inquirendae
2873 901 3121 954 veritatis
3149 899 3460 953 mercedem

1898 999 2253 1068 accipientes,
2284 997 2350 1050 ad
2376 997 2430 1050 id
2466 997 2611 1066 quod
2641 995 2801 1050 facile
2840 1003 2924 1048 est
2958 1003 3014 1046 et
3054 995 3254 1046 multas
3301 991 3466 1043 habet

1894 1091 2004 1159 jam
2031 1106 2094 1142 ex
2129 1089 2441 1141 Graecorum
2467 1087 2732 1140 doctrinis
2754 1085 3094 1146 occasiones,
3119 1081 3463 1150 confugiunt,

1900 1180 2147 1233 dicentes
2181 1177 2476 1246 quamdam
2518 1177 2830 1238 exstitisse,
2882 1184 2942 1227 ut
2981 1175 3065 1228 eis
3115 1174 3294 1227 visum
3341 1180 3463 1233 est,

1901 1269 2309 1323 rationabilium
2341 1269 2608 1322 unitatem
2637 1307 2652 1330 ,
2695 1281 2794 1334 per
2821 1281 2985 1334 quam
3023 1263 3238 1332 cognati
3277 1277 3468 1315 sumus

1900 1361 2031 1421 Deo,
2064 1360 2518 1428 mansionemque
2541 1359 2596 1412 in
2634 1358 2754 1426 ipso
2791 1356 3132 1410 habebamus
3201 1363 3258 1407 et
3295 1353 3468 1406 collo-

1899 1451 2190 1503 cationem.
2243 1449 2437 1502 Adhuc
2482 1462 2614 1501 vero
2647 1455 2704 1499 et
2742 1444 2944 1498 factum
2996 1451 3226 1501 motum,
3258 1457 3328 1494 ex
3361 1455 3471 1508 quo

1901 1541 2148 1607 dispersa
2171 1546 2302 1591 sunt
2317 1537 2640 1590 diﬂ'erenter
2667 1533 2955 1588 rationalia
2971 1531 3038 1584 ad
3060 1530 3469 1598 generationem

1901 1631 2205 1700 corporalis
2232 1630 2398 1699 hujus
2432 1627 2646 1689 mundi,
2681 1625 2743 1695 (Ι)
2773 1627 3055 1692 Deumque
3082 1636 3315 1674 noscens
3336 1635 3473 1688 prae-

1903 1729 2145 1788 paratam
2174 1720 2425 1790 gratiam,
2466 1718 2636 1786 ligare
2662 1731 2724 1769 ea
2766 1714 3092 1782 corporibus
3124 1712 3178 1762 in
3209 1711 3471 1763 ultionem

1903 1827 2094 1867 eorum
2129 1827 2251 1879 qua:
2290 1818 2420 1863 ante
2466 1807 2757 1863 commissa
2792 1815 2941 1867 sunt,
2979 1813 3036 1858 ct
3089 1804 3194 1856 hoc
3218 1817 3316 1869 per
3360 1800 3476 1853 Iure

1907 1903 2215 1957 insinuasse
2235 1900 2403 1956 verba
2437 1899 2777 1952 arbitrantur
2807 1898 3149 1963 magistrum.
3181 1892 3286 1946 Sed
3319 1892 3472 1960 igno-

1906 2004 2029 2050 rant
2062 1991 2340 2063 quomodo
2365 1989 2726 2059 impossibilia
2755 1995 3066 2056 sequuntur
3109 1995 3166 2038 et
3219 1984 3476 2050 inoppor-

1906 2097 2039 2140 tuna
2060 2082 2504 2144 considerantur,
2549 2080 2694 2135 sicut
2721 2078 3027 2148 procedens
3073 2075 3323 2144 posthac,
3376 2070 3474 2139 (ηπ)

1905 2190 2355 2246 eonsequensque
2387 2189 2450 2227 ac
2504 2188 2636 2227 vera
2693 2170 3021 2240 approbabit
3052 2167 3209 2220 ratio.
3248 2164 3302 2217 Si
3328 2165 3474 2217 enim

1907 2269 2054 2321 Deus
2107 2263 2468 2319 immutabilis
2499 2271 2603 2323 est,
2654 2269 2848 2329 utputa
2876 2258 3123 2311 omnium
3167 2254 3473 2324 plenitudo,

1907 2374 2070 2413 omne
2101 2367 2284 2412 autem
2305 2355 2451 2425 quod
2478 2371 2546 2409 ex
2572 2368 2682 2406 non
2709 2350 3104 2406 exsistentibus
3120 2363 3241 2402 esse
3275 2347 3478 2414 accipit

1907 2461 2182 2516 movetur,
2222 2449 2423 2504 merito
2461 2446 2530 2500 ad
2575 2443 2869 2514 quamdam
2895 2441 3122 2496 omnino
3149 2439 3324 2494 fertur
3349 2454 3479 2492 cau-

1909 2559 2022 2597 sam
2043 2560 2058 2609 ;
2087 2542 2331 2596 nondum
2348 2555 2482 2594 vero
2503 2537 2651 2608 quod
2673 2543 2924 2590 movetur
2938 2541 3066 2596 stat,
3087 2533 3210 2601 jure
3230 2538 3479 2585 extremo

1911 2634 1977 2688 ad
2007 2632 2249 2702 quietem
2277 2629 2502 2684 virtutis
2541 2635 2721 2691 motae,
2773 2639 2895 2693 quae
2927 2620 3228 2677 secundum
3265 2619 3481 2673 deside-

1911 2724 2054 2777 rium
2083 2731 2189 2784 est,
2224 2719 2466 2774 nondum
2487 2717 2683 2787 la'rgito
2713 2731 2727 2767 :
2759 2713 2896 2768 nihil
2925 2713 3070 2767 enim
3094 2708 3240 2764 aliud
3263 2708 3478 2771 sistere,

1909 2811 2057 2884 quod
2089 2811 2266 2866 fertur
2293 2809 2598 2865 secundum
2655 2814 2907 2859 naturam
2933 2842 2948 2866 ,
2977 2799 3284 2861 consuevit,
3318 2813 3482 2866 quam

1911 2903 2048 2959 illud
2072 2911 2398 2957 ostensum:
2433 2899 2646 2954 nullum
2671 2897 2858 2964 itaque
2893 2901 3104 2946 motum
3131 2898 3258 2954 stat,
3292 2898 3485 2958 utpote

1915 2993 2217 3049 novissimo
2255 2991 2502 3046 nondum
2527 2987 2779 3043 fortassis
2807 2984 2957 3046 viso,
3007 2981 3267 3051 quoniam
3303 2993 3484 3048 neque

1913 3084 2050 3139 illud
2075 3082 2276 3138 alicubi
2299 3095 2572 3152 apparens
2596 3092 2787 3132 eorum
2813 3091 2937 3146 quae
2964 3075 3112 3129 circa
3141 3089 3199 3127 se
3231 3073 3488 3126 feruntur

233 3177 369 3212 ποτε
404 3158 732 3230 γεγενῆσθαι
765 3161 823 3227 ἐξ
857 3154 1225 3229 ἐπιτάγματος
1249 3157 1554 3220 κελεύουσι,
1588 3157 1682 3210 καὶ
1712 3158 1809 3225 τῆς

1915 3185 2125 3228 motum
2153 3172 2495 3228 stabilitavit.
2529 3170 2586 3224 Si
2622 3178 2806 3223 autem
2847 3167 2952 3220 hoc
2986 3164 3285 3233 aliquando
3318 3163 3489 3217 fuisse

234 3255 298 3306 ὲν
342 3253 421 3324 τῷ
469 3253 684 3324 ἐσχάτῳ
731 3253 828 3308 καὶ
880 3253 1026 3323 μόνῳ
1069 3250 1280 3322 ὀρεκτῷ
1334 3250 1595 3324 ίδρύσεώς
1624 3266 1683 3301 τε
1717 3249 1812 3302 καὶ

235 3345 410 3414 μονῆς
455 3343 897 3414 παρακινηθέντα
913 3345 960 3376 ⁷³
1005 3342 1073 3395 τὰ
1120 3325 1329 3410 λογικέι¹
1363 3342 1454 3394 τὸν
1508 3338 1813 3406 σκεδασμὸν

233 3432 451 3497 ἐλαϐεν,
511 3433 599 3485 ἵνα
652 3432 727 3503 μὴ
772 3432 946 3500 λέγων
995 3430 1286 3502 ἐρεηελῶ,
1341 3428 1424 3492 τίς
1453 3429 1488 3497 ἠ
1518 3423 1811 3491 ἀπόδειξις,

233 3525 339 3587 τὰς
366 3524 536 3587 αὑτάς
570 3523 662 3577 ἐπὶ
688 3525 803 3587 τοῖς
828 3524 1012 3585 αὐτοῖς
1043 3522 1130 3593 ἐπ’
1154 3521 1382 3591 ἄπειρον
1412 3519 1554 3584 ἕξειν
1571 3519 1618 3550 ⁷⁸
1638 3518 1707 3571 τά
1728 3518 1815 3571 λο-

235 3616 376 3686 γικά
399 3615 813 3687 μετεμπτὼσεις
836 3615 895 3681 ἐξ
913 3615 1159 3684 ἀνάγκης
1180 3613 1404 3676 εἰκότως
1426 3611 1811 3682 ὑποθήσονται.

236 3702 468 3772 Οὖτινος
492 3708 601 3778 γάρ
631 3707 720 3761 διὰ
747 3706 850 3777 τῆς
880 3705 1078 3776 πείρας
1108 3707 1472 3775 καταφρονεῖν
1497 3702 1646 3769 ἅπαξ
1665 3701 1814 3756 δεδύο

239 3817 474 3869 νηνται,
527 3799 621 3877 καὶ
671 3799 753 3861 είς
796 3797 885 3851 ἀεὶ
926 3783 1252 3866 δυνήσεσθαι
1292 3797 1468 3859 οὐδεὶς
1499 3797 1528 3850 ὁ
1555 3794 1814 3848 κωλύσων

185 3916 192 3924 -
240 3891 400 3943 ἔσται
445 3888 623 3958 λόγος.
683 3887 791 3942 Τοῦ
829 3887 887 3940 δὲ
926 3887 1069 3940 οὕτω
1093 3886 1358 3958 φέρεσθαι
1393 3887 1464 3940 τὰ
1493 3885 1687 3954 λογικά
1719 3883 1815 3936 καὶ

243 3981 519 4051 μηδεμίαν
565 3983 708 4051 ἔχειν
762 3979 797 4051 ἢ
848 3977 1090 4044 ἐλπίζειν
1138 3977 1295 4048 βάσιν
1337 3976 1674 4047 ἀμετάθετον
1717 3973 1816 4044 τῆς

239 4074 305 4124 ἓν
329 4071 410 4141 τῷ
438 4071 590 4141 καλῷ
616 4071 948 4141 παγιότητος
968 4110 984 4134 ,
1030 4070 1085 4123 τί
1116 4069 1246 4124 ἀλλο
1275 4067 1475 4137 γένοιτ’
1498 4067 1564 4121 ἃν
1587 4065 1816 4120 ἐλεεινό-

239 4177 430 4230 τερονς
489 4161 555 4213 ΕΞ
581 4159 639 4212 δὲ
666 4145 1053 4231 δύνασθαιμὶν
1086 4160 1272 4227 φαῖεν,
1327 4158 1401 4227 μὴ
1430 4156 1711 4227 βούλεσθαι
1735 4155 1814 4218 δὲ,

240 4251 336 4304 διὰ
382 4251 483 4321 τὴν
519 4250 820 4321 γενομένην
862 4251 1060 4319 πεῖραν
1105 4248 1200 4302 τοῦ
1228 4248 1492 4315 ἰναντίου,
1526 4249 1620 4302 καὶ
1646 4247 1818 4308 οὕτως

240 4343 309 4397 οὐ
360 4342 428 4395 δι’
459 4341 660 4404 ἑαυτὸ,
717 4340 794 4398 ὡς
841 4339 1069 4393 καλδνπ
1095 4380 1110 4402 ,
1167 4339 1300 4392 ἀλλὰ
1348 4338 1436 4392 διὰ
1481 4340 1542 4393 τὸ
1581 4331 1818 4392 ἐναντίον

237 4437 308 4489 τδ
337 4435 502 4488 καλὸν
537 4435 722 4497 αὐτοῖς
751 4433 904 4486 ἔσται
940 4432 998 4498 ἐξ
1023 4431 1271 4502 ἀνάγκης
1299 4431 1660 4502 στεργόμενον
1678 4472 1692 4493 ,
1742 4430 1817 4492 ὡς

1912 3280 1979 3319 ex
2013 3272 2290 3334 praecepto
2319 3261 2518 3331 iubent
2544 3299 2560 3324 ,
2596 3268 2654 3313 et
2678 3273 2766 3321 ex,
2798 3257 2851 3311 in
2898 3254 3200 3309 novissimo
3229 3252 3490 3307 videlicet

1910 3366 1968 3410 et
2023 3351 2370 3424 permanenti
2447 3350 2612 3413 dato,
2668 3348 3032 3402 collocatione
3083 3353 3140 3398 et
3201 3344 3489 3398 mansione

1912 3452 2218 3517 permotata
2237 3442 2316 3510 (η)
2341 3440 2688 3495 rationabilia
2705 3438 3106 3508 dispersionem
3129 3444 3485 3505 acceperunt,

1914 3549 1974 3594 ut
2000 3553 2109 3591 non
2131 3534 2409 3606 superﬂua
2441 3533 2640 3596 dicam,
2670 3531 2849 3601 qualis
2878 3528 3227 3600 approbatio,
3263 3526 3487 3582 eosdem

1917 3629 1973 3683 in
2005 3643 2063 3682 se
2097 3625 2230 3695 ipsis
2252 3625 2308 3678 in
2331 3623 2607 3678 inﬁnitum
2634 3621 2886 3675 habitum
2925 3618 3277 3674 rationabilia
3300 3617 3492 3685 lapsus

1917 3733 1987 3772 ex
2017 3715 2347 3770 necessitate
2377 3713 2524 3784 juste
2554 3711 2933 3766 sustinebunt.
2974 3710 3020 3764 A
3051 3709 3203 3763 nullo
3225 3707 3372 3762 enim
3391 3723 3492 3777 per
3559 3707 3565 3718 '

1914 3805 2354 3875 experimentum
2378 3801 2678 3872 spernendi
2710 3805 2880 3856 semel
2907 3798 3358 3859 corroborantur,
3391 3812 3490 3850 nc-

1916 3910 2026 3965 que
2069 3894 2123 3947 in
2169 3901 2439 3947 azternum
2479 3891 2895 3946 eorroboratum
2948 3888 3014 3942 iri
3049 3888 3162 3941 ulla
3191 3886 3492 3956 prohibens

1915 3987 2024 4040 erit
2056 3984 2217 4040 ratio.
2251 3983 2404 4038 Ferri
2460 3995 2592 4036 vero
2640 3981 2722 4035 sic
2762 3979 3114 4034 rationabilia
3140 4019 3155 4040 ,
3193 3985 3251 4032 et
3282 3977 3490 4032 nullam

1919 4074 2122 4129 habere
2171 4073 2261 4127 vel
2307 4072 2581 4143 sperando
2613 4071 2789 4126 basim
2836 4069 3178 4125 immobilem
3238 4067 3294 4121 in
3345 4068 3492 4122 bono

1920 4165 2132 4230 ﬁxura,
2180 4164 2312 4235 quid
2363 4163 2510 4219 aliud
2557 4163 2714 4217 ﬁeret
2765 4160 3194 4215 miserabilius?
3245 4157 3302 4213 Si
3360 4174 3494 4212 vero

1919 4272 2079 4326 posse
2102 4255 2325 4325 quidem
2360 4253 2622 4317 dixerint,
2660 4251 2806 4308 nolle
2830 4267 2987 4310 vero.
3025 4251 3129 4305 nisi
3166 4265 3264 4320 per
3286 4249 3492 4303 factum

1921 4348 2181 4402 contrarii
2210 4345 2673 4423 experimentum,
2709 4352 2766 4397 et
2794 4343 2874 4397 sic
2912 4357 3022 4396 non
3067 4357 3167 4411 per
3206 4356 3266 4394 se
3310 4343 3490 4410 ipsmn

1921 4450 1984 4493 ut
2017 4439 2242 4501 bonum,
2271 4437 2366 4491 sed
2398 4452 2496 4506 per
2533 4433 2899 4496 contrarium,
2923 4433 3032 4487 erit
3065 4433 3145 4487 eis
3173 4433 3381 4487 bonum
3425 4446 3494 4485 ex

239 4529 306 4581 οὖ
333 4527 494 4596 φύσει
522 4526 556 4596 ἢ
582 4525 786 4596 κυρίως
813 4525 873 4578 ὃν
897 4523 1146 4596 ἐραστόν.
1174 4525 1286 4577 Πᾶν
1307 4523 1415 4593 γὰρ
1441 4522 1470 4574 ὃ
1492 4521 1811 4592 μὴδι“ὲαυτὲ

1928 4529 2254 4584 necessitate
2291 4527 2548 4590 amabile,
2594 4525 2872 4594 quomodo
2910 4541 3018 4578 non
3053 4540 3121 4578 ex
3155 4533 3354 4577 natura
3401 4531 3495 4578 aut

241 4619 455 4686 ἀγαθόν
494 4620 608 4672 ἐστι
660 4619 755 4672 καὶ
798 4617 1028 4686 ἐραστὺν
1060 4617 1155 4669 καὶ
1182 4615 1360 4686 πάσης
1391 4615 1639 4668 ἑλκτικὸν
1665 4615 1822 4685 κινή-

243 4725 390 4769 σεως
439 4707 500 4760 οὑ
544 4707 743 4778 .ιυρίως
791 4707 976 4762 καλόν.
1029 4706 1141 4760 Καὶ
1190 4705 1279 4758 διὰ
1322 4704 1478 4758 τοῦτο
1528 4705 1650 4756 οὐδὲ
1695 4703 1826 4756 καο-

241 4801 468 4853 εκτικὺν
497 4800 724 4862 εἰκότως
745 4799 843 4868 τῆς
866 4799 974 4852 τῶν
1000 4797 1088 4851 ἐπ’
1104 4797 1252 4866 αὐτῷ
1272 4797 1545 4865 ἡδομένων
1566 4785 1824 4862 ἐφέσεως,

243 4888 392 4942 ἀλλὰ
440 4892 535 4942 καὶ
584 4889 744 4959 χάριν
791 4889 976 4941 λοιπὸν
1027 4887 1420 4958 ὁμολογήσαιεν
1459 4885 1525 4940 ἂν
1553 4886 1631 4957 τῷ
1671 4885 1826 4955 κακῴ

1923 4620 2165 4689 proprie,
2207 4616 2354 4686 quod
2392 4626 2476 4671 est
2513 4616 2766 4678 amabile,
2803 4622 2906 4668 est.
2949 4612 3127 4668 Omne
3167 4613 3312 4667 enim
3348 4612 3492 4682 quod

1923 4725 2031 4762 non
2060 4723 2158 4776 per
2177 4723 2236 4760 se
2271 4707 2449 4775 ipsum
2474 4706 2679 4759 bonum
2706 4712 2790 4757 est
2816 4713 2871 4756 et
2899 4702 3160 4765 amabile,
3184 4711 3239 4757 et
3272 4717 3492 4755 omnem

1923 4797 1990 4850 ad
2017 4813 2074 4852 se
2103 4811 2210 4850 non
2237 4795 2520 4850 attrahens
2537 4802 2768 4855 motum,
2789 4807 2896 4845 non
2917 4802 3002 4846 est
3021 4793 3244 4862 proprie
3268 4793 3494 4847 bonum.

1925 4889 2000 4941 Ac
2019 4902 2115 4956 per
2134 4887 2241 4941 hoc
2258 4901 2437 4954 neque
2454 4887 2848 4956 attrahetjuste
2866 4885 3254 4940 delectantium
3274 4900 3332 4940 se
3354 4884 3502 4939 desi-

1527 5021 1760 5077 VARIAS
1809 5021 2211 5078 LECTIONES.

329 5117 380 5149 τ’
404 5115 626 5188 εἴχομεν
644 5117 733 5172 ed.
767 5117 887 5172 Gal.
983 5115 1031 5146 ⁷³
1056 5115 1477 5187 περικινηθέντα
1507 5115 1596 5170 ed.
1626 5115 1743 5182 Gal.

1827 5118 1874 5148 η
1906 5118 2018 5184 ἕξιν
2048 5117 2137 5172 ed.
2173 5116 2291 5171 Gal.

2373 5119 2418 5149 ⁷⁵
2453 5117 2612 5170 ἑαυτὸ
2642 5115 2700 5169 τὸ
2727 5115 2802 5178 ὡς
2849 5113 3010 5168 καλὸν
3057 5114 3145 5167 ed.
3180 5113 3297 5178 Gal.

1731 5247 1963 5304 NOTIE.
2002 5283 2008 5288 -

326 5338 394 5410 (ί)
427 5339 553 5395 llaec
577 5356 685 5394 non
717 5350 824 5394 tam
849 5351 1106 5410 corrupta
1127 5356 1293 5410 quam
1327 5341 1614 5410 nonbene
1667 5340 1829 5394 intel-

248 5412 398 5464 lecta
433 5425 464 5463 a
491 5410 675 5472 Scoto,
713 5411 960 5478 adeoque
987 5409 1124 5464 male
1150 5409 1419 5464 eonversa
1449 5409 1521 5463 ita
1549 5411 1784 5477 relingas
1812 5427 1825 5460 :

249 5481 341 5535 Ea:
368 5495 470 5549 quo
491 5480 789 5549 diﬂ'crenter
809 5481 1047 5549 dispersa
1079 5480 1390 5542 rationalia,
1428 5481 1496 5532 ad
1537 5495 1828 5548 procrean-

250 5550 384 5602 dum
413 5552 550 5603 hanc
569 5550 896 5620 corporalem
926 5551 1201 5610 mundum,
1231 5551 1396 5603 Deum
1423 5550 1598 5620 videre
1636 5557 1826 5620 conata

249 5629 402 5679 sunt,
430 5636 490 5672 ea
517 5622 580 5672 de
612 5618 774 5673 causa
821 5620 958 5690 quod
998 5622 1113 5690 ipsa
1155 5621 1455 5688 corporibus
1496 5619 1729 5689 ligasset,
1775 5618 1828 5669 in

252 5705 443 5744 eorum
477 5707 594 5759 quia
629 5699 785 5743 antea
817 5699 1160 5761 peccaverunt
1198 5691 1622 5744 vindicationem.

2003 5337 2100 5407 (in)
2131 5339 2306 5392 Verte-
2344 5353 2459 5407 enm
2493 5335 2968 5390 verisimilitudine.
3015 5336 3251 5406 Legerat
3298 5338 3500 5397 Scotus

1930 5409 2174 5460 ἓποντοε.
2203 5406 2400 5475 ((ἶιιιο.)

2010 5479 2087 5537 (nl
2113 5474 2440 5534 Pcrmotata,
2465 5475 2609 5529 forte
2633 5474 3047 5546 προκινηθέντα.
3069 5476 3165 5530 llic
3195 5478 3328 5532 nihil
3359 5480 3499 5536 vidit

1932 5547 2186 5611 Erigena.
2221 5547 2288 5599 lit
2331 5561 2467 5613 pene
2492 5545 2685 5598 omnia
2717 5546 2769 5598 in
2816 5545 2918 5598 hoc
2963 5548 3139 5614 capite
3185 5551 3494 5616 pervertit;

1930 5618 2134 5684 quibus
2168 5627 2345 5668 tamen
2383 5616 2638 5669 notandis
2663 5656 2676 5679 ,
2712 5616 2974 5684 quoniam
3013 5617 3169 5684 plura
3203 5633 3352 5684 sunt,
3407 5637 3501 5675 su-

1932 5687 2220 5754 persedeo.
2255 5686 2449 5753 (Cale)

329 5803 411 5874 (2)
449 5803 593 5859 Idem
626 5803 758 5859 ibid.
791 5821 912 5874 cap.
946 5807 996 5870 7,
1032 5821 1083 5873 p.
1125 5805 1250 5870 261,
1285 5816 1416 5860 tom.
1456 5805 1497 5872 Ι,
1539 5805 1676 5875 Opp.
1713 5803 1800 5858 ed.
1834 5799 2037 5855 Bcncd.
