4200 6440
750 350 887 417 1075

1906 374 1964 430 Β.
2001 373 2283 432 MAXIM!
2326 375 2831 440 CONFESSORIS

3851 385 3975 450 1076

749 470 1198 529 intellectualiter
1227 476 1621 542 intellectualc,
1654 479 1879 533 omnino
1898 480 2064 533 etiam
2111 479 2319 534 intelli-

2421 482 2515 535 τοῦ
2575 485 2709 539 αὑτὸ
2764 489 2943 540 έκεῖνο
2997 489 3119 543 ὅλον
3175 490 3536 561 γνωρίζεσθαι
3597 492 3852 546 δύνασθαι
3921 497 3977 546 τὸ

744 565 864 634 git:
898 568 944 621 si
998 578 1181 624 autem
1229 570 1517 639 intelligit,
1568 572 1793 625 omnino
1836 581 1985 626 amat
2026 573 2175 642 quod
2233 573 2316 625 in-

746 655 967 725 telligit;
988 658 1032 711 si
1052 667 1218 724 amat,
1241 660 1447 729 patitur
1469 663 1694 717 omnino
1714 663 1783 716 ad
1810 663 1986 732 ipsum
2005 674 2065 719 ut
2080 663 2316 718 amabile

742 762 1063 814 excessum;
1098 750 1144 804 si
1181 761 1366 807 autem
1391 755 1619 822 patitur,
1649 754 1899 824 profecto
1946 756 2111 809 etiam
2158 754 2313 808 festi-

742 843 837 888 nat
888 853 900 888 :
954 837 1001 889 si
1057 838 1300 905 festinat,
1340 844 1566 897 omnino
1589 844 1755 898 etiam
1795 845 2032 898 intendit
2070 843 2313 897 validum

742 934 986 990 motum;
1013 929 1058 982 si
1082 940 1267 986 autem
1293 933 1529 989 intendit
1550 935 1794 989 validum
1819 944 2051 1000 motum,
2077 950 2187 989 non
2206 944 2316 990 stat

742 1033 1032 1089 quousque
1067 1021 1162 1077 ﬁat
1191 1032 1365 1079 totum
1394 1026 1449 1079 in
1479 1035 1594 1080 toto
1632 1038 1835 1091 amato,
1860 1036 1916 1083 et
1960 1043 1992 1082 ε
2020 1036 2136 1082 ιοιο
2158 1042 2313 1081 com-

746 1110 1127 1175 prehendatur
1148 1130 1163 1178 ;
1181 1115 1425 1169 libenter
1446 1125 1621 1170 totum
1638 1116 1944 1172 secundum
1970 1117 2310 1172 voluntatem

744 1198 1039 1254 salutarem
1062 1202 1342 1273 accipiens
1371 1206 1963 1276 circumscriptionem,
2020 1216 2081 1262 ut
2137 1216 2311 1279 totum

740 1289 1011 1346 aﬂiciatur
1043 1294 1556 1356 circumscribente.
1606 1306 1667 1351 ut
1698 1298 1839 1353 nihil
1874 1298 2101 1353 omnino
2142 1306 2313 1352 restet

740 1381 879 1435 velle
901 1399 967 1436 ex
993 1400 1052 1439 se
1081 1386 1220 1454 ipso,
1240 1402 1298 1441 se
1325 1386 1502 1457 ipsum
1525 1396 1698 1443 totum
1726 1403 2059 1460 cognoscere
2079 1389 2313 1443 valendo

739 1476 1242 1547 circumscriptum,
1278 1481 1373 1535 sed
1404 1496 1469 1535 ex
1499 1481 2021 1547 circumscribente;
2052 1481 2197 1536 sicut
2220 1497 2315 1535 acr

740 1583 837 1633 per
859 1576 1030 1621 totum
1064 1569 1656 1638 illuminatuslumine,
1676 1582 1733 1628 et
1756 1574 1879 1643 igne
1911 1572 2117 1627 ferrum
2134 1582 2311 1627 totum

740 1665 855 1709 toto
888 1657 1267 1727 liquefactum,
1311 1670 1407 1716 aut
1434 1663 1481 1717 si
1511 1663 1645 1732 quid
1672 1664 1822 1719 aliud
1859 1664 2053 1718 talium
2087 1673 2190 1719 est.
2234 1664 2311 1718 Ex

739 1750 945 1818 quibus
994 1754 1331 1820 speculative
1360 1754 1625 1819 futuram,
1684 1755 1779 1809 sed
1810 1770 1922 1810 non
1968 1757 2079 1826 jam
2111 1756 2309 1811 factam

2420 578 2919 648 περιγραφόμενον,
2969 580 3087 634 ἀλλ’
3134 582 3200 636 ἐκ
3253 584 3347 637 τοῦ
3406 584 3877 655 περιγράφοντοςο
3909 585 3979 647 ὡς

2416 665 2525 736 ἀὴρ
2562 668 2631 721 δι’
2668 669 2792 722 ὅλου
2825 673 3240 744 πεφωτισμένος
3270 676 3429 743 φωτὶ,
3463 676 3555 728 καὶ
3585 676 3717 745 πυρὶ
3749 675 3975 745 σίδηρος.

2417 759 2537 822 ὅλος
2564 761 2669 830 ὅλῳ
2692 765 3213 833 πεπυρακτωμένος,
3244 767 3277 836 ἢ
3306 768 3359 820 εἴ
3384 784 3438 819 τι
3490 766 3619 821 ἀλλο
3654 766 3765 819 τῶν
3814 765 3979 819 τοιού-

2415 865 2524 901 των
2553 849 2720 905 ἐστίν.
2760 852 2851 917 Ἐξ
2870 848 2943 907 ὧν
2967 855 3337 924 στοχαπικῶς
3360 856 3459 927 τὴν
3480 856 3768 927 ἐσομένην,
3789 855 3898 909 ἀλλ’
3920 855 3978 907 οὑ

2414 940 2513 1010 τὴν
2563 944 2939 1013 γεγενημένην
2994 947 3088 999 καὶ
3146 947 3768 1018 παραφθαρεῖσαν,τοτς
3819 946 3980 1011 ἀξίοις

2414 1030 2516 1099 τῆς
2535 1032 2868 1104 ἀγαθότητος
2900 1036 3193 1106 μετουσίαν
3219 1040 3338 1091 κατ’
3372 1040 3619 1092 εἰκασίαν
3653 1039 3817 1109 μόνον
3842 1037 3979 1105 λαμ·-

2417 1121 2673 1191 6ἀνομεν,
2701 1123 2891 1195 ἐπειδὴ
2914 1126 3009 1178 καὶ
3036 1127 3175 1197 ὑπὲρ
3205 1127 3377 1181 ταῦτα
3424 1128 3601 1182 πάντα
3653 1128 3721 1181 τά
3774 1126 3981 1190 ἐλπιζό-

2420 1215 2557 1283 μενά
2614 1216 2782 1282 ἐστιν,
2828 1215 2905 1279 ὡς
2951 1216 3126 1284 ὅψεως
3163 1218 3290 1271 ὄντα
3321 1218 3463 1272 κατά
3490 1219 3553 1271 τὸ
3582 1218 3979 1290 γεγραμμένον.

2417 1307 2513 1359 καὶ
2540 1305 2707 1371 ἀκοῆς
2741 1307 2835 1360 καὶ
2866 1306 3104 1370 διανοίας
3151 1308 3427 1361 ἐπέκεινα.
3479 1309 3587 1363 Καὶ
3634 1307 3795 1362 τοῦτό
3840 1308 3983 1359 ἐστιν

2418 1400 2546 1463 ῐσως
2574 1400 2607 1469 ἡ
2640 1398 2886 1469 ὑποταγὴ
2942 1401 3009 1471 ην
3056 1402 3085 1453 6
3136 1400 3277 1465 θεῖος
3336 1400 3656 1463 Ἀπόστολός
3719 1416 3856 1469 φησι
3911 1398 3983 1468 τῷ

2416 1489 2592 1560 Πατρὶ
2635 1490 2728 1543 τὸν
2781 1489 2915 1543 Υίὸν
2962 1490 3310 1553 ὑποτάσσειν,
3362 1491 3489 1554 τοὺς
3542 1491 3807 1553 ἑκουσίως
3836 1490 3984 1558 δεχο-

2418 1580 2613 1649 μένους
2637 1579 2699 1632 τὸ
2730 1579 3153 1646 ὑποτάσσεσθαι,
3186 1580 3305 1653 μεθ’
3330 1582 3416 1651 ἢν,
3447 1582 3481 1653 ἢ
3511 1580 3577 1634 δι’
3602 1582 3688 1651 ἦν,
3720 1582 3777 1632 Ὀ
3802 1582 3985 1647 ἐσχα-

2414 1684 2517 1733 τος
2548 1668 2764 1736 ἐχθρὸς
2800 1668 3173 1738 καταργεῖται
3231 1672 3265 1724 ὀ
3317 1669 3593 1736 θάνατος,
3643 1670 3719 1733 ὡς
3766 1669 3862 1723 τοῦ
3906 1672 3985 1737 ἐφ’

2415 1759 2568 1827 ἡμῖν,
2589 1758 2753 1827 ἧγουν
2776 1756 2871 1811 τοῦ
2893 1758 3262 1825 αὑτεξουσίου,
3290 1758 3357 1812 δι’
3378 1751 3439 1811 οὗ
3469 1759 3603 1829 πρὸς
3628 1760 3776 1830 ἡμᾶς
3806 1758 3988 1811 ποιούς

738 1852 795 1894 ct
815 1844 882 1911 (s)
915 1842 1287 1913 incorruptam
1313 1845 1493 1916 dignis
1515 1845 1782 1901 bonitatis
1833 1847 2309 1916 participationem

2418 1866 2577 1919 μενος
2600 1848 2698 1919 τὴν
2725 1846 2932 1902 εἴσοδον
2966 1848 3237 1920 ἐπεκύρου
3268 1849 3391 1903 καθ’
3421 1847 3581 1920 ἡμῶν
3622 1850 3685 1901 τὸ
3716 1850 3817 1920 τῆς
3862 1850 3989 1917 φθο-

739 1945 837 1998 per
858 1931 1280 1988 similitudinem
1302 1934 1651 1990 solummodo
1683 1936 1986 2006 accipimus
2009 1953 2023 2002 ;
2046 1937 2307 2006 quoniam

736 2030 791 2075 ct
820 2038 986 2093 super
1010 2026 1197 2079 omnia
1215 2027 1330 2082 lizec
1346 2036 1475 2082 sunt
1504 2043 1625 2097 qua:
1642 2029 1911 2098 Speranda
1932 2038 2081 2095 sunt,
2110 2028 2312 2084 merito

736 2114 868 2167 dum
901 2116 1011 2170 sint
1029 2131 1241 2171 summa
1264 2119 1517 2182 visionis,
1548 2120 1691 2175 sicut
1712 2122 1977 2191 scriptum
2002 2130 2107 2187 est,
2132 2130 2190 2175 et
2212 2137 2311 2174 au-

736 2204 886 2260 ditus
918 2216 975 2261 et
1034 2208 1376 2276 intellectus;
1409 2219 1465 2264 et
1491 2210 1595 2267 hoc
1621 2211 1811 2282 utique
1848 2222 1931 2267 est
1956 2213 2073 2281 ipsa
2105 2212 2314 2281 subjec-

740 2298 836 2362 tio,
857 2297 917 2368 (t)
940 2315 1105 2369 quam
1131 2300 1354 2357 divinus
1384 2302 1678 2371 Apostolus
1696 2304 1773 2358 ait
1790 2303 1937 2357 Patri
1958 2303 2157 2357 Filium
2182 2304 2312 2357 sub-

736 2390 1009 2459 iecturum
1031 2391 1170 2457 fore,
1202 2394 1509 2449 voluntarie
1542 2396 1818 2465 accepturi
1848 2394 2126 2465 subjectos
2164 2411 2308 2460 esse,

737 2488 862 2548 post
885 2497 1048 2551 quam
1074 2490 1130 2536 et
1159 2498 1257 2553 per
1277 2499 1441 2553 quam
1463 2486 1745 2539 novissima
1770 2486 1984 2540 inimica
2012 2486 2312 2539 destruetur

737 2590 877 2627 mors
906 2574 949 2638 θ,
985 2583 1175 2644 utpote
1200 2576 1574 2646 corruptionis
1622 2577 1892 2646 potentia,
1922 2594 2020 2648 per
2044 2593 2209 2647 quam
2241 2578 2309 2632 ad

735 2681 839 2719 nos
872 2666 1002 2720 fecit
1050 2666 1341 2721 introitum
1395 2668 1539 2738 (ipso
1573 2668 1631 2722 in
1655 2668 1836 2733 nobis,
1864 2670 2088 2739 quiper
2117 2684 2175 2723 se
2209 2685 2309 2738 po-

734 2764 859 2811 tens
872 2766 977 2819 est,
994 2758 1285 2827 adjuvante
1297 2759 1598 2813 secundum
1612 2758 2075 2829 nos),voluntarie
2092 2761 2312 2814 univer-

735 2848 925 2902 saliter
942 2849 1052 2903 Deo
1075 2850 1153 2919 (ιι)
1174 2850 1438 2919 implente
1457 2850 1672 2905 etbene
1688 2862 1953 2922 regnante
1969 2853 2116 2922 quod
2133 2854 2203 2922 (υ)
2226 2868 2312 2907 re-

734 2938 831 3004 git,
865 2939 1038 2993 otium
1081 2939 1313 3009 agendo,
1351 2954 1419 2993 ne
1456 2940 1587 3008 quid
1617 2941 1750 2995 velit
1783 2951 1982 3011 prater
2011 2942 2160 3011 quod
2194 2944 2312 2997 vult

733 3032 909 3095 Deus;
937 3032 1225 3086 sicutalihi
1245 3032 1323 3086 ait
1341 3032 1459 3101 ipse
1479 3033 1536 3085 in
1554 3048 1611 3087 se
1630 3033 1750 3103 ipso
1774 3033 2017 3089 formans
2039 3034 2185 3104 quod
2206 3050 2310 3089 no-

734 3132 909 3174 strum
938 3130 1021 3176 est
1038 3122 1287 3176 Salvator
1306 3122 1375 3177 ad
1405 3123 1650 3178 Patrem:
1676 3123 2041 3179 Verumtamen
2060 3142 2162 3179 non
2178 3126 2310 3179 sicut
2336 3159 2381 3219 ο

733 3230 827 3283 ego
848 3214 983 3278 ιοοίο,
1011 3215 1102 3269 sed
1130 3216 1263 3268 sicut
1292 3223 1347 3267 tu
1373 3213 1386 3263 i
1418 3231 1437 3269 :
1467 3222 1523 3269 et
1544 3224 1667 3284 post
1691 3230 1818 3270 eum
1846 3216 2070 3272 divinus
2112 3233 2178 3273 ac
2206 3218 2311 3271 mi-

732 3307 924 3360 rabilis
951 3308 1152 3361 Paulus
1186 3307 1355 3362 veluti
1393 3322 1452 3361 se
1489 3308 1666 3377 ipsum
1698 3323 1906 3379 negans
1941 3316 1999 3363 et
2032 3310 2311 3379 propriam

732 3396 936 3459 habere
983 3398 1094 3467 jam
1150 3397 1318 3452 vitam
1362 3398 1651 3453 nesciens:
1683 3398 1804 3453 Vivo
1839 3410 2016 3454 autem
2031 3401 2154 3470 jam
2207 3418 2313 3454 non

732 3501 845 3555 ego,
874 3487 997 3539 vivit
1026 3502 1145 3539 vero
1176 3486 1231 3538 in
1266 3502 1346 3539 me
1378 3484 1612 3540 Christus
1648 3485 1695 3539 ιι.
1731 3486 1853 3540 Non
1890 3487 2188 3541 conturbet
2213 3503 2314 3542 vos

733 3577 878 3647 quod
914 3577 1122 3631 dictum
1153 3586 1238 3631 est
1272 3594 1286 3627 :
1326 3592 1435 3631 non
1489 3578 1640 3632 enim
1691 3578 2025 3633 ablationem
2076 3580 2313 3649 propria:

734 3668 994 3738 potentia:
1030 3668 1149 3722 ﬁeri
1184 3667 1332 3731 dico,
1382 3668 1479 3723 sed
1526 3668 1857 3739 positionem
1895 3670 2067 3739 magis
2110 3686 2312 3726 secun-

733 3758 866 3813 dum
902 3766 1157 3812 naturam
1189 3758 1348 3813 ﬁxam
1378 3768 1435 3815 et
1466 3759 1889 3824 immutabilem,
1922 3760 1976 3815 id
2004 3770 2089 3816 est
2120 3778 2313 3818 exces-

732 3866 855 3903 sum
888 3850 1338 3915 intellectualem,
1361 3858 1422 3903 ut
1449 3851 1594 3906 unde
1618 3851 1781 3905 nobis
1809 3850 2061 3905 subsistit
2084 3868 2229 3917 esse,
2258 3864 2315 3910 et

734 3942 943 3998 moveri
997 3942 1247 4012 accipere
1295 3942 1697 4008 desideremus,
1742 3944 1893 3998 velut
1936 3944 2175 4014 imagine
2222 3961 2312 3999 re-

733 4034 940 4089 deunte
965 4034 1031 4089 ad
1064 4034 1369 4104 principale
1401 4035 1713 4104 exemplum
1742 4044 1799 4089 et
1833 4034 1976 4105 signi
2018 4034 2191 4089 instar
2217 4051 2316 4106 per

734 4129 962 4197 ﬁguram
1000 4127 1142 4182 bene
1176 4127 1446 4196 compacti
1483 4127 1773 4197 principali
1813 4126 2023 4193 formze,
2055 4138 2113 4182 et
2145 4128 2312 4182 alior-

735 4232 859 4271 sum
894 4218 1025 4271 fcrri
1057 4233 1237 4288 neque
1262 4218 1500 4273 habente
1523 4217 1592 4273 de
1619 4226 1820 4273 caetero
1843 4233 2026 4288 neque
2053 4219 2269 4274 valente
2297 4235 2311 4273 :

732 4324 803 4363 an
836 4309 1081 4378 apertius
1116 4309 1413 4365 dicendum
1461 4319 1520 4367 et
1552 4311 1760 4375 verius,
1810 4325 1989 4380 neque
2022 4325 2183 4381 posse
2215 4326 2315 4365 vo-

737 4402 903 4464 lente,
938 4392 1136 4455 merito
1169 4402 1354 4456 divina
1390 4410 1616 4472 accepta
1644 4402 1992 4471 operatione,
2024 4402 2196 4471 magis
2221 4417 2316 4455 au-

2416 1941 2515 2010 ρᾶς
2546 1939 2769 2011 κράτος,
2804 1940 3065 2004 ἐκουσίως
3100 1940 3222 1995 καθ’
3252 1940 3375 1993 ὅλου
3421 1939 3834 2012 ἐκχωρηθέντος
3876 1940 3991 2009 Θεῷ

2414 2030 2509 2085 καὶ
2541 2030 2719 2095 καλῶς
2744 2030 3122 2101 βασιλεύοντος
3154 2032 3217 2084 τὸ
3256 2030 3657 2101 βασιλεύεσθαι,
3692 2029 3773 2102 τῷ
3800 2032 3991 2098 ἀργεῖν

2410 2123 2507 2177 τοῦ
2536 2141 2590 2175 τι
2646 2122 2850 2177 ἐθέλειν
2897 2124 3029 2195 παρ’
3079 2124 3108 2177 6
3166 2123 3309 2178 θέλει
3367 2123 3537 2187 Θεός·
3586 2122 3778 2191 ὥσπερ
3828 2122 3993 2191 φησιν

2413 2215 2574 2278 αὑτδς
2599 2216 2657 2267 ἐν
2693 2214 2872 2284 ἐαυτῷ
2900 2214 3087 2268 τυπῶν
3112 2214 3177 2267 τὸ
3222 2215 3496 2285 ἡμέτερον
3535 2214 3565 2266 6
3617 2213 3813 2283 Σωτὴρ
3860 2212 3992 2283 πρὸς

2411 2307 2504 2360 τὸν
2532 2306 2749 2376 Πατέρα
2767 2322 2781 2337 ο
2808 2306 2983 2372 Πλὴν
3010 2309 3122 2375 οὐχ
3149 2306 3229 2372 ὡς
3253 2304 3368 2375 ἐγὼ
3386 2304 3558 2369 θέλω,
3585 2302 3724 2358 ἀλλ’
3755 2304 3839 2368 ὡς
3892 2303 3989 2355 σύ.

2412 2397 2523 2450 Καὶ
2570 2396 2686 2466 μετ’
2720 2395 2881 2449 αὑτὸν
2912 2396 2940 2449 6
2971 2395 3261 2458 θεσπέσιος
3300 2392 3533 2458 Παῦλος,
3569 2392 3762 2464 ὥσπερ
3801 2391 3997 2447 ἑαυτὸν

2412 2487 2791 2557 ἀρνησάμενος
2821 2486 2918 2539 και
2965 2485 3106 2538 ιδιαν
3156 2485 3301 2555 ιχειν
3342 2484 3424 2538 ιτι
3480 2483 3626 2555 ζωὴν
3678 2484 3756 2553 μὴ
3801 2482 3993 2545 εἰδώς·

2412 2577 2504 2633 Ζῶ
2528 2579 2639 2648 γὰρ
2666 2579 2778 2631 οὐκ
2805 2577 2894 2631 ἔτι
2924 2576 3055 2647 ἐγώ·
3090 2576 3160 2645 ζῇ
3190 2577 3301 2647 γὰρ
3329 2577 3400 2632 ἐν
3428 2577 3557 2647 ἐμοὶ
3591 2576 3876 2645 Χριστός.
3906 2576 3991 2642 Μὴ

2398 2671 2722 2740 ,ταραττέτω
2754 2669 2801 2701 ⁸⁸
2826 2670 2882 2723 δὲ
2911 2669 3056 2739 ὑμᾶς
3084 2669 3147 2722 τὸ
3170 2668 3485 2737 λεγόμενον.
3540 2666 3615 2719 Οὑ
3672 2666 3780 2735 γάρ
3840 2664 3992 2717 ἀναί-

2415 2780 2562 2834 ρεσιν
2584 2763 2680 2817 τοῦ
2732 2760 3081 2825 αὑτεξουσίου
3127 2760 3374 2830 γίνεσθαί
3428 2775 3592 2829 φημι,
3650 2757 3791 2811 ἀλλά
3850 2756 3994 2809 θέσιν

2414 2855 2615 2925 μᾶλλον
2642 2856 2742 2926 τὴν
2784 2856 2926 2908 κατά
2978 2851 3143 2922 φύσιν
3203 2852 3409 2920 παγίαν
3453 2868 3514 2904 τε
3568 2849 3755 2919 (122
3794 2849 3857 2919 a)
3906 2847 3995 2900 καὶ

2409 2943 2764 3014 ἀμετάθετον,
2796 2943 2965 3013 ἧγουν
3024 2940 3333 3012 ἐκχώρησιν
3383 2940 3688 3011 γνωμικὴν,
3750 2939 3821 2991 ἶν’
3878 2935 3996 2989 ὅθεν

2412 3034 2544 3105 ἡμῖν
2578 3035 2816 3105 ὑπάρχει
2842 3033 2889 3066 ⁸⁸
2940 3032 3005 3085 τδ
3042 3028 3181 3085 εἶναι
3240 3032 3335 3084 καὶ⁸
3378 3029 3441 3082 τὸ
3490 3027 3763 3082 κινεῖσθαι
3808 3026 3996 3079 λαϐεῖν

2414 3126 2763 3195 ποθήσωμεν,
2815 3124 2893 3188 ὡς
2940 3124 3044 3193 τῆς
3101 3123 3310 3186 είκόνος
3363 3120 3695 3190 ἀνελθούσης
3742 3119 3889 3189 πρὸς
3937 3118 3997 3170 τὺ

2412 3215 2744 3285 ἀρχέτυπον,
2777 3216 2874 3267 καὶ
2913 3212 3209 3283 σφραγίδος
3234 3210 3391 3282 δίκην
3418 3210 3779 3281 ἐκτυπώματι
3812 3207 3997 3271 καλῶς

2413 3306 2769 3377 ἡρμοσμένης
2815 3305 2895 3374 τῷ
2950 3304 3266 3375 ἀρχετύπῳ,
3325 3306 3422 3357 καὶ
3483 3302 3669 3355 ἄλλοθι
3724 3300 3999 3373 φέρεσθαι

2416 3398 2542 3467 μήτ’
2572 3396 2803 3467 ἐχούσης
2820 3395 3008 3449 λοιπὸν
3040 3396 3179 3465 μήτε
3207 3394 3537 3465 δυναμένης,
3573 3394 3606 3462 ἢ
3651 3392 3999 3463 σαφέστερον

2413 3489 2587 3540 εἰπεῖν
2615 3485 3123 3555 καὶ’ἀληθέστερον,
3156 3486 3290 3555 μήτε
3324 3482 3609 3553 βούλεσθαι
3654 3480 3999 3551 δυναμένης,

2412 3580 2489 3644 ὼς
2526 3579 2627 3649 τῆς
2672 3578 2823 3642 θείας
2868 3577 3279 3648 ἐπειλημμένης
3331 3575 3635 3645 ἐνεργείας,
3691 3573 3903 3644 μᾶλλον
3945 3574 4001 3627 δέ

2413 3674 2544 3737 Θεὸς
2564 3676 2631 3743 τῇ
2678 3671 2870 3725 θεώσει
2903 3670 3297 3740 γεγενημένης,
3357 3668 3455 3723 καὶ
3500 3666 3664 3720 πλέον
3719 3666 4004 3737 ήδομένης

2412 3768 2478 3837 τῇ
2538 3764 2795 3819 ἐκστάσει
2849 3762 2958 3816 τῶν
3010 3760 3257 3830 φυσικῶς
3306 3760 3392 3813 ἐπ’
3448 3759 3622 3829 αὑτῆς
3680 3757 3782 3811 καὶ
3827 3756 4005 3809 ὄντων

2414 3859 2508 3912 καὶ
2540 3856 2866 3927 νοουμένων,
2922 3854 3011 3908 διά
3060 3854 3158 3924 τὴν
3181 3853 3547 3923 ἐκνικήσασαν
3594 3849 3770 3920 αὐτὴν
3837 3849 4007 3919 χάριν

2413 3950 2508 4005 τοῦ
2537 3950 2872 4019 Πνεύματος,
2904 3945 3001 4001 καὶ
3034 3946 3195 4017 μόνον
3245 3944 3476 4015 ἔχουσαν
3528 3940 3870 4013 ἐνεργοῦντα
3912 3938 4009 3991 τὸν

2413 4042 2548 4097 Θεὸν
2581 4041 2855 4107 δείξασαν,
2910 4040 3052 4092 ὥστε
3098 4033 3237 4090 εἶναι
3273 4037 3402 4107 μίαν
3431 4037 3525 4090 καὶ
3548 4034 3723 4106 μόνην
3747 4033 3845 4087 διά
3874 4031 4012 4085 ut».

2414 4151 2523 4187 των
2551 4133 2853 4204 ἐνέργειαν,
2874 4129 2968 4184 τοῦ
2987 4128 3126 4183 Θεοῦ
3155 4128 3250 4181 καὶ
3274 4127 3383 4181 τῶν
3406 4127 3573 4193 ἀξίων
3600 4123 3763 4184 Θεοῦ.
3795 4122 4011 4193 μᾶλλον

2414 4226 2471 4279 δὲ
2507 4225 2671 4294 μόνου
2696 4222 2854 4287 Θεοῦ,
2887 4223 2964 4284 ὡς
2989 4221 3112 4273 ὅλον
3133 4219 3276 4281 ὅλοις
3298 4219 3411 4279 τοῖς
3451 4216 3625 4281 ἀξίοις
3674 4214 4010 4285 ἀγαθοπρε-

2416 4314 2537 4378 πῶς
2572 4313 3076 4385 περιχωρήσαντος.
3118 4308 3359 4379 Ἀνάγκη
3406 4306 3519 4377 γὰρ
3547 4306 3706 4359 πᾶσα
3736 4305 3846 4374 τῆς
3881 4300 4016 4357 κατ’

2420 4407 2607 4475 ἔφεσιν
2635 4404 2707 4458 τά
2736 4405 2913 4457 πάντα
2946 4401 3073 4472 περί
3104 4417 3159 4454 τι
3210 4399 3338 4453 ἀλλο
3390 4396 3709 4452 παύσασθαι
3761 4398 4017 4462 ἐξουσιαο

736 4500 846 4547 tem
878 4494 1022 4547 Deus
1056 4509 1154 4563 per
1186 4495 1590 4550 deilicationem
1627 4493 1789 4559 facta,
1821 4502 1877 4548 et
1903 4493 2026 4563 plus
2059 4493 2313 4548 dilectata

2427 4496 2617 4565 πικῆς
2664 4495 2954 4565 κινήσεως,
3011 4489 3106 4545 τοῦ
3159 4490 3387 4560 ἐσχάτου
3442 4489 3707 4556 φανέντος
3769 4485 4018 4560 όρεκτοῦ

734 4600 961 4640 excessu
990 4587 1058 4641 ab
1084 4588 1169 4641 his
1192 4604 1314 4657 qua:
1344 4588 1675 4643 naturaliter
1703 4586 1758 4640 in
1787 4602 1852 4640 ea
1888 4595 2018 4641 sunt
2048 4593 2105 4639 et
2133 4585 2202 4639 ab
2232 4586 2320 4641 his

735 4695 859 4747 quae
891 4688 1022 4733 sunt
1070 4688 1126 4734 et
1160 4681 1542 4750 intelliguntur
1575 4695 1673 4751 per
1703 4687 2057 4748 superantem
2091 4693 2149 4732 se
2193 4694 2318 4749 gra-

737 4772 868 4825 tiam
906 4772 1145 4839 Spiritus
1174 4780 1228 4826 et
1259 4770 1607 4826 solummodo
1642 4769 1936 4824 habentem
1969 4777 2331 4838 operatorem.

734 4863 919 4915 Jesnm
954 4873 1010 4917 et
1039 4862 1427 4932 accipientem,
1460 4862 1534 4915 ita
1586 4869 1646 4914 ut
1691 4859 1765 4914 sit
1813 4876 1922 4913 una
1956 4869 2014 4914 et
2062 4861 2178 4915 sola
2222 4878 2319 4931 per

737 4953 919 5005 ninnia
945 4954 1195 5022 operatio
1221 4954 1317 5008 Dei
1349 4962 1407 5008 et
1430 4952 1719 5022 dignorum
1756 4952 1896 5016 Deo;
1935 4952 2108 5022 magis
2133 4961 2316 5006 autem

738 5042 909 5096 solius
932 5044 1049 5108 Dei,
1080 5053 1266 5113 utpote
1296 5051 1409 5098 toto
1438 5051 1583 5097 totos
1605 5043 1799 5112 dignos
1825 5042 1966 5097 bene
1996 5058 2061 5096 ac
2089 5043 2317 5111 pulchre

738 5135 1035 5189 ambicntc.
1071 5135 1232 5190 Omni
1266 5136 1415 5190 enim
1449 5136 1779 5190 necessitate
1818 5150 1917 5204 per
1950 5134 2132 5188 omnia
2169 5134 2315 5189 circa

2418 4590 2513 4643 καὶ
2542 4586 2930 4659 μετεχομένου,
2963 4584 3059 4639 καὶ
3098 4582 3378 4651 ἀναλόγως
3408 4584 3475 4653 τῇ
3512 4580 3622 4635 τῶν
3658 4582 4023 4651 μετεχόντων

2416 4679 2644 4749 δυνάμει
2676 4676 2995 4748 άχωρήτως,
3033 4673 3100 4727 ἶν’
3154 4672 3326 4736 οῦτως
3375 4672 3537 4735 εἴπω,
3596 4672 3974 4742 χωρουμένου
4001 4684 4018 4699 ⁶

2417 4772 2553 4842 πρὸς
2580 4770 2608 4823 6
2636 4770 2785 4823 πᾶσα
2814 4767 3033 4820 σπεύδει
3057 4765 3301 4819 πολιτεία
3321 4763 3416 4817 τοῦ
3437 4764 3482 4795 ’°
3515 4761 3725 4833 ὑψηλοῦ
3760 4765 3866 4817 καὶ
3898 4763 4023 4817 διά-

2416 4880 2555 4929 νοια,
2594 4882 2611 4915 ι
2651 4862 2746 4914 καὶ
2778 4862 2857 4923 εἰς
2886 4859 2915 4913 6
2960 4860 3112 4911 πᾶσα
3163 4857 3349 4926 ἔφεσις
3395 4855 3633 4917 ἵσταται,
3672 4855 3772 4907 καὶ
3807 4854 3963 4925 ὑπὲρ
3998 4853 4027 4905 6

2422 4952 2673 5023 οὐδαμῶς
2700 4952 2949 5021 φέρεταιο
2975 4949 3101 5003 οὑτε
3130 4948 3241 5017 γὰρ
3272 4947 3407 5018 ἔχει.
3433 4946 3527 4999 καὶ
3567 4944 3705 5017 πρὸς
3766 4946 3799 4998 ὃ
3846 4946 4030 4999 τείνει

2425 5046 2573 5098 πᾶσα
2610 5042 2902 5097 σπουδαίου
2938 5040 3172 5109 κίνησις,
3216 5039 3312 5091 καὶ
3362 5032 3424 5091 οῦ
3451 5036 3777 5106 γενομένοις
3831 5036 4032 5105 πάσης

2423 5133 2656 5204 θεωρίας
2683 5133 3009 5193 ἀνάπαυσις,
3032 5147 3051 5180 ι
3079 5128 3243 5198 φησὶν
3269 5126 3298 5180 6
3320 5125 3590 5197 μακάριος
3622 5117 3781 5188 οὗτος
3799 5125 3849 5157 ⁹¹
3880 5122 4036 5176 διδά-

817 5254 831 5291 i
869 5251 889 5305 l
922 5250 1048 5306 Cor.
1082 5269 1170 5318 xv,
1200 5253 1287 5308 26.
1370 5251 1383 5302 i
1418 5252 1610 5317 Matth,
1638 5269 1785 5317 xxvi,
1812 5253 1901 5307 '59.
1983 5253 2007 5291 ιι
2036 5252 2214 5307 Galat.
2253 5270 2306 5318 κ,
2336 5255 2425 5309 9.0.

2023 5363 2259 5420 VARM‘J
2298 5361 2701 5421 LECTIONES.

810 5502 860 5537 ⁸⁸
907 5504 1225 5575 ταρασσέτω
1252 5502 1343 5559 ed.
1403 5505 1522 5559 Gal.
1606 5505 1653 5537 θ’
1708 5505 1926 5577 ὑπάρχῃ
1960 5506 2027 5561 ed
2079 5506 2196 5560 Gal.

2290 5507 2335 5536 ¹⁹⁰
2359 5504 2452 5557 τοῦ
2488 5505 2643 5558 abest
2669 5504 2737 5556 ab
2765 5499 2854 5554 ed.
2883 5498 3001 5552 Gal.
3089 5499 3131 5530 ’ί
3157 5489 3311 5559 οὗτος
3333 5510 3443 5550 non
3472 5493 3641 5550 habet
3662 5493 3757 5550 ed.
3784 5492 3927 5551 Gal.

2276 5625 2363 5681 ΝΟ
2383 5623 2497 5679 UE.

808 5718 880 5784 (ς)
923 5717 1061 5782 lu-gc
1092 5726 1395 5784 corruptam
1423 5716 1621 5777 (6³10.)

812 5781 878 5860 (ι)
915 5787 1055 5857 [μευ
1087 5805 1215 5854 quit,
1316 5787 1511 5853 iGalc.)

2500 5714 2578 5776 (ιι)
2617 5712 2755 5777 Lege
2791 5712 3020 5763 i'cllcutc.
3057 5708 3252 5773 diale.)

2499 5783 2569 5852 (υ)
2600 5782 2742 5851 Lege
2777 5782 2991 5851 regitur.
3026 5781 3228 5845 (Gala)
