4200 6440
229 394 361 459 1077

1455 397 1970 462 AMBIGUOHUM
2012 403 2256 462 LIBER-

3340 398 3480 462 1078

224 508 445 569 σκαλος.
486 505 625 561 Οῦτε
653 506 764 578 γὰρ
809 507 964 563 ἔσται
1018 526 1072 562 τι
1132 509 1289 572 ἐκτὸς
1347 511 1482 564 Θεοῦ
1529 513 1650 565 τότε
1693 514 1801 566 δει-

1914 515 2054 568 mliud
2106 515 2238 573 quid
2279 513 2570 582 quiescent
2603 529 2931 576 Detestativo
2965 527 3113 568 motu
3151 516 3245 572 qui
3283 531 3479 569 secun-

223 597 512 667 κνύμενον,
541 598 576 669 ἢ
618 598 740 668 Θεῷ
791 600 1217 671 ἀντισηκοῦσθαι
1261 601 1472 665 δοκοῦν,
1523 603 1612 655 ἵνα
1657 604 1802 666 τινὸς

223 689 413 755 ἔφεσιν
444 688 580 760 πρὸς
623 690 757 744 αὐτὸ
789 691 949 760 ῥέψαι
995 692 1245 764 δελεάσῃ,
1298 693 1520 746 πάντων
1574 694 1800 763 περιλη-

221 779 469 847 φθέντων
498 779 648 851 αὐτῷ
696 782 880 851 (122
909 782 962 852 b)
1011 783 1218 854 νοητῶν
1259 801 1320 837 τε
1375 787 1469 837 καὶ
1527 784 1804 854 αἰσθητῶν

222 871 368 924 κατά
396 870 494 940 τὴν
524 871 803 942 ἄφραστον
826 873 994 928 αὐτοῦ
1022 873 1282 942 ἐκφανσιν
1326 875 1418 928 καὶ
1476 876 1800 944 παρουσίαν,

220 961 303 1024 ὡς
348 961 457 1015 οὐδ’
507 962 564 1012 ἐν
612 962 798 1033 ἡμέρᾳ
844 961 913 1016 τά
956 963 1180 1036 ἀστρῷα
1210 964 1364 1032 φῶτα
1397 966 1491 1018 καὶ⁹
1545 966 1685 1020 αὖτά
1734 967 1804 1020 τὰ

223 1053 406 1122 ἄστρα
456 1051 608 1122 ἡλίου
660 1053 924 1122 φανέντος
973 1055 1051 1124 τῷ
1107 1055 1289 1124 πολλῷ
1345 1056 1440 1110 καὶ
1486 1057 1803 1128 άσυγκρίτῳ

226 1144 392 1211 φωτὶ,
420 1143 478 1208 ἐξ
505 1137 567 1198 οῦ
596 1145 692 1198 καὶ
731 1145 918 1209 αὐτοῖς
949 1146 1013 1198 τὸ
1040 1146 1197 1215 φῶτα
1222 1142 1364 1201 εἶναι
1394 1148 1800 1218 καλυπτόμενα,

225 1238 327 1290 καὶ
356 1237 464 1290 οὐδ’
518 1238 601 1290 ὅτι
650 1238 696 1268 ’⁸
733 1236 872 1290 εἰσὶν
915 1237 1041 1290 ὅσον
1097 1238 1350 1309 αἰσθήσει
1399 1239 1801 1309 γνωριζόμενα.

239 1329 368 1382 Ἐπὶ
395 1329 441 1361 ’³
467 1328 606 1382 Θεοῦ
639 1329 698 1382 δὲ
747 1331 840 1382 καὶ
872 1329 1057 1390 πλέον,
1095 1330 1220 1383 ὅσον
1268 1329 1525 1384 ἀκτίστου
1567 1335 1662 1384 καὶ
1699 1349 1808 1385 κτι-

229 1420 376 1476 στῶν
408 1420 635 1491 ἄπειρον
669 1421 732 1474 τὸ
758 1421 923 1491 μέσον
955 1421 1072 1475 ἐστὶ
1100 1423 1196 1476 καὶ
1220 1421 1502 1492 διάφορον.
1534 1423 1670 1476 Τότε
1696 1423 1806 1492 γὰρ

228 1513 328 1565 καὶ
359 1512 459 1582 τὴν
490 1512 610 1566 κατ’
654 1511 847 1565 οὐσίαν
898 1511 1133 1583 ὓπαρξιν
1177 1511 1287 1565 τῶν
1333 1512 1503 1566 όντων
1551 1511 1694 1566 κατά
1745 1513 1808 1566 τὸ

226 1602 281 1654 τι
311 1603 404 1654 καὶ
428 1603 548 1666 πῶς
571 1603 665 1656 καὶ
694 1603 788 1655 ἐπὶ
815 1601 864 1634 ³⁸
883 1602 988 1656 τίνι
1021 1597 1184 1665 εἰναι,
1236 1603 1312 1665 ὡς
1360 1599 1536 1674 οἶμαι,
1596 1603 1807 1674 μανθά-

227 1710 416 1756 νοντες
446 1693 582 1764 πρός
621 1711 674 1748 τι
702 1694 910 1761 ὲφετῶς
963 1692 1045 1748 ἔτι
1090 1694 1235 1750 κατὰ
1286 1696 1489 1764 γνῶσιν
1539 1697 1601 1749 οὐ
1655 1713 1808 1766 κινη-

227 1782 530 1854 θησόμεθα,
562 1782 662 1854 τῆς
685 1783 916 1839 ἑκάστου
940 1785 1034 1838 καὶ
1087 1787 1174 1854 ἐφ’
1223 1786 1457 1841 ἑκάστου
1498 1785 1609 1838 τῶν
1669 1786 1810 1856 μετά

224 1872 364 1925 Θεὺν
393 1871 647 1941 γνώσεως
672 1875 804 1946 ἡμῖν
829 1876 1265 1946 περατωθείσης,
1303 1878 1398 1930 καὶ
1443 1877 1543 1947 τῆς
1577 1878 1809 1948 ἀπείρου

226 1962 326 2015 καὶ
375 1961 529 2028 θείας
587 1965 684 2018 καὶ
739 1965 1115 2038 ἀπεριλήπτου
1190 1965 1609 2031 ἀπολαυστικῶς
1676 1968 1808 2038 ἡμῖν

226 2052 513 2120 ἀναλόγως
543 2053 917 2126 ὑποκειμένης
959 2072 1020 2109 τε
1053 2057 1222 2127 μόνης
1258 2059 1354 2111 καὶ
1416 2057 1806 2128 μετεχομένης.

226 2143 346 2196 Καὶ
373 2143 535 2198 τοῦτό
571 2146 690 2199 ἐστι
729 2146 792 2199 τὸ
816 2148 959 2201 πάνυ
991 2147 1452 2218 φιλοσοφοῦμενον
1499 2148 1640 2202 κατά
1687 2147 1811 2201 τοῦ·

225 2249 322 2284 τον
362 2233 459 2286 τὸν
483 2233 748 2306 θεοφόρον
790 2236 1110 2292 διδάσκαλον
1129 2278 1144 2302 ,
1177 2257 1196 2290 ι
1229 2237 1630 2306 ὲπιγνὼσεσθαι
1661 2239 1809 2308 ἡμᾶς

228 2340 365 2376 ποτε
427 2325 554 2378 ὅσον
603 2325 949 2396 ὲγνώσμεθα,
995 2328 1218 2381 ἐπειδὰν
1264 2328 1325 2381 τὸ
1369 2328 1599 2389 θεοειδὲς
1652 2328 1812 2382 τοῦτο

232 2415 332 2467 καὶ
368 2414 515 2468 θεῖον
545 2417 848 2485 φάσκοντος
881 2418 972 2472 τὸν
995 2418 1264 2490 ἡμέτερον
1281 2418 1410 2472 νοῦν
1440 2437 1499 2472 τε
1530 2421 1624 2473 καὶ
1653 2420 1810 2486 λόγον

227 2506 312 2576 τῷ
336 2505 522 2576 οἰκείῳ
548 2507 966 2578 προσμίξωμεν,
996 2511 1089 2564 καὶ
1115 2511 1149 2580 ἡ
1177 2507 1344 2562 εἰκὼν
1366 2511 1564 2584 ἀνέλθῃ
1585 2512 1722 2582 πρὸς
1749 2513 1810 2565 τὸ

228 2598 564 2667 ἀρχέτυπον,
630 2594 692 2652 οῦ
742 2598 839 2652 νῦν
895 2599 1008 2670 ἔχει
1061 2602 1159 2670 τὴν
1220 2599 1427 2670 ἔφεσιν.
1460 2621 1478 2653 ι
1518 2602 1656 2671 Περὶ
1712 2602 1810 2671 μὲν

222 2684 330 2740 οὖν
358 2688 454 2740 τοῦ
485 2688 560 2759 μὴ
591 2683 731 2743 εἶναι
790 2691 882 2762 τὴν
933 2691 1310 2764 θρυλουμένην
1359 2693 1542 2758 ὲνάδα,
1595 2695 1689 2747 καὶ
1714 2694 1808 2747 τοῦ

231 2777 356 2842 πῶς
406 2780 526 2832 κατ’
578 2779 816 2850 ἔμφασιν
864 2783 930 2836 ὲκ
974 2783 1083 2836 τῶν
1135 2782 1230 2836 νῦν
1276 2785 1408 2854 ἡμῖν
1448 2784 1686 2852 ἐφικτῶν
1712 2784 1810 2853 τῆς

231 2869 464 2939 Γραφῆς
491 2870 780 2940 νοημάτων
827 2889 887 2926 τε
926 2875 1025 2927 καὶ
1070 2873 1352 2944 λογισμῶν
1410 2873 1562 2926 ἔσται
1613 2875 1645 2945 ή
1702 2873 1812 2927 τῶν

237 2961 550 3029 μελλόντων
606 2961 963 3028 κατάστασις,
1015 2965 1256 3034 εἰρήσθω
1325 2965 1514 3019 ταῦτα.
1571 2966 1706 3038 Περὶ
1753 2966 1812 3018 δὲ

232 3051 336 3102 τοῦ
370 3051 488 3112 πῶς
521 3053 686 3121 μοῖρα
716 3051 874 3127 ,ὄντες
903 3051 1040 3106 Θεοῦ
1081 3052 1439 3124 ἀπερῤύημεν
1465 3052 1601 3108 Θεοῦ
1649 3058 1813 3124 ἡγου-

240 3143 409 3211 μένου
442 3141 694 3196 ἐντεῦθεν
718 3143 811 3197 τὸν
841 3143 999 3212 λόγον
1033 3147 1352 3215 ποιήσομαι.

1903 605 2034 659 dum
2067 605 2405 659 desiderium
2457 617 2540 660 est
2594 606 2892 660 novissimo
2924 614 3223 674 apparenle
3265 603 3393 657 dato
3427 621 3478 658 es
3587 592 3589 594 ’

1902 697 2232 766 participato
2264 705 2321 751 et
2349 698 2856 751 corrationabilitcr
2891 695 3343 765 participantium
3376 697 3484 748 vir-

1904 789 2008 842 tuti
2051 787 2708 856 incomprehensibiliter,
2747 797 2808 840 ut
2855 787 2927 841 ita
2962 789 3162 849 dicam,
3200 797 3380 856 capto,
3417 785 3481 839 ad

1902 880 2048 948 quod
2081 880 2262 935 omnis
2307 881 2532 935 festinat
2565 880 2914 935 conversatio
2961 880 3162 934 excelsi
3209 887 3268 934 et
3321 879 3485 932 nitel—

1905 978 2101 1036 lectus,
2130 991 2148 1022 ι
2179 980 2236 1027 ct
2269 971 2326 1026 in
2359 971 2508 1040 quod
2535 971 2716 1026 omnis
2737 971 3075 1026 stabilitatur
3095 969 3396 1040 appetitus,
3429 977 3489 1022 et

1903 1074 2072 1129 supra
2104 1062 2250 1130 quod
2284 1061 2440 1115 nullo
2469 1061 2633 1114 modo
2657 1061 2852 1125 fertur,
2881 1076 3063 1130 neque
3094 1061 3243 1114 enim
3279 1060 3442 1113 habet
3470 1076 3484 1110 :

1902 1160 1960 1206 et
1983 1151 2051 1206 ad
2078 1152 2227 1220 quod
2253 1151 2435 1208 tendit
2468 1151 2649 1206 omnis
2673 1150 2984 1206 festinantis
3010 1159 3214 1213 motus,
3237 1159 3294 1204 et
3325 1166 3356 1204 a
3379 1165 3488 1218 quo

1903 1243 2258 1298 venientibus
2287 1243 2467 1299 omnis
2483 1243 2971 1312 contemplationis
3005 1243 3245 1312 requies.
3273 1259 3292 1293 ο
3325 1251 3386 1295 ut
3408 1241 3487 1295 ait

1906 1332 2101 1388 beatus
2126 1333 2231 1388 iste
2273 1333 2552 1403 magister.
2589 1332 2780 1403 Neque
2822 1335 2929 1388 erit
2957 1333 3093 1402 quid
3123 1343 3278 1386 extra
3307 1332 3479 1384 Deum

1907 1431 2039 1476 tunc
2089 1421 2528 1486 manifestatum,
2578 1429 2674 1476 aut
2735 1422 2848 1476 Deo
2898 1437 2930 1474 e
2979 1429 3169 1475 contra
3219 1419 3296 1487 (as)
3347 1418 3487 1471 ima-

1906 1513 2084 1583 ginari
2136 1514 2339 1577 visum,
2378 1521 2440 1567 ut
2479 1512 2712 1582 alicujus
2759 1510 3094 1566 desiderium
3133 1510 3200 1563 ad
3241 1510 3482 1578 seipsum

1908 1603 2078 1659 fluere
2108 1603 2182 1676 (g)
2213 1605 2421 1660 erroris
2449 1607 2542 1670 sit,
2590 1603 2848 1659 omnibus
2877 1602 3099 1658 ambitis
3131 1601 3200 1655 ab
3229 1601 3349 1670 ipso
3395 1599 3482 1654 in-

1911 1695 2289 1765 telligibilibus
2316 1704 2372 1751 et
2414 1695 2771 1751 sensibilibus
2804 1693 3110 1750 secundum
3148 1691 3481 1747 ineffabilem

1910 1785 2084 1856 ipsius
2115 1785 2617 1842 manifestationem
2664 1796 2721 1842 et
2766 1784 3151 1855 praesentiam;
3205 1782 3351 1837 sicut
3385 1796 3486 1835 ne-

1907 1892 2018 1949 que
2047 1877 2103 1932 in
2139 1877 2230 1932 die
2261 1875 2478 1932 siderea
2507 1877 2716 1932 lumina
2757 1885 2814 1931 et
2846 1877 2963 1945 ipsa
2996 1883 3142 1930 astra
3179 1873 3295 1928 sole
3321 1888 3494 1942 appa-

1912 1977 2068 2025 rente
2093 1969 2268 2023 multo
2293 1977 2351 2023 et
2380 1967 2800 2039 incomparabili
2833 1966 3044 2022 lumine
3071 1981 3140 2021 ex
3165 1979 3276 2034 quo
3300 1964 3382 2019 eis
3402 1965 3490 2018 lu-

1910 2061 2059 2115 mina
2091 2075 2213 2115 esse
2245 2060 2519 2114 occultata
2567 2067 2624 2114 et
2672 2073 2852 2129 neque
2880 2056 3010 2128 quia
3053 2064 3186 2111 sunt
3229 2062 3495 2125 quantum

1909 2153 2096 2207 sensui
2119 2151 2357 2222 cognita.
2386 2151 2446 2206 In
2473 2151 2587 2205 Deo
2616 2165 2747 2204 vero
2775 2149 2897 2219 plus
2924 2155 3190 2218 quantum
3217 2147 3363 2201 inter
3385 2159 3493 2198 non

1911 2251 2156 2296 creatum
2188 2250 2244 2295 et
2282 2249 2528 2296 creatum
2562 2239 2775 2294 infinita
2811 2238 3080 2318 medietas
3115 2245 3200 2291 est
3246 2243 3302 2289 et
3331 2232 3493 2287 dilic-

1911 2335 2106 2387 rentia.
2149 2333 2305 2387 Tunc
2335 2334 2482 2387 enim
2518 2347 2616 2401 per
2647 2331 2942 2386 essentiam
2987 2343 3181 2385 eorum
3214 2343 3337 2397 qua:
3367 2337 3498 2381 sunt

1908 2423 2325 2479 subsistentiam
2362 2422 2667 2477 secundum
2702 2421 2869 2492 quod,
2907 2420 3065 2491 quid,
3097 2428 3152 2474 ct
3195 2416 3494 2486 quomodo,

1907 2525 1967 2570 et
1994 2515 2048 2568 in
2076 2529 2188 2584 quo
2215 2529 2361 2578 esse,
2395 2523 2458 2568 ut
2483 2513 2745 2578 arbitror,
2773 2512 3036 2574 scientes,
3069 2509 3136 2565 ad
3165 2509 3297 2579 quid
3326 2523 3498 2577 appe-

1912 2605 2076 2660 titum
2137 2604 2320 2658 adhuc
2377 2619 2476 2674 per
2547 2603 2919 2674 cognitionem
2982 2615 3091 2655 non
3154 2597 3499 2653 movebimus

1913 2695 2349 2764 uniuscujusque
2395 2701 2452 2748 et
2497 2692 2554 2746 in
2605 2706 2940 2760 unoquoque
2974 2704 3167 2744 eorum
3211 2702 3333 2757 quae.
3375 2694 3500 2754 post

1913 2785 2086 2840 Deum
2113 2792 2245 2838 sunt
2273 2783 2587 2854 cognitione
2618 2782 2781 2837 nobis
2801 2789 3180 2836 consummata
3201 2788 3259 2832 et
3289 2775 3501 2831 inﬁnita

1914 2891 1978 2930 ac
2040 2875 2228 2930 divina
2284 2882 2343 2928 et
2407 2872 2957 2943 incomprehensibili
3012 2871 3297 2925 fructuose
3341 2866 3502 2922 nobis

1913 2966 2400 3036 proportionaliter
2437 2965 2714 3034 proposita
2763 2964 3052 3019 mansione
3099 2973 3156 3017 et
3197 2960 3500 3030 participa-

1915 3057 2085 3111 tione.
2133 3056 2202 3110 Et
2246 3056 2353 3110 hoc
2390 3064 2475 3111 est
2516 3054 2663 3124 quod
2709 3053 2871 3109 valde
2921 3052 3370 3124 philosophatum
3417 3059 3502 3104 est

1915 3146 2222 3203 secundum
2272 3145 2545 3201 deiferum
2611 3146 2760 3199 hunc
2809 3144 3130 3213 magistrum
3188 3142 3501 3201 dicentem.

247 3252 268 3284 ι
307 3232 729 3302 cognoscituros
784 3247 888 3288 nos
931 3233 1264 3303 quandoque
1293 3242 1558 3303 quantum
1609 3233 1814 3303 cogniti
1856 3251 2071 3300 sumus,
2107 3251 2232 3289 cum
2268 3236 2538 3290 deiforme
2569 3235 2696 3298 hoc,
2730 3244 2787 3289 et
2816 3234 3066 3289 divinum
3103 3243 3352 3290 nostrum
3383 3233 3505 3288 ani-

239 3339 395 3377 mum
419 3332 476 3377 et
510 3323 778 3378 rationem
805 3324 1032 3393 proprio
1057 3324 1503 3388 admiscebimus,
1539 3334 1595 3379 et
1641 3325 1822 3396 imago
1860 3337 2171 3382 revertetur
2199 3326 2264 3381 ad
2297 3325 2602 3396 principale
2667 3325 2978 3394 exemplum
3011 3325 3170 3395 cujus
3231 3339 3379 3378 nunc
3405 3323 3506 3379 ha-

237 3412 338 3468 bet
363 3413 690 3483 appetitum.
717 3432 735 3464 ι
773 3413 850 3468 De
877 3428 944 3469 eo
977 3415 1143 3485 igitur
1170 3415 1316 3485 quod
1356 3432 1466 3470 non
1506 3415 1578 3470 sit
1605 3415 1892 3486 dispertita
1929 3420 2114 3474 unitas
2147 3425 2203 3473 et
2229 3417 2507 3488 quomodo
2535 3416 2840 3471 secundum
2885 3417 3138 3471 notitiam
3173 3430 3239 3471 ex
3269 3416 3505 3486 possibi-

234 3505 393 3559 libus
424 3520 572 3560 nunc
637 3505 797 3560 nobis
832 3507 1122 3576 scriptura:
1169 3508 1543 3563 intellectibus
1572 3516 1628 3563 ct
1672 3507 2142 3578 disputationibus
2171 3510 2280 3564 erit
2341 3509 2653 3563 futurorum
2715 3516 2892 3564 status
2935 3507 3146 3562 dictum
3192 3514 3276 3562 est
3321 3507 3507 3562 hacte-

236 3614 386 3662 nus;
425 3597 494 3653 de
524 3614 591 3653 eo
613 3613 744 3653 vero
775 3600 1054 3669 quomodo
1093 3601 1225 3656 dum
1261 3617 1388 3672 pars
1431 3602 1527 3657 Dei
1571 3603 1764 3668 simus,
1793 3620 1822 3657 ιι
1861 3605 1974 3659 Deo
2010 3603 2349 3668 reduximus,
2396 3603 2509 3657 Deo
2535 3603 2710 3664 duce,
2760 3601 2890 3656 hinc
2924 3615 3235 3656 sermonem
3285 3599 3502 3655 faciam.

315 3690 415 3751 Τίς
442 3689 553 3761 γὰρ
577 3690 724 3762 λόγῳ
755 3691 912 3754 εἰδὼς
969 3693 1064 3746 καὶ
1104 3693 1265 3764 σοφίᾳ
1316 3693 1385 3747 τὰ
1435 3694 1564 3747 ὄντα
1626 3696 1692 3748 ὲκ
1737 3695 1814 3747 τοῐ

2003 3695 2140 3761 Quis
2171 3695 2318 3749 enim
2367 3693 2583 3748 ratione
2627 3692 2985 3748 considerans
3031 3699 3089 3746 et
3130 3691 3400 3760 sapientia
3441 3706 3506 3745 ea

240 3779 326 3850 μὴ
355 3779 511 3844 ὅντος
547 3781 701 3851 παρά
744 3782 878 3836 Θεοῦ
915 3783 994 3848 εἰς
1028 3784 1089 3837 τὸ
1118 3780 1260 3839 εἶναι
1305 3784 1607 3856 παρῆχθαι,
1667 3787 1716 3839 εἰ
1760 3788 1824 3858 τῇ

239 3872 497 3941 φυσικῶν
541 3874 650 3926 τῶν
701 3875 876 3929 ὄντων
931 3876 1146 3948 ἀπείρῳ
1199 3877 1434 3949 διαφορᾷ
1487 3895 1547 3930 τε
1589 3879 1681 3931 καὶ
1717 3895 1829 3930 ποι.

239 3964 398 4035 κιλίᾳ
419 3965 707 4037 ἐμφρόνως
741 3969 925 4038 (123
958 3969 1013 4036 a)
1063 3969 1127 4020 τὸ
1157 3970 1257 4039 τῆς
1285 3969 1466 4040 ψυχῆς
1496 3969 1827 4040 θεωρητικὸν

241 4058 620 4128 προσαγάγοι,
669 4058 767 4113 καὶ
805 4058 884 4129 τῷ
933 4059 1266 4130 ὲξεταστικῷ
1296 4060 1662 4132 συνδιακρίνοι
1684 4060 1826 4130 λόγῳ

239 4148 372 4200 κατ’
423 4148 666 4203 ἐπίνοιαν
716 4150 808 4202 τὸν
853 4150 976 4203 καθ’
1003 4151 1062 4204 δν
1101 4151 1430 4222 ἐκτίσθησαν
1486 4148 1664 4218 λόγον,
1706 4150 1829 4220 οὐχὶ

241 4237 480 4301 πολλοὺς
514 4238 720 4293 εἴσεται
761 4241 952 4309 λόγους
981 4241 1074 4294 τὸν
1101 4242 1197 4294 Eva.
1229 4241 1412 4309 λόγον,
1434 4245 1502 4312 τῇ
1531 4241 1641 4293 τῶν
1667 4258 1826 4310 γεγο-

240 4329 421 4382 νότων
483 4329 777 4401 ἀδιαιρέτῳ
819 4327 1345 4404 ’συνδιακρινόμενον
1409 4332 1674 4404 διαφορᾷ,
1739 4332 1831 4386 διὰ

236 4423 347 4492 τὴν
371 4422 550 4475 αὐτῶν
593 4425 729 4494 πρὸς
771 4424 978 4495 ἄλληλά
1029 4442 1089 4477 τε
1145 4425 1240 4478 καὶ
1301 4424 1471 4477 ἑαυτά
1523 4424 1828 4494 ἀσύγχυτον

243 4509 529 4581 ἰδιότητας
588 4515 696 4566 Καὶ
749 4515 910 4568 πάλιν
969 4515 1065 4568 ἕνα
1115 4516 1240 4578 τοὺς
1284 4515 1535 4578 πολλοὺς,
1578 4517 1647 4586 τῇ
1693 4515 1830 4585 πρὸς

239 4599 414 4653 αὐτὸν
442 4602 552 4656 τῶν
581 4604 803 4658 πάντων
829 4607 1076 4676 ἀναφορᾷ
1101 4605 1169 4659 δι’
1194 4607 1388 4659 ὲαυτδν
1423 4607 1471 4638 ’⁵
1505 4605 1830 4676 ἀσυγχύτως

243 4691 601 4762 ὑπάρχοντα,
660 4697 906 4752 ὲνούσιόν
949 4715 1008 4750 τε
1063 4699 1158 4751 καὶ⁵
1208 4697 1576 4752 ὲνυπόστατον
1633 4699 1679 4729 ⁹⁶
1733 4697 1829 4751 τοῦ

240 4780 389 4833 Θεοῦ
421 4782 515 4835 καὶ
544 4785 759 4856 Πατρὸς
787 4787 921 4840 Θεὸν
947 4789 1139 4857 Λόγον,
1170 4789 1246 4851 ὡς
1287 4789 1464 4859 ἀρχὴν
1504 4789 1599 4841 καὶ
1647 4789 1830 4843 αἰτίαν

240 4867 358 4921 τῶν
386 4869 544 4937 ὅλων,
594 4873 664 4927 ἐν
701 4867 749 4940 ᾧ
792 4877 1044 4944 ἐκτίσθη
1101 4879 1174 4931 τὰ
1221 4877 1421 4932 πάντα
1471 4881 1539 4932 τὰ
1587 4879 1656 4932 ἐν
1706 4879 1830 4946 τοῖς

240 4958 531 5026 οιῖῬανοῒς
579 4963 678 5017 καί
723 4964 794 5018 τὰ
829 4965 924 5018 ἐπὶ
973 4964 1082 5034 τῆς
1113 4965 1245 5035 γῆς,
1301 4967 1420 5020 εἴτε
1456 4967 1656 5035 δρατὰ,
1708 4969 1830 5022 εἶτε

1929 3801 2050 3855 qua:
2081 3795 2229 3851 sunt,
2269 3786 2338 3839 ab
2363 3799 2431 3838 eo
2466 3783 2611 3853 quod
2638 3799 2748 3838 non
2772 3791 2855 3838 est
2883 3799 2912 3836 a
2933 3783 3048 3837 Deo
3082 3783 3138 3836 in
3168 3780 3223 3836 id
3254 3781 3401 3851 quod
3421 3792 3507 3837 est

1928 3879 2270 3945 transducta,
2304 3877 2346 3930 si
2376 3893 2476 3947 per
2497 3875 2802 3930 naturalem
2835 3889 3037 3930 eorum
3063 3888 3186 3943 quae
3214 3881 3345 3928 sunt
3378 3872 3502 3926 infi-

1929 3969 2100 4023 nitam
2139 3967 2512 4024 diﬂ‘etentiam
2544 3975 2600 4021 et
2625 3965 2948 4020 varietatem
2982 3963 3286 4033 prudenter
3311 3961 3507 4016 anima:

1929 4060 2417 4129 contemplativum
2463 4057 2803 4121 adduceret,
2847 4064 2904 4111 et
2926 4054 3242 4124 inquisitiva
3283 4053 3507 4108 condis-

1927 4162 2178 4208 ccrncret
2234 4153 2448 4206 ratione
2509 4166 2608 4220 per
2669 4147 3128 4218 intelligentiam,
3201 4145 3506 4201 secundum

1927 4260 2092 4315 quam
2123 4252 2309 4299 creata
2335 4251 2464 4297 sunt
2499 4256 2744 4303 causam,
2779 4255 2890 4292 non
2922 4240 3123 4292 multas
3147 4245 3508 4307 οοεηοεοθτθι

1928 4347 2125 4388 causas
2159 4347 2323 4386 unam
2347 4345 2574 4386 causam
2602 4344 2799 4384 eorum
2831 4342 2954 4396 quae
2984 4326 3126 4382 facta
3160 4334 3289 4380 sunt
3313 4325 3384 4395 (τ)
3425 4325 3508 4379 in-

1929 4423 2316 4494 separabiliter
2339 4422 2744 4477 condiscretam
2767 4419 3139 4474 differentiam
3170 4433 3270 4488 per
3312 4433 3506 4471 eorum

1927 4527 1985 4571 et
2014 4516 2157 4570 inter
2185 4530 2245 4569 sc
2269 4515 2506 4568 invicem
2531 4521 2589 4568 et
2607 4528 2668 4567 se
2695 4513 2812 4582 ipsa
2835 4510 3178 4566 inconfusam
3203 4509 3509 4580 proprieta-

1931 4618 2076 4663 tem:
2108 4618 2164 4663 et
2192 4608 2394 4663 iterum
2424 4620 2590 4660 unam
2635 4605 2867 4668 multas,
2900 4603 3148 4656 omnium
3175 4600 3244 4654 ad
3278 4599 3355 4669 (a)
3385 4615 3506 4654 eam

1931 4701 2200 4756 relatione
2251 4714 2348 4768 per
2395 4696 2471 4768 (ὁ)
2521 4697 2763 4767 seipsum
2824 4694 3116 4749 inconfuse
3173 4692 3504 4753 subsistens.

1933 4789 2421 4846 unum-esscntiale
2441 4797 2497 4842 et
2527 4785 3092 4842 unum-substantiale
3112 4783 3208 4838 Dei
3240 4791 3298 4837 et
3325 4781 3506 4837 Patris

1934 4883 2105 4937 Deum
2139 4881 2400 4943 Verbum,
2433 4879 2634 4932 merito
2676 4876 3008 4947 principium
3046 4884 3346 4929 etcausam
3385 4888 3510 4926 om-

1935 4971 2108 5033 nium,
2141 4971 2196 5023 in
2230 4986 2332 5040 quo
2359 4977 2538 5022 creata
2567 4975 2690 5020 sunt
2717 4967 2893 5019 omnia
2922 4981 3040 5034 qua:
3066 4965 3122 5016 in
3145 4962 3285 5016 caelis
3313 4969 3364 5015 et
3391 4978 3509 5032 qua:

241 5046 494 5116 ἀόρατα,
519 5051 639 5106 εἴτε
680 5055 902 5122 θρόνοι,
933 5055 1054 5110 εἴτε
1083 5058 1449 5125 κυριότητες,
1478 5059 1597 5112 alta
1623 5059 1814 5126 ἁρχαὶ,

1929 5063 1984 5114 in
2015 5072 2179 5126 terra,
2202 5061 2307 5114 sive
2334 5058 2574 5118 visibilia,
2592 5059 2698 5111 sive
2720 5054 3026 5119 invisibilia,
3054 5059 3160 5109 sive
3185 5055 3380 5119 throni,
3401 5055 3509 5108 sive

1561 5170 1793 5226 VARLE
1839 5170 2239 5226 LECTIONES.

335 5279 382 5310 "
412 5279 471 5330 οὐ
523 5280 592 5332 δι’
624 5284 705 5336 ὃτι
758 5286 884 5341 cod.
928 5287 1069 5343 Gud.

1161 5289 1207 5321 ⁸³
1267 5290 1325 5341 Εἰ
1359 5289 1448 5343 ed.
1485 5291 1625 5348 Ga|..
1653 5290 1935 5345 mendose.

2028 5289 2074 5324 9"
2097 5285 2236 5343 εἶναι
2266 5304 2366 5358 pro
2396 5287 2489 5340 ἐπὶ
2519 5284 2782 5340 mendose
2808 5282 2977 5338 habet
3005 5281 3096 5338 ed.
3128 5281 3250 5337 Gal.
3363 5281 3408 5314 ’⁸
3437 5280 3507 5334 δι’

243 5347 462 5402 ὒκυτῶν
487 5350 579 5405 ed.
615 5353 734 5409 Gal.
792 5358 838 5388 "
865 5359 1107 5413 ἐνούσιόν
1133 5376 1191 5412 τε
1224 5362 1319 5413 καὶ
1356 5347 1717 5413 ἑνυπόστατον
1740 5361 1829 5415 ed.
1865 5361 1981 5416 Gal.

1762 5480 1983 5536 ΝΟΤᾹἾ.

323 5564 406 5701 (κζ
447 5565 588 5632 Lege
616 5567 966 5640 a'mciparari.
1006 5569 1207 5638 (Gach

326 5637 382 5701 (ῃ
436 5636 654 5701 Legissc
678 5639 876 5693 Scottis
900 5639 1120 5695 videtur
1143 5642 1207 5694 δοῖ

246 5636 403 5770 0"(3)
436 5636 654 5761 l).egissc
678 5637 876 5693 Scotus
900 5636 1120 5695 videtur
1143 5642 1388 5714 δολιάσῃ.
1411 5642 1572 5698 Verte
1592 5641 1821 5694 ullicrul.

302 5726 339 5759 vi
385 5726 436 5758 υ.

330 5778 402 5838 is)
436 5777 648 5835 Mallem
674 5780 956 5845 iudivisim,
1002 5782 1354 5850 ἁδιαιρὲτως,
1401 5784 1822 5845 ιτιιηιιίἑδιτυιαυι,

1937 5573 1970 5626 i.
1995 5587 2044 5625 e.
2082 5571 2466 5625 coexistentcm.
2497 5569 2694 5636 (Gala,

2007 5643 2082 5706 (a)
2121 5642 2259 5708 Lege
2289 5657 2424 5691 cum.
2459 5638 2656 5707 (Galen)

2010 5703 2080 5778 llr)
2115 5703 2268 5781 Legit
2297 5703 2495 5765 Scottis
2514 5709 2581 5764 δι’
2613 5703 2825 5773 ἑαυτου,
2860 5707 3006 5778 quod
3041 5706 3232 5778 probo.
3261 5703 3461 5774 (0310.)
