4200 6440
200 399 333 465 i031

1423 402 1938 464 AMBIGUORUM
1979 398 2225 463 LIBER.

3308 406 3444 471 1082

194 515 329 583 περὶ
352 510 451 582 τὴν
484 509 822 564 κατάστασιν
853 509 1074 578 ἐκείνην
1120 509 1476 580 ὑπαρχούσης
1496 527 1511 540 ·
1547 512 1768 564 πάντων

1875 512 2026 565 nium
2060 513 2230 581 igitur
2267 512 2421 567 locus
2462 513 2754 582 dignorum
2782 512 2875 567 tali
2921 512 3263 568 beatitudine
3299 516 3440 570 Deus

190 602 291 656 οὖν
321 603 483 663 τόπος
517 599 624 653 τῶν
653 599 990 669 ἀξιουμένων
1018 599 1122 667 τῆς
1147 600 1407 669 τοιαύτης
1436 601 1772 669 μακαριότη-

191 693 290 754 τός
327 695 476 746 ἔστιν
504 693 533 745 ό
563 690 696 754 Θεδς
729 690 872 743 κατὰ
903 690 963 743 τὺ
996 692 1384 762 γεγραμμένον
1407 708 1420 721 ·
1452 693 1645 745 Fami:
1667 710 1771 759 μοι

191 786 286 849 εις
348 782 497 836 Θεὸν
535 782 1009 849 ὐπερασπιστὴν
1042 781 1142 835 καὶ
1179 784 1268 848 εις
1315 784 1505 836 τόπον
1548 784 1773 850 ὀχυρὸν

190 874 306 928 τοῦ
343 873 540 927 σῶσαί
565 890 663 942 με.
691 891 710 924 ι
749 872 887 943 Παρ⁹
916 866 961 940 ᾧ
1001 872 1233 942 βεϐαίως
1268 874 1485 927 πάντων
1535 874 1582 925 οἱ
1625 874 1771 941 λόγοι

195 968 481 1035 πεπήγασι
525 965 648 1017 καθ’
686 962 780 1027 οὓς
828 966 922 1018 καὶ
956 964 1245 1032 γινώσκειν
1297 965 1366 1018 τὰ
1424 968 1598 1018 πάντα
1643 968 1772 1034 πρὶν

194 1058 467 1121 γενέσεως
496 1057 676 1109 αὐτῶν
706 1056 948 1123 λέγεται,
975 1056 1051 1119 ὡς
1077 1056 1137 1109 ἐν
1179 1057 1327 1127 αὐτῷ
1355 1060 1447 1110 καὶ
1476 1057 1606 1127 παρ’
1625 1058 1774 1126 αὐτῷ

194 1147 391 1209 ὅντων,
422 1146 557 1217 αὐτῇ
601 1148 670 1217 τῇ
714 1146 945 1217 ἀληθείᾳ
986 1146 1098 1200 τῶν
1124 1147 1363 1201 πάντων.
1396 1147 1515 1201 Κᾶν
1547 1151 1595 1201 εί
1629 1148 1773 1201 αὐτὰ

194 1238 268 1291 τὰ
307 1239 501 1299 πάντα.
539 1238 611 1292 τά
636 1254 697 1290 τε
725 1236 857 1292 ὅντα
885 1239 980 1290 καὶ
1006 1237 1073 1291 τά
1106 1239 1362 1309 ἐσόμενα,
1393 1240 1489 1308 οὐχ
1516 1240 1631 1308 ἅμα
1661 1242 1773 1300 τοῖς

196 1329 413 1383 ἑαυτῶν
461 1326 663 1397 λόγοις,
692 1328 728 1399 ἢ
760 1328 840 1398 τῷ
871 1328 1186 1398 γνωσθῆναι
1231 1328 1337 1383 ὐπδ
1382 1330 1539 1391 Θεοῦ,
1586 1332 1667 1392 είς
1715 1330 1775 1381 τὸ

196 1416 339 1473 εἶναι
360 1421 747 1491 παρήχθησαν,
781 1419 900 1473 ἀλλ’
930 1420 1137 1474 ἕκαστα
1175 1420 1253 1490 τῷ
1286 1420 1575 1490 ἐπιτηδείῳ
1598 1420 1775 1487 καιρῷ

199 1512 344 1566 κατὰ
357 1511 455 1583 τὴν
469 1513 563 1566 τοῦ
582 1511 928 1582 Δημιουργοῦ
947 1514 1139 1581 σοφίαν
1159 1512 1478 1582 πρεπόντως
1488 1512 1628 1564 κατὰ
1650 1513 1776 1575 τοὺς

197 1600 410 1653 ἑαυτῶν
441 1600 633 1667 λόγους
659 1599 1141 1669 δημιουργούμενα
1168 1600 1262 1653 καὶ
1284 1599 1409 1653 καθ’
1440 1600 1608 1652 ἑαυτὰ
1634 1595 1775 1652 εἶναι

195 1693 264 1761 τῇ
280 1690 529 1761 ἐνεργείᾳ
542 1690 609 1742 λα
618 1689 816 1760 μϐάνῃ.
835 1688 1053 1759 Ἐπειδὴ
1073 1692 1101 1743 ὁ
1119 1690 1218 1760 μὲν
1233 1689 1323 1744 ἀεὶ
1349 1689 1471 1743 κατ’
1494 1690 1775 1760 ὲνέργειάν

196 1779 314 1829 ἔστι
339 1777 703 1848 Δημιουργδς,
742 1778 813 1831 τὰ
840 1777 897 1830 δὲ
930 1778 1156 1847 δυνάμει
1196 1778 1295 1849 μέν
1322 1779 1490 1845 ἐστιν,
1522 1781 1774 1849 ἐνεργείᾳ

1870 614 1975 665 εει,
2008 601 2313 655 secundum
2362 602 2507 669 quod
2560 602 2827 669 scriptum
2870 611 2954 655 est
2994 616 3009 654 :
3051 600 3179 654 Esto
3226 602 3351 655 mihi
3387 604 3442 654 in

1871 692 2039 747 Deum
2090 702 2437 762 protectorem
2477 702 2526 746 et
2575 695 2631 747 in
2685 692 2859 746 locum
2898 694 3162 746 munitum
3200 692 3443 747 solvendi

1874 794 2031 837 mem.
2072 803 2090 835 ι
2126 784 2284 853 Apud
2323 798 2488 853 quem
2522 783 2753 838 ﬁrmiter
2779 784 3027 837 omnium
3057 784 3300 839 rationes
3326 782 3442 838 ﬁxa:

1872 882 2022 934 sunt,
2052 888 2154 940 per
2181 887 2318 941 quas
2353 872 2519 926 etiam
2551 887 2885 941 cognoscere
2921 872 3107 925 omnia
3131 880 3257 925 ante
3282 887 3445 941 gene-

1873 964 2141 1019 rationem
2175 979 2365 1018 eorum
2405 963 2611 1018 dicitur
2636 964 2834 1016 merito
2858 964 2913 1016 in
2940 964 3059 1031 ipso
3092 972 3149 1017 et
3186 962 3330 1031 apud
3358 963 3441 1032 ip~

1873 1074 1995 1112 sum
2030 1057 2424 1112 exsistentibus
2479 1072 2576 1124 per
2604 1056 2775 1124 ipsam
2820 1056 3109 1108 veritatem
3165 1054 3441 1117 omnibus,

1874 1148 1977 1204 etsi
2001 1164 2066 1203 ea
2089 1147 2274 1202 omnia
2307 1156 2364 1201 et
2391 1163 2513 1216 qua:
2545 1155 2674 1201 sunt
2701 1156 2759 1200 et
2782 1161 2902 1214 quae
2932 1146 3114 1200 futura
3147 1153 3298 1203 sunt.
3333 1160 3443 1199 nou

1875 1241 2037 1294 simul
2072 1240 2191 1295 suis
2217 1238 2401 1293 causis
2427 1248 2485 1293 ut
2509 1239 2727 1308 cognita
2775 1249 2906 1291 sunt
2932 1252 2961 1289 a
2995 1238 3123 1290 Deo.
3171 1238 3225 1290 in
3250 1252 3443 1290 essen-

1876 1331 2007 1384 tiam
2050 1330 2289 1384 adducta
2316 1339 2464 1393 sunt,
2493 1329 2588 1381 sed
2624 1329 2839 1397 singula
2866 1342 3098 1396 quaeque
3135 1336 3437 1396 opportuni

1877 1431 2121 1489 tempore
2170 1420 2474 1475 secundum
2517 1419 2791 1473 Creatoris
2834 1420 3157 1486 sapientiam
3213 1419 3444 1487 pulchre

1868 1509 2024 1579 juxta
2047 1523 2238 1562 eorum
2268 1523 2462 1562 causas
2482 1517 2663 1562 creata
2688 1516 2837 1569 sunt,
2866 1517 2921 1560 et
2948 1522 3048 1575 per
3072 1521 3131 1560 se
3165 1521 3288 1560 esse
3316 1520 3447 1574 ope-

1876 1602 2090 1655 ratione
2134 1601 2442 1671 accipiunt;
2476 1600 2738 1669 quoniam
2786 1599 2904 1667 ipse
2953 1599 3175 1667 quidem
3229 1613 3448 1666 semper

1876 1691 2181 1746 secundum
2217 1692 2592 1761 operationem
2624 1698 2709 1745 cst
2728 1688 2975 1752 Creator,
3000 1704 3063 1743 ea
3091 1703 3222 1742 vero
3250 1697 3448 1756 poten-

1876 1783 1952 1838 tia
1977 1782 2203 1852 quidem
2235 1791 2399 1846 sunt,
2432 1783 2753 1851 Operatione
2775 1790 2958 1835 autem
2998 1779 3278 1841 nondum;
3317 1779 3448 1847 quia

194 1868 254 1921 δὲ
283 1869 386 1922 οὐκ
414 1868 496 1921 ἔτι
514 1885 529 1899 ’
556 1847 646 1923 Ϋὸτι
676 1870 812 1940 μηδὲ
838 1864 951 1922 οἷόν
985 1887 1045 1923 τε
1071 1869 1179 1923 τῶν
1199 1847 1333 1939 Ἵᾶμα
1355 1866 1493 1923 εἶναι
1515 1870 1577 1923 τὺ
1608 1847 1771 1925 attat-

1876 1847 2055 1943 neque
2078 1884 2308 1944 possunt
2330 1847 2525 1927 borum
2554 1873 2717 1927 simul
2740 1886 2861 1925 esse
2887 1870 3163 1924 inﬁnitum
3186 1881 3243 1925 et
3272 1869 3447 1932 ﬁnita,

197 1976 294 2029 ρον
322 1958 420 2013 καὶ
450 1958 520 2013 τὰ
547 1959 963 2030 πεπερασμένα,
997 1958 1120 2012 οὐδέ
1147 1975 1234 2021 τις
1264 1958 1432 2023 δείξαι
1462 1958 1618 2028 λόγος
1639 1961 1773 2013 ἀνα-

195 2050 501 2120 φανήσεται
542 2050 652 2103 τῶν
696 2050 813 2118 ἅμα
863 2045 1005 2104 εἶναι
1032 2048 1293 2104 δύνασθαι
1326 2050 1427 2120 τὴν
1463 2050 1652 2103 οὐσίαν
1678 2052 1775 2104 καὶ

190 2140 258 2193 τὸ
304 2138 652 2211 ὐπερούσιον,
702 2142 798 2195 καὶ
838 2142 920 2204 είς
962 2141 1161 2194 ταυτὸν
1206 2142 1433 2209 ἀγαγεῖν
1473 2141 1551 2211 τῷ
1582 2142 1641 2193 ὲν
1677 2142 1774 2210 μέ-

192 2247 312 2301 τρῳ
330 2229 394 2283 τὸ
420 2231 659 2302 ἄμετρον
676 2232 745 2295 ”,
773 2233 867 2285 καὶ
889 2231 968 2302 τῷ
994 2234 1053 2285 ὲν
1086 2233 1271 2302 σχέσει
1307 2233 1369 2286 τὸ
1400 2233 1649 2302 ἄσχετον,
1678 2234 1774 2288 καὶ

192 2320 256 2373 τὸ
289 2321 458 2393 μηδὲν
491 2321 615 2392 ἔχον
645 2323 732 2375 ἐπ’
762 2323 929 2376 αὐτοῦ
972 2324 1312 2393 κατηγορίας
1351 2321 1490 2387 εἶδος
1522 2343 1773 2393 καταφα-

195 2410 464 2483 σκόμενον
492 2411 573 2483 τῷ
600 2413 690 2467 διὰ
719 2413 942 2467 πάντων
980 2414 1191 2467 τούτων
1222 2414 1408 2486 (124¹
1436 2416 1485 2484 b)
1520 2433 1772 2469 συνιστα-

198 2504 375 2577 μένῳ.
410 2505 595 2559 Πάντα
640 2506 751 2575 γάρ
777 2507 847 2558 τὰ
885 2505 1079 2559 κτιστὰ
1120 2507 1243 2559 κατ’
1264 2507 1454 2559 οὐσίαν
1476 2524 1536 2561 τε
1560 2509 1654 2560 καὶ
1680 2507 1776 2574 γέ·

189 2611 344 2649 νεσιν
375 2595 693 2650 παντάπασι
727 2594 1140 2661 καταφάσκεται
1186 2599 1300 2658 τοῖς
1333 2596 1487 2659 ίδίοις
1525 2596 1620 2650 καὶ
1660 2599 1800 2660 τοῖς.

192 2686 329 2757 περὶ
356 2686 495 2741 αὐτὰ
518 2683 639 2739 οὖσι
667 2685 775 2739 τῶν
804 2686 962 2749 tm;
1002 2685 1180 2753 λόγοις
1236 2686 1619 2757 περιεχόμενα.
1648 2685 1778 2740 Ὑπ-

191 2776 542 2848 εξῃρημὲνης
563 2772 657 2830 οὖν
686 2777 785 2846 τῆς
810 2775 987 2846 ἄκρας
1007 2776 1102 2829 καὶ
1121 2777 1464 2845 ἀποφατικῆς
1492 2777 1585 2829 τοῦ
1615 2777 1776 2845 λόγου

192 2868 501 2936 Θεολογίας,
535 2868 658 2920 καθ’
687 2868 755 2939 ἣν
779 2866 904 2921 οὐτε
938 2866 1180 2934 λέγεται,
1210 2866 1335 2920 οὐτε
1362 2869 1565 2920 νοεῖται
1584 2870 1625 2930 ¹,
1653 2868 1777 2922 οὐτε

193 2959 315 3013 εστι
346 2958 409 3011 τὸ
452 2958 672 3011 σύνολόν
703 2975 757 3010 τι
783 2957 895 3011 τῶν
939 2957 1086 3027 ἄλλῳ
1108 2959 1129 2989 ¹
1180 2959 1669 3027 συνεγνωσμένων,
1700 2958 1775 3024 ὡς

192 3049 542 3122 ὐπερούσιος,
568 3049 690 3103 οὐδὲ
721 3049 825 3103 ὐπό
853 3066 998 3110 τινος
1017 3049 1268 3118 οὐδαμῶς
1290 3048 1415 3101 καθ’
1441 3049 1618 3103 ὁτιοῦν
1648 3068 1771 3119 μετ-

192 3142 405 3211 έχεται,
449 3141 635 3194 πολλοὶ
688 3140 837 3208 λόγοι
881 3143 909 3194 ό
957 3135 1039 3202 εἷς
1094 3140 1253 3208 λόγος
1287 3141 1426 3203 ἐστὶ,
1473 3142 1568 3195 καὶ
1606 3137 1686 3203 εἷς
1724 3144 1772 3193 oi

192 3230 386 3285 πολλοί
409 3248 423 3263 ο
449 3229 589 3284 κατὰ
635 3231 736 3300 μὲν
767 3231 866 3300 τὴν
908 3232 1266 3301 ἀγαθοπρεπῆ
1309 3233 1390 3296 εἰς
1416 3232 1483 3286 τά
1509 3232 1642 3286 ὄντα
1680 3231 1772 3285 τοῦ

193 3320 319 3384 ἑνὸς
360 3320 656 3391 ποιητικήν
701 3336 762 3371 τε
789 3320 883 3372 καὶ
914 3321 1239 3391 συνεκτικὴν
1270 3321 1498 3391 πρόοδον
1530 3321 1716 3374 πολλοὶ
1747 3324 1775 3375 ὁ

194 3406 304 3477 εἷς,
342 3411 487 3464 κατὰ
515 3409 573 3463 δὲ
601 3406 702 3480 τὴν
741 3411 826 3473 είς
865 3408 957 3461 τὸν
994 3409 1094 3463 ἕνα
1125 3409 1233 3462 τῶν
1266 3410 1480 3464 πολλῶν
1514 3413 1775 3481 ἐπιστρε-

192 3500 405 3570 πτικήν
441 3515 501 3553 τε
526 3498 622 3553 καὶ
650 3498 1060 3570 χειραγῳγικὴν
1094 3501 1380 3571 ἀναφοράν
1410 3518 1469 3554 τε
1505 3503 1603 3555 καὶ
1644 3503 1775 3571 πρό-

193 3608 373 3654 νοιαν,
408 3590 599 3661 ῶσπερ
628 3592 709 3654 είς
741 3590 918 3660 ἀρχὴν
944 3592 1513 3665 παντοκρατορικὴνῆ
1551 3593 1776 3662 κέντρον

189 3683 308 3736 τῶν
339 3682 399 3747 ἐξ
442 3683 609 3736 αὐτοῦ
656 3681 885 3735 εὐθειῶν
930 3681 1030 3745 τὰς
1080 3683 1253 3754 ἀρχὰς
1279 3684 1652 3755 τιτροειληφδς³
1683 3688 1777 3738 καὶ

190 3773 270 3836 rb;
316 3773 535 3827 πάντων
589 3772 929 3841 συνάγω-(ὸς,
962 3767 1045 3836 εἷς
1096 3774 1147 3825 οἱ
1194 3773 1398 3826 πολλοί.
1447 3775 1626 3845 Μοῖρα
1683 3772 1777 3826 οὖν

191 3863 367 3932 ἐσμεν
390 3864 484 3917 καὶ
508 3862 783 3933 λεγόμεοα
807 3861 942 3915 Θεοῦ
970 3862 1059 3914 διὰ
1084 3862 1144 3913 τὸ
1172 3864 1297 3925 τοὺς
1332 3862 1426 3916 τοῦ
1455 3859 1594 3914 εἷναι
1620 3864 1777 3932 ἡμῶν

190 3953 390 4026 λόγους
422 3958 481 4008 ὲν
503 3954 582 4026 τῷ
610 3955 730 4025 Θεῷ
763 3955 1173 4025 προϋφεστάναι
1192 3972 1206 3986 ο
1231 3955 1527 4025 ρεύσαντες
1555 3955 1609 4007 δὲ
1637 3957 1777 4009 ἄνω-

193 4048 291 4103 θεν
336 4048 500 4103 πάλιν
542 4047 819 4116 λεγόμεθα
862 4046 998 4099 διότι
1042 4046 1117 4117 μὴ
1157 4046 1279 4100 καθ’
1324 4046 1383 4100 ὃν
1431 4046 1778 4117 γεγενήμεθα

192 4140 356 4210 λόγον
384 4141 477 4193 τὸν
501 4142 561 4194 ὲν
582 4138 661 4209 τῷ
691 4138 812 4207 Θεῷ
856 4138 1097 4208 προόντα
1129 4138 1488 4209 κεκινήμεθα.
1520 4139 1628 4191 Καὶ
1654 4138 1777 4191 καθ’

192 4231 385 4302 ἓτερον
411 4230 469 4284 δὲ
495 4229 698 4300 τρόπον
729 4228 879 4281 ἐστὶν
904 4228 1146 4299 εὐμαρὲς
1176 4228 1256 4297 τῷ
1278 4228 1518 4290 εὐσεϐῶς
1553 4227 1779 4281 ἐπιϐάλ-

192 4322 312 4378 λειν
344 4325 459 4384 τοῖς
498 4320 609 4375 τῶν
655 4320 826 4373 ὄντων
863 4320 1047 4388 λόγοις
1092 4319 1461 4389 δεδιδαγμένῳ
1505 4320 1600 4373 τὸν
1650 4320 1780 4391 περὶ

1874 1982 2056 2036 neque
2090 1968 2200 2021 ulla
2248 1966 2391 2021 ratio
2420 1965 2726 2035 approbare
2768 1962 3208 2017 manifestabitur
3250 1962 3447 2016 horum

1873 2057 2037 2113 simul
2062 2072 2185 2113 esse
2227 2058 2418 2112 valens
2457 2055 2756 2112 essentiam
2792 2062 2847 2109 et
2876 2054 3367 2123 superessentiale,
3394 2064 3451 2107 et

1872 2146 1931 2201 in
1967 2147 2022 2201 id
2048 2148 2226 2216 ipsum
2257 2147 2461 2201 dueere
2494 2158 2686 2199 menso
2728 2142 3093 2207 immensum,
3125 2151 3184 2197 et
3215 2144 3267 2197 ei
3302 2142 3449 2211 quod

1874 2237 1933 2292 in
1971 2239 2165 2293 habitu
2204 2248 2292 2292 est
2323 2237 2470 2307 quod
2506 2244 2658 2291 caret
2685 2234 3035 2297 habitudine,
3062 2242 3119 2289 et
3145 2233 3296 2303 quod
3324 2234 3451 2287 nul-

1875 2330 1982 2383 lam
2028 2329 2199 2384 habet
2244 2330 2301 2383 in
2331 2344 2391 2383 se
2420 2328 2711 2397 categorias
2756 2326 2999 2395 speciem
3028 2324 3350 2379 aﬁirmatam
3396 2333 3454 2379 et

1874 2436 1974 2490 per
1990 2436 2182 2477 omnes
2206 2436 2323 2483 eas,
2349 2420 2750 2489 categoriarum
2776 2417 3057 2480 videlicet,
3082 2416 3298 2485 species
3315 2431 3452 2469 con-

1873 2511 2091 2565 stituto.
2155 2511 2353 2566 Omnia
2400 2512 2550 2564 enim
2591 2524 2715 2577 quae
2744 2516 2928 2561 creata
2973 2517 3101 2561 sunt
3148 2506 3452 2562 secundum

1872 2604 2169 2659 essentiam
2189 2612 2248 2658 et
2272 2601 2682 2672 generationem
2707 2600 2932 2654 omnino
2956 2599 3011 2653 in
3036 2598 3292 2653 omnibus
3311 2598 3455 2652 alﬁr—

1875 2703 2097 2748 mantur
2144 2710 2245 2764 per
2300 2694 2532 2757 formas,
2576 2701 2633 2747 et
2654 2689 3053 2746 exsistentibus
3090 2705 3283 2743 eorum
3330 2704 3454 2757 quae

1852 2787 2221 2841 extrinsecus
2244 2794 2376 2839 sunt
2410 2783 2557 2838 circa
2588 2797 2708 2836 eam
2736 2780 3043 2835 rationibus
3080 2778 3452 2833 continentur.

1877 2873 2103 2929 Sublata
2127 2875 2311 2943 itaque
2332 2887 2542 2926 summa
2565 2878 2621 2924 et
2638 2868 2948 2924 abdicativa
2969 2867 3134 2923 Verbi
3155 2867 3454 2936 theologia,

1876 2964 2181 3020 secundum
2210 2978 2376 3032 quam
2425 2976 2606 3030 neque
2650 2959 2858 3014 dicitur
2896 2974 3076 3028 neque
3108 2957 3454 3027 intelligitur,

1876 3070 2057 3125 neque
2105 3063 2192 3110 est
2229 3053 2458 3109 omnino
2488 3050 2621 3121 quid
2671 3052 2834 3105 alicui
2862 3051 3210 3120 cognitorum
3256 3051 3457 3104 merito

1877 3146 2387 3217 superessentiale,
2421 3158 2602 3212 neque
2658 3158 2688 3196 a
2739 3143 2977 3211 quodam
3020 3142 3131 3195 ullo
3184 3141 3348 3197 modo
3399 3144 3456 3196 in

1877 3234 2062 3304 aliquo
2092 3232 2481 3303 participatur,
2513 3230 2699 3284 multa:
2722 3245 2901 3285 causae
2928 3246 3036 3284 una
3069 3244 3234 3285 causa
3256 3238 3361 3295 est,
3400 3239 3458 3285 et

1882 3341 1988 3379 una
2016 3324 2219 3378 multa}.
2250 3324 2386 3377 Nam
2417 3322 2724 3377 secundum
2765 3321 2963 3376 bonam
2992 3338 3056 3376 ac
3084 3322 3371 3389 pulchram
3401 3322 3458 3376 in

1876 3431 1941 3470 ea
1969 3430 2090 3485 quae
2130 3423 2259 3468 sunt
2288 3414 2457 3468 unius
2499 3421 2557 3467 et
2584 3412 2867 3467 factricem
2911 3421 2968 3467 ct
2997 3413 3456 3470 continuatricem

1876 3504 2287 3575 processionem
2318 3504 2505 3558 multa;
2544 3517 2686 3568 una;
2723 3517 2822 3572 per
2842 3517 2974 3556 vero
3017 3501 3073 3555 in
3106 3517 3277 3556 unum
3311 3503 3458 3557 mul-

1877 3605 2067 3651 torum
2102 3596 2517 3650 conversoriam
2545 3603 2603 3650 et
2628 3594 3100 3649 manuductricem
3134 3595 3456 3649 relationem

1876 3696 1933 3741 et
1960 3687 2362 3757 providentiam
2382 3727 2397 3750 ,
2445 3686 2597 3740 velut
2632 3686 2690 3739 in
2736 3684 3077 3754 principium
3108 3684 3459 3753 omnipotens

1877 3788 1973 3835 aut
2032 3788 2285 3834 centrum
2335 3787 2612 3832 rectarum
2662 3791 2730 3830 ex
2774 3790 2841 3830 eo
2872 3775 3143 3852 linearum
3187 3776 3457 3845 principia

1877 3870 2250 3942 perambiens,
2283 3877 2339 3924 et
2372 3869 2451 3923 sic
2473 3883 2667 3923 omnes
2701 3882 3061 3937 congregans,
3105 3882 3215 3921 una
3252 3866 3458 3921 multae.

1878 3964 2013 4018 Pars
2037 3960 2205 4031 igitur
2238 3976 2431 4015 sumus
2448 3968 2505 4014 et
2530 3959 2771 4014 dicimur
2788 3959 2909 4020 Dei,
2942 3974 3009 4013 eo
3034 3959 3181 4027 quod
3207 3959 3461 4013 essentia:

1878 4060 2079 4107 nostrae
2118 4052 2362 4106 rationes
2390 4051 2445 4104 in
2466 4051 2579 4105 Deo
2609 4050 3035 4121 prmsubstitutas
3069 4050 3207 4115 sint;
3230 4049 3461 4106 ﬂuentes

1879 4159 2013 4198 vero
2050 4142 2340 4197 desursum
2399 4143 2598 4197 iterum
2638 4142 2897 4206 dicimur,
2938 4157 3004 4197 eo
3041 4141 3189 4211 quod
3239 4157 3351 4196 non
3378 4158 3464 4197 se-

1880 4234 2125 4290 cundum
2155 4236 2210 4288 in
2249 4234 2360 4288 Deo
2391 4232 2903 4302 praesubsistentem
2926 4249 3148 4288 causam
3175 4248 3275 4303 per
3299 4248 3462 4303 quam

1880 4324 2011 4380 facti
2032 4339 2225 4379 sumus
2243 4324 2376 4378 moti
2396 4324 2620 4378 fuimus.
2647 4322 2965 4379 Secundum
2986 4325 3222 4379 alterum
3241 4338 3464 4394 quoque

192 4413 390 4470 τούτου
416 4414 574 4482 λόγον
598 4411 916 4477 διεξελθεῖν.
948 4413 1010 4466 El
1038 4414 1147 4483 γὰρ
1175 4413 1333 4465 οὐσία
1356 4413 1454 4481 τῆς
1481 4413 1539 4465 ὲν
1567 4412 1775 4481 ἑκάστῳ

1884 4416 2108 4472 modum
2142 4416 2300 4471 facile
2340 4425 2423 4470 est
2450 4416 2539 4484 pie
2578 4431 2761 4471 amare
2787 4430 2978 4470 eorum
3015 4431 3138 4486 quae
3176 4425 3306 4471 sunt
3330 4431 3464 4470 cau-

195 4507 402 4579 άρετῆς
435 4508 465 4559 ὁ
499 4498 580 4568 εἷς
624 4505 896 4573 ὑπάρχειν
925 4505 1097 4571 Λόγος
1131 4503 1226 4556 τοῦ
1263 4503 1399 4556 Θεοῦ
1430 4503 1505 4573 μὴ
1536 4503 1775 4573 ἀμφιϐέ-

1882 4523 2000 4563 sam
2029 4507 2252 4561 erudito
2285 4506 2353 4561 de
2382 4507 2487 4561 hoc
2523 4507 2793 4560 rationem
2821 4521 3170 4575 percurrere.
3207 4506 3267 4560 Si
3312 4506 3463 4559 enim

196 4596 658 4668 δληται--οὐσία
686 4596 796 4667 γὰρ
819 4595 1040 4649 πάντων
1065 4595 1173 4647 τῶν
1196 4595 1407 4666 ἀρετῶν
1435 4595 1598 4659 αὐτός
1627 4596 1775 4649 ἐστιν

1881 4599 2175 4654 essentiam
2212 4597 2515 4667 unicuique
2554 4597 2784 4651 virtutis
2813 4612 2985 4651 unum
3024 4596 3329 4651 subsistere
3366 4597 3462 4653 Dci

194 4693 227 4745 ό
275 4691 483 4760 Κύριος
523 4689 685 4760 ἡμῶν
725 4686 933 4758 Ἰησοῦς
984 4686 1221 4757 Χριστὸς
1246 4726 1261 4750 ,
1309 4684 1385 4749 ὡς
1426 4687 1769 4756 γέγραπται·

1881 4688 2122 4753 Verbum
2149 4703 2262 4741 non
2296 4687 2582 4741 dubitatur
2613 4686 2760 4759 (nam
2798 4688 3041 4743 essentia
3079 4688 3324 4741 omnium
3352 4689 3463 4741 vir-

200 4784 311 4847 ὀς
357 4780 613 4851 ἐγενήθη
655 4780 801 4849 ἡμῖν
827 4779 948 4834 ἀπὸ
992 4778 1142 4833 Θεοῦ
1179 4779 1388 4848 σοφία,
1413 4778 1770 4846 δικαιοσύνη

1885 4791 2064 4834 tutum
2092 4779 2210 4849 ipse
2244 4789 2328 4834 est
2354 4778 2622 4833 Dominus
2654 4788 2843 4834 noster
2871 4788 2928 4834 et
2948 4780 3094 4834 Deus
3118 4780 3278 4835 Jesus
3307 4780 3467 4834 Chri-

193 4886 264 4925 τε
298 4869 399 4923 καὶ
426 4869 720 4940 ἁγιασμὸς
741 4870 838 4924 καὶ
864 4870 1305 4937 ἀπολύτρωσις,
1332 4870 1616 4935 ἀπολύτως
1643 4873 1774 4925 ταῦ-

1882 4884 2022 4938 stus,
2065 4875 2207 4927 sicut
2234 4872 2501 4942 scriptum
2521 4882 2607 4927 est
2639 4890 2652 4924 :
2680 4871 2783 4937 Qui
2814 4873 2983 4942 factus
3019 4881 3093 4925 est
3117 4872 3263 4925 nobis
3293 4889 3325 4924 a
3356 4871 3464 4924 Deo

193 4978 269 5014 τα
308 4961 491 5032 (125
515 4963 571 5030 α)
603 4961 806 5033 δηλαδὴ
841 4962 929 5015 ἐπ’
963 4961 1128 5015 αὐτοῦ
1167 4961 1437 5033 λεγόμενα
1485 4966 1643 5033 ἔχων,
1695 4964 1772 5028 ὡς

1875 4966 2136 5037 sapientia
2186 4974 2233 5017 et
2264 4965 2482 5034 justitia
2526 4974 2575 5018 et
2618 4963 2969 5032 sanctiﬁcatio
3017 4972 3067 5015 et
3106 4964 3393 5026 redemptio
3410 4971 3460 5025 η,

192 5053 499 5123 αὐτοσοφία
547 5055 643 5107 καὶ
682 5053 1003 5123 δικαιοσύνη
1044 5055 1141 5107 καὶ
1172 5055 1398 5126 ἁγιότης
1436 5054 1533 5119 ὢν,
1560 5057 1651 5108 καὶ
1679 5056 1775 5127 οὐχ

1879 5057 2125 5127 profecto
2146 5055 2263 5110 haec
2288 5070 2411 5125 quae
2436 5055 2581 5110 dicta
2609 5062 2739 5109 sunt
2768 5054 3019 5109 absolute
3047 5054 3102 5107 in
3156 5056 3239 5109 sei
3250 5069 3347 5122 pso
3372 5053 3467 5106 ha-

194 5144 550 5213 ὼςὲφ’ήμῶν
573 5145 1115 5215 προσδιωρισμένως,
1143 5138 1254 5197 οἷον
1282 5145 1356 5207 ὡς
1387 5145 1547 5215 σοφὸς
1575 5145 1775 5217 ἄνθρω-

1877 5148 1970 5201 bet
1986 5148 2111 5218 jure
2148 5146 2352 5216 quiest
2375 5160 2472 5214 per
2506 5160 2566 5200 se
2593 5143 2865 5215 sapientia
2898 5153 2954 5199 et
2988 5144 3201 5215 justitia
3236 5150 3292 5197 et
3333 5158 3463 5196 san-

196 5250 325 5297 πος,
361 5233 625 5304 ἢδξκαιος
655 5235 961 5306 ἅνθρωπος,
984 5261 1052 5273 -ο
1075 5236 1183 5299 πᾶς
1220 5236 1463 5305 δηλονότι
1492 5235 1775 5304 ἅνθρωπος

1880 5240 2063 5303 ctitas,
2096 5248 2155 5295 et
2182 5254 2294 5293 non
2333 5239 2479 5292 sicut
2502 5237 2559 5293 in
2588 5236 2753 5292 nobis
2778 5251 2903 5291 cum
2933 5234 3277 5297 deﬁnitione,
3306 5233 3463 5288 verbi

197 5323 404 5394 ἀρετῆς
455 5325 578 5377 καθ’
625 5325 738 5391 ἕξιν
786 5326 994 5394 παγίαν
1050 5326 1297 5398 μετέχων
1348 5329 1775 5398 ἀναμφηρίστως

1880 5330 2082 5401 gratia,
2116 5329 2262 5385 sicut
2287 5328 2509 5398 sapiens
2539 5328 2705 5383 homo
2732 5337 2829 5383 aut
2861 5328 3042 5397 justus
3075 5323 3263 5395 homo)
3306 5342 3319 5377 :
3349 5341 3461 5379 om-

202 5414 341 5468 Θεοῦ
369 5417 587 5487 μετέχει
630 5418 731 5488 τῆς
772 5416 963 5480 οὐσίας
995 5419 1103 5471 τῶν
1133 5419 1365 5488 ἀρετῶν,
1394 5420 1470 5484 ὡς
1512 5421 1612 5489 τὴν
1638 5420 1775 5474 κατὰ

1882 5422 1970 5477 nis
2028 5420 2273 5492 profecto
2321 5420 2489 5475 homo
2540 5419 2805 5474 virtutem
2850 5418 3155 5474 secundum
3214 5417 3462 5472 habitum

824 5542 850 5569 ιι
888 5530 1059 5587 lCor.
1107 5549 1143 5597 ι,
1177 5533 1265 5588 50.

276 5540 314 5566 ιω
346 5528 489 5587 Psal.
529 5547 657 5597 xxx,
693 5530 748 5594 5,

1515 5606 1744 5661 νΑΙὶΙΑΕ
1775 5606 2176 5664 LECTIONES.

279 5692 324 5768 ξ’
359 5692 617 5763 ἐμμέτρῳ
681 5694 741 5747 τὸ
807 5694 1086 5768 ἂμμετρον
1122 5697 1210 5753 ed.
1245 5698 1361 5754 Gal.
1445 5699 1596 5753 ὀὔτ’
1652 5703 1914 5756 ἐννοεῖται
1981 5702 2068 5757 ed.
2103 5701 2221 5755 Gal.

202 5694 324 5816 car
359 5694 617 5763 ἐμμέτρῳ
681 5694 741 5747 τὸ
807 5694 1086 5768 ἅμμετρον
1122 5697 1210 5753 ed.
1245 5698 1361 5754 Gal.
1445 5699 1596 5753 ὀὔτ’
1652 5703 1914 5756 ἐννοεῖται
1981 5702 2068 5757 ed.
2103 5701 2221 5755 Gal.
2351 5702 2524 5755 ἄλλων
2581 5698 2669 5756 ed.
2735 5699 2853 5756 Gal.
2931 5698 2949 5728 ³
2996 5695 3335 5771 προειληφὼς
3367 5694 3458 5753 Cd-
