4200 6440
237 391 375 458 1035

1470 405 1986 467 AMBIGUORUM
2029 411 2274 471 LIBER.

3350 424 3484 492 1086

235 505 469 577 ἑκουσίῳ
511 508 649 576 ῥοπῇ
689 506 788 577 τὴν
817 508 1118 579 ἀποτυχίαν
1144 512 1338 565 ἑαυτοῦ
1385 516 1804 585 καταπραξάμε·

1916 518 2118 572 malum
2147 530 2232 575 est
2269 523 2579 579 voluntario
2619 539 2894 583 momento
2923 531 3298 600 cspulsionem
3328 550 3480 590 suam

231 612 343 658 νος.
392 597 508 665 Ἐφ’
534 593 597 651 οῦ
621 599 715 651 καὶ
743 600 803 654 τὸ
841 599 1031 668 ῥεῦσαι
1081 604 1289 673 κυρίως
1333 605 1549 676 λεχθείη
1580 605 1648 658 ἂν
1680 608 1759 659 ὅτι
1782 608 1803 637 ⁹

232 689 325 741 ἐπ’
361 691 512 762 αὑτῷ
543 695 808 764 κειμένης
834 696 932 764 τῆς
961 697 1095 766 πρὸς
1121 697 1254 752 Θεὸν
1280 698 1552 769 ἀδηρίτως
1577 701 1680 763 τὰς
1708 704 1807 770 τῆς

229 779 413 850 ψυχῆς
445 782 628 852 βάσεις
662 786 931 839 ποιεῖσθαι
959 787 1266 860 δυναμένης
1296 791 1562 856 ἐξουσίας,
1600 791 1665 845 τὺ
1694 795 1807 861 χεῖ-

234 885 332 936 ρον
359 873 452 925 καὶ
491 872 567 943 μὴ
599 873 661 927 ὂν
682 875 778 928 τοῦ
809 876 1117 946 κρείττονος
1153 881 1247 933 καὶ
1265 880 1416 945 ὄντος
1444 884 1581 938 ἑκὼν
1606 882 1807 954 ἀντηλ-

231 958 451 1025 λάξατο.

305 1054 628 1120 Τούτουςδι
658 1056 754 1120 οὓς
790 1057 927 1127 ἔφην
961 1060 1092 1123 τοὺς
1113 1059 1307 1129 λόγους
1334 1063 1363 1115 ὁ
1400 1060 1500 1132 μὶν
1540 1064 1807 1133 ’Δρεοπα-

231 1146 397 1216 γίτης
430 1146 586 1214 ἅγιος
626 1148 904 1212 Διονύσιος
948 1155 1323 1224 προορισμοὺς
1354 1155 1450 1207 καὶ
1493 1154 1612 1208 θεῖα
1643 1156 1802 1226 θελή-

234 1254 384 1304 ματα
412 1237 700 1292 καλεῖσθαι
744 1239 848 1292 ὑπὸ
880 1241 980 1312 τῆς
1016 1242 1249 1314 Γραφῆς
1290 1246 1440 1316 ἡμᾶς
1472 1246 1806 1302 ἐκδιδάσκει.

242 1328 479 1397 Ὁμοίως
514 1328 574 1383 δὲ
614 1331 709 1384 καὶ
753 1332 804 1383 οἱ
847 1333 977 1403 περὶ
1022 1335 1324 1390 Πάνταινον
1370 1340 1461 1390 τὸν
1513 1337 1807 1408 γενόμενον

228 1421 556 1492 καθηγητὴν
609 1422 703 1475 τοῦ
760 1424 1132 1495 Στρωματέως
1200 1428 1438 1498 μεγάλου
1484 1430 1805 1500 Κλήμεντος

229 1510 356 1564 θεῖα
404 1512 688 1583 θελήματα
740 1516 808 1584 τῇ
855 1515 1046 1586 Γραφῇ
1098 1517 1255 1586 φίλον
1306 1518 1592 1572 καλεῖσθαί
1650 1537 1805 1589 φασι.

229 1600 401 1655 ’Ὅθεν
453 1603 824 1672 ἐρωτηθέντες
862 1606 969 1659 ὑπό
1011 1624 1173 1661 τινων
1212 1608 1323 1662 τῶν
1371 1609 1479 1674 ἔξω
1523 1609 1807 1664 παίδευσιν

226 1692 477 1763 γαύρων,
508 1693 625 1757 πῶς
656 1695 951 1763 γινώσκειν
983 1696 1051 1751 τά
1081 1700 1212 1753 δντα
1260 1699 1352 1754 τὸν
1386 1700 1520 1754 Θεὸν
1556 1700 1808 1765 δοξάζου-

227 1801 322 1836 σιν
352 1785 402 1838 οί
436 1786 777 1857 Χριστιανοὶ,
813 1789 1190 1860 ὑπειληφότων
1223 1792 1472 1856 ἐκείνων,
1510 1794 1710 1865 νοερῶς
1738 1795 1805 1848 τὰ

224 1877 422 1945 νοητά,
471 1877 567 1930 καὶ
616 1878 954 1949 αἰσθητικῶς
991 1881 1061 1935 τὰ
1101 1882 1357 1954 αἰσθητὰ,
1386 1884 1677 1953 γινώσκειν
1714 1886 1808 1939 αὑ-

221 1969 323 2023 τὸν
367 1970 437 2023 τὰ
480 1968 610 2023 ὄντα
652 1970 1040 2041 ἀπεκρίναντο,
1078 1977 1217 2044 μήτε
1266 1976 1605 2046 αἰσθητικῶς
1628 1978 1696 2032 τὰ
1720 1982 1805 2033 αἰ-

224 2063 429 2134 σθητὰ,
462 2065 600 2135 μήτε
624 2065 827 2137 νοερῶς
861 2066 932 2119 τὰ
958 2068 1144 2137 νοητά.
1176 2070 1252 2123 Οὐ
1280 2071 1391 2140 γὰρ
1411 2066 1548 2127 εἶναι
1570 2072 1805 2128 δυνατὸν

220 2154 321 2206 τὸν
353 2153 495 2224 ὑπὲρ
524 2155 594 2210 τά
618 2156 749 2210 ὄντα
779 2154 924 2211 κατὰ
960 2156 1030 2212 τά
1061 2158 1191 2214 ὅντα
1217 2161 1326 2216 τῶν
1353 2164 1523 2217 ὅντων
1544 2165 1804 2234 ἀντιλαμ-

219 2246 487 2302 ϐάνεσθαι
508 2248 550 2279 ⁸⁸
568 2264 584 2279 ο
616 2248 735 2304 ἀλλ’
767 2250 844 2314 ὡς
874 2251 982 2305 ἴδια
1005 2253 1288 2324 θελήματα
1318 2255 1613 2323 γινώσκειν
1641 2255 1805 2309 αὑτὸν

218 2337 294 2389 τὰ
327 2337 457 2393 ὄντα
494 2341 695 2411 φαμὲν,
737 2342 1071 2413 προσθέντες
1101 2345 1199 2398 καὶ
1242 2345 1336 2399 τοῦ
1370 2346 1531 2415 λόγου
1564 2346 1625 2400 τὺ
1653 2346 1805 2400 εὔλο-

220 2447 343 2497 γον.
378 2431 442 2487 Εἰ
464 2432 574 2504 γὰρ
601 2432 867 2504 θελήματι
886 2435 957 2488 τά
984 2436 1166 2490 πάντα
1189 2438 1479 2508 πεποίηκε,
1508 2439 1603 2491 καὶ
1624 2438 1803 2502 οὐδεὶς

221 2527 450 2594 ἀντερεῖ
473 2524 649 2593 λόγος,
676 2527 967 2594 γινώσκειν
995 2527 1054 2581 δὲ
1076 2527 1138 2581 τὸ
1164 2528 1294 2581 ἴδιον
1325 2529 1538 2599 θέλημα
1557 2529 1650 2582 τδν
1670 2530 1802 2582 Θεὸν

220 2614 452 2680 εὐσεϐές
488 2633 549 2669 τε
583 2617 764 2685 λέγειν
806 2619 894 2671 ἀεὶ
921 2619 1017 2671 καὶ
1043 2617 1252 2672 δίκαιόν
1283 2622 1452 2687 ἐστιν,
1489 2620 1718 2673 ἕκαστον
1745 2620 1802 2673 δὲ

218 2708 335 2760 τῶν
364 2709 664 2777 γεγονότων
694 2710 864 2763 θέλων
896 2710 1221 2781 πεποίηκεν,
1254 2712 1362 2783 ἄρα
1381 2711 1456 2775 ὼς
1496 2712 1603 2765 ἴδια
1641 2710 1800 2781 θελή-

225 2817 373 2868 ματα
408 2799 438 2852 ὀ
467 2800 599 2864 Θεὸς
631 2800 700 2854 τά
730 2800 860 2855 ὄντα
896 2800 1179 2869 γινώσκει,
1200 2802 1386 2873 ἐπειδὴ
1417 2802 1511 2857 καὶ
1532 2802 1705 2856 θέλων
1732 2803 1800 2856 τά

216 2888 356 2943 ὄντα
402 2890 724 2959 πεποίηκεν.
778 2890 1060 2946 Ἐντεῦθεν
1124 2892 1183 2945 δὲ
1241 2893 1563 2963 ὁρμώμενος
1624 2892 1799 2961 ἔγωγε

214 2979 379 3053 οἶμαι
406 2982 547 3036 κατὰ
579 2982 800 3046 τούτους
830 2983 1079 3055 εἰρῆσθαι
1101 2985 1169 3055 τῇ
1192 2984 1385 3056 Γραφῇ
1418 2987 1555 3048 τοὺς
1581 2986 1797 3053 λόγους,

216 3074 304 3139 τὸ,
345 3075 578 3141 Ἕτνων
614 3090 688 3129 σε
731 3074 892 3142 παρὰ
934 3072 1185 3141 πάντας,
1225 3074 1364 3145 πρὸς
1404 3076 1669 3145 Μωῦσῆν,
1704 3075 1799 3129 καὶ

1910 620 2196 676 peragens.
2230 611 2308 664 Ex
2328 628 2438 679 quo
2465 622 2523 668 et
2555 614 2724 669 iluere
2745 619 2964 686 proprie
2987 620 3211 685 dicitur,
3243 636 3311 674 eo
3335 626 3480 692 quod

1909 695 1963 749 in
2005 702 2243 759 sejmotze
2272 701 2338 754 ad
2359 702 2621 775 Deum(d)
2640 707 3077 776 inseparabiliter
3108 711 3304 765 anima:
3329 729 3479 781 gres-

1908 803 2002 842 sus
2030 790 2282 845 faciendo
2306 794 2489 848 valido
2525 799 2803 865 potentiae,
2841 802 2986 868 quod
3031 802 3273 859 deterius
3313 814 3398 859 est
3424 816 3481 861 et

1909 879 2059 946 quod
2083 896 2193 935 non
2229 892 2315 937 est
2346 898 2447 952 pro
2482 887 2697 941 meliori
2731 890 2922 944 volens
2945 893 3198 947 mutavit.

1982 1054 2095 1109 Has
2144 1070 2325 1112 autem
2370 1075 2507 1129 quas
2535 1061 2781 1116 dixeram
2813 1066 3053 1123 rationes
3097 1068 3214 1138 ipse
3252 1070 3474 1138 quidem
3549 1096 3552 1099 λ

1907 1146 2237 1219 Aeropagita
2282 1161 2507 1208 sanctus
2536 1153 2829 1225 Dionysius
2862 1159 3374 1226 praedestinationes
3420 1174 3478 1218 et

1906 1237 2128 1293 divinas
2171 1242 2483 1299 voluntates
2515 1246 2699 1300 vocari
2748 1263 2778 1301 ιι
2820 1248 3006 1304 divina
3054 1251 3335 1322 Scriptura
3375 1270 3478 1310 nos

1905 1327 2124 1382 edocet.
2154 1328 2529 1401 Similiterque
2546 1343 2603 1388 et
2635 1335 2705 1407 (ε)
2732 1335 2828 1405 qui
2854 1337 2965 1390 sint
2993 1339 3139 1392 circa
3157 1340 3473 1395 Pantznnum

1906 1418 2090 1488 magni
2122 1419 2425 1476 Clementis
2467 1424 2727 1489 amicum,
2752 1428 2846 1495 qui
2898 1428 3076 1483 factus
3104 1438 3188 1485 est
3216 1431 3476 1501 magister

1907 1507 2224 1577 Stromatei,
2256 1511 2474 1567 divinas
2515 1514 2830 1572 voluntates
2871 1534 2901 1572 a
2948 1518 3231 1590 Scriptura
3288 1522 3474 1575 vocari

1905 1600 2120 1666 dicunt,
2150 1602 2277 1657 inde
2328 1604 2647 1676 interrogati
2685 1623 2716 1661 a
2743 1609 3071 1677 quibusdam
3115 1612 3371 1681 superbis
3418 1614 3473 1666 in

1854 1735 1863 1742 .
1905 1707 2098 1747 eorum
2128 1693 2442 1751 eruditione
2482 1712 2604 1766 quae
2631 1700 2976 1755 extrinsecus
3002 1714 3158 1767 sunt,
3195 1704 3474 1772 quomodo

1837 1852 1878 1907 Β

1907 1804 2240 1859 cognoscere
2260 1807 2324 1846 ea
2350 1808 2472 1861 qua:
2495 1802 2625 1848 sunt
2652 1795 2823 1849 Deum
2847 1796 3121 1851 aestimant
3148 1794 3472 1857 Christiani,

1910 1882 2343 1952 suscipientibus
2374 1882 2484 1938 illis
2535 1885 2983 1941 intellectualiter
3024 1888 3391 1959 intelligibilia
3418 1899 3476 1945 et

1906 1970 2235 2025 sensualiter
2263 1971 2547 2026 sensibilia
2574 1988 2700 2027 eum
2729 1989 3065 2045 cognoscere
3083 1991 3147 2031 ea
3173 1994 3295 2047 quae
3320 1989 3471 2033 sunt.

1906 2061 2326 2130 Respondemus
2349 2079 2530 2134 neque
2562 2067 2895 2120 sensualiter
2932 2068 3213 2123 sensibilia
3241 2109 3257 2133 ,
3290 2085 3472 2139 neque

1904 2152 2353 2209 intellectualiter
2381 2155 2793 2211 iutellectualia.
2824 2156 2944 2211 Non
2970 2158 3119 2212 enim
3151 2173 3274 2213 esse
3299 2161 3476 2230 possi-

1904 2244 2016 2299 bile
2040 2255 2144 2309 est,
2193 2256 2256 2301 ut
2285 2247 2532 2303 ostendit
2572 2249 2737 2314 ratio,
2785 2265 2914 2304 eum
2955 2250 3051 2319 qui
3103 2260 3189 2306 est
3217 2267 3383 2321 super
3406 2268 3474 2307 ea

1904 2351 2026 2405 quae
2047 2346 2195 2401 sunt,
2220 2354 2321 2408 per
2342 2355 2405 2393 ea
2435 2354 2557 2408 qua:
2594 2349 2742 2405 sunt,
2771 2356 2835 2395 ea
2861 2357 2983 2411 qua:
3018 2350 3151 2397 sunt
3179 2345 3429 2414 accipere
3453 2361 3470 2411 ;

1902 2426 2000 2481 sed
2029 2428 2174 2481 sicut
2208 2443 2335 2483 suas
2364 2429 2677 2485 voluntates
2705 2446 3034 2501 cognoscere
3070 2447 3197 2487 eum
3234 2432 3474 2489 dicimus

1902 2539 1966 2577 ca
1986 2540 2110 2593 qua:
2139 2532 2288 2590 sunt,
2316 2525 2583 2580 addentes
2611 2526 2778 2580 etiam
2802 2542 2867 2581 ex
2891 2542 3054 2582 causa
3091 2528 3471 2584 ratiocinatio-

1903 2629 2064 2679 nem;
2096 2614 2142 2669 si
2172 2614 2320 2669 enim
2345 2616 2626 2670 voluntate
2652 2617 2836 2671 omnia
2869 2617 3017 2682 fecit,
3055 2625 3113 2672 et
3149 2618 3299 2673 nulla
3333 2634 3469 2673 con-

1906 2704 2153 2769 tradicit,
2188 2707 2331 2761 ratio
2357 2722 2688 2777 cognoscere
2731 2718 2914 2762 autem
2945 2723 3099 2763 suam
3128 2710 3467 2765 voluntatem

1904 2795 2098 2861 Deum,
2130 2811 2346 2866 semper
2373 2796 2524 2866 pium
2575 2796 2762 2852 dicere
2795 2805 2852 2853 et
2888 2799 3097 2869 justum
3129 2807 3232 2864 est,
3266 2814 3470 2853 unum—

1900 2886 2157 2956 quodque
2188 2902 2319 2942 vero
2351 2903 2545 2943 eorum
2571 2904 2694 2958 qua:
2724 2889 2868 2944 facta
2898 2898 3028 2944 sunt
3062 2891 3255 2946 volens
3296 2889 3468 2955 fecit;

1902 2978 2072 3049 igitur
2112 2986 2175 3033 ut
2206 2994 2334 3035 suas
2381 2980 2695 3036 voluntates
2720 2982 2867 3036 Deus
2913 2982 3196 3051 cognoscit
3245 2999 3310 3035 ea
3347 2996 3470 3049 qua:

1901 3077 2054 3134 sunt,
2082 3070 2342 3139 quoniam
2385 3079 2442 3126 et
2471 3071 2662 3126 volens
2700 3087 2765 3127 ea
2797 3086 2920 3141 quae
2951 3080 3083 3126 sunt
3135 3072 3287 3126 fecit.
3329 3071 3467 3125 Hinc

219 3166 354 3237 περί
379 3183 540 3219 τινων
579 3166 661 3232 τδ,
702 3168 893 3235 Ἔγνω
921 3167 1135 3234 Κύριος
1164 3167 1348 3238 (126
1369 3166 1429 3232 ὁ)
1454 3166 1594 3231 τοὺς
1617 3165 1795 3232 ὄντας

1904 3168 1954 3215 et
1988 3174 2090 3229 ego
2113 3159 2386 3229 aspiciens
2410 3174 2610 3214 censeo
2639 3160 2944 3216 secundum
2972 3161 3074 3215 has
3102 3160 3305 3216 dixisse
3319 3160 3470 3215 Scri-

216 3259 433 3320 αὑτοῦ,
473 3278 491 3309 ι
511 3258 606 3312 καὶ
637 3257 799 3311 πάλιν
826 3258 965 3327 πρός
992 3274 1146 3321 τινας
1173 3258 1254 3322 τὸ,
1294 3260 1415 3312 Οὐκ
1443 3253 1579 3311 οἶδα
1604 3256 1761 3326 ὑμᾶς
1778 3273 1791 3288 ’

216 3348 296 3410 ὡς
328 3348 561 3400 ἕκαστον
593 3345 839 3417 δηλονότι
869 3347 903 3416 ἢ
935 3346 1077 3400 κατὰ
1111 3346 1173 3399 τὸ
1211 3346 1423 3409 θέλημα
1452 3348 1548 3401 καὶ
1585 3346 1678 3399 τὸν
1704 3346 1795 3399 λό-

215 3452 339 3492 γον.
372 3436 404 3485 ἢ
445 3454 519 3489 πα
529 3436 598 3490 οὲ
622 3436 683 3488 τὸ
705 3435 917 3507 θέλημα
942 3438 1039 3489 καὶ¹
1063 3436 1156 3489 τὸν
1179 3436 1339 3499 λόγον
1363 3434 1458 3489 τοῦ
1486 3435 1623 3489 Θεοῦ
1658 3453 1789 3507 προ·

216 3528 536 3597 αιρετικη¹¹
561 3526 775 3599 κίνησις
806 3528 904 3597 τῆς
950 3525 1101 3591 θείας
1144 3525 1376 3580 ἀκοῦσαι
1422 3526 1606 3597 φωνῆς
1651 3542 1795 3594 παρ·

217 3634 508 3675 εσκευασε.

287 3883 477 3938 Ταῦτα
507 3885 603 3939 καὶ
633 3882 950 3938 τὰτοιαῦτα
988 3884 1083 3939 τὸν
1105 3883 1366 3955 θεοφόρον
1405 3884 1595 3938 τοῦτον
1623 3884 1793 3955 ἄνδρα

210 3973 370 4047 οἶμαι
416 3978 689 4047 νοήσαντα
743 3978 938 4043 εἰπεῖν,
974 3995 994 4029 ι
1016 3977 1240 4031 ἐπειδὰν
1270 3977 1331 4029 τὸ
1362 3976 1594 4040 θεοειδὲς
1632 3976 1793 4030 τοῦτο

209 4068 309 4123 καὶ
345 4067 507 4133 θεῖον,
540 4068 633 4123 τὸν
652 4068 924 4139 ἡμέτερον
942 4066 1077 4122 νοῦν
1105 4085 1166 4122 τε
1198 4069 1293 4121 καὶ
1307 4068 1485 4136 λόγον,
1508 4068 1584 4139 τῷ
1604 4068 1805 4137 οἰκείῳ

210 4158 631 4230 προσμίξωμεν,
666 4162 761 4213 καὶ
783 4162 818 4230 ἡ
855 4159 1023 4213 είκὼν
1057 4160 1257 4231 ἀνέλθῃ
1291 4159 1428 4229 πρὸς
1461 4160 1524 4212 τὸ
1563 4160 1782 4231 ἀρχέτυ-

206 4263 342 4309 πον,
362 4240 423 4300 οῦ
442 4246 538 4300 νῦν
562 4247 675 4318 ἔχει
700 4248 800 4320 τὴν
823 4247 1012 4318 ἔφεσιν
1036 4264 1052 4279 ο
1086 4267 1105 4301 ι
1131 4247 1267 4318 ὁμοῦ
1288 4264 1350 4302 τε
1376 4250 1473 4301 καὶ
1496 4249 1636 4302 κατὰ
1657 4265 1794 4302 ταυ-

204 4338 414 4391 τὸνδιὰ
436 4339 544 4392 τῶν
574 4338 1025 4410 μικρῶνττούτων
1060 4339 1323 4410 ῥημάτων
1354 4339 1448 4393 τοῦ
1481 4356 1611 4393 ποτε
1632 4340 1791 4394 τοῦτό

204 4446 269 4482 τι
301 4429 410 4483 τῶν
443 4430 611 4483 ὄντων
643 4430 941 4499 ἐφθακέναι
969 4430 1030 4484 τὸ
1062 4431 1258 4501 μέτρον
1296 4430 1503 4484 οἴεσθαι
1532 4431 1789 4485 διδασκα-

1897 3257 2113 3315 pturam
2152 3249 2395 3304 rationes
2436 3249 2582 3304 hoc:
2616 3248 3000 3321 Cognoscebam
3036 3260 3087 3304 te
3141 3267 3299 3319 super
3350 3268 3466 3305 om-

1898 3358 1988 3395 nes
2009 3351 2057 3404 ρ,
2084 3345 2150 3395 ad
2179 3341 2451 3411 Moysem;
2483 3349 2541 3397 et
2566 3341 2634 3397 de
2663 3343 2994 3411 quihusdam
3035 3343 3140 3397 hoc
3164 3360 3179 3395 :
3215 3342 3467 3408 Cognovit

1897 3434 2151 3487 Dominus
2170 3439 2259 3503 qui
2283 3441 2406 3487 sunt
2436 3434 2520 3487 sui
2540 3443 2602 3495 tt;
2632 3442 2689 3488 et
2713 3442 2915 3488 iterum
2946 3435 3052 3488 hoc
3067 3434 3133 3487 ad
3162 3434 3463 3500 quosdam:

1896 3522 2014 3579 Non
2036 3527 2156 3578 novi
2188 3541 2275 3578 vos
2302 3534 2345 3578 τ.
2378 3525 2469 3579 Sic
2494 3527 2742 3595 profecto
2772 3539 3217 3595 unumquemque
3255 3538 3351 3579 aut
3382 3538 3491 3579 se-'

1895 3614 2137 3669 cundum
2173 3616 2514 3670 voluntatem
2539 3624 2597 3670 et
2622 3616 2912 3679 rationem,
2936 3622 3032 3668 aut
3052 3622 3242 3669 contra
3270 3614 3465 3667 volun-

1898 3714 2064 3760 tatem
2096 3714 2153 3760 et
2179 3706 2450 3760 rationem
2497 3706 2595 3760 Dei
2616 3705 2963 3761 voluntarius
2999 3713 3183 3759 motus
3222 3704 3465 3759 divinam

1894 3795 2089 3851 audire
2117 3810 2309 3851 vocem
2332 3797 2682 3866 praeparavit.

1964 3886 2089 3943 llaec
2110 3896 2166 3943 et
2188 3887 2507 3958 huiusmodi
2541 3888 2813 3943 deiferum
2834 3903 2985 3943 nunc
3014 3887 3196 3941 virum
3221 3885 3467 3940 arbitror
3570 3940 3575 3947 ,

1895 3979 2293 4047 intelligentem
2312 3978 2521 4044 dicere,
2547 3998 2564 4030 ι
2586 3994 2710 4033 cum
2728 3978 2997 4033 deiforme
3014 3978 3122 4032 hoc
3145 3985 3201 4031 et
3216 3976 3463 4030 divinum

1893 4079 2145 4124 nostrum
2177 4068 2422 4122 animum
2452 4076 2509 4121 ct
2564 4067 2839 4122 rationem
2870 4068 3097 4137 proprio
3139 4066 3467 4121 admiscebi-

1893 4177 2036 4225 mus,
2070 4169 2127 4216 et
2158 4161 2339 4229 imago
2370 4168 2685 4216 revertetur
2725 4160 2793 4214 ad
2831 4160 3133 4229 principale
3159 4158 3461 4227 exemplar,

1891 4254 2051 4324 cujus
2079 4269 2191 4307 non
2222 4252 2388 4307 habet
2414 4252 2743 4322 appetitum.
2769 4270 2787 4302 ι
2818 4251 2897 4305 Ac
2927 4267 3026 4319 per
3054 4250 3157 4303 hoc
3186 4249 3462 4315 similiter,

1892 4359 1993 4413 per
2018 4359 2192 4414 pauca
2221 4344 2339 4398 haec
2367 4345 2557 4409 verba,
2607 4342 2980 4412 quodcunque
3013 4340 3331 4407 aliquando,
3366 4356 3463 4395 eo-

1893 4451 2019 4490 rum
2045 4452 2169 4505 qua:
2200 4445 2329 4491 sunt
2356 4436 2597 4506 tetigisse
2626 4450 2935 4490 mensuram
2961 4433 3298 4489 arbitrantes
3316 4434 3461 4489 aesti-

205 4520 384 4585 λικῶς
417 4521 704 4590 ἀπάγοντα
733 4521 861 4584 τοὺς
904 4500 1249 4591 νομίζοντας,
1281 4523 1376 4575 καὶ
1415 4521 1507 4576 τὸν
1545 4522 1641 4575 τοῦ
1674 4522 1791 4586 πῶς

1904 4526 2157 4580 mandum
2185 4526 2570 4581 doctrinaliter
2598 4526 2900 4588 retrahere,
2921 4534 2978 4579 et
2999 4526 3288 4589 rationem,
3319 4542 3460 4595 quo-

208 4611 383 4682 μοῖρά
428 4612 598 4681 ἐσμεν
645 4610 784 4664 Θεοῦ
848 4609 1009 4679 λόγον
1066 4610 1510 4680 παραδηλοῦντα,
1560 4614 1657 4666 καὶ
1699 4612 1797 4683 τὴν

208 4698 524 4770 μέλλουσαν
570 4698 675 4769 τῆς
723 4701 1002 4770 μακαρίας
1030 4699 1239 4770 λήξεως
1284 4701 1525 4771 ἰδιότητα
1561 4703 1797 4756 αίνιττό⁴

207 4806 396 4861 μενον,
425 4791 685 4861 καὶπρὸς
723 4790 823 4862 τὴν
868 4790 1117 4846 ἄσειστον
1157 4792 1329 4863 αὐτῆς
1366 4794 1464 4845 καὶ
1493 4793 1793 4865 ἀκλόνητον

204 4882 310 4935 καὶ
332 4882 570 4953 οὐδαμοῦ
604 4883 1052 4954 μεταπίπτουσαν
1076 4883 1378 4938 ἀπόλαυσιν
1404 4902 1551 4957 παρο
1569 4886 1796 4957 ρμῶντα

202 4976 339 5036 τοὺς
369 4976 464 5027 ἐπὶ
489 4974 664 5046 τούτῳ
688 4976 757 5029 δι’
780 4976 991 5040 ἐλπίδος
1022 4976 1455 5047 καθαιρομένους
1491 4980 1585 5032 καὶ
1625 4979 1786 5033 σπεύ-

203 5063 422 5127 δοντας.
456 5066 609 5136 ’ᾙδει
658 5066 791 5138 γὰρ,
820 5066 954 5119 ὡσεὶ
984 5067 1120 5135 πρὸς
1150 5068 1178 5119 ὃ
1205 5067 1403 5138 ἔχομεν
1431 5069 1589 5139 οὐσίᾳ
1612 5087 1669 5123 τε
1698 5072 1792 5124 καὶ

204 5152 356 5224 λόγῳ
385 5156 478 5218 τὰς
506 5157 775 5227 ἐμφάσεις
809 5157 952 5212 κατὰ
983 5157 1141 5228 λόγον
1175 5160 1269 5215 καὶ
1298 5159 1461 5229 φύσιν
1487 5161 1788 5234 εὐθυπορήο

1894 4616 2058 4671 modo
2086 4632 2215 4686 pars
2244 4616 2342 4671 Dei
2369 4633 2579 4680 sumus,
2608 4616 2909 4679 declarare,
2938 4625 2995 4670 et
3022 4616 3259 4671 futuram
3290 4618 3462 4674 beata:

1893 4708 2100 4780 quietis
2130 4709 2525 4779 proprietatem
2549 4708 2879 4771 insinuasse,
2922 4716 2978 4762 et
3020 4708 3088 4762 ad
3121 4709 3461 4764 immobilem

1893 4803 2092 4872 ipsius,
2122 4810 2180 4857 et
2205 4800 2471 4871 quietem,
2520 4809 2577 4853 et
2617 4800 2769 4854 nullo
2823 4799 2987 4854 modo
3021 4800 3309 4855 cadentem
3341 4801 3459 4854 fru-

1892 4900 2041 4946 ctum
2076 4891 2333 4946 incitasse
2360 4891 2415 4944 in
2448 4905 2513 4945 ea
2550 4904 2671 4959 quae
2725 4890 2781 4943 in
2830 4889 2935 4944 hoc
2960 4899 3043 4944 est
3074 4904 3170 4959 Spe
3200 4898 3461 4959 purgatos

1895 4992 1951 5039 et
1981 4983 2323 5037 festinantes.
2356 4980 2655 5051 Oportebat
2695 4981 2868 5044 enim,
2895 4979 3356 5049 quemadmodum
3391 4979 3459 5033 ad

1894 5075 1998 5128 hoc
2019 5073 2285 5126 habemus
2306 5078 2362 5124 et
2393 5070 2448 5123 in
2469 5070 2711 5124 essentia
2733 5076 2789 5124 et
2818 5070 3030 5123 ratione
3054 5069 3328 5133 notiones,
3359 5084 3459 5139 per

1901 5162 2171 5218 rationem
2195 5169 2253 5216 et
2296 5168 2546 5214 naturam
2577 5168 2723 5216 recte
2757 5160 2982 5229 quidem
3021 5158 3233 5232 ingredi
3260 5158 3456 5228 simplo

283 5302 312 5341 r
342 5292 516 5347 Exod.
552 5309 708 5359 χχιιι,
742 5295 828 5350 17.
901 5304 929 5345 ει
953 5294 999 5350 ll
1030 5295 1171 5353 Tim.
1197 5312 1258 5362 ιι,
1300 5298 1387 5355 l9.
1468 5309 1489 5338 τ
1518 5301 1713 5357 Matth.
1760 5321 1855 5370 vn,
1890 5305 1978 5358 23.

1480 5428 1714 5485 VAlilz’E
1753 5429 2153 5487 LECTIONES.

288 5516 311 5549 ⁸
344 5514 477 5569 διότι
508 5516 723 5571 ed.Gal.
805 5519 849 5550 ¹⁶
871 5517 1242 5586 λαμϐάνεσθαι
1264 5521 1361 5575 ed:
1383 5522 1501 5578 Gal.

1598 5526 1637 5556 ”
1673 5524 2070 5596 προαιρετεκῶς
2099 5521 2187 5577 ed.
2214 5522 2337 5578 Gal.

1719 5639 1947 5697 ΝΟΤᾹΞ.

276 5724 359 5859 ἑά)
388 5726 549 5780 Verte
577 5729 692 5781 sine
714 5730 1011 5798 oﬂ'ensionc.
1058 5731 1255 5795 male.)

304 5798 351 5859 ε)
387 5797 545 5852 ‘i'crlc
571 5809 617 5851 ct
646 5798 953 5859 Panlrcnus.
987 5804 1071 5859 qui
1100 5806 1255 5859 mum

304 5798 351 5861 ε)
387 5797 545 5852 ‘i'crlc
571 5809 617 5851 ct
646 5797 953 5865 Panaetius,
987 5804 1071 5870 qui
1100 5806 1342 5873 magister
1370 5807 1465 5873 μαι
1495 5807 1773 5861 Urmmtis
1817 5806 1991 5876 magni
2034 5807 2334 5860 btwmatci.
2368 5805 2564 5876 (Cale)
