4200 6440
895 392 1025 454 1087

2025 396 2082 452 s.
2124 378 2395 451 ngxmt
2433 389 2921 448 coxmssoms

3912 385 4058 451 1088

890 499 1101 551 ordine.
1137 509 1192 550 et
1221 515 1318 551 nos
1368 501 1482 553 sine
1508 503 1652 554 omni
1713 503 2070 570 qualicunque
2097 501 2409 568 qum-tione,
2445 504 2483 556 Α
2517 515 2545 548 σ

2399 504 2483 559 ,Α
2517 499 2766 564 σαιμεν¹³
2818 497 2962 565 ἁπλῇ
3018 495 3306 565 προσϐολῇ,
3347 499 3437 549 καὶ
3489 498 3664 564 ἡμεῖς,
3713 496 3899 564 πάσης
3956 497 4058 564 τῆς

893 601 1033 637 circa
1073 601 1230 650 quam
1257 589 1420 638 solam
1447 598 1500 640 et
1525 605 1748 656 peccare
1776 603 1856 641 est
1883 599 1936 640 et
1963 591 2092 649 l'alii,
2130 588 2407 640 deil'ormi-

893 685 995 733 ter,
1034 681 1292 740 quantum
1342 676 1590 741 possibile
1642 686 1742 738 est,
1776 678 1952 728 omnia
2007 689 2405 742 cognoscemus.

892 759 1133 826 Nonjam
1163 776 1256 826 per
1290 762 1639 828 ignorantiam
1671 764 1737 814 ab
1775 778 1861 824 eo,
1908 763 1998 829 qui
2031 763 2172 814 circa
2218 776 2278 812 ea
2307 768 2407 820 est,

895 858 1043 898 motu
1073 847 1296 910 detenti,
1352 852 1544 903 merito
1587 865 1778 918 magno
1819 851 1996 903 animo
2029 859 2082 902 et
2113 849 2326 910 rationi,
2358 856 2412 898 et

896 935 1108 1001 spiritui
1140 945 1383 988 nostrum
1419 939 1654 990 animum
1680 947 1734 990 et
1769 939 2026 990 rationem
2059 946 2112 988 et
2140 936 2408 1021 spiri‘tum,

897 1025 1063 1090 magis
1118 1035 1295 1077 autem
1354 1028 1449 1078 toti
1485 1028 1595 1098 Deo
1629 1035 1767 1080 totos
1801 1043 1898 1079 nos
1944 1027 2105 1093 ipsos,
2155 1025 2317 1077 veluti
2348 1025 2408 1091 (1)

896 1114 1174 1180 principali
1205 1117 1448 1182 exemplo
1475 1116 1669 1184 imago.
1715 1116 2048 1177 accedentes,
2089 1117 2225 1167 sicut
2247 1117 2408 1168 etiam

898 1199 952 1250 in
979 1215 1226 1252 sermone
1259 1203 1347 1268 qui
1380 1213 1461 1254 est
1489 1202 1556 1254 de
1580 1202 1836 1269 grandine
1858 1202 2066 1263 edocet,
2089 1202 2164 1254 sic
2184 1202 2368 1253 dicens
2395 1219 2407 1252 :

905 1306 922 1335 ι
949 1287 1010 1338 Et
1033 1302 1130 1339 nos
1146 1290 1360 1354 quidem
1382 1290 1662 1342 inell‘abilis
1687 1291 1777 1342 lux
1796 1291 2041 1357 accipiet,
2063 1299 2118 1351 et
2138 1301 2335 1344 saneta:
2351 1306 2412 1343 ac

898 1376 1090 1441 regalis
1121 1377 1499 1442 contemplatio
1542 1378 1815 1430 Trinitatis
1835 1379 2184 1430 illuminantis
2205 1379 2414 1445 planius

895 1473 950 1514 et
983 1451 1172 1528 purius
1197 1473 1251 1514 et
1292 1465 1455 1515 totius
1483 1452 1596 1515 toti
1634 1467 1810 1516 animo
1839 1467 2025 1528 mistae,
2063 1483 2221 1533 quam
2250 1468 2412 1519 etiam

895 1552 1058 1601 Solam
1078 1567 1296 1617 regnum
1314 1553 1570 1603 ccelorum
1594 1538 1691 1618 ego
1705 1567 1863 1618 pono,
1884 1572 1899 1601 ι
1929 1569 2048 1604 cum
2061 1554 2414 1607 delectatione

893 1639 1191 1690 delectatur
1221 1648 1274 1691 et
1307 1640 1536 1703 lzetatnr,
1570 1651 1628 1693 ut
1658 1642 1743 1694 bis
1765 1658 1882 1708 qua:
1914 1649 2038 1694 sunt
2062 1644 2416 1709 ipsiusandax

895 1728 1213 1794 a-nnjnngam
1243 1745 1361 1794 quae
1391 1744 1506 1782 mea
1531 1741 1675 1791 sunt,
1698 1733 1872 1798 omnis
1900 1741 2143 1784 creatura
2187 1734 2410 1784 rationa-

895 1811 961 1862 lis
979 1813 1288 1879 angelorum
1318 1826 1371 1866 et
1398 1815 1695 1878 hominum,
1750 1819 2057 1884 quicunque
2103 1819 2300 1870 nullam
2335 1833 2416 1872 se-

895 1899 1127 1951 cundum
1156 1912 1353 1953 motum
1390 1905 1480 1970 qui
1525 1905 1590 1956 ad
1623 1905 1780 1956 linem
1811 1916 1892 1959 est
1924 1908 2237 1960 naturalilcr
2269 1923 2416 1961 com-

895 1995 1169 2052 pactarum
1204 1990 1282 2041 eis
1311 1991 1610 2045 divinarum
1642 1994 1905 2045 rationum
1932 1995 2000 2046 ab
2033 1996 2146 2061 ipso
2165 1997 2416 2049 Creatore

895 2091 992 2142 per
1046 2077 1419 2144 negligentiam
1464 2092 1852 2147 corruperunt,
1903 2083 2069 2149 magis
2128 2092 2304 2135 autem
2337 2101 2418 2136 sc-

896 2164 1040 2224 ipsos
1068 2169 1810 2232 temperanter.salvavcrunt,
1857 2179 1995 2222 totos
2029 2166 2416 2223 inconversibi-

892 2254 1034 2310 liter.
1072 2263 1255 2321 utpote
1285 2255 1477 2309 divinae
1518 2273 1714 2326 organa
1747 2267 1971 2321 naturae,
2009 2268 2062 2311 et
2111 2274 2227 2311 esse
2257 2268 2310 2312 et
2337 2258 2418 2310 fu-

896 2350 1044 2392 turos
1067 2357 1184 2394 esse
1213 2341 1486 2404 scientes,
1533 2361 1667 2412 quos
1716 2362 1812 2412 per
1845 2355 2011 2399 totum
2043 2357 2187 2400 totus
2214 2347 2284 2415 (g)
2310 2349 2416 2399 cir-

895 2429 1230 2494 cnmspirans
1255 2431 1392 2482 Deus
1417 2431 1470 2483 in
1498 2431 1712 2484 modum
1742 2434 1950 2495 animm,
1982 2434 2144 2486 veluti
2181 2436 2418 2488 membra

894 2515 1135 2580 corporis
1194 2527 1469 2583 compacta
1526 2511 1582 2570 et
1631 2521 1828 2586 Optima
1884 2522 2107 2574 Domino
2140 2523 2307 2576 factos
2349 2525 2416 2576 ad

896 2606 1224 2656 voluntatem
1253 2615 1460 2666 tractat.
1484 2617 1536 2661 et
1557 2610 1771 2676 propria
1803 2612 1988 2677 implet
2021 2612 2188 2679 gloria
2217 2622 2270 2665 ct
2289 2614 2416 2666 bea-

898 2694 1142 2756 titudine,
1203 2695 1361 2747 vitam
1419 2697 1551 2751 dans
1597 2706 1662 2750 er
1693 2700 1899 2752 donans
1943 2709 2195 2753 aeternam
2259 2711 2418 2768 atque

897 2782 1241 2842 ineffabilem,
1275 2791 1330 2837 et
1362 2787 1612 2841 omnibus
1663 2788 1836 2841 modis
1886 2791 2134 2843 universo
2191 2791 2413 2844 liberam

895 2868 1194 2935 cognitione
1223 2874 1526 2925 constituta:
1562 2877 1910 2942 proprietatis
1930 2881 2228 2944 praesentis,
2249 2888 2303 2932 et
2322 2897 2416 2947 per

895 2957 1291 3023 corruptionem
1315 2961 1617 3014 constituta:
1639 2965 1779 3015 vitae.
1802 2963 1968 3026 Quam
1990 2966 2239 3038 videlicet
2255 2969 2414 3018 vitam

2506 588 2718 638 οίασοῦν
2782 589 3054 656 ζητήσεως
3092 587 3293 655 χωρὶς,
3325 587 3446 651 περὶ
3489 589 3553 654 ην
3597 591 3765 654 μόνην
3831 587 3956 637 In!
3997 591 4059 638 τθ

2509 680 2719 730 πταίειν
2763 679 2854 729 καὶ
2894 677 3240 744 σφάλλεσθαι,
3288 676 3533 738 θεοειδῶς
3565 680 3701 730 κατᾶ
3733 680 3790 729 ab
3823 677 4057 743 ιςικτδν

2508 767 2575 817 τὰ
2600 766 2768 817 πάντα
2793 765 3063 835 εἰσόμεθα,
3091 766 3282 833 μηκέτι
3311 765 3379 816 δι’
3402 766 3614 832 ἄγνοιαν
3635 769 3731 835 τῆς
3756 769 3892 834 περὶ
3915 749 4060 817 αὐτὰ

2510 853 2770 918 κινήσεως
2801 853 3164 920 ἀντεχόμενοι,
3190 852 3263 914 ὡς
3290 853 3370 905 νοῒ
3394 853 3471 921 τῷ
3493 854 3725 921 ,μεγάλῳ
3761 856 3861 904 καὶ
3908 855 4057 920 λόγῳ

2509 940 2600 990 καὶ
2640 937 2904 1006 πνεύματι
2947 939 3037 990 τὸν
3086 940 3348 1008 ἡμέτερον
3387 940 3506 990 νοῦν
3548 957 3607 990 τε
3640 942 3732 991 καὶ
3767 941 3932 1004 λόγον
3965 942 4056 989 καὶ

2511 1027 2742 1096 πνεῦμα,
2773 1025 2967 1094 μᾶλλον
2996 1026 3053 1078 δὲ
3082 1026 3187 1094 ὅλῳ
3210 1024 3327 1093 Θεῷ
3357 1026 3506 1085 ὅλους
3531 1027 3754 1084 ἑαυτοὺς
3781 1025 3865 1084 ὡς
3890 1027 4055 1093 ἀρχε-

2509 1116 2660 1181 τύπῳ
2704 1115 2869 1165 εἰκόνι
2915 1113 3416 1180 προσχωρήσαντες.
3475 1111 3666 1172 Καθὼς
3710 1113 3803 1161 καὶ
3861 1113 3922 1160 ὲν
3982 1109 4055 1173 τῷ

2511 1203 2636 1270 περὶ
2659 1201 2896 1269 χαλάζης
2921 1202 3064 1268 λόγῳ
3097 1200 3362 1264 διέξεισιν,
3384 1200 3577 1250 οὑτωσὶ
3606 1200 3830 1262 φάσκων
3856 1215 3868 1226 ·
3903 1219 3918 1246 ι
3945 1199 4053 1248 Καὶ

2509 1292 2634 1350 τοὺς
2652 1290 2747 1356 μὲν
2779 1289 3035 1356 _a)
3073 1287 3133 1339 τὸ
3158 1287 3429 1354 ἄφραστον
3448 1287 3561 1352 φῶς
3590 1287 3919 1348 διαδέξεται,
3959 1288 4053 1335 καὶ

2510 1381 2542 1445 ἡ
2569 1378 2664 1445 τῆς
2694 1371 2857 1443 ἁγίας
2888 1376 2980 1427 καὶ
3018 1369 3298 1442 βασιλικῆς
3326 1372 3552 1440 Θεωρίας
3582 1374 3812 1439 Τριάδος
3851 1372 4052 1437 ἐλλαμ-

2511 1465 2714 1530 πούσης
2747 1462 3066 1533 τρανότερόν
3101 1478 3159 1513 τε
3200 1460 3292 1512 καὶ
3345 1458 3746 1528 καθαρώτερον,
3783 1460 3879 1510 καὶ
3929 1460 4053 1522 ὅλης

2511 1554 2615 1620 ὅλῳ
2666 1554 2745 1605 νοῒ
2806 1552 3158 1620 μιγνυμένης,
3193 1552 3257 1618 ἢν
3303 1548 3364 1616 δὴ
3409 1550 3499 1599 καὶ
3552 1549 3715 1616 μόνην
3773 1548 4054 1615 βασιλείαν

2512 1642 2750 1710 οὐρανῶν
2775 1640 2882 1706 ἐγὼ
2910 1641 3116 1706 τίθημι,
3142 1658 3160 1688 ι
3187 1639 3344 1706 ἡνίκα
3369 1640 3528 1706 ἡδονῇ
3552 1638 3734 1705 ἥδεται
3757 1637 3856 1688 καὶ
3890 1637 4052 1701 436.1-

2513 1731 2692 1792 λετιιι,¹
2714 1729 2797 1779 ἵνα
2831 1729 2940 1789 τοῖς
2966 1726 3125 1777 αὑτοῦ
3150 1726 3418 1794 τολμήσας
3450 1726 3662 1792 συνάψω
3687 1727 3756 1776 τά
3787 1725 4050 1792 ἐμαυτοῦ,

2517 1819 2662 1869 πᾶσα
2715 1815 2889 1876 κτίσις
2939 1813 3126 1881 λογικὴ
3178 1812 3422 1878 ἀγγέλων
3472 1829 3529 1863 τε
3583 1814 3672 1863 καὶ
3723 1811 4052 1879 ἀνθρώπων,

2515 1905 2624 1956 ὅσοι
2672 1903 2867 1972 μηδένα
2909 1902 3014 1954 τῶν
3051 1901 3183 1970 πρὸς
3215 1900 3273 1951 τὸ
3309 1900 3460 1962 τέλος
3511 1902 3647 1975 κατά
3685 1900 3784 1967 τὴν
3842 1900 4054 1963 κίνησιν

2516 1994 2752 2058 φυσικῶς
2800 1991 3251 2060 συνηρμοσμένων
3304 1991 3484 2051 αὐτοῖς
3515 1989 3669 2041 θείων
3700 1989 3880 2052 λόγων
3913 1988 4052 2054 παρὰ

2515 2080 2607 2131 τοῦ
2642 2080 2982 2148 Δημιουργοῦ
3013 2079 3408 2148 ὲξὰπροσεξίας
3440 2077 3829 2145 παρέφθειραν,
3866 2074 4051 2126 διεσώ-

2519 2184 2675 2217 σαντο
2707 2167 2762 2218 δὲ
2795 2167 2992 2234 μᾶλλον
3028 2167 3315 2234 σωφρόνως
3347 2168 3568 2226 ἑαυτοὺς
3606 2164 3760 2223 ὅλους
3792 2165 3894 2214 καὶ
3919 2164 4051 2214 άταο

2518 2255 2868 2322 ρατρέπτους,
2891 2254 2964 2313 ὡς
2987 2253 3133 2314 θείας
3166 2254 3368 2320 δργανα
3398 2253 3628 2318 φύσεως,
3655 2252 3746 2301 καὶ
3768 2250 3936 2311 ὄντας
3967 2254 4052 2302 καὶ

2514 2343 2906 2409 γενησομένου-ς
2952 2342 3168 2404 ειδότες,
3206 2340 3299 2402 οὒς
3340 2341 3406 2391 δι’
3446 2341 3566 2391 ὅλου
3611 2341 3726 2400 ὅλος
3761 2341 4002 2406 περιφὺς
4027 2342 4052 2389 ό

2515 2430 2645 2490 Θεὸς
2673 2429 2868 2499 τρόπον
2890 2428 3082 2496 ψυχῆς,
3105 2428 3287 2496 ὥσπερ
3319 2427 3452 2495 μέλη
3493 2426 3739 2494 σώματος
3765 2428 3934 2494 ἄρτια
3967 2428 4050 2477 καὶ

2515 2519 2782 2587 εῦχρηστα
2845 2518 2920 2587 τῷ
2968 2519 3206 2588 Δεσπότῃ
3297 2518 3708 2586 γενησομένους,
3777 2517 3924 2584 προς
3998 2517 4050 2566 τὸ

2514 2609 2697 2661 δοκοῦν
2773 2608 3223 2676 μεταχειρίζεται,
3287 2609 3378 2658 καὶ
3430 2607 3526 2673 τῆς
3577 2605 3780 2665 οίκείας
3861 2604 4051 2670 πληροῖ

2514 2699 2666 2767 δόξης
2694 2716 2750 2749 τε
2781 2700 2871 2751 καὶ
2909 2698 3319 2764 μακαριότητος,
3369 2696 3510 2763 ζωὴν
3558 2695 3732 2756 διδοὺς
3775 2695 3872 2744 καὶ
3902 2709 4046 2760 χαρι-

2515 2789 2735 2855 ζόμενος
2780 2787 2878 2854 τὴν
2901 2785 3069 2837 ἀΐδιόν
3096 2801 3152 2836 τε
3191 2785 3285 2836 καὶ
3323 2784 3702 2850 ἀνεκλάλητυν,
3731 2783 3824 2832 καὶ
3855 2782 4045 2832 παντά·

2516 2893 2646 2928 πασι
2696 2875 2892 2936 παντὸς
2950 2874 3233 2941 ἐλευθέραν
3290 2873 3664 2940 γνωρίσματος
3711 2871 4044 2936 πστατικῆς

2519 2967 2770 3033 ἰδιότητος
2809 2964 2908 3031 τῆς
2938 2964 3215 3032 παρούσης
3245 2963 3335 3013 καὶ
3362 2963 3447 3013 διὰ
3497 2961 3697 3027 φθορᾶς
3726 2960 3770 2988 ’³
3799 2974 4045 3007 συνιστα-

893 3053 1146 3096 :eternam
1179 3061 1282 3098 non
1312 3061 1402 3099 aer
1431 3048 1717 3115 inspirans,
1757 3065 1929 3117 neque
1960 3052 2232 3119 sanguinis
2257 3054 2413 3105 rivuli
2442 3066 2483 3119 ο
2519 3071 2552 3120 μ

2388 3055 2413 3105 li
2442 3066 2483 3119 ο
2519 3055 2681 3120 μένης
2705 3055 2867 3120 ζωῆς,
2893 3054 2960 3120 ἢν
2994 3053 3091 3103 οὐκ
3119 3050 3226 3119 ἀὴρ
3261 3049 3656 3114 είσπνεόμενος,
3687 3045 3794 3096 οὐδ’
3822 3039 4047 3111 animo;

895 3133 1085 3200 llr-pate
1115 3134 1340 3188 ﬂuentes
1385 3137 1741 3199 constituunt,
1792 3139 1885 3192 sed
1935 3139 2078 3192 Deus
2116 3149 2258 3192 totus
2289 3141 2416 3193 totis

897 3221 1266 3287 panicipatus.
1298 3231 1351 3275 et
1379 3210 1568 3277 animae
1590 3225 1642 3277 in
1666 3225 1882 3295 modum
1919 3226 1984 3278 ad
2007 3240 2203 3295 corpus
2227 3228 2418 3280 animae

895 3317 950 3358 et
976 3323 1061 3374 pel
1090 3309 1316 3361 mediam
1344 3312 1576 3364 animam
1597 3314 1661 3365 ad
1677 3328 1870 3380 corpus
1896 3313 2088 3376 factus,
2111 3314 2251 3367 sicut
2267 3316 2418 3368 novit

888 3395 1031 3458 ipse.
1065 3405 1120 3448 ut
1167 3411 1228 3448 ea
1277 3397 1494 3464 quidem
1541 3399 2108 3454 inconversibiliuitem
2165 3403 2415 3471 accipiat,

894 3482 1025 3534 illud
1056 3497 1183 3535 vero
1221 3483 1696 3550 immortalitatem,
1724 3497 1778 3540 et
1817 3495 1960 3540 totus
2004 3489 2164 3542 homo
2197 3489 2417 3543 deiﬁce-

897 3579 984 3621 tur
1012 3584 1107 3636 per
1143 3570 1472 3625 inlmmanati
1534 3573 1628 3627 Dei
1671 3575 1894 3644 gratiam
1919 3576 2251 3642 deiﬁcantis;
2275 3587 2418 3632 totus

893 3661 1108 3727 quidem
1137 3662 1295 3714 homo
1318 3678 1539 3717 manens
1561 3667 1853 3719 secundum
1887 3668 2117 3719 animam
2145 3676 2199 3721 et
2223 3683 2419 3736 corpus

893 3765 986 3816 per
1017 3758 1290 3813 naturam,
1312 3761 1366 3804 et
1397 3760 1540 3806 totus
1573 3754 1745 3808 factus
1792 3757 1933 3809 Deus
1977 3757 2275 3810 secundum
2304 3758 2419 3810 ani-

894 3851 1030 3887 mam
1062 3840 1336 3905 et‘corpus
1367 3855 1462 3906 per
1489 3843 1742 3908 gratiam,
1777 3851 1832 3896 ct
1879 3844 2288 3896 convenientem
2315 3845 2417 3898 sibi

894 3939 988 3987 per
1017 3932 1185 3975 totum
1222 3926 1457 3979 divinam
1489 3928 1658 3990 beata:
1705 3929 1886 3997 gloria:
1932 3929 2249 3990 claritatem.
2297 3939 2419 3999 post

893 4027 1050 4075 quam
1078 4013 1211 4065 nihil
1235 4024 1315 4067 est
1361 4018 1426 4068 ad
1485 4018 1889 4086 intelligendum
1936 4019 2170 4073 lucidius
2203 4032 2295 4075 aut
2328 4038 2414 4076 ex-

895 4097 1109 4148 celsius.
1147 4099 1284 4162 Quid
1317 4103 1458 4154 enim
1491 4104 1750 4166 θεώσεως,
1784 4105 1836 4157 id
1863 4115 1945 4158 est
1973 4106 2310 4162 deiﬁcatione
2332 4110 2417 4163 di-

893 4184 1011 4250 gnis
1039 4173 1342 4247 amabilius,
1373 4204 1468 4253 per
1495 4206 1653 4257 quam
1686 4193 1829 4246 Deus
1875 4194 1980 4247 diis
2033 4195 2189 4249 factis
2233 4198 2420 4252 unitus

896 4273 1113 4325 ιηηηίηο
1148 4274 1551 4330 universitatem
1579 4293 1727 4331 suam
1784 4281 1910 4333 facit
1940 4298 2036 4349 per
2084 4284 2421 4339 bonitatem?

2517 3142 2693 3208 ὀχετοὶ
2737 3139 2828 3191 τοῦ
2889 3141 3092 3206 ἥπατος
3133 3126 3490 3206 ἀπορρέοντες
3536 3134 3874 3195 συνιστῶσιν,
3925 3133 4047 3184 ἀλλὰ

2517 3228 2645 3289 Θεὸς
2663 3227 2939 3298 ὅλοςὸλοις
2973 3227 3344 3294 μετεχόμενος,
3377 3224 3468 3276 καὶ
3494 3224 3668 3291 ψυχῆς
3695 3222 3900 3289 τρόπον
3923 3221 4046 3287 πρὸς

2519 3318 2675 3385 σῶμα
2702 3311 2965 3386 τῇὲψυχῇ,
2998 3316 3088 3368 καὶ
3110 3315 3196 3367 διὰ
3225 3316 3395 3383 μέσης
3427 3312 3599 3380 ψυχῆς
3627 3311 3761 3377 πρὸς
3792 3310 3954 3376 σῶμα
3982 3325 4048 3373 γι-

2518 3406 2756 3475 νόμενος,
2781 3405 2853 3467 ὡς
2889 3403 3027 3457 οἶδεν
3056 3404 3234 3468 αὐτὸς,
3267 3403 3381 3470 ἶν’ή
3409 3403 3505 3471 μὲν
3535 3401 3789 3469 ἁτρεψίαν
3817 3399 4045 3465 δέξηται.

2517 3497 2575 3548 τὸ
2618 3496 2674 3546 δὲ
2702 3495 3014 3558 ἀθανασίαν,
3045 3495 3138 3546 καὶ
3173 3495 3288 3554 ὅλος
3327 3493 3609 3560 ἄνθρωπος
3659 3488 3834 3556 θεωθῇ
3863 3491 3934 3556 τῇ
3966 3485 4045 3538 τοῦ

2517 3583 3031 3652 ὲνανθρωπήσαντος
3059 3582 3193 3634 Θεοῦ
3236 3583 3414 3650 χάριτι
3448 3578 3907 3649 θεουργούμενος,
3938 3575 4045 3632 ὅλος

2521 3672 2617 3738 μὲν
2645 3657 2925 3738 ἄνθρωπος
2957 3670 3129 3737 μένων
3158 3669 3297 3723 κατὰ
3334 3667 3508 3734 ψυχὴν
3535 3666 3629 3716 καὶ
3660 3664 3816 3729 σῶμα
3845 3663 3939 3713 διὰ
3960 3662 4044 3727 τὴν

2518 3758 2696 3826 φῦσιν,
2723 3758 2816 3810 καὶ
2838 3758 2952 3818 ὅλος
2981 3759 3158 3826 (12⁷
3186 3759 3236 3823 b)
3291 3755 3569 3825 γινόμενος
3599 3753 3728 3814 Θεὸς
3765 3753 3907 3803 κατὰ
3954 3752 4044 3818 ψυ-

2517 3844 2615 3912 χὴν
2641 3845 2731 3895 καὶ
2763 3843 2920 3912 σῶμα
2939 3844 3027 3895 διὰ
3047 3844 3141 3913 τὴν
3179 3844 3336 3912 χάριν
3380 3843 3471 3895 καὶ
3517 3842 3613 3909 τὴν
3667 3840 4045 3908 ἐμπρέπουσαν

2519 3933 2663 3999 αὐτῷ
2689 3932 2858 3984 διόλου
2890 3933 3039 3986 θείαν
3071 3934 3167 4002 τῆς
3197 3933 3465 4002 μακαρίας
3492 3931 3644 4000 δόξης
3672 3930 4042 3997 λαμπρότητα.

2521 4022 2638 4090 μεθ’
2651 4022 2717 4090 ἢν
2736 4021 2965 4074 οὐκέστι
2989 4039 3040 4074 τι
3060 4023 3338 4090 ἐπινοῆσαι
3353 4021 3716 4090 λαμπρότερον
3739 4018 3772 4085 ἧ
3797 4017 4042 4084 ὑψηλότε-

2520 4123 2630 4174 ρον.
2665 4107 2727 4156 Τί
2749 4109 2853 4177 γὰρ
2871 4107 3111 4169 θεὼσεωι⁸
3140 4111 3250 4169 τοῖς
3279 4107 3450 4171 ἀξίοις
3472 4102 3896 4173 ἐρασμιώτερον,
3927 4097 4037 4150 καθ’

2518 4195 2583 4264 ην
2620 4197 2646 4246 ό
2677 4195 2805 4257 Θεὸς
2825 4196 2962 4256 θεοῖς
2995 4195 3297 4264 γενομένοις
3323 4193 3603 4259 ένούμενος
3633 4189 3693 4238 τὸ
3727 4189 3835 4238 πᾶν
3857 4182 4040 4237 ἑαυτοῦ

2520 4287 2746 4335 ποιεῖται
2773 4285 2842 4336 δι’
2867 4284 3172 4351 ἀγαθότητα
3203 4299 3217 4346 ;
3247 4282 3334 4333 Διὸ
3355 4281 3448 4333 καὶ
3500 4277 3690 4347 ἡδονὴν
3734 4277 3828 4327 καὶ
3878 4277 4040 4325 πεῖσιν

894 4364 966 4414 Ac
992 4378 1086 4430 per
1107 4364 1206 4416 hoc
1235 4363 1647 4419 delectationem
1675 4376 1729 4420 et
1751 4371 2050 4436 passionem
2083 4383 2137 4425 ct
2164 4376 2415 4442 gaudium
2449 4361 2492 4416 ί)
2521 4388 2553 4421 κ

2379 4393 2415 4428 n
2449 4361 2492 4416 ί)
2521 4371 2613 4421 καὶ
2638 4370 2809 4439 χαρὰν
2844 4371 3021 4445 καλῶς
3043 4371 3326 4436 ὠνόμασαν
3366 4368 3460 4437 τὴν
3484 4367 3735 4435 τοιαύτην
3761 4367 4038 4438 ’κατάστι-

894 4451 1028 4504 bene
1065 4453 1454 4506 nominaverim
1480 4455 1635 4506 talem
1663 4463 1859 4508 statum
1901 4457 1994 4524 qui
2037 4469 2120 4510 est
2149 4475 2244 4526 per
2277 4463 2416 4515 divi-

893 4557 1013 4593 nam
1047 4543 1294 4595 notitiam
1323 4553 1376 4596 et
1400 4553 1818 4612 consequentem
1849 4559 1906 4598 se
1928 4545 2123 4599 laetitia
2151 4546 2414 4602 fructum:

891 4629 1299 4694 delectationem
1327 4633 1543 4701 quidem
1582 4635 1793 4697 merito,
1839 4635 1965 4688 dum
1997 4636 2066 4687 sit
2095 4634 2214 4688 linis
2259 4648 2416 4690 natu-

893 4719 1082 4797 ralium
1105 4722 1496 4797 operationum.
1533 4722 1620 4776 Sic
1651 4723 1796 4775 enim
1846 4721 2256 4775 delectationem
2283 4723 2416 4776 deﬂ-

891 4783 1082 4884 niuni;
1131 4808 1430 4874 passionem
1489 4791 1622 4863 vero
1672 4810 2265 4864 veluti‘cxtendentem
2306 4813 2416 4872 vir-

890 4885 1057 4942 tutem
1087 4899 1140 4942 et
1172 4892 1236 4944 ad
1264 4892 1318 4944 id
1344 4894 1486 4961 quod
1521 4895 1646 4948 facit
1669 4895 1718 4946 id
1741 4895 1882 4962 quod
1913 4896 2114 4962 patitur
2135 4895 2414 4956 .induccn-

892 4990 1019 5041 tem,
1039 4981 1330 5033 secundum
1357 4983 1615 5036 redditam
1635 4986 1775 5038 aeris
1799 4985 1862 5037 ad
1882 4986 2055 5038 lu'ecm
2081 4987 2213 5039 etad
2239 4987 2413 5055 ignem

890 5067 1019 5118 fi-rri
1063 5068 1534 5136 paradigmaticam
1565 5088 1801 5135 causam,
1834 5081 1886 5126 et
1911 5074 2226 5127 credibilem
2254 5084 2410 5127 natu—

2523 4477 2626 4524 σιν,
2658 4460 2753 4530 τὴν
2785 4463 2850 4527 τῇ
2897 4457 3015 4528 θείᾳ
3059 4459 3378 4526 κατανοήσει
3424 4457 3516 4509 καὶ
3547 4459 3611 4526 τῇ
3641 4457 3882 4524 ἑπομένῃ
3915 4454 4038 4518 αὐτῇ

2520 4547 2614 4614 τῆς
2665 4546 2996 4615 εὐφροσύνης
3033 4546 3343 4610 ἀπολαύσει,
3378 4547 3565 4615 ἡδονὴν
3623 4547 3737 4614 μὲν,
3780 4544 3853 4605 ὡς
3905 4542 4038 4599 τέλος

2521 4630 2681 4684 οὖσαν
2731 4633 2836 4684 τῶν
2879 4634 3017 4685 κατὰ
3067 4633 3226 4700 φύσιν
3278 4635 3560 4702 ἐνεργειῶν
3587 4633 3744 4701 (οὕτω
3789 4631 3899 4697 γάρ
3954 4627 4037 4691 τὴν

2522 4724 2707 4791 ήδθνῆν
2743 4723 3050 4790 ὁρίῖοόντίιι).
3090 4725 3266 4797 eam
3299 4724 3354 4776 δὲ
3394 4724 3469 4785 ὡς
3523 4720 3844 4788 ἐκστατικὴν
3899 4716 4047 4766 δῦναι

2526 4829 2635 4878 μιν,
2662 4813 2790 4877 πρὸς
2815 4811 2874 4862 τὸ
2900 4811 3078 4863 ποιοῦν
3106 4813 3164 4864 τὸ
3187 4813 3388 4882 πάσχον
3419 4815 3713 4881 ὲνάγουσαν
3735 4847 3750 4870 ,
3784 4804 3924 4858 κατὰ
3953 4801 4037 4870 τήν

2521 4898 2861 4950 ἀποδοθεῖσαν
2887 4899 2979 4949 τοῦ
3017 4899 3172 4966 ἀέρος
3205 4902 3337 4970 πρὸς
3380 4903 3441 4953 ea
3471 4902 3583 4968 φῶς
3629 4892 3845 4949 καὶτοῦ
3882 4891 4035 4958 πυρὸς

2522 4989 2651 5055 πρὸς
2697 4989 2784 5038 τὸν
2844 4989 3054 5057 σίδηρον
3083 4991 3125 5019 ’⁵
3157 4992 3654 5061 παραδειγματικὴν
3708 4984 3886 5037 αἰτίαν
3912 5023 3928 5046 ,
3956 4981 4034 5033 καὶ

2521 5077 2804 5129 πείθουσαν
2857 5082 3090 5144 φυσικῶς
3141 5084 3231 5134 καὶ
3280 5083 3486 5149 ἀληθῶς
3545 5079 3617 5146 μὴ
3662 5075 3788 5128 ἄλλο
3832 5089 3882 5125 τι
3912 5068 4031 5124 εἶναι

2143 5183 2367 5246 VARUE
2387 5181 2793 5245 .LECTIONES.

981 5268 1020 5350 "'
1042 5267 1398 5362 Ξὺουξορξιξαι
1432 5271 1526 5339 μὲν
1546 5272 1631 5325 cd.
1661 5271 1774 5327 Gal.
1801 5275 1880 5327 Ab
1909 5276 2094 5329 eadem
2116 5278 2309 5330 absunt
2339 5279 2500 5332 verba
2523 5280 2640 5330 κατέ

2372 5279 2500 5332 erba
2523 5280 2656 5330 κατὰ
2688 5279 2861 5345 φύσιν.
2937 5285 2975 5311 '-‘
3000 5284 3283 5362 διαφθορᾶς
3314 5282 3432 5335 cod.
3461 5277 3598 5334 Gud.
3680 5275 3717 5305 “
3749 5275 3804 5326 τὸ
3825 5273 3925 5339 πῦρ
3953 5271 4026 5324 τοῦ

895 5332 1107 5401 σιδήρου
1137 5336 1221 5387 ed.
1243 5332 1365 5389 _G'al.

2346 5436 2565 5490 NOTAE.

1044 5514 1197 5596 Ϋξιξξο
1220 5522 1492 5596 primipali
1513 5512 1799 5596 inn-mplari
1829 5530 2039 5591 imit/in,
2069 5530 2357 5596 prrmimm
2377 5547 2411 5580 ’δ

905 5586 1026 5641 nu.
1061 5579 1250 5652 (Ciilef)

2588 5532 2657 5599 (9)
2698 5533 2852 5589 Verte
2890 5535 3239 5604 complectens.
3275 5525 3465 5598 iGale.)
