4200 6440
147 343 318 407 1089

1434 351 1950 415 AMBIGUORUM
1992 360 2241 422 LIBER.

3286 386 3435 450 1090

136 459 328 527 παρά
350 456 573 511 τοῦτοη
606 457 713 512 τῶν
765 458 935 512 όντων
990 456 1368 533 κεφάλαιον,ᾔ
1421 463 1483 514 τὸ
1544 465 1736 526 ἀπαθὲς

1862 472 2051 524 raliter
2085 491 2149 528 ac
2185 492 2336 539 vere,
2367 496 2547 551 neque
2571 485 2721 540 aliud
2757 488 2889 557 quid
2930 505 3076 557 esse,
3108 504 3307 563 praeter
3332 501 3432 554 hoc

128 551 401 615 δεόντως
461 551 768 615 ἀκολουθεῖ,
834 556 1012 623 χαράν
1054 555 1113 606 δὲ
1168 555 1242 616 ὡς
1301 554 1468 624 μηδὲν
1518 555 1750 623 ἔχουσαν

128 643 548 712 ἀντικείμενον
577 643 715 713 μήτε
742 644 1013 713 παρελθὸν
1038 646 1177 714 μήτε
1205 644 1417 714 μέλλον,
1443 646 1554 715 Τὴν
1575 648 1749 717 χαράν

130 737 273 804 γάρ
326 751 459 801 φασι
491 734 535 763 ¹⁶
568 736 707 804 μήτε
754 735 933 806 λύπην
994 736 1323 789 ἐπίστασθαι
1349 739 1745 807 παρελθοῦσαν,

136 830 310 896 μήτε
341 827 430 879 τὸν
452 827 518 878 ἐκ
544 827 713 895 φόὸου
756 828 915 896 κόρον
957 827 1312 897 ἐπιδέχεσθαι
1355 831 1746 900 προσδοκώμε-

130 936 272 983 νον,
299 918 493 990 ῶσπερ
524 922 557 989 η
589 919 943 991 ήδονή.”υθεν
975 922 1070 975 καὶ
1093 921 1168 984 ὡς
1200 922 1543 993 ἐνδεικτικὴν
1577 940 1745 993 προσ-

128 1012 400 1080 ηγορίαν
441 1011 543 1080 τῆς
584 1011 888 1082 μελλούσης
934 1011 1198 1081 ἀληθείας
1246 1012 1601 1083 ὑπάρχουσαν
1649 1015 1743 1084 τὴν

131 1103 345 1172 χαρὰν
378 1102 664 1172 ἐκύρωσαν
693 1103 974 1173 πανταχοῦ
1016 1103 1070 1155 οῖ
1108 1120 1168 1156 τε
1199 1103 1549 1156 θεόπνευστοι
1595 1104 1743 1171 λόγοι

132 1197 252 1249 καὶ
298 1196 350 1248 oi
381 1196 441 1260 ἐξ
464 1196 644 1249 αὐτῶν
672 1198 742 1250 τὰ
775 1197 893 1249 θεῖα
927 1198 1277 1264 σοφισθέντες
1328 1199 1604 1268 μυστήρια
1631 1198 1741 1249 [Ια-

130 1290 325 1359 τέρες
386 1290 652 1357 ἠμιυν.Εί
696 1288 879 1342 τοίνυν
901 1288 976 1351 ὡς
1031 1290 1089 1341 ἐν
1140 1290 1438 1360 ἐπιδρομῇ,
1468 1290 1589 1341 κατ’
1640 1290 1740 1355 ἐμὲ

134 1383 332 1447 φάναι
362 1379 456 1430 τὸν
497 1378 714 1448 μικρὸν,
747 1379 992 1447 φυσικῶς
1014 1395 1075 1430 τε
1116 1380 1213 1433 καὶ
1242 1379 1533 1451 Γραφικῶς
1570 1378 1611 1408 ¹⁷
1649 1382 1740 1430 καὶ

136 1469 456 1539 Ιιατρικῶς
484 1469 774 1534 δέδεικται,
812 1470 892 1532 ὼς
919 1469 1073 1521 οὐδὲν
1105 1470 1215 1523 τῶν
1263 1469 1507 1538 γενητῶν
1542 1467 1584 1497 ⁸⁸
1621 1469 1735 1519 πώ-

138 1575 301 1610 ποτε
334 1558 656 1627 κινούμενον
697 1558 852 1627 ἔστη,
877 1558 998 1610 οὐδὲ
1028 1559 1127 1626 τῆς
1158 1557 1348 1626 (128
1380 1562 1434 1625 α)
1491 1559 1575 1608 ἐπ’
1608 1558 1739 1608 αὐτὸ

136 1652 305 1703 κατά
350 1651 441 1704 τὸν
495 1651 635 1703 θεῖον
684 1653 886 1705 σκοπὸν
921 1650 1224 1703 ἐπελάῦετο
1263 1651 1493 1719 λήξεως,
1527 1652 1663 1718 πρὸς
1684 1650 1737 1700 (ιε

134 1742 372 1805 τούτοις
400 1743 494 1795 καὶ
514 1741 588 1806 ὡς
623 1743 908 1813 ἀμήχανον
933 1743 1030 1812 τῆς
1056 1744 1114 1793 ἐν
1135 1741 1213 1811 τῷ
1235 1742 1356 1811 Θεῷ
1379 1742 1737 1811 μονιμότητος

1855 578 2053 617 eorum
2080 583 2202 635 qua:
2223 580 2351 623 sunt
2376 576 2680 642 capitulum
2726 580 2854 647 (hoc
2883 592 2969 634 est
3001 590 3436 642 consummatio-

1856 668 2033 721 nem),
2088 674 2255 727 quam
2329 663 2749 732 impassibilitas
2795 682 3104 739 opportune
3152 677 3436 745 sequitur;

1851 749 2114 812 gaudium
2142 768 2364 823 quoque
2384 758 2528 826 jure,
2567 762 2698 816 dum
2732 765 2870 818 nihil
2914 767 3113 820 habeat
3141 777 3439 838 contrapo-

1850 838 2038 903 situm,
2062 857 2240 912 neque
2275 850 2615 915 prasteritum
2641 869 2817 923 neque
2852 857 3143 920 futurum;
3174 858 3435 926 gaudium

1848 929 1999 982 enim
2048 932 2244 988 dicunt
2286 953 2467 1008 neque
2524 944 2803 998 tristitiam
2860 964 3024 1001 nosse
3056 951 3431 1016 pizetcritam,

1848 1034 2027 1088 neque
2050 1038 2117 1076 ex
2142 1026 2333 1083 timore
2358 1034 2669 1087 satietatem
2687 1047 3043 1106 accepturum
3069 1039 3138 1092 iri
3180 1049 3435 1109 spectan-

1849 1111 1998 1173 dam,
2028 1116 2173 1169 sicut
2207 1119 2525 1178 delectatio.
2575 1127 2731 1181 Unde
2785 1129 2951 1183 etiam
2993 1131 3166 1185 veluti
3196 1131 3431 1186 demon-

1847 1207 2130 1260 strativam
2151 1214 2576 1279 appellationem
2609 1218 2810 1274 futurae
2831 1222 3086 1277 veritatis
3116 1225 3430 1279 subsisten-

1844 1306 1951 1347 tem
1975 1300 2341 1356 decreverunt
2365 1306 2569 1374 ubique
2593 1318 2650 1361 et
2678 1326 2709 1362 a
2729 1310 2842 1363 Deo
2866 1311 3121 1381 inspirati
3139 1329 3427 1372 sermones

1840 1400 1896 1439 ct
1930 1406 1995 1441 ex
2022 1395 2101 1444 eis
2133 1395 2317 1448 divina
2341 1402 2621 1464 sapientes
2676 1404 2934 1469 mysteria
2991 1404 3181 1459 Patres
3224 1407 3425 1466 nostri.

1842 1480 2030 1549 Itaque
2056 1492 2519 1552 quemadmodum
2550 1493 2605 1545 in
2660 1496 2893 1549 transitu
2942 1508 3173 1565 apparet
3199 1515 3298 1569 per
3328 1517 3416 1555 me

1850 1577 2152 1640 paululum,
2183 1586 2586 1635 etnaturaliter
2616 1593 2673 1637 et
2718 1601 2814 1652 per
2867 1588 3207 1656 Scripturam
3258 1592 3332 1663 (Ii)
3368 1600 3425 1644 et

1848 1665 2037 1719 l’atres
2060 1679 2342 1722 ostensum
2372 1686 2477 1734 est,
2505 1678 2785 1742 quomodo
2813 1680 3026 1731 nullum
3081 1698 3275 1736 eorum
3303 1700 3427 1752 qua:

1848 1758 1990 1811 facta
2018 1770 2168 1821 sunt,
2211 1779 2450 1831 unquam
2483 1766 2628 1819 sistit
2656 1779 2832 1833 motu,
2865 1787 3046 1839 neque
3072 1773 3124 1826 in
3149 1790 3206 1827 se
3236 1790 3428 1830 secun-

135 1834 265 1888 τῶν
295 1835 633 1906 ἀξιουμένων
654 1836 1089 1907 παρεγκλιθῆναι
1114 1836 1177 1889 τὸ
1208 1834 1458 1904 βάσιμον.
1485 1834 1608 1898 Πῶς
1631 1836 1736 1904 γάρ

1846 1849 1977 1902 dum
2002 1852 2246 1907 divinam
2278 1859 2713 1923 speculationem
2736 1864 2949 1931 accepit
2980 1866 3244 1932 quietem,
3300 1883 3425 1922 cum

139 1930 276 1979 hort
303 1927 552 1995 δυνατὸν,
595 1928 684 1983 ἴνα
713 1932 827 1992 τοῖς
862 1930 1177 1999 εἰρημένοις
1206 1930 1412 1998 μικράν
1447 1945 1568 1982 τινα
1597 1929 1733 1998 πρὸς

142 2020 452 2090 βεϐαίωσιν
498 2023 596 2093 τὴν
645 2025 709 2075 ἐκ
749 2021 1028 2090 λογισμῶν
1065 2022 1248 2091 δῶμεν
1296 2022 1576 2091 βοήθειαν,
1607 2022 1735 2084 τοὺς

143 2113 313 2176 ἅπαξ
362 2116 419 2166 ἐν
454 2113 531 2184 τῷ
554 2113 675 2183 Θεῷ
710 2114 1066 2182 ὑπαρκτικῶς
1101 2115 1428 2183 γενομένους
1453 2114 1545 2167 τὸν
1576 2113 1733 2181 ὑϐρι-

146 2206 291 2275 στὴν
349 2204 493 2258 κατὰ
530 2207 630 2276 τὴν
668 2208 854 2275 ἐφεσιν
897 2205 1263 2270 ὐποδέξασθαι
1312 2208 1495 2275 κόρον,
1529 2205 1734 2267 παντὸς

146 2298 322 2365 κόρου
348 2297 488 2351 κατά
506 2297 598 2350 τὸν
623 2298 750 2350 ἴδιον
780 2298 936 2365 λόγον
964 2314 1023 2350 τε
1056 2298 1153 2350 καὶ
1185 2299 1311 2366 ὅρον
1340 2298 1575 2368 ὀρέξεως
1605 2313 1734 2363 τυγο

148 2390 411 2458 χάνοντος
462 2389 773 2454 σϐεστικοῦ,
801 2391 894 2442 καὶ
941 2388 1083 2441 κατὰ.
1115 2387 1210 2441 δύο
1262 2387 1657 2456 συνισταμένου
1686 2388 1731 2417 ³ο

146 2484 411 2553 τρόπους.
447 2484 515 2536 Ἥ
548 2486 657 2554 γὰρ
690 2485 761 2537 τά
790 2484 1129 2553 ὑποκείμενα
1152 2482 1227 2545 ὡς
1261 2480 1437 2551 μικρά
1459 2481 1731 2551 περιγρά-

148 2592 335 2643 φουσα
367 2579 401 2647 η
431 2578 610 2648 δρεξις
645 2578 954 2641 σϐέννυται,
986 2578 1020 2648 ἢ
1052 2576 1394 2646 άτιμάζουσα
1422 2574 1498 2637 ὼς
1527 2574 1731 2645 αἰσχρά

148 2684 213 2720 τι
253 2669 351 2721 καὶ
394 2669 610 2739 εἰδεχθῆ
664 2670 1036 2738 βδελύσσεται,
1066 2669 1156 2736 ὑφ’
1185 2661 1259 2720 ὦν
1308 2668 1338 2717 ό
1386 2667 1546 2736 κόρος
1586 2667 1733 2733 γίνε-

153 2760 287 2811 σθαι
314 2762 577 2827 πέφυκεν.
616 2761 674 2812 ’0
705 2762 762 2813 δὲ
787 2762 921 2824 θεὸς
946 2760 1106 2828 φύσει
1141 2760 1403 2829 ὑπάρχων
1422 2758 1648 2829 ἄπειρός
1670 2774 1730 2810 τε

151 2853 250 2904 καὶ
272 2852 452 2919 τίμιος
478 2853 770 2904 ἐπιτείνειν
794 2855 993 2921 μᾶλλον
1022 2853 1133 2904 τῶν
1157 2851 1540 2903 ἀπολαυόντων
1563 2849 1729 2901 αὐτοῦ

150 2946 243 2996 δια
266 2945 365 3011 τῆς
400 2944 639 3014 μετοχῆς
666 2939 803 3013 πρὸς
834 2945 894 2996 τὸ
916 2946 1169 3014 ἀόριστον
1196 2941 1295 3012 τὴν
1328 2940 1507 3010 όρεξιν
1556 2939 1730 3007 πέφυ-

153 3049 275 3086 κεν.
309 3035 371 3085 Et
403 3036 460 3086 δὲ
494 3035 641 3087 τοῦτ’
672 3036 872 3104 ἀληθὲς
897 3076 911 3098 ,
946 3035 1138 3104 ὥσπερ
1177 3028 1270 3086 οὖν
1309 3034 1406 3083 καὶ
1438 3034 1605 3097 ἐστιν,
1631 3032 1733 3084 οὐκ

160 3140 227 3192 ην
259 3126 368 3192 ἄρα
396 3126 428 3194 ή
470 3126 736 3195 λεγομένη
772 3127 896 3187 ἐνάς
920 3126 1029 3177 τῶν
1051 3124 1286 3192 λογικῶν
1314 3126 1355 3154 ³³
1382 3163 1396 3187 ,
1425 3125 1546 3191 ἥτις
1571 3121 1730 3190 κόρον

1845 1938 1930 1991 his
1961 1954 2204 2008 (tuoque,
2238 1948 2518 2011 quomodo
2541 1947 2885 2018 impossibile
2914 1962 2997 2006 est
3050 1955 3105 2005 in
3148 1956 3260 2009 Deo
3296 1972 3426 2025 pcr-

1842 2034 2147 2087 mansionis
2167 2035 2460 2105 dignorum
2502 2042 2838 2109 reprehendi
2885 2043 3223 2101 ﬁrmitatem.
3274 2049 3425 2115 Quo-

1842 2125 2009 2177 modo
2030 2127 2176 2179 euim
2221 2139 2308 2182 est
2361 2132 2647 2198 possibile,
2706 2145 2767 2189 ut
2816 2136 2904 2190 his
2945 2153 3067 2207 qua:
3116 2139 3262 2195 dicta
3292 2155 3426 2201 sunt

1840 2231 2068 2285 parvum
2099 2221 2376 2288 quoddam
2402 2224 2471 2277 ad
2507 2228 2987 2283 continuationem
3026 2245 3095 2284 ex
3126 2232 3422 2288 ratiocina-

1846 2308 2092 2364 tionibus
2118 2312 2313 2367 demus
2354 2317 2715 2385 adjutorium,
2744 2322 2910 2373 semel
2946 2321 3001 2374 in
3026 2322 3139 2377 Deo
3168 2324 3425 2381 substan-

1840 2402 2047 2454 tialiter
2075 2402 2247 2459 factos
2278 2406 2547 2476 ingratam
2588 2425 2687 2478 per
2744 2410 3090 2468 desiderium
3141 2418 3422 2488 accepisse

1838 2491 2169 2557 satietatem,
2207 2496 2337 2549 dum
2385 2501 2566 2553 omnis
2622 2503 2867 2564 satietas,
2913 2506 3220 2561 secundum
3263 2524 3417 2564 suam

1842 2582 2111 2638 rationem
2163 2597 2219 2641 et
2271 2587 2652 2645 delinitionem
2718 2596 3019 2651 constituta
3078 2598 3417 2656 desiderium

1837 2677 2173 2745 exstinguat,
2200 2688 2257 2733 et
2279 2681 2585 2736 secundum
2618 2684 2761 2739 duos
2793 2687 3165 2743 constituatur
3203 2693 3416 2747 modos.

1839 2765 1950 2818 Aut
1988 2767 2143 2820 enim
2178 2784 2300 2837 qua:
2323 2771 2567 2841 subjecta
2599 2784 2728 2827 sunt
2766 2778 2933 2831 veluti
2964 2795 3131 2847 parva
3176 2783 3417 2837 circum-

1838 2857 2089 2911 scribens
2120 2860 2458 2915 desiderium
2490 2867 2811 2935 exstinguit,
2844 2880 3222 2939 autsperneus
3244 2877 3416 2928 veluti

1842 2948 2026 3015 turpia
2053 2964 2118 3001 ac
2147 2950 2418 3007 deformia
2451 2957 2826 3021 abominatur,
2846 2975 2913 3014 ex
2945 2962 3031 3015 his
3053 2965 3280 3020 satietas
3295 2968 3419 3023 ﬁeri

1838 3039 2145 3093 consuevit.
2169 3042 2317 3097 Deus
2338 3060 2470 3098 vero
2501 3056 2699 3101 natura
2737 3051 3048 3107 subsistens
3080 3055 3329 3111 inﬁnitus
3352 3074 3416 3113 ac

1840 3129 2116 3195 pretiosus
2137 3136 2437 3190 extendere
2472 3138 2644 3206 magis
2674 3140 2975 3196 l'ruentinm
3007 3160 3065 3199 se
3099 3162 3199 3214 per
3242 3151 3416 3218 parti-

154 3215 400 3267 λαὸούσα
426 3217 521 3285 τῆς
551 3219 609 3268 ὲν
638 3218 717 3286 τῷ
747 3216 866 3286 Θεῴ
897 3217 1261 3287 μονιμότητος
1306 3215 1601 3283 ἐμερίσθη,
1632 3213 1728 3263 καὶ

1839 3219 2165 3288 cipationem
2198 3224 2266 3277 ad
2320 3226 2373 3278 id
2415 3230 2565 3296 quod
2613 3230 2893 3286 inlinitum
2923 3244 3029 3300 est,
3078 3208 3413 3295 desiderium

150 3305 236 3376 τῷ
266 3308 450 3376 οἰκείῳ
480 3307 771 3377 σκεδασμῷ
806 3308 904 3377 τὴν
936 3306 1033 3359 τοῦ
1074 3307 1285 3375 κόσμου
1332 3303 1524 3356 τούτου
1572 3303 1727 3368 γένε-

154 3414 246 3449 σιν
275 3397 691 3466 συνεισήγαγεν,
719 3397 805 3449 ἵνα
832 3397 910 3467 μὴ
944 3396 1005 3448 τὸ
1032 3395 1249 3465 ,ἀγαθὸν
1278 3395 1727 3463 ἐμπερίγραπτον

152 3486 444 3555 ποιώμεθα
480 3488 576 3540 καὶ
600 3487 820 3559 ἄτιμον,
851 3488 927 3550 ὼς
956 3488 1103 3556 κόρῳ
1127 3488 1234 3539 τινὶ
1275 3484 1727 3555 περιοριζόμενον

153 3580 253 3630 καὶ
276 3580 516 3641 στάσεως
547 3578 720 3633 αἴτιον
750 3579 1032 3647 γινόμενον
1061 3578 1312 3643 ἐκείνοις,
1342 3574 1415 3629 ὡν
1444 3578 1545 3645 τὴν
1592 3576 1725 3643 ἑφε-

157 3689 245 3727 σιν
281 3672 539 3743 ἀκίνητον
590 3675 813 3742 κρατεῖν
861 3671 923 3724 ού
974 3670 1260 3740 δεδύνηται
1292 3670 1361 3723 ⁸³.
1391 3670 1502 3723 Καὶ
1547 3668 1725 3737 μάτην

154 3764 345 3817 λοιπόν
393 3780 538 3827 τινες
579 3764 788 3835 ταύτην
833 3764 1208 3828 θεσπίζουσιν,
1241 3762 1317 3821 ὡς
1343 3761 1535 3832 ἔμοιγε
1556 3760 1725 3823 δοκεῖ,

153 3859 227 3910 τά
265 3858 340 3928 μὴ
368 3857 497 3912 ὅντα
523 3856 882 3928 πλαττόμενοι
902 3895 917 3921 ,
945 3858 1042 3910 καὶ
1070 3856 1133 3908 τὸ
1175 3856 1243 3926 δὴ
1273 3855 1464 3907 τούτου
1496 3852 1728 3923 βαρύτε-

159 3965 277 4018 ρον,
306 3948 401 4001 καὶ
418 3947 512 4002 τοῦ
545 3950 819 4020 μακαρίου
844 3951 1035 4003 τούτου
1062 3948 1267 4018 πατρὸς
1292 3947 1364 4009 ὡς
1397 3946 1569 3998 ταῦτα
1593 3960 1725 4013 φρο-

158 4041 376 4104 νοῦντος
405 4041 890 4112 καταψευδόμενοι,
928 4036 1076 4111 ἐφ’ᾦ
1115 4043 1192 4112 μὴ
1220 4041 1381 4110 μόνον
1412 4040 1611 4099 αὐτοὺς
1661 4040 1726 4089 ἐκ

161 4132 424 4203 προτέρου
474 4134 648 4195 είδους
677 4134 820 4203 ζωῆς
844 4138 940 4196 τὰς
971 4133 1147 4206 ψυχὰς
1174 4134 1254 4193 είς
1291 4132 1519 4199 σώματα
1552 4127 1725 4180 ἐλθεῖν

160 4225 252 4274 ἐπὶ
290 4224 530 4294 τιμωρίᾳ
585 4224 696 4277 τῶν
746 4225 1157 4295 προγεγονότων
1217 4224 1404 4294 (128
1438 4224 1491 4292 ὸ)
1538 4220 1726 4273 κακῶν

161 4318 377 4384 φρονεῖν
409 4316 456 4347 ’³
505 4317 591 4368 ἐπ’
623 4317 806 4379 ἀδείας
860 4316 1141 4382 δύνασθαι,
1198 4318 1339 4368 ἀλλά
1387 4318 1481 4367 καὶ
1535 4314 1726 4376 ἄλλους

158 4409 370 4476 ἀπατᾷν
391 4406 564 4471 οὕτως
596 4409 741 4479 ἔχειν
769 4409 1010 4478 εὐλόγως
1044 4409 1348 4479 ἐπιχειρεῖν
1373 4408 1464 4460 διά
1493 4410 1593 4477 τῆς
1615 4407 1724 4459 τῶν

1831 3314 2139 3368 consuevit.
2173 3316 2229 3370 Si
2260 3327 2445 3370 autem
2472 3322 2576 3373 hoc
2600 3337 2817 3387 verum,
2873 3326 3021 3380 sicut
3062 3338 3120 3382 ct
3154 3340 3259 3395 est,
3302 3347 3413 3387 non

1828 3412 1945 3456 erat
1976 3404 2143 3473 igitur
2171 3408 2284 3471 illa,
2328 3425 2451 3477 qua:
2490 3412 2636 3465 dicta
2694 3425 2803 3477 est,
2866 3418 3049 3471 unitas
3107 3422 3412 3478 rationabi-

1827 3494 1983 3560 lium,
2016 3513 2139 3566 qua:
2170 3501 2481 3555 satietatem
2504 3504 2784 3573 accipiens
2806 3513 3255 3576 perseverantiae,
3290 3531 3413 3583 qua:

1829 3588 1886 3641 in
1909 3588 2042 3653 Deo,
2075 3592 2275 3659 partita
2299 3602 2404 3658 est,
2424 3604 2480 3648 ct
2507 3611 2577 3649 ex
2609 3599 2832 3667 propria
2861 3600 3194 3657 discissione
3220 3610 3409 3662 mundi

1827 3680 1993 3749 hujus
2049 3682 2465 3750 generationem
2524 3685 2951 3754 cointroduxit;
3007 3708 3078 3746 ne
3138 3696 3409 3763 Optimum

1826 3772 2034 3826 bonum
2065 3774 2551 3845 circumscriptum
2594 3778 2860 3836 faciamus
2881 3792 2939 3836 et
2963 3784 3094 3848 vilc,
3121 3788 3293 3842 vcluti
3318 3805 3410 3844 sa-

1830 3871 2017 3917 tietate
2043 3864 2281 3932 quadam
2306 3866 2760 3935 circumlinitum,
2784 3881 2841 3925 et
2868 3873 3164 3930 seditionis
3187 3891 3407 3949 causam

1825 3952 2024 4007 factam
2058 3954 2183 4018 illis,
2210 3972 2449 4025 quorum
2501 3960 2863 4028 desiderium,
2912 3964 2966 4017 id
3020 3968 3167 4035 quod
3200 3970 3411 4025 incom-

1827 4047 2092 4103 mutabile
2126 4058 2231 4111 est,
2258 4057 2445 4105 tenere
2475 4067 2585 4105 non
2609 4055 2787 4122 potuit
2815 4056 2899 4125 (ἱ).
2925 4056 2996 4110 Ει
3014 4073 3083 4113 ne
3110 4060 3408 4117 vanitatem

1829 4140 1992 4192 talem
2016 4140 2241 4209 quidam
2271 4142 2343 4197 de
2369 4153 2568 4197 caetero
2598 4145 2853 4212 adorent,
2906 4159 2968 4202 ut
3002 4149 3139 4204 mihi
3165 4151 3404 4219 videtur,

1825 4245 1889 4283 ea
1910 4246 2033 4298 qua:
2058 4247 2168 4285 non
2195 4242 2324 4287 sunt
2347 4234 2635 4304 ﬁngentes,
2667 4245 2724 4290 et
2748 4239 2896 4306 quod
2916 4255 2984 4293 eo
3007 4243 3250 4310 gravius,
3273 4244 3373 4299 bea
3390 4275 3406 4286 -

1830 4330 1942 4373 tum
1977 4323 2127 4376 hunc
2148 4322 2390 4389 Patrem,
2435 4326 2606 4381 veluti
2654 4329 2783 4381 talia
2816 4330 3142 4399 sapientem,
3199 4340 3407 4389 calum-

1826 4413 2075 4478 nientur,
2141 4415 2195 4467 in
2235 4432 2345 4485 quo
2400 4433 2513 4471 non
2563 4420 2741 4473 solum
2805 4435 2866 4474 se
2904 4437 2973 4475 ex
3021 4425 3190 4491 priori
3220 4426 3405 4493 specie

161 4497 462 4567 προσώπων
507 4501 871 4566 ἀξιοπιστίας,
898 4503 960 4553 ού
996 4500 1175 4562 καλῶς
1217 4500 1323 4552 οὐδ’
1354 4499 1516 4560 ὁσίως
1550 4500 1723 4568 πράτ-

1839 4505 1953 4557 vita:
1983 4510 2196 4559 animas
2225 4506 2282 4559 in
2333 4523 2567 4576 corpora
2609 4511 2799 4565 venire
2830 4511 2886 4566 in
2919 4514 3184 4568 ultionem
3210 4530 3403 4569 eorum

160 4604 365 4651 τοντας,
413 4590 526 4641 ἀλλ’
562 4592 804 4654 ἐκείνους
854 4592 1073 4662 ἔχοντας
1123 4591 1352 4660 ἀφέντες
1400 4590 1474 4651 ὡς
1506 4592 1721 4659 ἔχουσιν

161 4678 311 4729 αὐτοὶ
343 4680 582 4744 εὑσεάῶς
611 4685 770 4753 ἡμεῖς
792 4683 886 4734 τόν
926 4682 1052 4735 νούν
1076 4681 1171 4733 τοῦ
1200 4681 1523 4734 διδασκάλου
1582 4680 1718 4749 πρὸς

162 4771 271 4831 τοῖς
298 4772 602 4842 εἰρημένοις
626 4776 717 4827 καὶ
736 4774 855 4827 κατ’
887 4773 1044 4827 ἄλλον
1075 4773 1480 4843 σκοπήσομεν³⁵
1499 4775 1719 4841 τρόπον.

1829 4610 1951 4663 qua:
1974 4606 2101 4648 ante
2135 4606 2450 4665 perpetrata
2478 4609 2606 4651 sunt
2636 4600 2905 4654 malorum
2933 4601 3183 4657 dicentes
3209 4618 3403 4658 cense»

1827 4696 2066 4753 quenter
2101 4697 2355 4754 possunt,
2387 4688 2484 4741 sed
2508 4697 2565 4743 et
2588 4690 2726 4743 alios
2760 4691 3030 4748 seducere
3084 4694 3163 4748 sic
3195 4694 3400 4748 habere

1831 4770 2233 4831 rationabiliter
2260 4780 2515 4833 conando
2546 4797 2645 4849 per
2663 4797 3021 4851 personarum
3044 4785 3396 4854 probitatem,

164 4876 336 4928 neque
363 4862 503 4916 bene
532 4879 710 4933 neque
743 4872 931 4917 sancte
954 4872 1199 4933 agentes,
1247 4866 1342 4916 sed
1373 4865 1494 4917 illos
1520 4866 1615 4932 qui
1643 4866 1722 4919 sic
1759 4866 1965 4922 habent
2017 4868 2223 4922 habere
2275 4870 2638 4937 dimittentcs,
2676 4888 2779 4927 nos
2812 4874 2912 4942 ipsi
2943 4877 3031 4943 pic
3062 4876 3399 4932 intellectum

166 4958 401 5027 magistri
430 4975 553 5013 cum
579 4960 666 5014 his
694 4976 815 5031 qua:
845 4961 991 5016 dicta
1037 4970 1170 5016 sunt
1207 4962 1376 5017 etiam
1422 4976 1519 5029 per
1553 4962 1719 5013 alium
1758 4962 2253 5031 contemplabimur
2285 4964 2529 5018 modum.

237 5052 343 5103 οὐκ
370 5048 523 5122 οἶμαι
555 5054 654 5123 τῆς
682 5053 1029 5123 ἀνθρωπίνης
1056 5052 1221 5108 αὐτὸν
1246 5054 1511 5121 γενέσεως
1538 5051 1727 5104 ἐνταῦο

1905 5054 2023 5107 Non
2058 5054 2299 5108 arbitror
2364 5056 2531 5126 igitur
2578 5059 2829 5113 humanm
2861 5076 2989 5115 eum
3030 5065 3400 5131 generationis

1466 5205 1700 5263 VARIJE
1741 5206 2146 5265 LECTIONES.

255 5356 293 5386 "
311 5355 404 5408 τοῦ
427 5355 486 5408 τὸ
509 5355 598 5410 ed.
620 5356 738 5411 Gal.

172 5428 212 5458 "
239 5425 377 5495 αὐτῴ
409 5426 497 5479 ed.
536 5427 653 5481 Gal.

167 5499 251 5551 ed.
300 5496 418 5551 Gal.

818 5357 861 5388 “
884 5358 1062 5427 φαμὲν
1088 5357 1178 5413 ed.
1201 5356 1318 5412 Gal.

731 5427 777 5458 ³ο
817 5428 1208 5497 συνιστάμενον
1235 5429 1324 5482 ed.
1352 5427 1469 5480 Gal.

495 5498 540 5527 “
588 5501 949 5566 σκοπήσωμεν
976 5498 1063 5551 ed.
1091 5497 1207 5552 Gal.

1399 5358 1441 5387 ⁸⁷
1497 5375 1555 5410 τε
1605 5357 1700 5410 καὶ
1737 5358 2026 5428 Γραφικῶς
2072 5377 2181 5416 non
2235 5362 2398 5417 habet
2450 5364 2541 5418 ed.
2592 5364 2709 5421 Gal.

1549 5431 1591 5459 ἰ
1621 5429 1912 5483 πολιτικῶν
1942 5431 2066 5485 cod.
2096 5434 2235 5486 Gud.
2311 5436 2354 5463 “
2381 5436 2497 5487 ούόε
2536 5435 2763 5506 δύνηται
2790 5429 2879 5491 ed.
2913 5429 3029 5494 Gal.

2789 5366 2832 5397 ⁸⁸
2857 5368 3129 5438 γεννητῶν
3154 5370 3245 5424 ed.
3275 5372 3394 5429 Gal.

2790 5436 2857 5473 ml
2913 5439 3007 5473 Πηι
3109 5444 3153 5473 η
3201 5450 3394 5473 ..._....:..

3201 5460 3397 5511 φωνειν

1679 5590 1908 5649 ΝΟΤΛΞ.

237 5701 308 5772 (Ii)
333 5699 555 5772 ﬁ'ocula
584 5710 629 5752 et
657 5698 1005 5753 desideratur
1030 5700 1085 5772 in
1110 5698 1199 5755 ed.
1234 5699 1387 5755 Galc.

236 5770 292 5839 (ι)
329 5770 486 5826 Verte
518 5781 566 5822 et
593 5774 790 5839 [rustra
822 5788 936 5823 eam
970 5771 1283 5842 (unitatem)
1314 5774 1553 5839 deinceps
1583 5776 1868 5842 pra'dicaut
1894 5775 2114 5845 (Gali-4-
