4200 6440
779 362 905 425 1001

1970 364 2025 419 S.
2070 362 2353 422 ΜᾹΧῘΜῘ
2393 363 2894 426 CONFESSORIS

3887 374 4026 436 109:2

775 474 884 535 hic,
919 471 1013 524 sed
1049 472 1305 539 ingenitm
1337 471 1386 523 ei
1441 470 1676 523 miseriae
1714 485 1933 522 causam
1980 484 2208 522 narrare
2256 484 2348 520 vo-

2449 469 2539 531 θα,
2578 472 2713 525 ἀλλὰ
2752 475 2848 542 τῆς
2892 476 3286 546 ἐπιγενομένης
3320 479 3456 549 αὐτῇ
3500 480 3871 551 ταλαιπιοιρίας
3918 485 4023 550 τὴν

774 562 961 616 luisse.
992 562 1207 630 Lugcns
1245 562 1392 613 enim
1421 562 1674 629 corporis
1717 562 1889 613 nostri
1933 561 2209 613 miseriam
2245 577 2344 629 per

776 654 882 708 hoc
914 654 1151 707 dicendo
1183 672 1193 705 :
1239 672 1256 701 ‹
1297 654 1340 704 0
1379 655 1828 723 conjunctionern
1855 664 1908 706 et
1936 654 2341 722 scparationcm

772 762 935 814 quam
964 746 1094 797 dum
1120 747 1290 797 timeo
1309 746 1815 813 circumsequor,et
1837 745 1984 814 quod
2012 760 2135 798 amo
2154 746 2336 809 dedi,»

772 845 830 888 et
864 836 1076 903 reliqua
1105 852 1117 887 :
1148 843 1205 887 et
1230 837 1396 890 veluti
1445 838 1589 903 apud
1627 836 1988 903 semetipsum
2023 836 2341 890 deliberans

772 927 841 980 de
877 942 1041 980 causa
1076 943 1269 980 eorum
1318 928 1526 996 quibus
1565 926 1998 981 dehonestamur
2043 929 2336 991 malorum,

770 1028 827 1071 et
856 1028 1049 1070 contra
1078 1034 1199 1071 eam
1238 1018 1650 1087 sapientissima
1691 1018 1984 1087 prudentia
2028 1018 2339 1087 disputans,

772 1124 871 1176 per
900 1109 1006 1162 hoc
1036 1109 1181 1177 quod
1220 1109 1388 1162 dicit:
1427 1126 1446 1158 ‹
1478 1109 1610 1173 Qua:
1663 1124 1790 1177 erga
1844 1124 1931 1161 me
1961 1109 2261 1176 sapientia,
2287 1118 2344 1161 et

770 1202 917 1271 quod
953 1218 1212 1271 magnum
1239 1201 1604 1271 mysterium?
1645 1218 1663 1251 ι
1714 1200 1949 1262 addidit,
2008 1198 2340 1253 solutionem

771 1295 934 1361 plane
958 1294 1165 1346 faciens
1191 1293 1268 1345 sic
1295 1308 1307 1343 :
1345 1310 1364 1341 ι
1397 1292 1481 1345 An
1514 1290 1633 1343 vult
1675 1300 1887 1357 partem
1929 1304 2032 1341 nos
2066 1303 2189 1341 esse
2221 1289 2338 1354 Dei,

769 1396 827 1441 et
852 1388 1141 1441 desursum
1175 1385 1431 1446 fluentes,
1465 1392 1525 1435 ut
1554 1397 1662 1434 non
1696 1397 1794 1450 per
1833 1380 2157 1447 dignitatem
2190 1382 2341 1433 eval-

770 1478 866 1533 tati
898 1487 955 1530 et
978 1476 1225 1530 emlestia
1250 1474 1689 1542 contemplantes
1718 1472 2090 1540 despiciamus
2114 1470 2334 1525 Creato-

770 1585 883 1621 rem
916 1570 970 1622 in
1001 1567 1302 1637 luctatione
1332 1581 1396 1617 ac
1424 1580 1607 1632 pugna
1636 1578 1759 1630 qua:
1779 1571 1973 1615 contra
2006 1578 2207 1631 corpus
2234 1571 2337 1626 est,

767 1660 834 1712 ad
871 1660 1052 1727 ipsum
1092 1672 1310 1723 semper
1338 1652 1720 1722 aspiciendum
1765 1660 1821 1706 et
1870 1652 2218 1721 conjunctam
2255 1652 2339 1704 in-

769 1750 1081 1801 firmitatem
1121 1748 1455 1799 nutrituram
1488 1759 1609 1797 esse
1657 1742 1964 1812 dignitatis.
1992 1760 2010 1791 ι
2064 1742 2140 1796 Ac
2189 1742 2339 1797 sisic

766 1840 998 1895 diceret.
1034 1839 1295 1906 quoniam
1324 1836 1548 1904 quidem
1584 1851 1651 1888 ex
1688 1834 1870 1887 anima
1899 1844 1953 1887 et
1983 1850 2217 1904 corpore
2241 1850 2338 1903 per

767 1930 1068 1984 bonitatem
1098 1945 1127 1981 a
1156 1929 1268 1981 Deo
1294 1927 1473 1980 factus
1507 1935 1594 1979 est
1623 1927 1811 1987 homo,
1861 1926 1914 1978 in
1950 1926 2056 1979 hoc
2107 1926 2339 1979 medita-

765 2022 917 2074 bitur
942 2020 1089 2088 quod
1116 2019 1222 2095 sibi
1264 2017 1554 2070 rationalis
1593 2028 1649 2071 et
1684 2016 2078 2071 intellectualis
2106 2017 2231 2072 data
2267 2019 2338 2071 sit

763 2114 969 2173 anima,
997 2112 1202 2180 quippe
1226 2108 1563 2162 secundum‘
1592 2107 1889 2174 imaginem
1929 2108 2182 2162 facientis
2215 2124 2335 2161 eam

764 2204 1083 2263 substituta,
1109 2217 1230 2269 qum
1258 2216 1355 2270 per
1386 2198 1729 2252 desiderium
1782 2198 2005 2267 quidem
2050 2209 2107 2254 et
2130 2215 2197 2253 ex
2222 2209 2335 2254 tota

763 2294 972 2347 virtute
997 2292 1369 2345 universalem
1401 2289 1728 2343 charitatem
1764 2288 1998 2343 firmiter
2038 2291 2208 2344 Deum
2238 2306 2337 2344 co-

765 2385 1015 2452 gnitione
1048 2382 1316 2452 possidet,
1346 2389 1404 2435 et
1426 2380 1733 2435 secundum
1766 2381 2187 2435 similitudinem
2217 2382 2337 2435 dei-

765 2475 1077 2528 Ilcationem
1108 2473 1362 2541 accipiet,
1407 2471 1712 2526 secundum
1768 2488 1900 2525 vero
1935 2472 2335 2542 disciplinalem

764 2566 830 2620 ad
851 2566 1159 2633 subjectqu
1183 2563 1588 2633 providentiam
1618 2573 1673 2617 et
1702 2563 1770 2617 de
1792 2564 2071 2633 diligendo
2089 2567 2337 2634 proximo

763 2660 911 2711 sicut
936 2672 993 2708 se
1020 2657 1189 2723 ipsam
1220 2655 1422 2724 jubens
1450 2655 1767 2711 mandatum
1794 2668 1815 2694 τ
1844 2696 1864 2724 ,
1893 2659 2194 2727 prudenter
2210 2674 2335 2715 cor-

763 2765 867 2817 pus
892 2747 1109 2815 recipit,
1153 2761 1253 2814 per
1285 2746 1519 2800 virtutes
1542 2747 1709 2800 etiam
1762 2748 1908 2802 illud-
1931 2749 2190 2803 famulari
2222 2749 2336 2803 Deo

761 2839 949 2899 efﬁcit,
986 2846 1046 2891 ut
1082 2852 1434 2897 conservum.
1485 2846 1543 2890 et
1599 2854 1698 2907 per
1759 2854 1914 2892 suam
1980 2840 2335 2895 medietatem

763 2931 1027 2983 factorem
1069 2928 1234 2981 faciet
1262 2941 1667 2996 possessurum.
1713 2939 1771 2983 et
1822 2929 1950 2983 data
2006 2929 2335 2984 immortali-

762 3032 873 3075 tate
907 3021 1189 3075 insolubili
1223 3021 1449 3074 vinculo
1478 3021 1615 3074 illud
1657 3022 1762 3075 sibi
1796 3023 2246 3092 conjuncturunr,
2277 3031 2337 3076 ut

2370 1798 2413 1855 ll

2445 562 2624 613 αἰτίαν
2680 565 3014 631 ἀφηγεῖσθαι
3074 566 3376 634 βούλεσθαι.
3431 570 3721 640 Θρηνήσας
3760 572 3869 640 γὰρ
3927 574 4025 625 τοῦ

2445 652 2698 722 σώματος
2753 655 2911 723 ἡμῶν
2974 656 3073 725 τὴν
3126 642 3468 728 ἐῖεεινότητα
3520 661 3608 713 διὰ
3655 660 3749 714 τοῦ
3815 665 4023 723 είπεῖν,

2451 761 2467 791 ι
2516 745 2579 795 Ὢ
2617 744 2717 812 τῆς
2752 744 3013 812 συζυγίας
3040 747 3134 798 καὶ
3163 748 3264 815 τῆς
3301 748 3796 818 ἀλλοτριώσεωςίὸ
3820 752 4026 818 φοϐοῦ-

2446 851 2566 903 μαι,
2600 835 2868 903 περιέπω,
2897 836 2993 888 καὶ
3016 836 3044 887 ὃ
3066 836 3299 907 στέργω,
3323 838 3562 902 δέδοικα,
3600 857 3618 889 ι
3650 840 3747 891 καὶ
3770 840 3840 892 τὰ
3867 840 4023 907 ἑξῆς,

2444 928 2538 978 καὶ
2583 921 2693 977 οἷον
2728 926 2866 995 πρὸς
2907 928 3100 980 ἑαυτὸν
3138 928 3479 999 διαπορήσας
3513 931 3641 1000 περὶ
3682 931 3782 1000 τῆς
3836 932 4026 995 αἰτίας

2441 1016 2552 1068 τῶν
2580 1011 2665 1076 οἷς
2691 1017 3029 1085 ὲνισχήμεθα
3063 1020 3251 1071 κακῶν
3282 1021 3379 1072 καὶ
3412 1020 3511 1089 τῆς
3556 1021 3679 1073 κατ’
3710 1021 3884 1092 αὐτὴν
3930 1040 4024 1073 σο-

2444 1109 2693 1177 φωτάτης
2739 1110 2993 1179 προνοίας
3055 1110 3143 1164 διά
3200 1112 3293 1164 τοῦ
3356 1113 3542 1180 φάναι.
3582 1132 3601 1162 ι
3645 1113 3741 1175 Τίς
3790 1115 3825 1181 ἡ
3892 1114 4028 1182 περὶ

2444 1198 2543 1267 ἐμὲ
2608 1198 2789 1266 σοφία,
2852 1201 2945 1252 καὶ
2993 1200 3043 1252 τί
3084 1201 3146 1253 τὸ
3202 1202 3348 1270 μέγα
3410 1202 3568 1255 τοῦτο
3606 1204 3911 1273 μυστήριον
3948 1220 3962 1264 ς
4000 1220 4020 1251 ι

2443 1290 2640 1357 ὲπάγει
2668 1290 2768 1357 τὴν
2817 1289 2972 1344 λύσιν
3008 1292 3220 1361 τρανῶς
3250 1294 3575 1363 ποιούμενος
3605 1294 3779 1355 οὕτως
3806 1312 3822 1326 ο
3872 1313 3892 1345 ι
3951 1296 4024 1346 “ll

2445 1380 2692 1447 βούλεται
2726 1385 2924 1451 μοῖραν
2955 1384 3103 1451 ἡμᾶς
3137 1384 3298 1446 ὄντας
3323 1384 3458 1437 Θεοῦ
3490 1386 3585 1437 καὶ⁵
3622 1385 3834 1437 ἄνωθεν
3889 1385 4023 1455 ρεῦο

2446 1487 2667 1535 σαντας,
2698 1472 2785 1524 ἵνα
2834 1474 2908 1542 μὴ
2937 1475 3026 1526 διὰ
3051 1475 3147 1544 τὴν
3174 1473 3331 1539 ἀξίαν
3362 1477 3711 1545 ἐπαιρόμενοι
3750 1477 3844 1530 καὶ
3884 1494 4021 1546 μετ-

2442 1562 2793 1630 εωριζόμενοι
2841 1564 3272 1634 καταφρονῶμεν
3311 1564 3407 1618 τοῦ
3448 1567 3772 1628 κτίσαντος,
3828 1570 3886 1618 ὲν
3947 1570 4015 1634 τῇ

2444 1653 2581 1721 πρὸς
2634 1655 2697 1705 τὸ
2729 1653 2889 1723 σῶμα
2916 1656 3060 1724 πάλῃ
3089 1658 3181 1708 καὶ
3209 1655 3357 1727 μάχῃ
3400 1657 3537 1726 πρὸς
3564 1657 3727 1708 αὐτὸν
3772 1658 3862 1709 ἀεὶ
3910 1657 4028 1725 βλέ-

2442 1763 2585 1808 πειν,
2614 1750 2708 1798 καὶ
2737 1748 2836 1817 τὴν
2867 1749 3303 1817 συνεζευγμένην
3326 1748 3611 1801 ἀσθένειαν
3636 1749 4027 1814 παιδαγωγίαν

2442 1834 2577 1889 εἶναι
2608 1836 2699 1889 τοῦ
2728 1838 3058 1907 ἀξιώματος.
3092 1858 3109 1889 ι
3156 1840 3366 1891 Ὠσανεὶ
3394 1840 3599 1905 ἔλεγεν,
3633 1842 3937 1910 ἐπειδήπερ
3962 1843 4027 1892 ἐκ

2440 1927 2613 1995 ψυχῆς,
2664 1928 2761 1979 καὶ
2820 1927 3073 1994 σώματος
3103 1929 3168 1980 δι’
3195 1929 3507 1999 ἀγαθότητα
3550 1932 3578 1982 ὁ
3607 1928 3895 2000 ἄνθρωπος
3929 1931 4025 1996 γέ-

2441 2035 2565 2085 γονε
2598 2020 2641 2049 ”
2672 2018 2824 2088 παρά
2874 2019 2967 2070 τοῦ
3015 2019 3175 2082 Θεοῦ,
3219 2021 3304 2087 ἐφ’
3330 2014 3375 2088 ᾧ
3411 2022 3511 2089 τὴν
3557 2022 3806 2074 δοθεῖσαν
3870 2023 4027 2090 αὐτῷ

2440 2108 2664 2179 λογικήν
2691 2125 2749 2161 τε
2774 2112 2870 2161 κα)⁸
2906 2111 3100 2179 νοερὰν
3124 2110 3324 2182 φυχὴν,
3352 2114 3446 2165 ἅτε
3465 2113 3529 2182 δὴ
3563 2114 3683 2165 κατ’
3712 2114 3903 2165 εἰκόνα
3927 2115 4027 2164 τοῦ

2440 2202 2763 2269 ποιήσαντος
2787 2201 2958 2271 αὐτὴν
2992 2203 3367 2272 ὑπάρχουσαν,
3396 2204 3536 2271 κατά
3569 2206 3667 2273 μὲν
3699 2205 3795 2274 τὴν
3829 2206 4028 2271 ἔφεσιν

2441 2292 2537 2343 καὶ
2587 2292 2686 2360 τὴν
2716 2292 2776 2356 ἐξ
2806 2292 2935 2361 ὅλης
2968 2291 3255 2363 δυνάμεως
3281 2294 3469 2364 ὀλικὴν
3505 2296 3554 2324 ¹⁶
3583 2296 3807 2365 ἀγάπην
3841 2295 4021 2366 ἀπρὶξ

2439 2385 2576 2438 Θεοῦ
2628 2386 2948 2453 γνωστικῶς
3005 2386 3293 2455 ἐχομένην.
3347 2387 3442 2439 καὶ
3494 2387 3555 2439 τὸ
3604 2386 3725 2439 καθ’
3751 2387 4025 2455 ὁμοίωσιν

2442 2476 2857 2547 προσλαϐοῦσαν
2879 2478 3169 2547 θεωθῆναι,
3206 2477 3394 2547 (129
3410 2479 3466 2547 a)
3518 2480 3658 2531 κατὰ
3684 2479 3739 2531 δὲ
3764 2480 3867 2550 τὴν
3898 2482 4024 2530 ἐπι-

2441 2569 2778 2640 στημονικὴν
2828 2566 2999 2639 ’πρὸς
3034 2571 3125 2622 -τὸ
3188 2569 3477 2639 ὑφειμένον
3555 2571 3834 2643 πρόνοιαν,
3925 2572 4023 2623 καὶ

2400 2712 2403 2713 ,
2440 2659 2535 2728 τὴν
2561 2660 2689 2730 περὶ
2710 2660 2771 2712 τὸ
2798 2661 3017 2731 ἀγαπᾷν
3038 2654 3145 2739 ’τὸν
3175 2659 3402 2728 πλησίον
3432 2660 3506 2724 ὼς
3535 2661 3725 2713 ἑαυτὸν
3755 2661 4019 2713 κελεὺουο

2440 2768 2539 2803 σαν
2569 2750 2810 2820 ἐντολὴν,
2844 2751 3132 2820 ἐμφρόνως
3173 2748 3270 2802 τοῦ
3314 2749 3567 2820 σώματος
3608 2752 4019 2820 ἀντεχομὲνην,

2439 2841 2652 2909 λογίσαι
2697 2859 2758 2895 τε
2808 2842 2875 2895 δι’
2908 2841 3123 2913 ἀρετῶν
3153 2841 3289 2895 αὐτὸ
3340 2843 3434 2895 καὶ
3472 2843 3752 2896 οἰκειῶσαι
3784 2842 3908 2911 Θεῷ
3941 2842 4018 2905 ῶς

2438 2934 2726 3002 ὁμόδουλον
2752 2933 2818 2985 δι’
2844 2933 3042 3001 ἑαυτῆς
3075 2919 3463 3003 μεσιτευούσης
3491 2935 3583 2986 τὸν
3608 2934 3843 3005 ποιητὴν
3873 2934 4018 2986 ἐνοι-

2439 3041 2555 3085 κον,
2595 3026 2689 3076 καὶ
2721 3014 2823 3093 τῆς
2849 3023 3095 3093 δοθείσης
3124 3023 3427 3088 ἀθανασίας
3451 3025 3655 3078 ἄλυτον
3679 3026 3883 3096 δεσμὸν
3917 3026 4020 3079 αὐ-

760 3110 906 3180 quud
952 3112 1097 3164 Deus
1126 3109 1347 3172 animte,
1380 3108 1487 3163 hoc
1511 3107 1696 3172 anima
1721 3110 1943 3178 corpori
1973 3109 2086 3173 fiat,
2109 3120 2165 3165 et
2189 3126 2334 3165 unus

2438 3112 2529 3162 τὸν
2560 3111 2930 3180 ποιησομένην
2957 3110 3106 3180 αὑτῷ
3124 3111 3216 3163 τὸν
3240 3111 3604 3181 συνδήσαντα,
3629 3114 3696 3165 ἵν’
3727 3114 3869 3184 ὅπερ
3897 3115 4017 3165 ἐστὶ⁵

760 3200 1091 3253 ostendatur
1112 3197 1361 3251 omnium
1390 3197 1642 3261 Creator,
1695 3198 2186 3267 proportionaliter
2233 3216 2334 3269 per
2364 3260 2373 3266 ,

762 3294 1162 3347 humanitatem
1217 3290 1403 3343 omnia
1462 3290 1786 3359 ingrediens
1842 3306 1963 3359 qua:
2004 3300 2155 3356 sunt,
2190 3295 2332 3346 etin

762 3399 933 3436 unum
967 3382 1194 3435 veniant
1224 3381 1399 3433 multo
1423 3396 1452 3433 a
1478 3396 1536 3434 se
1562 3380 1799 3434 invicem
1838 3381 2143 3434 secundum
2174 3391 2335 3436 natu-

763 3489 878 3526 ram
921 3472 1203 3534 distantia,
1237 3472 1382 3524 circa
1425 3487 1589 3524 unam
1646 3471 1890 3525 hominis
1943 3482 2195 3527 naturam
2226 3474 2332 3528 sibi

765 3566 996 3619 invicem
1027 3562 1437 3625 convenientia,
1467 3572 1524 3616 et
1552 3564 1611 3615 fit
1632 3564 1819 3633 omnia
1850 3563 1904 3618 in
1936 3565 2195 3619 omnibus
2217 3567 2333 3636 ipse

762 3656 908 3709 Deus
937 3651 1121 3706 omnia
1161 3650 1670 3721 eomprehendens,
1702 3662 1760 3705 et
1794 3668 1966 3707 unum
1992 3654 2334 3710 substituens

763 3746 1006 3806 sibimet,
1033 3758 1100 3796 eo
1125 3742 1272 3812 quod
1307 3742 1522 3796 nullum
1555 3742 1795 3813 amplius
1824 3757 2018 3797 eorum
2048 3760 2169 3813 quae
2201 3755 2332 3800 sunt

762 3835 964 3890 sinitur
988 3831 1272 3902 possidere
1304 3841 1540 3895 motum,
1586 3840 1641 3885 et
1664 3816 1839 3902 ipsius
1876 3849 2074 3903 expers
2095 3850 2336 3903 praesen-

765 3928 873 3989 tize,
898 3940 999 3994 per
1033 3938 1199 3993 quam
1224 3930 1291 3976 et
1316 3922 1381 3992 (j)
1417 3920 1494 3976 dii
1519 3929 1576 3975 et
1603 3920 1702 3975 lllii
1735 3930 1792 3975 et
1837 3936 2040 3991 corpus
2076 3931 2133 3978 et
2162 3940 2333 3980 mem-

762 4019 860 4071 bra
883 4024 939 4070 et
970 4030 1097 4085 pars
1123 4013 1219 4068 Dei
1252 4022 1309 4067 et
1346 4013 1547 4066 horum
1576 4012 1781 4067 similia
1806 4023 1862 4066 et
1891 4029 2085 4067 sumus
2108 4023 2165 4069 et
2192 4015 2335 4071 dici-

764 4126 888 4162 mur
916 4120 929 4157 t
972 4123 1035 4162 ea
1060 4122 1182 4175 quae
1210 4104 1277 4158 ad
1307 4104 1467 4161 finem
1496 4103 1869 4159 estrelatione
1905 4104 2107 4161 divina:
2141 4123 2337 4177 specu-

762 4201 1006 4253 lationis.

830 4291 1101 4357 Quoniam
1142 4289 1310 4359 igitur
1340 4298 1397 4343 et
1445 4287 1553 4341 hoc
1594 4287 1737 4342 etin
1776 4288 1880 4342 hoc
1934 4287 2101 4342 homo
2157 4290 2335 4346 factus

759 4392 867 4445 est,
904 4383 959 4435 in
990 4382 1171 4451 primo
1195 4396 1330 4435 vero
1357 4390 1513 4449 patre
1558 4394 1625 4433 eo
1656 4378 1801 4448 quod
1851 4389 2106 4449 paratum
2132 4390 2218 4435 est
2262 4380 2329 4435 ad

2435 3197 2567 3259 θεὸς
2582 3196 2748 3267 ψυχῇ,
2778 3196 2939 3251 τοῦτο
2958 3198 3102 3268 ψυχὴ
3126 3198 3340 3269 σώματι
3360 3199 3586 3270 γένηται
3606 3240 3620 3261 .
3643 3200 3737 3253 καὶ
3760 3195 3842 3263 εἷς
3878 3203 4020 3252 ἀπο-

2433 3289 2619 3358 δειχθῇ
2636 3288 2747 3341 τῶν
2762 3288 2900 3341 ὅλων
2913 3290 3275 3359 Δημιουργὸς,
3298 3290 3573 3357 ἀναλόγως
3590 3291 3675 3344 διὰ
3688 3291 3995 3362 τῆςάνθρω
4006 3320 4021 3331 -

2435 3380 2669 3449 πότητος
2686 3380 2854 3432 πᾶσιν
2874 3381 3211 3434 ἐπιϐατεύων
3229 3383 3341 3443 τοῖς
3357 3377 3496 3444 οὖσι,
3520 3382 3704 3441 καὶείς
3726 3382 3782 3433 ἓν
3800 3382 3934 3452 ἔλθῃ
3949 3384 4019 3434 τὰ

2436 3469 2610 3522 πολλά
2628 3469 2875 3540 ἀλλήλων
2912 3470 3052 3523 κατά
3082 3470 3181 3540 τὴν
3210 3471 3371 3539 φύσιν
3400 3472 3719 3541 διεστηκότα
3746 3474 3879 3544 περὶ
3915 3476 4018 3543 τὴν

2438 3562 2569 3630 μίαν
2591 3560 2686 3613 τοῦ
2713 3559 3003 3632 ἀνθρώπου
3033 3560 3197 3630 φύσιν
3237 3562 3488 3633 ἀλλήλοις
3523 3566 3886 3629 συννεύοντα,
3919 3569 4017 3619 καὶ

2434 3651 2657 3720 γένηται
2685 3650 2755 3702 τά
2774 3652 3033 3724 πάνταρὲν
3056 3654 3220 3707 πᾶσιν
3240 3652 3401 3716 αὐτὸς
3425 3656 3453 3706 ὁ
3471 3653 3623 3719 Θεὸς,
3652 3656 3830 3709 πάντα
3856 3674 3923 3709 πε
3935 3675 4019 3727 ρι-

2439 3741 2624 3794 λαϐὼν
2653 3742 2749 3795 καὶ
2775 3743 3152 3816 ὲνυποστήσας
3186 3742 3386 3813 έαυτῷ,
3409 3744 3496 3799 διὰ
3520 3746 3614 3798 τοῦ
3648 3747 3816 3816 μηδὲν
3847 3748 3933 3801 ἔτι
3970 3750 4013 3779 ’⁷

2434 3830 2545 3883 τῶν
2574 3831 2744 3885 ὄντων
2771 3832 2969 3900 ἄφετον
2997 3832 3297 3902 κεκτῆσθαι
3316 3831 3416 3903 τὴν
3435 3835 3670 3904 κίνησιν,
3686 3838 3893 3907 καὶτῆς
3914 3839 4013 3891 αῦ-

2433 3922 2529 3975 τοῦ
2547 3923 2777 3993 ἄμοιρον
2798 3923 3125 4007 παρουσίας,
3148 3924 3268 3978 καθ’
3288 3925 3355 3995 ἢν
3371 3924 3464 3977 καὶ
3483 3923 3595 3978 θεοὶ
3615 3928 3709 3979 καὶ
3724 3927 3896 3981 τέκνα
3917 3932 4014 3982 καὶ

2436 4014 2595 4083 σῶμα
2609 4014 2709 4067 καὶ
2725 4014 2863 4084 μέλη
2887 4015 2981 4068 καὶ
3011 4018 3173 4085 μοῖρα
3202 4016 3336 4069 Θεοῦ
3366 4019 3461 4070 καὶ
3495 4018 3563 4070 τὰ
3597 4019 3824 4072 τοιαῦτά
3843 4023 4015 4091 ὲσμεν

2446 4107 2540 4158 καὶ
2569 4105 2842 4176 λεγόμεθα
2876 4109 2943 4176 τῇ
2975 4107 3111 4174 πρὸς
3154 4106 3215 4160 τὸ
3252 4107 3404 4172 τέλος
3440 4109 3687 4180 ἀναφορᾷ
3722 4110 3820 4163 τοῦ
3862 4111 4012 4166 θείου

2438 4214 2663 4250 σκοπου.

2520 4289 2737 4357 Ἐπειδὴ
2760 4290 2940 4343 τοίνυν
2960 4289 3120 4343 τοῦτο
3140 4291 3231 4344 καὶ
3255 4291 3347 4345 ἐπὶ
3367 4289 3542 4362 τούτῳ
3558 4293 3587 4346 ὁ
3608 4291 3896 4363 ἄνθρωπος
3919 4295 4013 4358 γέ-

2437 4398 2617 4449 γονεν,
2647 4382 2705 4433 ἐν
2743 4380 2801 4433 δὲ
2829 4380 2909 4450 τῷ
2935 4382 3241 4453 προπάτορι
3262 4381 3340 4452 τῷ
3358 4383 3557 4453 ἑτοίμῳ
3587 4380 3723 4453 πρὸς
3756 4384 4012 4447 ἐξουσίαν

760 4473 1092 4541 potentiam,
1160 4471 1369 4525 abusus
1414 4478 1500 4525 est
1519 4469 1586 4523 ad
1632 4470 1859 4533 malum,
1897 4469 2235 4526 transferens
2263 4488 2329 4526 ex

2438 4473 2527 4526 ἐπὶ
2563 4472 2624 4525 τὸ
2676 4473 2854 4542 χεῖρον
2888 4450 3199 4543 ἐχρήσατο,
3246 4450 3589 4542 μετενεγκὼν
3631 4450 3707 4526 *ὲκ
3758 4474 3856 4527 τοῦ
3896 4477 4015 4528 ἑπι-

758 4581 825 4617 eo
853 4565 998 4631 quod
1027 4578 1353 4617 concessum
1384 4570 1468 4615 est
1499 4561 1566 4615 ad
1611 4560 1665 4614 id
1704 4561 1852 4629 quod
1879 4561 2219 4629 prohibitum
2253 4573 2338 4618 est

758 4653 1097 4707 desiderium
1151 4652 1380 4722 (etenim
1431 4658 1552 4705 erat
1579 4665 1677 4719 per
1727 4667 1785 4703 se
1842 4659 2037 4719 potens
2068 4660 2124 4703 et
2154 4652 2335 4705 adlue-

759 4760 887 4797 rere
919 4744 1155 4797 Domino
1177 4744 1308 4797 etin
1334 4742 1594 4812 spiritum
1644 4740 1798 4802 ﬁeri;
1843 4741 2128 4795 adhaerere
2163 4757 2337 4797 merc-

760 4836 885 4890 trici
925 4846 980 4889 et
1007 4837 1062 4889 in
1090 4850 1294 4904 corpus
1322 4834 1441 4887 fieri
1484 4831 1747 4887 seductus
1777 4831 1951 4900 eligit,
1989 4841 2046 4885 et
2069 4832 2256 4885 divina
2282 4844 2337 4887 et

760 4927 917 4981 beata
969 4926 1183 4979 visione
1228 4925 1421 4977 volens
1459 4923 1700 4991 seipsum
1764 4921 2017 4990 expulit,
2062 4922 2141 4976 sic
2198 4923 2330 4993 dum

757 5026 905 5071 esset
940 5018 1084 5071 Deus
1114 5016 1313 5087 gratia,
1349 5024 1494 5069 terra
1532 5014 1650 5068 fieri
1696 5028 1795 5082 per
1826 5012 2165 5068 voluntatem
2189 5032 2332 5085 prar-
2368 5056 2380 5089 δ

759 5108 1090 5175 honoratis),
1137 5107 1418 5176 sapienter
1472 5105 1635 5159 simul
1682 5112 1740 5157 et
1808 5104 2246 5160 misericorditer
2277 5118 2333 5163 et

835 5262 851 5297 ι
890 5227 1081 5281 Matth.
1107 5242 1239 5289 xxn,
1262 5227 1350 5281 39.

2434 4563 2817 4632 τετραμμένου
2859 4562 2995 4631 πρὸς
3029 4562 3090 4615 τὸ
3128 4562 3509 4634 κεκωλυμένον
3548 4565 3649 4633 τὴν
3684 4564 4014 4635 δρεξιν(καὶ

2435 4654 2541 4724 γὰρ
2572 4649 2638 4723 ἦν
2667 4651 3047 4718 αὐτεξούσιος,
3078 4655 3172 4707 καὶ
3212 4654 3305 4707 τοῦ
3342 4655 3665 4725 κολληθῆναι
3691 4657 3768 4727 τῷ
3817 4659 4013 4729 Κυρίῳ

2420 4744 2536 4823 ’καὶ
2566 4744 2623 4795 ἓν
2656 4743 2874 4812 πνεῦμα
2902 4745 3176 4811 γενέσθαι,
3202 4746 3405 4799 καὶτοῦ
3428 4746 3759 4817 κολληοῆναι
3780 4750 3849 4819 τῆ
3875 4752 4013 4820 πόρ-

2440 4852 2505 4906 νῃ
2533 4836 2627 4886 καὶ
2662 4834 2719 4885 ἓν
2758 4835 2916 4904 σῶμα
2942 4836 3215 4903 γενέσθαι,
3246 4838 3546 4906 ἀπατηθεὶς
3578 4838 3883 4909 προείλετο,
3914 4842 4011 4893 καὶ

2439 4929 2530 4980 τοῦ
2560 4927 2703 4979 θείου
2737 4928 2831 4979 καὶ
2866 4928 3137 4999 μακαρίου
3170 4930 3371 4983 σκοποῦ
3410 4931 3551 4984 ἑκὼν
3578 4933 3773 4985 ἑαυτὸν
3802 4934 3979 4997 ἀπεξέ
4001 4965 4012 4973 -

2439 5035 2579 5070 νωσε
2600 5059 2614 5082 ,
2656 5017 2750 5070 τοῦ
2779 5018 2909 5081 Θεὸς
2936 5012 3077 5071 εἶναι
3100 5020 3300 5092 ξχάριτι
3340 5026 3400 5074 τὸ
3427 5020 3552 5091 χοῦς
3599 5023 3851 5089 γενέσθαι
3887 5026 4009 5077 καθ’

2440 5110 2652 5180 αἵρεσιν
2674 5108 3067 5179 προτιμήσας),
3100 5112 3279 5180 σοφῶς
3317 5111 3431 5182 ἅμα
3466 5113 3560 5166 καὶ
3608 5114 4011 5185 φιλανθρώπως

1506 5225 1522 5259 ι
1558 5222 1685 5276 Cor.
1721 5221 2143 5287 ιι’,15;1.1‹)τιη.
2176 5241 2253 5290 ιιι,
2292 5228 2338 5280 1.
2369 5253 2377 5269 ι
2434 5212 2447 5229 ’
2510 5262 2515 5270 .

2028 5333 2261 5389 VAle
2305 5336 2713 5392 LECTIONES.
3012 5392 3033 5417 κ

784 5468 789 5473 η
831 5431 877 5461 ιι
908 5429 1058 5499 παρὰ
1086 5428 1181 5480 τοῦ
1205 5424 1341 5499 Θεοῦ
1372 5426 1399 5476 ὁ
1432 5421 1978 5499 ἀνθῆρωποςιχέγονεν
1998 5422 2092 5499 ed,
2116 5416 2261 5477 Gal.’
2311 5428 2348 5499 ’ξ

2438 5426 2585 5499 adem
2610 5444 2803 5499 manus
2834 5416 3055 5498 antiqua
3086 5428 3149 5482 in
3191 5429 3315 5483 cod.
3345 5427 3485 5484 Gud.
3513 5429 3751 5483 correxit
3787 5429 4005 5493 ὁλικεῖς.

761 5502 805 5532 ’τ
834 5502 910 5553 ἔτι
937 5491 1285 5553 désideralur
1312 5496 1366 5548 iu
1395 5494 1486 5548 ed.
1517 5491 1635 5545 Cal.

1713 5492 1757 5519 "‘
1779 5491 1838 5543 τὸ
1866 5492 2214 5562 κολληθήναι,
2242 5497 2461 5551 omisso‘
2481 5500 2591 5561 καὶ,
2623 5498 2710 5551 ed.
2744 5498 2859 5551 Gal.

2292 5606 2518 5661 ΝΟΤΑΞ.

824 5685 889 5753 (j-)
927 5683 1000 5735 De
1030 5682 1130 5734 hac
1169 5696 1224 5753 re
1252 5678 1361 5753 egit
1391 5677 1657 5731 Maximus
1680 5678 1736 5753 in
1764 5673 2328 5753 PromptioadQum-

759 5745 970 5810 stiones
1002 5754 1053 5804 in
1088 5753 1142 5804 ὃ.
1166 5751 1533 5818 Scripturam.
1562 5761 1609 5801 ct
1644 5748 1811 5802 alibi:
1841 5746 2017 5799 fusius
2044 5745 2117 5799 ihi
2149 5746 2328 5800 innuit

2530 5688 2805 5813 qctprum,
2836 5681 2980 5749 quod
3008 5680 3097 5734 hic
3133 5679 3279 5735 feeit.
3310 5683 3371 5738 ν.
3402 5682 3655 5737 l‘hotiunt
3689 5682 3753 5735 ad
3787 5682 3844 5736 Ρ.
3884 5684 4003 5739 498.

2481 5766 2533 5800 ιιι
2561 5766 2608 5802 c.

2481 5766 2608 5802 ιπιυ.
