4200 6440
165 380 308 447 1ὓ93

1412 374 1929 438 AMBIGUORUM
1970 375 2220 435 LIBER.

3289 385 3420 450 1094

166 496 362 565 (129
384 495 436 563 ὁ)
490 492 585 546 καὶ
617 494 685 564 τῇ
720 492 885 546 αὐτοῦ
915 494 1237 562 πρεπόντως
1267 492 1564 563 ἀγαθότητι
1593 493 1621 544 ό
1653 490 1748 560 τὴν

1856 503 1969 542 sure
1995 489 2394 542 convenienter
2425 488 2658 542 bonitati
2721 497 2920 542 nostrm
2971 489 3166 545 salutis
3197 493 3421 564 dispen-

162 588 449 657 ἡμετέραν
495 586 773 656 σωτηρίαν
819 585 1120 653 οίκονομῶν
1171 585 1306 649 Θεὸς
1332 588 1400 656 τῇ
1445 585 1744 654 παραλόγῳ

164 680 385 747 κινήσει
408 679 510 747 τῆς
536 679 598 730 ἐν
628 679 760 747 ἡμῖν
802 678 996 744 νοερᾶς
1033 678 1318 747 δυνάμεως
1357 676 1745 746 παρεπομένην

160 769 404 830 δεόντως
447 767 547 836 τὴν
594 768 875 837 τιμωρίαν
897 767 1240 836 παρέπηξεν,
1273 765 1407 820 αὐτὸ
1438 767 1616 818 ἐκεῖνο
1647 784 1746 818 τυ-

162 860 266 928 χὸν
297 858 440 911 κατὰ
486 857 580 910 τὸν
618 858 808 910 εἰκότα
845 859 1002 926 λόγον
1032 859 1268 920 κολάσας
1290 857 1528 928 θανάτῳ,
1559 858 1688 927 περὶ
1714 855 1743 909 ὃ

162 950 272 1019 τὴν
298 953 442 1006 κατά
468 950 592 1004 νοῦν
619 950 766 1019 μόνῳ
788 952 834 982 ’³
866 949 988 1019 Θεῷ
1006 949 1462 1020 χρεωστουμένην
1484 949 1583 1019 τῆς
1610 949 1746 1016 ἀγά-

164 1057 287 1111 πης
313 1043 544 1111 δύναμιν
568 1042 1011 1112 κατερῤήξαμεν,
1046 1041 1133 1092 ἴνα
1159 1038 1256 1092 τοῦ
1288 1041 1520 1109 μηδενὸς
1570 1041 1743 1110 ἐρῶν-

163 1151 262 1196 τες
291 1135 380 1186 διὰ
400 1134 494 1187 τοῦ
529 1135 762 1204 πάσχειν
793 1136 922 1188 ποτὲ
963 1135 1228 1202 μαθόντες
1248 1133 1385 1202 πρὸς
1410 1133 1471 1185 τὸ
1499 1134 1556 1186 ὃν
1582 1132 1744 1184 πάλιν

163 1225 377 1293 ταύτην
425 1227 722 1294 ἐπανάγειν
763 1227 1106 1297 διδαχθῶμεν
1141 1223 1242 1296 τὴν
1286 1224 1537 1294 δύναμιν.
1565 1223 1744 1291 Ὅπερ

164 1312 382 1379 προῖὼν
428 1313 836 1382 ἐμφανέστερον
864 1315 1103 1365 ποιεῖται
1144 1312 1342 1380 λέγων,
1378 1332 1396 1364 ε
1447 1313 1589 1366 Ἀλλ’
1619 1312 1743 1380 ἐμοὶ

167 1399 276 1466 μὲν
303 1399 398 1451 καὶ
431 1399 520 1452 διὰ
545 1399 708 1452 τοῦτο
745 1401 893 1452 δοκεῖ
923 1399 1090 1469 μηδὲν
1120 1399 1229 1451 τῶν
1259 1397 1493 1452 ἐνταῦθα
1519 1397 1744 1465 ἀγαθῶν

162 1487 314 1542 εἶναι
384 1491 575 1543 πιστὸν
625 1492 741 1552 τοῖς
786 1490 1119 1561 ἀνθρώποις,
1155 1491 1293 1560 μηδὲ
1337 1490 1693 1559 πολυχρόνιον
1724 1531 1739 1553 ,

161 1581 284 1633 ἀλλ’
317 1582 476 1650 εῖπερ
498 1599 548 1633 τι
569 1581 718 1641 ἄλλο,
751 1581 844 1634 καὶ
867 1579 1024 1633 τοῦτο
1050 1579 1230 1643 καλῶς
1256 1578 1333 1639 τῷ
1354 1579 1576 1650 τεχνίτῃ
1602 1578 1744 1648 λόγῳ

163 1673 267 1728 καὶ
306 1677 372 1744 τῇ
419 1673 600 1726 πάντα
647 1672 774 1726 νοῦν
820 1672 1164 1743 ὑπερεχούσῃ
1208 1671 1372 1739 σοφία
1417 1671 1741 1740 μεμηχανῆ-

161 1765 316 1828 σθαι,
337 1764 657 1829 οπαίζεσθαι
698 1766 846 1834 ἡμᾶς
901 1765 964 1816 ὲν
1011 1767 1124 1827 τοῖς
1168 1765 1494 1834 ὁρωμένοις,
1549 1763 1738 1816 ἄλλοτε

159 1854 344 1918 ἄλλως
369 1855 862 1925 μεταϐαλλομένοις
887 1854 984 1909 καὶ
1027 1853 1446 1924 μεταϐάλλουσι,
1480 1855 1574 1908 καὶ
1629 1857 1742 1910 ἀνω

159 1945 263 1996 καὶ
301 1945 453 1998 κάτω
503 1945 828 2015 φερομένοις
869 1961 926 1998 τε
973 1945 1068 1997 καὶ
1106 1945 1616 2015 περιτρεπομένοις,
1648 1949 1743 1999 καὶ

159 2037 300 2105 πρὶν
347 2037 622 2108 ληφθῆναι
681 2037 908 2091 ἀπιοῦσι
965 2038 1062 2092 καὶ
1123 2037 1434 2107 φεύγουσιν,
1467 2039 1553 2091 ἵνα
1583 2039 1644 2092 τὸ
1685 2040 1743 2090 ὲν

157 2129 380 2192 τούτοις
427 2129 666 2184 ἄστατον
719 2131 816 2183 καὶ
865 2128 1156 2200 ἀνώμαλον
1187 2129 1568 2200 θεωρήσαντες
1607 2130 1743 2200 πρὸς

159 2223 224 2275 τὸ
254 2222 448 2291 μέλλον
503 2220 989 2293 μεθορμισώμεθα.
1027 2222 1094 2274 Τί
1148 2223 1256 2292 γάρ
1285 2223 1352 2276 ἂν
1405 2223 1743 2294 ἐποιήσαμεν

161 2311 403 2374 ἑστῶτος
464 2309 558 2364 τοῦ
604 2307 666 2365 εὖ
720 2312 986 2382 πράττειν
1009 2314 1166 2384 ἡμῖν,
1191 2314 1355 2366 ὁπότε
1395 2315 1457 2367 οὺ
1491 2314 1742 2384 μένοντος

160 2403 420 2456 τοσοῦτον
486 2402 636 2474 αὐτῷ
687 2403 1117 2474 προσδεδὲμεθα,
1159 2405 1255 2459 καὶ
1306 2406 1482 2469 οὕτως
1527 2408 1668 2477 ἡμᾶς
1709 2408 1739 2476 ὴ

161 2495 295 2563 περὶ
323 2493 484 2546 τοῦτο
521 2493 683 2564 ἡδονὴ
718 2493 816 2546 καὶ⁵
862 2485 1048 2566 ἀπάτη
1076 2494 1190 2565 ἔχει
1227 2495 1568 2559 δουλώσασα,
1599 2497 1740 2549 ὥστε

169 2586 341 2657 μηδὲν
369 2588 622 2656 κρεῖττον
652 2584 788 2655 μηδὲ
814 2585 1150 2658 ὑψηλότερον
1183 2587 1294 2640 τῶν
1312 2589 1600 2658 παρόντων
1628 2589 1744 2640 διας

161 2676 406 2731 νοεῖσθαι
425 2675 708 2740 δύνασθαι,
733 2677 1018 2731 καὶταῦτα
1047 2677 1170 2731 κατ’
1203 2678 1390 2730 εἰκόνα
1427 2678 1564 2730 Θεοῦ
1587 2694 1744 2745 γεγο-

161 2769 341 2832 νέναι,
358 2767 450 2822 καὶ
465 2767 765 2829 ἀκούοντας
778 2767 874 2820 καὶ
890 2766 1246 2831 πιστεύοντας
1261 2769 1361 2838 τὴν
1379 2768 1494 2822 ἀνω
1502 2784 1561 2821 τε
1579 2767 1642 2822 οὓ
1654 2785 1743 2820 ταν

163 2857 262 2910 καὶ
274 2856 411 2927 πρὸς
429 2855 630 2926 ἑαυτὴν
642 2855 928 2921 ἓλκουσανς
953 2875 971 2908 ι
997 2857 1110 2912 Καὶ
1123 2858 1287 2911 πάλιν
1301 2859 1360 2910 ἐν
1373 2857 1452 2928 τῷ
1469 2859 1607 2927 πρὸς
1618 2858 1744 2920 τοὺς

164 2945 619 3016 πολιτευομένους
634 2945 780 3015 λόγῳ
807 2945 1196 3013 φάσκων,ι”1ν⁹
1218 2948 1454 3018 είδῶμεν
1483 2950 1545 3001 τὺ
1575 2949 1742 3018 μηδὲν

162 3039 320 3102 ὄντες
359 3038 500 3109 πρὸς
523 3035 623 3107 τὴν
651 3035 914 3108 ἀληθινὴν
936 3039 1126 3107 σοφίαν
1161 3039 1347 3110 (130
1367 3039 1422 3108 a)
1459 3039 1554 3092 καὶ
1599 3037 1747 3108 πρώ-

163 3147 286 3197 την,
308 3127 445 3182 ἀλλά
464 3126 601 3198 πρὸς
618 3126 781 3180 αὑτὸν
795 3129 881 3181 ἀεὶ
902 3127 1145 3200 νεύωμεν
1165 3131 1346 3198 μόνον,
1371 3129 1463 3183 καὶ
1494 3129 1746 3200 ζητῶμεν
1775 3163 1816 3219 C

163 3223 289 3284 ταῖς
347 3219 555 3273 ἐκεῖθεν
599 3218 795 3286 αὐγαῖς
824 3219 1338 3290 ὲναστράπτεσθαι,
1387 3221 1496 3274 εἴτε
1539 3220 1749 3292 διάτῆς

160 3313 484 3384 ἀνωμαλίας
509 3309 618 3365 τῶν
641 3310 933 3382 ὁρωμένων
959 3311 1056 3364 καὶ
1092 3315 1592 3386 περιτρεπομένων,
1619 3331 1749 3383 μετ-

159 3405 394 3474 άτοντος
425 3406 572 3476 ἡμᾶς
603 3405 696 3459 ἐπὶ
719 3403 787 3456 τὰ
811 3402 1020 3458 ἑστῶτα
1045 3405 1141 3458 καὶ
1165 3403 1414 3475 μένοντα.
1451 3405 1525 3458 Οὐ
1549 3405 1747 3467 τοίνυν,

159 3497 244 3560 ὡς
285 3493 442 3568 οἶμαι
467 3537 482 3561 ,
519 3499 621 3568 τῆς
655 3499 798 3552 κατά
825 3497 926 3568 τὴν
954 3496 1169 3565 γένεσιν
1209 3495 1308 3566 τῆς
1333 3495 1751 3568 άνθρωπότητος

161 3587 410 3649 αἰτίας³⁶
440 3588 499 3640 ὲν
523 3586 755 3652 τούτοις,
790 3588 866 3651 ὡς
894 3587 1138 3657 εἴρηται,
1172 3587 1203 3639 ὁ
1233 3585 1556 3648 διδάσκαλος
1581 3587 1752 3638 ποιεῖ-

161 3692 260 3729 ται
287 3674 388 3747 τὴν
414 3675 678 3746 δήλωσιν,
729 3675 866 3730 ἀλλά
894 3675 996 3744 τῆς
1023 3672 1165 3726 κατὰ
1189 3672 1292 3743 τὴν
1317 3671 1532 3740 γένεσιν
1559 3673 1750 3724 ἐπεισ-

164 3765 434 3838 αχθείσης
463 3769 530 3838 τῇ
562 3765 810 3838 ἡμετέρᾳ⁵
839 3765 952 3836 ζωῇ
985 3763 1075 3817 διὰ
1098 3763 1198 3834 τὴν
1223 3762 1537 3833 παράϐασιν
1561 3761 1749 3816 ταλαιο

167 3856 386 3927 πωρίας
409 3898 425 3923 ,
474 3857 550 3922 ὡς
590 3861 702 3923 τοῖς
744 3855 1177 3927 σπουδαιοτέρως
1207 3854 1302 3908 καὶ
1331 3853 1748 3924 ὲμμελεστέρως

165 3951 286 4013 τοῖς
317 3947 482 4012 θείοις
509 3949 674 4003 αὑτοῦ
700 3950 1024 4021 γράμμασιν
1047 3945 1422 4018 ἐμμελετῶσίν
1443 3948 1559 4000 ἐστι
1582 3962 1750 3999 κατα-

168 4044 346 4111 φανές
399 4041 616 4113 Ταύτης
642 4042 742 4114 μὲν
767 4041 873 4112 γὰρ
893 4041 995 4111 τὴν
1015 4040 1160 4105 ὅθεν,
1187 4040 1284 4094 καὶ
1309 4039 1376 4093 δι’
1392 4039 1442 4104 ὃ,
1467 4040 1561 4093 καὶ
1585 4032 1745 4106 ἐφ’ᾦ.

167 4135 269 4187 καὶ
299 4126 360 4186 οὗ
390 4133 576 4186 ἕνεκεν
609 4133 791 4188 αίτίαν
816 4172 831 4197 ,
877 4131 965 4186 διὰ
990 4131 1197 4185 τούτων
1225 4131 1357 4201 ἡμῖν
1386 4129 1748 4198 παρατίθεται

167 4225 284 4279 τῶν
312 4224 487 4294 λόγοιν
512 4225 582 4278 δι’
598 4225 767 4295 αὐτῆς
790 4225 891 4295 τὴν
911 4225 1371 4294 οἰκονομουμένην
1392 4222 1547 4293 ἡμῶν
1571 4221 1750 4290 σοφῶς

167 4315 389 4387 napi“
432 4316 528 4370 τοῦ
561 4317 701 4370 Θεοῦ
746 4318 1022 4389 σωτηρίαν
1052 4315 1263 4388 δηλῶν·
1315 4316 1530 4387 ἐκείνης
1558 4313 1615 4368 δὲ
1647 4315 1750 4385 τὴν

168 4409 260 4477 ἀφ’
301 4400 346 4476 ᾧ
405 4407 700 4477 γεγᾶνηται
767 4407 1053 4478 μυστηρίῳ
1106 4405 1465 4476 ὑπεμφαίνων
1518 4405 1750 4476 δύναμιν

1847 589 1998 633 sator
2023 580 2185 633 Deus.
2247 579 2616 632 irrationabili
2663 580 2838 633 motui
2885 581 3280 638 intellectualis
3309 603 3421 640 vir-

1849 673 2004 731 tutis,
2039 687 2162 740 qua:
2203 672 2258 724 in
2293 672 2454 724 nobis
2481 680 2586 733 est,
2632 683 3065 741 consequentem
3112 689 3424 744 opportune

1847 763 2016 816 affixit
2041 765 2373 816 vindictam.
2407 763 2542 816 illttd
2577 767 2752 834 ipsum
2791 769 3043 822 fortassis
3064 772 3217 838 juxta
3252 777 3424 826 ratio—

1847 870 1971 907 ncm
2032 857 2274 924 puniens
2327 864 2504 908 morte
2550 871 2650 923 pro
2691 873 2802 925 quo
2831 862 3137 914 secundum
3173 865 3418 917 animum

1849 945 1951 995 soli
1984 945 2096 998 lleo
2131 945 2378 998 debitam
2408 946 2701 1000 charitatis
2731 951 3070 1017 proiecimus
3115 955 3415 1016 virtutem;

1847 1046 1907 1089 ut
1934 1038 2073 1091 nihil
2102 1048 2355 1092 amantes
2389 1054 2488 1106 per
2525 1041 2843 1105 passionem
2882 1044 3214 1112 quandoque
3248 1050 3424 1114 pumi-

1847 1129 2074 1180 tentiam
2103 1137 2348 1197 agentes,
2386 1128 2452 1180 ad
2513 1129 2565 1181 id
2599 1131 2747 1197 quod
2781 1142 2866 1182 est
2927 1131 3125 1184 iterum
3171 1135 3421 1186 eamdem

1849 1221 2112 1274 reducere
2149 1220 2492 1274 disceremus
2519 1222 2807 1276 virtutem.
2854 1222 3008 1286 Quod
3043 1225 3266 1290 quidem
3296 1242 3426 1293 pro-

1846 1313 2051 1366 cedens
2082 1313 2432 1366 manifestius
2461 1313 2594 1367 facit
2639 1315 2834 1368 diccns
2866 1335 2878 1368 :
2940 1334 2958 1366 ι
2991 1316 3098 1369 Sed
3133 1317 3266 1370 mihi
3302 1321 3425 1386 qui-

1845 1401 1968 1455 dem
1997 1417 2095 1470 per
2124 1402 2227 1454 hoc
2251 1402 2472 1454 videtur
2495 1403 2634 1456 nihil
2679 1404 2784 1457 hoc
2811 1406 3080 1458 bonorum
3117 1422 3239 1460 esse
3263 1408 3422 1462 fidele

1847 1492 2164 1546 hominibus
2191 1508 2370 1560 nequc
2402 1495 2831 1561 longtcvitatem,
2857 1505 2911 1548 at
2937 1497 2981 1549 si
3009 1497 3141 1564 quid
3166 1499 3339 1560 aliud,
3366 1509 3425 1553 et

1845 1584 1951 1637 hoc
1977 1585 2118 1636 bene
2147 1584 2345 1636 artiﬁci
2376 1585 2547 1636 verbo
2572 1595 2628 1639 et
2681 1602 2900 1640 onmem
2953 1587 3296 1643 intellectum
3329 1607 3424 1644 su-

1845 1686 2072 1744 perante
2103 1676 2372 1744 sapientia
2412 1677 2788 1732 machinatum
2824 1688 2910 1731 est
2965 1680 3282 1734 deludendo
3322 1699 3422 1735 nos

1848 1765 2164 1818 visibilibus
2189 1767 2242 1818 in
2273 1767 2538 1836 aliudque
2555 1769 2721 1822 aliter
2753 1771 3133 1824 transmotatis
3153 1782 3209 1825 et
3241 1783 3420 1826 trans-

1845 1858 2206 1920 motantibus,
2240 1868 2297 1910 et
2345 1873 2565 1910 sursum
2603 1868 2659 1913 et
2693 1860 2953 1914 deorsum
2997 1862 3326 1926 ferentibus,
3366 1873 3423 1918 et

1847 1949 2236 2008 titubantibus.
2252 1959 2308 2002 et
2323 1951 2643 2018 priusquam
2661 1955 3427 2021 comprehendanturabeun-

1847 2041 1999 2094 tibus
2027 2051 2083 2093 et
2107 2041 2470 2111 fugientibus,
2499 2053 2559 2096 ut
2595 2043 2649 2095 in
2703 2043 2790 2095 his
2821 2043 3079 2099 instabile
3115 2055 3170 2099 et
3196 2062 3424 2100 anoma-

1845 2125 1956 2178 lum
1991 2126 2454 2194 contemplantes,
2495 2127 2563 2180 ad
2594 2129 2838 2182 futuram
2869 2139 3238 2184 transeamus.
3279 2132 3422 2196 Quid

1843 2216 1990 2269 enim
2040 2217 2350 2270 faceremus
2407 2219 2460 2270 in
2493 2221 2774 2287 praisenti,
2803 2221 2934 2274 dum
2962 2222 3126 2276 nobis
3171 2223 3237 2275 ad
3283 2224 3424 2278 bene

1842 2309 2114 2375 agendum
2143 2323 2254 2361 non
2279 2320 2624 2376 permaneat.
2651 2319 2864 2365 tantum
2888 2313 2939 2364 ei
2965 2313 3344 2376 attribuimus,
3369 2323 3423 2369 et

1842 2397 1922 2448 sic
1953 2411 2054 2448 nos
2075 2412 2204 2466 erga
2227 2397 2406 2466 ipsum
2433 2398 2732 2453 delectatio
2776 2412 2834 2454 ct
2864 2417 3023 2454 error
3053 2403 3220 2456 habet
3244 2405 3423 2458 servi-

1844 2486 1951 2538 tuti
1991 2485 2318 2554 subjiciens,
2345 2487 2420 2539 ita
2445 2496 2506 2538 ut
2541 2488 2678 2542 nihil
2713 2488 2910 2542 melius
2941 2506 3120 2557 neque
3151 2494 3426 2548 exceisius

1843 2577 2212 2643 przcsentibus
2270 2578 2582 2646 intelligere
2639 2579 2943 2641 valeamus,
2976 2591 3034 2635 et
3087 2582 3132 2636 si
3173 2584 3290 2638 haec
3325 2601 3425 2638 au-

1843 2670 2059 2722 dientes
2087 2679 2143 2722 et
2188 2670 2483 2724 credentes
2531 2671 2834 2726 secundum
2883 2673 3176 2744 imaginem
3201 2678 3298 2730 Dei
3323 2694 3425 2730 nos

1842 2759 2018 2813 factos
2061 2760 2232 2815 fuisse
2255 2776 2474 2814 sursum
2489 2763 2867 2817 attendentem
2887 2771 2942 2818 et
2961 2767 3030 2818 ad
3059 2770 3298 2837 seipsam
3315 2780 3428 2822 tra-

1847 2852 2090 2907 hentem.
2114 2872 2132 2905 ι
2157 2853 2225 2907 Ει
2248 2854 2448 2907 iterum
2473 2854 2527 2908 in
2545 2871 2803 2909 sermone
2824 2857 2888 2909 ad
2925 2860 3135 2913 urbane
3157 2862 3426 2926 viventes,

1845 2947 2067 3001 dicens:
2095 2967 2112 2996 ι
2137 2948 2206 3003 Ut
2252 2950 2498 3003 sciamus
2529 2950 2665 3003 nihil
2707 2966 2808 3005 nos
2841 2967 2964 3007 esse
3015 2955 3082 3008 ad
3114 2971 3296 3009 veram
3335 2973 3423 3009 sa-

1845 3036 2108 3105 pientiam
2157 3047 2214 3090 et
2247 3037 2502 3105 primam,
2536 3038 2631 3092 sed
2667 3039 2734 3092 ad
2781 3041 2962 3109 ipsum
2999 3058 3216 3112 semper
3243 3047 3418 3099 inten-

1850 3129 2046 3182 damus
2099 3127 2448 3181 solummodo
2502 3138 2558 3183 et
2600 3145 2913 3198 quaeramus
2971 3134 3064 3202 qui
3117 3136 3242 3188 inde
3297 3146 3426 3189 sunt

1850 3219 2238 3289 splendoribus
2284 3237 2602 3283 coruscare,
2642 3222 2915 3292 siquidem
2957 3239 3056 3292 per
3089 3226 3426 3296 inmqualitzi-

1850 3323 1960 3368 tem
2011 3312 2315 3367 visibilium
2351 3323 2407 3368 et
2452 3315 2810 3369 titubantium
2865 3316 3172 3370 transducit
3222 3335 3323 3372 nos
3371 3320 3422 3371 in

1848 3419 1912 3458 ea
1953 3419 2077 3472 qua:
2111 3414 2260 3458 stant
2304 3415 2362 3460 et
2402 3417 2752 3474 permanent.
2797 3425 2814 3457 ι
2847 3407 2965 3462 Non
3015 3408 3205 3478 igitur,
3243 3419 3302 3463 ut
3338 3427 3426 3464 ar-

1857 3493 2058 3557 bitror,
2111 3495 2306 3563 ipsius,
2358 3511 2481 3565 qum
2521 3496 2829 3551 secundum
2863 3500 3276 3566 generationem
3321 3501 3427 3553 hu-

1849 3585 2128 3639 manitatis
2151 3596 2258 3646 est,
2289 3602 2469 3641 causa:
2502 3587 2556 3641 in
2589 3587 2812 3654 talibus,
2848 3597 2909 3642 ut
2931 3588 3141 3642 dictum
3178 3599 3285 3653 est,
3313 3607 3429 3646 ma-

1849 3677 2022 3743 gister
2075 3674 2209 3729 facit
2255 3674 2712 3739 declarationem,
2768 3677 2863 3731 sed
2913 3678 3028 3746 ipse
3078 3693 3251 3746 usque
3299 3689 3428 3748 post

1847 3771 2262 3837 generationem
2299 3778 2543 3823 nostram
2585 3781 2845 3840 aggravat
2883 3770 3051 3824 vitam
3087 3771 3426 3827 infelicitatis

1847 3870 2077 3927 propter
2092 3861 2623 3927 praevaricationem.
2657 3861 3118 3930 quemadmodum
3145 3864 3427 3919 curiosius

1847 3957 1904 4003 et
1959 3951 2266 4004 studiosius
2315 3951 2531 4005 divinas
2567 3953 2742 4021 ipsius
2789 3953 3002 4008 litteras
3049 3954 3424 4023 cogitantibus

1846 4051 1933 4096 est
1985 4043 2364 4098 manifestum.
2413 4044 2579 4098 Istius
2619 4046 2769 4100 enim
2800 4061 3022 4101 causam
3054 4048 3218 4110 unde,
3248 4057 3303 4102 et
3329 4066 3427 4117 per

1848 4133 2005 4203 quid,
2050 4144 2108 4188 et
2154 4150 2220 4189 ex
2251 4151 2382 4204 quo,
2432 4143 2487 4189 et
2527 4147 2753 4206 propter
2797 4138 2930 4206 quid
2979 4154 3078 4208 per
3121 4139 3234 4194 bare
3268 4141 3427 4195 nobis

1848 4225 2064 4280 addidit
2083 4225 2274 4288 verba,
2297 4236 2525 4296 propter
2553 4243 2673 4281 eam
2702 4228 3138 4284 administratam
3177 4243 3423 4286 nostram

1849 4318 2132 4386 sapienter
2183 4333 2213 4371 a
2268 4317 2382 4372 Deo
2421 4318 2656 4372 salutem
2703 4319 3022 4383 declarans;
3071 4321 3221 4376 illius
3266 4339 3422 4385 vero,

1849 4408 1903 4462 in
1928 4423 2040 4477 quo
2062 4408 2204 4464 facta
2221 4418 2308 4464 est
2330 4409 2594 4480 mysterio
2624 4411 2914 4467 insinuans
2933 4413 3220 4478 virtutem,
3250 4417 3427 4469 altero

169 4493 350 4565 ἑτέρῳ
377 4493 552 4563 λόγων
584 4494 849 4567 κέχρηται
877 4497 1092 4566 τρόπῳ.
1127 4495 1248 4548 ὅλον
1271 4494 1438 4548 αὐτοῦ
1469 4496 1600 4567 περὶ
1623 4496 1748 4549 τού-

1855 4502 2155 4555 verborum
2191 4516 2327 4556 usus
2367 4511 2454 4557 est
2480 4503 2668 4567 modo,
2708 4511 2878 4558 totam
2911 4505 2996 4560 sui
3037 4506 3107 4560 de
3134 4505 3249 4560 hoc
3281 4507 3426 4576 piam

169 4601 269 4638 του
298 4585 392 4638 τδν
415 4585 615 4657 εὐσεϐῆ
645 4586 848 4641 σκοπὸν
877 4587 1112 4661 φανερὸν
1134 4586 1479 4657 ποιούμενος,
1503 4587 1580 4652 ὡς
1601 4591 1658 4642 εν
1677 4587 1748 4659 τῷ

1851 4594 2192 4648 voluntatem
2239 4594 2449 4650 faciens
2492 4595 2874 4661 manifestam;
2909 4596 3052 4652 sicut
3097 4597 3152 4652 in
3197 4613 3286 4662 eo,
3332 4598 3432 4666 qui

173 4677 273 4738 Εις
311 4675 383 4729 τά
424 4676 678 4744 γε’-ἐθλια
709 4677 854 4748 λόγῳ
885 4678 1159 4732 δείκνυται
1185 4678 1390 4745 λέγων,
1441 4697 1460 4732 ε
1488 4679 1632 4742 Νοῦς
1658 4680 1748 4750 μὲν

1853 4692 1939 4736 est
1980 4682 2036 4736 in
2063 4681 2336 4750 γενέθλια.
2369 4684 2422 4737 id
2463 4692 2548 4738 est
2574 4685 2913 4746 nativitates,
2961 4701 3212 4740 sermone
3249 4690 3427 4741 mani-

171 4765 270 4822 οὖν
297 4768 397 4841 ἥϐη
432 4769 526 4822 καὶ
551 4769 809 4840 αἴσθησις
833 4769 1008 4834 οὕτως
1029 4771 1122 4825 ἀπ’
1137 4771 1385 4841 ἀλλήλων
1407 4770 1748 4842 διακριθέντα

1855 4775 2039 4839 festat,
2076 4774 2268 4829 dicens
2299 4793 2312 4828 :
2354 4794 2372 4826 ι
2403 4775 2634 4829 Animus
2671 4777 2839 4846 igitur
2868 4778 2979 4846 jam
3003 4788 3060 4832 et
3086 4794 3304 4840 sensus,
3351 4780 3430 4832 sic

171 4861 286 4916 τῶν
313 4862 460 4916 ίϐίων
489 4862 630 4934 ὅρων
657 4863 810 4926 ιντὸς
836 4864 1214 4933 είστὴκεισαν,
1252 4864 1348 4916 καὶ
1375 4862 1438 4915 τὺ
1467 4862 1561 4917 τοῦ
1586 4867 1761 4935 Δημι-

172 4953 378 5026 ουργοῦ
415 4955 574 5025 λόγου
619 4957 908 5028 μεγαλεῖον
949 4957 1009 5009 ἑν
1046 4957 1256 5020 ἑαυτοῖς
1290 4956 1516 5027 ἔφερον,
1559 4957 1752 5026 σιγῶν-

174 5063 268 5112 τες
301 5048 584 5101 ιπαινέται
618 5049 718 5118 τῆς
749 5047 1154 5118 μεγαλουργίας
1186 5047 1280 5100 καὶ
1305 5047 1618 5118 διαπρύσιοι
1650 5049 1750 5119 κή-

180 5155 374 5208 ρυκες’
390 5139 544 5193 οὔπω
565 5139 622 5194 δὲ
652 5136 721 5212 ἦν
745 5141 938 5212 κρᾶμα
967 5138 1027 5204 ἐξ
1051 5139 1398 5211 ἀμφοτέροιν,
1420 5140 1540 5193 ούδέ
1559 5157 1644 5204 τις
1665 5141 1755 5212 μί-

1858 4881 1888 4920 a
1918 4883 1976 4920 se
2008 4867 2244 4919 invicem
2283 4866 2510 4919 discreti
2538 4867 2781 4936 propriis
2806 4865 3246 4933 definitionibus,
3282 4870 3431 4923 intus

1861 4967 2157 5020 steterunt,
2199 4967 2256 5012 et
2281 4959 2553 5012 creatoris
2583 4959 2746 5014 Verbi
2800 4959 3237 5027 magnitudinem
3281 4962 3334 5014 in
3370 4976 3430 5015 se

1861 5049 1998 5119 ipsis
2043 5048 2315 5111 ferebant,
2357 5049 2588 5103 silentes
2627 5048 2924 5102 laudabant
2971 5050 3431 5118 magnificentiam

1860 5142 2168 5211 magnivoci
2219 5140 2635 5210 praedicatores,
2667 5139 2914 5194 nondum
2963 5157 3098 5195 vero
3146 5153 3268 5196 erat
3294 5159 3433 5197 eon-

179 5231 263 5296 ξις
294 5231 407 5283 τῶν
438 5233 736 5297 ἐναντίων,
793 5231 985 5300 σοφίας
1035 5228 1280 5300 μείζονος
1325 5230 1614 5302 γνώρισμα
1664 5232 1748 5285 καὶ

1853 5238 2029 5290 cretio
2062 5249 2128 5286 ex
2165 5234 2438 5300 utrisque,
2488 5248 2667 5301 neque
2715 5233 2966 5302 quaedam
3007 5238 3245 5289 mixtura
3297 5253 3432 5290 eon-

176 5321 280 5393 τῆς
313 5323 444 5394 περὶ
469 5323 569 5388 τὰς
593 5323 784 5393 φύσεις
806 5320 1180 5386 πολυτελείας,
1209 5322 1332 5375 οὐδὲ
1359 5323 1388 5376 ὁ
1406 5324 1513 5386 πᾶς
1529 5322 1760 5388 πλοῦτος

178 5417 280 5486 τῆς
295 5415 630 5484 άγαθότητος
652 5415 948 5487 γνώριμος.
969 5415 1141 5470 Τοῦτο
1158 5417 1222 5485 δὴ
1244 5416 1526 5488 βουληθεὶς
1545 5419 1572 5471 ὁ
1585 5419 1762 5487 τεχνί-

177 5523 281 5577 της
315 5506 688 5572 ἐπιδείξασθαι
721 5507 900 5577 λόγος,
939 5507 1033 5560 καὶ
1069 5506 1210 5572 ζῶον
1240 5507 1296 5560 ἓν
1327 5507 1386 5572 ἐξ
1410 5509 1757 5580 ἀμφοτέρων,

1856 5328 2158 5382 trariorum
2181 5326 2469 5393 sapientia:
2493 5325 2720 5394 majoris
2741 5335 2796 5378 et
2821 5325 2966 5380 circa
2991 5334 3220 5380 naturas
3247 5331 3432 5384 multa)

1855 5415 2216 5488 perfectionis
2249 5414 2478 5475 indicia,
2509 5429 2687 5482 neque
2714 5430 2908 5468 omnes
2929 5415 3179 5468 thesauri
3210 5415 3428 5468 bonita-

1859 5510 1928 5562 tis
1979 5505 2213 5574 eoguiti;
2273 5505 2376 5557 hoc
2439 5513 2622 5558 autem
2693 5505 2881 5558 volens
2936 5505 3129 5560 artifex
3187 5504 3429 5558 Verbum

1457 5643 1688 5699 VARle
1730 5643 2130 5700 LECTIONl-IS.

253 5758 302 5792 "
330 5757 486 5827 μόνος
515 5758 605 5813 ed.
633 5758 753 5814 Gal.
829 5760 873 5791 ⁸⁸
897 5760 1074 5824 αἰτίας
1108 5759 1453 5814 desideratur
1486 5761 1536 5815 in
1567 5761 1652 5814 ed.
1675 5762 1748 5815 (ia

1879 5764 1916 5793 si
1957 5760 2081 5826 περὶ
2109 5758 2194 5811 (ιιΙ.
2227 5757 2340 5810 Gal.
