4200 6440
772 399 905 461 1093

771 608 918 660 sihili
946 620 1163 670 natura,
1185 608 1461 659 hominem
1487 617 1669 668 creat;
1702 614 1755 659 et
1779 621 1842 657 ex
1872 604 2096 657 materia
2119 602 2343 670 quidem

772 697 1053 765 accipiens
1090 712 1289 763 corpus
1353 696 1464 764 jam
1518 705 1645 747 ante
1696 694 1992 747 substitnta
2022 734 2034 754 ,
2077 708 2107 744 a
2164 692 2346 758 seipso

771 803 906 840 vero
940 788 1101 838 vitam
1128 785 1365 853 imponit
1396 785 1845 851 (intellectualem
1868 796 2086 849 quoque
2105 782 2342 833 animam

772 886 827 929 et
859 877 1148 945 imaginem
1186 875 1279 929 Dei
1322 875 1476 928 novit
1534 875 1818 933 Verbum),
1849 872 2017 925 veluti
2049 871 2341 940 quemdam

775 966 1041 1018 mundum
1105 966 1431 1025 secundum,
1492 966 1545 1018 in
1591 981 1757 1034 parvo
1797 978 2072 1030 magnum,
2113 962 2340 1013 interra

769 1057 981 1119 statuit,
1030 1056 1283 1125 angelum
1318 1056 1508 1116 alium,
1543 1056 1887 1107 adoratorem
1934 1052 2185 1113 mixtum,
2222 1069 2239 1099 ι
2288 1058 2342 1101 et

772 1146 1001 1214 reliqua.
1040 1146 1097 1199 In
1126 1162 1194 1199 eo
1221 1163 1354 1199 vero
1397 1146 1492 1215 qui
1548 1154 1633 1199 est
1672 1144 1725 1196 in
1770 1143 1948 1204 Φῶτα,
1983 1144 2087 1197 hoc
2116 1152 2200 1194 est
2242 1142 2338 1194 ba-

770 1237 1048 1305 ptismata,
1083 1252 1335 1289 sermone
1372 1253 1385 1287 :
1434 1235 1756 1300 «Quoniam
1806 1234 1886 1287 sic
1934 1234 2050 1286 hac
2076 1242 2170 1285 aut
2195 1233 2337 1284 hoc:

770 1330 1061 1397 Oportebat
1107 1344 1238 1383 vero
1281 1344 1392 1381 non
1428 1328 1515 1381 his
1563 1327 1659 1396 qui
1694 1341 1911 1380 sursum
1958 1332 2088 1379 sunt
2135 1326 2342 1377 solum-

772 1422 936 1472 modo
977 1421 1353 1472 adorationem
1378 1417 1781 1481 circumscribi,
1805 1416 1903 1471 sed
1927 1431 2048 1469 esse
2074 1415 2339 1483 quosdam

767 1522 822 1563 et
842 1513 1102 1565 deorsum
1122 1512 1464 1575 adoratores,
1493 1521 1552 1563 ut
1571 1510 1938 1578 implerentur
1967 1507 2149 1559 omnia
2167 1506 2339 1575 gloria

769 1603 886 1664 Dei,
930 1603 1191 1669 quoniam
1225 1610 1281 1655 et
1330 1601 1456 1663 Dei;
1491 1610 1547 1652 et
1576 1610 1873 1669 propterea
1902 1606 2123 1651 creatur
2175 1598 2340 1649 homo

768 1709 931 1746 manu
988 1693 1105 1753 Dei,
1164 1693 1567 1745 honoriticatus
1612 1691 1779 1744 etiam
1838 1690 2096 1759 imagine.
2130 1708 2148 1739 ι
2214 1689 2339 1742 ΙΙωο

768 1787 991 1855 quidem
1028 1784 1279 1839 sufﬁcere
1316 1785 1582 1853 suscipio,
1635 1785 1737 1837 etsi
1774 1798 1938 1851 parva
1974 1782 2335 1843 constituant,

767 1893 874 1929 non
915 1878 1141 1930 omnino
1172 1876 1518 1931 contentiose
1544 1872 1884 1928 discernenti
1904 1883 1962 1927 et
1997 1873 2342 1927 solummodo

770 1982 1013 2035 pugnare
1067 1965 1370 2035 gloriosum
1420 1981 1531 2018 non
1597 1964 1890 2034 judicanti,
1936 1963 2006 2017 ad
2047 1965 2345 2018 ostenden-

767 2060 890 2111 dam
945 2067 1114 2111 totam
1148 2058 1396 2127 magistri
1433 2058 1501 2111 de
1535 2057 1623 2110 his
1647 2074 1767 2125 qua:
1796 2057 1943 2109 dicta
1977 2062 2107 2109 sunt
2138 2055 2341 2109 intelli-

766 2150 1026 2217 gentiam.
1051 2149 1106 2202 Si
1133 2159 1316 2203 autem
1342 2149 1410 2201 de
1432 2148 1558 2211 hoc,
1592 2146 1871 2216 quomodo
1894 2146 1992 2200 Dei
2027 2148 2342 2215 portionem

768 2243 1029 2310 magister
1085 2257 1187 2295 nos
1227 2242 1467 2302 vocavit,
1524 2251 1895 2311 repugnatur,
1964 2240 2344 2309 multipliciter

767 2333 990 2399 quidem
1018 2333 1129 2400 jam
1168 2332 1425 2402 superius
1455 2332 1523 2385 de
1560 2333 1663 2385 hoc
1697 2331 1914 2385 reddita
1943 2339 2030 2385 est
2068 2330 2241 2391 ratio;
2282 2337 2343 2381 ut

770 2434 953 2476 autem
991 2424 1207 2477 ﬁdelior
1233 2425 1328 2477 liat
1354 2424 1742 2491 Spiritualibus
1760 2424 2105 2477 contendens
2131 2423 2338 2486 verbis,

769 2522 993 2566 sanctus
1036 2522 1093 2567 et
1139 2513 1335 2567 beatus
1389 2515 1671 2582 apostolus
1729 2514 1934 2567 Paulus
1984 2514 2255 2566 occultam
2284 2512 2342 2565 in

773 2605 883 2655 Deo
917 2614 1043 2656 ante
1084 2604 1282 2656 saecula
1328 2604 1561 2656 laudans
1610 2603 1958 2671 sapientiam,
2010 2612 2068 2657 et
2119 2617 2342 2657 omnem

772 2695 1117 2748 tenebrosam
1154 2696 1451 2749 humanam
1502 2696 1672 2748 vitam
1721 2695 2056 2756 illuminans,
2092 2702 2149 2749 et
2185 2694 2342 2761 igno-

771 2788 961 2840 rantia:
983 2786 1272 2855 caliginem
1296 2787 1589 2840 animabus
1618 2788 1867 2854 abigens,
1895 2785 1962 2839 de
1990 2786 2095 2839 hoc
2128 2785 2344 2840 satisfa-

769 2878 845 2929 cit
898 2876 1170 2945 Ephesiis,
1220 2876 1413 2931 dicens
1460 2877 1617 2929 haec:
1655 2876 1719 2929 Ut
1754 2876 1892 2928 Deus
1928 2875 2138 2927 Domini
2175 2876 2341 2928 nostri

767 2967 891 3019 Iesu
926 2966 1121 3020 Christi
1160 2964 1322 3018 Pater
1346 2966 1531 3036 gloria:
1555 2966 1639 3016 det
1666 2966 1805 3017 vobis
1836 2964 2094 3033 Spiritum
2124 2967 2338 3034 sapien-

769 3058 855 3107 tia:
909 3066 955 3106 et
1004 3054 1360 3118 reuelationis,
1396 3057 1451 3106 in
1500 3056 1795 3122 cognitione
1847 3055 1982 3121 ejus,
2006 3052 2338 3106 illuminatos

768 3148 943 3199 oculos
978 3148 1145 3199 cordis
1194 3148 1373 3210 vestri,
1425 3154 1481 3197 ut
1527 3146 1705 3197 sciatis
1744 3161 1833 3197 vos
1862 3159 1978 3213 qua:
2000 3146 2066 3197 sit
2103 3161 2221 3213 spes
2252 3161 2340 3197 vo-

769 3245 986 3294 rationis
1018 3243 1151 3311 ejus,
1192 3249 1241 3293 et
1276 3257 1392 3308 quer
1422 3240 1618 3293 divitia:
1666 3240 1852 3309 gloriae
1877 3240 2195 3293 htereditatis
2224 3243 2338 3312 ejus

767 3334 820 3382 in
852 3334 1067 3393 sanctis,
1110 3341 1158 3383 et
1199 3347 1315 3400 qua:
1348 3333 1414 3383 sit
1442 3332 1833 3399 supereminens
1881 3332 2185 3399 magnitudo
2231 3333 2340 3384 vir-

770 3423 891 3473 tutis
947 3424 1057 3490 ejus
1094 3423 1150 3474 in
1178 3438 1291 3483 nos,
1342 3423 1607 3475 credentes
1654 3422 1939 3475 secundum
1984 3425 2343 3492 operationem

771 3517 990 3582 potentis
1027 3516 1232 3568 virtutis
1274 3516 1409 3585 ejus,
1439 3531 1598 3584 quam
1626 3524 1873 3584 operatus
1911 3522 1985 3568 est
2026 3516 2081 3567 in
2110 3514 2339 3582 Christo,

771 3606 1023 3657 suscitans
1060 3621 1180 3658 eum
1213 3621 1277 3658 ea:
1329 3606 1568 3668 mortuis,
1607 3613 1656 3657 et
1690 3622 1811 3657 eum
1835 3605 2016 3658 sedere
2058 3606 2257 3675 faciens
2285 3607 2342 3661 in

770 3699 955 3748 dextra
983 3712 1079 3748 sua
1121 3696 1178 3747 in
1218 3692 1526 3758 caelestibus,
1568 3711 1727 3764 super
1755 3711 1962 3747 omnem
1988 3696 2341 3769 principatum

770 3795 819 3837 et
853 3795 1160 3855 potestatem
1209 3794 1257 3838 et
1299 3786 1546 3838 virtutem
1583 3793 1631 3837 et
1654 3785 2067 3837 dominationem
2107 3794 2158 3838 et
2190 3800 2344 3838 omne

771 3894 957 3930 nomen
1005 3878 1355 3939 nominatum,
1400 3892 1506 3929 non
1551 3874 1723 3929 solum
1758 3879 1815 3929 in
1857 3874 2053 3928 steculo
2093 3877 2206 3939 hoc,
2252 3876 2343 3929 sed

770 3970 928 4019 etiam
968 3968 1021 4019 in
1063 3968 1272 4035 futuro;
1308 3976 1356 4019 et
1403 3968 1582 4019 omnia
1626 3968 1768 4020 dedit
1810 3967 1904 4019 sub
1955 3967 2168 4037 pedibus
2205 3968 2341 4038 ejus,

771 4072 817 4111 et
852 4075 971 4110 eum
1012 4059 1151 4111 dedit
1193 4068 1349 4129 caput
1384 4076 1543 4130 super
1588 4061 1766 4112 omnia
1806 4059 2075 4123 Ecclesiae,
2110 4076 2226 4129 qut:
2269 4070 2343 4114 est

770 4168 953 4221 corpus
989 4152 1102 4221 ejus
1142 4160 1189 4203 et
1232 4152 1501 4219 plenitudo
1525 4152 1659 4221 eius,
1688 4152 1869 4204 omnia
1892 4153 1944 4203 in
1973 4153 2210 4205 omnibus
2239 4154 2343 4205 im-

772 4242 960 4309 pleatis
1012 4252 1059 4293 ιι.
1114 4242 1179 4295 Ει
1218 4249 1344 4310 post
1400 4242 1683 4310 aliquanta
1730 4241 1932 4294 iterum
1978 4257 1992 4292 :
2030 4241 2149 4311 Ipse
2194 4242 2337 4295 dedit

771 4334 1025 4401 quosdam
1058 4333 1266 4402 quidem
1298 4332 1582 4400 apostolos,
1604 4332 1861 4402 quosdam
1888 4348 2009 4385 vero
2042 4336 2341 4403 prophetas,

772 4424 1026 4493 quosdam
1045 4424 1416 4494 euangelistas,
1436 4424 1692 4494 quosdam
1714 4433 1949 4494 pastores
1976 4432 2023 4476 et
2042 4427 2341 4495 magistros,

1932 402 1991 458 S.
2035 400 2315 459 MAXIM]
2363 400 2871 465 CONFESSORIS

768 514 1086 580 ostendere,
1138 517 1337 569 animal
1375 530 1564 575 unum,
1610 529 1675 569 ex
1706 513 1968 567 invisibili
2014 513 2140 565 dico
2179 521 2236 565 et
2268 512 2346 563 vi-

2449 515 2684 582 ἀοράτου
2713 516 2857 584 λέγω
2892 520 2987 571 καὶ
3012 521 3213 590 ὁρατῆς
3243 524 3463 591 φύσεως

3892 418 4032 481 1096

3485 565 3500 588 .
3549 527 3827 598 (1305)
3863 534 4031 597 δημι-

2447 609 2636 673 ουργεῖ
2668 606 2759 657 τὸν
2787 608 3092 679 ἄνθρωπον,
3132 615 3227 663 καὶ
3256 616 3406 684 παρὰ
3433 617 3533 684 μὲν
3563 619 3661 684 τῆς
3688 621 3819 689 ὕλης
3846 622 4031 672 λαϐὼν

2446 697 2505 748 τὺ
2548 698 2706 765 σῶμα
2750 701 2850 769 ἤδη
2888 706 3343 774 προϋποστάσης,
3409 708 3538 777 παρ’
3569 711 3759 761 ἑαυτοῦ
3790 713 3846 763 δὲ
3882 714 4032 781 ζωὴν

2447 786 2619 848 ἐνθεὶς
2650 788 2699 851 (ὃ
2722 788 2785 857 δὴ
2813 791 3008 858 γοερὰν
3027 792 3206 863 ψυχὴν
3234 795 3329 847 καὶ
3352 797 3535 849 εἰκόνα
3558 798 3693 849 Θεοῦ
3716 799 3857 851 οἶδεν
3880 802 3910 851 6
3930 802 4032 852 A6-

2445 881 2611 946 γος),
2667 877 2780 933 οἷον
2830 900 2950 937 τινα
2995 887 3199 955 κόσμον
3240 887 3493 958 δεύτερον
3532 891 3591 942 ὲν
3627 893 3809 961 μικρῷ
3851 895 4032 962 μέγαν

2445 973 2536 1022 ἐπὶ
2571 972 2667 1041 τῆς
2693 973 2795 1035 γῆς
2826 975 3039 1043 ἵστησιν
3062 1017 3076 1041 ,
3134 977 3364 1045 ἄγγελον
3390 979 3548 1031 ἄλλον
3567 1020 3582 1043 ,
3639 985 4031 1052 προσκυνητὴν

2449 1064 2692 1129 μικτὸν,ι
2736 1064 2829 1115 καὶ
2857 1063 2925 1115 τὰ
2960 1064 3105 1134 ἑξῆς.
3143 1066 3234 1118 Ἰιῖν
3258 1068 3313 1119 δὲ
3338 1068 3413 1135 τῷ
3446 1069 3539 1132 Εἰς
3568 1072 3635 1121 τὰ
3660 1072 3817 1122 Φὼτα
3847 1073 4024 1140 λόγῳ·

2449 1170 2467 1199 ι
2493 1152 2644 1203 Ἐπεὶ
2673 1150 2729 1202 δὲ
2763 1150 2907 1203 οὕτω
2940 1152 3114 1205 ταῦτα
3149 1154 3183 1224 ἢ
3212 1155 3403 1207 τοῦτο’
3440 1156 3545 1209 ἔδει
3575 1157 3631 1210 δὲ
3668 1158 3742 1228 μὴ
3767 1162 3882 1222 τοῖς
3910 1161 4029 1211 ἅνω

2444 1240 2607 1308 μόνον
2643 1241 2741 1310 τὴν
2776 1241 3149 1311 προσκύνησιν
3183 1246 3625 1315 περιγράφεσθαι
3654 1286 3669 1310 ,
3736 1250 3856 1301 ἀλλ’
3884 1247 4027 1301 εἷναί

2441 1348 2594 1395 τινας
2624 1334 2714 1385 καὶ
2740 1333 2893 1385 κάτω
2914 1336 3326 1402 προσκυνητὰς,
3355 1339 3440 1388 ἵνα
3467 1337 3727 1407 πληρωθῇ
3751 1340 3820 1391 τὰ
3845 1340 4026 1392 πάντα

2440 1424 2599 1490 δόξης
2631 1424 2801 1486 Θεοῦ,
2839 1424 2960 1475 ἐπεὶ
2992 1426 3088 1476 καὶ
3118 1426 3287 1478 Θεοῦο
3339 1428 3433 1481 καὶ
3466 1428 3555 1480 διὰ
3585 1430 3742 1481 τοῦτο
3772 1430 4025 1493 κτίζεται

2440 1515 2731 1583 ἄνθρωπος
2766 1514 2911 1585 χειρὶ
2942 1515 3079 1568 Θεοῦ
3110 1516 3363 1584 τιμηθεὶς
3398 1520 3493 1572 καὶ
3526 1520 3714 1571 εἰκόνι.
3744 1537 3761 1569 ι
3809 1521 4028 1588 Ἀρκεῖν

2445 1607 2543 1675 μὲν
2577 1607 2673 1658 καὶ
2698 1606 2874 1658 ταῦτα
2905 1605 3294 1673 ὑπολαμϐάνω,
3334 1609 3438 1660 κᾶν
3464 1610 3512 1660 εἰ
3540 1613 3712 1678 μικρὰ
3736 1610 4023 1677 τυγχάνοι,

2440 1697 2516 1767 τῷ
2566 1698 2642 1766 μὴ
2693 1699 2871 1766 πάντη
2926 1697 3245 1763 φιλονείκως
3288 1696 3652 1767 διακειμένῳ,
3709 1701 3804 1751 καὶ
3864 1701 4027 1767 μόνον

2441 1788 2500 1838 τὸ
2542 1787 2811 1855 μάχεσθαι
2851 1786 3093 1849 ἐπίδοξον
3127 1786 3397 1855 κρίνοντι,
3432 1785 3567 1855 πρὸς
3595 1787 3657 1838 τὸ
3684 1784 4027 1849 ἐνδείξασθαι

2440 1880 2538 1947 τὴν
2586 1879 2714 1946 ὃλην
2768 1877 2862 1928 τοῦ
2906 1878 3228 1929 διδασκάλου
3264 1875 3532 1945 περὶτῶν
3557 1876 3868 1946 εἰρημένων
3902 1874 4027 1925 διά-

2443 1986 2612 2022 νοιαν.
2666 1970 2726 2020 Ιείἰ
2771 1969 2829 2019 δὲ
2874 1969 2955 2019 ἔτι
2992 1966 3242 2035 περὶτοῦ
3275 1966 3391 2029 πῶς
3416 1965 3552 2018 Θεοῦ
3592 1967 3790 2036 μοῖραν
3818 1969 3848 2019 6
3874 1965 4026 2018 διδά-

2446 2061 2640 2121 σκαλος
2675 2061 2822 2127 ἡμᾶς
2849 2059 3110 2111 ἐκάλεσεν
3142 2058 3488 2127 ἀπομάχεται
3516 2096 3531 2120 ,
3598 2056 3884 2125 πολλαχῶς
3926 2057 4027 2124 μὲν

2442 2152 2543 2221 ἤδη
2577 2151 2831 2217 ἀνωτέρω
2862 2151 2890 2201 6
2919 2149 3051 2219 περὶ
3076 2149 3268 2202 τούτου
3300 2149 3619 2202 ἀποδέδοται
3643 2148 3949 2214 λόγος.”Ινα
3970 2147 4027 2200 δὲ

2443 2244 2762 2313 πιστότερος
2791 2242 3022 2311 γένηται
3067 2244 3177 2303 τοῖς
3219 2241 3313 2293 τοῦ
3343 2240 3651 2308 πνεύματος
3685 2239 4026 2308 ἐρειδόμενος

2442 2334 2661 2401 λόγοις,
2713 2336 2741 2385 6
2793 2333 2946 2399 ἅγιος
2999 2331 3093 2384 καὶ
3144 2334 3415 2400 μακάριος
3460 2331 3757 2392 ἀπόστολος
3788 2329 4026 2390 Παῦλος,

2441 2416 2481 2479 δ’
2505 2426 2607 2494 τὴν
2636 2424 3144 2494 ἀποκεκρυμμένην
3180 2424 3238 2474 ὲν
3270 2423 3347 2493 τῷ
3377 2424 3495 2492 Θεῷ
3531 2423 3639 2492 πρὸ
3672 2422 3780 2474 τῶν
3812 2421 4030 2474 αἰώνων

2442 2513 3053 2582 κομισάμενος·σοφίαν
3079 2550 3095 2574 ,
3164 2512 3260 2564 καὶ
3311 2511 3489 2563 πάντα
3523 2511 3616 2563 τὸν
3647 2511 3866 2578 ἀφεγγῆ
3918 2509 4030 2561 τῶν

2441 2606 2745 2677 ἀνθρώπων
2775 2604 2885 2674 βίον
2912 2604 3323 2671 καταφωτίσας,
3347 2604 3441 2655 καὶ
3465 2604 3567 2672 τῆς
3588 2604 3810 2671 ἀγνοίας
3831 2603 3925 2655 τὸν
3942 2602 4029 2665 ζό-

2442 2714 2540 2764 φον
2592 2696 2701 2746 τῶν
2756 2696 2945 2763 ψυχῶν
2998 2695 3299 2756 ἀπελάσας,
3362 2695 3589 2764 ἀρκέσει
3646 2694 3777 2763 περὶ
3830 2692 4026 2745 τούτου

2454 2786 2721 2856 Ἐφεσίοις
2742 2786 2952 2849 διεξιὼν
2974 2786 3251 2849 τάδε,”1να
3276 2787 3309 2837 ό
3326 2786 3469 2847 Θεὸς
3492 2785 3598 2837 τοῦ
3614 2785 3830 2851 Κυρίου
3854 2780 4029 2849 ἡμῶν

2453 2876 2646 2943 Ἰησοῦ
2668 2860 2925 2944 Χριστοῦ
2941 2879 2973 2929 ό
2991 2876 3193 2943 Πατὴρ
3212 2874 3321 2940 τῆς
3335 2875 3519 2941 δόξης
3538 2874 3656 2940 δῴη
3676 2873 3817 2940 ὑμῖν
3834 2873 4029 2927 Πνεῦ-

2434 2980 2519 3033 μα
2545 2966 2766 3032 σοφίας
2796 2963 2894 3015 καὶ
2915 2964 3357 3031 ἀποκαλύψεως
3378 2963 3450 3016 ἐν
3466 2962 3785 3031 ἐπιγνώσει
3811 2963 4027 3025 αὑτοῦ,

2439 3054 2927 3122 πεφωτισμένους
2987 3054 3122 3118 τοὺς
3194 3054 3541 3122 όφοαιμοὺς
3598 3053 3709 3119 τῆς
3774 3053 4030 3120 καρδίας

2366 3172 2409 3231 c
2439 3147 2606 3215 ὑμῶν
2626 3189 2640 3210 ,
2675 3151 2761 3210 είς
2791 3147 2858 3199 τὸ
2883 3146 3105 3201 ειδέναι
3134 3146 3292 3215 ὑμᾶς
3319 3148 3412 3211 τίς
3437 3146 3607 3198 ἐστιν
3636 3145 3673 3210 ἡ
3702 3145 3881 3208 ἐλπὶς
3915 3142 4029 3209 τῆς

2440 3239 2717 3303 κλήσεως
2741 3236 2920 3306 (131
2952 3237 3007 3306 a)
3038 3238 3228 3290 αὑτοῦ
3247 3274 3261 3299 ,
3310 3236 3405 3288 καὶ
3438 3237 3530 3299 τίς
3557 3238 3589 3288 ό
3615 3235 3886 3299 πλοῦτος
3916 3234 4031 3301 τῆς

2439 3328 2625 3394 δόξης
2674 3326 2783 3392 τῆς
2828 3329 3234 3395 κληρονομίας
3284 3326 3471 3379 αὐτοῦ
3522 3326 3591 3377 ἑν
3635 3324 3761 3389 τοῖς
3806 3326 4026 3392 ἁγίοις,

2441 3418 2540 3470 καὶ
2600 3417 2657 3469 τί
2708 3417 2777 3469 τὸ
2825 3415 3213 3483 ὑπερϐάλλον
3261 3414 3509 3485 μέγεθος
3553 3414 3664 3483 τῆς
3715 3414 4031 3483 δυνάμεως

2440 3508 2628 3561 αὐτοῦ
2682 3512 2769 3574 είς
2821 3506 2978 3576 ἡμᾶς
3031 3508 3178 3573 τοὺς
3226 3509 3652 3573 πιστεύοντας,
3714 3506 3865 3561 κατὰ
3914 3507 4031 3573 τὴν

2439 3600 2743 3670 ἐνέργειαν
2782 3601 2888 3653 τοῦ
2934 3600 3193 3669 κράτους
3248 3601 3360 3668 τῆς
3401 3602 3614 3669 ισχύος
3659 3599 3848 3654 αὐτοῦ
3875 3639 3892 3664 ,
3950 3600 4031 3666 ῆν

2440 3693 2779 3761 ἐνήργησεν
2811 3693 2881 3745 ἐν
2906 3691 3158 3761 Χριστῷ,
3196 3693 3430 3760 ἐγείρας
3458 3694 3645 3745 αὐτὸν
3673 3691 3743 3743 ἐκ
3772 3692 4029 3760 νεκρῶν.

2442 3785 2543 3837 καὶ
2594 3785 2852 3849 καθίσας
2899 3784 3092 3838 αὐτὸν
3142 3784 3213 3836 ἐν
3246 3782 3415 3850 δεξιᾷ
3449 3781 3637 3836 αὐτοῦ
3668 3783 3739 3836 ἐν
3763 3782 3890 3848 τοῖς
3915 3785 4033 3837 οὑ-

2435 3876 2667 3945 ρανοῖς,
2702 3875 2981 3942 ὑπεράνω
3013 3875 3219 3943 πάσης
3247 3875 3443 3945 ἀρχῆς
3478 3874 3575 3927 καὶ
3607 3875 3898 3939 ἐξουσίας
3932 3874 4031 3927 καὶ

2443 3969 2753 4037 δυνάμεως
2782 3969 2881 4021 καὶ
2912 3970 3265 4035 κυριότητος
3286 4008 3302 4032 ,
3355 3966 3456 4019 καί
3481 3965 3706 4031 παντὸς
3734 3965 4031 4034 ὀνόματος

2445 4059 2902 4128 ὀνομαζομένου.
2934 4061 3007 4112 οὐ
3028 4060 3221 4126 μόνον
3248 4058 3319 4110 ἐν
3345 4055 3425 4120 τῷ
3447 4054 3614 4109 αἰῶνι
3637 4057 3846 4117 τούτῳ,
3864 4056 4032 4109 ἀλλὰ

2444 4153 2545 4204 καὶ
2576 4153 2645 4203 ἐν
2673 4149 2753 4214 τῷ
2778 4150 3094 4218 μέλλοντι,
3156 4147 3253 4201 καὶ
3279 4148 3475 4201 πάντα
3494 4145 3718 4198 ἔδωκεν
3741 4146 3860 4200 ὑπὸ
3886 4146 4033 4209 τοὺς

2446 4242 2637 4306 πόδας
2669 4240 2860 4294 αὐτοῦ
2884 4279 2900 4303 ,
2958 4239 3056 4293 καὶ
3104 4238 3294 4291 αὑτὸν
3341 4237 3525 4290 ἔδωκε
3568 4234 3847 4305 κεφαλὴν
3873 4238 4031 4303 ὑπὲρ

2447 4333 2642 4386 πάντα
2667 4331 2740 4399 τῇ
2774 4331 3105 4397 Ἐκκλησία
3123 4328 3189 4389 ³⁸,
3211 4328 3343 4395 ἣτις
3366 4328 3499 4381 ἐστὶ
3527 4328 3593 4380 τὸ
3614 4326 3787 4395 σῶμα
3814 4328 4029 4389 αὐτοῦ,

2446 4424 2513 4476 τὸ
2538 4423 2829 4491 πλήρωμα
2856 4421 2963 4474 τοῦ
2990 4421 3062 4474 τὰ
3083 4422 3282 4473 πάντα
3308 4420 3377 4473 ἐν
3401 4417 3553 4473 πᾶσι
3578 4422 4027 4487 πληρουμένου.

773 4516 842 4568 ad
888 4515 1235 4584 cognitionem
1263 4524 1570 4568 sanctorum
1598 4517 1652 4567 in
1679 4532 1808 4584 opus
1850 4515 2346 4579 administrationis,

2459 4514 2567 4565 Καὶ
2598 4514 2716 4581 μεθ’
2742 4513 2905 4580 ἕτερα
2931 4510 3095 4562 πάλιν
3118 4526 3131 4539 ο
3194 4509 3304 4562 Καὶ
3332 4507 3517 4573 αὐτὸς
3538 4507 3725 4561 ἔδωκε
3753 4508 3895 4573 τοὺς
3915 4508 4034 4576 μὲν

772 4609 824 4659 in
868 4606 1268 4674 ardilicationem
1304 4608 1537 4676 corporis
1568 4604 1781 4668 Christi,
1814 4606 1977 4658 donec
2012 4622 2350 4661 occurramus

773 4714 951 4749 omnes
993 4699 1047 4749 in
1083 4699 1342 4750 unitatem
1380 4697 1505 4764 ﬁdei
1560 4706 1609 4749 et
1662 4697 1973 4767 cognitionis
2002 4695 2124 4751 Filii
2160 4697 2258 4750 Dei
2294 4699 2349 4750 in

773 4788 944 4839 virum
978 4786 1288 4855 perfectum,
1335 4787 1392 4838 in
1440 4800 1745 4838 mensuram
1799 4786 1972 4839 aetatis
2008 4784 2348 4853 plenitudinis

774 4878 989 4941 Christi,
1035 4884 1095 4928 ut
1120 4877 1241 4946 jam
1290 4892 1396 4929 non
1453 4877 1615 4930 simus
1669 4875 1877 4944 parvuli
1912 4878 2248 4943 ﬂuctuantes,
2300 4886 2350 4929 et

773 4969 1212 5038 circumferamur
1242 4969 1387 5021 omni
1424 4977 1580 5021 uento
1617 4968 1870 5022 doctrina:
1905 4967 1961 5020 in
1995 4969 2227 5037 nequitia
2254 4970 2349 5021 ho-

776 5061 996 5123 minum,
1028 5061 1082 5112 in
1119 5059 1317 5113 astutia
1346 5058 1417 5113 ad
1455 5068 1627 5112 artem
1667 5059 1891 5123 erroris;
1928 5058 2143 5111 veridici
2168 5068 2348 5113 autem

775 5149 830 5201 in
879 5148 1135 5200 charitate
1174 5164 1472 5201 crescamus
1512 5149 1569 5200 in
1612 5163 1732 5199 eum
1774 5163 1866 5217 per
1903 5148 2104 5212 omnia,
2144 5149 2233 5218 qui
2273 5158 2347 5202 est

776 5247 933 5309 caput
953 5237 1207 5303 Christus,
1240 5254 1304 5292 ea:
1326 5255 1427 5309 quo
1453 5254 1608 5292 omne
1635 5254 1824 5308 corpus
1844 5241 2272 5309 compaginatum
2299 5252 2347 5294 et

778 5329 1091 5384 collocatum
1124 5347 1215 5399 per
1249 5345 1456 5385 omnem
1490 5330 1553 5384 ab
1585 5346 1644 5383 eo
1674 5329 2213 5395 administrationem,
2268 5351 2343 5387 se-

778 5422 1008 5475 cundum
1049 5422 1405 5491 Operationem
1450 5422 1858 5489 uniuscujusque
1896 5424 2138 5487 membri,
2183 5426 2343 5477 incre-

855 5574 877 5598 υ
910 5560 1111 5628 Ephes.
1143 5576 1212 5616 Ir.
1260 5554 1439 5612 l7-23.

2456 4605 2867 4666 ἀποστόλους,
2901 4599 3043 4664 τοὺς
3069 4600 3137 4652 δὲ
3162 4598 3494 4667 προφήτας,
3526 4597 3671 4663 τοὺς
3692 4597 3761 4649 δὲ
3786 4599 4037 4666 εὐαγγε-

2449 4694 2684 4757 λιστάς,
2719 4692 2862 4756 τοὺς
2883 4690 2951 4743 δὲ
2981 4689 3269 4759 ποιμένος
3296 4688 3396 4742 καί
3417 4688 3847 4753 διδασκάλους,
3883 4690 4037 4755 πριις

2450 4790 2555 4839 τίν
2582 4783 2988 4852 καταρτισμὸν
3031 4779 3151 4834 τῶν
3178 4781 3363 4849 ἁγίων
3390 4782 3478 4845 εὶς
3498 4778 3676 4848 ἔργον
3698 4778 4036 4843 διακονίας,

2447 4880 2534 4941 εὶς
2564 4874 2890 4941 οἰκοδομὴν
2933 4872 3039 4925 τοῦ
3069 4870 3344 4938 σώματος
3370 4870 3478 4925 τοῦ
3503 4868 3762 4938 Χριστοῦ
3784 4910 3799 4933 ,
3853 4867 4038 4937 μέχρι

2450 4965 2912 5033 καταντήσομεν
2939 4967 2992 5017 ot
3020 4962 3243 5027 πάντες
3270 4965 3357 5029 είς
3380 4962 3495 5030 τὴν
3514 4962 3768 5029 ἑνότητα
3794 4959 3913 5028 τῆς
3940 4960 4038 5013 πί-

2450 5077 2637 5124 στεως
2684 5062 2782 5111 καί
2831 5056 2940 5124 τῆς
2980 5054 3356 5124 ἐπιγνώσεως
3403 5054 3509 5107 τοῦ
3547 5053 3684 5107 Υιοῦ
3726 5052 3836 5106 τοῦ
3861 5050 4036 5113 Θεοῦ,

2452 5153 2540 5216 είς
2565 5148 2753 5217 ἄνδρα
2780 5148 3034 5209 τέλειον,
3058 5149 3145 5210 εις
3164 5145 3383 5214 μέτρον
3406 5144 3647 5211 ἡλικίας
3670 5141 3780 5195 τοῦ
3802 5139 4039 5207 πληρώο

2443 5259 2631 5311 ματος
2686 5240 2792 5293 τοῦ
2844 5238 3144 5307 Χριστοῦ,
3206 5237 3308 5290 ἵνα
3356 5235 3572 5303 μηκέτι
3620 5230 3779 5304 ὦμεν
3827 5232 4039 5300 νήπιοι

2451 5330 2947 5400 κλυδωνιζὶτμενοι
2962 5331 3005 5361 ³³
3035 5329 3134 5383 καὶ
3158 5331 3609 5399 περιφερόμενοι
3633 5330 3814 5383 παντί
3836 5328 4040 5397 ἀνέμῳ

2450 5424 2559 5491 τῆς
2591 5422 2988 5485 διδασκαλίας
3013 5461 3029 5486 ,
3079 5423 3148 5476 ἑν
3187 5421 3259 5489 τῇ
3299 5424 3507 5491 κυϐείᾳ
3538 5422 3654 5477 τῶν
3684 5420 4033 5491 ἀνθρώπων,

2142 5699 2225 5754 VA
2238 5698 2372 5753 ΙΙΙ.Ιί
2414 5699 2816 5755 LECTIONES.

852 5815 896 5848 "
931 5813 1127 5875 παντδς
1186 5813 1283 5884 τῆς
1355 5812 1675 5883 Ἰἰκκλησίας
1718 5812 1805 5867 cd.
1862 5814 1979 5868 Gal.

2078 5816 2121 5845 ⁸³
2167 5816 2599 5887 κλυίανιζὸμενοι
2639 5818 2726 5871 ed.
2755 5816 2870 5869 Gal.
