4200 6440
223 394 354 460 1101

1448 397 1955 457 AMBIGUORUM
2005 402 2248 461 LIBER.

3321 410 3455 475 1102

215 508 295 570 ὼς
335 502 510 576 οἶμαι.
555 505 650 559 τοῦ
704 506 908 569 πάθους
960 506 1124 576 ἦτῆς
1165 506 1274 560 τῶν
1322 507 1503 577 μερῶν
1556 509 1790 577 φυσικῆς

1908 523 2131 578 ωιιιιιτς
2153 514 2197 566 si
2223 527 2352 566 vero
2373 517 2697 568 naturaliter
2719 518 3065 583 exsistentia,
3093 535 3311 590 semper
3332 523 3456 588 hoc,

212 596 499 666 δυνάμεως
528 597 669 650 κατά
698 597 796 665 τὴν
841 595 979 665 πρὸς
1025 595 1255 666 θάτερον
1287 596 1520 667 θατέρου
1569 598 1786 651 σύνοδον

213 686 251 754 ἠ
309 683 402 738 τοῦ
449 685 572 738 ὅλου
629 686 753 739 κατ’
789 680 928 746 εἶδος
985 685 1356 754 ἐκπλήρωσις,
1387 685 1524 737 ἀλλά
1551 687 1652 754 τῆς
1701 687 1786 738 ἐπ’

213 777 405 838 αὐτοῖς
437 778 552 845 ἅμα
581 776 702 828 κατ’
729 770 866 838 εἶδος
902 776 1020 827 ὅλον
1049 777 1340 843 γενέσεως.
1377 776 1490 828 Οὐκ
1516 776 1665 828 ἔστιν
1695 777 1789 829 οὖν

211 867 446 920 δύνατον
471 867 600 920 ἄνευ
625 866 832 936 φθορᾶς
867 865 928 928 ἐξ
965 866 1138 928 εἴδους
1161 867 1238 928 είς
1265 863 1401 928 εἶδος
1435 866 1788 935 μεταϐάλλειν

211 960 282 1012 τὸ
306 959 512 1012 οίονοῦν
545 955 704 1022 εἶδος.
733 961 794 1012 Εἰ
825 960 882 1012 δὲ
906 961 989 1013 ὅτι
1019 961 1155 1029 μετά
1185 960 1280 1013 τὸν
1310 961 1538 1014 θάνατον
1566 962 1662 1014 καὶ
1691 961 1790 1031 τὴν

213 1052 379 1104 λύσιν
406 1051 500 1104 τοῦ
552 1052 804 1121 σώματος
835 1052 984 1105 ἔστιν
1018 1054 1050 1122 ἠ
1082 1052 1229 1122 ψυχὴ
1257 1054 1352 1105 καὶ
1377 1052 1650 1122 ὑφέστηκε
1687 1054 1793 1123 φή-

216 1159 380 1196 σουσι
431 1144 526 1198 καὶ
563 1144 745 1213 (133
783 1144 834 1213 ὁ)
885 1143 990 1212 πρὸ
1022 1143 1116 1196 τοῦ
1158 1143 1408 1213 σώματος
1450 1141 1587 1195 εἶναι
1622 1143 1792 1214 αὐτὴν

214 1234 486 1288 δύνασθαι
518 1237 612 1287 καὶ
639 1235 964 1302 ὑφεστάναι,
995 1233 1096 1286 οὐκ
1118 1234 1532 1304 ὲστοχασμένως
1558 1233 1627 1297 ⁸⁸,
1650 1233 1795 1304 ἔμοι-

216 1343 289 1393 γε
318 1327 484 1386 δοκεῖ,
520 1328 550 1378 ό
583 1324 741 1394 λόγος
789 1326 974 1387 αὐτοῖς
1030 1325 1377 1395 προέρχεται.
1415 1325 1527 1393 Οὐχ
1575 1325 1604 1377 ὁ
1631 1325 1794 1389 αὐτὸς

214 1415 333 1484 γὰρ
353 1416 620 1481 γενέσεως
649 1415 743 1468 καὶ
765 1415 952 1476 οὐσίας
979 1413 1155 1482 λόγος.
1188 1415 1247 1467 ’0
1277 1414 1376 1482 μὲν
1401 1414 1510 1483 γὰρ
1537 1414 1634 1466 τοῦ
1662 1432 1794 1468 ποτε

215 1503 318 1556 καί
357 1520 459 1556 που
494 1498 636 1556 εἶναι
676 1504 770 1556 καὶ
805 1505 944 1572 πρός
968 1520 1020 1555 τι
1052 1505 1220 1567 ἐστὶν,
1253 1504 1281 1555 ὁ
1305 1504 1362 1556 δὲ
1394 1502 1489 1556 τοῦ
1530 1499 1668 1556 εἶναι
1699 1507 1794 1559 καί

210 1612 277 1647 τι
312 1595 406 1647 καί
445 1611 560 1657 πως
607 1589 748 1647 εἷναί
781 1595 898 1646 ἐστι
929 1595 1248 1664 δηλωτικός.
1282 1595 1344 1646 El
1371 1594 1430 1647 δὲ
1464 1594 1644 1657 τοῦτο,
1678 1597 1796 1649 ἐστὶ

219 1685 328 1756 μὲν
362 1685 450 1738 ἀεὶ
475 1685 614 1756 μετά
646 1685 707 1737 τὸ
742 1685 996 1754 γενέσθαι
1047 1685 1135 1738 διά
1176 1687 1276 1753 τὴν
1326 1686 1515 1740 οὐσίαν
1554 1688 1587 1755 ἡ
1626 1685 1793 1756 ψυχὴ,

215 1777 324 1830 οὐκ
355 1776 554 1845 ἄφετος
587 1776 645 1828 δὲ
674 1776 763 1829 διὰ
803 1776 901 1846 τὴν
927 1777 1166 1844 γένεσιν,
1201 1776 1337 1829 ἀλλὰ
1379 1778 1517 1846 μετά
1541 1780 1641 1847 τῆς
1669 1778 1792 1847 σχέ-

217 1885 364 1932 σεως
389 1867 484 1920 τοῦ
512 1885 640 1920 ποτε
674 1868 768 1922 καί
796 1886 898 1921 που
927 1869 1022 1921 καὶ
1053 1867 1186 1938 πρός
1219 1885 1292 1921 τι.
1328 1869 1438 1938 Οὐχ
1470 1867 1657 1930 ἁπλῶς
1687 1866 1796 1936 γὰρ

216 1961 442 2030 λέγεται
478 1961 625 2030 ψυχὴ
656 1961 794 2029 μετά
829 1961 921 2014 τὸν
952 1961 1046 2014 τοῦ
1089 1961 1342 2030 σώματος
1375 1961 1605 2015 θάνατον
1640 1962 1674 2030 ἡ
1702 1961 1797 2030 ψυ-

219 2053 317 2122 χὴ,
359 2052 494 2106 ἀλλά
535 2053 577 2084 ⁸⁸
623 2050 916 2121 ἀνθρώπου
955 2052 1122 2122 ψυχὴ,
1153 2055 1248 2106 καὶ
1279 2054 1374 2106 τοῦ
1408 2070 1553 2116 τινος
1587 2053 1798 2123 ἀνθρώ-

218 2159 331 2196 που
367 2142 537 2214 ψυχή.
568 2143 725 2212 Ἔχει
746 2143 855 2212 γὰρ
885 2142 984 2196 καὶ
1027 2143 1163 2212 μετά
1197 2143 1257 2195 τὸ
1288 2142 1450 2212 σῶμα
1482 2142 1558 2206 ὡς
1587 2143 1634 2174 ⁸³
1659 2139 1798 2206 εἶδος

218 2234 397 2305 αὐτῆς
427 2235 486 2287 τὸ
526 2235 646 2287 ὅλον
687 2236 830 2288 κατά
867 2234 964 2306 τὴν
993 2233 1178 2304 σχέσιν
1207 2234 1281 2297 ὼς
1332 2235 1532 2304 μέρους
1573 2251 1802 2305 κατηγο-

223 2325 493 2396 ρούμενον
525 2327 585 2379 τὸ
613 2325 973 2399 ἀνθρώπινον.
1021 2325 1293 2388 Ὡσαύτως
1317 2326 1373 2379 δὲ
1401 2327 1495 2379 καὶ
1521 2326 1582 2378 τὸ
1611 2325 1796 2396 σῶμα,

221 2419 422 2490 θνητὸν
473 2419 573 2489 μὲν
615 2419 704 2473 διὰ
749 2419 849 2490 τὴν
883 2420 1068 2487 φύσιν,
1099 2418 1199 2471 οὐκ
1244 2418 1444 2486 ἄφετον
1482 2418 1539 2471 δὲ
1580 2419 1668 2472 διὰ
1705 2419 1802 2488 τὴν

219 2512 459 2580 γένεσιν.
504 2511 579 2564 Οὐ
608 2511 717 2581 γὰρ
754 2511 942 2575 ἁπλῶς
975 2512 1193 2579 λέγεται
1216 2510 1374 2579 σῶμα
1412 2511 1554 2580 μετά
1576 2510 1666 2563 τὸν
1690 2529 1803 2580 χω-

224 2602 424 2674 ρισμὸν
449 2603 549 2672 τῆς
572 2601 750 2671 ψυχῆς
772 2603 831 2653 τὸ
858 2603 1038 2669 σῶμα,
1070 2601 1184 2654 ἀλλ’
1205 2599 1495 2671 ἀνθρώπου
1521 2600 1806 2671 σῶμα,καὶ

222 2689 324 2741 τοῦ
367 2706 513 2752 τινος
541 2690 832 2760 ἀνθρώπου
869 2690 1048 2760 σῶμα,
1082 2690 1185 2744 κᾶν
1214 2691 1262 2743 εί
1294 2690 1573 2760 φθείρεται
1604 2693 1698 2744 καὶ
1729 2692 1807 2754 εἰς

224 2779 299 2831 τὰ
339 2779 400 2844 ἐξ
428 2773 504 2834 ὧν
543 2780 691 2832 ἐστιν
716 2780 1046 2834 ἀναλύεσθαι
1073 2783 1312 2850 στοιχεῖα
1348 2781 1613 2849 πέφυκεν.
1651 2781 1806 2850 Ἔχει

226 2871 342 2942 γὰρ
396 2870 490 2922 καὶ
550 2869 720 2933 οὕτως
778 2871 855 2930 ὡς
913 2865 1052 2932 εῐόος
1094 2869 1154 2923 τὸ
1178 2871 1295 2923 ὅλον
1325 2869 1486 2924 αὑτοῦ
1535 2871 1675 2924 κατά
1710 2871 1807 2940 τὴν

232 2961 422 3031 σχέσιν
461 2960 538 3024 ὡς
577 2960 773 3030 μέρους
825 2960 1298 3030 κατηγορούμενον
1331 2960 1392 3010 τὸ
1446 2959 1805 3028 ἀνθρώπινον.

247 3051 367 3104 Ἐπ’
427 3052 630 3120 ἀμφοῖν
678 3049 966 3120 τοιγαροῦν
1003 3051 1035 3118 ἡ
1075 3049 1280 3118 σχέσις,
1309 3049 1488 3118 ψυχῆς
1539 3049 1682 3115 λέγω
1717 3050 1810 3100 καὶ

1888 615 1956 652 eo
1993 603 2137 667 quod
2197 603 2449 657 naturale
2504 613 2608 665 est,
2656 607 2906 673 profecto
2951 611 3350 678 operabuntur,
3405 625 3462 669 et

1890 704 2172 756 nunquam
2213 693 2463 759 quiescet
2533 695 2715 747 anima
2771 698 3218 767 coineorporari,
3285 717 3460 771 neque

1890 781 2248 834 coinanimari
2275 797 2496 851 corpus.
2535 785 2642 838 Sed
2677 801 2786 838 non
2817 797 2922 851 est,
2966 799 3026 842 ut
3052 784 3313 857 arbitror,
3336 808 3462 862 pas-

1890 872 2062 926 sionis
2099 882 2195 925 aut
2243 875 2479 941 partium
2518 879 2784 932 naturalis
2817 881 3094 946 potentiae,
3156 883 3460 935 secundum

1890 961 2120 1014 alterius
2163 962 2368 1015 coitum
2399 964 2467 1016 ad
2513 967 2766 1030 alteram,
2801 968 2972 1021 totius
3014 971 3316 1023 secundum
3339 986 3464 1039 spe-

1892 1051 2034 1104 ciem
2072 1052 2380 1121 plenitudo,
2417 1055 2510 1107 sed
2542 1055 2596 1107 in
2627 1056 2762 1123 ipsis
2787 1059 2948 1111 simul
2993 1060 3298 1112 secundum
3343 1075 3466 1128 spe-

1894 1141 2030 1195 ciem
2057 1152 2224 1196 totam
2248 1146 2620 1212 generationis
2649 1155 2752 1198 est.
2787 1147 2978 1201 Nonne
3011 1149 3177 1217 igitur
3201 1150 3464 1218 possibile

1895 1233 2014 1286 sine
2037 1235 2390 1302 corruptione
2417 1252 2483 1289 ex
2517 1237 2700 1305 specie
2733 1237 2787 1290 in
2812 1240 3051 1307 speciem
3083 1242 3462 1294 transmittere

1893 1324 2335 1395 qualemcunque
2363 1327 2644 1395 speciem?
2678 1328 2734 1382 Si
2762 1339 2971 1392 autem,
3007 1331 3135 1398 quia
3161 1341 3285 1399 post
3315 1346 3465 1383 mor-

1895 1421 2005 1467 tem
2034 1422 2092 1467 et
2119 1415 2449 1470 solutionem
2487 1420 2734 1486 corporis
2766 1428 2852 1473 est
2896 1419 3077 1472 anima
3107 1430 3162 1474 et
3191 1421 3464 1481 subsistit,

1895 1504 2092 1558 dicunt
2115 1506 2280 1559 etiam
2305 1517 2433 1561 ante
2458 1524 2659 1574 corpus
2687 1525 2812 1566 esse
2849 1527 2970 1564 eam
3001 1526 3159 1580 posse
3202 1519 3258 1565 et
3286 1512 3470 1566 subsi-

1896 1601 2062 1656 stere,
2088 1593 2515 1659 inconsiderate,
2554 1605 2614 1649 ut
2651 1598 2785 1651 mihi
2827 1599 3071 1663 videtur,
3105 1601 3245 1654 ratio
3272 1617 3467 1655 eorum

1896 1681 2164 1749 procedit.
2199 1683 2318 1737 Non
2349 1684 2497 1738 enim
2545 1686 2739 1740 eadem
2783 1699 2867 1741 est
2894 1689 3269 1757 generationis
3303 1698 3358 1744 et
3383 1706 3473 1744 es-

1900 1772 2091 1826 sentiae
2133 1773 2294 1828 ratio.
2331 1774 2408 1828 Ea
2442 1776 2587 1828 enim
2618 1778 2862 1845 quando.
2909 1788 2964 1832 et
2995 1779 3087 1832 ubi
3122 1794 3267 1842 esse,
3318 1789 3374 1834 et
3402 1779 3469 1833 ad

1900 1862 2033 1931 quid
2077 1871 2161 1917 est
2188 1880 2202 1925 ;
2233 1879 2298 1917 ea
2345 1879 2478 1918 vero
2521 1881 2641 1919 esse
2684 1876 2739 1921 et
2777 1867 2910 1936 quid
2941 1876 2998 1921 et
3041 1869 3319 1936 quomodo
3348 1885 3471 1924 esse

1897 1963 1986 2007 est
2032 1953 2294 2008 declarat.
2352 1954 2414 2008 Si
2459 1963 2643 2009 autem
2688 1956 2793 2010 hoc
2835 1965 2920 2011 est
2962 1957 3186 2026 quidem
3231 1973 3469 2028 semper,

1897 2056 2188 2112 pOStquam
2220 2042 2301 2108 llt,
2337 2059 2438 2112 per
2465 2044 2760 2099 essentiam
2802 2046 3007 2110 anima,
3047 2047 3332 2101 enimvero
3361 2063 3473 2101 non

1899 2135 2170 2197 absoluta,
2202 2149 2301 2204 per
2323 2135 2758 2204 generationem,
2797 2135 2893 2189 sed
2923 2151 3048 2190 eum
3083 2137 3472 2206 conjunctione

1900 2224 2166 2291 temporis
2195 2231 2251 2278 et
2292 2223 2399 2277 loci
2424 2232 2481 2277 et
2513 2223 2582 2276 ad
2617 2223 2843 2292 aliquid.
2878 2224 2996 2278 Non
3029 2226 3180 2278 enim
3213 2225 3475 2295 simplici-

1901 2322 1987 2368 ter
2010 2314 2217 2368 dicitur
2239 2315 2419 2369 anima
2445 2325 2568 2385 post
2584 2325 2817 2370 mortem
2839 2316 3090 2384 corporis
3123 2317 3239 2386 ipsa
3269 2318 3470 2381 anima,

1903 2405 1998 2458 sed
2034 2405 2274 2460 hominis
2317 2406 2522 2471 anima,
2550 2415 2606 2461 et
2649 2407 2936 2477 cujusdam
2965 2407 3205 2462 hominis
3247 2409 3428 2462 anima
3457 2426 3471 2470 ;

1904 2495 2070 2549 habet
2101 2496 2249 2549 enim
2277 2505 2334 2550 et
2367 2505 2492 2564 post
2511 2510 2716 2565 corpus
2745 2497 2826 2550 sic
2852 2496 3092 2565 speciem
3125 2513 3279 2551 suam
3304 2505 3476 2552 totam

1905 2586 2209 2641 secundum
2244 2586 2492 2640 habitum
2547 2587 2719 2642 veluti
2759 2589 2929 2656 partis
2960 2587 3311 2656 praedicatam
3369 2588 3441 2642 hu
3459 2619 3474 2625 --

1905 2693 2144 2730 manam.
2165 2677 2432 2732 Similiter
2453 2687 2635 2731 autem
2657 2685 2712 2731 et
2728 2691 2931 2746 corpus
2951 2687 3231 2732 mortuum
3253 2678 3477 2747 quidem

1907 2783 2004 2836 per
2036 2777 2311 2829 naturam,
2359 2782 2467 2820 non
2508 2782 2645 2822 vero
2693 2767 3007 2821 absolutum
3040 2783 3138 2836 per
3172 2768 3481 2838 generatio-

1908 2873 2054 2911 nem.
2121 2857 2240 2911 Non
2296 2857 2445 2910 enim
2493 2857 2821 2925 simpliciter
2869 2858 3077 2912 dicitur
3123 2872 3325 2927 corpus
3357 2868 3482 2927 post

1909 2949 2312 3016 separationem
2359 2948 2428 3002 ab
2458 2949 2638 3003 anima
2666 2964 2888 3017 corpus,
2929 2948 3022 3003 sed
3071 2949 3314 3003 hominis
3359 2963 3482 3003 eor-

1909 3051 2032 3103 pus,
2070 3045 2126 3089 et
2161 3037 2446 3106 cujusdam
2501 3035 2738 3090 hominis
2777 3050 2980 3105 corpus
3014 3036 3119 3090 etsi
3163 3051 3481 3105 corrumpa-

236 3141 520 3210 σώματος,
572 3139 647 3202 ὡς
691 3141 784 3190 καὶ
813 3138 859 3170 ⁸⁵
903 3139 1024 3191 ὅλου
1053 3139 1222 3201 εἴδους
1257 3137 1594 3207 ἀνθρωπίνου
1628 3138 1798 3208 μερῶι

1914 3135 2002 3178 tur
2038 3135 2094 3177 ct
2125 3125 2177 3178 in
2229 3142 2292 3179 ca
2341 3141 2407 3179 ex
2459 3125 2661 3194 quibus
2689 3134 2775 3179 est
2813 3126 3015 3179 resolvi
3046 3127 3317 3180 elementa
3351 3141 3483 3180 con-

233 3232 613 3301 ἀναφαιρέτως
626 3247 748 3283 νοου
757 3231 994 3301 μένη,πα
1004 3230 1157 3301 ρίστη
1167 3248 1216 3282 σι
1234 3231 1328 3282 καὶ
1341 3230 1436 3299 τὴν
1461 3229 1577 3300 ἅμα
1597 3231 1803 3284 τούτων

234 3322 471 3390 γένεσιν,
492 3323 587 3373 καὶ
619 3320 717 3389 τὴν
751 3319 872 3372 κατ’
899 3319 1087 3371 οὐσίαν
1119 3319 1253 3388 πρὸς
1303 3318 1509 3390 ἄλληλα
1538 3319 1803 3389 διαφορὰν

235 3413 634 3472 ἀποδείκνυσιν,
652 3410 803 3462 οὐδὲν
823 3409 946 3463 καθ’
965 3403 1075 3462 οἷον
1099 3409 1300 3479 δήποτε
1314 3410 1514 3480 τρόπον
1539 3411 1666 3472 τοὺς
1683 3413 1803 3465 κατ’

233 3501 424 3555 οὐσίαν
462 3502 646 3562 αὐτοῖς
676 3497 1060 3570 ὲμπεφυκότας
1087 3497 1556 3568 παραδλάπτουσα
1586 3499 1798 3568 λόγους.

234 3592 352 3643 Οὐκ
399 3591 545 3642 ἔστιν
580 3585 673 3642 οὗν
717 3589 853 3652 ὅλως
895 3588 1054 3659 σῶμα
1087 3589 1316 3640 δυνατὸν
1358 3589 1390 3658 ἧ
1425 3588 1602 3659 ψυχὴν
1625 3591 1805 3660 εὑρεῖν

235 3680 272 3749 ἢ
293 3682 475 3748 λέγειν
499 3682 742 3750 ἄσχετον.
790 3681 1013 3750 Θατέρῳ
1040 3681 1146 3751 γὰρ
1181 3681 1296 3748 ἅμα
1327 3681 1703 3748 συνεισάγεται
1745 3685 1804 3735 τό

236 3787 380 3833 τινος
397 3766 535 3824 εἶναι
551 3771 797 3840 θάτερον
815 3769 955 3823 ὥστε
973 3773 1022 3823 εἰ
1045 3771 1388 3840 προϋπάρχει
1409 3770 1636 3841 θατέρου
1661 3771 1808 3826 θάτε-

236 3879 418 3932 τερον,
450 3862 525 3925 ὡς
546 3863 733 3933 (134
756 3863 810 3930 a)
859 3862 1003 3923 τινὸς
1038 3861 1668 3932 προσυπακουστέον.ἶ’11
1699 3863 1808 3932 γὰρ

237 3952 428 4023 σχέσις
477 3955 755 4024 ἀκίνητος.
789 3955 896 4006 Καὶ
927 3952 1098 4007 ταῦτα
1130 3953 1228 4023 μὲν
1271 3953 1401 4024 περὶ
1433 3953 1661 4008 τούτων.
1699 3953 1808 4007 Καὶ

237 4047 291 4098 εἰ
327 4045 426 4115 μὲν
474 4045 573 4115 τῆς
627 4045 888 4113 ἀληθείας
917 4047 944 4097 ὁ
973 4045 1127 4111 λόγος
1156 4044 1255 4096 οὐκ
1295 4044 1696 4107 ἀποπέπτωκε,
1730 4041 1808 4112 τῷ

234 4132 362 4204 Θεῷ
406 4135 586 4202 χάρις,
637 4133 714 4202 τῷ
745 4133 832 4185 διὰ
880 4132 990 4184 τῶν
1026 4133 1304 4202 ὑμετέρων
1356 4133 1530 4202 εὐχῶν
1577 4133 1713 4202 πρὸς
1748 4131 1810 4184 τὸ

238 4224 424 4287 καλῶς
452 4227 593 4276 νοεῖν
634 4224 984 4293 ὁδηγήσαντι,
1019 4224 1080 4276 Εἰ
1107 4223 1163 4275 δέ
1194 4223 1297 4276 πού
1328 4239 1382 4275 τι
1409 4223 1508 4290 τῆς
1551 4223 1807 4291 ἀληθείας

241 4316 574 4380 ἐλλέλοιπεν,
610 4318 768 4386 ὑμεῖς
800 4316 866 4368 ἂν
907 4315 1135 4384 εἰδείητε
1162 4315 1254 4368 τοῦ
1277 4315 1437 4382 λόγου
1474 4315 1535 4368 τὸ
1561 4315 1805 4384 ἀκριϐὲς,

239 4411 321 4472 ὡς
349 4413 412 4464 ὲκ
448 4408 584 4462 Θεοῦ
610 4409 712 4480 τὴν
733 4408 842 4461 τῶν
862 4409 1119 4461 τοιούτων
1156 4407 1518 4478 ὲμπνεόμενοι
1553 4407 1774 4475 γνῶσιν.

1911 3224 2163 3279 suescat;
2197 3215 2364 3269 habet
2402 3214 2549 3268 enim
2585 3225 2642 3269 et
2679 3215 2760 3270 sic
2811 3215 2967 3284 quasi
3019 3216 3261 3285 speciem
3311 3225 3479 3271 totam

1909 3319 2064 3359 suam
2089 3305 2394 3359 secundum
2427 3305 2697 3369 habitum,
2727 3306 2896 3360 veluti
2930 3307 3102 3374 partis
3128 3305 3481 3374 praedicatam
3535 3301 3537 3303 ’

1911 3396 2227 3449 humanam.
2270 3397 2329 3450 In
2359 3396 2631 3450 ambobus
2658 3396 2842 3465 itaque
2884 3395 3122 3459 habitus,
3153 3397 3335 3450 anima
3354 3397 3482 3451 dico

1909 3491 1966 3538 et
2000 3497 2264 3551 corpore,
2303 3484 2473 3538 veluti
2529 3484 2700 3538 totius
2737 3484 2930 3539 format
2977 3484 3232 3538 humanae
3275 3494 3480 3554 partes,

1912 3574 2356 3641 inseparabiliter
2390 3575 2723 3638 intellectus,
2751 3574 3093 3628 demonstrat
3117 3585 3175 3629 et
3203 3575 3367 3630 simul
3395 3592 3484 3631 eo-

1911 3680 2032 3720 rum
2073 3666 2322 3735 genesin,
2365 3675 2422 3720 et
2460 3663 2762 3719 secundum
2800 3665 3094 3719 essentiam
3130 3665 3198 3719 ad
3243 3682 3300 3720 se
3338 3667 3479 3720 invi-

1909 3772 2026 3812 cem
2054 3756 2423 3810 diﬂ‘erentiam
2466 3757 2728 3820 ostendit,
2768 3756 2920 3810 nuHo
2971 3756 3134 3811 modo
3174 3758 3476 3812 secundum

1909 3849 2204 3904 essentiam
2247 3849 2301 3902 in
2331 3849 2414 3902 eis
2449 3849 2641 3902 insitas
2673 3848 2962 3902 oll‘endens
3007 3849 3272 3902 rationes.
3312 3849 3482 3918 Igitur

1911 3940 2136 3995 omnino
2178 3938 2520 4008 impossibile
2552 3953 2754 4008 corpus
2811 3947 2906 3990 aut
2947 3938 3185 3992 animam
3232 3939 3482 3992 invenire

1911 4042 2008 4087 aut
2052 4032 2240 4086 dicere
2287 4032 2408 4085 sine
2460 4031 2684 4096 habitu;
2731 4023 2902 4086 isimul
2947 4033 3092 4086 enim
3141 4048 3265 4086 cum
3310 4033 3484 4087 altero

1908 4123 2278 4177 introducitur
2304 4122 2535 4191 alicujus
2581 4135 2702 4175 esse
2759 4121 3016 4174 alterum.
3060 4121 3248 4190 Itaque
3274 4122 3318 4174 si
3353 4124 3487 4178 alte-

1909 4229 2028 4268 rum
2063 4213 2328 4267 subsistat
2360 4221 2486 4265 ante
2518 4211 2776 4272 alterum,
2825 4212 3106 4280 quomodo
3144 4223 3204 4265 ut
3253 4214 3488 4285 alicujus

1908 4305 2330 4362 auscultandum
2362 4305 2384 4356 ’ἶ
2440 4303 2676 4358 llabitus
2737 4302 2888 4357 enim
2950 4303 3311 4359 immutabilis
3379 4320 3483 4360 εει.

1907 4403 2183 4455 Hactenus
2213 4396 2281 4451 de
2327 4395 2435 4449 his.
2481 4396 2548 4448 Et
2595 4395 2641 4477 si
2689 4395 2912 4464 quidem
2953 4410 2981 4448 a
3021 4396 3257 4451 veritate
3305 4413 3523 4472 sermo,

241 4518 358 4558 non
403 4501 650 4565 recessit,
684 4501 794 4555 Deo
827 4499 1030 4570 gratias
1060 4515 1160 4569 per
1209 4508 1424 4554 vestras
1467 4499 1750 4553 orationes
1780 4496 1846 4550 ad
1878 4495 2021 4549 bene
2057 4488 2477 4557 intelligendum
2507 4487 2732 4541 ducenti
2759 4503 2772 4550 ;
2817 4487 2861 4539 si
2885 4503 3016 4541 vero
3048 4488 3249 4542 alicubi
3280 4504 3308 4542 a
3338 4489 3488 4542 veri-

245 4603 361 4651 tate
390 4591 597 4657 deﬁcit,
660 4603 758 4644 vos
798 4588 1094 4644 reformate
1132 4588 1363 4643 rationis
1418 4588 1760 4658 diligentiam
1790 4601 1857 4640 ex
1911 4584 2024 4638 Deo
2060 4581 2250 4635 talium
2292 4577 2542 4648 inspirati
2581 4578 2889 4632 scientiam.

1837 4708 1906 4717 ...ο-

258 4774 363 4826 Ἑκ
397 4771 502 4824 τοῦ
540 4769 726 4824 αὑτοῦ
751 4770 958 4838 λόγου,
993 4785 1079 4833 εις
1106 4768 1221 4834 τὸ,‹
1254 4768 1407 4830 ’Ἕως
1432 4765 1511 4822 ἂν
1539 4767 1639 4819 καὶ
1678 4781 1797 4835 παρ

1920 4768 2002 4821 Ea:
2032 4767 2208 4819 eodem
2234 4779 2492 4822 sermone,
2525 4764 2577 4815 in
2618 4764 2712 4816 hoc
2741 4778 2758 4815 :
2789 4779 2809 4814 ι
2848 4762 2986 4815 Dum
3019 4765 3176 4816 etiam
3205 4781 3238 4816 a
3277 4780 3333 4818 se
3374 4766 3488 4835 ipsa

320 4863 542 4932 ἑαυτῆς
575 4865 612 4930 ή
646 4864 760 4930 ὕλη
791 4862 940 4931 φέρῃ
967 4859 1034 4913 τὸ
1063 4859 1321 4912 ἄτακτον
1359 4856 1561 4925 ὥσπερ
1599 4859 1670 4911 ἐν
1690 4859 1820 4926 ῥεύ-

317 4971 459 5024 ματι
489 4957 588 5024 (5).
629 4974 646 5005 ι

322 5061 492 5132 Οἶμαι
536 5064 628 5116 καὶ
667 5063 757 5114 τὸν
789 5061 1031 5131 παρόντα
1059 5059 1153 5112 τοῦ
1183 5059 1340 5125 λόγου
1375 5058 1575 5110 σκοπὸν
1600 5057 1699 5126 τῆς
1725 5057 1820 5110 τοῦ

245 5158 524 5228 προτέρου
581 5155 820 5216 διανοίας
871 5151 1088 5222 ἔχεσθαι
1136 5148 1455 5220 κεφαλαίου.
1521 5149 1820 5216 Διεξελθὼν

245 5251 358 5320 γὰρ
391 5250 473 5301 ὅτι
499 5249 728 5300 πλεῖστα
755 5244 892 5314 πρὸς
917 5242 1043 5305 τοὺς
1089 5240 1340 5310 φιλύλους
1367 5257 1427 5292 τε
1457 5241 1552 5294 καὶ
1585 5240 1819 5309 φιλοσω-

250 5341 458 5412 μάτους
483 5338 654 5392 ταῦτα
682 5337 898 5405 ὲπάγει,
929 5335 1005 5397 ὡς
1039 5330 1288 5386 ἐντεῦθεν
1316 5330 1575 5385 δύνασθαι
1603 5331 1695 5384 τὸν
1725 5333 1818 5384 εὑ-

2029 4858 2270 4910 ηιαιρνὶρε
2322 4856 2420 4907 fert
2466 4854 2823 4908 inordinatum
2857 4853 3016 4907 veluti
3050 4856 3332 4923 iuﬂuxum.
3361 4875 3378 4906 ι

1986 5056 2237 5110 Arbitror
2284 5071 2502 5125 quoque
2555 5065 2878 5124 przesentem
2923 5056 3194 5109 sermonis
3235 5057 3498 5113 intentio-

1918 5164 2042 5203 nem
2067 5147 2271 5218 prioris
2304 5147 2640 5200 intellectum
2674 5145 2880 5200 habere
2914 5147 3158 5215 capituli.
3186 5147 3323 5213 Quia
3352 5150 3497 5202 enim

1927 5238 2274 5308 printermisit
2316 5237 2548 5306 plurima
2595 5247 2784 5291 contra
2832 5237 3076 5292 materiae
3127 5248 3401 5294 amatores
3446 5255 3502 5295 et

1925 5331 2193 5406 corporis,
2237 5332 2352 5384 hazc
2393 5329 2626 5384 addidit.
2678 5337 2736 5382 ut
2770 5329 2899 5384 hinc
2933 5340 3156 5399 possent
3189 5331 3276 5401 pie
3325 5333 3503 5386 inten-

1574 5465 1802 5521 VARIE
1836 5465 2236 5520 LECTIONES.

323 5566 367 5599 “
400 5567 461 5620 ού
516 5560 1016 5631 κατεστοχασμένος
1049 5559 1140 5613 ed.
1197 5558 1315 5613 Gal.
1390 5559 1434 5590 "
1463 5556 1578 5610 ἀλλ’
1603 5557 1692 5611 cd.
1717 5557 1837 5612 Gal.

1913 5557 1960 5588 ⁸³
1986 5557 2060 5619 ὡς
2087 5572 2198 5610 om.
2231 5555 2319 5609 ed.
2343 5555 2460 5609 Gal.
2537 5557 2580 5587 “
2612 5557 2701 5609 καὶ
2735 5571 2844 5610 om.
2882 5555 2971 5612 ed.
2997 5558 3114 5612 Gal.

1793 5672 2021 5728 ΝΟΤᾸΞ.

329 5781 408 5852 (3)
443 5779 585 5849 Greg
654 5779 782 5834 Naz.
822 5776 894 5830 De
925 5791 1148 5845 pauper.
1182 5788 1362 5827 amore
1393 5787 1439 5827 c.
1479 5769 1567 5837 50,
1597 5786 1651 5838 p.
1683 5769 1807 5834 279,
1839 5778 1968 5824 tom.
2002 5769 2037 5836 Ι,
2069 5770 2204 5838 Opp.
2237 5769 2324 5820 ed.
2354 5766 2556 5823 Bcnetl.
