4200 6440
759 396 783 462 i
798 399 894 461 10:3

1923 396 1985 454 S.
2028 392 2309 452 MAXIMI
2349 390 2855 449 CUNFESSORIS

3883 391 4024 455 1104

758 509 962 559 tionem
992 502 1164 558 sancti
1198 510 1607 573 perscrutantes
1638 500 1908 571 conjicere
1935 499 2034 553 sic.
2069 497 2330 563 Quoniam

2448 494 2621 557 σεδῶς
2646 494 2738 546 τὸν
2774 494 2978 547 σκοπὸν
3012 493 3106 547 τοῦ
3141 496 3299 563 ἁγίου
3330 497 3754 567 διερευνώμενον
3794 500 4025 553 ἐπιϐάλ-

758 594 1297 663 incorruptibilitatis
1319 600 1373 644 et
1397 591 1828 644 immortalitatis
1860 588 2273 658 pulchritudine
2303 603 2334 640 a

756 687 869 737 lteo
910 683 1240 737 elariﬁcatus
1278 680 1456 733 factus
1499 690 1582 733 est
1627 680 1813 740 homo,
1856 677 2157 732 materialis
2202 690 2335 731 vero

756 776 903 828 circa
930 790 987 827 se
1012 787 1223 825 natura:
1254 771 1652 840 turpitudinem
1689 769 2047 823 intellectuali
2088 768 2333 837 pulchri-

757 865 935 918 tudini
984 878 1341 932 praeponens,
1392 863 1598 915 oblitus
1646 869 1733 915 est
1783 861 1999 915 decora:
2031 859 2334 915 secundum

756 953 993 1005 animam
1026 950 1327 1021 dignitatis,
1372 951 1544 1018 magis
1586 958 1770 1003 autem
1804 950 1901 1003 Dei
1937 948 2174 1001 animant
2219 947 2336 1002 dci-

756 1042 1005 1094 l'nrmiter
1035 1041 1344 1101 formantis,
1388 1056 1550 1094 otuue
1584 1040 1730 1108 quod
1781 1039 1852 1108 (k)
1901 1038 2031 1093 fecit
2062 1039 2336 1093 sententia

756 1132 1004 1200 dignum,
1040 1136 1342 1185 secundum
1381 1129 1631 1183 divinum
1656 1128 1924 1200 judicium
1954 1136 2199 1183 nostram
2246 1143 2334 1181 sa-

756 1224 972 1292 pienter
1016 1222 1365 1276 administrat
1412 1222 1679 1283 salutem,
1728 1219 2043 1289 colligitque
2094 1219 2336 1273 fructum

758 1329 867 1367 non
903 1314 1077 1368 solum
1113 1313 1287 1381 ipsam
1310 1313 1563 1382 corporis
1584 1313 1993 1380 corruptionem
2018 1320 2076 1366 et
2101 1318 2334 1366 mortem

755 1411 812 1457 et
836 1403 903 1456 ad
931 1418 1149 1457 omnem
1189 1403 1497 1471 passionem
1543 1402 2016 1471 promptissimum
2043 1413 2254 1457 motuin
2281 1413 2338 1457 et

756 1492 1247 1560 opportunitatem,
1282 1492 1377 1546 sed
1403 1501 1459 1545 et
1482 1502 1635 1545 extra
1663 1499 1715 1545 et
1743 1490 1890 1545 circa
1919 1507 2045 1545 eum
2076 1491 2335 1545 materia-

756 1583 827 1635 lis
857 1582 1111 1637 essentia:
1144 1581 1398 1635 instabile
1428 1590 1484 1635 et
1525 1583 1840 1636 anomalum
1876 1591 1933 1636 et
1973 1581 2042 1635 ad
2088 1581 2335 1635 alienan-

757 1673 887 1726 dum
934 1675 1117 1726 fcrens
1170 1681 1225 1725 et
1271 1673 1469 1737 facile,
1514 1673 1629 1726 sive
1675 1683 1803 1727 tunc
1849 1673 2020 1740 ipsam
2067 1671 2331 1742 (videlicet

758 1764 1044 1829 aninmm),
1068 1764 1178 1815 Deo
1197 1771 1419 1831 prepter
1451 1761 1961 1830 praevaricationem
1998 1772 2187 1816 nostro
2208 1776 2333 1816 cor-

2442 583 2555 634 λειν
2586 581 2779 645 οὕτως.
2828 583 3047 654 Ἐπειδὴ
3072 583 3149 654 τῷ
3189 585 3291 655 τῆς
3319 586 3633 655 ἀφθαρσίας
3665 605 3725 640 τε
3764 590 3858 643 καὶ¹
3889 592 4023 644 ἀθα-

2442 674 2635 737 νασίας
2664 674 2852 728 κάλλει
2884 676 3036 745 παρὰ
3064 674 3200 729 Θεοῦ
3241 678 3719 746 κατηγλαῖσμένος
3747 682 3776 731 ὀ
3805 680 4023 750 ἄνθρωο

2437 781 2537 826 πος
2588 765 2806 832 γέγονε,
2856 765 2917 817 τὸ
2969 765 3027 818 δέ
3076 767 3178 837 τῆς
3221 767 3352 836 περὶ
3381 767 3545 821 αὑτὸν
3576 768 3767 836 ὑλικῆς
3800 770 4023 836 φύσεως

2436 851 2624 925 αἶσχος
2652 855 2749 908 τοῦ
2808 856 2998 927 νοεροῦ
3029 856 3261 921 κάλλους
3293 860 3644 928 προτιμήσας
3693 859 3868 929 λήθην
3921 860 4020 912 τοῦ

2437 949 2578 1001 κατά
2620 948 2802 1017 ψυχὴν
2831 949 3145 1019 ἐκπρεποῦς
3173 948 3486 1019 ἀξιώματος
3508 990 3523 1013 ,
3554 950 3755 1019 μᾶλλον
3783 951 3839 1003 δέ
3880 952 4019 1003 Θεοῦ

2436 1038 2530 1092 τοῦ
2554 1039 2647 1092 καὶ
2675 1040 2775 1109 τὴν
2804 1038 2985 1109 ψυχὴν
3014 1040 3264 1103 θεοειδῶς
3294 1040 3746 1104 καλλωπίσαντος
3781 1042 4017 1111 πάμπαν

2438 1131 2759 1200 ἐπεποίητο,
2791 1131 2891 1200 τῆς
2912 1131 3140 1200 γνώμης
3159 1130 3311 1196 ἄξιον
3341 1131 3483 1185 κατὰ
3530 1131 3679 1184 θείαν
3706 1132 3888 1202 ψῆφον
3917 1133 4019 1202 τὴν

2439 1221 2618 1289 σοφῶς
2650 1221 2749 1291 τὴν
2795 1222 2955 1291 ἡμῶν
2988 1223 3266 1291 σωτηρίαν
3312 1223 3703 1292 οίκονομοῦσαν
3749 1225 4017 1295 ἐδρέψατο

2437 1310 2671 1377 καρπὸν,
2701 1311 2763 1363 οὐ
2798 1312 2959 1379 μόνον
2991 1311 3082 1364 τοῦ
3116 1311 3369 1378 σώματος
3414 1312 3513 1383 τὴν
3558 1313 3765 1384 φθοράν
3797 1317 3894 1367 καὶ
3923 1316 4016 1368 τὸν

2436 1402 2689 1466 θάνατον,
2730 1403 2824 1456 καὶ
2868 1403 2968 1467 τὴν
3003 1403 3140 1471 πρὸς
3177 1406 3288 1457 πᾶν
3320 1404 3492 1468 πάθος
3540 1407 3897 1476 εὐέμπτωτον
3931 1407 4016 1459 κί-

2436 1490 2594 1558 νησίν
2620 1507 2681 1542 τε
2711 1491 2821 1543 καὶ
2851 1490 3286 1561 ἐπιτηδειότητα,
3320 1492 3455 1545 ἀλλὰ
3484 1494 3581 1547 καὶ
3608 1495 3707 1562 τῆς
3737 1495 3897 1557 ἐκτὸς
3923 1496 4017 1548 καὶ

2434 1580 2564 1648 περὶ
2594 1581 2757 1633 αὐτὸν
2789 1582 2981 1650 ὑλικῆς
3003 1583 3195 1645 οὐσίας
3217 1582 3279 1635 τὸ
3307 1582 3542 1636 ἄστατον
3573 1586 3667 1638 καὶ
3697 1586 4013 1656 ἀνώμαλον,

2435 1673 2528 1723 καὶ
2551 1672 2687 1741 πρὸς
2711 1671 2770 1723 τὺ
2793 1672 3133 1726 ἀλλοιοῦσθαι
3161 1673 3393 1743 εὔερορόν
3410 1692 3467 1727 τε
3502 1677 3594 1729 καὶ
3623 1677 3867 1747 εὐχερὲς,
3903 1680 4013 1730 εἴτε

2435 1762 2556 1812 τότε
2587 1762 2757 1830 αὐτὴν
2784 1762 2879 1815 τοῦ
2900 1762 3035 1815 Θεοῦ
3065 1764 3154 1816 διὰ
3183 1764 3282 1832 τὴν
3312 1764 3625 1834 παράϐασιν
3645 1766 3723 1834 τῷ
3755 1767 4015 1836 ἡμετέρῳ

758 1856 876 1923 pori
905 1854 1315 1917 connniseente,
1345 1862 1400 1908 ct
1426 1853 1491 1906 ad
1525 1853 1878 1907 alienandum
1912 1868 2053 1917 eam,
2090 1854 2170 1907 sic
2202 1868 2330 1907 cor-

2436 1850 2648 1920 σώματι
2679 1852 2862 1924 (134
2888 1853 2941 1923 b)
2975 1855 3594 1925 συμμετακεράσαντος,
3629 1859 3721 1909 καὶ
3753 1858 3850 1927 τὴν

756 1961 891 2013 pore
922 1946 988 1998 ad
1019 1946 1327 2013 passionem
1360 1955 1416 1998 et
1451 1944 1863 2014 corruptionem
1902 1955 1959 2001 et
1990 1947 2219 2000 omnino
2244 1960 2331 2001 so-

756 2034 1046 2095 lutionem,
1083 2033 1225 2087 sicut
1266 2034 1578 2087 mortalium
1606 2035 1660 2087 in
1690 2034 1943 2103 paradiso
1974 2036 2199 2103 pellium
2231 2034 2330 2088 de-

756 2123 929 2175 clarat
972 2122 1226 2185 amictus,
1274 2122 1551 2176 inscrente
1615 2125 1937 2192 potentiam,
1980 2126 2135 2195 juxta
2181 2123 2330 2193 quod

755 2214 1019 2280 scriptum
1045 2220 1127 2265 est
1160 2229 1173 2265 :
1203 2210 1341 2275 Quia
1373 2222 1419 2265 et
1450 2214 1565 2281 ipsa
1592 2224 1839 2267 creatura
1866 2216 2093 2285 subjecta
2118 2224 2195 2268 est
2218 2232 2331 2268 cor-

756 2303 985 2371 ruptioni
1021 2302 1221 2366 nolens,
1248 2303 1338 2354 sed
1378 2310 1589 2372 propter
1623 2305 1979 2374 subjicientem
2003 2308 2057 2358 in
2080 2322 2205 2376 spe;
2232 2321 2327 2361 seu

754 2409 818 2445 ex
856 2392 1147 2461 principio,
1205 2407 1301 2461 per
1347 2395 1748 2462 prmscientiam
1794 2396 1875 2449 sic
1915 2413 2034 2451 eam
2085 2408 2327 2462 creante,

756 2494 979 2551 propter
1013 2483 1297 2552 praevisam
1333 2484 1572 2540 hominis
1602 2486 2132 2553 prazvaricationem,
2169 2489 2241 2543 ita
2270 2498 2329 2543 ut

757 2575 1013 2641 patiendo
1042 2584 1099 2628 et
1126 2573 1367 2629 vitiando
1400 2590 1498 2643 per
1532 2591 1589 2629 se
1627 2576 1682 2630 in
1713 2592 2041 2633 consensum
2076 2579 2248 2648 ipsius
2275 2588 2329 2633 et

756 2665 991 2732 propriae
1010 2665 1292 2732 dignitatis
1309 2666 1542 2726 veniret,
1562 2675 1617 2719 et
1642 2667 1948 2736 inseparate
1973 2669 2243 2737 reciperet
2261 2668 2327 2723 ad

754 2771 953 2823 corpus
976 2764 1031 2809 et
1061 2770 1118 2809 se
1149 2755 1320 2824 ipsam
1353 2755 1550 2810 iterum
1583 2758 1863 2813 affectum.
1887 2759 2152 2814 Concedit
2180 2761 2327 2814 enim

752 2845 1188 2913 sapientissimus
1220 2846 1342 2899 vita:
1375 2856 1575 2900 nostrae
1605 2849 1856 2916 provisor
1888 2850 2214 2903 naturaliter
2250 2852 2326 2905 uti

751 2948 894 3002 εωρο
946 2935 1112 2988 rebus
1158 2938 1396 3005 propriis
1453 2940 1694 2993 motibus
1739 2939 1807 2993 ad
1842 2949 2085 2994 nostram
2124 2942 2328 2995 utilita-

753 3033 883 3087 tem,
922 3024 1197 3079 interdum
1229 3026 1417 3081 insane
1444 3043 1539 3081 eas
1569 3037 1884 3091 tractantes,
1906 3046 1974 3086 ex
2006 3032 2327 3086 confusione

749 3126 805 3168 et
854 3116 1265 3183 perturbatione
1300 3118 1446 3171 circa
1489 3135 1583 3173 cas
1624 3130 1681 3174 et
1728 3136 1795 3175 ex
1827 3121 1928 3185 eis,
1968 3122 2035 3177 ad
2075 3122 2127 3177 id
2176 3124 2323 3193 quod
2353 3156 2395 3212 ο

749 3207 982 3261 amabile
1010 3215 1095 3261 est
1128 3209 1429 3262 secundum
1461 3221 1736 3277 naturam,
1771 3213 2054 3270 adducens
2105 3216 2324 3269 interim

749 3305 997 3348 nostrum
1036 3296 1463 3352 irrationabilem
1511 3301 1579 3354 ad
1610 3318 1673 3356 ea
1707 3319 1828 3371 qua:
1861 3306 2149 3373 prmsentia
2198 3315 2325 3359 sunt

746 3398 1012 3436 amorem.
1049 3382 1251 3438 Tribus
1299 3386 1448 3440 enim
1498 3392 1891 3446 exsistentibus
1923 3394 2326 3449 universalibus

749 3474 947 3536 modis,
984 3490 1082 3543 per
1111 3491 1248 3544 quos
1280 3477 1471 3533 dicunt
1496 3482 1711 3536 erudite
1745 3492 1962 3539 nostras
1990 3486 2169 3539 sanari
2202 3502 2323 3555 pas-

747 3561 964 3622 siones,
1012 3578 1109 3632 per
1155 3564 1401 3635 singulos
1444 3570 1636 3624 modos
1686 3574 1963 3641 sapienter
2010 3576 2323 3630 inordinate

749 3651 1008 3717 materiae,
1039 3654 1291 3711 ordinate
1320 3659 1626 3713 secundum
1651 3677 1817 3731 super
1838 3673 2015 3733 noset
2038 3666 2319 3721 meliorem

748 3744 1039 3810 rationem,
1089 3746 1155 3801 ad
1202 3749 1477 3818 cognitam
1529 3752 1643 3806 Deo
1689 3753 1889 3829 bonam
1923 3756 2320 3828 pulchramque

744 3835 1161 3902 perfectionem,
1193 3840 1495 3909 gubernata
1531 3844 1751 3900 malitiae
1780 3848 2097 3916 passionum
2130 3865 2319 3917 grave-

742 3919 892 3985 dine,
920 3922 1378 3981 medicamentum
1422 3931 1663 3998 ponitur.
1698 3934 1807 3987 Aut
1838 3936 1988 3990 enim
2016 3946 2143 3993 ante
2172 3954 2320 3993 com-

744 4010 1034 4063 missorum
1068 4023 1419 4080 peccatorum
1463 4032 1679 4086 poenam
1717 4030 2049 4090 repetentes.
2080 4041 2315 4096 quorum

740 4116 893 4168 :uque
915 4118 1091 4171 neque
1114 4105 1405 4175 vestigium
1431 4111 1693 4167 memoria
1748 4113 2061 4171 detinemus
2090 4129 2313 4187 propter

740 4196 1129 4262 ignorantiam;
1144 4196 1391 4255 fortassis
1408 4216 1538 4255 vero
1555 4205 1930 4273 recordantes,
1948 4220 2312 4280 opportunam

739 4284 957 4339 delictis
990 4289 1283 4346 restituere
1326 4296 1726 4351 correctionem
1770 4314 1879 4354 non
1918 4304 2308 4374 sustinuimus,

737 4391 834 4428 seu
852 4378 1099 4432 nolentes
1124 4395 1219 4434 seu
1240 4397 1353 4436 non
1374 4384 1619 4439 valentes
1636 4397 1860 4456 propter
1882 4389 2183 4460 ingenitum
2208 4411 2313 4450 ma-

2432 1937 2493 1989 τὸ
2522 1937 2871 1992 ἀλλοιοῦσθαι
2904 1938 3000 1990 καὶ
3042 1939 3202 2008 αὐτῇ,
3234 1938 3425 2011 ὥσπερ
3482 1942 3560 2011 τῷ
3613 1943 3864 2010 σώματι,
3918 1944 4017 2013 τὴν

2433 2030 2569 2099 πρὸς
2598 2030 2660 2083 τὸ
2692 2031 2925 2100 πάσχειν
2952 2046 3014 2083 τε
3065 2033 3159 2083 καὶ
3208 2032 3527 2103 φθείρεσθαι
3568 2036 3660 2087 καὶ
3698 2036 3836 2099 ὅλως
3888 2036 4015 2088 λύε-

2434 2121 2578 2174 σθαι·
2611 2122 2683 2183 ὡς
2714 2122 2869 2190 δηλοί
2899 2122 2932 2191 ὴ
2961 2123 3070 2175 τῶν
3096 2124 3309 2193 νεκρῶν
3342 2125 3614 2194 σωμάτιον
3646 2128 3689 2156 ⁵⁵
3721 2127 4013 2197 περιϐολὴ,

2431 2207 2723 2276 ἑνθεμένου
2757 2207 2992 2277 δύναμιν
3024 2208 3167 2262 κατά
3200 2210 3260 2261 τὸ
3320 2212 3737 2281 γεγραμμένον,
3769 2214 3853 2266 δτι
3900 2216 4012 2268 Καὶ

2431 2295 2585 2360 αὐτὴ
2622 2293 2660 2360 ἡ
2696 2296 2895 2359 κτίσις
2946 2295 3215 2364 ὑπετάγη
3252 2294 3323 2363 τῇ
3360 2297 3551 2365 φθορᾷ
3587 2304 3699 2368 οὐχ
3742 2300 4009 2375 ἑκοῦσα,

2429 2386 2567 2438 ἀλλά
2596 2386 2683 2438 διὰ
2717 2385 3190 2451 τὸνὺποτάξαντα
3218 2389 3307 2460 ἐπ’
3348 2390 3543 2455 ἐλπίδι,
3573 2392 3625 2443 εἴ
3650 2409 3707 2444 τε
3750 2392 3809 2457 ἐξ
3834 2394 4014 2463 ἀρχῆς

2431 2479 2573 2531 κατά
2604 2477 2915 2546 πρόγνωσιν
2963 2476 3136 2543 οὕτως
3167 2482 3334 2551 αὐτὴν
3381 2483 3893 2553 δημιουργήσαντος
3922 2486 4013 2540 διά

2428 2568 2528 2636 τὴν
2564 2568 2969 2638 προοραθείσαν
2995 2569 3331 2637 παράϐασινο
3371 2570 3513 2623 ὥστε
3547 2571 3627 2641 τῷ
3658 2574 3894 2643 πάσχειν
3916 2577 4012 2628 καὶ

2430 2658 2736 2712 κακοῦσθαι
2768 2658 2834 2711 δι’
2882 2660 3078 2728 αὐτῆς,
3135 2661 3217 2723 εἰς
3264 2657 3863 2732 συναίσθησιν’ἐαυτοῦ
3914 2666 4013 2719 καὶ

2429 2746 2523 2800 τοῦ
2554 2748 2757 2801 οἰκείου
2804 2748 3117 2819 ἀξιώματος
3150 2751 3345 2812 ἐλθεῖν,
3384 2753 3479 2804 καὶ
3507 2755 3793 2817 ἀσπασίως
3830 2774 4012 2808 κατα-

2429 2838 2683 2902 δέξασθαι
2712 2840 2811 2909 τὴν
2844 2840 2981 2908 πρὸς
3012 2841 3072 2893 τὸ
3108 2841 3269 2911 σῶμα
3301 2844 3394 2895 καὶ
3433 2844 3602 2913 αὐτὴν
3630 2845 4008 2899 ἀπώιάθεσιν.

2430 2926 2709 2995 Συγχωρεῖ
2738 2929 2845 2997 γάρ
2869 2931 2897 2980 ὁ
2933 2930 3209 2997 πάνσοψος
3248 2932 3349 2999 τῆς
3380 2933 3657 3004 ἡμετέρας
3690 2934 3837 3005 ζωῆς
3872 2953 4009 3007 προ-

2430 3015 2628 3085 νοητὴς
2684 3017 2934 3084 φυσικῶς
2986 3018 3225 3088 χρῆσθαι
3269 3020 3530 3085 πολλάκις
3582 3027 3648 3076 τα
3700 3030 4011 3094 πράγματα

2430 3108 2549 3166 ταῖς
2591 3106 2822 3168 οἰκείαις
2853 3110 3052 3177 ὁρμαῖς
3080 3111 3215 3178 πρὸς
3257 3114 3638 3181 σωφρονισμὸν
3676 3116 3858 3184 ἡμῶν,
3893 3117 4009 3169 ἐσθ’

2428 3194 2537 3265 ὅπη
2566 3195 2673 3248 τῶν
2710 3197 2970 3265 ἐμμανῶς
3017 3198 3157 3250 αὐτὰ
3213 3203 3747 3273 μεταχειριζομένων
3788 3205 3878 3258 διά
3910 3207 4011 3274 τῆς

2429 3287 2556 3355 περὶ
2586 3288 2725 3340 αὐτὰ
2751 3289 2845 3340 καὶ
2872 3289 2930 3354 ἐξ
2958 3289 3139 3343 αὐτῶν
3176 3292 3490 3361 συγχύςεώς
3519 3312 3577 3347 τε
3606 3298 3700 3347 καὶ
3731 3298 4008 3366 ταραχῆς,

2428 3378 2563 3447 πρὸς
2612 3377 2673 3431 τὸ
2715 3379 2857 3431 κατὰ
2896 3381 3058 3448 φύσιν
3098 3382 3329 3449 ὲραστὸν
3381 3385 3675 3453 ἐπανάγων
3723 3386 3816 3439 τὸν
3867 3390 4009 3453 τέως

2425 3469 2710 3537 ἀλόγιστον
2737 3470 2894 3539 ἡμῶν
2929 3471 3063 3541 πρὸς
3091 3472 3159 3525 τὰ
3193 3474 3439 3543 παρόντα
3463 3476 3661 3548 ἔρωτα.
3687 3480 3868 3550 Τριῶν
3897 3484 4007 3553 γάρ

2423 3563 2593 3616 ὄντων
2618 3563 2928 3616 καθολικῶν
2950 3564 3191 3635 τρόπων,
3217 3568 3341 3620 καθ’
3364 3568 3458 3632 οῦς
3479 3587 3613 3637 φασι
3635 3574 4006 3640 παιδευτικῶς

2423 3657 2491 3708 τά
2518 3655 2766 3725 ἡμέτερα
2808 3654 3057 3721 ἐξιᾶσθαι
3102 3656 3274 3727 πάθη,
3319 3658 3385 3711 δι’
3406 3661 3639 3716 ἑκάστου
3668 3666 3873 3735 τρόπον
3911 3685 4002 3720 σο·-

2422 3745 2539 3814 φῶς
2564 3746 2624 3798 τὸ
2647 3745 2748 3814 τῆς
2771 3744 2905 3814 ὕλης
2958 3745 3197 3800 ἄτακτον
3244 3750 3526 3815 εὐτάκτως
3567 3755 3709 3809 κατά
3737 3758 3832 3811 τὸν
3862 3760 4002 3833 ὑπὲρ

2421 3838 2567 3907 ἡμᾶς
2600 3837 2692 3889 καὶ
2728 3837 3017 3906 κρείττονα
3054 3837 3213 3906 λόγον
3246 3841 3382 3911 πρὸς
3428 3842 3490 3895 τὸ
3538 3845 3889 3916 ἐγνωσμένον
3919 3853 4001 3922 τῷ

2419 3926 2538 3995 Θεῷ
2588 3926 2974 3997 άγαθοπρεπὲς
3025 3928 3377 3999 ἀποτέλεσμα
3420 3933 3848 4009 κυδερνωμένης
3898 3941 3999 4009 τῆς

2421 4020 2597 4088 κακῆς
2639 4017 2748 4071 τῶν
2777 4017 2967 4071 παθῶν
2998 4019 3293 4091 ἀχθηδόνος
3325 4022 3463 4094 ἴαμα
3504 4026 3736 4082 τίθεται.
3788 4032 3859 4083 Ἦ
3887 4032 3997 4103 γάρ

2417 4112 2526 4164 τῶν
2556 4111 2969 4181 προγεγονότων
3000 4112 3415 4184 ἁμαρτημάτων
3444 4119 3637 4189 ποινὴν
3656 4121 3997 4194 άπαιτούμευ

2417 4221 2518 4268 νοι,
2552 4196 2630 4256 ὧν
2676 4201 2805 4279 ἴσως
2834 4202 3124 4285 οῦδίῐχνος
3168 4208 3236 4275 τῇ
3293 4208 3482 4278 μνήμῃ
3531 4214 3994 4285 παρακατέχομεν

2417 4292 2598 4364 (135
2659 4293 2713 4364 a)
2763 4293 2852 4346 διὰ
2894 4282 3000 4364 ’τὴν
3031 4294 3275 4364 ἄγνοιαν,
3309 4298 3470 4369 τυχδν
3523 4300 3581 4354 δὲ
3631 4295 3726 4356 και
3777 4282 3992 4377 μνημο-

2415 4385 2667 4448 νεύοντες
2700 4384 2797 4455 τὴν
2826 4385 3053 4441 δέουσαν
3094 4390 3206 4451 τοῖς
3232 4389 3728 4461 ’πλημμεληθεῖσιν
3768 4399 3995 4468 ἀντισηο

737 4465 869 4520 lilia:
892 4466 1171 4534 habitum;
1193 4486 1290 4526 seu
1316 4472 1691 4529 infirmitatem
1719 4493 2036 4548 purgamur,
2057 4492 2150 4536 aut
2171 4499 2312 4551 prae-

2427 4474 2909 4545 ιιῶσαιδιόρθωσιν
2956 4477 3055 4531 οῦκ
3083 4479 3407 4549 ἀνεχόμεθα,
3438 4483 3469 4552 ἢ
3507 4485 3581 4556 μὴ
3632 4486 3900 4553 θέλοντες,
3928 4465 3994 4561 ἦν

735 4565 946 4611 sentem
970 4569 1025 4613 et
1045 4560 1392 4618 distributam
1415 4565 1476 4635 (1)
1500 4567 1762 4621 malitiam
1785 4571 2121 4638 repellimus,
2142 4584 2198 4628 et
2216 4575 2287 4629 ite

735 4667 853 4703 rum
883 4655 951 4705 ad
983 4654 1229 4709 habitum
1259 4656 1459 4711 futurae
1479 4660 1605 4712 vita:
1632 4660 2011 4728 prtediscimus
2030 4665 2307 4732 aspicere:

732 4754 827 4797 aut
845 4743 997 4799 firma
1023 4747 1315 4803 tolerantia
1333 4758 1389 4804 et
1409 4750 1497 4819 pia
1517 4751 1841 4808 fortitudine
1864 4753 2113 4810 mirabile
2131 4771 2314 4811 exem-

732 4834 881 4902 plum
899 4835 1022 4890 aliis
1043 4837 1362 4894 hominibus
1391 4840 1531 4895 alius
1552 4842 1811 4911 proponit
1833 4842 2017 4908 homo,
2040 4844 2311 4914 siquidem

730 4922 979 4977 excelsus
1013 4935 1107 4979 aut
1139 4928 1497 4998 intelligentia
1530 4938 1695 4999 atque
1724 4932 1927 4987 virtute
1959 4934 2228 5002 gloriosus
2253 4947 2307 4989 et

734 5015 964 5070 idoneus
981 5033 1078 5085 per
1095 5033 1151 5071 se
1172 5019 1348 5089 ipsum
1369 5021 1735 5090 imperterrita
1752 5030 1940 5077 contra
1960 5033 2200 5079 terrores
2210 5042 2302 5080 co-

732 5104 818 5172 pia
840 5103 935 5174 (m)
959 5107 1307 5162 manifestare
1328 5109 1544 5164 interim
1564 5110 1833 5163 occultant
1851 5112 2158 5167 veritatem.
2195 5116 2304 5169 Ad-

805 5241 830 5277 ι’
867 5239 1024 5294 Rom.
1053 5257 1165 5301 \‘lll,
1204 5241 1295 5294 20.

2417 4568 2491 4639 μὴ
2522 4568 2829 4644 ,ἰσχύοντεῇ
2857 4570 2944 4623 διὰ
2971 4570 3069 4641 τὴν
3094 4573 3464 4644 ἐγγενομένην
3498 4578 3609 4642 ἕξιν
3634 4581 3733 4651 τῆς
3772 4586 3992 4649 κακίας,

2412 4657 2563 4728 ἢτὴν
2594 4658 2883 4711 ἀσθένειαν
2925 4660 3330 4733 καθαιρόμεθα,
3379 4667 3411 4735 ἧ
3472 4669 3753 4740 παροῦσάν
3790 4692 3853 4727 τε
3899 4679 3995 4727 καὶ

2412 4750 2717 4820 νεμομένην
2743 4750 2943 4805 κακίαν
2969 4753 3413 4825 ἀποδαλλόμεθα,
3448 4761 3541 4813 καὶ
3582 4763 3716 4831 πρὸς
3762 4766 3994 4819 ἀναστο-

2411 4843 2507 4913 λὴν
2532 4845 2628 4912 τῆς
2659 4844 2963 4913 μελλούσης
3011 4846 3139 4899 ἰδεῖν
3184 4851 3677 4923 προδιδασκόμεθα,
3710 4857 3742 4926 ἢ
3789 4876 3996 4929 καρτο-

2417 4937 2537 5004 ρίας
2566 4938 2799 5008 ἀρίστης
2834 4941 2929 4992 καὶ
2962 4941 3221 5006 εὐσεϐοῦς
3244 4944 3499 5015 ἀνδρείας
3528 4948 3836 5021 ὑπόδειγμα
3868 4952 3998 5007 θαυο

2418 5030 2619 5097 μαστὸν
2647 5035 2759 5093 τοῖς
2793 5031 2973 5095 ἄλλοις
3002 5032 3317 5103 ἀνθρώποις
3360 5039 3519 5103 ἄλλος
3551 5042 3872 5112 προτίθεται
3900 5047 3995 5099 ἄν-

2417 5120 2653 5188 θρωπος,
2682 5122 2857 5192 ἄνπερ
2892 5124 3101 5195 ῦψηλὴς
3205 5126 3304 5196 τὴν
3330 5128 3574 5185 διάνοιαν
3601 5135 3692 5186 καὶ
3721 5136 3823 5205 τὴν
3862 5138 3995 5207 ἀρε-

2034 5342 2269 5399 VARIAS
2305 5347 2709 5407 LECTIONES.

798 5425 1184 5525 fi'aeppa'ttmv
1225 5427 1348 5482 eod.
1415 5428 1556 5482 Gud.
1604 5428 1710 5487 Std
1753 5428 1943 5487 eadem
1986 5452 2179 5493 manus
2215 5440 2419 5509 syllaba
2479 5460 2555 5497 σω
2630 5448 3000 5518 superscripta
3062 5453 3329 5522 σωμάτων
3394 5456 3771 5525 reponendum
3840 5460 3987 5517 indi-

730 5495 896 5551 cavit.

2284 5601 2516 5657 ΝΟΤίΕ.

796 5679 870 5748 (k)
910 5678 1075 5733 Omne
1104 5684 1239 5750 quod
1279 5682 1472 5750 fecerat
1513 5686 1614 5753 (sic
1642 5684 1774 5739 Gale
1833 5689 1886 5740 in
1919 5689 2130 5752 adnot.,
2186 5709 2293 5747 non

734 5755 876 5821 locat)
912 5791 925 5805 .
964 5760 1115 5805 verte
1156 5755 1365 5807 omnino
1392 5755 1577 5808 oblitas
1612 5758 1807 5824 fuerat.
1833 5758 2027 5828 (Gula)

2478 5696 2539 5777 fl)
2564 5697 2711 5777 Lege
2752 5699 3114 5777 depaseetttent
3148 5720 3261 5777 nos.
3284 5706 3479 5777 (Galen

2484 5768 2577 5833 (ιη)
2612 5767 2750 5838 Lege
2792 5771 2998 5839 rapula.
3043 5773 3240 5843 (Gale.)
