4200 6440
231 383 371 449 1105

1451 386 1965 448 AMBIGUORUM
2005 389 2251 449 LIBER.

3315 390 3451 456 1106

224 494 329 561 τὴν
367 491 635 557 ἐπίδοξος,
687 492 783 544 καὶ
832 490 1017 553 ίκανδς
1063 490 1128 543 δι’
1172 491 1367 544 ἑαυτοῦ
1404 496 1470 564 τῇ
1509 493 1793 563 ἀκλονήτῳ

1896 503 2079 546 monet
2124 494 2307 562 itaque
2335 508 2430 550 cos
2457 495 2550 563 qui
2578 494 2711 549 nihil
2743 510 2907 565 supra
2938 504 3260 566 praesentem
3291 499 3460 551 vitam

225 584 369 654 πρὸς
415 583 483 635 τά
516 582 667 636 δεινά
723 582 1009 652 συμπλοκῇ
1058 582 1372 651 φανερῶσαι
1396 584 1494 653 τὴν
1522 584 1660 646 τέως
1702 600 1796 637 κε-

226 675 557 745 κρυμμένην
592 673 870 744 ἀλήθειαν.
904 675 1169 743 Παραινεῖ
1198 670 1291 727 οὖν
1319 676 1432 737 τοῖς
1461 674 1629 746 μηδὲν
1655 674 1796 745 ὑπὲρ

224 770 329 836 τὴν
359 767 638 837 παροῦσαν
664 765 811 835 ζωὴν
826 766 1158 819 διανοεῖσθαι
1180 766 1520 836 δυναμένοις,
1554 765 1630 836 μὴ
1660 766 1794 835 θαρε

224 859 387 929 ροὖσι
427 860 492 928 τῇ
517 857 611 910 τοῦ
649 857 903 927 σώματος
937 857 1118 927 ὑγεία,
1148 858 1244 911 καὶ
1272 857 1350 927 τῷ
1377 859 1517 911 κατά
1545 857 1672 929 ῥοῦν
1697 874 1793 926 φε-

226 948 446 1016 ρομένῳ
474 945 584 998 τῶν
632 944 978 1016 πραγμάτων
1016 945 1203 1016 δρόμῳ
1253 946 1394 999 κατὰ
1434 946 1548 999 τῶν
1588 945 1795 998 τούτων

221 1037 609 1107 ἑστερημένων
651 1034 1002 1106 ἐπαίρεσθαι,
1032 1034 1137 1097 ἕως
1177 1037 1210 1105 ἡ
1247 1035 1496 1106 παροῦσα
1533 1035 1792 1105 ἐνέστηκε

222 1130 365 1202 ζωὴ,
406 1132 499 1184 καὶ
528 1133 628 1201 τὴν
676 1129 883 1198 φθορὰν
916 1130 1256 1199 περίκεινται
1302 1130 1528 1198 ταύτην,
1572 1130 1699 1197 περὶ
1726 1130 1794 1199 ἢν

223 1223 262 1290 ἡ
295 1220 470 1293 τροπὴ
502 1220 597 1275 καὶ
640 1222 675 1288 ἠ
729 1219 1049 1284 ἀλλοίωσις,
1106 1219 1301 1290 ἀδήλου
1332 1221 1484 1284 ὄντος
1523 1220 1614 1274 τοῦ
1642 1220 1694 1272 τί
1730 1221 1794 1273 ἐκ

222 1311 330 1380 τῆς
356 1311 449 1364 τοῦ
476 1310 725 1381 σώματος
748 1311 842 1363 καὶ
875 1310 984 1363 τῶν
1011 1308 1168 1373 ἐκτὸς
1203 1312 1541 1380 πραγμάτων
1574 1313 1795 1378 ἀνωμα-

224 1401 351 1465 λίας
397 1419 452 1453 τε
482 1402 579 1455 καὶ
617 1401 863 1472 ταραχῆς
889 1401 983 1454 καὶ
1019 1401 1202 1465 αὐτοῖς
1235 1402 1597 1472 συμϐήσεται.
1624 1401 1795 1455 Τοῦτο

223 1492 336 1562 γὰρ
364 1489 515 1561 οἶμαι
540 1490 721 1559 λέγειν
749 1489 913 1544 αὐτὸν
948 1488 1037 1543 διὰ
1062 1490 1179 1553 τοῦ,
1222 1509 1239 1540 ι
1269 1490 1415 1552 Ἕως
1444 1489 1509 1542 ἂν
1535 1491 1630 1541 καὶ
1658 1491 1791 1560 παρ’

226 1582 434 1651 ἑαυτῆς
469 1584 503 1652 ἡ
530 1581 631 1650 ὕλη
659 1582 800 1652 φέρῃ
828 1581 890 1633 τὸ
920 1580 1180 1644 ἄτακτον,
1214 1598 1233 1631 ι
1270 1580 1390 1632 ἀντὶ
1409 1579 1523 1643 τοῦ,
1558 1580 1703 1641 Ἕως
1726 1580 1794 1634 ἂν

223 1672 339 1726 ὑπὸ
366 1672 569 1741 φθορὰν
599 1672 690 1726 καὶ
721 1670 1015 1725 ἀλλοίωσίν
1042 1672 1159 1723 ἐστι
1187 1669 1344 1723 τοῦτο
1363 1670 1425 1722 τὸ
1445 1671 1576 1734 πᾶν,
1610 1669 1706 1723 καὶ
1731 1670 1793 1722 τὸ

1898 584 2200 653 intelligere
2231 596 2478 653 possunt,
2508 602 2577 640 ne
2621 587 2676 640 in
2716 589 2947 644 sanitate
2984 591 3230 658 corporis
3283 591 3455 645 confl-

1894 674 2044 739 dant,
2077 682 2133 729 ct
2158 675 2482 731 destillando
2511 678 2697 733 mobili
2727 695 2911 734 rerum
2940 695 3100 734 cnrsu
3130 695 3229 749 per
3268 695 3458 734 earum

1892 765 2137 821 defectus
2160 768 2466 822 exaltentur
2495 770 2597 839 (η),
2637 769 2764 823 dum
2807 787 3041 838 praesens
3066 770 3282 827 steterit
3322 771 3463 833 vita,

1893 864 1950 909 et
1988 857 2042 910 in
2093 858 2254 911 talem
2301 859 2711 926 corruptionem
2757 862 3274 924 circumvolvantur,
3311 861 3473 914 circa

1893 960 2054 1013 quam
2104 947 2391 1000 conversio
2421 956 2505 1002 est
2551 959 2607 1003 et
2653 952 3019 1016 mutabilitas;
3057 950 3187 1004 dum
3235 951 3307 1004 sit
3353 950 3458 1003 hoc

1895 1036 2187 1099 incertum,
2217 1038 2349 1105 quid
2377 1053 2444 1093 cx
2468 1055 2697 1110 corpore
2728 1052 2785 1097 et
2808 1044 3051 1098 exterius
3078 1058 3263 1097 rerum
3293 1042 3456 1096 dissi-

1895 1130 2202 1185 militudine
2226 1147 2288 1186 ac
2310 1133 2719 1201 perturbatione
2741 1135 2824 1189 eis
2843 1134 3140 1203 contingat.
3171 1132 3286 1185 Hoc
3310 1130 3455 1183 enim

1893 1222 2132 1276 arbitror
2164 1222 2349 1277 dicere
2372 1239 2496 1277 eum
2528 1238 2626 1293 per
2658 1226 2783 1287 hoc,
2817 1243 2836 1274 ι
2875 1226 3012 1277 Dum
3047 1238 3077 1276 a
3109 1237 3168 1276 se
3200 1222 3317 1290 ipsa
3346 1235 3475 1272 ma-

1896 1314 2058 1369 terics
2101 1314 2211 1369 fert
2256 1315 2644 1379 inordinatum,
2684 1333 2701 1366 ι
2756 1331 2860 1383 pro
2888 1330 2955 1369 eo
3000 1312 3145 1381 quod
3189 1320 3292 1373 est,
3328 1310 3456 1364 dum

1893 1408 1996 1462 sub
2041 1411 2393 1479 corruptione
2427 1417 2484 1463 et
2526 1410 2889 1463 mutabilitate
2930 1416 3015 1462 est
3046 1408 3151 1461 hoc
3184 1413 3358 1459 totum
3402 1413 3459 1457 et

1893 1512 2093 1566 corpus
2124 1499 2448 1554 humilitatis
2478 1500 2777 1561 induimur,
2822 1508 2880 1555 et
2920 1512 3075 1567 mque
3104 1511 3171 1550 ex
3214 1495 3332 1563 ipso
3360 1509 3459 1562 per

1893 1591 2111 1645 insitam
2136 1592 2506 1647 inﬁrmitatem
2529 1593 2714 1647 multis
2734 1592 2915 1646 modis
2932 1591 3090 1645 malis
3115 1588 3476 1658 subjicimur-

1891 1696 1961 1735 ne
1997 1680 2067 1734 ab
2108 1681 2341 1736 invicem
2374 1697 2690 1751 separemur
2719 1696 2819 1751 per
2859 1695 2981 1734 eam
3025 1695 3145 1749 quae
3184 1677 3329 1733 circa
3360 1691 3460 1729 nos

223 1764 390 1832 σῶμα
417 1764 516 1830 τῆς
558 1762 941 1824 ταπεινώσεως
973 1760 1360 1832 περικείμεθα,
1396 1760 1489 1813 καὶ
1523 1760 1652 1822 ἴσως
1677 1762 1790 1824 τοῖς

1895 1780 1980 1825 est
2008 1769 2447 1839 inaequalitatem,
2503 1771 2599 1826 sed
2634 1771 2809 1840 magis
2836 1768 3095 1839 prudenti
3133 1766 3481 1837 cogitatione

221 1854 285 1916 ἐξ
320 1852 489 1906 αὑτοῦ
540 1854 629 1906 διὰ
682 1854 782 1922 τὴν
815 1852 1057 1921 ἔμφυτον
1098 1849 1393 1905 ἀσθένειαν
1433 1850 1797 1919 πολυτρόποις

222 1945 416 2006 κακοῖς
454 1941 815 2012 ὑποκείμεθασ
861 1941 937 2012 μὴ
995 1942 1115 1994 κατ’
1146 1940 1392 2010 ἀλλήλων
1435 1938 1795 2009 ὲπαιρώμεοα

220 2033 313 2087 otii
342 2034 442 2103 τὴν
463 2033 592 2103 περὶ
621 2034 769 2102 ἡμᾶς
796 2032 1089 2102 ἀνισότητα
1108 2030 1289 2101 (135
1317 2032 1390 2101 b),
1422 2031 1560 2085 ἀλλά
1594 2031 1796 2100 μᾶλλον

225 2125 465 2194 σώφρονι
485 2122 730 2193 λογισμῷ
755 2123 854 2193 τὴν
885 2125 985 2193 τῆς
1025 2122 1284 2192 ὁμοτίμου
1331 2120 1547 2191 φύσεως
1576 2122 1797 2192 ἀνωμα-

223 2216 350 2269 λίαν
408 2214 851 2284 ἑξομαλίσωμεν,
885 2214 983 2277 τάς
1011 2214 1119 2267 τῶν
1148 2212 1323 2267 ἀλλων
1363 2212 1629 2282 ἐλλείψεις
1675 2214 1796 2275 ταῖς

224 2305 387 2375 ἡμῶν
432 2304 612 2358 αὐτῶν
648 2302 1087 2375 ἀναπληροῦντες
1114 2303 1463 2374 ὑπερϐολαῖς.
1498 2304 1589 2356 Διὸ
1628 2302 1791 2372 τυχὸν

226 2394 325 2447 καὶ
353 2395 387 2465 ἠ
418 2393 670 2465 παροῦσα
698 2393 1052 2463 συνεχωρήθη
1079 2392 1461 2446 πολιτεύεσθαι
1485 2393 1792 2463 ἀνωμαλία,

230 2484 321 2538 ἵνα
351 2484 535 2556 δειχοῇ
567 2486 600 2555 ἡ
643 2484 735 2537 τοῦ
776 2485 835 2537 ἐν
863 2486 995 2554 ἡμῖν
1023 2483 1182 2551 λόγου
1215 2482 1445 2552 δύναμις
1474 2483 1795 2554 προτιμῶσα

227 2576 452 2631 πάντων
480 2576 577 2647 τὴν
612 2576 837 2646 ἀρετήν.
873 2573 1099 2627 Πάντων
1126 2574 1235 2646 γὰρ
1264 2573 1565 2646 ἀνθρώπων
1594 2576 1626 2645 ἡ
1658 2576 1793 2646 αὐτή

228 2670 351 2722 ἐστι
383 2668 480 2722 τοῦ
509 2686 568 2722 τι
618 2668 871 2738 σώματος
904 2668 1001 2720 καὶ
1038 2666 1146 2719 τῶν
1174 2668 1329 2730 ὲκτδς
1364 2666 1541 2737 τροπὴ
1570 2668 1665 2721 καὶ
1697 2669 1795 2721 ἀλ·-

1897 1861 2130 1915 naturali
2185 1861 2415 1932 collegio
2468 1860 2888 1930 inaequalitatem
2940 1860 3103 1928 plane
3160 1856 3459 1917 faciamus,

1895 1950 2124 2005 aliorum
2154 1950 2402 2006 defectus
2429 1951 2633 2006 nostris
2662 1950 2795 2019 ipsis
2826 1948 3189 2017 adimplentes
3232 1960 3459 2015 supera-

1896 2039 2233 2096 bundantiis.
2262 2043 2493 2111 Propter
2522 2042 2628 2096 hoc
2660 2040 2908 2096 fortassis
2936 2052 3176 2108 prmscns
3203 2050 3460 2092 concessa

1895 2140 1980 2186 est
2023 2132 2337 2188 conversari
2381 2132 2673 2195 anomalia,
2705 2141 2766 2185 ut
2812 2129 3196 2185 ostenderetur
3233 2127 3463 2181 rationis

1899 2236 2024 2291 quae
2071 2222 2124 2276 in
2187 2222 2349 2277 nobis
2380 2230 2467 2278 est
2495 2221 2757 2292 potentia,
2793 2221 3183 2290 prazhonorans
3210 2215 3469 2271 omnibus

1896 2312 2175 2366 virtutem.
2207 2312 2461 2369 Omnium
2490 2311 2640 2367 enim
2683 2311 2965 2365 hominum
3004 2307 3193 2363 eadem
3221 2316 3307 2361 est
3339 2320 3464 2359 cor-

1896 2402 2048 2470 poris
2087 2412 2142 2457 et
2168 2417 2359 2458 eorum
2391 2417 2512 2472 qua:
2537 2410 2690 2457 extra
2721 2410 2849 2455 sunt
2888 2398 3174 2455 conversio
3202 2407 3259 2451 et
3289 2403 3465 2450 muta-

1897 2491 2102 2557 bilitas,
2133 2509 2253 2562 quae
2283 2493 2388 2547 fert
2428 2502 2485 2548 et
2508 2491 2702 2556 fertur,
2737 2502 2792 2545 ct
2836 2486 3179 2544 solummodo
3220 2486 3327 2540 hoc
3353 2492 3464 2539 sta-

1898 2580 2009 2636 bile
2055 2582 2299 2651 possidct
2328 2598 2392 2637 ac
2424 2582 2638 2635 firmum
2686 2578 2833 2649 quod
2881 2576 3133 2633 instabile
3161 2585 3247 2632 est
3273 2588 3337 2629 ac
3365 2587 3465 2627 vo-

1900 2670 2093 2726 lubilc.

231 2757 474 2820 λοίωσις,
514 2756 758 2829 φέρουσά
786 2773 845 2809 τε
875 2756 971 2809 καὶ
1000 2755 1297 2825 φερομένη,
1342 2755 1433 2808 καὶ
1465 2756 1623 2825 μόνον
1646 2756 1806 2809 τοῦτο
1841 2762 2156 2833 κεκτημένη
2189 2762 2452 2833 σταθερόν
2484 2778 2541 2814 τε
2571 2762 2665 2813 καὶ
2726 2759 2975 2830 βάσιμον,
3004 2757 3065 2812 τὸ
3090 2757 3322 2813 ἄστατον
3376 2754 3472 2807 καὶ

233 2869 298 2920 φε
309 2853 369 2922 ρό
376 2866 551 2921 μενον.

238 3028 351 3083 Τοῦ
387 3026 571 3080 αὑτοῦ
604 3026 671 3079 ἐκ
701 3024 809 3080 τοῦ
838 3028 926 3092 εις
950 3023 1055 3078 τὸν
1091 3025 1261 3094 ἅγιον
1305 3025 1663 3081 Ἀθανιίσιον
1684 3030 1786 3083 λό-

307 3138 436 3189 γου,
464 3123 549 3185 εἰς
600 3119 684 3184 τὸ,
722 3137 741 3170 t
783 3119 865 3173 Οὐ
906 3117 1015 3187 γὰρ
1072 3118 1196 3185 ἔχει
1245 3130 1299 3169 τι
1348 3119 1730 3189 ὑψηλότερον
1755 3122 1793 3191 ἢ
1823 3126 1869 3187 C

304 3213 461 3277 ὅλως
491 3211 615 3275 ἔξει
642 3209 739 3280 (4).
776 3228 795 3260 ι

312 3328 472 3379 Δοκεῖ
502 3341 594 3395 μοι
630 3323 720 3377 διὰ
747 3324 955 3377 τούτων
982 3325 1255 3379 ἀπολῦσαι
1290 3326 1473 3396 πάσης
1523 3341 1806 3395 συγκριτι-

231 3420 340 3486 κῆς
390 3435 450 3471 τε
501 3417 596 3470 καὶ
627 3415 972 3486 διακριτικῆς
1021 3416 1115 3469 καὶ
1155 3417 1326 3482 ἄλλως
1357 3435 1473 3481 πως
1501 3417 1801 3486 λεγομένης

230 3508 474 3579 σχέσεως
496 3506 587 3561 τὸν
613 3506 1000 3576 διδασκόμενον
1020 3508 1049 3559 ὁ
1089 3505 1332 3576 θεόφρων
1362 3501 1517 3571 οὗτος
1537 3497 1801 3561 διδάσκα·

227 3602 347 3663 λος.
382 3601 642 3669 ’Δοχετον
671 3598 780 3670 γὰρ
814 3597 875 3650 τὸ
894 3598 1134 3650 τοιοῦτον
1156 3597 1295 3663 εἶδος
1332 3598 1425 3652 τοῦ
1456 3598 1613 3667 λόγου
1642 3598 1805 3667 φασὶν

227 3695 282 3746 oi
313 3692 438 3761 πρ).
455 3692 625 3743 ταῦτα
652 3689 831 3754 δεινοὶ,
874 3690 965 3742 καὶ
997 3690 1191 3743 ταύτὸν
1222 3690 1480 3745 δύνασθαι
1510 3689 1589 3759 τῷ
1635 3689 1805 3757 ἀσυγ-

230 3781 437 3852 κρίτως
468 3780 609 3851 ὑπὲρ
649 3780 826 3834 πάντα
873 3777 1011 3833 εἶναι
1056 3779 1258 3848 λέγειν,
1292 3780 1369 3843 ὡς
1408 3780 1636 3849 δύναμιν
1687 3781 1807 3848 ἔχον

231 3874 568 3943 ὑπεροχικῆς
596 3870 940 3939 ἀποφάσεως.

247 4053 354 4105 Ἐκ
386 4049 493 4105 τοῦ
532 4049 721 4104 αὑτοῦ
754 4050 964 4118 λόγου,
1018 4052 1104 4115 εις
1133 4049 1223 4113 τὸ,
1259 4069 1276 4101 ι
1314 4042 1526 4121 ᾮιτινι
1549 4047 1666 4118 μὲν
1695 4044 1809 4103 οὖν

312 4140 625 4210 ἐξεγένετο
675 4139 772 4193 διὰ
825 4141 1015 4209 λόγου
1062 4139 1162 4193 καί
1211 4140 1458 4207 θεωρίας
1499 4139 1811 4209 διασχόντι

309 4233 425 4299 τὴν
450 4233 609 4301 ὓλην
631 4231 733 4285 καὶ
760 4230 826 4285 τὸ
858 4230 1147 4300 σαρκικὸν
1177 4232 1222 4264 ⁸⁸
1252 4231 1447 4295 τοῦτο,
1480 4231 1600 4285 εἴτε
1631 4230 1812 4300 νέφος

312 4324 428 4392 χρὴ
479 4324 702 4394 λέγειν,
730 4325 852 4378 εἴτε
884 4322 1280 4392 προκάλυμμα
1313 4364 1328 4387 ,
1365 4321 1488 4388 Θεῷ
1525 4323 1813 4393 συγγεγέ·

309 4418 471 4478 σθαι,
511 4415 611 4469 καὶ
642 4414 724 4481 τῷ
766 4414 1257 4485 ἀκραιφνεστάτῳ
1295 4414 1442 4483 φωτί
1496 4413 1808 4483 κραθῆναι,
1840 4453 1885 4508 D

313 4509 442 4560 καθ’
472 4507 622 4561 ὅσον⁵
663 4505 915 4575 ἐφικτὸν
932 4505 1280 4574 ἀνθρωπίνῃ
1300 4506 1501 4574 φύσει,
1520 4504 1809 4573 μακάριος

314 4595 492 4665 οὗτος
519 4598 631 4668 τῆς
656 4598 938 4653 ἐντεῦθεν
956 4598 1303 4663 ἀναϐάσεως
1331 4596 1429 4651 καί
1464 4596 1574 4664 τῆς
1612 4597 1812 4650 ἐκεῖσε

315 4691 605 4757 θεώσεις,
630 4690 711 4758 ἣν
730 4691 797 4745 τὸ
830 4690 1093 4760 γνησίως
1123 4688 1539 4760 φιλοσοφῆσαι
1586 4686 1811 4758 χαρίζε-

314 4801 438 4848 ται,
487 4783 586 4837 καὶ
643 4783 711 4837 τὸ
766 4781 921 4850 ὑπὲρ
967 4782 1082 4850 τὴν
1132 4781 1357 4850 ὑλικὴν
1399 4780 1594 4835 δυάδα
1652 4779 1815 4849 πενέ-

315 4876 457 4927 σθαι
509 4872 609 4927 διὰ
656 4872 772 4941 τὴν
830 4873 902 4927 ἐν
956 4872 1148 4941 Τριὰδι
1189 4872 1237 4905 ⁸⁷
1290 4871 1629 4941 νοουμένην
1684 4870 1816 4923 ἐνό-

315 4983 467 5033 τητα
490 4967 589 5038 (5).
630 4987 649 5018 ι

332 5081 474 5149 Ἐγὼ
514 5083 612 5153 μὲν
645 5082 745 5136 οὐκ
786 5076 940 5153 οἶμαι
971 5078 1205 5144 ἐλλιπῶς
1239 5079 1285 5111 ⁵⁸
1310 5078 1457 5148 ἔχειν
1492 5077 1581 5130 τὸν
1615 5074 1811 5128 ἀποδο-

1897 3031 2148 3105 Ejusdem
2188 3048 2249 3085 ea:
2278 3046 2516 3085 sermone
2540 3033 2597 3084 in
2624 3031 3003 3096 Athanasium,
3031 3034 3088 3086 in
3131 3033 3227 3087 hoc
3252 3049 3269 3086 :
3300 3051 3318 3084 ‹
3354 3030 3469 3086 Non

1970 3124 2107 3176 enim
2148 3121 2300 3175 habet
2340 3121 2464 3187 quid
2500 3120 2660 3173 altius
2710 3137 2872 3189 quant
2917 3122 3131 3175 omnino
3166 3121 3337 3175 habet.
3375 3139 3393 3171 ι

1973 3322 2203 3378 Videtur
2230 3320 2365 3375 mihi
2393 3335 2493 3389 per
2523 3319 2639 3373 htcc
2683 3318 2985 3375 absolvisse
3031 3319 3101 3373 ab
3141 3319 3292 3374 omni
3318 3334 3473 3373 com-

1904 3413 2149 3484 parativo
2178 3418 2236 3467 et
2266 3410 2562 3465 discretivo
2607 3417 2665 3464 et
2697 3409 3085 3480 quoquomodo
3126 3408 3288 3464 aliter
3325 3408 3475 3463 dicta

1904 3502 2095 3559 habitu
2137 3501 2393 3557 edoctum
2422 3500 2522 3555 iste
2554 3499 2737 3555 Deifer
2766 3500 3042 3571 magister.
3077 3498 3212 3554 Nam
3241 3499 3474 3553 immen-

1911 3609 2028 3650 sam
2075 3606 2196 3649 esse
2247 3592 2411 3646 talem
2455 3591 2722 3646 orationis
2764 3591 3003 3660 speciem
3033 3590 3242 3657 dicunt,
3276 3589 3371 3659 qui
3420 3589 3475 3642 iu

1914 3685 2112 3740 talibus
2139 3684 2418 3754 sapientes
2449 3691 2599 3747 sunt,
2630 3690 2686 3737 et
2719 3681 2863 3738 hanc
2900 3698 3061 3753 posse
3091 3680 3164 3753 (ο)
3196 3682 3478 3750 ἰηοοπψοη

1913 3776 2162 3832 rabiliter
2188 3791 2356 3845 super
2385 3774 2567 3829 omnia
2598 3789 2717 3830 esse
2744 3775 2953 3840 dicere,
2985 3774 3190 3845 quippe
3218 3771 3478 3827 virtutem

1914 3868 2079 3922 habet
2106 3864 2567 3936 supereminentis
2590 3865 2913 3936 negationis.

1910 4047 2164 4114 Ejusdem
2208 4061 2271 4098 ea:
2320 4043 2583 4113 epitaphio
2630 4043 2687 4095 in
2731 4051 2973 4094 sanctum
3009 4037 3390 4100 Athanasium,
3426 4037 3482 4089 in

1980 4140 2075 4192 hoc
2099 4153 2117 4190 :
2148 4156 2165 4186 ι
2198 4134 2295 4190 Cui
2321 4135 2482 4203 igitur
2510 4132 2710 4185 licitum
2742 4132 2840 4200 fuit
2874 4146 2966 4199 per
2992 4129 3253 4183 rationem
3281 4134 3331 4179 et
3355 4142 3481 4179 con-

1983 4226 2373 4297 templationem
2419 4223 2811 4294 pertranseunti
2851 4221 3132 4274 materiam
3171 4227 3222 4272 et
3263 4232 3485 4271 carna.e

1983 4323 2097 4386 hoc,
2117 4320 2223 4373 sive
2244 4316 2477 4371 nimbum
2505 4320 2705 4383 oportet
2729 4312 2918 4376 dicere,
2946 4312 3052 4365 sive
3077 4308 3339 4369 velamen,
3365 4323 3485 4361 cum

1987 4410 2094 4465 Deo
2124 4407 2273 4476 ﬁeri,
2322 4414 2372 4458 et
2412 4404 2692 4474 purissimo
2735 4400 2931 4455 lumine
2980 4400 3177 4462 teneri,
3224 4404 3485 4468 quantum

1985 4498 2221 4571 possibile
2248 4505 2323 4551 est
2352 4498 2597 4550 humana:
2620 4502 2826 4547 natura:
2854 4492 3035 4545 beatus
3058 4491 3153 4543 iste
3183 4489 3487 4542 ascensione

1984 4594 2102 4647 hinc
2135 4599 2184 4644 et
2220 4587 2365 4643 illius
2393 4584 2739 4653 deiﬁcatione,
2781 4583 2845 4635 de
2883 4597 2989 4650 qua
3030 4582 3227 4635 sincere
3257 4576 3485 4648 philoso-

1986 4682 2140 4753 phari
2185 4681 2450 4743 donatur,
2502 4688 2551 4730 et
2599 4689 2756 4745 super
2805 4670 3135 4726 materialem
3172 4666 3487 4722 dualitatem

1985 4773 2103 4841 ﬁeri
2134 4787 2223 4840 per
2249 4767 2570 4824 intellectam
2596 4766 2651 4819 in
2682 4763 2938 4818 Trinitate
2968 4761 3245 4815 unitatem.
3282 4778 3303 4810 ι

1990 5071 2102 5138 Ego
2133 5064 2353 5135 quidem
2404 5076 2514 5116 non
2571 5072 2793 5129 possum
2843 5054 3103 5113 deﬁciens
3157 5054 3358 5112 habere
3407 5054 3486 5126 (ρ)

1516 5183 1745 5239 ΨΛΠΙᾸΞ
1783 5177 2075 5237 LECTION
2088 5174 2191 5229 ES.

321 5284 367 5316 “
404 5282 625 5355 σαρκίον
666 5284 755 5339 ed.
817 5282 935 5339 Gal.

1034 5279 1081 5313 "
1126 5283 1190 5353 τῇ
1241 5279 1419 5353 τριάδι
1472 5278 1561 5332 ed.
1593 5276 1715 5331 Gal.
1793 5274 1837 5307 "
1868 5268 2129 5330 ἐλλειπῶς
2154 5265 2241 5321 ed.
2279 5262 2396 5317 Gal.

1770 5382 1994 5440 NOTAE.

327 5488 405 5559 (η)
434 5488 595 5541 Verte
626 5503 716 5539 nec
748 5494 959 5559 prapter
994 5499 1164 5559 rerum
1184 5499 1401 5559 suarum
1432 5496 1644 5534 cursum
1669 5477 1806 5547 inof-

250 5550 454 5628 fensum
485 5566 666 5611 contra
697 5550 781 5610 eos
818 5550 906 5625 qui
936 5555 1046 5608 istis
1072 5560 1251 5606 carent
1278 5550 1592 5605 exaltentur.

1986 5472 2058 5537 (oi
2083 5472 2246 5524 Verte
2272 5477 2319 5521 et
2354 5467 2490 5537 idem
2520 5463 2692 5517 valere
2726 5469 2943 5537 a_c,_ctc.
2972 5457 3169 5537 (Gala)

1994 5526 2069 5613 (ρ)
2106 5542 2267 5595 Verte
2290 5534 2651 5606 imperfectam
2683 5526 3004 5584 existimare.
3037 5526 3233 5601 (Gala)

326 5672 402 5741 (ὦ)
435 5669 815 5741 Gregor.Naz.
845 5667 996 5741 O_rat.
1037 5668 1107 5741 In
1136 5667 1341 5741 laudem
1371 5667 1545 5734 magni
1578 5662 1873 5726 Athanasii,
1908 5676 2023 5729 cap.
2059 5659 2102 5721 Ι,
2132 5671 2186 5725 p.
2227 5654 2349 5718 586,
2392 5664 2522 5706 tom.
2562 5650 2600 5713 Ι,
2630 5649 2715 5703 cd.
2748 5644 2943 5701 Bcncd.

332 5737 409 5813 (5)
445 5737 611 5797 Idem.
636 5740 763 5795 ibid.
798 5756 848 5795 c.
879 5739 933 5805 2,
967 5754 1021 5808 p.
1045 5737 1167 5793 386.
