  <div class='ocr_page' id='page_1' title='image "/cluster/home/n/w/nwhite01/storage/ocr_20150623/91/nnc1.0038446014/564.png"; bbox 0 0 4200 6440; ppageno 0'>
   <div class='ocr_carea' id='block_1_1' title="bbox 261 431 398 494">
    <p class='ocr_par' dir='ltr' id='par_1_1' title="bbox 261 431 398 494">
     <span class='ocr_line' id='line_1_1' title="bbox 261 431 398 494; baseline -0.007 0"><span class='ocrx_word' id='word_1_1' title='bbox 261 431 398 494; x_wconf 81' lang='lat'><strong>1109</strong></span> 
     </span>
    </p>
   </div>
   <div class='ocr_carea' id='block_1_2' title="bbox 1470 425 2278 490">
    <p class='ocr_par' dir='ltr' id='par_1_2' title="bbox 1470 425 2278 490">
     <span class='ocr_line' id='line_1_2' title="bbox 1470 425 2278 490; baseline -0.007 0"><span class='ocrx_word' id='word_1_2' title='bbox 1470 425 1990 490; x_wconf 79' lang='lat' dir='ltr'><strong>AMBIGUORUM</strong></span> <span class='ocrx_word' id='word_1_3' title='bbox 2027 427 2098 485; x_wconf 86' lang='lat' dir='ltr'><strong>LI</strong></span> <span class='ocrx_word' id='word_1_4' title='bbox 2109 427 2278 486; x_wconf 73' lang='lat' dir='ltr'><strong>BER.</strong></span> 
     </span>
    </p>
   </div>
   <div class='ocr_carea' id='block_1_3' title="bbox 3361 425 3498 491">
    <p class='ocr_par' dir='ltr' id='par_1_3' title="bbox 3361 425 3498 491">
     <span class='ocr_line' id='line_1_3' title="bbox 3361 425 3498 491; baseline 0.007 -1"><span class='ocrx_word' id='word_1_5' title='bbox 3361 425 3498 491; x_wconf 85' lang='lat' dir='ltr'><strong>mo</strong></span> 
     </span>
    </p>
   </div>
   <div class='ocr_carea' id='block_1_4' title="bbox 262 534 1903 612">
    <p class='ocr_par' dir='ltr' id='par_1_4' title="bbox 262 536 1897 612">
     <span class='ocr_line' id='line_1_4' title="bbox 262 536 1897 612; baseline -0.004 -16"><span class='ocrx_word' id='word_1_6' title='bbox 262 543 354 596; x_wconf 77' lang='grc' dir='ltr'><strong>διὰ</strong></span> <span class='ocrx_word' id='word_1_7' title='bbox 382 545 479 605; x_wconf 65' lang='grc' dir='ltr'>τὰς</span> <span class='ocrx_word' id='word_1_8' title='bbox 511 541 812 612; x_wconf 80' lang='grc' dir='ltr'><strong>εἰρημένας</strong></span> <span class='ocrx_word' id='word_1_9' title='bbox 837 540 1018 605; x_wconf 76' lang='grc' dir='ltr'>αἰτίας</span> <span class='ocrx_word' id='word_1_10' title='bbox 1067 539 1208 595; x_wconf 85' lang='grc' dir='ltr'><strong>κατά</strong></span> <span class='ocrx_word' id='word_1_11' title='bbox 1255 539 1448 610; x_wconf 80' lang='grc' dir='ltr'>καιρὸν</span> <span class='ocrx_word' id='word_1_12' title='bbox 1504 538 1653 608; x_wconf 84' lang='grc' dir='ltr'><strong>αὐτῷ</strong></span> <span class='ocrx_word' id='word_1_13' title='bbox 1692 536 1822 607; x_wconf 82' lang='grc' dir='ltr'>χρῆ·</span> <span class='ocrx_word' id='word_1_14' title='bbox 1857 538 1897 595; x_wconf 84' lang='grc' dir='ltr'><strong>Α</strong></span> 
     </span>
    </p>
   </div>
   <div class='ocr_carea' id='block_1_5' title="bbox 1914 534 3497 612">
    <p class='ocr_par' dir='ltr' id='par_1_5' title="bbox 1931 534 3497 608">
     <span class='ocr_line' id='line_1_5' title="bbox 1931 534 3497 608; baseline 0.003 -18"><span class='ocrx_word' id='word_1_15' title='bbox 1931 537 2236 606; x_wconf 63' lang='lat' dir='ltr'><strong>praedictas,</strong></span> <span class='ocrx_word' id='word_1_16' title='bbox 2271 534 2572 591; x_wconf 87' lang='lat' dir='ltr'><strong>secundum</strong></span> <span class='ocrx_word' id='word_1_17' title='bbox 2610 543 2842 605; x_wconf 86' lang='lat' dir='ltr'><strong>tempus.</strong></span> <span class='ocrx_word' id='word_1_18' title='bbox 2875 551 2942 589; x_wconf 88' lang='lat' dir='ltr'><strong>eo</strong></span> <span class='ocrx_word' id='word_1_19' title='bbox 2993 536 3072 590; x_wconf 89' lang='lat' dir='ltr'><strong>uti</strong></span> <span class='ocrx_word' id='word_1_20' title='bbox 3119 552 3229 592; x_wconf 88' lang='lat' dir='ltr'><strong>non</strong></span> <span class='ocrx_word' id='word_1_21' title='bbox 3280 540 3497 608; x_wconf 84' lang='lat' dir='ltr'><strong>vitupe-</strong></span> 
     </span>
    </p>
   </div>
   <div class='ocr_carea' id='block_1_6' title="bbox 261 631 1825 704">
    <p class='ocr_par' dir='ltr' id='par_1_6' title="bbox 261 631 1825 704">
     <span class='ocr_line' id='line_1_6' title="bbox 261 631 1825 704; baseline -0.003 -17"><span class='ocrx_word' id='word_1_22' title='bbox 261 632 388 687; x_wconf 81' lang='grc' dir='ltr'>σθαι</span> <span class='ocrx_word' id='word_1_23' title='bbox 455 635 553 685; x_wconf 76' lang='grc' dir='ltr'>οὐκ</span> <span class='ocrx_word' id='word_1_24' title='bbox 601 631 1012 702; x_wconf 81' lang='grc' dir='ltr'>ἀναινομένους.</span> <span class='ocrx_word' id='word_1_25' title='bbox 1047 632 1231 704; x_wconf 74' lang='lat'><strong>(137</strong></span> <span class='ocrx_word' id='word_1_26' title='bbox 1295 632 1354 700; x_wconf 89' lang='lat' dir='ltr'><strong>a)</strong></span> <span class='ocrx_word' id='word_1_27' title='bbox 1394 631 1534 685; x_wconf 71' lang='grc' dir='ltr'>Φασὶ</span> <span class='ocrx_word' id='word_1_28' title='bbox 1576 631 1687 700; x_wconf 83' lang='grc' dir='ltr'><strong>γάρ</strong></span> <span class='ocrx_word' id='word_1_29' title='bbox 1731 631 1825 683; x_wconf 78' lang='grc' dir='ltr'>τοῦ</span> 
     </span>
    </p>
   </div>
   <div class='ocr_carea' id='block_1_7' title="bbox 256 719 1826 793">
    <p class='ocr_par' dir='ltr' id='par_1_7' title="bbox 256 719 1826 793">
     <span class='ocr_line' id='line_1_7' title="bbox 256 719 1826 793; baseline -0.003 -15"><span class='ocrx_word' id='word_1_30' title='bbox 256 723 603 793; x_wconf 80' lang='grc' dir='ltr'>διανοητικοῦ</span> <span class='ocrx_word' id='word_1_31' title='bbox 638 719 800 788; x_wconf 77' lang='grc' dir='ltr'>εἶναι,</span> <span class='ocrx_word' id='word_1_32' title='bbox 837 723 1022 785; x_wconf 86' lang='grc' dir='ltr'>ίδικῶς</span> <span class='ocrx_word' id='word_1_33' title='bbox 1057 723 1157 793; x_wconf 82' lang='grc' dir='ltr'>μὲν</span> <span class='ocrx_word' id='word_1_34' title='bbox 1195 721 1296 783; x_wconf 86' lang='grc' dir='ltr'><strong>τάς</strong></span> <span class='ocrx_word' id='word_1_35' title='bbox 1317 725 1534 792; x_wconf 79' lang='grc' dir='ltr'><strong>νοήσεις</strong></span> <span class='ocrx_word' id='word_1_36' title='bbox 1565 721 1674 773; x_wconf 89' lang='grc' dir='ltr'><strong>τῶν</strong></span> <span class='ocrx_word' id='word_1_37' title='bbox 1701 736 1826 790; x_wconf 79' lang='grc' dir='ltr'>νοη-</span> 
     </span>
    </p>
   </div>
   <div class='ocr_carea' id='block_1_8' title="bbox 265 811 1827 884">
    <p class='ocr_par' dir='ltr' id='par_1_8' title="bbox 265 811 1827 884">
     <span class='ocr_line' id='line_1_8' title="bbox 265 811 1827 884; baseline -0.004 -16"><span class='ocrx_word' id='word_1_38' title='bbox 265 815 393 881; x_wconf 90' lang='grc' dir='ltr'>τῶν,</span> <span class='ocrx_word' id='word_1_39' title='bbox 437 813 535 876; x_wconf 89' lang='grc' dir='ltr'><strong>τάς</strong></span> <span class='ocrx_word' id='word_1_40' title='bbox 574 814 795 884; x_wconf 83' lang='grc' dir='ltr'>ἀρετὰς,</span> <span class='ocrx_word' id='word_1_41' title='bbox 827 814 925 877; x_wconf 79' lang='grc' dir='ltr'><strong>τὰς</strong></span> <span class='ocrx_word' id='word_1_42' title='bbox 957 812 1275 883; x_wconf 77' lang='grc' dir='ltr'><strong>ἐπιστήμας</strong></span> <span class='ocrx_word' id='word_1_43' title='bbox 1313 813 1443 874; x_wconf 83' lang='grc' dir='ltr'>τοὺς</span> <span class='ocrx_word' id='word_1_44' title='bbox 1475 811 1583 864; x_wconf 87' lang='grc' dir='ltr'><strong>τῶν</strong></span> <span class='ocrx_word' id='word_1_45' title='bbox 1622 812 1827 880; x_wconf 86' lang='grc' dir='ltr'>τεχνῶν</span> 
     </span>
    </p>
   </div>
   <div class='ocr_carea' id='block_1_9' title="bbox 1930 626 3500 696">
    <p class='ocr_par' dir='ltr' id='par_1_9' title="bbox 1930 626 3500 696">
     <span class='ocr_line' id='line_1_9' title="bbox 1930 626 3500 696; baseline 0.001 -16"><span class='ocrx_word' id='word_1_46' title='bbox 1930 637 2143 682; x_wconf 89' lang='lat' dir='ltr'><strong>rantur.</strong></span> <span class='ocrx_word' id='word_1_47' title='bbox 2174 628 2371 681; x_wconf 77' lang='lat' dir='ltr'><strong>Dicunt</strong></span> <span class='ocrx_word' id='word_1_48' title='bbox 2402 626 2548 680; x_wconf 90' lang='lat' dir='ltr'><strong>enim</strong></span> <span class='ocrx_word' id='word_1_49' title='bbox 2581 627 2965 681; x_wconf 75' lang='lat' dir='ltr'><strong>intellectualis</strong></span> <span class='ocrx_word' id='word_1_50' title='bbox 3005 641 3145 692; x_wconf 88' lang='lat' dir='ltr'><strong>esse,</strong></span> <span class='ocrx_word' id='word_1_51' title='bbox 3188 630 3500 696; x_wconf 77' lang='lat' dir='ltr'><strong>specialiter</strong></span> 
     </span>
    </p>
   </div>
   <div class='ocr_carea' id='block_1_10' title="bbox 1929 716 3498 787">
    <p class='ocr_par' dir='ltr' id='par_1_10' title="bbox 1929 716 3498 787">
     <span class='ocr_line' id='line_1_10' title="bbox 1929 716 3498 787; baseline 0 -17"><span class='ocrx_word' id='word_1_52' title='bbox 1929 718 2180 771; x_wconf 86' lang='lat' dir='ltr'><strong>notiones</strong></span> <span class='ocrx_word' id='word_1_53' title='bbox 2209 717 2654 787; x_wconf 80' lang='lat' dir='ltr'><strong>intelligibilium,</strong></span> <span class='ocrx_word' id='word_1_54' title='bbox 2687 716 2936 781; x_wconf 76' lang='lat' dir='ltr'><strong>virtutes,</strong></span> <span class='ocrx_word' id='word_1_55' title='bbox 2979 717 3260 781; x_wconf 83' lang='lat' dir='ltr'><strong>scientias,</strong></span> <span class='ocrx_word' id='word_1_56' title='bbox 3300 718 3498 771; x_wconf 80' lang='lat' dir='ltr'><strong>artium</strong></span> 
     </span>
    </p>
   </div>
   <div class='ocr_carea' id='block_1_11' title="bbox 1929 805 3502 878">
    <p class='ocr_par' dir='ltr' id='par_1_11' title="bbox 1929 805 3502 878">
     <span class='ocr_line' id='line_1_11' title="bbox 1929 805 3502 878; baseline -0.002 -18"><span class='ocrx_word' id='word_1_57' title='bbox 1929 811 2188 870; x_wconf 80' lang='lat' dir='ltr'><strong>rationes,</strong></span> <span class='ocrx_word' id='word_1_58' title='bbox 2242 808 2602 878; x_wconf 86' lang='lat' dir='ltr'><strong>propositum,</strong></span> <span class='ocrx_word' id='word_1_59' title='bbox 2649 805 2960 869; x_wconf 81' lang='lat' dir='ltr'><strong>consilium,</strong></span> <span class='ocrx_word' id='word_1_60' title='bbox 3011 806 3341 871; x_wconf 75' lang='lat' dir='ltr'><strong>generaliter</strong></span> <span class='ocrx_word' id='word_1_61' title='bbox 3369 823 3502 859; x_wconf 79' lang='lat' dir='ltr'><strong>vero</strong></span> 
     </span>
    </p>
   </div>
   <div class='ocr_carea' id='block_1_12' title="bbox 258 897 1903 976">
    <p class='ocr_par' dir='ltr' id='par_1_12' title="bbox 258 903 1829 976">
     <span class='ocr_line' id='line_1_12' title="bbox 258 903 1829 976; baseline -0.003 -18"><span class='ocrx_word' id='word_1_62' title='bbox 258 906 476 973; x_wconf 83' lang='grc' dir='ltr'><strong>λόγους,</strong></span> <span class='ocrx_word' id='word_1_63' title='bbox 509 906 570 958; x_wconf 78' lang='grc' dir='ltr'>τὸ</span> <span class='ocrx_word' id='word_1_64' title='bbox 624 905 1030 976; x_wconf 72' lang='grc' dir='ltr'><strong>προαιρετικὸν,</strong></span> <span class='ocrx_word' id='word_1_65' title='bbox 1061 906 1122 957; x_wconf 70' lang='grc' dir='ltr'><strong>τὸ</strong></span> <span class='ocrx_word' id='word_1_66' title='bbox 1178 904 1526 974; x_wconf 80' lang='grc' dir='ltr'>βουλευτικὸν</span> <span class='ocrx_word' id='word_1_67' title='bbox 1547 945 1560 968; x_wconf 90' lang='grc'><strong>,</strong></span> <span class='ocrx_word' id='word_1_68' title='bbox 1596 903 1829 971; x_wconf 83' lang='grc' dir='ltr'><strong>γενικῶς</strong></span> 
     </span>
    </p>
   </div>
   <div class='ocr_carea' id='block_1_13' title="bbox 1914 897 3499 976">
    <p class='ocr_par' dir='ltr' id='par_1_13' title="bbox 1925 897 3499 970">
     <span class='ocr_line' id='line_1_13' title="bbox 1925 897 3499 970; baseline -0.003 -16"><span class='ocrx_word' id='word_1_69' title='bbox 1925 901 2150 970; x_wconf 87' lang='lat' dir='ltr'><strong>judicia,</strong></span> <span class='ocrx_word' id='word_1_70' title='bbox 2179 901 2634 968; x_wconf 82' lang='lat' dir='ltr'><strong>comparationes,</strong></span> <span class='ocrx_word' id='word_1_71' title='bbox 2660 897 2834 967; x_wconf 75' lang='lat' dir='ltr'><strong>fugas,</strong></span> <span class='ocrx_word' id='word_1_72' title='bbox 2860 899 3153 965; x_wconf 86' lang='lat' dir='ltr'><strong>appetitus,</strong></span> <span class='ocrx_word' id='word_1_73' title='bbox 3175 908 3232 953; x_wconf 89' lang='lat' dir='ltr'><strong>et</strong></span> <span class='ocrx_word' id='word_1_74' title='bbox 3251 898 3499 966; x_wconf 61' lang='lat' dir='ltr'><strong>quaedam</strong></span> 
     </span>
    </p>
   </div>
   <div class='ocr_carea' id='block_1_14' title="bbox 259 995 1826 1064">
    <p class='ocr_par' dir='ltr' id='par_1_14' title="bbox 259 995 1826 1064">
     <span class='ocr_line' id='line_1_14' title="bbox 259 995 1826 1064; baseline 0 -16"><span class='ocrx_word' id='word_1_75' title='bbox 259 995 321 1048; x_wconf 80' lang='grc' dir='ltr'><strong>δὲ</strong></span> <span class='ocrx_word' id='word_1_76' title='bbox 350 995 447 1056; x_wconf 74' lang='grc' dir='ltr'>τὰς</span> <span class='ocrx_word' id='word_1_77' title='bbox 477 996 706 1064; x_wconf 83' lang='grc' dir='ltr'>κρίσεις,</span> <span class='ocrx_word' id='word_1_78' title='bbox 735 997 833 1058; x_wconf 77' lang='grc' dir='ltr'>τὰς</span> <span class='ocrx_word' id='word_1_79' title='bbox 883 995 1335 1064; x_wconf 76' lang='grc' dir='ltr'><strong>συγκαταθέσεις,</strong></span> <span class='ocrx_word' id='word_1_80' title='bbox 1367 996 1468 1058; x_wconf 87' lang='grc' dir='ltr'><strong>τάς</strong></span> <span class='ocrx_word' id='word_1_81' title='bbox 1510 996 1826 1062; x_wconf 82' lang='grc' dir='ltr'>ἀποφυγὰς,</span> 
     </span>
    </p>
   </div>
   <div class='ocr_carea' id='block_1_15' title="bbox 261 1081 1829 1156">
    <p class='ocr_par' dir='ltr' id='par_1_15' title="bbox 261 1081 1829 1156">
     <span class='ocr_line' id='line_1_15' title="bbox 261 1081 1829 1156; baseline 0 -18"><span class='ocrx_word' id='word_1_82' title='bbox 261 1086 363 1148; x_wconf 75' lang='grc' dir='ltr'><strong>τὰς</strong></span> <span class='ocrx_word' id='word_1_83' title='bbox 408 1087 603 1156; x_wconf 76' lang='grc' dir='ltr'>ὁρμὰς,</span> <span class='ocrx_word' id='word_1_84' title='bbox 637 1086 734 1137; x_wconf 77' lang='grc' dir='ltr'>καὶ</span> <span class='ocrx_word' id='word_1_85' title='bbox 767 1086 864 1148; x_wconf 74' lang='grc' dir='ltr'><strong>τὰς</strong></span> <span class='ocrx_word' id='word_1_86' title='bbox 908 1086 1007 1156; x_wconf 78' lang='grc' dir='ltr'>μὲν</span> <span class='ocrx_word' id='word_1_87' title='bbox 1037 1081 1177 1139; x_wconf 75' lang='grc' dir='ltr'>εἶναι</span> <span class='ocrx_word' id='word_1_88' title='bbox 1209 1087 1377 1156; x_wconf 88' lang='grc' dir='ltr'>μόνης</span> <span class='ocrx_word' id='word_1_89' title='bbox 1401 1087 1499 1156; x_wconf 81' lang='grc' dir='ltr'>τῆς</span> <span class='ocrx_word' id='word_1_90' title='bbox 1530 1086 1670 1139; x_wconf 85' lang='grc' dir='ltr'><strong>κατά</strong></span> <span class='ocrx_word' id='word_1_91' title='bbox 1704 1086 1829 1138; x_wconf 81' lang='grc' dir='ltr'>νοῦν</span> 
     </span>
    </p>
   </div>
   <div class='ocr_carea' id='block_1_16' title="bbox 261 1176 1829 1248">
    <p class='ocr_par' dir='ltr' id='par_1_16' title="bbox 261 1176 1829 1248">
     <span class='ocr_line' id='line_1_16' title="bbox 261 1176 1829 1248; baseline 0.001 -20"><span class='ocrx_word' id='word_1_92' title='bbox 261 1176 500 1246; x_wconf 77' lang='grc' dir='ltr'><strong>θεωρίας</strong></span> <span class='ocrx_word' id='word_1_93' title='bbox 520 1215 534 1239; x_wconf 97' lang='grc'><strong>,</strong></span> <span class='ocrx_word' id='word_1_94' title='bbox 568 1178 667 1240; x_wconf 68' lang='grc' dir='ltr'><strong>τὰς</strong></span> <span class='ocrx_word' id='word_1_95' title='bbox 699 1177 755 1230; x_wconf 84' lang='grc' dir='ltr'><strong>δὲ</strong></span> <span class='ocrx_word' id='word_1_96' title='bbox 785 1177 884 1245; x_wconf 84' lang='grc' dir='ltr'><strong>τῆς</strong></span> <span class='ocrx_word' id='word_1_97' title='bbox 916 1179 1058 1230; x_wconf 87' lang='grc' dir='ltr'><strong>κατά</strong></span> <span class='ocrx_word' id='word_1_98' title='bbox 1086 1179 1180 1231; x_wconf 84' lang='grc' dir='ltr'>τὸν</span> <span class='ocrx_word' id='word_1_99' title='bbox 1208 1179 1366 1247; x_wconf 88' lang='grc' dir='ltr'>λόγον</span> <span class='ocrx_word' id='word_1_100' title='bbox 1397 1179 1829 1248; x_wconf 77' lang='grc' dir='ltr'>έπιστημονικῆς</span> 
     </span>
    </p>
   </div>
   <div class='ocr_carea' id='block_1_17' title="bbox 261 1267 1831 1338">
    <p class='ocr_par' dir='ltr' id='par_1_17' title="bbox 261 1267 1831 1338">
     <span class='ocr_line' id='line_1_17' title="bbox 261 1267 1831 1338; baseline 0 -20"><span class='ocrx_word' id='word_1_101' title='bbox 261 1267 568 1334; x_wconf 76' lang='grc' dir='ltr'>δυνάμεως.</span> <span class='ocrx_word' id='word_1_102' title='bbox 605 1268 664 1320; x_wconf 81' lang='grc' dir='ltr'><strong>Εἰ</strong></span> <span class='ocrx_word' id='word_1_103' title='bbox 697 1268 751 1319; x_wconf 78' lang='grc' dir='ltr'>δέ</span> <span class='ocrx_word' id='word_1_104' title='bbox 785 1268 999 1330; x_wconf 80' lang='grc' dir='ltr'><strong>τούτοις</strong></span> <span class='ocrx_word' id='word_1_105' title='bbox 1028 1270 1443 1338; x_wconf 76' lang='grc' dir='ltr'><strong>φρουρουμένην</strong></span> <span class='ocrx_word' id='word_1_106' title='bbox 1473 1271 1522 1320; x_wconf 84' lang='grc' dir='ltr'><strong>οί</strong></span> <span class='ocrx_word' id='word_1_107' title='bbox 1559 1269 1703 1336; x_wconf 84' lang='grc' dir='ltr'>ἆγιοι</span> <span class='ocrx_word' id='word_1_108' title='bbox 1733 1269 1831 1338; x_wconf 80' lang='grc' dir='ltr'>τὴν</span> 
     </span>
    </p>
   </div>
   <div class='ocr_carea' id='block_1_18' title="bbox 262 1355 1831 1427">
    <p class='ocr_par' dir='ltr' id='par_1_18' title="bbox 262 1355 1831 1427">
     <span class='ocr_line' id='line_1_18' title="bbox 262 1355 1831 1427; baseline 0.001 -21"><span class='ocrx_word' id='word_1_109' title='bbox 262 1357 472 1407; x_wconf 79' lang='grc' dir='ltr'>οἰκείαν</span> <span class='ocrx_word' id='word_1_110' title='bbox 509 1357 552 1386; x_wconf 75' lang='grc'><strong>⁵⁸</strong></span> <span class='ocrx_word' id='word_1_111' title='bbox 611 1355 755 1426; x_wconf 81' lang='grc' dir='ltr'>ζωὴν</span> <span class='ocrx_word' id='word_1_112' title='bbox 803 1358 1213 1427; x_wconf 77' lang='grc' dir='ltr'>συνετήρησαν,</span> <span class='ocrx_word' id='word_1_113' title='bbox 1263 1358 1369 1426; x_wconf 83' lang='grc' dir='ltr'>ἄρα</span> <span class='ocrx_word' id='word_1_114' title='bbox 1421 1356 1831 1427; x_wconf 80' lang='grc' dir='ltr'>περιληπτικῶς</span> 
     </span>
    </p>
   </div>
   <div class='ocr_carea' id='block_1_19' title="bbox 263 1442 1832 1516">
    <p class='ocr_par' dir='ltr' id='par_1_19' title="bbox 263 1442 1832 1516">
     <span class='ocr_line' id='line_1_19' title="bbox 263 1442 1832 1516; baseline 0.001 -20"><span class='ocrx_word' id='word_1_115' title='bbox 263 1445 354 1497; x_wconf 60' lang='grc' dir='ltr'><strong>διὰ</strong></span> <span class='ocrx_word' id='word_1_116' title='bbox 386 1445 479 1496; x_wconf 71' lang='grc' dir='ltr'><strong>τοῦ</strong></span> <span class='ocrx_word' id='word_1_117' title='bbox 511 1445 670 1511; x_wconf 80' lang='grc' dir='ltr'>λόγου</span> <span class='ocrx_word' id='word_1_118' title='bbox 701 1447 795 1498; x_wconf 78' lang='grc' dir='ltr'><strong>καὶ</strong></span> <span class='ocrx_word' id='word_1_119' title='bbox 825 1447 926 1514; x_wconf 83' lang='grc' dir='ltr'>τῆς</span> <span class='ocrx_word' id='word_1_120' title='bbox 950 1447 1184 1514; x_wconf 80' lang='grc' dir='ltr'>θεωρίας</span> <span class='ocrx_word' id='word_1_121' title='bbox 1216 1449 1244 1499; x_wconf 82' lang='grc' dir='ltr'>ὁ</span> <span class='ocrx_word' id='word_1_122' title='bbox 1291 1448 1564 1516; x_wconf 83' lang='grc' dir='ltr'>μακάριος</span> <span class='ocrx_word' id='word_1_123' title='bbox 1600 1448 1646 1478; x_wconf 85' lang='grc'><strong>⁸³</strong></span> <span class='ocrx_word' id='word_1_124' title='bbox 1675 1442 1832 1509; x_wconf 67' lang='grc' dir='ltr'>οὗτος</span> 
     </span>
    </p>
   </div>
   <div class='ocr_carea' id='block_1_20' title="bbox 264 1533 1829 1607">
    <p class='ocr_par' dir='ltr' id='par_1_20' title="bbox 264 1533 1829 1607">
     <span class='ocr_line' id='line_1_20' title="bbox 264 1533 1829 1607; baseline 0.003 -22"><span class='ocrx_word' id='word_1_125' title='bbox 264 1533 407 1604; x_wconf 79' lang='grc' dir='ltr'>ἀνὴρ</span> <span class='ocrx_word' id='word_1_126' title='bbox 460 1535 668 1598; x_wconf 82' lang='grc' dir='ltr'>πάντας</span> <span class='ocrx_word' id='word_1_127' title='bbox 699 1537 823 1597; x_wconf 79' lang='grc' dir='ltr'>τοὺς</span> <span class='ocrx_word' id='word_1_128' title='bbox 848 1537 969 1588; x_wconf 88' lang='grc' dir='ltr'>κατ’</span> <span class='ocrx_word' id='word_1_129' title='bbox 1005 1535 1205 1607; x_wconf 82' lang='grc' dir='ltr'>ἀρετὴν</span> <span class='ocrx_word' id='word_1_130' title='bbox 1241 1537 1336 1590; x_wconf 73' lang='grc' dir='ltr'><strong>καὶ</strong></span> <span class='ocrx_word' id='word_1_131' title='bbox 1365 1538 1568 1604; x_wconf 88' lang='grc' dir='ltr'>γνῶσιν</span> <span class='ocrx_word' id='word_1_132' title='bbox 1601 1539 1829 1606; x_wconf 79' lang='grc' dir='ltr'>εἰσηγή-</span> 
     </span>
    </p>
   </div>
   <div class='ocr_carea' id='block_1_21' title="bbox 266 1623 1828 1698">
    <p class='ocr_par' dir='ltr' id='par_1_21' title="bbox 266 1623 1828 1698">
     <span class='ocr_line' id='line_1_21' title="bbox 266 1623 1828 1698; baseline 0.003 -23"><span class='ocrx_word' id='word_1_133' title='bbox 266 1640 400 1675; x_wconf 84' lang='grc' dir='ltr'>σατο</span> <span class='ocrx_word' id='word_1_134' title='bbox 431 1625 624 1691; x_wconf 84' lang='grc' dir='ltr'>λόγους</span> <span class='ocrx_word' id='word_1_135' title='bbox 652 1627 764 1687; x_wconf 83' lang='grc' dir='ltr'>τοῖς</span> <span class='ocrx_word' id='word_1_136' title='bbox 796 1627 972 1693; x_wconf 79' lang='grc' dir='ltr'>ἁγίοις</span> <span class='ocrx_word' id='word_1_137' title='bbox 1006 1627 1478 1697; x_wconf 76' lang='grc' dir='ltr'>συνειλημμένους</span> <span class='ocrx_word' id='word_1_138' title='bbox 1509 1669 1524 1691; x_wconf 95' lang='grc'><strong>,</strong></span> <span class='ocrx_word' id='word_1_139' title='bbox 1562 1629 1630 1680; x_wconf 83' lang='grc' dir='ltr'><strong>δι’</strong></span> <span class='ocrx_word' id='word_1_140' title='bbox 1656 1623 1729 1681; x_wconf 81' lang='grc' dir='ltr'>ὧν</span> <span class='ocrx_word' id='word_1_141' title='bbox 1761 1631 1828 1698; x_wconf 84' lang='grc' dir='ltr'>τῇ</span> 
     </span>
    </p>
   </div>
   <div class='ocr_carea' id='block_1_22' title="bbox 265 1715 1832 1787">
    <p class='ocr_par' dir='ltr' id='par_1_22' title="bbox 265 1715 1832 1787">
     <span class='ocr_line' id='line_1_22' title="bbox 265 1715 1832 1787; baseline 0.004 -22"><span class='ocrx_word' id='word_1_142' title='bbox 265 1717 592 1786; x_wconf 85' lang='grc' dir='ltr'>κατανοήσει</span> <span class='ocrx_word' id='word_1_143' title='bbox 664 1715 758 1768; x_wconf 83' lang='grc' dir='ltr'>τοῦ</span> <span class='ocrx_word' id='word_1_144' title='bbox 812 1717 948 1769; x_wconf 81' lang='grc' dir='ltr'>Θεοῦ</span> <span class='ocrx_word' id='word_1_145' title='bbox 1013 1716 1152 1770; x_wconf 85' lang='grc' dir='ltr'><strong>κατά</strong></span> <span class='ocrx_word' id='word_1_146' title='bbox 1223 1716 1456 1787; x_wconf 80' lang='grc' dir='ltr'>θεωρίαν</span> <span class='ocrx_word' id='word_1_147' title='bbox 1516 1719 1832 1786; x_wconf 88' lang='grc' dir='ltr'>γνωστικῶς</span> 
     </span>
    </p>
   </div>
   <div class='ocr_carea' id='block_1_23' title="bbox 265 1806 1832 1879">
    <p class='ocr_par' dir='ltr' id='par_1_23' title="bbox 265 1806 1832 1879">
     <span class='ocr_line' id='line_1_23' title="bbox 265 1806 1832 1879; baseline 0.001 -20"><span class='ocrx_word' id='word_1_148' title='bbox 265 1806 693 1877; x_wconf 80' lang='grc' dir='ltr'>προσανέχοντες</span> <span class='ocrx_word' id='word_1_149' title='bbox 720 1809 1002 1879; x_wconf 77' lang='grc' dir='ltr'>ἐμφρόνως</span> <span class='ocrx_word' id='word_1_150' title='bbox 1032 1809 1171 1861; x_wconf 81' lang='grc' dir='ltr'><strong>κατά</strong></span> <span class='ocrx_word' id='word_1_151' title='bbox 1199 1808 1354 1876; x_wconf 88' lang='grc' dir='ltr'>λόγον</span> <span class='ocrx_word' id='word_1_152' title='bbox 1377 1808 1465 1862; x_wconf 76' lang='grc' dir='ltr'>διὰ</span> <span class='ocrx_word' id='word_1_153' title='bbox 1494 1810 1602 1862; x_wconf 91' lang='grc' dir='ltr'><strong>τῶν</strong></span> <span class='ocrx_word' id='word_1_154' title='bbox 1623 1810 1832 1879; x_wconf 82' lang='grc' dir='ltr'>ἀρετῶν</span> 
     </span>
    </p>
   </div>
   <div class='ocr_carea' id='block_1_24' title="bbox 263 1893 1828 1967">
    <p class='ocr_par' dir='ltr' id='par_1_24' title="bbox 263 1893 1828 1967">
     <span class='ocr_line' id='line_1_24' title="bbox 263 1893 1828 1967; baseline 0.005 -22"><span class='ocrx_word' id='word_1_155' title='bbox 263 1893 369 1964; x_wconf 81' lang='grc' dir='ltr'>τὴν</span> <span class='ocrx_word' id='word_1_156' title='bbox 421 1893 569 1946; x_wconf 85' lang='grc' dir='ltr'>θείαν</span> <span class='ocrx_word' id='word_1_157' title='bbox 606 1896 820 1958; x_wconf 77' lang='grc' dir='ltr'>ἑαυτοῖς</span> <span class='ocrx_word' id='word_1_158' title='bbox 877 1897 1092 1967; x_wconf 84' lang='grc' dir='ltr'>μορφὴν</span> <span class='ocrx_word' id='word_1_159' title='bbox 1127 1899 1540 1951; x_wconf 78' lang='grc' dir='ltr'>ἐνετυπὼσαντο</span> <span class='ocrx_word' id='word_1_160' title='bbox 1566 1939 1580 1963; x_wconf 95' lang='grc'><strong>,</strong></span> <span class='ocrx_word' id='word_1_161' title='bbox 1612 1901 1828 1963; x_wconf 84' lang='grc' dir='ltr'>πάντως</span> 
     </span>
    </p>
   </div>
   <div class='ocr_carea' id='block_1_25' title="bbox 264 1981 1830 2062">
    <p class='ocr_par' dir='ltr' id='par_1_25' title="bbox 264 1981 1830 2062">
     <span class='ocr_line' id='line_1_25' title="bbox 264 1981 1830 2062; baseline 0.004 -25"><span class='ocrx_word' id='word_1_162' title='bbox 264 1985 370 2037; x_wconf 84' lang='grc' dir='ltr'>οὐκ</span> <span class='ocrx_word' id='word_1_163' title='bbox 421 1981 560 2038; x_wconf 79' lang='grc' dir='ltr'>εἶναι</span> <span class='ocrx_word' id='word_1_164' title='bbox 609 1987 906 2052; x_wconf 83' lang='grc' dir='ltr'>ἀναγκαῖον</span> <span class='ocrx_word' id='word_1_165' title='bbox 953 1988 1160 2057; x_wconf 69' lang='grc' dir='ltr'>οἰηθεὶς</span> <span class='ocrx_word' id='word_1_166' title='bbox 1204 1989 1303 2060; x_wconf 83' lang='grc' dir='ltr'>τὴν</span> <span class='ocrx_word' id='word_1_167' title='bbox 1331 1989 1422 2043; x_wconf 64' lang='grc' dir='ltr'><strong>διὰ</strong></span> <span class='ocrx_word' id='word_1_168' title='bbox 1448 1991 1543 2045; x_wconf 76' lang='grc' dir='ltr'>τοῦ</span> <span class='ocrx_word' id='word_1_169' title='bbox 1579 1992 1830 2062; x_wconf 80' lang='grc' dir='ltr'>σώματος</span> 
     </span>
    </p>
   </div>
   <div class='ocr_carea' id='block_1_26' title="bbox 266 2074 1826 2153">
    <p class='ocr_par' dir='ltr' id='par_1_26' title="bbox 266 2074 1826 2153">
     <span class='ocr_line' id='line_1_26' title="bbox 266 2074 1826 2153; baseline 0.006 -27"><span class='ocrx_word' id='word_1_170' title='bbox 266 2074 534 2145; x_wconf 75' lang='grc' dir='ltr'>ὀνομάσαι</span> <span class='ocrx_word' id='word_1_171' title='bbox 565 2076 787 2147; x_wconf 78' lang='grc' dir='ltr'>πρᾶξιν,</span> <span class='ocrx_word' id='word_1_172' title='bbox 823 2077 1109 2146; x_wconf 79' lang='grc' dir='ltr'>γινώσκων</span> <span class='ocrx_word' id='word_1_173' title='bbox 1148 2080 1223 2150; x_wconf 84' lang='grc' dir='ltr'>μὴ</span> <span class='ocrx_word' id='word_1_174' title='bbox 1259 2083 1460 2151; x_wconf 71' lang='grc' dir='ltr'>ἀρετῆς</span> <span class='ocrx_word' id='word_1_175' title='bbox 1484 2084 1654 2153; x_wconf 76' lang='grc' dir='ltr'>αὐτὴν</span> <span class='ocrx_word' id='word_1_176' title='bbox 1688 2081 1826 2137; x_wconf 74' lang='grc' dir='ltr'>εἶναι</span> 
     </span>
    </p>
   </div>
   <div class='ocr_carea' id='block_1_27' title="bbox 267 2166 1832 2240">
    <p class='ocr_par' dir='ltr' id='par_1_27' title="bbox 267 2166 1832 2240">
     <span class='ocr_line' id='line_1_27' title="bbox 267 2166 1832 2240; baseline 0.007 -24"><span class='ocrx_word' id='word_1_177' title='bbox 267 2166 560 2236; x_wconf 81' lang='grc' dir='ltr'>ποιητικὴν</span> <span class='ocrx_word' id='word_1_178' title='bbox 579 2207 594 2230; x_wconf 96' lang='grc'><strong>,</strong></span> <span class='ocrx_word' id='word_1_179' title='bbox 622 2166 734 2218; x_wconf 86' lang='grc' dir='ltr'>ἀλλ’</span> <span class='ocrx_word' id='word_1_180' title='bbox 763 2168 1099 2238; x_wconf 68' lang='grc' dir='ltr'>ὲκεραντικὴν</span> <span class='ocrx_word' id='word_1_181' title='bbox 1123 2210 1138 2234; x_wconf 96' lang='grc'><strong>,</strong></span> <span class='ocrx_word' id='word_1_182' title='bbox 1169 2172 1263 2223; x_wconf 72' lang='grc' dir='ltr'>καὶ</span> <span class='ocrx_word' id='word_1_183' title='bbox 1313 2172 1489 2240; x_wconf 85' lang='grc' dir='ltr'>μόνων</span> <span class='ocrx_word' id='word_1_184' title='bbox 1526 2174 1634 2225; x_wconf 89' lang='grc' dir='ltr'><strong>τῶν</strong></span> <span class='ocrx_word' id='word_1_185' title='bbox 1671 2175 1832 2227; x_wconf 80' lang='grc' dir='ltr'>θείων</span> 
     </span>
    </p>
   </div>
   <div class='ocr_carea' id='block_1_28' title="bbox 267 2255 1834 2330">
    <p class='ocr_par' dir='ltr' id='par_1_28' title="bbox 267 2255 1834 2330">
     <span class='ocr_line' id='line_1_28' title="bbox 267 2255 1834 2330; baseline 0.004 -23"><span class='ocrx_word' id='word_1_186' title='bbox 267 2257 556 2324; x_wconf 84' lang='grc' dir='ltr'>νοημάτων</span> <span class='ocrx_word' id='word_1_187' title='bbox 579 2272 637 2308; x_wconf 87' lang='grc' dir='ltr'><strong>τε</strong></span> <span class='ocrx_word' id='word_1_188' title='bbox 664 2255 759 2309; x_wconf 80' lang='grc' dir='ltr'>καὶ</span> <span class='ocrx_word' id='word_1_189' title='bbox 788 2255 1063 2327; x_wconf 83' lang='grc' dir='ltr'>λογισμῶν</span> <span class='ocrx_word' id='word_1_190' title='bbox 1104 2259 1399 2330; x_wconf 85' lang='grc' dir='ltr'>ὑπουργόν.</span> <span class='ocrx_word' id='word_1_191' title='bbox 1443 2261 1528 2325; x_wconf 86' lang='grc' dir='ltr'><strong>Ὠς</strong></span> <span class='ocrx_word' id='word_1_192' title='bbox 1557 2263 1622 2315; x_wconf 85' lang='grc' dir='ltr'>ἂν</span> <span class='ocrx_word' id='word_1_193' title='bbox 1655 2264 1710 2316; x_wconf 80' lang='grc' dir='ltr'><strong>δὲ</strong></span> <span class='ocrx_word' id='word_1_194' title='bbox 1739 2266 1834 2315; x_wconf 74' lang='grc' dir='ltr'>καὶ</span> 
     </span>
    </p>
   </div>
   <div class='ocr_carea' id='block_1_29' title="bbox 267 2344 1832 2423">
    <p class='ocr_par' dir='ltr' id='par_1_29' title="bbox 267 2344 1832 2423">
     <span class='ocr_line' id='line_1_29' title="bbox 267 2344 1832 2423; baseline 0.008 -28"><span class='ocrx_word' id='word_1_195' title='bbox 267 2344 339 2396; x_wconf 85' lang='grc' dir='ltr'><strong>δι’</strong></span> <span class='ocrx_word' id='word_1_196' title='bbox 365 2345 553 2414; x_wconf 79' lang='grc' dir='ltr'>ἐτέρου</span> <span class='ocrx_word' id='word_1_197' title='bbox 600 2346 801 2418; x_wconf 78' lang='grc' dir='ltr'>τρόπου</span> <span class='ocrx_word' id='word_1_198' title='bbox 850 2349 1082 2417; x_wconf 75' lang='grc' dir='ltr'>φανερὸν</span> <span class='ocrx_word' id='word_1_199' title='bbox 1120 2351 1345 2420; x_wconf 87' lang='grc' dir='ltr'>γένηται</span> <span class='ocrx_word' id='word_1_200' title='bbox 1393 2353 1454 2405; x_wconf 79' lang='grc' dir='ltr'><strong>τὸ</strong></span> <span class='ocrx_word' id='word_1_201' title='bbox 1503 2354 1832 2423; x_wconf 80' lang='grc' dir='ltr'>λεγόμενον,</span> 
     </span>
    </p>
   </div>
   <div class='ocr_carea' id='block_1_30' title="bbox 269 2437 1833 2516">
    <p class='ocr_par' dir='ltr' id='par_1_30' title="bbox 269 2437 1833 2516">
     <span class='ocr_line' id='line_1_30' title="bbox 269 2437 1833 2516; baseline 0.008 -29"><span class='ocrx_word' id='word_1_202' title='bbox 269 2437 438 2506; x_wconf 77' lang='grc' dir='ltr'>φασὶν</span> <span class='ocrx_word' id='word_1_203' title='bbox 472 2438 520 2488; x_wconf 88' lang='grc' dir='ltr'><strong>οί</strong></span> <span class='ocrx_word' id='word_1_204' title='bbox 559 2439 668 2491; x_wconf 88' lang='grc' dir='ltr'><strong>τῶν</strong></span> <span class='ocrx_word' id='word_1_205' title='bbox 707 2439 830 2492; x_wconf 85' lang='grc' dir='ltr'>καθ’</span> <span class='ocrx_word' id='word_1_206' title='bbox 874 2441 1022 2511; x_wconf 76' lang='grc' dir='ltr'>ἡμᾶς</span> <span class='ocrx_word' id='word_1_207' title='bbox 1056 2444 1397 2511; x_wconf 80' lang='grc' dir='ltr'>πραγμάτιον</span> <span class='ocrx_word' id='word_1_208' title='bbox 1445 2446 1512 2499; x_wconf 75' lang='grc' dir='ltr'><strong>δι’</strong></span> <span class='ocrx_word' id='word_1_209' title='bbox 1545 2447 1833 2516; x_wconf 75' lang='grc' dir='ltr'>ἀκριϐείας</span> 
     </span>
    </p>
   </div>
   <div class='ocr_carea' id='block_1_31' title="bbox 273 2526 1833 2606">
    <p class='ocr_par' dir='ltr' id='par_1_31' title="bbox 273 2526 1833 2606">
     <span class='ocr_line' id='line_1_31' title="bbox 273 2526 1833 2606; baseline 0.01 -29"><span class='ocrx_word' id='word_1_210' title='bbox 273 2526 622 2594; x_wconf 78' lang='grc' dir='ltr'>μετελθόντες</span> <span class='ocrx_word' id='word_1_211' title='bbox 670 2532 794 2594; x_wconf 85' lang='grc' dir='ltr'>τοὺς</span> <span class='ocrx_word' id='word_1_212' title='bbox 841 2530 1033 2598; x_wconf 85' lang='grc' dir='ltr'>λόγους</span> <span class='ocrx_word' id='word_1_213' title='bbox 1065 2532 1159 2585; x_wconf 84' lang='grc' dir='ltr'>τοῦ</span> <span class='ocrx_word' id='word_1_214' title='bbox 1201 2533 1424 2602; x_wconf 78' lang='grc' dir='ltr'>λογικοῦ</span> <span class='ocrx_word' id='word_1_215' title='bbox 1459 2537 1519 2589; x_wconf 81' lang='grc' dir='ltr'>τὸ</span> <span class='ocrx_word' id='word_1_216' title='bbox 1552 2538 1652 2606; x_wconf 82' lang='grc' dir='ltr'>μὲν</span> <span class='ocrx_word' id='word_1_217' title='bbox 1691 2535 1833 2592; x_wconf 84' lang='grc' dir='ltr'>εἶναι</span> 
     </span>
    </p>
   </div>
   <div class='ocr_carea' id='block_1_32' title="bbox 269 2617 1833 2699">
    <p class='ocr_par' dir='ltr' id='par_1_32' title="bbox 269 2617 1833 2699">
     <span class='ocr_line' id='line_1_32' title="bbox 269 2617 1833 2699; baseline 0.011 -31"><span class='ocrx_word' id='word_1_218' title='bbox 269 2617 620 2688; x_wconf 69' lang='grc' dir='ltr'>θεωρητικὸν,</span> <span class='ocrx_word' id='word_1_219' title='bbox 639 2622 701 2674; x_wconf 73' lang='grc' dir='ltr'><strong>τὸ</strong></span> <span class='ocrx_word' id='word_1_220' title='bbox 730 2623 787 2675; x_wconf 77' lang='grc' dir='ltr'><strong>δὲ</strong></span> <span class='ocrx_word' id='word_1_221' title='bbox 839 2627 1143 2694; x_wconf 85' lang='grc' dir='ltr'>πρακτικόν</span> <span class='ocrx_word' id='word_1_222' title='bbox 1173 2645 1185 2657; x_wconf 91' lang='grc'><strong>·</strong></span> <span class='ocrx_word' id='word_1_223' title='bbox 1215 2628 1308 2680; x_wconf 68' lang='grc' dir='ltr'>καὶ</span> <span class='ocrx_word' id='word_1_224' title='bbox 1356 2629 1691 2698; x_wconf 79' lang='grc' dir='ltr'>θεωρητικὸν</span> <span class='ocrx_word' id='word_1_225' title='bbox 1734 2632 1833 2699; x_wconf 79' lang='grc' dir='ltr'>μὲν</span> 
     </span>
    </p>
   </div>
   <div class='ocr_carea' id='block_1_33' title="bbox 268 2711 1835 2790">
    <p class='ocr_par' dir='ltr' id='par_1_33' title="bbox 268 2711 1835 2790">
     <span class='ocr_line' id='line_1_33' title="bbox 268 2711 1835 2790; baseline 0.009 -29"><span class='ocrx_word' id='word_1_226' title='bbox 268 2711 332 2761; x_wconf 82' lang='grc' dir='ltr'>τὸ</span> <span class='ocrx_word' id='word_1_227' title='bbox 375 2713 514 2765; x_wconf 71' lang='grc' dir='ltr'>κατὰ</span> <span class='ocrx_word' id='word_1_228' title='bbox 564 2713 709 2776; x_wconf 82' lang='grc' dir='ltr'>νοῦν,</span> <span class='ocrx_word' id='word_1_229' title='bbox 757 2717 832 2777; x_wconf 80' lang='grc' dir='ltr'><strong>ως</strong></span> <span class='ocrx_word' id='word_1_230' title='bbox 869 2715 982 2786; x_wconf 80' lang='grc' dir='ltr'>ἔχει</span> <span class='ocrx_word' id='word_1_231' title='bbox 1027 2719 1095 2770; x_wconf 70' lang='grc' dir='ltr'><strong>τὰ</strong></span> <span class='ocrx_word' id='word_1_232' title='bbox 1133 2719 1283 2782; x_wconf 73' lang='grc' dir='ltr'>ὅντα,</span> <span class='ocrx_word' id='word_1_233' title='bbox 1325 2721 1631 2790; x_wconf 78' lang='grc' dir='ltr'>πρακτικὸν</span> <span class='ocrx_word' id='word_1_234' title='bbox 1673 2722 1728 2774; x_wconf 84' lang='grc' dir='ltr'><strong>δὲ</strong></span> <span class='ocrx_word' id='word_1_235' title='bbox 1775 2724 1835 2775; x_wconf 76' lang='grc' dir='ltr'>τὸ</span> 
     </span>
    </p>
   </div>
   <div class='ocr_carea' id='block_1_34' title="bbox 272 2802 1835 2883">
    <p class='ocr_par' dir='ltr' id='par_1_34' title="bbox 272 2802 1835 2883">
     <span class='ocr_line' id='line_1_34' title="bbox 272 2802 1835 2883; baseline 0.01 -32"><span class='ocrx_word' id='word_1_236' title='bbox 272 2802 630 2869; x_wconf 77' lang='grc' dir='ltr'>βουλευτικὸν,</span> <span class='ocrx_word' id='word_1_237' title='bbox 661 2806 722 2858; x_wconf 86' lang='grc' dir='ltr'>τὸ</span> <span class='ocrx_word' id='word_1_238' title='bbox 763 2807 945 2876; x_wconf 77' lang='grc' dir='ltr'>ὁρίζον</span> <span class='ocrx_word' id='word_1_239' title='bbox 997 2812 1110 2872; x_wconf 86' lang='grc' dir='ltr'>τοῖς</span> <span class='ocrx_word' id='word_1_240' title='bbox 1167 2817 1492 2882; x_wconf 81' lang='grc' dir='ltr'>πρακτικοῖς</span> <span class='ocrx_word' id='word_1_241' title='bbox 1541 2813 1632 2866; x_wconf 73' lang='grc' dir='ltr'>τὸν</span> <span class='ocrx_word' id='word_1_242' title='bbox 1675 2815 1835 2883; x_wconf 66' lang='grc' dir='ltr'>ὀρθὸν</span> 
     </span>
    </p>
   </div>
   <div class='ocr_carea' id='block_1_35' title="bbox 269 2892 1836 2972">
    <p class='ocr_par' dir='ltr' id='par_1_35' title="bbox 269 2892 1836 2972">
     <span class='ocr_line' id='line_1_35' title="bbox 269 2892 1836 2972; baseline 0.01 -30"><span class='ocrx_word' id='word_1_243' title='bbox 269 2892 449 2959; x_wconf 85' lang='grc' dir='ltr'>λόγον.</span> <span class='ocrx_word' id='word_1_244' title='bbox 499 2895 609 2948; x_wconf 75' lang='grc' dir='ltr'>Καὶ</span> <span class='ocrx_word' id='word_1_245' title='bbox 658 2896 882 2951; x_wconf 81' lang='grc' dir='ltr'>καλοῦσι</span> <span class='ocrx_word' id='word_1_246' title='bbox 926 2899 987 2952; x_wconf 81' lang='grc' dir='ltr'>τὸ</span> <span class='ocrx_word' id='word_1_247' title='bbox 1036 2902 1134 2969; x_wconf 78' lang='grc' dir='ltr'>μὲν</span> <span class='ocrx_word' id='word_1_248' title='bbox 1181 2902 1515 2972; x_wconf 80' lang='grc' dir='ltr'>θεωρητικὸν</span> <span class='ocrx_word' id='word_1_249' title='bbox 1561 2905 1686 2957; x_wconf 78' lang='grc' dir='ltr'>νοῦν</span> <span class='ocrx_word' id='word_1_250' title='bbox 1714 2945 1728 2968; x_wconf 91' lang='grc'><strong>,</strong></span> <span class='ocrx_word' id='word_1_251' title='bbox 1775 2907 1836 2958; x_wconf 80' lang='grc' dir='ltr'>τὸ</span> 
     </span>
    </p>
   </div>
   <div class='ocr_carea' id='block_1_36' title="bbox 267 2980 1836 3065">
    <p class='ocr_par' dir='ltr' id='par_1_36' title="bbox 267 2980 1836 3065">
     <span class='ocr_line' id='line_1_36' title="bbox 267 2980 1836 3065; baseline 0.01 -34"><span class='ocrx_word' id='word_1_252' title='bbox 267 2980 328 3032; x_wconf 79' lang='grc' dir='ltr'><strong>δὲ</strong></span> <span class='ocrx_word' id='word_1_253' title='bbox 361 2984 663 3051; x_wconf 86' lang='grc' dir='ltr'>πρακτικὸν</span> <span class='ocrx_word' id='word_1_254' title='bbox 694 2985 874 3053; x_wconf 90' lang='grc' dir='ltr'>λόγον,</span> <span class='ocrx_word' id='word_1_255' title='bbox 899 2989 992 3040; x_wconf 74' lang='grc' dir='ltr'>καὶ</span> <span class='ocrx_word' id='word_1_256' title='bbox 1016 2989 1076 3041; x_wconf 79' lang='grc' dir='ltr'>τὸ</span> <span class='ocrx_word' id='word_1_257' title='bbox 1108 2990 1205 3059; x_wconf 86' lang='grc' dir='ltr'>μὲν</span> <span class='ocrx_word' id='word_1_258' title='bbox 1237 2992 1451 3060; x_wconf 78' lang='grc' dir='ltr'>σοφίαν,</span> <span class='ocrx_word' id='word_1_259' title='bbox 1486 2993 1549 3045; x_wconf 80' lang='grc' dir='ltr'>τὸ</span> <span class='ocrx_word' id='word_1_260' title='bbox 1599 2993 1655 3046; x_wconf 82' lang='grc' dir='ltr'><strong>δὲ</strong></span> <span class='ocrx_word' id='word_1_261' title='bbox 1698 2997 1836 3065; x_wconf 82' lang='grc' dir='ltr'>φρό-</span> 
     </span>
    </p>
   </div>
   <div class='ocr_carea' id='block_1_37' title="bbox 267 3075 1834 3157">
    <p class='ocr_par' dir='ltr' id='par_1_37' title="bbox 267 3075 1834 3157">
     <span class='ocr_line' id='line_1_37' title="bbox 267 3075 1834 3157; baseline 0.013 -36"><span class='ocrx_word' id='word_1_262' title='bbox 267 3088 446 3141; x_wconf 81' lang='grc' dir='ltr'>νησιν.</span> <span class='ocrx_word' id='word_1_263' title='bbox 482 3075 543 3127; x_wconf 77' lang='grc' dir='ltr'><strong>Εἰ</strong></span> <span class='ocrx_word' id='word_1_264' title='bbox 592 3075 648 3128; x_wconf 87' lang='grc' dir='ltr'><strong>δὲ</strong></span> <span class='ocrx_word' id='word_1_265' title='bbox 683 3075 840 3129; x_wconf 77' lang='grc' dir='ltr'>τοῦτο</span> <span class='ocrx_word' id='word_1_266' title='bbox 882 3078 1102 3149; x_wconf 85' lang='grc' dir='ltr'>ἀληθὲς,</span> <span class='ocrx_word' id='word_1_267' title='bbox 1136 3083 1201 3134; x_wconf 83' lang='grc' dir='ltr'>ὲκ</span> <span class='ocrx_word' id='word_1_268' title='bbox 1250 3084 1348 3152; x_wconf 85' lang='grc' dir='ltr'>τῆς</span> <span class='ocrx_word' id='word_1_269' title='bbox 1395 3083 1574 3146; x_wconf 87' lang='grc' dir='ltr'>αίτίας</span> <span class='ocrx_word' id='word_1_270' title='bbox 1606 3087 1716 3156; x_wconf 81' lang='grc' dir='ltr'>ἄρα</span> <span class='ocrx_word' id='word_1_271' title='bbox 1737 3087 1834 3157; x_wconf 84' lang='grc' dir='ltr'>τὴν</span> 
     </span>
    </p>
   </div>
   <div class='ocr_carea' id='block_1_38' title="bbox 1867 1863 1904 1915">
    <p class='ocr_par' dir='ltr' id='par_1_38' title="bbox 1867 1863 1904 1915">
     <span class='ocr_line' id='line_1_38' title="bbox 1867 1863 1904 1915; baseline 0 0"><span class='ocrx_word' id='word_1_272' title='bbox 1867 1863 1904 1915; x_wconf 68' lang='lat' dir='ltr'><strong>li</strong></span> 
     </span>
    </p>
   </div>
   <div class='ocr_carea' id='block_1_39' title="bbox 1929 990 3502 1060">
    <p class='ocr_par' dir='ltr' id='par_1_39' title="bbox 1929 990 3502 1060">
     <span class='ocr_line' id='line_1_39' title="bbox 1929 990 3502 1060; baseline 0.001 -17"><span class='ocrx_word' id='word_1_273' title='bbox 1929 992 2149 1060; x_wconf 84' lang='lat' dir='ltr'><strong>quidem</strong></span> <span class='ocrx_word' id='word_1_274' title='bbox 2179 1007 2298 1044; x_wconf 88' lang='lat' dir='ltr'><strong>esse</strong></span> <span class='ocrx_word' id='word_1_275' title='bbox 2328 991 2500 1042; x_wconf 88' lang='lat' dir='ltr'><strong>solius</strong></span> <span class='ocrx_word' id='word_1_276' title='bbox 2539 991 2838 1043; x_wconf 82' lang='lat' dir='ltr'><strong>secundum</strong></span> <span class='ocrx_word' id='word_1_277' title='bbox 2881 990 3123 1043; x_wconf 79' lang='lat' dir='ltr'><strong>animum</strong></span> <span class='ocrx_word' id='word_1_278' title='bbox 3165 993 3502 1059; x_wconf 87' lang='lat' dir='ltr'><strong>contempla-</strong></span> 
     </span>
    </p>
   </div>
   <div class='ocr_carea' id='block_1_40' title="bbox 1932 1078 3503 1148">
    <p class='ocr_par' dir='ltr' id='par_1_40' title="bbox 1932 1078 3503 1148">
     <span class='ocr_line' id='line_1_40' title="bbox 1932 1078 3503 1148; baseline 0.001 -17"><span class='ocrx_word' id='word_1_279' title='bbox 1932 1081 2114 1142; x_wconf 84' lang='lat' dir='ltr'><strong>tionis,</strong></span> <span class='ocrx_word' id='word_1_280' title='bbox 2153 1079 2396 1148; x_wconf 72' lang='lat' dir='ltr'><strong>qnaedam</strong></span> <span class='ocrx_word' id='word_1_281' title='bbox 2434 1093 2563 1130; x_wconf 91' lang='lat' dir='ltr'><strong>vero</strong></span> <span class='ocrx_word' id='word_1_282' title='bbox 2596 1078 2896 1131; x_wconf 90' lang='lat' dir='ltr'><strong>secundum</strong></span> <span class='ocrx_word' id='word_1_283' title='bbox 2942 1079 3210 1132; x_wconf 86' lang='lat' dir='ltr'><strong>rationem</strong></span> <span class='ocrx_word' id='word_1_284' title='bbox 3257 1080 3503 1147; x_wconf 88' lang='lat' dir='ltr'><strong>discipli-</strong></span> 
     </span>
    </p>
   </div>
   <div class='ocr_carea' id='block_1_41' title="bbox 1931 1171 3500 1242">
    <p class='ocr_par' dir='ltr' id='par_1_41' title="bbox 1931 1171 3500 1242">
     <span class='ocr_line' id='line_1_41' title="bbox 1931 1171 3500 1242; baseline 0.001 -16"><span class='ocrx_word' id='word_1_285' title='bbox 1931 1173 2070 1226; x_wconf 90' lang='lat' dir='ltr'><strong>nalis</strong></span> <span class='ocrx_word' id='word_1_286' title='bbox 2105 1173 2376 1240; x_wconf 73' lang='lat' dir='ltr'><strong>potentize.</strong></span> <span class='ocrx_word' id='word_1_287' title='bbox 2427 1171 2482 1225; x_wconf 93' lang='lat' dir='ltr'><strong>Si</strong></span> <span class='ocrx_word' id='word_1_288' title='bbox 2520 1183 2701 1225; x_wconf 88' lang='lat' dir='ltr'><strong>autem</strong></span> <span class='ocrx_word' id='word_1_289' title='bbox 2752 1173 2946 1227; x_wconf 87' lang='lat' dir='ltr'><strong>talibus</strong></span> <span class='ocrx_word' id='word_1_290' title='bbox 2995 1173 3325 1228; x_wconf 86' lang='lat' dir='ltr'><strong>custoditam</strong></span> <span class='ocrx_word' id='word_1_291' title='bbox 3371 1189 3500 1242; x_wconf 87' lang='lat' dir='ltr'><strong>pro-</strong></span> 
     </span>
    </p>
   </div>
   <div class='ocr_carea' id='block_1_42' title="bbox 1931 1263 3501 1334">
    <p class='ocr_par' dir='ltr' id='par_1_42' title="bbox 1931 1263 3501 1334">
     <span class='ocr_line' id='line_1_42' title="bbox 1931 1263 3501 1334; baseline 0.001 -19"><span class='ocrx_word' id='word_1_292' title='bbox 1931 1265 2104 1332; x_wconf 88' lang='lat' dir='ltr'><strong>priam</strong></span> <span class='ocrx_word' id='word_1_293' title='bbox 2153 1263 2318 1316; x_wconf 90' lang='lat' dir='ltr'><strong>vitam</strong></span> <span class='ocrx_word' id='word_1_294' title='bbox 2376 1264 2548 1317; x_wconf 89' lang='lat' dir='ltr'><strong>sancti</strong></span> <span class='ocrx_word' id='word_1_295' title='bbox 2601 1273 3087 1330; x_wconf 78' lang='lat' dir='ltr'><strong>conservaverunt,</strong></span> <span class='ocrx_word' id='word_1_296' title='bbox 3138 1265 3306 1334; x_wconf 79' lang='lat' dir='ltr'><strong>igitur</strong></span> <span class='ocrx_word' id='word_1_297' title='bbox 3349 1279 3501 1318; x_wconf 84' lang='lat' dir='ltr'><strong>com-</strong></span> 
     </span>
    </p>
   </div>
   <div class='ocr_carea' id='block_1_43' title="bbox 1931 1355 3505 1424">
    <p class='ocr_par' dir='ltr' id='par_1_43' title="bbox 1931 1355 3505 1424">
     <span class='ocr_line' id='line_1_43' title="bbox 1931 1355 3505 1424; baseline 0.001 -17"><span class='ocrx_word' id='word_1_298' title='bbox 1931 1355 2244 1424; x_wconf 86' lang='lat' dir='ltr'><strong>prehensim</strong></span> <span class='ocrx_word' id='word_1_299' title='bbox 2268 1371 2367 1423; x_wconf 89' lang='lat' dir='ltr'><strong>per</strong></span> <span class='ocrx_word' id='word_1_300' title='bbox 2391 1357 2657 1410; x_wconf 91' lang='lat' dir='ltr'><strong>rationem</strong></span> <span class='ocrx_word' id='word_1_301' title='bbox 2679 1363 2735 1410; x_wconf 89' lang='lat' dir='ltr'><strong>et</strong></span> <span class='ocrx_word' id='word_1_302' title='bbox 2757 1356 3272 1424; x_wconf 84' lang='lat' dir='ltr'><strong>contemplationem</strong></span> <span class='ocrx_word' id='word_1_303' title='bbox 3310 1356 3505 1410; x_wconf 88' lang='lat' dir='ltr'><strong>beatus</strong></span> 
     </span>
    </p>
   </div>
   <div class='ocr_carea' id='block_1_44' title="bbox 1933 1445 3505 1515">
    <p class='ocr_par' dir='ltr' id='par_1_44' title="bbox 1933 1445 3505 1515">
     <span class='ocr_line' id='line_1_44' title="bbox 1933 1445 3505 1515; baseline 0.001 -17"><span class='ocrx_word' id='word_1_304' title='bbox 1933 1445 2036 1498; x_wconf 85' lang='lat' dir='ltr'><strong>iste</strong></span> <span class='ocrx_word' id='word_1_305' title='bbox 2069 1447 2153 1498; x_wconf 89' lang='lat' dir='ltr'><strong>vir</strong></span> <span class='ocrx_word' id='word_1_306' title='bbox 2198 1461 2408 1508; x_wconf 88' lang='lat' dir='ltr'><strong>omnes,</strong></span> <span class='ocrx_word' id='word_1_307' title='bbox 2454 1462 2575 1515; x_wconf 79' lang='lat' dir='ltr'><strong>quae</strong></span> <span class='ocrx_word' id='word_1_308' title='bbox 2621 1457 2750 1500; x_wconf 87' lang='lat' dir='ltr'><strong>sunt</strong></span> <span class='ocrx_word' id='word_1_309' title='bbox 2791 1447 3093 1500; x_wconf 87' lang='lat' dir='ltr'><strong>secundum</strong></span> <span class='ocrx_word' id='word_1_310' title='bbox 3145 1448 3404 1501; x_wconf 85' lang='lat' dir='ltr'><strong>virtutem</strong></span> <span class='ocrx_word' id='word_1_311' title='bbox 3448 1457 3505 1500; x_wconf 88' lang='lat' dir='ltr'><strong>et</strong></span> 
     </span>
    </p>
   </div>
   <div class='ocr_carea' id='block_1_45' title="bbox 1933 1522 3506 1605">
    <p class='ocr_par' dir='ltr' id='par_1_45' title="bbox 1933 1522 3506 1605">
     <span class='ocr_line' id='line_1_45' title="bbox 1933 1522 3506 1605; baseline 0 -16"><span class='ocrx_word' id='word_1_312' title='bbox 1933 1537 2251 1602; x_wconf 88' lang='lat' dir='ltr'><strong>scientiam,</strong></span> <span class='ocrx_word' id='word_1_313' title='bbox 2289 1522 2594 1592; x_wconf 80' lang='lat' dir='ltr'><strong>introduxit</strong></span> <span class='ocrx_word' id='word_1_314' title='bbox 2637 1538 2877 1591; x_wconf 86' lang='lat' dir='ltr'><strong>rationes</strong></span> <span class='ocrx_word' id='word_1_315' title='bbox 2925 1553 2955 1590; x_wconf 87' lang='lat' dir='ltr'><strong>a</strong></span> <span class='ocrx_word' id='word_1_316' title='bbox 3008 1537 3214 1591; x_wconf 89' lang='lat' dir='ltr'><strong>sanctis</strong></span> <span class='ocrx_word' id='word_1_317' title='bbox 3255 1551 3506 1605; x_wconf 85' lang='lat' dir='ltr'><strong>compre-</strong></span> 
     </span>
    </p>
   </div>
   <div class='ocr_carea' id='block_1_46' title="bbox 1935 1627 3506 1697">
    <p class='ocr_par' dir='ltr' id='par_1_46' title="bbox 1935 1627 3506 1697">
     <span class='ocr_line' id='line_1_46' title="bbox 1935 1627 3506 1697; baseline 0 -18"><span class='ocrx_word' id='word_1_318' title='bbox 1935 1627 2152 1688; x_wconf 87' lang='lat' dir='ltr'><strong>hensas,</strong></span> <span class='ocrx_word' id='word_1_319' title='bbox 2179 1643 2276 1695; x_wconf 90' lang='lat' dir='ltr'><strong>per</strong></span> <span class='ocrx_word' id='word_1_320' title='bbox 2307 1643 2441 1696; x_wconf 89' lang='lat' dir='ltr'><strong>quas</strong></span> <span class='ocrx_word' id='word_1_321' title='bbox 2474 1627 2714 1680; x_wconf 85' lang='lat' dir='ltr'><strong>divinam</strong></span> <span class='ocrx_word' id='word_1_322' title='bbox 2751 1628 2999 1682; x_wconf 85' lang='lat' dir='ltr'><strong>notitiam</strong></span> <span class='ocrx_word' id='word_1_323' title='bbox 3043 1643 3141 1697; x_wconf 87' lang='lat' dir='ltr'><strong>per</strong></span> <span class='ocrx_word' id='word_1_324' title='bbox 3169 1627 3506 1694; x_wconf 88' lang='lat' dir='ltr'><strong>contempla-</strong></span> 
     </span>
    </p>
   </div>
   <div class='ocr_carea' id='block_1_47' title="bbox 1935 1715 3502 1786">
    <p class='ocr_par' dir='ltr' id='par_1_47' title="bbox 1935 1715 3502 1786">
     <span class='ocr_line' id='line_1_47' title="bbox 1935 1715 3502 1786; baseline -0.003 -16"><span class='ocrx_word' id='word_1_325' title='bbox 1935 1717 2138 1770; x_wconf 88' lang='lat' dir='ltr'><strong>tionem</strong></span> <span class='ocrx_word' id='word_1_326' title='bbox 2187 1717 2422 1770; x_wconf 83' lang='lat' dir='ltr'><strong>scienter</strong></span> <span class='ocrx_word' id='word_1_327' title='bbox 2464 1717 2818 1783; x_wconf 87' lang='lat' dir='ltr'><strong>accipientes,</strong></span> <span class='ocrx_word' id='word_1_328' title='bbox 2860 1717 3162 1786; x_wconf 88' lang='lat' dir='ltr'><strong>prudenter</strong></span> <span class='ocrx_word' id='word_1_329' title='bbox 3202 1715 3502 1770; x_wconf 84' lang='lat' dir='ltr'><strong>secundum</strong></span> 
     </span>
    </p>
   </div>
   <div class='ocr_carea' id='block_1_48' title="bbox 1934 1807 3504 1876">
    <p class='ocr_par' dir='ltr' id='par_1_48' title="bbox 1934 1807 3504 1876">
     <span class='ocr_line' id='line_1_48' title="bbox 1934 1807 3504 1876; baseline 0.001 -18"><span class='ocrx_word' id='word_1_330' title='bbox 1934 1808 2200 1859; x_wconf 86' lang='lat' dir='ltr'><strong>rationem</strong></span> <span class='ocrx_word' id='word_1_331' title='bbox 2231 1822 2329 1875; x_wconf 87' lang='lat' dir='ltr'><strong>per</strong></span> <span class='ocrx_word' id='word_1_332' title='bbox 2373 1807 2602 1861; x_wconf 82' lang='lat' dir='ltr'><strong>virtutes</strong></span> <span class='ocrx_word' id='word_1_333' title='bbox 2630 1808 2870 1862; x_wconf 87' lang='lat' dir='ltr'><strong>divinam</strong></span> <span class='ocrx_word' id='word_1_334' title='bbox 2913 1808 3134 1862; x_wconf 85' lang='lat' dir='ltr'><strong>sibimet</strong></span> <span class='ocrx_word' id='word_1_335' title='bbox 3180 1816 3504 1876; x_wconf 85' lang='lat' dir='ltr'><strong>coaptaverc</strong></span> 
     </span>
    </p>
   </div>
   <div class='ocr_carea' id='block_1_49' title="bbox 1933 1892 3506 1965">
    <p class='ocr_par' dir='ltr' id='par_1_49' title="bbox 1933 1892 3506 1965">
     <span class='ocr_line' id='line_1_49' title="bbox 1933 1892 3506 1965; baseline 0.001 -19"><span class='ocrx_word' id='word_1_336' title='bbox 1933 1892 2164 1946; x_wconf 79' lang='lat' dir='ltr'><strong>formam</strong></span> <span class='ocrx_word' id='word_1_337' title='bbox 2197 1893 2442 1957; x_wconf 90' lang='lat' dir='ltr'><strong>omnino,</strong></span> <span class='ocrx_word' id='word_1_338' title='bbox 2466 1909 2577 1947; x_wconf 92' lang='lat' dir='ltr'><strong>non</strong></span> <span class='ocrx_word' id='word_1_339' title='bbox 2600 1909 2719 1948; x_wconf 89' lang='lat' dir='ltr'><strong>esse</strong></span> <span class='ocrx_word' id='word_1_340' title='bbox 2744 1895 3115 1950; x_wconf 88' lang='lat' dir='ltr'><strong>necessarium</strong></span> <span class='ocrx_word' id='word_1_341' title='bbox 3137 1895 3387 1965; x_wconf 83' lang='lat' dir='ltr'><strong>judicans</strong></span> <span class='ocrx_word' id='word_1_342' title='bbox 3409 1909 3506 1962; x_wconf 87' lang='lat' dir='ltr'><strong>per</strong></span> 
     </span>
    </p>
   </div>
   <div class='ocr_carea' id='block_1_50' title="bbox 1931 1985 3503 2055">
    <p class='ocr_par' dir='ltr' id='par_1_50' title="bbox 1931 1985 3503 2055">
     <span class='ocr_line' id='line_1_50' title="bbox 1931 1985 3503 2055; baseline 0 -17"><span class='ocrx_word' id='word_1_343' title='bbox 1931 1999 2132 2053; x_wconf 91' lang='lat' dir='ltr'><strong>corpus</strong></span> <span class='ocrx_word' id='word_1_344' title='bbox 2177 1985 2459 2039; x_wconf 90' lang='lat' dir='ltr'><strong>nominare</strong></span> <span class='ocrx_word' id='word_1_345' title='bbox 2511 1985 2807 2049; x_wconf 89' lang='lat' dir='ltr'><strong>actionem,</strong></span> <span class='ocrx_word' id='word_1_346' title='bbox 2846 2000 3182 2055; x_wconf 79' lang='lat' dir='ltr'><strong>cognoscens</strong></span> <span class='ocrx_word' id='word_1_347' title='bbox 3228 2001 3335 2040; x_wconf 92' lang='lat' dir='ltr'><strong>non</strong></span> <span class='ocrx_word' id='word_1_348' title='bbox 3383 2002 3503 2039; x_wconf 88' lang='lat' dir='ltr'><strong>eam</strong></span> 
     </span>
    </p>
   </div>
   <div class='ocr_carea' id='block_1_51' title="bbox 1931 2075 3502 2142">
    <p class='ocr_par' dir='ltr' id='par_1_51' title="bbox 1931 2075 3502 2142">
     <span class='ocr_line' id='line_1_51' title="bbox 1931 2075 3502 2142; baseline 0.001 -14"><span class='ocrx_word' id='word_1_349' title='bbox 1931 2076 2150 2130; x_wconf 80' lang='lat' dir='ltr'><strong>virtutis</strong></span> <span class='ocrx_word' id='word_1_350' title='bbox 2177 2091 2297 2131; x_wconf 91' lang='lat' dir='ltr'><strong>esse</strong></span> <span class='ocrx_word' id='word_1_351' title='bbox 2328 2075 2632 2138; x_wconf 80' lang='lat' dir='ltr'><strong>factricem,</strong></span> <span class='ocrx_word' id='word_1_352' title='bbox 2661 2076 2756 2130; x_wconf 92' lang='lat' dir='ltr'><strong>sed</strong></span> <span class='ocrx_word' id='word_1_353' title='bbox 2799 2077 3303 2142; x_wconf 80' lang='lat' dir='ltr'><strong>manifestatricem,</strong></span> <span class='ocrx_word' id='word_1_354' title='bbox 3333 2087 3388 2130; x_wconf 93' lang='lat' dir='ltr'><strong>ct</strong></span> <span class='ocrx_word' id='word_1_355' title='bbox 3415 2093 3502 2131; x_wconf 89' lang='lat' dir='ltr'><strong>so-</strong></span> 
     </span>
    </p>
   </div>
   <div class='ocr_carea' id='block_1_52' title="bbox 1932 2165 3506 2233">
    <p class='ocr_par' dir='ltr' id='par_1_52' title="bbox 1932 2165 3506 2233">
     <span class='ocr_line' id='line_1_52' title="bbox 1932 2165 3506 2233; baseline -0.002 -13"><span class='ocrx_word' id='word_1_356' title='bbox 1932 2167 2210 2221; x_wconf 90' lang='lat' dir='ltr'><strong>lummodo</strong></span> <span class='ocrx_word' id='word_1_357' title='bbox 2245 2166 2552 2220; x_wconf 78' lang='lat' dir='ltr'><strong>divinarum</strong></span> <span class='ocrx_word' id='word_1_358' title='bbox 2579 2165 3061 2233; x_wconf 79' lang='lat' dir='ltr'><strong>intelligentiarum</strong></span> <span class='ocrx_word' id='word_1_359' title='bbox 3090 2172 3146 2217; x_wconf 91' lang='lat' dir='ltr'><strong>et</strong></span> <span class='ocrx_word' id='word_1_360' title='bbox 3178 2165 3506 2233; x_wconf 86' lang='lat' dir='ltr'><strong>disputatio-</strong></span> 
     </span>
    </p>
   </div>
   <div class='ocr_carea' id='block_1_53' title="bbox 1934 2253 3503 2324">
    <p class='ocr_par' dir='ltr' id='par_1_53' title="bbox 1934 2253 3503 2324">
     <span class='ocr_line' id='line_1_53' title="bbox 1934 2253 3503 2324; baseline -0.001 -16"><span class='ocrx_word' id='word_1_361' title='bbox 1934 2271 2063 2308; x_wconf 91' lang='lat' dir='ltr'><strong>num</strong></span> <span class='ocrx_word' id='word_1_362' title='bbox 2095 2254 2173 2324; x_wconf 71' lang='grc' dir='ltr'>(τι)</span> <span class='ocrx_word' id='word_1_363' title='bbox 2198 2255 2529 2308; x_wconf 90' lang='lat' dir='ltr'><strong>ministrum.</strong></span> <span class='ocrx_word' id='word_1_364' title='bbox 2562 2255 2630 2309; x_wconf 90' lang='lat' dir='ltr'><strong>Ut</strong></span> <span class='ocrx_word' id='word_1_365' title='bbox 2660 2262 2839 2308; x_wconf 90' lang='lat' dir='ltr'><strong>autem</strong></span> <span class='ocrx_word' id='word_1_366' title='bbox 2872 2263 2927 2306; x_wconf 90' lang='lat' dir='ltr'><strong>et</strong></span> <span class='ocrx_word' id='word_1_367' title='bbox 2959 2269 3060 2322; x_wconf 88' lang='lat' dir='ltr'><strong>per</strong></span> <span class='ocrx_word' id='word_1_368' title='bbox 3089 2254 3254 2306; x_wconf 90' lang='lat' dir='ltr'><strong>alium</strong></span> <span class='ocrx_word' id='word_1_369' title='bbox 3282 2253 3503 2308; x_wconf 85' lang='lat' dir='ltr'><strong>modum</strong></span> 
     </span>
    </p>
   </div>
   <div class='ocr_carea' id='block_1_54' title="bbox 1936 2344 3505 2414">
    <p class='ocr_par' dir='ltr' id='par_1_54' title="bbox 1936 2344 3505 2414">
     <span class='ocr_line' id='line_1_54' title="bbox 1936 2344 3505 2414; baseline 0 -15"><span class='ocrx_word' id='word_1_370' title='bbox 1936 2346 2286 2400; x_wconf 78' lang='lat' dir='ltr'><strong>manifestum</strong></span> <span class='ocrx_word' id='word_1_371' title='bbox 2323 2347 2415 2399; x_wconf 82' lang='lat' dir='ltr'><strong>ﬁat</strong></span> <span class='ocrx_word' id='word_1_372' title='bbox 2457 2344 2604 2413; x_wconf 91' lang='lat' dir='ltr'><strong>quod</strong></span> <span class='ocrx_word' id='word_1_373' title='bbox 2651 2344 2859 2400; x_wconf 88' lang='lat' dir='ltr'><strong>dictum</strong></span> <span class='ocrx_word' id='word_1_374' title='bbox 2895 2354 3001 2406; x_wconf 89' lang='lat' dir='ltr'><strong>est,</strong></span> <span class='ocrx_word' id='word_1_375' title='bbox 3047 2344 3239 2398; x_wconf 88' lang='lat' dir='ltr'><strong>dicunt</strong></span> <span class='ocrx_word' id='word_1_376' title='bbox 3271 2345 3363 2414; x_wconf 93' lang='lat' dir='ltr'><strong>qui</strong></span> <span class='ocrx_word' id='word_1_377' title='bbox 3402 2360 3505 2399; x_wconf 88' lang='lat' dir='ltr'><strong>no-</strong></span> 
     </span>
    </p>
   </div>
   <div class='ocr_carea' id='block_1_55' title="bbox 1934 2437 3503 2507">
    <p class='ocr_par' dir='ltr' id='par_1_55' title="bbox 1934 2437 3503 2507">
     <span class='ocr_line' id='line_1_55' title="bbox 1934 2437 3503 2507; baseline -0.001 -15"><span class='ocrx_word' id='word_1_378' title='bbox 1934 2448 2168 2492; x_wconf 86' lang='lat' dir='ltr'><strong>strarum</strong></span> <span class='ocrx_word' id='word_1_379' title='bbox 2234 2452 2416 2492; x_wconf 89' lang='lat' dir='ltr'><strong>rerum</strong></span> <span class='ocrx_word' id='word_1_380' title='bbox 2485 2437 2779 2507; x_wconf 83' lang='lat' dir='ltr'><strong>diligenter</strong></span> <span class='ocrx_word' id='word_1_381' title='bbox 2846 2437 3088 2492; x_wconf 87' lang='lat' dir='ltr'><strong>rationes</strong></span> <span class='ocrx_word' id='word_1_382' title='bbox 3149 2447 3503 2506; x_wconf 88' lang='lat' dir='ltr'><strong>percurrunt,</strong></span> 
     </span>
    </p>
   </div>
   <div class='ocr_carea' id='block_1_56' title="bbox 1935 2529 3502 2597">
    <p class='ocr_par' dir='ltr' id='par_1_56' title="bbox 1935 2529 3502 2597">
     <span class='ocr_line' id='line_1_56' title="bbox 1935 2529 3502 2597; baseline -0.001 -14"><span class='ocrx_word' id='word_1_383' title='bbox 1935 2531 2218 2583; x_wconf 89' lang='lat' dir='ltr'><strong>rationalis</strong></span> <span class='ocrx_word' id='word_1_384' title='bbox 2246 2529 2467 2597; x_wconf 87' lang='lat' dir='ltr'><strong>quidem</strong></span> <span class='ocrx_word' id='word_1_385' title='bbox 2493 2543 2613 2582; x_wconf 91' lang='lat' dir='ltr'><strong>esse</strong></span> <span class='ocrx_word' id='word_1_386' title='bbox 2637 2529 3121 2597; x_wconf 89' lang='lat' dir='ltr'><strong>contemplativum</strong></span> <span class='ocrx_word' id='word_1_387' title='bbox 3145 2538 3202 2583; x_wconf 84' lang='lat' dir='ltr'><strong>et</strong></span> <span class='ocrx_word' id='word_1_388' title='bbox 3233 2530 3502 2592; x_wconf 89' lang='lat' dir='ltr'><strong>activum;</strong></span> 
     </span>
    </p>
   </div>
   <div class='ocr_carea' id='block_1_57' title="bbox 1933 2618 3504 2690">
    <p class='ocr_par' dir='ltr' id='par_1_57' title="bbox 1933 2618 3504 2690">
     <span class='ocr_line' id='line_1_57' title="bbox 1933 2618 3504 2690; baseline -0.003 -14"><span class='ocrx_word' id='word_1_389' title='bbox 1933 2633 1989 2676; x_wconf 88' lang='lat' dir='ltr'><strong>ct</strong></span> <span class='ocrx_word' id='word_1_390' title='bbox 2021 2620 2503 2690; x_wconf 86' lang='lat' dir='ltr'><strong>contemplativum</strong></span> <span class='ocrx_word' id='word_1_391' title='bbox 2533 2618 2754 2688; x_wconf 88' lang='lat' dir='ltr'><strong>quidem</strong></span> <span class='ocrx_word' id='word_1_392' title='bbox 2791 2618 3096 2673; x_wconf 84' lang='lat' dir='ltr'><strong>secundum</strong></span> <span class='ocrx_word' id='word_1_393' title='bbox 3144 2618 3504 2683; x_wconf 80' lang='lat' dir='ltr'><strong>intellectum,</strong></span> 
     </span>
    </p>
   </div>
   <div class='ocr_carea' id='block_1_58' title="bbox 1934 2709 3505 2782">
    <p class='ocr_par' dir='ltr' id='par_1_58' title="bbox 1934 2709 3505 2782">
     <span class='ocr_line' id='line_1_58' title="bbox 1934 2709 3505 2782; baseline -0.001 -18"><span class='ocrx_word' id='word_1_394' title='bbox 1934 2713 2134 2782; x_wconf 85' lang='lat' dir='ltr'><strong>quippe</strong></span> <span class='ocrx_word' id='word_1_395' title='bbox 2165 2713 2329 2766; x_wconf 84' lang='lat' dir='ltr'><strong>habet</strong></span> <span class='ocrx_word' id='word_1_396' title='bbox 2350 2727 2413 2766; x_wconf 89' lang='lat' dir='ltr'><strong>ea</strong></span> <span class='ocrx_word' id='word_1_397' title='bbox 2439 2728 2560 2782; x_wconf 66' lang='lat' dir='ltr'><strong>quae</strong></span> <span class='ocrx_word' id='word_1_398' title='bbox 2586 2722 2744 2770; x_wconf 88' lang='lat' dir='ltr'><strong>sunt;</strong></span> <span class='ocrx_word' id='word_1_399' title='bbox 2774 2711 3011 2764; x_wconf 82' lang='lat' dir='ltr'><strong>activum</strong></span> <span class='ocrx_word' id='word_1_400' title='bbox 3041 2725 3173 2764; x_wconf 92' lang='lat' dir='ltr'><strong>vero</strong></span> <span class='ocrx_word' id='word_1_401' title='bbox 3203 2709 3505 2765; x_wconf 89' lang='lat' dir='ltr'><strong>secundum</strong></span> 
     </span>
    </p>
   </div>
   <div class='ocr_carea' id='block_1_59' title="bbox 1886 2801 3503 2871">
    <p class='ocr_par' dir='ltr' id='par_1_59' title="bbox 1886 2801 3503 2871">
     <span class='ocr_line' id='line_1_59' title="bbox 1886 2801 3503 2871; baseline 0.002 -18"><span class='ocrx_word' id='word_1_402' title='bbox 1886 2831 1890 2834; x_wconf 94' lang='lat'><strong>-</strong></span> <span class='ocrx_word' id='word_1_403' title='bbox 1934 2804 2246 2866; x_wconf 71' lang='lat' dir='ltr'><strong>consilium,</strong></span> <span class='ocrx_word' id='word_1_404' title='bbox 2266 2802 2409 2871; x_wconf 93' lang='lat' dir='ltr'><strong>quod</strong></span> <span class='ocrx_word' id='word_1_405' title='bbox 2437 2801 2636 2856; x_wconf 87' lang='lat' dir='ltr'><strong>dillinit</strong></span> <span class='ocrx_word' id='word_1_406' title='bbox 2655 2801 2965 2856; x_wconf 90' lang='lat' dir='ltr'><strong>actionibus</strong></span> <span class='ocrx_word' id='word_1_407' title='bbox 2987 2810 3191 2855; x_wconf 86' lang='lat' dir='ltr'><strong>rectam</strong></span> <span class='ocrx_word' id='word_1_408' title='bbox 3213 2802 3503 2856; x_wconf 88' lang='lat' dir='ltr'><strong>rationem.</strong></span> 
     </span>
    </p>
   </div>
   <div class='ocr_carea' id='block_1_60' title="bbox 269 3162 1903 3263">
    <p class='ocr_par' dir='ltr' id='par_1_60' title="bbox 269 3162 1903 3263">
     <span class='ocr_line' id='line_1_60' title="bbox 269 3162 1903 3263; baseline 0.011 -50"><span class='ocrx_word' id='word_1_409' title='bbox 269 3162 470 3263; x_wconf 61' lang='grc' dir='ltr'>πρᾶξιν</span> <span class='ocrx_word' id='word_1_410' title='bbox 474 3167 649 3263; x_wconf 31' lang='grc' dir='ltr'>ἕαται</span> <span class='ocrx_word' id='word_1_411' title='bbox 665 3167 726 3263; x_wconf 65' lang='lat' dir='ltr'><strong>1b</strong></span> <span class='ocrx_word' id='word_1_412' title='bbox 745 3168 924 3263; x_wconf 33' lang='lat' dir='ltr'><strong>AeIAx‘bg,</strong></span> <span class='ocrx_word' id='word_1_413' title='bbox 961 3170 1076 3263; x_wconf 78' lang='grc' dir='ltr'>ἀλλ’</span> <span class='ocrx_word' id='word_1_414' title='bbox 1095 3174 1193 3263; x_wconf 79' lang='grc' dir='ltr'>οὐκ</span> <span class='ocrx_word' id='word_1_415' title='bbox 1226 3176 1289 3226; x_wconf 82' lang='grc' dir='ltr'>ὲκ</span> <span class='ocrx_word' id='word_1_416' title='bbox 1316 3175 1413 3244; x_wconf 78' lang='grc' dir='ltr'>τῆς</span> <span class='ocrx_word' id='word_1_417' title='bbox 1451 3175 1583 3246; x_wconf 75' lang='grc' dir='ltr'>ὕλης</span> <span class='ocrx_word' id='word_1_418' title='bbox 1617 3177 1833 3246; x_wconf 81' lang='grc' dir='ltr'>ὡνόμα-</span> <span class='ocrx_word' id='word_1_419' title='bbox 1860 3206 1903 3263; x_wconf 72' lang='lat' dir='ltr'><strong>G</strong></span> 
     </span>
    </p>
   </div>
   <div class='ocr_carea' id='block_1_61' title="bbox 271 3251 1829 3335">
    <p class='ocr_par' dir='ltr' id='par_1_61' title="bbox 271 3251 1829 3335">
     <span class='ocr_line' id='line_1_61' title="bbox 271 3251 1829 3335; baseline 0.01 -32"><span class='ocrx_word' id='word_1_420' title='bbox 271 3267 366 3303; x_wconf 76' lang='grc' dir='ltr'><strong>σεν</strong></span> <span class='ocrx_word' id='word_1_421' title='bbox 608 3256 657 3324; x_wconf 88' lang='lat' dir='ltr'><strong>b)</strong></span> <span class='ocrx_word' id='word_1_422' title='bbox 688 3256 716 3308; x_wconf 87' lang='grc' dir='ltr'><strong>ό</strong></span> <span class='ocrx_word' id='word_1_423' title='bbox 741 3257 1060 3322; x_wconf 80' lang='grc' dir='ltr'>διδάσκαλος</span> <span class='ocrx_word' id='word_1_424' title='bbox 1114 3260 1272 3329; x_wconf 88' lang='grc' dir='ltr'>λόγον</span> <span class='ocrx_word' id='word_1_425' title='bbox 1297 3304 1310 3321; x_wconf 87' lang='grc'><strong>,</strong></span> <span class='ocrx_word' id='word_1_426' title='bbox 1342 3265 1440 3334; x_wconf 84' lang='grc' dir='ltr'>τὴν</span> <span class='ocrx_word' id='word_1_427' title='bbox 1473 3265 1642 3334; x_wconf 83' lang='grc' dir='ltr'>μηδὲν</span> <span class='ocrx_word' id='word_1_428' title='bbox 1679 3266 1829 3335; x_wconf 80' lang='grc' dir='ltr'>έχουο</span> 
     </span>
    </p>
   </div>
   <div class='ocr_carea' id='block_1_62' title="bbox 270 3345 1833 3428">
    <p class='ocr_par' dir='ltr' id='par_1_62' title="bbox 270 3345 1833 3428">
     <span class='ocr_line' id='line_1_62' title="bbox 270 3345 1833 3428; baseline 0.012 -35"><span class='ocrx_word' id='word_1_429' title='bbox 270 3359 374 3394; x_wconf 83' lang='grc' dir='ltr'><strong>σαν</strong></span> <span class='ocrx_word' id='word_1_430' title='bbox 405 3345 780 3416; x_wconf 85' lang='grc' dir='ltr'>ἀντικείμενον</span> <span class='ocrx_word' id='word_1_431' title='bbox 807 3348 920 3413; x_wconf 78' lang='grc' dir='ltr'>ἓξιν</span> <span class='ocrx_word' id='word_1_432' title='bbox 949 3353 1421 3423; x_wconf 80' lang='grc' dir='ltr'>προσαγορεύσας.</span> <span class='ocrx_word' id='word_1_433' title='bbox 1447 3357 1697 3424; x_wconf 88' lang='grc' dir='ltr'>Λογικῶς</span> <span class='ocrx_word' id='word_1_434' title='bbox 1726 3359 1833 3428; x_wconf 82' lang='grc' dir='ltr'><strong>γὰρ</strong></span> 
     </span>
    </p>
   </div>
   <div class='ocr_carea' id='block_1_63' title="bbox 272 3431 1833 3511">
    <p class='ocr_par' dir='ltr' id='par_1_63' title="bbox 272 3431 1833 3511">
     <span class='ocr_line' id='line_1_63' title="bbox 272 3431 1833 3511; baseline 0.011 -29"><span class='ocrx_word' id='word_1_435' title='bbox 272 3431 368 3482; x_wconf 72' lang='grc' dir='ltr'>καὶ</span> <span class='ocrx_word' id='word_1_436' title='bbox 392 3434 728 3500; x_wconf 83' lang='grc' dir='ltr'>γνωστικῶς,</span> <span class='ocrx_word' id='word_1_437' title='bbox 762 3436 876 3488; x_wconf 86' lang='grc' dir='ltr'>ἀλλ’</span> <span class='ocrx_word' id='word_1_438' title='bbox 901 3439 960 3490; x_wconf 84' lang='grc' dir='ltr'>οὐ</span> <span class='ocrx_word' id='word_1_439' title='bbox 989 3439 1303 3510; x_wconf 83' lang='grc' dir='ltr'>πολεμικῶς</span> <span class='ocrx_word' id='word_1_440' title='bbox 1336 3443 1430 3494; x_wconf 77' lang='grc' dir='ltr'>καὶ</span> <span class='ocrx_word' id='word_1_441' title='bbox 1456 3444 1833 3511; x_wconf 84' lang='grc' dir='ltr'>ἀγωνιστικῶς</span> 
     </span>
    </p>
   </div>
   <div class='ocr_carea' id='block_1_64' title="bbox 267 3522 1833 3605">
    <p class='ocr_par' dir='ltr' id='par_1_64' title="bbox 267 3522 1833 3605">
     <span class='ocr_line' id='line_1_64' title="bbox 267 3522 1833 3605; baseline 0.01 -32"><span class='ocrx_word' id='word_1_442' title='bbox 267 3522 507 3591; x_wconf 82' lang='grc' dir='ltr'>ὲμμέναι</span> <span class='ocrx_word' id='word_1_443' title='bbox 553 3528 665 3588; x_wconf 80' lang='grc' dir='ltr'>τοῖς</span> <span class='ocrx_word' id='word_1_444' title='bbox 703 3526 961 3596; x_wconf 83' lang='grc' dir='ltr'>ἀληθέσιν</span> <span class='ocrx_word' id='word_1_445' title='bbox 1004 3530 1032 3581; x_wconf 88' lang='grc' dir='ltr'><strong>ό</strong></span> <span class='ocrx_word' id='word_1_446' title='bbox 1059 3531 1414 3602; x_wconf 73' lang='grc' dir='ltr'>θεωρητικὸς,</span> <span class='ocrx_word' id='word_1_447' title='bbox 1439 3535 1531 3587; x_wconf 73' lang='grc' dir='ltr'>καὶ</span> <span class='ocrx_word' id='word_1_448' title='bbox 1561 3535 1700 3605; x_wconf 85' lang='grc' dir='ltr'>πλὴν</span> <span class='ocrx_word' id='word_1_449' title='bbox 1734 3537 1833 3589; x_wconf 80' lang='grc' dir='ltr'><strong>αὐ-</strong></span> 
     </span>
    </p>
   </div>
   <div class='ocr_carea' id='block_1_65' title="bbox 266 3613 1835 3698">
    <p class='ocr_par' dir='ltr' id='par_1_65' title="bbox 266 3613 1835 3698">
     <span class='ocr_line' id='line_1_65' title="bbox 266 3613 1835 3698; baseline 0.011 -34"><span class='ocrx_word' id='word_1_450' title='bbox 266 3613 380 3666; x_wconf 87' lang='grc' dir='ltr'><strong>τῶν</strong></span> <span class='ocrx_word' id='word_1_451' title='bbox 423 3614 552 3668; x_wconf 73' lang='grc' dir='ltr'>ἄλλο</span> <span class='ocrx_word' id='word_1_452' title='bbox 605 3633 660 3669; x_wconf 86' lang='grc' dir='ltr'><strong>τι</strong></span> <span class='ocrx_word' id='word_1_453' title='bbox 704 3620 836 3689; x_wconf 73' lang='grc' dir='ltr'>όρᾷν</span> <span class='ocrx_word' id='word_1_454' title='bbox 882 3620 971 3674; x_wconf 84' lang='grc' dir='ltr'><strong>διὰ</strong></span> <span class='ocrx_word' id='word_1_455' title='bbox 1012 3623 1110 3691; x_wconf 75' lang='grc' dir='ltr'>τὴν</span> <span class='ocrx_word' id='word_1_456' title='bbox 1152 3625 1287 3694; x_wconf 78' lang='grc' dir='ltr'>πρὸς</span> <span class='ocrx_word' id='word_1_457' title='bbox 1337 3627 1476 3679; x_wconf 84' lang='grc' dir='ltr'>αὐτά</span> <span class='ocrx_word' id='word_1_458' title='bbox 1506 3627 1698 3698; x_wconf 80' lang='grc' dir='ltr'>ἡδονὴν</span> <span class='ocrx_word' id='word_1_459' title='bbox 1734 3630 1835 3682; x_wconf 78' lang='grc' dir='ltr'>οὐκ</span> 
     </span>
    </p>
   </div>
   <div class='ocr_carea' id='block_1_66' title="bbox 266 3703 1834 3790">
    <p class='ocr_par' dir='ltr' id='par_1_66' title="bbox 266 3703 1834 3790">
     <span class='ocr_line' id='line_1_66' title="bbox 266 3703 1834 3790; baseline 0.01 -33"><span class='ocrx_word' id='word_1_460' title='bbox 266 3703 540 3774; x_wconf 87' lang='grc' dir='ltr'>ἀνέχεται.</span> <span class='ocrx_word' id='word_1_461' title='bbox 573 3708 636 3760; x_wconf 82' lang='lat' dir='ltr'><strong>El</strong></span> <span class='ocrx_word' id='word_1_462' title='bbox 668 3709 722 3762; x_wconf 82' lang='grc' dir='ltr'><strong>δὲ</strong></span> <span class='ocrx_word' id='word_1_463' title='bbox 750 3712 855 3782; x_wconf 80' lang='grc' dir='ltr'>χρὴ</span> <span class='ocrx_word' id='word_1_464' title='bbox 885 3713 978 3765; x_wconf 78' lang='grc' dir='ltr'>καὶ</span> <span class='ocrx_word' id='word_1_465' title='bbox 1013 3714 1190 3777; x_wconf 80' lang='grc' dir='ltr'>ἄλλως</span> <span class='ocrx_word' id='word_1_466' title='bbox 1214 3716 1262 3748; x_wconf 70' lang='grc'>⁸⁸</span> <span class='ocrx_word' id='word_1_467' title='bbox 1293 3718 1631 3790; x_wconf 84' lang='grc' dir='ltr'>σαφέστερον</span> <span class='ocrx_word' id='word_1_468' title='bbox 1673 3720 1834 3774; x_wconf 80' lang='grc' dir='ltr'>τοῦτο</span> 
     </span>
    </p>
   </div>
   <div class='ocr_carea' id='block_1_67' title="bbox 265 3797 1834 3880">
    <p class='ocr_par' dir='ltr' id='par_1_67' title="bbox 265 3797 1834 3880">
     <span class='ocr_line' id='line_1_67' title="bbox 265 3797 1834 3880; baseline 0.013 -35"><span class='ocrx_word' id='word_1_469' title='bbox 265 3797 642 3866; x_wconf 78' lang='grc' dir='ltr'>ποιήσασθαι’,</span> <span class='ocrx_word' id='word_1_470' title='bbox 677 3801 837 3855; x_wconf 81' lang='grc' dir='ltr'>πάλιν</span> <span class='ocrx_word' id='word_1_471' title='bbox 877 3804 926 3856; x_wconf 76' lang='grc' dir='ltr'>οἱ</span> <span class='ocrx_word' id='word_1_472' title='bbox 964 3804 1066 3873; x_wconf 81' lang='grc' dir='ltr'>τῆς</span> <span class='ocrx_word' id='word_1_473' title='bbox 1103 3807 1459 3878; x_wconf 80' lang='grc' dir='ltr'>κατ”ἀρετὴν</span> <span class='ocrx_word' id='word_1_474' title='bbox 1491 3810 1834 3880; x_wconf 82' lang='grc' dir='ltr'>τελειότητος</span> 
     </span>
    </p>
   </div>
   <div class='ocr_carea' id='block_1_68' title="bbox 265 3887 1833 3972">
    <p class='ocr_par' dir='ltr' id='par_1_68' title="bbox 265 3887 1833 3972">
     <span class='ocr_line' id='line_1_68' title="bbox 265 3887 1833 3972; baseline 0.018 -34"><span class='ocrx_word' id='word_1_475' title='bbox 265 3887 395 3950; x_wconf 78' lang='grc' dir='ltr'>τοὺς</span> <span class='ocrx_word' id='word_1_476' title='bbox 435 3889 633 3956; x_wconf 89' lang='grc' dir='ltr'>λόγους</span> <span class='ocrx_word' id='word_1_477' title='bbox 688 3893 1070 3963; x_wconf 85' lang='grc' dir='ltr'>γυμνάσαντές</span> <span class='ocrx_word' id='word_1_478' title='bbox 1124 3916 1258 3966; x_wconf 83' lang='grc' dir='ltr'>φασι</span> <span class='ocrx_word' id='word_1_479' title='bbox 1322 3902 1448 3963; x_wconf 79' lang='grc' dir='ltr'>τοὺς</span> <span class='ocrx_word' id='word_1_480' title='bbox 1507 3904 1674 3972; x_wconf 81' lang='grc' dir='ltr'>μήπω</span> <span class='ocrx_word' id='word_1_481' title='bbox 1736 3903 1833 3972; x_wconf 83' lang='grc' dir='ltr'>τῆς</span> 
     </span>
    </p>
   </div>
   <div class='ocr_carea' id='block_1_69' title="bbox 266 3979 1832 4062">
    <p class='ocr_par' dir='ltr' id='par_1_69' title="bbox 266 3979 1832 4062">
     <span class='ocr_line' id='line_1_69' title="bbox 266 3979 1832 4062; baseline 0.011 -30"><span class='ocrx_word' id='word_1_482' title='bbox 266 3979 424 4062; x_wconf 69' lang='grc' dir='ltr'>πρὸς</span> <span class='ocrx_word' id='word_1_483' title='bbox 454 3982 552 4051; x_wconf 84' lang='grc' dir='ltr'>τὴν</span> <span class='ocrx_word' id='word_1_484' title='bbox 601 3981 736 4054; x_wconf 76' lang='grc' dir='ltr'>ὓλην</span> <span class='ocrx_word' id='word_1_485' title='bbox 777 3990 917 4042; x_wconf 83' lang='grc' dir='ltr'>κατὰ</span> <span class='ocrx_word' id='word_1_486' title='bbox 955 3989 1058 4059; x_wconf 77' lang='grc' dir='ltr'><strong>τὴν¹</strong></span> <span class='ocrx_word' id='word_1_487' title='bbox 1087 3991 1273 4060; x_wconf 81' lang='grc' dir='ltr'>σχέσιν</span> <span class='ocrx_word' id='word_1_488' title='bbox 1323 3994 1609 4058; x_wconf 87' lang='grc' dir='ltr'>κοινωνίας</span> <span class='ocrx_word' id='word_1_489' title='bbox 1658 3995 1832 4048; x_wconf 77' lang='grc' dir='ltr'>καθα-</span> 
     </span>
    </p>
   </div>
   <div class='ocr_carea' id='block_1_70' title="bbox 265 4071 1829 4153">
    <p class='ocr_par' dir='ltr' id='par_1_70' title="bbox 265 4071 1829 4153">
     <span class='ocr_line' id='line_1_70' title="bbox 265 4071 1829 4153; baseline 0.013 -32"><span class='ocrx_word' id='word_1_490' title='bbox 265 4071 399 4141; x_wconf 78' lang='grc' dir='ltr'>ροὺς</span> <span class='ocrx_word' id='word_1_491' title='bbox 445 4075 738 4141; x_wconf 82' lang='grc' dir='ltr'>γεγονότας</span> <span class='ocrx_word' id='word_1_492' title='bbox 785 4079 910 4148; x_wconf 74' lang='grc' dir='ltr'>περὶ</span> <span class='ocrx_word' id='word_1_493' title='bbox 954 4081 1021 4134; x_wconf 83' lang='grc' dir='ltr'>τὰ</span> <span class='ocrx_word' id='word_1_494' title='bbox 1072 4083 1354 4152; x_wconf 76' lang='grc' dir='ltr'>πρακτικὰ</span> <span class='ocrx_word' id='word_1_495' title='bbox 1401 4087 1829 4153; x_wconf 82' lang='grc' dir='ltr'>καταγίνεσθαι,</span> 
     </span>
    </p>
   </div>
   <div class='ocr_carea' id='block_1_71' title="bbox 266 4161 1824 4246">
    <p class='ocr_par' dir='ltr' id='par_1_71' title="bbox 266 4161 1824 4246">
     <span class='ocr_line' id='line_1_71' title="bbox 266 4161 1824 4246; baseline 0.013 -37"><span class='ocrx_word' id='word_1_496' title='bbox 266 4161 469 4230; x_wconf 82' lang='grc' dir='ltr'>μικτῆς</span> <span class='ocrx_word' id='word_1_497' title='bbox 495 4161 662 4234; x_wconf 74' lang='grc' dir='ltr'>οὔσης</span> <span class='ocrx_word' id='word_1_498' title='bbox 697 4167 882 4230; x_wconf 83' lang='grc' dir='ltr'>αὐτοῖς</span> <span class='ocrx_word' id='word_1_499' title='bbox 909 4167 990 4222; x_wconf 85' lang='grc' dir='ltr'><strong>έτι</strong></span> <span class='ocrx_word' id='word_1_500' title='bbox 1023 4171 1123 4240; x_wconf 80' lang='grc' dir='ltr'>τῆς</span> <span class='ocrx_word' id='word_1_501' title='bbox 1161 4173 1289 4242; x_wconf 71' lang='grc' dir='ltr'>περὶ</span> <span class='ocrx_word' id='word_1_502' title='bbox 1315 4173 1383 4226; x_wconf 79' lang='grc' dir='ltr'><strong>τά</strong></span> <span class='ocrx_word' id='word_1_503' title='bbox 1415 4173 1545 4228; x_wconf 76' lang='grc' dir='ltr'>ὄντα</span> <span class='ocrx_word' id='word_1_504' title='bbox 1568 4177 1824 4246; x_wconf 87' lang='grc' dir='ltr'>κρίσεως,</span> 
     </span>
    </p>
   </div>
   <div class='ocr_carea' id='block_1_72' title="bbox 261 4248 1828 4337">
    <p class='ocr_par' dir='ltr' id='par_1_72' title="bbox 261 4248 1828 4337">
     <span class='ocr_line' id='line_1_72' title="bbox 261 4248 1828 4337; baseline 0.015 -38"><span class='ocrx_word' id='word_1_505' title='bbox 261 4248 362 4301; x_wconf 78' lang='grc' dir='ltr'>καὶ</span> <span class='ocrx_word' id='word_1_506' title='bbox 390 4253 494 4303; x_wconf 81' lang='grc' dir='ltr'>είσὶ</span> <span class='ocrx_word' id='word_1_507' title='bbox 520 4257 766 4324; x_wconf 75' lang='grc' dir='ltr'>τρεπτοὶ,</span> <span class='ocrx_word' id='word_1_508' title='bbox 810 4261 883 4330; x_wconf 86' lang='grc' dir='ltr'>μή</span> <span class='ocrx_word' id='word_1_509' title='bbox 896 4278 976 4315; x_wconf 87' lang='grc' dir='ltr'><strong>πω</strong></span> <span class='ocrx_word' id='word_1_510' title='bbox 1001 4263 1098 4331; x_wconf 84' lang='grc' dir='ltr'>τὴν</span> <span class='ocrx_word' id='word_1_511' title='bbox 1132 4264 1262 4333; x_wconf 80' lang='grc' dir='ltr'>περὶ</span> <span class='ocrx_word' id='word_1_512' title='bbox 1285 4265 1354 4318; x_wconf 75' lang='grc' dir='ltr'><strong>τὰ</strong></span> <span class='ocrx_word' id='word_1_513' title='bbox 1387 4267 1601 4336; x_wconf 76' lang='grc' dir='ltr'>τρεπτὰ</span> <span class='ocrx_word' id='word_1_514' title='bbox 1645 4268 1828 4337; x_wconf 78' lang='grc' dir='ltr'>σχέσιν</span> 
     </span>
    </p>
   </div>
   <div class='ocr_carea' id='block_1_73' title="bbox 260 4340 1829 4426">
    <p class='ocr_par' dir='ltr' id='par_1_73' title="bbox 260 4340 1829 4426">
     <span class='ocr_line' id='line_1_73' title="bbox 260 4340 1829 4426; baseline 0.013 -35"><span class='ocrx_word' id='word_1_515' title='bbox 260 4340 593 4412; x_wconf 79' lang='grc' dir='ltr'>ἀποθέμενοι</span> <span class='ocrx_word' id='word_1_516' title='bbox 618 4361 634 4377; x_wconf 74' lang='grc' dir='ltr'><strong>ο</strong></span> <span class='ocrx_word' id='word_1_517' title='bbox 664 4348 792 4412; x_wconf 78' lang='grc' dir='ltr'>τοὺς</span> <span class='ocrx_word' id='word_1_518' title='bbox 823 4349 880 4402; x_wconf 83' lang='grc' dir='ltr'><strong>δὲ</strong></span> <span class='ocrx_word' id='word_1_519' title='bbox 913 4351 982 4404; x_wconf 84' lang='grc' dir='ltr'>δι’</span> <span class='ocrx_word' id='word_1_520' title='bbox 1007 4352 1288 4423; x_wconf 80' lang='grc' dir='ltr'>ἀκρότητα</span> <span class='ocrx_word' id='word_1_521' title='bbox 1331 4354 1410 4425; x_wconf 85' lang='grc' dir='ltr'>τῷ</span> <span class='ocrx_word' id='word_1_522' title='bbox 1442 4357 1488 4388; x_wconf 82' lang='grc'><strong>⁵⁸</strong></span> <span class='ocrx_word' id='word_1_523' title='bbox 1517 4355 1635 4426; x_wconf 81' lang='grc' dir='ltr'>Θεῷ</span> <span class='ocrx_word' id='word_1_524' title='bbox 1685 4358 1829 4411; x_wconf 71' lang='grc' dir='ltr'>κατὰ</span> 
     </span>
    </p>
   </div>
   <div class='ocr_carea' id='block_1_74' title="bbox 259 4431 1828 4516">
    <p class='ocr_par' dir='ltr' id='par_1_74' title="bbox 259 4431 1828 4516">
     <span class='ocr_line' id='line_1_74' title="bbox 259 4431 1828 4516; baseline 0.012 -35"><span class='ocrx_word' id='word_1_525' title='bbox 259 4431 452 4500; x_wconf 83' lang='grc' dir='ltr'>σχέσιν</span> <span class='ocrx_word' id='word_1_526' title='bbox 486 4435 910 4504; x_wconf 78' lang='grc' dir='ltr'>πλησιάζοντας,</span> <span class='ocrx_word' id='word_1_527' title='bbox 943 4445 1039 4495; x_wconf 74' lang='grc' dir='ltr'><strong>καὶ</strong></span> <span class='ocrx_word' id='word_1_528' title='bbox 1081 4445 1146 4513; x_wconf 83' lang='grc' dir='ltr'>τῇ</span> <span class='ocrx_word' id='word_1_529' title='bbox 1183 4442 1378 4497; x_wconf 83' lang='grc' dir='ltr'>τούτου</span> <span class='ocrx_word' id='word_1_530' title='bbox 1408 4447 1737 4516; x_wconf 83' lang='grc' dir='ltr'>κατανοήσει</span> <span class='ocrx_word' id='word_1_531' title='bbox 1768 4448 1828 4500; x_wconf 84' lang='grc' dir='ltr'>τὸ</span> 
     </span>
    </p>
   </div>
   <div class='ocr_carea' id='block_1_75' title="bbox 1935 2893 3505 2964">
    <p class='ocr_par' dir='ltr' id='par_1_75' title="bbox 1935 2893 3505 2964">
     <span class='ocr_line' id='line_1_75' title="bbox 1935 2893 3505 2964; baseline -0.002 -14"><span class='ocrx_word' id='word_1_532' title='bbox 1935 2897 2003 2950; x_wconf 81' lang='lat' dir='ltr'><strong>Et</strong></span> <span class='ocrx_word' id='word_1_533' title='bbox 2033 2903 2230 2949; x_wconf 89' lang='lat' dir='ltr'><strong>vocant</strong></span> <span class='ocrx_word' id='word_1_534' title='bbox 2255 2895 2476 2964; x_wconf 90' lang='lat' dir='ltr'><strong>quidem</strong></span> <span class='ocrx_word' id='word_1_535' title='bbox 2511 2894 2993 2963; x_wconf 85' lang='lat' dir='ltr'><strong>contemplativum</strong></span> <span class='ocrx_word' id='word_1_536' title='bbox 3023 2893 3385 2958; x_wconf 87' lang='lat' dir='ltr'><strong>intellectum,</strong></span> <span class='ocrx_word' id='word_1_537' title='bbox 3413 2909 3505 2947; x_wconf 87' lang='lat' dir='ltr'><strong>ac-</strong></span> 
     </span>
    </p>
   </div>
   <div class='ocr_carea' id='block_1_76' title="bbox 1936 2984 3505 3054">
    <p class='ocr_par' dir='ltr' id='par_1_76' title="bbox 1936 2984 3505 3054">
     <span class='ocr_line' id='line_1_76' title="bbox 1936 2984 3505 3054; baseline -0.001 -14"><span class='ocrx_word' id='word_1_538' title='bbox 1936 2987 2108 3040; x_wconf 84' lang='lat' dir='ltr'><strong>tivum</strong></span> <span class='ocrx_word' id='word_1_539' title='bbox 2154 3000 2284 3039; x_wconf 91' lang='lat' dir='ltr'><strong>vero</strong></span> <span class='ocrx_word' id='word_1_540' title='bbox 2330 2986 2622 3049; x_wconf 80' lang='lat' dir='ltr'><strong>rationem,</strong></span> <span class='ocrx_word' id='word_1_541' title='bbox 2653 2993 2708 3040; x_wconf 91' lang='lat' dir='ltr'><strong>et</strong></span> <span class='ocrx_word' id='word_1_542' title='bbox 2742 2985 2877 3038; x_wconf 91' lang='lat' dir='ltr'><strong>illud</strong></span> <span class='ocrx_word' id='word_1_543' title='bbox 2907 2984 3130 3054; x_wconf 87' lang='lat' dir='ltr'><strong>quidem</strong></span> <span class='ocrx_word' id='word_1_544' title='bbox 3159 2985 3505 3054; x_wconf 88' lang='lat' dir='ltr'><strong>sapientiam,</strong></span> 
     </span>
    </p>
   </div>
   <div class='ocr_carea' id='block_1_77' title="bbox 1937 3075 3504 3148">
    <p class='ocr_par' dir='ltr' id='par_1_77' title="bbox 1937 3075 3504 3148">
     <span class='ocr_line' id='line_1_77' title="bbox 1937 3075 3504 3148; baseline -0.003 -16"><span class='ocrx_word' id='word_1_545' title='bbox 1937 3077 2069 3132; x_wconf 91' lang='lat' dir='ltr'><strong>illud</strong></span> <span class='ocrx_word' id='word_1_546' title='bbox 2116 3093 2248 3132; x_wconf 89' lang='lat' dir='ltr'><strong>vero</strong></span> <span class='ocrx_word' id='word_1_547' title='bbox 2291 3077 2660 3148; x_wconf 87' lang='lat' dir='ltr'><strong>prudentiam.</strong></span> <span class='ocrx_word' id='word_1_548' title='bbox 2697 3076 2752 3130; x_wconf 90' lang='lat' dir='ltr'><strong>Si</strong></span> <span class='ocrx_word' id='word_1_549' title='bbox 2801 3084 2983 3129; x_wconf 87' lang='lat' dir='ltr'><strong>autem</strong></span> <span class='ocrx_word' id='word_1_550' title='bbox 3028 3075 3134 3129; x_wconf 91' lang='lat' dir='ltr'><strong>hoc</strong></span> <span class='ocrx_word' id='word_1_551' title='bbox 3178 3089 3404 3138; x_wconf 88' lang='lat' dir='ltr'><strong>verum,</strong></span> <span class='ocrx_word' id='word_1_552' title='bbox 3444 3090 3504 3129; x_wconf 78' lang='lat' dir='ltr'><strong>cx</strong></span> 
     </span>
    </p>
   </div>
   <div class='ocr_carea' id='block_1_78' title="bbox 1936 3166 3509 3238">
    <p class='ocr_par' dir='ltr' id='par_1_78' title="bbox 1936 3166 3509 3238">
     <span class='ocr_line' id='line_1_78' title="bbox 1936 3166 3509 3238; baseline -0.003 -15"><span class='ocrx_word' id='word_1_553' title='bbox 1936 3183 2099 3224; x_wconf 86' lang='lat' dir='ltr'><strong>causa</strong></span> <span class='ocrx_word' id='word_1_554' title='bbox 2130 3169 2313 3238; x_wconf 88' lang='lat' dir='ltr'><strong>itaque</strong></span> <span class='ocrx_word' id='word_1_555' title='bbox 2346 3169 2640 3233; x_wconf 89' lang='lat' dir='ltr'><strong>actionem,</strong></span> <span class='ocrx_word' id='word_1_556' title='bbox 2675 3166 2974 3222; x_wconf 86' lang='lat' dir='ltr'><strong>secundum</strong></span> <span class='ocrx_word' id='word_1_557' title='bbox 3007 3166 3138 3236; x_wconf 83' lang='lat' dir='ltr'><strong>quid</strong></span> <span class='ocrx_word' id='word_1_558' title='bbox 3166 3181 3509 3235; x_wconf 88' lang='lat' dir='ltr'><strong>consequens</strong></span> 
     </span>
    </p>
   </div>
   <div class='ocr_carea' id='block_1_79' title="bbox 1934 3257 3506 3328">
    <p class='ocr_par' dir='ltr' id='par_1_79' title="bbox 1934 3257 3506 3328">
     <span class='ocr_line' id='line_1_79' title="bbox 1934 3257 3506 3328; baseline -0.002 -13"><span class='ocrx_word' id='word_1_559' title='bbox 1934 3269 2037 3323; x_wconf 86' lang='lat' dir='ltr'><strong>est,</strong></span> <span class='ocrx_word' id='word_1_560' title='bbox 2070 3269 2124 3312; x_wconf 90' lang='lat' dir='ltr'><strong>at</strong></span> <span class='ocrx_word' id='word_1_561' title='bbox 2156 3276 2264 3314; x_wconf 91' lang='lat' dir='ltr'><strong>non</strong></span> <span class='ocrx_word' id='word_1_562' title='bbox 2306 3276 2373 3314; x_wconf 78' lang='lat' dir='ltr'><strong>ex</strong></span> <span class='ocrx_word' id='word_1_563' title='bbox 2407 3260 2652 3323; x_wconf 87' lang='lat' dir='ltr'><strong>materia,</strong></span> <span class='ocrx_word' id='word_1_564' title='bbox 2688 3258 2992 3312; x_wconf 86' lang='lat' dir='ltr'><strong>nominavit</strong></span> <span class='ocrx_word' id='word_1_565' title='bbox 3040 3257 3299 3328; x_wconf 81' lang='lat' dir='ltr'><strong>magister</strong></span> <span class='ocrx_word' id='word_1_566' title='bbox 3339 3258 3506 3312; x_wconf 88' lang='lat' dir='ltr'><strong>ratio-</strong></span> 
     </span>
    </p>
   </div>
   <div class='ocr_carea' id='block_1_80' title="bbox 1935 3348 3508 3420">
    <p class='ocr_par' dir='ltr' id='par_1_80' title="bbox 1935 3348 3508 3420">
     <span class='ocr_line' id='line_1_80' title="bbox 1935 3348 3508 3420; baseline -0.002 -14"><span class='ocrx_word' id='word_1_567' title='bbox 1935 3367 2060 3406; x_wconf 91' lang='lat' dir='ltr'><strong>nem</strong></span> <span class='ocrx_word' id='word_1_568' title='bbox 2092 3351 2295 3405; x_wconf 88' lang='lat' dir='ltr'><strong>nullam</strong></span> <span class='ocrx_word' id='word_1_569' title='bbox 2330 3349 2401 3420; x_wconf 85' lang='lat' dir='ltr'><strong>(v)</strong></span> <span class='ocrx_word' id='word_1_570' title='bbox 2437 3350 2726 3404; x_wconf 86' lang='lat' dir='ltr'><strong>habentem</strong></span> <span class='ocrx_word' id='word_1_571' title='bbox 2772 3349 3084 3418; x_wconf 88' lang='lat' dir='ltr'><strong>oppositum</strong></span> <span class='ocrx_word' id='word_1_572' title='bbox 3129 3348 3508 3404; x_wconf 87' lang='lat' dir='ltr'><strong>habitudinem</strong></span> 
     </span>
    </p>
   </div>
   <div class='ocr_carea' id='block_1_81' title="bbox 1934 3440 3506 3511">
    <p class='ocr_par' dir='ltr' id='par_1_81' title="bbox 1934 3440 3506 3511">
     <span class='ocr_line' id='line_1_81' title="bbox 1934 3440 3506 3511; baseline -0.001 -15"><span class='ocrx_word' id='word_1_573' title='bbox 1934 3443 2234 3511; x_wconf 72' lang='lat' dir='ltr'><strong>appellans.</strong></span> <span class='ocrx_word' id='word_1_574' title='bbox 2282 3441 2701 3496; x_wconf 84' lang='lat' dir='ltr'><strong>Rationabiliter</strong></span> <span class='ocrx_word' id='word_1_575' title='bbox 2745 3441 2890 3495; x_wconf 89' lang='lat' dir='ltr'><strong>enim</strong></span> <span class='ocrx_word' id='word_1_576' title='bbox 2925 3448 2981 3495; x_wconf 91' lang='lat' dir='ltr'><strong>et</strong></span> <span class='ocrx_word' id='word_1_577' title='bbox 3016 3440 3276 3505; x_wconf 89' lang='lat' dir='ltr'><strong>scienter,</strong></span> <span class='ocrx_word' id='word_1_578' title='bbox 3311 3449 3367 3496; x_wconf 87' lang='lat' dir='ltr'><strong>at</strong></span> <span class='ocrx_word' id='word_1_579' title='bbox 3396 3457 3506 3496; x_wconf 93' lang='lat' dir='ltr'><strong>non</strong></span> 
     </span>
    </p>
   </div>
   <div class='ocr_carea' id='block_1_82' title="bbox 1935 3531 3508 3603">
    <p class='ocr_par' dir='ltr' id='par_1_82' title="bbox 1935 3531 3508 3603">
     <span class='ocr_line' id='line_1_82' title="bbox 1935 3531 3508 3603; baseline 0.001 -16"><span class='ocrx_word' id='word_1_580' title='bbox 1935 3549 2032 3603; x_wconf 87' lang='lat' dir='ltr'><strong>per</strong></span> <span class='ocrx_word' id='word_1_581' title='bbox 2062 3532 2403 3587; x_wconf 84' lang='lat' dir='ltr'><strong>inimicitiam</strong></span> <span class='ocrx_word' id='word_1_582' title='bbox 2434 3541 2491 3587; x_wconf 90' lang='lat' dir='ltr'><strong>et</strong></span> <span class='ocrx_word' id='word_1_583' title='bbox 2515 3531 2924 3586; x_wconf 89' lang='lat' dir='ltr'><strong>contentionem</strong></span> <span class='ocrx_word' id='word_1_584' title='bbox 2975 3531 3142 3587; x_wconf 87' lang='lat' dir='ltr'><strong>instat</strong></span> <span class='ocrx_word' id='word_1_585' title='bbox 3182 3532 3330 3588; x_wconf 88' lang='lat' dir='ltr'><strong>veris</strong></span> <span class='ocrx_word' id='word_1_586' title='bbox 3378 3549 3508 3588; x_wconf 88' lang='lat' dir='ltr'><strong>con-</strong></span> 
     </span>
    </p>
   </div>
   <div class='ocr_carea' id='block_1_83' title="bbox 1935 3623 3507 3694">
    <p class='ocr_par' dir='ltr' id='par_1_83' title="bbox 1935 3623 3507 3694">
     <span class='ocr_line' id='line_1_83' title="bbox 1935 3623 3507 3694; baseline -0.001 -16"><span class='ocrx_word' id='word_1_587' title='bbox 1935 3625 2305 3693; x_wconf 89' lang='lat' dir='ltr'><strong>templativus.</strong></span> <span class='ocrx_word' id='word_1_588' title='bbox 2337 3632 2393 3678; x_wconf 91' lang='lat' dir='ltr'><strong>et</strong></span> <span class='ocrx_word' id='word_1_589' title='bbox 2419 3633 2616 3692; x_wconf 66' lang='lat' dir='ltr'><strong>praeter</strong></span> <span class='ocrx_word' id='word_1_590' title='bbox 2645 3624 2761 3693; x_wconf 89' lang='lat' dir='ltr'><strong>ipsa</strong></span> <span class='ocrx_word' id='word_1_591' title='bbox 2802 3623 2952 3678; x_wconf 91' lang='lat' dir='ltr'><strong>aliud</strong></span> <span class='ocrx_word' id='word_1_592' title='bbox 2997 3624 3127 3693; x_wconf 90' lang='lat' dir='ltr'><strong>quid</strong></span> <span class='ocrx_word' id='word_1_593' title='bbox 3165 3623 3354 3679; x_wconf 90' lang='lat' dir='ltr'><strong>videre</strong></span> <span class='ocrx_word' id='word_1_594' title='bbox 3382 3639 3507 3694; x_wconf 89' lang='lat' dir='ltr'><strong>pro-</strong></span> 
     </span>
    </p>
   </div>
   <div class='ocr_carea' id='block_1_84' title="bbox 1935 3713 3505 3786">
    <p class='ocr_par' dir='ltr' id='par_1_84' title="bbox 1935 3713 3505 3786">
     <span class='ocr_line' id='line_1_84' title="bbox 1935 3713 3505 3786; baseline 0 -17"><span class='ocrx_word' id='word_1_595' title='bbox 1935 3725 2054 3786; x_wconf 89' lang='lat' dir='ltr'><strong>pter</strong></span> <span class='ocrx_word' id='word_1_596' title='bbox 2081 3729 2273 3769; x_wconf 85' lang='lat' dir='ltr'><strong>corum</strong></span> <span class='ocrx_word' id='word_1_597' title='bbox 2301 3713 2720 3768; x_wconf 90' lang='lat' dir='ltr'><strong>delectationem</strong></span> <span class='ocrx_word' id='word_1_598' title='bbox 2748 3730 2857 3768; x_wconf 92' lang='lat' dir='ltr'><strong>non</strong></span> <span class='ocrx_word' id='word_1_599' title='bbox 2889 3715 3102 3784; x_wconf 90' lang='lat' dir='ltr'><strong>recipit.</strong></span> <span class='ocrx_word' id='word_1_600' title='bbox 3128 3713 3184 3769; x_wconf 91' lang='lat' dir='ltr'><strong>Si</strong></span> <span class='ocrx_word' id='word_1_601' title='bbox 3210 3729 3345 3769; x_wconf 76' lang='lat' dir='ltr'><strong>vero</strong></span> <span class='ocrx_word' id='word_1_602' title='bbox 3367 3729 3505 3784; x_wconf 90' lang='lat' dir='ltr'><strong>opus</strong></span> 
     </span>
    </p>
   </div>
   <div class='ocr_carea' id='block_1_85' title="bbox 1932 3805 3504 3877">
    <p class='ocr_par' dir='ltr' id='par_1_85' title="bbox 1932 3805 3504 3877">
     <span class='ocr_line' id='line_1_85' title="bbox 1932 3805 3504 3877; baseline 0.001 -17"><span class='ocrx_word' id='word_1_603' title='bbox 1932 3817 2017 3860; x_wconf 90' lang='lat' dir='ltr'><strong>est</strong></span> <span class='ocrx_word' id='word_1_604' title='bbox 2049 3815 2105 3861; x_wconf 89' lang='lat' dir='ltr'><strong>et</strong></span> <span class='ocrx_word' id='word_1_605' title='bbox 2129 3807 2289 3860; x_wconf 90' lang='lat' dir='ltr'><strong>aliter</strong></span> <span class='ocrx_word' id='word_1_606' title='bbox 2317 3806 2423 3860; x_wconf 88' lang='lat' dir='ltr'><strong>hoc</strong></span> <span class='ocrx_word' id='word_1_607' title='bbox 2450 3807 2692 3874; x_wconf 89' lang='lat' dir='ltr'><strong>apertius</strong></span> <span class='ocrx_word' id='word_1_608' title='bbox 2717 3805 2918 3870; x_wconf 80' lang='lat' dir='ltr'><strong>facere,</strong></span> <span class='ocrx_word' id='word_1_609' title='bbox 2951 3807 3149 3860; x_wconf 90' lang='lat' dir='ltr'><strong>iterum</strong></span> <span class='ocrx_word' id='word_1_610' title='bbox 3183 3806 3276 3877; x_wconf 90' lang='lat' dir='ltr'><strong>qui</strong></span> <span class='ocrx_word' id='word_1_611' title='bbox 3308 3822 3504 3861; x_wconf 91' lang='lat' dir='ltr'><strong>secun-</strong></span> 
     </span>
    </p>
   </div>
   <div class='ocr_carea' id='block_1_86' title="bbox 1933 3897 3499 3967">
    <p class='ocr_par' dir='ltr' id='par_1_86' title="bbox 1933 3897 3499 3967">
     <span class='ocr_line' id='line_1_86' title="bbox 1933 3897 3499 3967; baseline 0.002 -14"><span class='ocrx_word' id='word_1_612' title='bbox 1933 3899 2064 3953; x_wconf 90' lang='lat' dir='ltr'><strong>dum</strong></span> <span class='ocrx_word' id='word_1_613' title='bbox 2110 3899 2367 3952; x_wconf 87' lang='lat' dir='ltr'><strong>virtutem</strong></span> <span class='ocrx_word' id='word_1_614' title='bbox 2414 3897 2768 3967; x_wconf 81' lang='lat' dir='ltr'><strong>perfectionis</strong></span> <span class='ocrx_word' id='word_1_615' title='bbox 2796 3897 3066 3952; x_wconf 89' lang='lat' dir='ltr'><strong>rationem</strong></span> <span class='ocrx_word' id='word_1_616' title='bbox 3102 3905 3382 3963; x_wconf 79' lang='lat' dir='ltr'><strong>exercent,</strong></span> <span class='ocrx_word' id='word_1_617' title='bbox 3414 3898 3499 3956; x_wconf 81' lang='lat' dir='ltr'><strong>di-</strong></span> 
     </span>
    </p>
   </div>
   <div class='ocr_carea' id='block_1_87' title="bbox 1932 3986 3503 4056">
    <p class='ocr_par' dir='ltr' id='par_1_87' title="bbox 1932 3986 3503 4056">
     <span class='ocr_line' id='line_1_87' title="bbox 1932 3986 3503 4056; baseline 0.001 -14"><span class='ocrx_word' id='word_1_618' title='bbox 1932 3997 2064 4042; x_wconf 92' lang='lat' dir='ltr'><strong>cunt</strong></span> <span class='ocrx_word' id='word_1_619' title='bbox 2094 3987 2356 4056; x_wconf 90' lang='lat' dir='ltr'><strong>quosdam</strong></span> <span class='ocrx_word' id='word_1_620' title='bbox 2384 3986 2627 4040; x_wconf 90' lang='lat' dir='ltr'><strong>nondum</strong></span> <span class='ocrx_word' id='word_1_621' title='bbox 2657 3986 2725 4040; x_wconf 89' lang='lat' dir='ltr'><strong>ad</strong></span> <span class='ocrx_word' id='word_1_622' title='bbox 2766 3987 3047 4042; x_wconf 88' lang='lat' dir='ltr'><strong>materiam</strong></span> <span class='ocrx_word' id='word_1_623' title='bbox 3073 3987 3376 4043; x_wconf 87' lang='lat' dir='ltr'><strong>secundum</strong></span> <span class='ocrx_word' id='word_1_624' title='bbox 3407 3988 3503 4045; x_wconf 76' lang='lat' dir='ltr'><strong>lla-</strong></span> 
     </span>
    </p>
   </div>
   <div class='ocr_carea' id='block_1_88' title="bbox 1933 4077 3578 4147">
    <p class='ocr_par' dir='ltr' id='par_1_88' title="bbox 1933 4077 3578 4147">
     <span class='ocr_line' id='line_1_88' title="bbox 1933 4077 3578 4147; baseline 0.002 -15"><span class='ocrx_word' id='word_1_625' title='bbox 1933 4077 2104 4132; x_wconf 89' lang='lat' dir='ltr'><strong>bitum</strong></span> <span class='ocrx_word' id='word_1_626' title='bbox 2144 4077 2529 4131; x_wconf 89' lang='lat' dir='ltr'><strong>communione</strong></span> <span class='ocrx_word' id='word_1_627' title='bbox 2561 4085 2838 4146; x_wconf 79' lang='lat' dir='ltr'><strong>purgatos,</strong></span> <span class='ocrx_word' id='word_1_628' title='bbox 2880 4077 3022 4132; x_wconf 83' lang='lat' dir='ltr'><strong>circa</strong></span> <span class='ocrx_word' id='word_1_629' title='bbox 3069 4079 3313 4133; x_wconf 87' lang='lat' dir='ltr'><strong>actiones</strong></span> <span class='ocrx_word' id='word_1_630' title='bbox 3339 4079 3497 4147; x_wconf 86' lang='lat' dir='ltr'><strong>ellici,</strong></span> <span class='ocrx_word' id='word_1_631' title='bbox 3573 4081 3578 4111; x_wconf 72' lang='grc' dir='ltr'>ῖ</span> 
     </span>
    </p>
   </div>
   <div class='ocr_carea' id='block_1_89' title="bbox 1930 4170 3496 4240">
    <p class='ocr_par' dir='ltr' id='par_1_89' title="bbox 1930 4170 3496 4240">
     <span class='ocr_line' id='line_1_89' title="bbox 1930 4170 3496 4240; baseline -0.001 -14"><span class='ocrx_word' id='word_1_632' title='bbox 1930 4173 2058 4226; x_wconf 91' lang='lat' dir='ltr'><strong>dum</strong></span> <span class='ocrx_word' id='word_1_633' title='bbox 2085 4172 2159 4226; x_wconf 90' lang='lat' dir='ltr'><strong>sit</strong></span> <span class='ocrx_word' id='word_1_634' title='bbox 2186 4171 2346 4226; x_wconf 90' lang='lat' dir='ltr'><strong>mista</strong></span> <span class='ocrx_word' id='word_1_635' title='bbox 2376 4171 2556 4225; x_wconf 87' lang='lat' dir='ltr'><strong>adhuc</strong></span> <span class='ocrx_word' id='word_1_636' title='bbox 2577 4171 2658 4225; x_wconf 91' lang='lat' dir='ltr'><strong>eis</strong></span> <span class='ocrx_word' id='word_1_637' title='bbox 2679 4170 2824 4226; x_wconf 91' lang='lat' dir='ltr'><strong>circa</strong></span> <span class='ocrx_word' id='word_1_638' title='bbox 2843 4186 2907 4225; x_wconf 87' lang='lat' dir='ltr'><strong>ea</strong></span> <span class='ocrx_word' id='word_1_639' title='bbox 2927 4185 3048 4240; x_wconf 65' lang='lat' dir='ltr'><strong>qua:</strong></span> <span class='ocrx_word' id='word_1_640' title='bbox 3068 4170 3496 4240; x_wconf 87' lang='lat' dir='ltr'><strong>suntjudicatio,</strong></span> 
     </span>
    </p>
   </div>
   <div class='ocr_carea' id='block_1_90' title="bbox 1929 4261 3499 4324">
    <p class='ocr_par' dir='ltr' id='par_1_90' title="bbox 1929 4261 3499 4324">
     <span class='ocr_line' id='line_1_90' title="bbox 1929 4261 3499 4324; baseline 0.001 -8"><span class='ocrx_word' id='word_1_641' title='bbox 1929 4272 1984 4316; x_wconf 91' lang='lat' dir='ltr'><strong>et</strong></span> <span class='ocrx_word' id='word_1_642' title='bbox 2026 4271 2155 4316; x_wconf 90' lang='lat' dir='ltr'><strong>sunt</strong></span> <span class='ocrx_word' id='word_1_643' title='bbox 2200 4261 2614 4324; x_wconf 87' lang='lat' dir='ltr'><strong>conversibiles,</strong></span> <span class='ocrx_word' id='word_1_644' title='bbox 2655 4261 2900 4315; x_wconf 91' lang='lat' dir='ltr'><strong>nondum</strong></span> <span class='ocrx_word' id='word_1_645' title='bbox 2929 4263 3075 4316; x_wconf 88' lang='lat' dir='ltr'><strong>circa</strong></span> <span class='ocrx_word' id='word_1_646' title='bbox 3116 4261 3499 4317; x_wconf 87' lang='lat' dir='ltr'><strong>conversibilia</strong></span> 
     </span>
    </p>
   </div>
   <div class='ocr_carea' id='block_1_91' title="bbox 1929 4350 3499 4421">
    <p class='ocr_par' dir='ltr' id='par_1_91' title="bbox 1929 4350 3499 4421">
     <span class='ocr_line' id='line_1_91' title="bbox 1929 4350 3499 4421; baseline 0.003 -16"><span class='ocrx_word' id='word_1_647' title='bbox 1929 4353 2178 4406; x_wconf 86' lang='lat' dir='ltr'><strong>habitum</strong></span> <span class='ocrx_word' id='word_1_648' title='bbox 2224 4352 2578 4421; x_wconf 89' lang='lat' dir='ltr'><strong>deponentes.</strong></span> <span class='ocrx_word' id='word_1_649' title='bbox 2629 4350 2902 4418; x_wconf 86' lang='lat' dir='ltr'><strong>Quosdam</strong></span> <span class='ocrx_word' id='word_1_650' title='bbox 2955 4365 3083 4406; x_wconf 84' lang='lat' dir='ltr'><strong>vero</strong></span> <span class='ocrx_word' id='word_1_651' title='bbox 3133 4367 3232 4421; x_wconf 89' lang='lat' dir='ltr'><strong>per</strong></span> <span class='ocrx_word' id='word_1_652' title='bbox 3279 4352 3499 4410; x_wconf 83' lang='lat' dir='ltr'><strong>virtutis</strong></span> 
     </span>
    </p>
   </div>
   <div class='ocr_carea' id='block_1_92' title="bbox 1929 4443 3496 4514">
    <p class='ocr_par' dir='ltr' id='par_1_92' title="bbox 1929 4443 3496 4514">
     <span class='ocr_line' id='line_1_92' title="bbox 1929 4443 3496 4514; baseline 0.002 -17"><span class='ocrx_word' id='word_1_653' title='bbox 1929 4443 2298 4498; x_wconf 81' lang='lat' dir='ltr'><strong>summitatem</strong></span> <span class='ocrx_word' id='word_1_654' title='bbox 2315 4444 2428 4497; x_wconf 91' lang='lat' dir='ltr'><strong>Deo</strong></span> <span class='ocrx_word' id='word_1_655' title='bbox 2448 4443 2748 4498; x_wconf 90' lang='lat' dir='ltr'><strong>secundum</strong></span> <span class='ocrx_word' id='word_1_656' title='bbox 2769 4443 3015 4500; x_wconf 85' lang='lat' dir='ltr'><strong>habitum</strong></span> <span class='ocrx_word' id='word_1_657' title='bbox 3036 4444 3496 4514; x_wconf 78' lang='lat' dir='ltr'><strong>approximantes,</strong></span> 
     </span>
    </p>
   </div>
   <div class='ocr_carea' id='block_1_93' title="bbox 265 4523 1903 4607">
    <p class='ocr_par' dir='ltr' id='par_1_93' title="bbox 265 4523 1903 4607">
     <span class='ocr_line' id='line_1_93' title="bbox 265 4523 1903 4607; baseline 0.013 -34"><span class='ocrx_word' id='word_1_658' title='bbox 265 4523 541 4594; x_wconf 81' lang='grc' dir='ltr'>μακάριον</span> <span class='ocrx_word' id='word_1_659' title='bbox 581 4531 1013 4601; x_wconf 84' lang='grc' dir='ltr'>καρπουμένους,</span> <span class='ocrx_word' id='word_1_660' title='bbox 1043 4533 1179 4603; x_wconf 71' lang='grc' dir='ltr'>πρὸς</span> <span class='ocrx_word' id='word_1_661' title='bbox 1202 4535 1428 4598; x_wconf 78' lang='grc' dir='ltr'>ἑαυτοὺς</span> <span class='ocrx_word' id='word_1_662' title='bbox 1450 4537 1610 4607; x_wconf 87' lang='grc' dir='ltr'>μόνον</span> <span class='ocrx_word' id='word_1_663' title='bbox 1626 4538 1830 4591; x_wconf 77' lang='grc' dir='ltr'>καὶτὸν</span> <span class='ocrx_word' id='word_1_664' title='bbox 1864 4545 1903 4600; x_wconf 84' lang='grc' dir='ltr'><strong>Ι)</strong></span> 
     </span>
    </p>
   </div>
   <div class='ocr_carea' id='block_1_94' title="bbox 1914 4523 3498 4607">
    <p class='ocr_par' dir='ltr' id='par_1_94' title="bbox 1933 4535 3498 4606">
     <span class='ocr_line' id='line_1_94' title="bbox 1933 4535 3498 4606; baseline -0.001 -14"><span class='ocrx_word' id='word_1_665' title='bbox 1933 4544 1987 4592; x_wconf 90' lang='lat' dir='ltr'><strong>et</strong></span> <span class='ocrx_word' id='word_1_666' title='bbox 2007 4536 2182 4606; x_wconf 89' lang='lat' dir='ltr'><strong>ipsius</strong></span> <span class='ocrx_word' id='word_1_667' title='bbox 2200 4537 2501 4592; x_wconf 86' lang='lat' dir='ltr'><strong>secundum</strong></span> <span class='ocrx_word' id='word_1_668' title='bbox 2526 4536 2937 4606; x_wconf 84' lang='lat' dir='ltr'><strong>intelligentiam</strong></span> <span class='ocrx_word' id='word_1_669' title='bbox 2954 4535 3294 4591; x_wconf 88' lang='lat' dir='ltr'><strong>beatitudine</strong></span> <span class='ocrx_word' id='word_1_670' title='bbox 3315 4535 3498 4596; x_wconf 79' lang='lat' dir='ltr'><strong>fruen-</strong></span> 
     </span>
    </p>
   </div>
   <div class='ocr_carea' id='block_1_95' title="bbox 260 4614 1828 4699">
    <p class='ocr_par' dir='ltr' id='par_1_95' title="bbox 260 4614 1828 4699">
     <span class='ocr_line' id='line_1_95' title="bbox 260 4614 1828 4699; baseline 0.011 -33"><span class='ocrx_word' id='word_1_671' title='bbox 260 4614 400 4667; x_wconf 78' lang='grc' dir='ltr'>Θεὸν</span> <span class='ocrx_word' id='word_1_672' title='bbox 450 4617 860 4689; x_wconf 77' lang='grc' dir='ltr'>ἐστραμμένους</span> <span class='ocrx_word' id='word_1_673' title='bbox 896 4621 973 4692; x_wconf 86' lang='grc' dir='ltr'><strong>τῷ</strong></span> <span class='ocrx_word' id='word_1_674' title='bbox 1005 4623 1165 4693; x_wconf 77' lang='grc' dir='ltr'>ῥῆξαι</span> <span class='ocrx_word' id='word_1_675' title='bbox 1208 4625 1446 4696; x_wconf 87' lang='grc' dir='ltr'>γνησίως</span> <span class='ocrx_word' id='word_1_676' title='bbox 1490 4629 1588 4698; x_wconf 82' lang='grc' dir='ltr'>τῆς</span> <span class='ocrx_word' id='word_1_677' title='bbox 1637 4629 1828 4699; x_wconf 80' lang='grc' dir='ltr'>ὑλικῆς</span> 
     </span>
    </p>
   </div>
   <div class='ocr_carea' id='block_1_96' title="bbox 263 4707 1821 4788">
    <p class='ocr_par' dir='ltr' id='par_1_96' title="bbox 263 4707 1821 4788">
     <span class='ocr_line' id='line_1_96' title="bbox 263 4707 1821 4788; baseline 0.01 -31"><span class='ocrx_word' id='word_1_678' title='bbox 263 4707 506 4775; x_wconf 86' lang='grc' dir='ltr'>σχέσεως</span> <span class='ocrx_word' id='word_1_679' title='bbox 537 4711 602 4763; x_wconf 74' lang='grc' dir='ltr'><strong>τὰ</strong></span> <span class='ocrx_word' id='word_1_680' title='bbox 625 4711 800 4782; x_wconf 87' lang='grc' dir='ltr'>δεσμά</span> <span class='ocrx_word' id='word_1_681' title='bbox 826 4713 933 4766; x_wconf 88' lang='grc' dir='ltr'><strong>τῶν</strong></span> <span class='ocrx_word' id='word_1_682' title='bbox 965 4714 1064 4784; x_wconf 86' lang='grc' dir='ltr'>μὲν</span> <span class='ocrx_word' id='word_1_683' title='bbox 1091 4716 1414 4786; x_wconf 87' lang='grc' dir='ltr'>πρακτικῶν</span> <span class='ocrx_word' id='word_1_684' title='bbox 1435 4718 1532 4771; x_wconf 62' lang='grc' dir='ltr'><strong>καὶ⁹</strong></span> <span class='ocrx_word' id='word_1_685' title='bbox 1558 4719 1658 4788; x_wconf 84' lang='grc' dir='ltr'>τῆς</span> <span class='ocrx_word' id='word_1_686' title='bbox 1689 4719 1821 4788; x_wconf 78' lang='grc' dir='ltr'>ὕλης</span> 
     </span>
    </p>
   </div>
   <div class='ocr_carea' id='block_1_97' title="bbox 258 4798 1826 4878">
    <p class='ocr_par' dir='ltr' id='par_1_97' title="bbox 258 4798 1826 4878">
     <span class='ocr_line' id='line_1_97' title="bbox 258 4798 1826 4878; baseline 0.008 -31"><span class='ocrx_word' id='word_1_687' title='bbox 258 4798 545 4862; x_wconf 79' lang='grc' dir='ltr'>παντελῶς</span> <span class='ocrx_word' id='word_1_688' title='bbox 573 4801 990 4874; x_wconf 73' lang='grc' dir='ltr'>ἠλλοτριῶσθαι,</span> <span class='ocrx_word' id='word_1_689' title='bbox 1021 4809 1088 4876; x_wconf 77' lang='grc' dir='ltr'>τῇ</span> <span class='ocrx_word' id='word_1_690' title='bbox 1116 4806 1174 4860; x_wconf 81' lang='grc' dir='ltr'><strong>δὲ</strong></span> <span class='ocrx_word' id='word_1_691' title='bbox 1203 4807 1409 4878; x_wconf 75' lang='grc' dir='ltr'>θεωρία</span> <span class='ocrx_word' id='word_1_692' title='bbox 1447 4808 1544 4862; x_wconf 75' lang='grc' dir='ltr'>καὶ</span> <span class='ocrx_word' id='word_1_693' title='bbox 1589 4808 1668 4878; x_wconf 85' lang='grc' dir='ltr'>τῷ</span> <span class='ocrx_word' id='word_1_694' title='bbox 1705 4808 1826 4878; x_wconf 83' lang='grc' dir='ltr'><strong>Θεῴ</strong></span> 
     </span>
    </p>
   </div>
   <div class='ocr_carea' id='block_1_98' title="bbox 258 4890 1823 4967">
    <p class='ocr_par' dir='ltr' id='par_1_98' title="bbox 258 4890 1823 4967">
     <span class='ocr_line' id='line_1_98' title="bbox 258 4890 1823 4967; baseline 0.008 -30"><span class='ocrx_word' id='word_1_695' title='bbox 258 4890 734 4957; x_wconf 75' lang='grc' dir='ltr'>προσῳκειῶσθαι.</span> <span class='ocrx_word' id='word_1_696' title='bbox 767 4894 879 4958; x_wconf 83' lang='grc' dir='ltr'>Διὸ,</span> <span class='ocrx_word' id='word_1_697' title='bbox 918 4897 1073 4964; x_wconf 78' lang='grc' dir='ltr'>φασὶ,</span> <span class='ocrx_word' id='word_1_698' title='bbox 1101 4898 1196 4950; x_wconf 76' lang='grc' dir='ltr'>καὶ</span> <span class='ocrx_word' id='word_1_699' title='bbox 1247 4897 1505 4965; x_wconf 86' lang='grc' dir='ltr'>μένουσιν</span> <span class='ocrx_word' id='word_1_700' title='bbox 1539 4898 1823 4967; x_wconf 75' lang='grc' dir='ltr'>ἄτρεπτοι,</span> 
     </span>
    </p>
   </div>
   <div class='ocr_carea' id='block_1_99' title="bbox 263 4977 1823 5058">
    <p class='ocr_par' dir='ltr' id='par_1_99' title="bbox 263 4977 1823 5058">
     <span class='ocr_line' id='line_1_99' title="bbox 263 4977 1823 5058; baseline 0.011 -30"><span class='ocrx_word' id='word_1_701' title='bbox 263 4977 340 5048; x_wconf 88' lang='grc' dir='ltr'><strong>μὴ</strong></span> <span class='ocrx_word' id='word_1_702' title='bbox 368 4978 579 5049; x_wconf 75' lang='grc' dir='ltr'>ἔχοντες</span> <span class='ocrx_word' id='word_1_703' title='bbox 603 4982 682 5035; x_wconf 69' lang='grc' dir='ltr'>ἔτι</span> <span class='ocrx_word' id='word_1_704' title='bbox 711 4986 810 5052; x_wconf 76' lang='grc' dir='ltr'>τὴν</span> <span class='ocrx_word' id='word_1_705' title='bbox 839 4986 971 5054; x_wconf 74' lang='grc' dir='ltr'>πρὸς</span> <span class='ocrx_word' id='word_1_706' title='bbox 991 4987 1089 5055; x_wconf 85' lang='grc' dir='ltr'><strong>τὴν</strong></span> <span class='ocrx_word' id='word_1_707' title='bbox 1110 4987 1240 5058; x_wconf 78' lang='grc' dir='ltr'>ὓλην</span> <span class='ocrx_word' id='word_1_708' title='bbox 1266 4989 1470 5057; x_wconf 87' lang='grc' dir='ltr'>σχέσιν,</span> <span class='ocrx_word' id='word_1_709' title='bbox 1508 4987 1630 5041; x_wconf 81' lang='grc' dir='ltr'>καθ’</span> <span class='ocrx_word' id='word_1_710' title='bbox 1656 4990 1724 5058; x_wconf 75' lang='grc' dir='ltr'>ἢν</span> <span class='ocrx_word' id='word_1_711' title='bbox 1757 4989 1823 5056; x_wconf 76' lang='grc' dir='ltr'><strong>τῇ</strong></span> 
     </span>
    </p>
   </div>
   <div class='ocr_carea' id='block_1_100' title="bbox 261 5067 1824 5149">
    <p class='ocr_par' dir='ltr' id='par_1_100' title="bbox 261 5067 1824 5149">
     <span class='ocr_line' id='line_1_100' title="bbox 261 5067 1824 5149; baseline 0.004 -26"><span class='ocrx_word' id='word_1_712' title='bbox 261 5067 365 5137; x_wconf 79' lang='grc' dir='ltr'><strong>ὕλῃ</strong></span> <span class='ocrx_word' id='word_1_713' title='bbox 397 5073 642 5136; x_wconf 78' lang='grc' dir='ltr'>φυσικῶς</span> <span class='ocrx_word' id='word_1_714' title='bbox 674 5075 1030 5149; x_wconf 83' lang='grc' dir='ltr'>ἀλλοιουμένῃ</span> <span class='ocrx_word' id='word_1_715' title='bbox 1065 5079 1214 5149; x_wconf 87' lang='grc' dir='ltr'><strong>παρά</strong></span> <span class='ocrx_word' id='word_1_716' title='bbox 1230 5079 1390 5147; x_wconf 77' lang='grc' dir='ltr'>φύσιν</span> <span class='ocrx_word' id='word_1_717' title='bbox 1424 5078 1824 5145; x_wconf 78' lang='grc' dir='ltr'>συνεξαλλοιοῦ-</span> 
     </span>
    </p>
   </div>
   <div class='ocr_carea' id='block_1_101' title="bbox 262 5154 1826 5239">
    <p class='ocr_par' dir='ltr' id='par_1_101' title="bbox 262 5154 1826 5239">
     <span class='ocr_line' id='line_1_101' title="bbox 262 5154 1826 5239; baseline 0.008 -34"><span class='ocrx_word' id='word_1_718' title='bbox 262 5154 448 5208; x_wconf 85' lang='grc' dir='ltr'>σθαι⁸⁶</span> <span class='ocrx_word' id='word_1_719' title='bbox 478 5157 539 5222; x_wconf 75' lang='grc' dir='ltr'><strong>ἐξ</strong></span> <span class='ocrx_word' id='word_1_720' title='bbox 557 5160 806 5232; x_wconf 76' lang='grc' dir='ltr'>ἀνάγκης</span> <span class='ocrx_word' id='word_1_721' title='bbox 827 5165 1073 5233; x_wconf 73' lang='grc' dir='ltr'>πέφυκεν</span> <span class='ocrx_word' id='word_1_722' title='bbox 1089 5167 1117 5218; x_wconf 86' lang='grc' dir='ltr'><strong>ό</strong></span> <span class='ocrx_word' id='word_1_723' title='bbox 1137 5170 1203 5236; x_wconf 83' lang='grc' dir='ltr'>τῇ</span> <span class='ocrx_word' id='word_1_724' title='bbox 1228 5167 1329 5239; x_wconf 75' lang='grc' dir='ltr'><strong>ὕλῃ</strong></span> <span class='ocrx_word' id='word_1_725' title='bbox 1352 5169 1493 5221; x_wconf 82' lang='grc' dir='ltr'><strong>κατά</strong></span> <span class='ocrx_word' id='word_1_726' title='bbox 1508 5168 1606 5238; x_wconf 81' lang='grc' dir='ltr'>τὴν</span> <span class='ocrx_word' id='word_1_727' title='bbox 1641 5167 1826 5236; x_wconf 88' lang='grc' dir='ltr'>σχέσιν</span> 
     </span>
    </p>
   </div>
   <div class='ocr_carea' id='block_1_102' title="bbox 259 5251 1824 5328">
    <p class='ocr_par' dir='ltr' id='par_1_102' title="bbox 259 5251 1824 5328">
     <span class='ocr_line' id='line_1_102' title="bbox 259 5251 1824 5328; baseline 0.007 -28"><span class='ocrx_word' id='word_1_728' title='bbox 259 5251 692 5322; x_wconf 82' lang='grc' dir='ltr'>κεκρατημένος,</span> <span class='ocrx_word' id='word_1_729' title='bbox 716 5257 809 5309; x_wconf 72' lang='grc' dir='ltr'><strong>καὶ</strong></span> <span class='ocrx_word' id='word_1_730' title='bbox 842 5258 1106 5328; x_wconf 84' lang='grc' dir='ltr'>μεγίστης</span> <span class='ocrx_word' id='word_1_731' title='bbox 1129 5259 1286 5322; x_wconf 75' lang='grc' dir='ltr'>εἰδὼς</span> <span class='ocrx_word' id='word_1_732' title='bbox 1317 5261 1525 5314; x_wconf 80' lang='grc' dir='ltr'>δεῖσθαι</span> <span class='ocrx_word' id='word_1_733' title='bbox 1543 5259 1824 5328; x_wconf 82' lang='grc' dir='ltr'>δυνάμεως</span> 
     </span>
    </p>
   </div>
   <div class='ocr_carea' id='block_1_103' title="bbox 1928 4627 3496 4696">
    <p class='ocr_par' dir='ltr' id='par_1_103' title="bbox 1928 4627 3496 4696">
     <span class='ocr_line' id='line_1_103' title="bbox 1928 4627 3496 4696; baseline 0 -14"><span class='ocrx_word' id='word_1_734' title='bbox 1928 4639 2030 4690; x_wconf 84' lang='lat' dir='ltr'><strong>tes,</strong></span> <span class='ocrx_word' id='word_1_735' title='bbox 2080 4627 2148 4683; x_wconf 92' lang='lat' dir='ltr'><strong>ad</strong></span> <span class='ocrx_word' id='word_1_736' title='bbox 2191 4643 2248 4683; x_wconf 85' lang='lat' dir='ltr'><strong>se</strong></span> <span class='ocrx_word' id='word_1_737' title='bbox 2298 4628 2446 4696; x_wconf 87' lang='lat' dir='ltr'><strong>ipsos</strong></span> <span class='ocrx_word' id='word_1_738' title='bbox 2487 4627 2831 4682; x_wconf 90' lang='lat' dir='ltr'><strong>solummodo</strong></span> <span class='ocrx_word' id='word_1_739' title='bbox 2869 4634 2923 4680; x_wconf 86' lang='lat' dir='ltr'><strong>et</strong></span> <span class='ocrx_word' id='word_1_740' title='bbox 2965 4627 3135 4681; x_wconf 88' lang='lat' dir='ltr'><strong>Deum</strong></span> <span class='ocrx_word' id='word_1_741' title='bbox 3181 4642 3496 4693; x_wconf 88' lang='lat' dir='ltr'><strong>conversos,</strong></span> 
     </span>
    </p>
   </div>
   <div class='ocr_carea' id='block_1_104' title="bbox 1925 4717 3494 4788">
    <p class='ocr_par' dir='ltr' id='par_1_104' title="bbox 1925 4717 3494 4788">
     <span class='ocr_line' id='line_1_104' title="bbox 1925 4717 3494 4788; baseline 0.002 -17"><span class='ocrx_word' id='word_1_742' title='bbox 1925 4717 2228 4788; x_wconf 89' lang='lat' dir='ltr'><strong>rumpendo</strong></span> <span class='ocrx_word' id='word_1_743' title='bbox 2261 4719 2476 4773; x_wconf 90' lang='lat' dir='ltr'><strong>sincere</strong></span> <span class='ocrx_word' id='word_1_744' title='bbox 2529 4717 3208 4775; x_wconf 63' lang='lat' dir='ltr'><strong>materialisMbitudinis</strong></span> <span class='ocrx_word' id='word_1_745' title='bbox 3256 4720 3494 4784; x_wconf 91' lang='lat' dir='ltr'><strong>vincula,</strong></span> 
     </span>
    </p>
   </div>
   <div class='ocr_carea' id='block_1_105' title="bbox 1924 4808 3496 4878">
    <p class='ocr_par' dir='ltr' id='par_1_105' title="bbox 1924 4808 3496 4878">
     <span class='ocr_line' id='line_1_105' title="bbox 1924 4808 3496 4878; baseline 0.002 -15"><span class='ocrx_word' id='word_1_746' title='bbox 1924 4809 2230 4863; x_wconf 86' lang='lat' dir='ltr'><strong>actionibus</strong></span> <span class='ocrx_word' id='word_1_747' title='bbox 2268 4808 2488 4878; x_wconf 90' lang='lat' dir='ltr'><strong>quidem</strong></span> <span class='ocrx_word' id='word_1_748' title='bbox 2537 4825 2566 4863; x_wconf 93' lang='lat' dir='ltr'><strong>a</strong></span> <span class='ocrx_word' id='word_1_749' title='bbox 2612 4809 2840 4864; x_wconf 90' lang='lat' dir='ltr'><strong>materia</strong></span> <span class='ocrx_word' id='word_1_750' title='bbox 2885 4808 3123 4878; x_wconf 81' lang='lat' dir='ltr'><strong>perfecte</strong></span> <span class='ocrx_word' id='word_1_751' title='bbox 3164 4810 3496 4877; x_wconf 90' lang='lat' dir='ltr'><strong>alienantur,</strong></span> 
     </span>
    </p>
   </div>
   <div class='ocr_carea' id='block_1_106' title="bbox 1924 4897 3499 4967">
    <p class='ocr_par' dir='ltr' id='par_1_106' title="bbox 1924 4897 3499 4967">
     <span class='ocr_line' id='line_1_106' title="bbox 1924 4897 3499 4967; baseline 0.003 -14"><span class='ocrx_word' id='word_1_752' title='bbox 1924 4898 2383 4967; x_wconf 88' lang='lat' dir='ltr'><strong>contemplatione</strong></span> <span class='ocrx_word' id='word_1_753' title='bbox 2425 4914 2554 4954; x_wconf 83' lang='lat' dir='ltr'><strong>vero</strong></span> <span class='ocrx_word' id='word_1_754' title='bbox 2587 4908 2642 4953; x_wconf 93' lang='lat' dir='ltr'><strong>et</strong></span> <span class='ocrx_word' id='word_1_755' title='bbox 2676 4900 2786 4954; x_wconf 90' lang='lat' dir='ltr'><strong>Deo</strong></span> <span class='ocrx_word' id='word_1_756' title='bbox 2819 4897 3117 4954; x_wconf 82' lang='lat' dir='ltr'><strong>familiares</strong></span> <span class='ocrx_word' id='word_1_757' title='bbox 3164 4901 3322 4955; x_wconf 83' lang='lat' dir='ltr'><strong>ﬁunt.</strong></span> <span class='ocrx_word' id='word_1_758' title='bbox 3368 4903 3499 4958; x_wconf 86' lang='lat' dir='ltr'><strong>Pro-</strong></span> 
     </span>
    </p>
   </div>
   <div class='ocr_carea' id='block_1_107' title="bbox 1928 4987 3497 5056">
    <p class='ocr_par' dir='ltr' id='par_1_107' title="bbox 1928 4987 3497 5056">
     <span class='ocr_line' id='line_1_107' title="bbox 1928 4987 3497 5056; baseline 0.005 -16"><span class='ocrx_word' id='word_1_759' title='bbox 1928 4997 2134 5056; x_wconf 88' lang='lat' dir='ltr'><strong>pterea,</strong></span> <span class='ocrx_word' id='word_1_760' title='bbox 2165 4987 2441 5056; x_wconf 89' lang='lat' dir='ltr'><strong>inquiunt,</strong></span> <span class='ocrx_word' id='word_1_761' title='bbox 2478 5001 2702 5044; x_wconf 86' lang='lat' dir='ltr'><strong>manent</strong></span> <span class='ocrx_word' id='word_1_762' title='bbox 2743 4990 3211 5055; x_wconf 83' lang='lat' dir='ltr'><strong>inconversibiles,</strong></span> <span class='ocrx_word' id='word_1_763' title='bbox 3244 5007 3354 5047; x_wconf 91' lang='lat' dir='ltr'><strong>non</strong></span> <span class='ocrx_word' id='word_1_764' title='bbox 3401 4992 3497 5048; x_wconf 86' lang='lat' dir='ltr'><strong>ha-</strong></span> 
     </span>
    </p>
   </div>
   <div class='ocr_carea' id='block_1_108' title="bbox 1930 5078 3494 5152">
    <p class='ocr_par' dir='ltr' id='par_1_108' title="bbox 1930 5078 3494 5152">
     <span class='ocr_line' id='line_1_108' title="bbox 1930 5078 3494 5152; baseline 0.003 -20"><span class='ocrx_word' id='word_1_765' title='bbox 1930 5079 2121 5133; x_wconf 89' lang='lat' dir='ltr'><strong>bentes</strong></span> <span class='ocrx_word' id='word_1_766' title='bbox 2151 5078 2330 5133; x_wconf 88' lang='lat' dir='ltr'><strong>adhuc</strong></span> <span class='ocrx_word' id='word_1_767' title='bbox 2362 5080 2427 5133; x_wconf 89' lang='lat' dir='ltr'><strong>ad</strong></span> <span class='ocrx_word' id='word_1_768' title='bbox 2469 5079 2748 5134; x_wconf 89' lang='lat' dir='ltr'><strong>materiam</strong></span> <span class='ocrx_word' id='word_1_769' title='bbox 2781 5080 3177 5146; x_wconf 87' lang='lat' dir='ltr'><strong>habitudinem,</strong></span> <span class='ocrx_word' id='word_1_770' title='bbox 3209 5097 3306 5152; x_wconf 88' lang='lat' dir='ltr'><strong>per</strong></span> <span class='ocrx_word' id='word_1_771' title='bbox 3333 5085 3494 5152; x_wconf 88' lang='lat' dir='ltr'><strong>quam</strong></span> 
     </span>
    </p>
   </div>
   <div class='ocr_carea' id='block_1_109' title="bbox 1928 5168 3495 5233">
    <p class='ocr_par' dir='ltr' id='par_1_109' title="bbox 1928 5168 3495 5233">
     <span class='ocr_line' id='line_1_109' title="bbox 1928 5168 3495 5233; baseline 0.008 -13"><span class='ocrx_word' id='word_1_772' title='bbox 1928 5181 2051 5221; x_wconf 90' lang='lat' dir='ltr'><strong>cum</strong></span> <span class='ocrx_word' id='word_1_773' title='bbox 2103 5168 2331 5223; x_wconf 87' lang='lat' dir='ltr'><strong>materia</strong></span> <span class='ocrx_word' id='word_1_774' title='bbox 2385 5171 2709 5225; x_wconf 88' lang='lat' dir='ltr'><strong>naturaliter</strong></span> <span class='ocrx_word' id='word_1_775' title='bbox 2759 5171 2947 5226; x_wconf 89' lang='lat' dir='ltr'><strong>mobili</strong></span> <span class='ocrx_word' id='word_1_776' title='bbox 2999 5183 3189 5229; x_wconf 88' lang='lat' dir='ltr'><strong>contra</strong></span> <span class='ocrx_word' id='word_1_777' title='bbox 3245 5182 3495 5233; x_wconf 83' lang='lat' dir='ltr'><strong>naturam</strong></span> 
     </span>
    </p>
   </div>
   <div class='ocr_carea' id='block_1_110' title="bbox 1931 5259 3495 5334">
    <p class='ocr_par' dir='ltr' id='par_1_110' title="bbox 1931 5259 3495 5334">
     <span class='ocr_line' id='line_1_110' title="bbox 1931 5259 3495 5334; baseline 0.006 -24"><span class='ocrx_word' id='word_1_778' title='bbox 1931 5259 2260 5312; x_wconf 88' lang='lat' dir='ltr'><strong>commoveri</strong></span> <span class='ocrx_word' id='word_1_779' title='bbox 2309 5276 2375 5314; x_wconf 82' lang='lat' dir='ltr'><strong>ex</strong></span> <span class='ocrx_word' id='word_1_780' title='bbox 2425 5261 2747 5316; x_wconf 86' lang='lat' dir='ltr'><strong>necessitate</strong></span> <span class='ocrx_word' id='word_1_781' title='bbox 2792 5264 3076 5318; x_wconf 88' lang='lat' dir='ltr'><strong>consuevit</strong></span> <span class='ocrx_word' id='word_1_782' title='bbox 3116 5265 3211 5334; x_wconf 89' lang='lat' dir='ltr'><strong>qui</strong></span> <span class='ocrx_word' id='word_1_783' title='bbox 3255 5265 3495 5321; x_wconf 81' lang='lat' dir='ltr'><strong>materia:</strong></span> 
     </span>
    </p>
   </div>
   <div class='ocr_carea' id='block_1_111' title="bbox 1539 5395 2200 5451">
    <p class='ocr_par' dir='ltr' id='par_1_111' title="bbox 1539 5395 2200 5451">
     <span class='ocr_line' id='line_1_111' title="bbox 1539 5395 2200 5451; baseline -0.008 0"><span class='ocrx_word' id='word_1_784' title='bbox 1539 5395 1769 5451; x_wconf 62' lang='lat' dir='ltr'><strong>VARIIE</strong></span> <span class='ocrx_word' id='word_1_785' title='bbox 1803 5395 2200 5451; x_wconf 83' lang='lat' dir='ltr'><strong>LECTIONES.</strong></span> 
     </span>
    </p>
   </div>
   <div class='ocr_carea' id='block_1_112' title="bbox 331 5498 2480 5575">
    <p class='ocr_par' dir='ltr' id='par_1_112' title="bbox 331 5498 2480 5575">
     <span class='ocr_line' id='line_1_112' title="bbox 331 5498 2480 5575; baseline 0.004 -24"><span class='ocrx_word' id='word_1_786' title='bbox 331 5498 403 5575; x_wconf 82' lang='lat'><strong>&quot;_</strong></span> <span class='ocrx_word' id='word_1_787' title='bbox 434 5499 566 5575; x_wconf 60' lang='grc' dir='ltr'>ἰξίαν</span> <span class='ocrx_word' id='word_1_788' title='bbox 603 5500 834 5575; x_wconf 75' lang='lat' dir='ltr'><strong>ed._G_al.</strong></span> <span class='ocrx_word' id='word_1_789' title='bbox 886 5505 931 5536; x_wconf 81' lang='grc'><strong>⁵³</strong></span> <span class='ocrx_word' id='word_1_790' title='bbox 955 5504 1272 5575; x_wconf 75' lang='grc' dir='ltr'>ὁμοκάρδιος</span> <span class='ocrx_word' id='word_1_791' title='bbox 1301 5507 1423 5560; x_wconf 77' lang='lat' dir='ltr'><strong>cod.</strong></span> <span class='ocrx_word' id='word_1_792' title='bbox 1452 5505 1593 5561; x_wconf 80' lang='lat' dir='ltr'><strong>Gud.</strong></span> <span class='ocrx_word' id='word_1_793' title='bbox 1658 5505 1700 5537; x_wconf 74' lang='grc' dir='ltr'><strong>⁸ἰ</strong></span> <span class='ocrx_word' id='word_1_794' title='bbox 1731 5505 1824 5559; x_wconf 72' lang='grc' dir='ltr'><strong>καὶ</strong></span> <span class='ocrx_word' id='word_1_795' title='bbox 1860 5505 2034 5566; x_wconf 80' lang='grc' dir='ltr'>ἄλλως</span> <span class='ocrx_word' id='word_1_796' title='bbox 2071 5521 2179 5559; x_wconf 91' lang='lat' dir='ltr'><strong>om.</strong></span> <span class='ocrx_word' id='word_1_797' title='bbox 2240 5506 2326 5559; x_wconf 86' lang='lat' dir='ltr'><strong>ed.</strong></span> <span class='ocrx_word' id='word_1_798' title='bbox 2366 5506 2480 5560; x_wconf 71' lang='lat' dir='ltr'><strong>Gal.</strong></span> 
     </span>
    </p>
   </div>
   <div class='ocr_carea' id='block_1_113' title="bbox 257 5566 795 5626">
    <p class='ocr_par' dir='ltr' id='par_1_113' title="bbox 257 5566 795 5626">
     <span class='ocr_line' id='line_1_113' title="bbox 257 5566 795 5626; baseline 0.009 -7"><span class='ocrx_word' id='word_1_799' title='bbox 257 5566 536 5622; x_wconf 82' lang='grc' dir='ltr'>λοιοῦσθαι</span> <span class='ocrx_word' id='word_1_800' title='bbox 556 5570 643 5624; x_wconf 87' lang='lat' dir='ltr'><strong>ed.</strong></span> <span class='ocrx_word' id='word_1_801' title='bbox 678 5572 795 5626; x_wconf 82' lang='lat' dir='ltr'><strong>Gal.</strong></span> 
     </span>
    </p>
   </div>
   <div class='ocr_carea' id='block_1_114' title="bbox 2578 5505 3498 5574">
    <p class='ocr_par' dir='ltr' id='par_1_114' title="bbox 2578 5505 3498 5574">
     <span class='ocr_line' id='line_1_114' title="bbox 2578 5505 3498 5574; baseline 0.007 -17"><span class='ocrx_word' id='word_1_802' title='bbox 2578 5509 2620 5538; x_wconf 63' lang='grc'><strong>⁸⁸</strong></span> <span class='ocrx_word' id='word_1_803' title='bbox 2663 5507 2734 5574; x_wconf 72' lang='grc' dir='ltr'>τῲ</span> <span class='ocrx_word' id='word_1_804' title='bbox 2773 5521 2880 5561; x_wconf 83' lang='grc' dir='ltr'>οιιι.</span> <span class='ocrx_word' id='word_1_805' title='bbox 2920 5506 3008 5562; x_wconf 82' lang='lat' dir='ltr'><strong>ed.</strong></span> <span class='ocrx_word' id='word_1_806' title='bbox 3051 5505 3165 5563; x_wconf 84' lang='lat' dir='ltr'><strong>Gal.</strong></span> <span class='ocrx_word' id='word_1_807' title='bbox 3238 5509 3498 5565; x_wconf 74' lang='grc' dir='ltr'>δσσυναλ.</span> 
     </span>
    </p>
   </div>
   <div class='ocr_carea' id='block_1_115' title="bbox 1784 5666 2010 5725">
    <p class='ocr_par' dir='ltr' id='par_1_115' title="bbox 1784 5666 2010 5725">
     <span class='ocr_line' id='line_1_115' title="bbox 1784 5666 2010 5725; baseline 0.022 -5"><span class='ocrx_word' id='word_1_808' title='bbox 1784 5668 1819 5720; x_wconf 63' lang='grc' dir='ltr'><strong>Ν</strong></span> <span class='ocrx_word' id='word_1_809' title='bbox 1830 5672 1869 5724; x_wconf 77' lang='grc'>0</span> <span class='ocrx_word' id='word_1_810' title='bbox 1877 5668 1916 5721; x_wconf 82' lang='grc' dir='ltr'><strong>Ἰ’</strong></span> <span class='ocrx_word' id='word_1_811' title='bbox 1925 5666 1984 5721; x_wconf 56' lang='grc' dir='ltr'><strong>είιοῖ</strong></span> <span class='ocrx_word' id='word_1_812' title='bbox 1997 5712 2010 5725; x_wconf 94' lang='grc'><strong>.</strong></span> 
     </span>
    </p>
   </div>
   <div class='ocr_carea' id='block_1_116' title="bbox 328 5753 1151 5826">
    <p class='ocr_par' dir='ltr' id='par_1_116' title="bbox 328 5753 1151 5826">
     <span class='ocr_line' id='line_1_116' title="bbox 328 5753 1151 5826; baseline -0.01 -14"><span class='ocrx_word' id='word_1_813' title='bbox 328 5754 406 5824; x_wconf 77' lang='grc' dir='ltr'><strong>(η)</strong></span> <span class='ocrx_word' id='word_1_814' title='bbox 440 5753 576 5824; x_wconf 80' lang='lat' dir='ltr'><strong>Lege</strong></span> <span class='ocrx_word' id='word_1_815' title='bbox 612 5757 925 5812; x_wconf 65' lang='lat' dir='ltr'><strong>ministram.</strong></span> <span class='ocrx_word' id='word_1_816' title='bbox 957 5760 1105 5825; x_wconf 49' lang='lat' dir='ltr'><strong>(Gali,-</strong></span> <span class='ocrx_word' id='word_1_817' title='bbox 1135 5760 1151 5826; x_wconf 73' lang='lat'>)</span> 
     </span>
    </p>
   </div>
   <div class='ocr_carea' id='block_1_117' title="bbox 2000 5759 2717 5829">
    <p class='ocr_par' dir='ltr' id='par_1_117' title="bbox 2000 5759 2717 5829">
     <span class='ocr_line' id='line_1_117' title="bbox 2000 5759 2717 5829; baseline -0.017 -14"><span class='ocrx_word' id='word_1_818' title='bbox 2000 5761 2066 5823; x_wconf 75' lang='grc' dir='ltr'><strong>(ι’)</strong></span> <span class='ocrx_word' id='word_1_819' title='bbox 2098 5759 2232 5812; x_wconf 60' lang='lat' dir='ltr'><strong>Lucr</strong></span> <span class='ocrx_word' id='word_1_820' title='bbox 2266 5759 2490 5813; x_wconf 73' lang='lat' dir='ltr'><strong>nullum.</strong></span> <span class='ocrx_word' id='word_1_821' title='bbox 2525 5761 2717 5829; x_wconf 46' lang='lat' dir='ltr'><strong>male)</strong></span> 
     </span>
    </p>
   </div>
  </div>
