4200 6440
731 395 856 460 1111

1890 403 1951 460 S.
1991 396 2273 458 MAXIMI
2311 396 2812 458 CONFESSORIS

3826 397 3963 463 1112

729 524 824 576 per
860 510 1236 565 habitudinem
1280 522 1569 565 concretus
1607 518 1709 574 est,
1737 518 1792 563 et
1834 509 2081 562 maxima:
2109 506 2332 573 videns,

2423 510 2539 578 πρὸς
2588 509 2847 561 ἀπόθεσιν
2889 508 2988 576 τῆς
3035 508 3225 576 ὑλικῆς
3270 508 3636 578 προσπαθείας
3674 508 3763 561 τὸν
3791 510 3961 576 αὐτῆς

730 599 973 669 indigere
1002 603 1259 670 potentia:
1282 600 1349 655 ad
1377 602 1772 671 depositionem
1804 599 2099 653 materialis
2128 598 2297 667 passi-

729 686 977 753 bilitatis,
1030 691 1098 743 ab
1145 706 1208 744 ea
1255 691 1480 745 liberari
1529 692 1823 753 volentem,
1868 690 1943 742 ait
1989 687 2243 756 magister
2282 702 2296 737 :

742 797 761 828 ι
793 778 891 833 Cui
930 780 1094 849 igitur
1122 781 1330 834 licitum
1379 782 1480 835 fuit
1513 798 1610 850 per
1644 781 1911 833 rationem
1959 790 2016 832 et
2062 786 2304 832 contem-

736 869 1030 937 plationem
1062 873 1468 940 pertranseunti
1503 872 1809 932 materiam,
1839 878 1895 923 et
1921 869 2135 923 carnale
2175 868 2299 931 hoc,

739 960 851 1013 sive
899 961 1147 1014 nimbum
1194 971 1410 1031 oportet
1461 962 1668 1023 dicere,
1719 962 1834 1014 sive
1870 959 2138 1024 velamen,
2178 972 2302 1012 cum

739 1048 849 1104 Deo
878 1050 1014 1115 ficri,
1044 1061 1149 1105 etc.
1190 1072 1208 1103 ι

950 1231 1217 1295 Quomodo
1247 1243 1322 1287 est
1349 1237 1553 1289 nimbus
1584 1247 1633 1289 et
1660 1236 1897 1289 velamen
1927 1252 2073 1289 caro.

808 1343 919 1399 Cur
964 1354 1147 1399 autem
1204 1347 1452 1403 nimbum
1507 1365 1626 1404 esse
1681 1360 1735 1404 ct
1783 1351 2031 1403 velamen
2085 1361 2303 1401 carnem

740 1432 874 1485 dicit
904 1435 1198 1503 magister?
1218 1436 1409 1492 videns
1440 1438 1640 1507 quippe
1664 1440 1789 1507 quia
1822 1438 2002 1491 omnis
2032 1438 2306 1491 humanus

739 1522 953 1575 animus
986 1540 1177 1578 errans
1208 1538 1263 1579 et
1293 1542 1323 1579 a
1361 1527 1592 1580 naturali
1628 1537 1779 1581 motu
1814 1535 1961 1579 retro
2003 1524 2302 1595 aspiciens,

740 1610 883 1665 circa
934 1614 1241 1681 passionem
1293 1625 1347 1669 et
1389 1631 1606 1670 sensum
1664 1625 1719 1671 et
1766 1617 2041 1671 sensibilia
2099 1623 2304 1667 motum

741 1701 888 1761 facit,
922 1718 1028 1753 non
1062 1703 1271 1757 habens
1297 1704 1559 1759 aliorsum
1592 1707 1821 1767 moveri,
1853 1706 1921 1758 ab
1944 1721 2009 1760 co
2037 1715 2184 1758 motu
2214 1704 2305 1773 qui
2341 1734 2380 1787 Β

742 1793 807 1845 ad
847 1794 1019 1846 Deum
1065 1795 1392 1849 naturaliter
1425 1796 1531 1850 fert
1564 1796 1853 1857 deficiens.
1893 1804 1948 1851 et
1978 1796 2164 1850 divisit
2192 1811 2311 1849 car-

741 1896 865 1935 nem
899 1882 950 1934 in
983 1883 1290 1951 passionem
1318 1894 1373 1937 et
1397 1899 1649 1945 sensum;
1681 1884 1863 1937 carnis
1889 1883 2037 1937 enim
2062 1880 2310 1935 animata:

742 1980 1034 2040 utrumque
1070 1985 1173 2038 est,
1210 1990 1309 2042 per
1343 1975 1590 2028 nimbum
1615 1982 1670 2027 et
1695 1974 1944 2027 velamen
1979 1974 2094 2026 hare
2128 1971 2312 2025 decla-

741 2063 903 2115 ravit.
932 2064 1161 2117 Nimbus
1193 2065 1337 2117 enim
1370 2075 1454 2117 est
1478 2064 1765 2133 principali
1799 2065 1873 2131 (χ)
1906 2064 2099 2116 anima:
2125 2078 2315 2131 super—

740 2150 1075 2203 obumbrans
1120 2153 1354 2205 carnalis
1399 2154 1605 2221 passio,
1637 2162 1692 2207 et
1734 2153 1982 2205 velamen
2029 2162 2113 2207 est
2151 2166 2309 2206 error

742 2238 1042 2292 secundum
1071 2256 1314 2302 sensum,
1335 2241 1734 2307 superficiebus
1762 2240 2104 2296 sensibilium
2129 2242 2309 2311 ipsum

740 2326 987 2391 vincens,
1017 2337 1071 2382 et
1099 2329 1165 2382 ad
1199 2330 1565 2399 intelligibilia
1599 2332 1887 2385 transitum
1920 2333 2174 2385 muniens
2209 2329 2307 2401 (ν).

743 2416 846 2469 Per
870 2417 985 2472 haec
1015 2418 1349 2473 oblivionem
1378 2421 1711 2474 naturalium
1745 2422 2013 2474 bonorum
2040 2421 2315 2490 accipiens

741 2506 951 2569 anima,
990 2509 1137 2563 circa
1188 2509 1471 2564 sensibilia
1521 2520 1687 2565 totam
1740 2526 1893 2565 suam
1936 2511 2312 2580 operationem

741 2599 1037 2661 convertit,
1064 2600 1282 2655 furores
1314 2612 1369 2655 et
1401 2602 1874 2670 coneupiscentias
1906 2611 1958 2657 et
1991 2601 2314 2657 delectatio-

742 2702 841 2743 nes
869 2705 967 2759 per
992 2706 1055 2745 ea
1081 2707 1204 2761 qua:
1233 2692 1381 2747 dicta
1409 2702 1540 2747 sunt
1564 2693 1884 2747 inhonestas
1914 2693 2142 2748 invenit.

1210 2957 1480 3022 Quomodo
1509 2958 1626 3010 volu
1633 2966 1747 3025 ptas
1774 2956 1852 3024 fit.
2345 2960 2388 3018 c

813 3068 1004 3123 Omnis
1027 3066 1173 3121 enim
1201 3066 1495 3121 delectatio
1524 3081 1715 3120 eorum
1742 3080 1865 3135 quae
1893 3064 2316 3129 iuterdicuntur,

746 3174 815 3213 ex
842 3159 1117 3229 passione,
1144 3172 1244 3227 per
1272 3157 1516 3211 medium
1553 3171 1774 3210 sensum
1812 3156 1875 3209 ad
1909 3156 2115 3225 aliquid
2149 3156 2323 3211 sensi-

746 3248 878 3311 bile,
905 3248 1129 3302 omnino
1158 3246 1277 3301 ﬁeri
1308 3246 1613 3301 consuevit.
1646 3246 1833 3314 Neque
1868 3246 2016 3299 enim
2046 3244 2194 3297 aliud
2224 3243 2321 3297 ali-

746 3339 879 3409 quid
905 3348 989 3393 est
1013 3338 1327 3401 delectatio,
1353 3352 1516 3407 quam
1553 3336 1766 3405 species
1790 3351 1985 3390 sensus
2012 3337 2067 3389 in
2099 3336 2319 3390 sensivo

746 3446 847 3501 per
871 3429 1146 3499 quoddam
1177 3429 1437 3484 sensibile
1476 3428 1728 3493 formati;
1756 3428 1843 3483 vel
1874 3428 2069 3481 modus
2094 3428 2323 3482 sensivaa

748 3521 1088 3590 operationis
1154 3536 1254 3589 per
1314 3519 1750 3573 irrationabilem
1824 3518 2321 3587 concupiscentiam

749 3611 1099 3665 constitutus.
1141 3610 1602 3679 Concupiscentia
1646 3610 1795 3663 enim
1847 3610 2033 3663 sensui
2078 3608 2323 3678 apposita

753 3700 808 3754 in
852 3701 1280 3754 delectationem
1320 3700 1578 3763 vertitur,
1616 3699 1825 3753 addens
1866 3699 1917 3752 ei
1964 3700 2233 3767 speciem,
2271 3707 2325 3751 et

751 3807 947 3846 sensus
988 3807 1086 3860 per
1129 3789 1633 3859 concupiscentiam
1680 3799 1861 3843 motus
1902 3789 2323 3843 delectationem

751 3888 1035 3948 operatur,
1066 3878 1327 3946 quiddam
1362 3876 1621 3931 sensibile
1656 3877 1952 3946 accipiens.
1982 3876 2327 3948 Cognoscen-

754 3982 836 4024 tes
869 3971 1035 4040 igitur
1062 3972 1237 4025 sancti
1267 3972 1394 4040 quia
1425 3988 1525 4042 per
1550 3972 1784 4026 mediam
1814 3988 2030 4026 carnem
2061 3972 2128 4025 ad
2156 3983 2326 4028 mate-

752 4063 886 4115 riam
913 4064 1095 4116 anima
1117 4070 1308 4117 contra
1330 4070 1581 4117 naturam
1608 4072 1751 4117 mota
1781 4072 2050 4117 terrenam
2076 4064 2327 4119 induitur

753 4153 1006 4216 formam,
1036 4154 1137 4222 ipsi
1171 4154 1342 4224 magis
1368 4168 1468 4225 per
1494 4155 1728 4208 mediam
1757 4155 1993 4208 animam
2022 4155 2325 4209 secundum

2400 598 2830 670 ἐλευθερωθῆναι
2862 599 3379 669 βουλόμενόνφησιν
3408 602 3437 653 ό
3469 599 3813 663 διδάσκαλος,
3846 618 3868 651 ι
3894 594 3966 668 ᾯ

2402 704 2506 740 τινι
2544 690 2643 758 μὲν
2668 688 2759 741 οὖν
2781 687 3060 756 ἐξεγένετο
3101 689 3187 740 διὰ
3234 688 3396 757 λόγου
3440 688 3532 741 καὶ
3576 687 3807 758 θεωρίας
3850 688 3970 740 δια-

2404 779 2586 847 σχόντι
2621 780 2719 846 τὴν
2744 778 2875 847 ὕλην
2906 780 2999 831 καὶ
3040 779 3101 830 τὺ
3129 779 3393 848 σαρκικδν
3423 778 3582 831 τοῦτο
3603 778 3759 843 ,εἴτε
3806 778 3969 845 νέφος

2402 870 2506 941 χρὴ
2536 871 2715 936 λέγειν
2740 871 2848 922 εἴτε
2881 869 3281 941 προκάλυμμα,
3312 869 3433 940 Θεῷ
3456 867 3841 938 συγγενέσθαι,
3872 864 3970 917 καὶ

2402 960 2470 1015 τὰ
2495 961 2639 1031 ἑξῆς·
2666 962 2852 1031 (138
2876 967 2929 1029 α)

2474 1226 2605 1291 Πῶς
2624 1226 2756 1279 ἐστι
2775 1226 2959 1294 νέφος
2986 1226 3086 1280 καί
3112 1224 3512 1293 προκάλυμμα
3539 1226 3577 1292 ἡ
3608 1222 3765 1290 σάρξ
3798 1222 3904 1290 (6).

2476 1336 2573 1387 Διὰ
2605 1334 2657 1386 τί
2677 1334 2734 1386 δὲ
2756 1334 2913 1401 νέφος
2936 1332 3075 1387 εἶναι
3097 1335 3193 1386 καὶ
3217 1333 3595 1402 προκάλυμμα
3640 1333 3739 1399 τὴν
3780 1333 3966 1399 σάρκα

2407 1424 2610 1491 φησὶνό
2625 1423 2944 1487 διδάσκαλος
2963 1442 2977 1488 ;
3002 1424 3076 1484 ὡς
3096 1423 3252 1484 εἰδὼς
3268 1423 3349 1475 ὅτι
3368 1425 3475 1485 πᾶς
3494 1422 3831 1491 ἀνθρώπινος
3852 1422 3977 1483 νοῦς

2408 1511 2778 1580 πλανώμενος,
2820 1512 2916 1564 καὶ
2962 1511 3064 1579 τῆς
3110 1514 3253 1565 κατὰ
3291 1512 3455 1579 φύσιν
3498 1513 3782 1566 ἀπονεύων
3810 1513 3976 1581 κινή-

2411 1619 2569 1665 σεως,
2610 1604 2739 1673 περὶ
2760 1602 2931 1665 πάθος
2970 1602 3067 1656 καὶ
3104 1602 3361 1672 αἴσθησιν
3384 1606 3480 1656 καὶ
3522 1604 3762 1672 αἰσθητὰ
3808 1602 3978 1655 ποιεῖ-

2409 1710 2499 1744 ται
2532 1695 2574 1724 ⁸⁷
2597 1692 2695 1762 τήν
2719 1694 2953 1761 κίνησιν,
2983 1694 3083 1745 οὑκ
3126 1692 3264 1762 ἔχων
3297 1694 3480 1747 ἄλλοθί
3510 1711 3601 1745 ποι
3635 1692 3930 1760 κινηθῆναι
3961 1735 3977 1757 ,

2407 1785 2509 1849 τῆς
2568 1785 2703 1853 πρὸς
2750 1786 2881 1837 Θεὸν
2929 1785 3175 1853 φυσικῶς
3235 1785 3512 1855 φερούσης
3544 1788 3816 1853 κινήσεως
3860 1784 3979 1836 δια-

2414 1878 2722 1947 μαρτήσας,
2755 1879 2849 1930 καὶ
2876 1877 3035 1931 διεῖλε
3066 1878 3163 1947 τὴν
3208 1878 3386 1948 σάρκα
3430 1878 3511 1940 είς
3554 1877 3726 1939 πάθος
3756 1876 3853 1929 καὶ
3890 1876 3978 1928 αἵ-

2412 1970 2623 2037 σθησιν,
2683 1970 2893 2038 σαρκὸς
2939 1969 3045 2041 γὰρ
3100 1968 3347 2039 ἐμψύχου
3400 1969 3689 2038 ἀμφότερα
3730 1967 3822 2020 διὰ
3882 1966 3978 2019 τοῦ

2410 2060 2604 2125 νέφους
2660 2061 2754 2111 καὶ
2808 2060 2904 2112 τοῦ
2961 2061 3433 2130 προκαλύμματος
3484 2060 3655 2114 ταῦτα
3704 2060 3977 2127 δηλώσας.

2412 2148 2591 2215 Νέφος
2626 2149 2733 2219 γάρ
2764 2150 2880 2202 ἐστι
2915 2149 2994 2218 τῷ
3024 2149 3337 2219 ἡγεμονικῷ
3383 2152 3481 2219 τῆς
3524 2149 3707 2219 ψυχῆς
3765 2151 3982 2201 ἐπισκο-

2412 2237 2539 2289 τοῦν
2575 2239 2635 2290 τὸ
2682 2240 2946 2310 σαρκικὸν
2984 2240 3176 2302 πάθος,
3214 2241 3309 2293 καὶ
3339 2240 3716 2310 προκάλυμμά
3765 2240 3979 2307 ἐστινὴ

2416 2330 2535 2380 κατ’
2562 2329 2814 2397 αἴσθησιν
2849 2331 3054 2399 ἀπάτη,
3090 2333 3209 2394 ταῖς
3248 2332 3591 2399 ἐπιφανείαις
3639 2330 3745 2381 τῶν
3792 2329 3984 2393 αἰσθη-

2414 2418 2524 2470 τῶν
2551 2419 2721 2488 αὐτὴν
2748 2421 3105 2490 ἐπερείδουσα
3143 2423 3235 2474 καὶ
3266 2422 3368 2491 τῆς
3405 2421 3541 2491 πρὸς
3565 2422 3633 2472 τά
3666 2420 3833 2489 νοητὰ
3875 2420 3986 2469 δια-

2415 2508 2627 2568 ϐάσεως
2674 2507 3121 2578 ἀποτειχίζουσα,
3162 2508 3231 2561 δι’
3258 2503 3333 2562 ὧν
3365 2510 3535 2579 λήθην
3578 2509 3687 2560 τῶν
3728 2508 3983 2575 φυσικῶν

2413 2598 2633 2665 ἀγαθῶν
2658 2599 3009 2668 λαμϐάνουσα
3032 2602 3161 2671 περὶ
3182 2602 3249 2654 τὰ
3270 2601 3503 2670 αἰσθητὰ
3532 2602 3628 2669 τήν
3651 2601 3779 2667 ὃλην
3810 2598 3986 2666 αὐτῆς

2409 2686 2693 2755 ἐνέργειαν
2746 2689 3113 2757 καταστρέφει
3138 2728 3151 2752 ,
3190 2688 3400 2757 θυμοὺς
3432 2688 3530 2741 καὶ
3559 2686 3857 2754 ἐπιθυμίας
3887 2684 3985 2735 καὶ

2414 2775 2603 2846 ἡδονὰς
2646 2779 2732 2831 διὰ
2768 2779 2878 2831 τῶν
2921 2779 3228 2848 εἰρημένων
3259 2780 3528 2848 ἀπρεπεῖς
3563 2776 3985 2847 ἐφευρίσκουσα.

2876 2958 3006 3026 Πῶς
3056 2960 3246 3028 ἡδονὴ
3282 2960 3520 3028 γίνεται.

2490 3071 2651 3123 Πᾶσα
2677 3071 2782 3141 γὰρ
2811 3072 2973 3142 ἡδονὴ
3008 3071 3115 3124 τῶν
3144 3071 3606 3141 ἀπηγορευμένων
3656 3071 3720 3122 ἐκ
3779 3068 3992 3131 πάθους

2418 3161 2503 3214 διὰ
2531 3162 2702 3232 μέσης
2730 3163 3032 3232 αἰσθήσεως
3054 3163 3192 3235 πρός
3238 3180 3289 3216 τι
3323 3163 3538 3223 πάντως
3586 3162 3835 3229 γίνεσθαι
3890 3162 3992 3213 πέ-

2419 3270 2590 3319 φυκεν
2634 3253 2913 3322 αἰσθητόν.
2945 3254 3079 3307 Οὐδέ
3121 3253 3229 3323 γὰρ
3282 3253 3409 3307 ἄλλο
3460 3255 3511 3305 τί
3557 3255 3673 3305 ἐστι
3733 3252 3894 3322 ἡδονὴ
3958 3254 3992 3321 ἣ

2420 3336 2558 3403 εἶδος
2586 3342 2889 3413 αἰσθήσεως
2919 3344 2978 3395 ἐν
3004 3342 3080 3413 τῷ
3108 3342 3409 3412 αἰσθητικῷ
3439 3343 3525 3395 διά
3558 3360 3700 3405 τινος
3730 3342 3995 3411 αἰσθητοῦ

2426 3433 2831 3503 μορφουμένης,
2865 3433 2898 3503 ἢ
2937 3434 3135 3504 τρόπος
3168 3433 3491 3505 αίσθητικῆς
3546 3433 3829 3503 ἐνεργείας
3870 3435 3996 3484 κατ’

2422 3523 2715 3593 ἐπιθυμίαν
2786 3523 2977 3592 ἄλογον
3036 3526 3443 3594 συνιστάμενος.
3519 3524 3816 3593 Ἐπιθυμία
3882 3522 3998 3593 γὰρ

2423 3613 2670 3684 αίσθήσει
2704 3615 3059 3685 προστεθεῖσα
3094 3616 3174 3676 είς
3204 3614 3392 3684 ἡδονὴν
3442 3616 3794 3682 μεταπίπτει,
3854 3610 3997 3674 εἶδος

2424 3706 2560 3774 αὐτῇ
2587 3705 2887 3773 ἐπάγουσα,
2931 3706 3025 3759 καὶ
3079 3705 3333 3775 αἴσθησις
3376 3706 3495 3757 κατ’
3550 3704 3849 3772 ἐπιθυμίαν
3905 3721 3994 3755 κι-

2422 3794 2645 3863 νηθεῖσα
2692 3794 2885 3865 ήδονὴν
2936 3794 3308 3865 ἀπεργάζεται
3363 3792 3422 3844 τὸ
3476 3791 3730 3867 αἰσθητὸν
3752 3792 3999 3861 προσλα-

2424 3887 2612 3941 ϐοῦσα.
2682 3888 2906 3951 Γνόντες
2954 3883 3047 3940 οὖν
3104 3888 3153 3939 οἱ
3212 3888 3377 3953 ᾶγιοι,
3434 3884 3619 3954 (138
3670 3885 3719 3953 b)
3765 3885 3847 3937 ὅτι
3903 3884 3999 3937 διά

2430 3979 2597 4048 μέσης
2635 3978 2834 4047 σαρκὸς
2867 3978 3000 4048 πρὸς
3030 3976 3129 4047 τὴν
3155 3975 3288 4046 ὓλην
3340 3976 3373 4045 ή
3425 3974 3569 4044 ψυχή
3626 3974 3779 4043 παρὰ
3833 3973 4000 4041 φύσιν

2426 4068 2722 4137 κινουμένη
2746 4068 2844 4138 τὴν
2873 4067 3061 4137 χοῖκὴν
3099 4067 3312 4137 μορφὴν
3339 4066 3651 4126 ὑποδύεται,
3688 4063 3778 4117 διά
3822 4064 4001 4132 μέσης

2430 4161 2627 4230 μᾶλλον
2653 4160 2829 4231 ψυχῆς
2860 4159 3000 4213 κατὰ
3021 4159 3181 4228 φύσιν
3216 4159 3367 4211 αὐτοὶ
3397 4159 3531 4229 πρὸς
3579 4157 3671 4210 τὸν
3732 4156 3865 4209 Θεὸν
3913 4173 4004 4207 κι-

754 4255 1008 4300 naturam
1046 4246 1116 4299 ad
1154 4247 1326 4301 Deum
1368 4256 1571 4301 motam
1610 4247 1774 4301 etiam
1814 4262 2035 4301 carnem
2077 4248 2189 4301 Deo
2225 4247 2324 4302 de-

2428 4252 2695 4321 νουμένης
2725 4251 2819 4303 καὶ
2843 4249 2940 4320 τὴν
2966 4250 3145 4320 σάρκα
3167 4248 3243 4319 τῷ
3269 4248 3388 4318 Θεῷ
3414 4248 3731 4319 πρεπόντως
3778 4246 4000 4300 οίκειῶο

752 4348 943 4393 center
969 4338 1220 4392 famulari
1255 4338 1643 4392 intellexerunt
1674 4338 1767 4407 (ε),
1796 4353 1893 4407 per
1924 4339 2321 4394 institutionem

752 4431 1018 4483 virtutum
1056 4429 1469 4498 acceptabiliter
1503 4431 1673 4498 ipsam
1709 4429 1916 4483 divinis
1947 4438 2209 4485 ornantes
2241 4430 2325 4484 in-

754 4520 1081 4575 tellectibus.

2331 4637 2396 4647 ..-

958 4696 1228 4760 Quomodo
1258 4705 1306 4748 et
1334 4697 1519 4766 quanti
1553 4705 1722 4749 motus
1753 4708 1875 4751 sunt
1904 4701 2115 4752 animae.

824 4808 959 4862 Tres
992 4808 1139 4863 enim
1176 4809 1518 4865 universales
1552 4818 1733 4864 motus
1765 4810 1966 4865 habere
1998 4810 2236 4864 animam
2268 4810 2325 4864 in

754 4914 924 4952 unum
966 4900 1229 4955 collectos
1274 4915 1306 4954 a
1353 4900 1623 4955 charitate
1670 4901 1746 4972 (ιι)
1793 4901 2121 4966 docuerunt,
2156 4914 2326 4952 unum

752 4986 1056 5041 secundum
1103 4990 1375 5054 animam,
1408 4990 1641 5044 alterum
1684 4989 1987 5044 seettndum
2028 4989 2327 5055 rationem,

755 5077 980 5131 tertium
1013 5078 1317 5132 secundum
1353 5095 1572 5133 sensum
1611 5098 1622 5132 :
1659 5089 1715 5133 et
1744 5096 1911 5133 unum
1945 5079 2169 5148 quidem
2202 5079 2332 5132 sim-

755 5170 907 5237 plum
942 5180 999 5224 et
1034 5171 1487 5241 interpretatione
1522 5182 1824 5236 carentem,
1858 5186 1955 5241 per
1984 5184 2146 5240 quem
2182 5169 2330 5223 inco-

2432 4362 2520 4397 σαι
2555 4340 2931 4412 διενοήθησαν,
2956 4340 3026 4393 δι’
3056 4342 3343 4409 ἀσκήσεως
3379 4340 3588 4411 άρετῶν
3629 4338 4002 4409 ἐνδεχομένως

2428 4434 2597 4505 αὐτὴν
2625 4436 2745 4495 ταῖς
2773 4433 2947 4496 θείαις
2979 4432 3250 4502 ἐμφάσεσι
3286 4430 3743 4493 καλλωπίσαντες.

2599 4697 2728 4758 Πως
2762 4693 2859 4745 καί
2893 4693 3075 4745 πόσαι
3122 4690 3392 4756 κινήσεις
3439 4690 3557 4743 είσί
3587 4688 3819 4757 ψυχῆς.

2495 4808 2653 4877 Τρεῖς
2686 4806 2792 4874 γὰρ
2820 4802 3117 4866 καθολικάς
3143 4803 3382 4871 κινήσεις
3418 4799 3647 4870 ἔχουσαν
3682 4798 3783 4867 τὴν
3820 4799 4006 4868 ψυχὴν

2425 4899 2505 4959 είς
2528 4896 2657 4966 μίαν
2682 4895 3076 4961 συναγομένας,
3106 4893 3214 4946 ὑπὸ
3236 4892 3334 4961 τῆς
3358 4892 3579 4961 χάριτος
3614 4888 4006 4958 φωτισθέντες,

2426 4986 2525 5055 τήν
2556 4985 2696 5038 κατὰ
2723 4984 2871 5048 νοῦν,
2907 4984 3007 5054 τὴν
3030 4986 3173 5036 κατὰ
3205 4983 3388 5050 λόγον,
3420 4980 3519 5052 τήν
3549 4982 3695 5034 κατὰ
3722 4981 4006 5049 αἴσθησιν,

2428 5079 2521 5129 καί
2580 5078 2679 5145 τὴν
2740 5076 2845 5145 μὴν
2899 5075 3074 5144 ἁπλῆν
3133 5074 3227 5127 καὶ
3273 5075 3695 5143 άνερμήνευτον,
3760 5072 3887 5123 καθ’
3941 5074 4009 5141 ήν

2428 5167 2720 5233 ἁγνώστως
2754 5165 2879 5233 περὶ
2910 5164 3042 5218 Θεὸν
3068 5163 3364 5234 κινουμένη
3410 5162 3531 5216 κατ’
3569 5162 3759 5215 οὐδένα
3799 5162 4008 5232 τρόπον

2030 5300 2265 5357 γλιιιιΕ
2304 5298 2705 5354 LECTIUNES.

825 5394 871 5427 "
905 5394 1125 5463 ποίηται
1152 5393 1240 5448 ed.
1274 5394 1390 5448 Gal.

2269 5510 2495 5565 NOTA‘I.

828 5604 905 5673 (δι)
934 5605 1073 5675 Lege
1103 5605 1445 5674 principalem
1477 5616 1697 5672 partem.
1730 5607 1921 5675 (liach

829 5676 904 5743 (ῃ)
934 5674 1091 5727 Verte
1115 5676 1403 5727 obstruens.
1432 5675 1600 5743 (Galc.

830 5748 899 5812 (tl
930 5744 1087 5799 Verte
1120 5746 1353 5799 "talitali
1380 5753 1518 5799 sunt.
1548 5746 1738 5809 (Cale)

2501 5601 2578 5668 (τι)
2608 5600 2765 5651 Verte
2796 5599 3004 5650 eruditi.
3037 5598 3315 5653 Sententia
3371 5597 3572 5667 pendet
3599 5611 3627 5649 a
3654 5593 3823 5651 verbo
3850 5602 4007 5649 tran-

2432 5670 2759 5722 M'eudt‘rmtl.
2787 5668 2983 5739 male.)
