  <div class='ocr_page' id='page_1' title='image "/cluster/home/n/w/nwhite01/storage/ocr_20150623/91/nnc1.0038446014/566.png"; bbox 0 0 4200 6440; ppageno 0'>
   <div class='ocr_carea' id='block_1_1' title="bbox 219 393 360 457">
    <p class='ocr_par' dir='ltr' id='par_1_1' title="bbox 219 393 360 457">
     <span class='ocr_line' id='line_1_1' title="bbox 219 393 360 457; baseline 0 0"><span class='ocrx_word' id='word_1_1' title='bbox 219 393 360 457; x_wconf 83' lang='lat'><strong>1113</strong></span> 
     </span>
    </p>
   </div>
   <div class='ocr_carea' id='block_1_2' title="bbox 1446 402 2255 463">
    <p class='ocr_par' dir='ltr' id='par_1_2' title="bbox 1446 402 2255 463">
     <span class='ocr_line' id='line_1_2' title="bbox 1446 402 2255 463; baseline 0.004 -3"><span class='ocrx_word' id='word_1_2' title='bbox 1446 402 1960 460; x_wconf 71' lang='lat' dir='ltr'><strong>AMBIGUURUM</strong></span> <span class='ocrx_word' id='word_1_3' title='bbox 2009 403 2255 463; x_wconf 68' lang='lat' dir='ltr'><strong>LIBER.</strong></span> 
     </span>
    </p>
   </div>
   <div class='ocr_carea' id='block_1_3' title="bbox 3315 403 3454 470">
    <p class='ocr_par' dir='ltr' id='par_1_3' title="bbox 3315 403 3454 470">
     <span class='ocr_line' id='line_1_3' title="bbox 3315 403 3454 470; baseline 0.014 -4"><span class='ocrx_word' id='word_1_4' title='bbox 3315 403 3454 470; x_wconf 69' lang='grc'>1114</span> 
     </span>
    </p>
   </div>
   <div class='ocr_carea' id='block_1_4' title="bbox 209 500 1792 580">
    <p class='ocr_par' dir='ltr' id='par_1_4' title="bbox 209 500 1779 576">
     <span class='ocr_line' id='line_1_4' title="bbox 209 500 1779 576; baseline 0.004 -25"><span class='ocrx_word' id='word_1_5' title='bbox 209 500 270 567; x_wconf 72' lang='grc' dir='ltr'><strong>ἐξ</strong></span> <span class='ocrx_word' id='word_1_6' title='bbox 296 500 509 565; x_wconf 76' lang='grc' dir='ltr'>οὐδενὸς</span> <span class='ocrx_word' id='word_1_7' title='bbox 533 500 641 553; x_wconf 90' lang='grc' dir='ltr'><strong>τῶν</strong></span> <span class='ocrx_word' id='word_1_8' title='bbox 673 501 841 556; x_wconf 78' lang='grc' dir='ltr'>ὃντων</span> <span class='ocrx_word' id='word_1_9' title='bbox 869 502 1032 555; x_wconf 80' lang='grc' dir='ltr'>αὑτὸν</span> <span class='ocrx_word' id='word_1_10' title='bbox 1057 504 1144 556; x_wconf 73' lang='grc' dir='ltr'><strong>διὰ</strong></span> <span class='ocrx_word' id='word_1_11' title='bbox 1191 505 1290 572; x_wconf 80' lang='grc' dir='ltr'>τὴν</span> <span class='ocrx_word' id='word_1_12' title='bbox 1341 506 1614 576; x_wconf 82' lang='grc' dir='ltr'>ὑπεροχὴν</span> <span class='ocrx_word' id='word_1_13' title='bbox 1659 510 1779 560; x_wconf 82' lang='grc' dir='ltr'>ἑπι-</span> 
     </span>
    </p>
   </div>
   <div class='ocr_carea' id='block_1_5' title="bbox 1895 500 3449 580">
    <p class='ocr_par' dir='ltr' id='par_1_5' title="bbox 1895 508 3449 580">
     <span class='ocr_line' id='line_1_5' title="bbox 1895 508 3449 580; baseline 0.007 -20"><span class='ocrx_word' id='word_1_14' title='bbox 1895 508 2028 580; x_wconf 75' lang='lat' dir='ltr'><strong>;nite</strong></span> <span class='ocrx_word' id='word_1_15' title='bbox 2061 511 2204 563; x_wconf 88' lang='lat' dir='ltr'><strong>circa</strong></span> <span class='ocrx_word' id='word_1_16' title='bbox 2241 512 2408 564; x_wconf 81' lang='lat' dir='ltr'><strong>Deum</strong></span> <span class='ocrx_word' id='word_1_17' title='bbox 2442 521 2608 572; x_wconf 88' lang='lat' dir='ltr'><strong>mota,</strong></span> <span class='ocrx_word' id='word_1_18' title='bbox 2639 512 2791 563; x_wconf 89' lang='lat' dir='ltr'><strong>nullo</strong></span> <span class='ocrx_word' id='word_1_19' title='bbox 2822 511 2983 565; x_wconf 83' lang='lat' dir='ltr'><strong>modo</strong></span> <span class='ocrx_word' id='word_1_20' title='bbox 3018 527 3082 566; x_wconf 80' lang='lat' dir='ltr'><strong>ex</strong></span> <span class='ocrx_word' id='word_1_21' title='bbox 3119 515 3229 566; x_wconf 88' lang='lat' dir='ltr'><strong>ullo</strong></span> <span class='ocrx_word' id='word_1_22' title='bbox 3259 530 3449 571; x_wconf 89' lang='lat' dir='ltr'><strong>eorum</strong></span> 
     </span>
    </p>
   </div>
   <div class='ocr_carea' id='block_1_6' title="bbox 209 590 1776 665">
    <p class='ocr_par' dir='ltr' id='par_1_6' title="bbox 209 590 1776 665">
     <span class='ocr_line' id='line_1_6' title="bbox 209 590 1776 665; baseline 0.005 -24"><span class='ocrx_word' id='word_1_23' title='bbox 209 590 494 656; x_wconf 78' lang='grc' dir='ltr'><strong>γινώσκει,</strong></span> <span class='ocrx_word' id='word_1_24' title='bbox 519 590 616 661; x_wconf 76' lang='grc' dir='ltr'>τὴν</span> <span class='ocrx_word' id='word_1_25' title='bbox 640 591 698 644; x_wconf 86' lang='grc' dir='ltr'>δὲ</span> <span class='ocrx_word' id='word_1_26' title='bbox 721 593 842 644; x_wconf 82' lang='grc' dir='ltr'>κατ’</span> <span class='ocrx_word' id='word_1_27' title='bbox 863 593 1043 645; x_wconf 69' lang='grc' dir='ltr'>αἰτίαν</span> <span class='ocrx_word' id='word_1_28' title='bbox 1071 595 1348 665; x_wconf 81' lang='grc' dir='ltr'>ὁριστικὴν</span> <span class='ocrx_word' id='word_1_29' title='bbox 1366 596 1458 648; x_wconf 90' lang='grc' dir='ltr'><strong>τοῦ</strong></span> <span class='ocrx_word' id='word_1_30' title='bbox 1477 596 1776 663; x_wconf 87' lang='grc' dir='ltr'>ἀγνώστου,</span> 
     </span>
    </p>
   </div>
   <div class='ocr_carea' id='block_1_7' title="bbox 211 679 1780 758">
    <p class='ocr_par' dir='ltr' id='par_1_7' title="bbox 211 679 1780 758">
     <span class='ocr_line' id='line_1_7' title="bbox 211 679 1780 758; baseline 0.005 -25"><span class='ocrx_word' id='word_1_31' title='bbox 211 679 337 733; x_wconf 81' lang='grc' dir='ltr'>καθ’</span> <span class='ocrx_word' id='word_1_32' title='bbox 363 681 431 750; x_wconf 73' lang='grc' dir='ltr'>ἢν</span> <span class='ocrx_word' id='word_1_33' title='bbox 458 683 704 748; x_wconf 81' lang='grc' dir='ltr'><strong>φυσικῶς</strong></span> <span class='ocrx_word' id='word_1_34' title='bbox 736 683 1028 752; x_wconf 82' lang='grc' dir='ltr'><strong>κινουμένη</strong></span> <span class='ocrx_word' id='word_1_35' title='bbox 1069 686 1196 747; x_wconf 81' lang='grc' dir='ltr'>τοὺς</span> <span class='ocrx_word' id='word_1_36' title='bbox 1223 686 1311 736; x_wconf 73' lang='grc' dir='ltr'><strong>ἐπ’</strong></span> <span class='ocrx_word' id='word_1_37' title='bbox 1343 687 1481 758; x_wconf 84' lang='grc' dir='ltr'>αὐτῇ</span> <span class='ocrx_word' id='word_1_38' title='bbox 1518 691 1780 756; x_wconf 74' lang='grc' dir='ltr'>φυσικοὺς</span> 
     </span>
    </p>
   </div>
   <div class='ocr_carea' id='block_1_8' title="bbox 208 769 1780 848">
    <p class='ocr_par' dir='ltr' id='par_1_8' title="bbox 208 769 1780 848">
     <span class='ocr_line' id='line_1_8' title="bbox 208 769 1780 848; baseline 0.005 -25"><span class='ocrx_word' id='word_1_39' title='bbox 208 769 424 834; x_wconf 72' lang='grc' dir='ltr'>πάντας</span> <span class='ocrx_word' id='word_1_40' title='bbox 447 771 637 839; x_wconf 85' lang='grc' dir='ltr'>λόγους</span> <span class='ocrx_word' id='word_1_41' title='bbox 671 772 766 826; x_wconf 89' lang='grc' dir='ltr'><strong>τοῦ</strong></span> <span class='ocrx_word' id='word_1_42' title='bbox 807 773 926 826; x_wconf 84' lang='grc' dir='ltr'>κατ’</span> <span class='ocrx_word' id='word_1_43' title='bbox 985 775 1165 828; x_wconf 79' lang='grc' dir='ltr'>αἰτίαν</span> <span class='ocrx_word' id='word_1_44' title='bbox 1217 778 1375 846; x_wconf 87' lang='grc' dir='ltr'>μόνον</span> <span class='ocrx_word' id='word_1_45' title='bbox 1439 781 1780 848; x_wconf 74' lang='grc' dir='ltr'><strong>ἐγνωσμένου</strong></span> 
     </span>
    </p>
   </div>
   <div class='ocr_carea' id='block_1_9' title="bbox 214 862 1781 937">
    <p class='ocr_par' dir='ltr' id='par_1_9' title="bbox 214 862 1781 937">
     <span class='ocr_line' id='line_1_9' title="bbox 214 862 1781 937; baseline 0.004 -23"><span class='ocrx_word' id='word_1_46' title='bbox 214 865 598 932; x_wconf 81' lang='grc' dir='ltr'>μορφωτικοὺς</span> <span class='ocrx_word' id='word_1_47' title='bbox 641 862 802 926; x_wconf 78' lang='grc' dir='ltr'>ὄντας</span> <span class='ocrx_word' id='word_1_48' title='bbox 851 866 1018 935; x_wconf 79' lang='grc' dir='ltr'>ἑαυτῇ</span> <span class='ocrx_word' id='word_1_49' title='bbox 1049 864 1115 916; x_wconf 86' lang='grc' dir='ltr'><strong>δι’</strong></span> <span class='ocrx_word' id='word_1_50' title='bbox 1171 866 1453 937; x_wconf 79' lang='grc' dir='ltr'><strong>ἐνεργείας</strong></span> <span class='ocrx_word' id='word_1_51' title='bbox 1490 869 1610 921; x_wconf 84' lang='grc' dir='ltr'>κατ’</span> <span class='ocrx_word' id='word_1_52' title='bbox 1659 870 1781 921; x_wconf 80' lang='grc' dir='ltr'>ἐπιο</span> 
     </span>
    </p>
   </div>
   <div class='ocr_carea' id='block_1_10' title="bbox 215 954 1783 1030">
    <p class='ocr_par' dir='ltr' id='par_1_10' title="bbox 215 954 1783 1030">
     <span class='ocr_line' id='line_1_10' title="bbox 215 954 1783 1030; baseline 0.004 -24"><span class='ocrx_word' id='word_1_53' title='bbox 215 955 431 1024; x_wconf 81' lang='grc' dir='ltr'>στήμην</span> <span class='ocrx_word' id='word_1_54' title='bbox 463 954 765 1009; x_wconf 77' lang='grc' dir='ltr'>ἐπιτίθεται</span> <span class='ocrx_word' id='word_1_55' title='bbox 822 956 889 1021; x_wconf 82' lang='grc'><strong>⁸⁸,</strong></span> <span class='ocrx_word' id='word_1_56' title='bbox 949 957 1050 1028; x_wconf 74' lang='grc' dir='ltr'>τὴν</span> <span class='ocrx_word' id='word_1_57' title='bbox 1101 956 1157 1010; x_wconf 82' lang='grc' dir='ltr'>δὲ</span> <span class='ocrx_word' id='word_1_58' title='bbox 1219 959 1497 1023; x_wconf 77' lang='grc' dir='ltr'>σύνθετον,</span> <span class='ocrx_word' id='word_1_59' title='bbox 1541 961 1661 1013; x_wconf 85' lang='grc' dir='ltr'>καθ’</span> <span class='ocrx_word' id='word_1_60' title='bbox 1717 963 1783 1030; x_wconf 79' lang='grc' dir='ltr'>ἢν</span> 
     </span>
    </p>
   </div>
   <div class='ocr_carea' id='block_1_11' title="bbox 209 1043 1784 1119">
    <p class='ocr_par' dir='ltr' id='par_1_11' title="bbox 209 1043 1784 1119">
     <span class='ocr_line' id='line_1_11' title="bbox 209 1043 1784 1119; baseline 0.004 -23"><span class='ocrx_word' id='word_1_61' title='bbox 209 1043 322 1097; x_wconf 86' lang='grc' dir='ltr'><strong>τῶν</strong></span> <span class='ocrx_word' id='word_1_62' title='bbox 350 1045 507 1110; x_wconf 76' lang='grc' dir='ltr'>ἐκτὸς</span> <span class='ocrx_word' id='word_1_63' title='bbox 529 1047 882 1117; x_wconf 71' lang='grc' dir='ltr'><strong>ἐφαπτομένη</strong></span> <span class='ocrx_word' id='word_1_64' title='bbox 909 1047 986 1112; x_wconf 83' lang='grc' dir='ltr'><strong>ὡς</strong></span> <span class='ocrx_word' id='word_1_65' title='bbox 1014 1047 1079 1103; x_wconf 73' lang='grc' dir='ltr'>ἐκ</span> <span class='ocrx_word' id='word_1_66' title='bbox 1132 1066 1293 1102; x_wconf 87' lang='grc' dir='ltr'>τινων</span> <span class='ocrx_word' id='word_1_67' title='bbox 1342 1051 1627 1119; x_wconf 91' lang='grc' dir='ltr'>συμϐόλων</span> <span class='ocrx_word' id='word_1_68' title='bbox 1676 1050 1784 1102; x_wconf 88' lang='grc' dir='ltr'><strong>τῶν</strong></span> 
     </span>
    </p>
   </div>
   <div class='ocr_carea' id='block_1_12' title="bbox 210 1139 1783 1214">
    <p class='ocr_par' dir='ltr' id='par_1_12' title="bbox 210 1139 1783 1214">
     <span class='ocr_line' id='line_1_12' title="bbox 210 1139 1783 1214; baseline 0.004 -24"><span class='ocrx_word' id='word_1_69' title='bbox 210 1139 426 1209; x_wconf 81' lang='grc' dir='ltr'>ὁρατῶν</span> <span class='ocrx_word' id='word_1_70' title='bbox 494 1141 618 1204; x_wconf 78' lang='grc' dir='ltr'>τοὺς</span> <span class='ocrx_word' id='word_1_71' title='bbox 687 1140 878 1207; x_wconf 79' lang='grc' dir='ltr'><strong>λόγους</strong></span> <span class='ocrx_word' id='word_1_72' title='bbox 937 1141 1074 1212; x_wconf 88' lang='grc' dir='ltr'>πρὸς</span> <span class='ocrx_word' id='word_1_73' title='bbox 1131 1143 1330 1213; x_wconf 75' lang='grc' dir='ltr'>ἑαυτὴν</span> <span class='ocrx_word' id='word_1_74' title='bbox 1385 1143 1783 1214; x_wconf 83' lang='grc' dir='ltr'>ἀναμάσσεται,</span> 
     </span>
    </p>
   </div>
   <div class='ocr_carea' id='block_1_13' title="bbox 214 1230 1785 1304">
    <p class='ocr_par' dir='ltr' id='par_1_13' title="bbox 214 1230 1785 1304">
     <span class='ocr_line' id='line_1_13' title="bbox 214 1230 1785 1304; baseline 0.004 -24"><span class='ocrx_word' id='word_1_75' title='bbox 214 1230 577 1298; x_wconf 77' lang='grc' dir='ltr'>μεγαλοφυῶς</span> <span class='ocrx_word' id='word_1_76' title='bbox 605 1231 691 1284; x_wconf 82' lang='grc' dir='ltr'><strong>διά</strong></span> <span class='ocrx_word' id='word_1_77' title='bbox 720 1231 925 1286; x_wconf 82' lang='grc' dir='ltr'>τούτων</span> <span class='ocrx_word' id='word_1_78' title='bbox 955 1233 1096 1287; x_wconf 83' lang='grc' dir='ltr'>κατὰ</span> <span class='ocrx_word' id='word_1_79' title='bbox 1117 1233 1208 1286; x_wconf 89' lang='grc' dir='ltr'><strong>τὸν</strong></span> <span class='ocrx_word' id='word_1_80' title='bbox 1238 1234 1414 1304; x_wconf 87' lang='grc' dir='ltr'>άληθῆ</span> <span class='ocrx_word' id='word_1_81' title='bbox 1443 1235 1537 1288; x_wconf 81' lang='grc' dir='ltr'>καὶ</span> <span class='ocrx_word' id='word_1_82' title='bbox 1592 1235 1785 1289; x_wconf 80' lang='grc' dir='ltr'>ἀπται-</span> 
     </span>
    </p>
   </div>
   <div class='ocr_carea' id='block_1_14' title="bbox 214 1318 1789 1392">
    <p class='ocr_par' dir='ltr' id='par_1_14' title="bbox 214 1318 1789 1392">
     <span class='ocr_line' id='line_1_14' title="bbox 214 1318 1789 1392; baseline 0.002 -22"><span class='ocrx_word' id='word_1_83' title='bbox 214 1333 342 1370; x_wconf 81' lang='grc' dir='ltr'>στον</span> <span class='ocrx_word' id='word_1_84' title='bbox 361 1319 458 1387; x_wconf 78' lang='grc' dir='ltr'>τῆς</span> <span class='ocrx_word' id='word_1_85' title='bbox 487 1319 629 1372; x_wconf 86' lang='grc' dir='ltr'><strong>κατά</strong></span> <span class='ocrx_word' id='word_1_86' title='bbox 655 1318 819 1388; x_wconf 83' lang='grc' dir='ltr'>φύσιν</span> <span class='ocrx_word' id='word_1_87' title='bbox 849 1325 1118 1390; x_wconf 74' lang='grc' dir='ltr'>κινήσεως</span> <span class='ocrx_word' id='word_1_88' title='bbox 1161 1321 1361 1392; x_wconf 82' lang='grc' dir='ltr'>τρόπον</span> <span class='ocrx_word' id='word_1_89' title='bbox 1416 1320 1508 1374; x_wconf 88' lang='grc' dir='ltr'><strong>τὸν</strong></span> <span class='ocrx_word' id='word_1_90' title='bbox 1546 1321 1789 1387; x_wconf 81' lang='grc' dir='ltr'>παρόντα</span> 
     </span>
    </p>
   </div>
   <div class='ocr_carea' id='block_1_15' title="bbox 207 1409 1787 1484">
    <p class='ocr_par' dir='ltr' id='par_1_15' title="bbox 207 1409 1787 1484">
     <span class='ocr_line' id='line_1_15' title="bbox 207 1409 1787 1484; baseline 0.002 -24"><span class='ocrx_word' id='word_1_91' title='bbox 207 1409 326 1462; x_wconf 87' lang='grc' dir='ltr'><strong>τῶν</strong></span> <span class='ocrx_word' id='word_1_92' title='bbox 347 1411 690 1480; x_wconf 82' lang='grc' dir='ltr'>σκαμμάτων</span> <span class='ocrx_word' id='word_1_93' title='bbox 718 1409 894 1466; x_wconf 87' lang='grc' dir='ltr'>αίῶνα</span> <span class='ocrx_word' id='word_1_94' title='bbox 921 1411 1200 1483; x_wconf 81' lang='grc' dir='ltr'>διέϐησαν,</span> <span class='ocrx_word' id='word_1_95' title='bbox 1225 1413 1324 1484; x_wconf 82' lang='grc' dir='ltr'>τὴν</span> <span class='ocrx_word' id='word_1_96' title='bbox 1373 1413 1474 1483; x_wconf 83' lang='grc' dir='ltr'>μὲν</span> <span class='ocrx_word' id='word_1_97' title='bbox 1513 1412 1787 1480; x_wconf 76' lang='grc' dir='ltr'>αἴσθησιν,</span> 
     </span>
    </p>
   </div>
   <div class='ocr_carea' id='block_1_16' title="bbox 211 1500 1790 1575">
    <p class='ocr_par' dir='ltr' id='par_1_16' title="bbox 211 1500 1790 1575">
     <span class='ocr_line' id='line_1_16' title="bbox 211 1500 1790 1575; baseline 0.003 -23"><span class='ocrx_word' id='word_1_98' title='bbox 211 1500 423 1562; x_wconf 79' lang='grc' dir='ltr'>ἁπλοῦς</span> <span class='ocrx_word' id='word_1_99' title='bbox 461 1502 549 1556; x_wconf 75' lang='grc' dir='ltr'><strong>διὰ</strong></span> <span class='ocrx_word' id='word_1_100' title='bbox 605 1501 773 1572; x_wconf 77' lang='grc' dir='ltr'>μέσου</span> <span class='ocrx_word' id='word_1_101' title='bbox 815 1502 910 1555; x_wconf 87' lang='grc' dir='ltr'><strong>τοῦ</strong></span> <span class='ocrx_word' id='word_1_102' title='bbox 961 1503 1120 1569; x_wconf 81' lang='grc' dir='ltr'>λόγου</span> <span class='ocrx_word' id='word_1_103' title='bbox 1169 1505 1306 1575; x_wconf 88' lang='grc' dir='ltr'>πρὸς</span> <span class='ocrx_word' id='word_1_104' title='bbox 1361 1504 1453 1560; x_wconf 89' lang='grc' dir='ltr'><strong>τὸν</strong></span> <span class='ocrx_word' id='word_1_105' title='bbox 1494 1503 1619 1556; x_wconf 88' lang='grc' dir='ltr'>νοῦν</span> <span class='ocrx_word' id='word_1_106' title='bbox 1665 1506 1790 1568; x_wconf 83' lang='grc' dir='ltr'>τοὺς</span> 
     </span>
    </p>
   </div>
   <div class='ocr_carea' id='block_1_17' title="bbox 207 1594 1792 1668">
    <p class='ocr_par' dir='ltr' id='par_1_17' title="bbox 207 1594 1792 1668">
     <span class='ocr_line' id='line_1_17' title="bbox 207 1594 1792 1668; baseline 0.004 -24"><span class='ocrx_word' id='word_1_107' title='bbox 207 1594 325 1645; x_wconf 84' lang='grc' dir='ltr'><strong>τῶν</strong></span> <span class='ocrx_word' id='word_1_108' title='bbox 351 1596 624 1665; x_wconf 74' lang='grc' dir='ltr'>αἰσθητῶν</span> <span class='ocrx_word' id='word_1_109' title='bbox 652 1599 1055 1666; x_wconf 80' lang='grc' dir='ltr'>πνευματικοὸς</span> <span class='ocrx_word' id='word_1_110' title='bbox 1080 1598 1270 1666; x_wconf 85' lang='grc' dir='ltr'>λόγους</span> <span class='ocrx_word' id='word_1_111' title='bbox 1326 1598 1550 1668; x_wconf 77' lang='grc' dir='ltr'>ἔχουσαν</span> <span class='ocrx_word' id='word_1_112' title='bbox 1599 1600 1792 1668; x_wconf 81' lang='grc' dir='ltr'>μόνους</span> 
     </span>
    </p>
   </div>
   <div class='ocr_carea' id='block_1_18' title="bbox 209 1684 1792 1756">
    <p class='ocr_par' dir='ltr' id='par_1_18' title="bbox 209 1684 1792 1756">
     <span class='ocr_line' id='line_1_18' title="bbox 209 1684 1792 1756; baseline 0.001 -20"><span class='ocrx_word' id='word_1_113' title='bbox 209 1684 668 1750; x_wconf 80' lang='grc' dir='ltr'>ἀναϐιϐάσαντες,</span> <span class='ocrx_word' id='word_1_114' title='bbox 715 1686 808 1739; x_wconf 88' lang='grc' dir='ltr'><strong>τὸν</strong></span> <span class='ocrx_word' id='word_1_115' title='bbox 855 1686 912 1740; x_wconf 79' lang='grc' dir='ltr'>δὲ</span> <span class='ocrx_word' id='word_1_116' title='bbox 965 1687 1124 1756; x_wconf 87' lang='grc' dir='ltr'>λόγον</span> <span class='ocrx_word' id='word_1_117' title='bbox 1179 1686 1428 1750; x_wconf 82' lang='grc' dir='ltr'>ἐνοειδῶς</span> <span class='ocrx_word' id='word_1_118' title='bbox 1482 1687 1624 1739; x_wconf 86' lang='grc' dir='ltr'><strong>κατά</strong></span> <span class='ocrx_word' id='word_1_119' title='bbox 1665 1687 1792 1754; x_wconf 87' lang='grc' dir='ltr'>μίαν</span> 
     </span>
    </p>
   </div>
   <div class='ocr_carea' id='block_1_19' title="bbox 211 1774 1790 1851">
    <p class='ocr_par' dir='ltr' id='par_1_19' title="bbox 211 1774 1790 1851">
     <span class='ocr_line' id='line_1_19' title="bbox 211 1774 1790 1851; baseline 0.004 -25"><span class='ocrx_word' id='word_1_120' title='bbox 211 1774 399 1844; x_wconf 79' lang='grc' dir='ltr'>ἁπλῆν</span> <span class='ocrx_word' id='word_1_121' title='bbox 442 1793 498 1829; x_wconf 87' lang='grc' dir='ltr'><strong>τε</strong></span> <span class='ocrx_word' id='word_1_122' title='bbox 556 1778 650 1830; x_wconf 85' lang='grc' dir='ltr'>καὶ</span> <span class='ocrx_word' id='word_1_123' title='bbox 699 1778 1007 1849; x_wconf 82' lang='grc' dir='ltr'>ἀδιαίρετον</span> <span class='ocrx_word' id='word_1_124' title='bbox 1063 1779 1324 1849; x_wconf 79' lang='grc' dir='ltr'>φρόνησιν</span> <span class='ocrx_word' id='word_1_125' title='bbox 1374 1779 1510 1851; x_wconf 82' lang='grc' dir='ltr'>πρὸς</span> <span class='ocrx_word' id='word_1_126' title='bbox 1552 1779 1643 1832; x_wconf 89' lang='grc' dir='ltr'><strong>τὸν</strong></span> <span class='ocrx_word' id='word_1_127' title='bbox 1667 1777 1790 1832; x_wconf 90' lang='grc' dir='ltr'>νοῦν</span> 
     </span>
    </p>
   </div>
   <div class='ocr_carea' id='block_1_20' title="bbox 208 1866 1785 1939">
    <p class='ocr_par' dir='ltr' id='par_1_20' title="bbox 208 1866 1785 1939">
     <span class='ocr_line' id='line_1_20' title="bbox 208 1866 1785 1939; baseline 0.003 -20"><span class='ocrx_word' id='word_1_128' title='bbox 208 1867 344 1930; x_wconf 77' lang='grc' dir='ltr'>τοὺς</span> <span class='ocrx_word' id='word_1_129' title='bbox 369 1866 555 1937; x_wconf 80' lang='lat'><strong>(139</strong></span> <span class='ocrx_word' id='word_1_130' title='bbox 581 1867 636 1937; x_wconf 83' lang='grc' dir='ltr'>α)</span> <span class='ocrx_word' id='word_1_131' title='bbox 665 1867 776 1921; x_wconf 90' lang='grc' dir='ltr'><strong>τῶν</strong></span> <span class='ocrx_word' id='word_1_132' title='bbox 804 1869 976 1922; x_wconf 76' lang='grc' dir='ltr'>ὅντων</span> <span class='ocrx_word' id='word_1_133' title='bbox 1015 1870 1208 1939; x_wconf 81' lang='grc' dir='ltr'>ἔχοντα</span> <span class='ocrx_word' id='word_1_134' title='bbox 1236 1871 1426 1938; x_wconf 80' lang='grc' dir='ltr'>λόγους</span> <span class='ocrx_word' id='word_1_135' title='bbox 1464 1871 1785 1936; x_wconf 78' lang='grc' dir='ltr'><strong>ἑνώσαντες,</strong></span> 
     </span>
    </p>
   </div>
   <div class='ocr_carea' id='block_1_21' title="bbox 210 1957 1790 2034">
    <p class='ocr_par' dir='ltr' id='par_1_21' title="bbox 210 1957 1790 2034">
     <span class='ocr_line' id='line_1_21' title="bbox 210 1957 1790 2034; baseline 0.004 -24"><span class='ocrx_word' id='word_1_136' title='bbox 210 1957 310 2010; x_wconf 87' lang='grc' dir='ltr'><strong>τὸν</strong></span> <span class='ocrx_word' id='word_1_137' title='bbox 331 1958 388 2011; x_wconf 79' lang='grc' dir='ltr'>δὲ</span> <span class='ocrx_word' id='word_1_138' title='bbox 413 1959 538 2013; x_wconf 83' lang='grc' dir='ltr'>νοῦν</span> <span class='ocrx_word' id='word_1_139' title='bbox 579 1960 677 2030; x_wconf 88' lang='grc' dir='ltr'>τῆς</span> <span class='ocrx_word' id='word_1_140' title='bbox 710 1962 841 2030; x_wconf 71' lang='grc' dir='ltr'>περὶ</span> <span class='ocrx_word' id='word_1_141' title='bbox 863 1961 933 2015; x_wconf 88' lang='grc' dir='ltr'><strong>τά</strong></span> <span class='ocrx_word' id='word_1_142' title='bbox 965 1961 1096 2015; x_wconf 78' lang='grc' dir='ltr'>ὄντα</span> <span class='ocrx_word' id='word_1_143' title='bbox 1148 1963 1326 2017; x_wconf 87' lang='grc' dir='ltr'>πάντα</span> <span class='ocrx_word' id='word_1_144' title='bbox 1373 1965 1643 2034; x_wconf 81' lang='grc' dir='ltr'>κινήσεως</span> <span class='ocrx_word' id='word_1_145' title='bbox 1692 1981 1790 2017; x_wconf 77' lang='grc' dir='ltr'>και</span> 
     </span>
    </p>
   </div>
   <div class='ocr_carea' id='block_1_22' title="bbox 211 2051 1787 2124">
    <p class='ocr_par' dir='ltr' id='par_1_22' title="bbox 211 2051 1787 2124">
     <span class='ocr_line' id='line_1_22' title="bbox 211 2051 1787 2124; baseline 0.004 -22"><span class='ocrx_word' id='word_1_146' title='bbox 211 2051 401 2120; x_wconf 87' lang='grc' dir='ltr'>θαρῶς</span> <span class='ocrx_word' id='word_1_147' title='bbox 439 2052 774 2107; x_wconf 83' lang='grc' dir='ltr'>άπολυθέντα</span> <span class='ocrx_word' id='word_1_148' title='bbox 804 2053 901 2107; x_wconf 63' lang='grc' dir='ltr'><strong>καλ⁵</strong></span> <span class='ocrx_word' id='word_1_149' title='bbox 930 2053 1102 2124; x_wconf 82' lang='grc' dir='ltr'>αὐτῆς</span> <span class='ocrx_word' id='word_1_150' title='bbox 1144 2055 1244 2124; x_wconf 85' lang='grc' dir='ltr'>τῆς</span> <span class='ocrx_word' id='word_1_151' title='bbox 1303 2055 1424 2107; x_wconf 81' lang='grc' dir='ltr'>καθ’</span> <span class='ocrx_word' id='word_1_152' title='bbox 1472 2055 1634 2108; x_wconf 79' lang='grc' dir='ltr'>αὐτὸν</span> <span class='ocrx_word' id='word_1_153' title='bbox 1685 2074 1787 2122; x_wconf 78' lang='grc' dir='ltr'>φυ·</span> 
     </span>
    </p>
   </div>
   <div class='ocr_carea' id='block_1_23' title="bbox 212 2143 1788 2218">
    <p class='ocr_par' dir='ltr' id='par_1_23' title="bbox 212 2143 1788 2218">
     <span class='ocr_line' id='line_1_23' title="bbox 212 2143 1788 2218; baseline 0.004 -24"><span class='ocrx_word' id='word_1_154' title='bbox 212 2143 382 2211; x_wconf 86' lang='grc' dir='ltr'>σικῆς</span> <span class='ocrx_word' id='word_1_155' title='bbox 407 2143 687 2214; x_wconf 72' lang='grc' dir='ltr'>ἐνεργείας</span> <span class='ocrx_word' id='word_1_156' title='bbox 710 2145 1023 2218; x_wconf 80' lang='grc' dir='ltr'>ἠρεμοῦντα</span> <span class='ocrx_word' id='word_1_157' title='bbox 1044 2145 1123 2217; x_wconf 81' lang='grc' dir='ltr'>τῷ</span> <span class='ocrx_word' id='word_1_158' title='bbox 1151 2145 1270 2217; x_wconf 85' lang='grc' dir='ltr'><strong>Θεῷ</strong></span> <span class='ocrx_word' id='word_1_159' title='bbox 1295 2148 1788 2217; x_wconf 83' lang='grc' dir='ltr'>προσκομίσαντες,</span> 
     </span>
    </p>
   </div>
   <div class='ocr_carea' id='block_1_24' title="bbox 209 2233 1790 2310">
    <p class='ocr_par' dir='ltr' id='par_1_24' title="bbox 209 2233 1790 2310">
     <span class='ocr_line' id='line_1_24' title="bbox 209 2233 1790 2310; baseline 0.004 -25"><span class='ocrx_word' id='word_1_160' title='bbox 209 2233 340 2285; x_wconf 76' lang='grc' dir='ltr'>καθ’</span> <span class='ocrx_word' id='word_1_161' title='bbox 398 2234 457 2288; x_wconf 83' lang='grc' dir='ltr'>ὃν</span> <span class='ocrx_word' id='word_1_162' title='bbox 489 2234 683 2298; x_wconf 88' lang='grc' dir='ltr'>όλικῶς</span> <span class='ocrx_word' id='word_1_163' title='bbox 729 2235 867 2305; x_wconf 87' lang='grc' dir='ltr'>πρὸς</span> <span class='ocrx_word' id='word_1_164' title='bbox 910 2235 1044 2291; x_wconf 89' lang='grc' dir='ltr'>Θεὸν</span> <span class='ocrx_word' id='word_1_165' title='bbox 1102 2237 1480 2306; x_wconf 82' lang='grc' dir='ltr'>συναχθέντες,</span> <span class='ocrx_word' id='word_1_166' title='bbox 1533 2238 1646 2290; x_wconf 86' lang='grc' dir='ltr'>ὃλοι</span> <span class='ocrx_word' id='word_1_167' title='bbox 1685 2240 1790 2310; x_wconf 83' lang='grc' dir='ltr'>ὅλῳ</span> 
     </span>
    </p>
   </div>
   <div class='ocr_carea' id='block_1_25' title="bbox 207 2324 1788 2399">
    <p class='ocr_par' dir='ltr' id='par_1_25' title="bbox 207 2324 1788 2399">
     <span class='ocr_line' id='line_1_25' title="bbox 207 2324 1788 2399; baseline 0.004 -23"><span class='ocrx_word' id='word_1_168' title='bbox 207 2324 334 2395; x_wconf 82' lang='grc' dir='ltr'>Θεῷ</span> <span class='ocrx_word' id='word_1_169' title='bbox 387 2325 726 2396; x_wconf 80' lang='grc' dir='ltr'>ὲγκραθῆναι</span> <span class='ocrx_word' id='word_1_170' title='bbox 787 2326 876 2380; x_wconf 83' lang='grc' dir='ltr'><strong>διὰ</strong></span> <span class='ocrx_word' id='word_1_171' title='bbox 931 2327 1028 2380; x_wconf 86' lang='grc' dir='ltr'><strong>τοῦ</strong></span> <span class='ocrx_word' id='word_1_172' title='bbox 1083 2328 1395 2397; x_wconf 82' lang='grc' dir='ltr'>πνεύματος</span> <span class='ocrx_word' id='word_1_173' title='bbox 1453 2328 1788 2399; x_wconf 75' lang='grc' dir='ltr'>ἠξιώθησαν,</span> 
     </span>
    </p>
   </div>
   <div class='ocr_carea' id='block_1_26' title="bbox 207 2417 1793 2492">
    <p class='ocr_par' dir='ltr' id='par_1_26' title="bbox 207 2417 1793 2492">
     <span class='ocr_line' id='line_1_26' title="bbox 207 2417 1793 2492; baseline 0.004 -24"><span class='ocrx_word' id='word_1_174' title='bbox 207 2417 344 2489; x_wconf 78' lang='grc' dir='ltr'>ὃλην</span> <span class='ocrx_word' id='word_1_175' title='bbox 373 2417 467 2470; x_wconf 87' lang='grc' dir='ltr'><strong>τοῦ</strong></span> <span class='ocrx_word' id='word_1_176' title='bbox 531 2418 857 2490; x_wconf 69' lang='grc' dir='ltr'>ἐπουρανίου</span> <span class='ocrx_word' id='word_1_177' title='bbox 907 2419 1049 2475; x_wconf 86' lang='grc' dir='ltr'><strong>κατά</strong></span> <span class='ocrx_word' id='word_1_178' title='bbox 1094 2420 1155 2474; x_wconf 87' lang='grc' dir='ltr'><strong>τὸ</strong></span> <span class='ocrx_word' id='word_1_179' title='bbox 1203 2420 1428 2474; x_wconf 90' lang='grc' dir='ltr'>δυνατὸν</span> <span class='ocrx_word' id='word_1_180' title='bbox 1485 2421 1793 2492; x_wconf 74' lang='grc' dir='ltr'>ἀνθρώποις</span> 
     </span>
    </p>
   </div>
   <div class='ocr_carea' id='block_1_27' title="bbox 207 2508 1790 2580">
    <p class='ocr_par' dir='ltr' id='par_1_27' title="bbox 207 2508 1790 2580">
     <span class='ocr_line' id='line_1_27' title="bbox 207 2508 1790 2580; baseline 0.004 -20"><span class='ocrx_word' id='word_1_181' title='bbox 207 2508 315 2578; x_wconf 80' lang='grc' dir='ltr'>τὴν</span> <span class='ocrx_word' id='word_1_182' title='bbox 373 2508 559 2562; x_wconf 80' lang='grc' dir='ltr'>εἰκόνα</span> <span class='ocrx_word' id='word_1_183' title='bbox 609 2509 963 2580; x_wconf 81' lang='grc' dir='ltr'>φορέσαντες,</span> <span class='ocrx_word' id='word_1_184' title='bbox 1019 2511 1115 2564; x_wconf 73' lang='grc' dir='ltr'>καὶ</span> <span class='ocrx_word' id='word_1_185' title='bbox 1164 2511 1392 2565; x_wconf 80' lang='grc' dir='ltr'>τοσοῦτο</span> <span class='ocrx_word' id='word_1_186' title='bbox 1438 2513 1483 2545; x_wconf 76' lang='grc'><strong>⁸³</strong></span> <span class='ocrx_word' id='word_1_187' title='bbox 1539 2513 1790 2580; x_wconf 79' lang='grc' dir='ltr'>ἕλξαντες</span> 
     </span>
    </p>
   </div>
   <div class='ocr_carea' id='block_1_28' title="bbox 208 2601 1790 2676">
    <p class='ocr_par' dir='ltr' id='par_1_28' title="bbox 208 2601 1790 2676">
     <span class='ocr_line' id='line_1_28' title="bbox 208 2601 1790 2676; baseline 0.006 -23"><span class='ocrx_word' id='word_1_188' title='bbox 208 2601 317 2670; x_wconf 81' lang='grc' dir='ltr'>τῆς</span> <span class='ocrx_word' id='word_1_189' title='bbox 357 2601 506 2667; x_wconf 77' lang='grc' dir='ltr'>θείας</span> <span class='ocrx_word' id='word_1_190' title='bbox 541 2603 856 2672; x_wconf 73' lang='grc' dir='ltr'>ἐμφάσεως,</span> <span class='ocrx_word' id='word_1_191' title='bbox 891 2605 941 2658; x_wconf 84' lang='grc' dir='ltr'><strong>εί</strong></span> <span class='ocrx_word' id='word_1_192' title='bbox 988 2605 1149 2676; x_wconf 78' lang='grc' dir='ltr'>θέμις</span> <span class='ocrx_word' id='word_1_193' title='bbox 1206 2605 1366 2659; x_wconf 88' lang='grc' dir='ltr'>τοῦτο</span> <span class='ocrx_word' id='word_1_194' title='bbox 1418 2609 1612 2673; x_wconf 86' lang='grc' dir='ltr'>είπεῖν,</span> <span class='ocrx_word' id='word_1_195' title='bbox 1669 2611 1790 2663; x_wconf 87' lang='grc' dir='ltr'>ὅσον</span> 
     </span>
    </p>
   </div>
   <div class='ocr_carea' id='block_1_29' title="bbox 210 2691 1793 2772">
    <p class='ocr_par' dir='ltr' id='par_1_29' title="bbox 210 2691 1793 2772">
     <span class='ocr_line' id='line_1_29' title="bbox 210 2691 1793 2772; baseline 0.009 -30"><span class='ocrx_word' id='word_1_196' title='bbox 210 2691 500 2761; x_wconf 78' lang='grc' dir='ltr'>ἑλχθέντες</span> <span class='ocrx_word' id='word_1_197' title='bbox 551 2694 706 2746; x_wconf 73' lang='grc' dir='ltr'>αὐτοὶ</span> <span class='ocrx_word' id='word_1_198' title='bbox 763 2694 840 2765; x_wconf 84' lang='grc' dir='ltr'>τῷ</span> <span class='ocrx_word' id='word_1_199' title='bbox 884 2695 1005 2766; x_wconf 86' lang='grc' dir='ltr'>Θεῷ</span> <span class='ocrx_word' id='word_1_200' title='bbox 1065 2698 1450 2768; x_wconf 84' lang='grc' dir='ltr'>συνετέθησαν.</span> <span class='ocrx_word' id='word_1_201' title='bbox 1501 2702 1637 2753; x_wconf 72' lang='grc' dir='ltr'>Φασὶ</span> <span class='ocrx_word' id='word_1_202' title='bbox 1687 2703 1793 2772; x_wconf 83' lang='grc' dir='ltr'><strong>γάρ</strong></span> 
     </span>
    </p>
   </div>
   <div class='ocr_carea' id='block_1_30' title="bbox 209 2779 1795 2856">
    <p class='ocr_par' dir='ltr' id='par_1_30' title="bbox 209 2779 1795 2856">
     <span class='ocr_line' id='line_1_30' title="bbox 209 2779 1795 2856; baseline 0.006 -20"><span class='ocrx_word' id='word_1_203' title='bbox 209 2781 462 2851; x_wconf 80' lang='grc' dir='ltr'>ἀλλήλων</span> <span class='ocrx_word' id='word_1_204' title='bbox 489 2779 630 2838; x_wconf 75' lang='grc' dir='ltr'>εἶναι</span> <span class='ocrx_word' id='word_1_205' title='bbox 659 2786 1085 2856; x_wconf 87' lang='grc' dir='ltr'>παραδείγματα</span> <span class='ocrx_word' id='word_1_206' title='bbox 1120 2788 1212 2842; x_wconf 89' lang='grc' dir='ltr'><strong>τὸν</strong></span> <span class='ocrx_word' id='word_1_207' title='bbox 1247 2790 1382 2844; x_wconf 83' lang='grc' dir='ltr'>Θεὸν</span> <span class='ocrx_word' id='word_1_208' title='bbox 1412 2791 1506 2844; x_wconf 72' lang='grc' dir='ltr'>καὶ</span> <span class='ocrx_word' id='word_1_209' title='bbox 1565 2791 1654 2844; x_wconf 82' lang='grc' dir='ltr'><strong>τὸν</strong></span> <span class='ocrx_word' id='word_1_210' title='bbox 1699 2792 1795 2845; x_wconf 79' lang='grc' dir='ltr'><strong>ἄν-</strong></span> 
     </span>
    </p>
   </div>
   <div class='ocr_carea' id='block_1_31' title="bbox 213 2873 1796 2951">
    <p class='ocr_par' dir='ltr' id='par_1_31' title="bbox 213 2873 1796 2951">
     <span class='ocr_line' id='line_1_31' title="bbox 213 2873 1796 2951; baseline 0.01 -28"><span class='ocrx_word' id='word_1_211' title='bbox 213 2873 456 2942; x_wconf 84' lang='grc' dir='ltr'>θρωπον,</span> <span class='ocrx_word' id='word_1_212' title='bbox 487 2875 582 2928; x_wconf 77' lang='grc' dir='ltr'>καὶ</span> <span class='ocrx_word' id='word_1_213' title='bbox 609 2876 867 2930; x_wconf 88' lang='grc' dir='ltr'>τοσοῦτον</span> <span class='ocrx_word' id='word_1_214' title='bbox 915 2878 994 2948; x_wconf 86' lang='grc' dir='ltr'>τῷ</span> <span class='ocrx_word' id='word_1_215' title='bbox 1051 2879 1327 2951; x_wconf 84' lang='grc' dir='ltr'>ἀνθρώπῳ</span> <span class='ocrx_word' id='word_1_216' title='bbox 1389 2883 1482 2936; x_wconf 86' lang='grc' dir='ltr'><strong>τὸν</strong></span> <span class='ocrx_word' id='word_1_217' title='bbox 1533 2884 1666 2937; x_wconf 87' lang='grc' dir='ltr'>Θεὸν</span> <span class='ocrx_word' id='word_1_218' title='bbox 1710 2886 1796 2940; x_wconf 68' lang='grc' dir='ltr'><strong>διὰ</strong></span> 
     </span>
    </p>
   </div>
   <div class='ocr_carea' id='block_1_32' title="bbox 214 2963 1797 3044">
    <p class='ocr_par' dir='ltr' id='par_1_32' title="bbox 214 2963 1797 3044">
     <span class='ocr_line' id='line_1_32' title="bbox 214 2963 1797 3044; baseline 0.01 -31"><span class='ocrx_word' id='word_1_219' title='bbox 214 2963 635 3034; x_wconf 77' lang='grc' dir='ltr'>φιλανθρωπίαν</span> <span class='ocrx_word' id='word_1_220' title='bbox 699 2967 1172 3037; x_wconf 72' lang='grc' dir='ltr'>ἀνθρωπίζεσθαι,</span> <span class='ocrx_word' id='word_1_221' title='bbox 1246 2973 1370 3024; x_wconf 83' lang='grc' dir='ltr'>ὅσον</span> <span class='ocrx_word' id='word_1_222' title='bbox 1437 2975 1465 3025; x_wconf 84' lang='grc' dir='ltr'><em>ὁ</em></span> <span class='ocrx_word' id='word_1_223' title='bbox 1510 2974 1797 3044; x_wconf 78' lang='grc' dir='ltr'>ἄνθρωπος</span> 
     </span>
    </p>
   </div>
   <div class='ocr_carea' id='block_1_33' title="bbox 1882 602 3452 671">
    <p class='ocr_par' dir='ltr' id='par_1_33' title="bbox 1882 602 3452 671">
     <span class='ocr_line' id='line_1_33' title="bbox 1882 602 3452 671; baseline 0.004 -20"><span class='ocrx_word' id='word_1_224' title='bbox 1882 617 2002 668; x_wconf 80' lang='lat' dir='ltr'><strong>quae</strong></span> <span class='ocrx_word' id='word_1_225' title='bbox 2037 612 2165 654; x_wconf 81' lang='lat' dir='ltr'><strong>sunt</strong></span> <span class='ocrx_word' id='word_1_226' title='bbox 2199 602 2377 670; x_wconf 90' lang='lat' dir='ltr'><strong>ipsum</strong></span> <span class='ocrx_word' id='word_1_227' title='bbox 2415 618 2512 671; x_wconf 90' lang='lat' dir='ltr'><strong>per</strong></span> <span class='ocrx_word' id='word_1_228' title='bbox 2545 604 2923 655; x_wconf 79' lang='lat' dir='ltr'><strong>excellentiam</strong></span> <span class='ocrx_word' id='word_1_229' title='bbox 2963 605 3268 660; x_wconf 59' lang='lat' dir='ltr'><strong>cognoscit.</strong></span> <span class='ocrx_word' id='word_1_230' title='bbox 3298 607 3452 660; x_wconf 77' lang='lat' dir='ltr'><strong>Alte-</strong></span> 
     </span>
    </p>
   </div>
   <div class='ocr_carea' id='block_1_34' title="bbox 1883 693 3452 766">
    <p class='ocr_par' dir='ltr' id='par_1_34' title="bbox 1883 693 3452 766">
     <span class='ocr_line' id='line_1_34' title="bbox 1883 693 3452 766; baseline 0.005 -23"><span class='ocrx_word' id='word_1_231' title='bbox 1883 707 2004 744; x_wconf 90' lang='lat' dir='ltr'><strong>rum</strong></span> <span class='ocrx_word' id='word_1_232' title='bbox 2033 707 2164 745; x_wconf 71' lang='lat' dir='ltr'><strong>vero</strong></span> <span class='ocrx_word' id='word_1_233' title='bbox 2197 693 2497 746; x_wconf 84' lang='lat' dir='ltr'><strong>secundum</strong></span> <span class='ocrx_word' id='word_1_234' title='bbox 2533 709 2752 746; x_wconf 83' lang='lat' dir='ltr'><strong>causam</strong></span> <span class='ocrx_word' id='word_1_235' title='bbox 2787 694 3129 747; x_wconf 79' lang='lat' dir='ltr'><strong>dillimtivam</strong></span> <span class='ocrx_word' id='word_1_236' title='bbox 3165 697 3452 766; x_wconf 81' lang='lat' dir='ltr'><strong>incogniti,</strong></span> 
     </span>
    </p>
   </div>
   <div class='ocr_carea' id='block_1_35' title="bbox 1883 786 3456 854">
    <p class='ocr_par' dir='ltr' id='par_1_35' title="bbox 1883 786 3456 854">
     <span class='ocr_line' id='line_1_35' title="bbox 1883 786 3456 854; baseline 0.003 -20"><span class='ocrx_word' id='word_1_237' title='bbox 1883 800 1982 854; x_wconf 87' lang='lat' dir='ltr'><strong>per</strong></span> <span class='ocrx_word' id='word_1_238' title='bbox 2007 800 2171 852; x_wconf 88' lang='lat' dir='ltr'><strong>quem</strong></span> <span class='ocrx_word' id='word_1_239' title='bbox 2203 786 2526 838; x_wconf 66' lang='lat' dir='ltr'><strong>naturaliter</strong></span> <span class='ocrx_word' id='word_1_240' title='bbox 2555 795 2722 846; x_wconf 85' lang='lat' dir='ltr'><strong>mota,</strong></span> <span class='ocrx_word' id='word_1_241' title='bbox 2755 802 2944 838; x_wconf 73' lang='lat' dir='ltr'><strong>omnes</strong></span> <span class='ocrx_word' id='word_1_242' title='bbox 2977 790 3255 841; x_wconf 80' lang='lat' dir='ltr'><strong>naturales</strong></span> <span class='ocrx_word' id='word_1_243' title='bbox 3290 790 3456 841; x_wconf 88' lang='lat' dir='ltr'><strong>ratio-</strong></span> 
     </span>
    </p>
   </div>
   <div class='ocr_carea' id='block_1_36' title="bbox 1886 876 3452 943">
    <p class='ocr_par' dir='ltr' id='par_1_36' title="bbox 1886 876 3452 943">
     <span class='ocr_line' id='line_1_36' title="bbox 1886 876 3452 943; baseline 0.002 -17"><span class='ocrx_word' id='word_1_244' title='bbox 1886 890 2001 932; x_wconf 73' lang='lat' dir='ltr'><strong>res,</strong></span> <span class='ocrx_word' id='word_1_245' title='bbox 2026 891 2124 942; x_wconf 82' lang='lat' dir='ltr'><strong>per</strong></span> <span class='ocrx_word' id='word_1_246' title='bbox 2146 890 2364 927; x_wconf 84' lang='lat' dir='ltr'><strong>causam</strong></span> <span class='ocrx_word' id='word_1_247' title='bbox 2395 876 2739 928; x_wconf 83' lang='lat' dir='ltr'><strong>solummodo</strong></span> <span class='ocrx_word' id='word_1_248' title='bbox 2767 877 2994 943; x_wconf 74' lang='lat' dir='ltr'><strong>cogniti,</strong></span> <span class='ocrx_word' id='word_1_249' title='bbox 3019 879 3147 929; x_wconf 89' lang='lat' dir='ltr'><strong>dum</strong></span> <span class='ocrx_word' id='word_1_250' title='bbox 3174 879 3286 931; x_wconf 81' lang='lat' dir='ltr'><strong>sint</strong></span> <span class='ocrx_word' id='word_1_251' title='bbox 3310 879 3365 930; x_wconf 90' lang='lat' dir='ltr'><strong>in</strong></span> <span class='ocrx_word' id='word_1_252' title='bbox 3391 893 3452 929; x_wconf 87' lang='lat' dir='ltr'><strong>ea</strong></span> 
     </span>
    </p>
   </div>
   <div class='ocr_carea' id='block_1_37' title="bbox 1885 965 3451 1036">
    <p class='ocr_par' dir='ltr' id='par_1_37' title="bbox 1885 965 3451 1036">
     <span class='ocr_line' id='line_1_37' title="bbox 1885 965 3451 1036; baseline 0.002 -18"><span class='ocrx_word' id='word_1_253' title='bbox 1885 965 2254 1030; x_wconf 82' lang='lat' dir='ltr'><strong>formatrices,</strong></span> <span class='ocrx_word' id='word_1_254' title='bbox 2292 966 2394 1019; x_wconf 86' lang='lat' dir='ltr'><strong>sibi</strong></span> <span class='ocrx_word' id='word_1_255' title='bbox 2447 967 2548 1035; x_wconf 87' lang='lat' dir='ltr'><strong>ipsi</strong></span> <span class='ocrx_word' id='word_1_256' title='bbox 2597 985 2694 1036; x_wconf 86' lang='lat' dir='ltr'><strong>per</strong></span> <span class='ocrx_word' id='word_1_257' title='bbox 2734 969 3109 1034; x_wconf 90' lang='lat' dir='ltr'><strong>operationem</strong></span> <span class='ocrx_word' id='word_1_258' title='bbox 3153 969 3451 1021; x_wconf 85' lang='lat' dir='ltr'><strong>secundum</strong></span> 
     </span>
    </p>
   </div>
   <div class='ocr_carea' id='block_1_38' title="bbox 1885 1058 3450 1127">
    <p class='ocr_par' dir='ltr' id='par_1_38' title="bbox 1885 1058 3450 1127">
     <span class='ocr_line' id='line_1_38' title="bbox 1885 1058 3450 1127; baseline 0.004 -19"><span class='ocrx_word' id='word_1_259' title='bbox 1885 1060 2170 1111; x_wconf 80' lang='lat' dir='ltr'><strong>scientiam</strong></span> <span class='ocrx_word' id='word_1_260' title='bbox 2226 1058 2478 1127; x_wconf 91' lang='lat' dir='ltr'><strong>imponit.</strong></span> <span class='ocrx_word' id='word_1_261' title='bbox 2530 1058 2774 1112; x_wconf 85' lang='lat' dir='ltr'><strong>Tertium</strong></span> <span class='ocrx_word' id='word_1_262' title='bbox 2824 1070 3005 1113; x_wconf 88' lang='lat' dir='ltr'><strong>autem</strong></span> <span class='ocrx_word' id='word_1_263' title='bbox 3060 1062 3450 1127; x_wconf 87' lang='lat' dir='ltr'><strong>compositum,</strong></span> 
     </span>
    </p>
   </div>
   <div class='ocr_carea' id='block_1_39' title="bbox 1886 1151 3460 1219">
    <p class='ocr_par' dir='ltr' id='par_1_39' title="bbox 1886 1151 3460 1219">
     <span class='ocr_line' id='line_1_39' title="bbox 1886 1151 3460 1219; baseline 0.001 -17"><span class='ocrx_word' id='word_1_264' title='bbox 1886 1164 1985 1216; x_wconf 89' lang='lat' dir='ltr'><strong>per</strong></span> <span class='ocrx_word' id='word_1_265' title='bbox 2009 1165 2171 1217; x_wconf 89' lang='lat' dir='ltr'><strong>quem</strong></span> <span class='ocrx_word' id='word_1_266' title='bbox 2199 1165 2262 1202; x_wconf 89' lang='lat' dir='ltr'><strong>ea</strong></span> <span class='ocrx_word' id='word_1_267' title='bbox 2294 1165 2414 1218; x_wconf 71' lang='lat' dir='ltr'><strong>quae</strong></span> <span class='ocrx_word' id='word_1_268' title='bbox 2439 1158 2592 1203; x_wconf 80' lang='lat' dir='ltr'><strong>extra</strong></span> <span class='ocrx_word' id='word_1_269' title='bbox 2620 1159 2747 1204; x_wconf 92' lang='lat' dir='ltr'><strong>sunt</strong></span> <span class='ocrx_word' id='word_1_270' title='bbox 2772 1160 3018 1219; x_wconf 84' lang='lat' dir='ltr'><strong>tangens,</strong></span> <span class='ocrx_word' id='word_1_271' title='bbox 3046 1151 3214 1204; x_wconf 77' lang='lat' dir='ltr'><strong>veluti</strong></span> <span class='ocrx_word' id='word_1_272' title='bbox 3243 1168 3309 1204; x_wconf 77' lang='lat' dir='ltr'><strong>ex</strong></span> <span class='ocrx_word' id='word_1_273' title='bbox 3338 1153 3460 1219; x_wconf 84' lang='lat' dir='ltr'><strong>qui-</strong></span> 
     </span>
    </p>
   </div>
   <div class='ocr_carea' id='block_1_40' title="bbox 1890 1243 3460 1312">
    <p class='ocr_par' dir='ltr' id='par_1_40' title="bbox 1890 1243 3460 1312">
     <span class='ocr_line' id='line_1_40' title="bbox 1890 1243 3460 1312; baseline -0.003 -15"><span class='ocrx_word' id='word_1_274' title='bbox 1890 1243 2116 1297; x_wconf 83' lang='lat' dir='ltr'><strong>busdam</strong></span> <span class='ocrx_word' id='word_1_275' title='bbox 2165 1244 2332 1312; x_wconf 81' lang='lat' dir='ltr'><strong>signis</strong></span> <span class='ocrx_word' id='word_1_276' title='bbox 2371 1244 2670 1298; x_wconf 80' lang='lat' dir='ltr'><strong>visibilium</strong></span> <span class='ocrx_word' id='word_1_277' title='bbox 2718 1245 2958 1297; x_wconf 86' lang='lat' dir='ltr'><strong>rationes</strong></span> <span class='ocrx_word' id='word_1_278' title='bbox 2993 1245 3138 1312; x_wconf 88' lang='lat' dir='ltr'><strong>apud</strong></span> <span class='ocrx_word' id='word_1_279' title='bbox 3183 1259 3241 1298; x_wconf 89' lang='lat' dir='ltr'><strong>se</strong></span> <span class='ocrx_word' id='word_1_280' title='bbox 3287 1243 3460 1312; x_wconf 87' lang='lat' dir='ltr'><strong>ipsam</strong></span> 
     </span>
    </p>
   </div>
   <div class='ocr_carea' id='block_1_41' title="bbox 1891 1332 3459 1402">
    <p class='ocr_par' dir='ltr' id='par_1_41' title="bbox 1891 1332 3459 1402">
     <span class='ocr_line' id='line_1_41' title="bbox 1891 1332 3459 1402; baseline -0.001 -16"><span class='ocrx_word' id='word_1_281' title='bbox 1891 1334 2170 1392; x_wconf 77' lang='lat' dir='ltr'><strong>reformat,</strong></span> <span class='ocrx_word' id='word_1_282' title='bbox 2199 1333 2619 1402; x_wconf 82' lang='lat' dir='ltr'><strong>magnanimiter</strong></span> <span class='ocrx_word' id='word_1_283' title='bbox 2651 1348 2748 1401; x_wconf 89' lang='lat' dir='ltr'><strong>per</strong></span> <span class='ocrx_word' id='word_1_284' title='bbox 2779 1333 2900 1395; x_wconf 88' lang='lat' dir='ltr'><strong>hos,</strong></span> <span class='ocrx_word' id='word_1_285' title='bbox 2935 1332 3239 1386; x_wconf 81' lang='lat' dir='ltr'><strong>secundum</strong></span> <span class='ocrx_word' id='word_1_286' title='bbox 3269 1348 3459 1387; x_wconf 84' lang='lat' dir='ltr'><strong>verum</strong></span> 
     </span>
    </p>
   </div>
   <div class='ocr_carea' id='block_1_42' title="bbox 1889 1422 3463 1492">
    <p class='ocr_par' dir='ltr' id='par_1_42' title="bbox 1889 1422 3463 1492">
     <span class='ocr_line' id='line_1_42' title="bbox 1889 1422 3463 1492; baseline -0.001 -15"><span class='ocrx_word' id='word_1_287' title='bbox 1889 1431 1945 1477; x_wconf 88' lang='lat' dir='ltr'><strong>et</strong></span> <span class='ocrx_word' id='word_1_288' title='bbox 1979 1422 2380 1476; x_wconf 70' lang='lat' dir='ltr'><strong>immutabilem</strong></span> <span class='ocrx_word' id='word_1_289' title='bbox 2417 1424 2680 1476; x_wconf 87' lang='lat' dir='ltr'><strong>naturalis</strong></span> <span class='ocrx_word' id='word_1_290' title='bbox 2719 1433 2903 1477; x_wconf 91' lang='lat' dir='ltr'><strong>motus</strong></span> <span class='ocrx_word' id='word_1_291' title='bbox 2943 1423 3189 1485; x_wconf 87' lang='lat' dir='ltr'><strong>modum,</strong></span> <span class='ocrx_word' id='word_1_292' title='bbox 3222 1438 3463 1492; x_wconf 68' lang='lat' dir='ltr'><strong>praesens</strong></span> 
     </span>
    </p>
   </div>
   <div class='ocr_carea' id='block_1_43' title="bbox 1891 1514 3460 1582">
    <p class='ocr_par' dir='ltr' id='par_1_43' title="bbox 1891 1514 3460 1582">
     <span class='ocr_line' id='line_1_43' title="bbox 1891 1514 3460 1582; baseline -0.001 -14"><span class='ocrx_word' id='word_1_293' title='bbox 1891 1515 2138 1570; x_wconf 86' lang='lat' dir='ltr'><strong>laborum</strong></span> <span class='ocrx_word' id='word_1_294' title='bbox 2169 1514 2428 1568; x_wconf 66' lang='lat' dir='ltr'><strong>smeulum</strong></span> <span class='ocrx_word' id='word_1_295' title='bbox 2463 1514 2945 1567; x_wconf 86' lang='lat' dir='ltr'><strong>transcenderunt.</strong></span> <span class='ocrx_word' id='word_1_296' title='bbox 2973 1514 3205 1567; x_wconf 81' lang='lat' dir='ltr'><strong>Sensum</strong></span> <span class='ocrx_word' id='word_1_297' title='bbox 3239 1514 3460 1582; x_wconf 86' lang='lat' dir='ltr'><strong>quidem</strong></span> 
     </span>
    </p>
   </div>
   <div class='ocr_carea' id='block_1_44' title="bbox 1892 1605 3465 1675">
    <p class='ocr_par' dir='ltr' id='par_1_44' title="bbox 1892 1605 3465 1675">
     <span class='ocr_line' id='line_1_44' title="bbox 1892 1605 3465 1675; baseline -0.002 -15"><span class='ocrx_word' id='word_1_298' title='bbox 1892 1607 2215 1675; x_wconf 82' lang='lat' dir='ltr'><strong>simpliciter</strong></span> <span class='ocrx_word' id='word_1_299' title='bbox 2263 1605 2580 1674; x_wconf 87' lang='lat' dir='ltr'><strong>spirituales</strong></span> <span class='ocrx_word' id='word_1_300' title='bbox 2631 1605 2776 1658; x_wconf 91' lang='lat' dir='ltr'><strong>solas</strong></span> <span class='ocrx_word' id='word_1_301' title='bbox 2825 1606 3065 1660; x_wconf 84' lang='lat' dir='ltr'><strong>rationes</strong></span> <span class='ocrx_word' id='word_1_302' title='bbox 3117 1606 3465 1660; x_wconf 86' lang='lat' dir='ltr'><strong>sensibilium</strong></span> 
     </span>
    </p>
   </div>
   <div class='ocr_carea' id='block_1_45' title="bbox 1894 1693 3463 1763">
    <p class='ocr_par' dir='ltr' id='par_1_45' title="bbox 1894 1693 3463 1763">
     <span class='ocr_line' id='line_1_45' title="bbox 1894 1693 3463 1763; baseline -0.001 -15"><span class='ocrx_word' id='word_1_303' title='bbox 1894 1695 2185 1748; x_wconf 80' lang='lat' dir='ltr'><strong>habentem</strong></span> <span class='ocrx_word' id='word_1_304' title='bbox 2221 1709 2320 1763; x_wconf 88' lang='lat' dir='ltr'><strong>per</strong></span> <span class='ocrx_word' id='word_1_305' title='bbox 2351 1693 2586 1747; x_wconf 86' lang='lat' dir='ltr'><strong>mediam</strong></span> <span class='ocrx_word' id='word_1_306' title='bbox 2623 1694 2892 1746; x_wconf 88' lang='lat' dir='ltr'><strong>rationem</strong></span> <span class='ocrx_word' id='word_1_307' title='bbox 2934 1694 3001 1747; x_wconf 84' lang='lat' dir='ltr'><strong>ad</strong></span> <span class='ocrx_word' id='word_1_308' title='bbox 3042 1694 3277 1747; x_wconf 88' lang='lat' dir='ltr'><strong>animam</strong></span> <span class='ocrx_word' id='word_1_309' title='bbox 3319 1694 3463 1746; x_wconf 79' lang='lat' dir='ltr'><strong>refc-</strong></span> 
     </span>
    </p>
   </div>
   <div class='ocr_carea' id='block_1_46' title="bbox 1896 1784 3465 1854">
    <p class='ocr_par' dir='ltr' id='par_1_46' title="bbox 1896 1784 3465 1854">
     <span class='ocr_line' id='line_1_46' title="bbox 1896 1784 3465 1854; baseline -0.001 -16"><span class='ocrx_word' id='word_1_310' title='bbox 1896 1795 2108 1849; x_wconf 85' lang='lat' dir='ltr'><strong>rentes;</strong></span> <span class='ocrx_word' id='word_1_311' title='bbox 2145 1787 2417 1840; x_wconf 89' lang='lat' dir='ltr'><strong>rationcm</strong></span> <span class='ocrx_word' id='word_1_312' title='bbox 2451 1800 2584 1839; x_wconf 80' lang='lat' dir='ltr'><strong>vero</strong></span> <span class='ocrx_word' id='word_1_313' title='bbox 2620 1784 2970 1838; x_wconf 80' lang='lat' dir='ltr'><strong>uniformitcr</strong></span> <span class='ocrx_word' id='word_1_314' title='bbox 3001 1801 3098 1854; x_wconf 91' lang='lat' dir='ltr'><strong>per</strong></span> <span class='ocrx_word' id='word_1_315' title='bbox 3131 1800 3295 1838; x_wconf 89' lang='lat' dir='ltr'><strong>unam</strong></span> <span class='ocrx_word' id='word_1_316' title='bbox 3331 1785 3465 1838; x_wconf 91' lang='lat' dir='ltr'><strong>sim—</strong></span> 
     </span>
    </p>
   </div>
   <div class='ocr_carea' id='block_1_47' title="bbox 1892 1875 3466 1946">
    <p class='ocr_par' dir='ltr' id='par_1_47' title="bbox 1892 1875 3466 1946">
     <span class='ocr_line' id='line_1_47' title="bbox 1892 1875 3466 1946; baseline -0.003 -16"><span class='ocrx_word' id='word_1_317' title='bbox 1892 1877 2146 1946; x_wconf 86' lang='lat' dir='ltr'><strong>plamque</strong></span> <span class='ocrx_word' id='word_1_318' title='bbox 2191 1887 2355 1945; x_wconf 90' lang='lat' dir='ltr'><strong>atque</strong></span> <span class='ocrx_word' id='word_1_319' title='bbox 2402 1877 2823 1945; x_wconf 87' lang='lat' dir='ltr'><strong>inseparabilem</strong></span> <span class='ocrx_word' id='word_1_320' title='bbox 2873 1875 3220 1944; x_wconf 87' lang='lat' dir='ltr'><strong>prudentiam</strong></span> <span class='ocrx_word' id='word_1_321' title='bbox 3274 1890 3466 1929; x_wconf 89' lang='lat' dir='ltr'><strong>eorum</strong></span> 
     </span>
    </p>
   </div>
   <div class='ocr_carea' id='block_1_48' title="bbox 1888 1964 3466 2037">
    <p class='ocr_par' dir='ltr' id='par_1_48' title="bbox 1888 1964 3466 2037">
     <span class='ocr_line' id='line_1_48' title="bbox 1888 1964 3466 2037; baseline -0.003 -15"><span class='ocrx_word' id='word_1_322' title='bbox 1888 1983 2009 2037; x_wconf 60' lang='lat' dir='ltr'><strong>qua:</strong></span> <span class='ocrx_word' id='word_1_323' title='bbox 2067 1978 2196 2022; x_wconf 91' lang='lat' dir='ltr'><strong>sunt</strong></span> <span class='ocrx_word' id='word_1_324' title='bbox 2248 1967 2542 2021; x_wconf 84' lang='lat' dir='ltr'><strong>habentem</strong></span> <span class='ocrx_word' id='word_1_325' title='bbox 2597 1967 2842 2020; x_wconf 81' lang='lat' dir='ltr'><strong>rationes</strong></span> <span class='ocrx_word' id='word_1_326' title='bbox 2893 1965 3078 2018; x_wconf 89' lang='lat' dir='ltr'><strong>animo</strong></span> <span class='ocrx_word' id='word_1_327' title='bbox 3129 1964 3466 2025; x_wconf 88' lang='lat' dir='ltr'><strong>adunantes,</strong></span> 
     </span>
    </p>
   </div>
   <div class='ocr_carea' id='block_1_49' title="bbox 1890 2056 3466 2128">
    <p class='ocr_par' dir='ltr' id='par_1_49' title="bbox 1890 2056 3466 2128">
     <span class='ocr_line' id='line_1_49' title="bbox 1890 2056 3466 2128; baseline -0.004 -16"><span class='ocrx_word' id='word_1_328' title='bbox 1890 2059 2069 2128; x_wconf 87' lang='lat' dir='ltr'><strong>ipsum</strong></span> <span class='ocrx_word' id='word_1_329' title='bbox 2105 2067 2287 2113; x_wconf 90' lang='lat' dir='ltr'><strong>autem</strong></span> <span class='ocrx_word' id='word_1_330' title='bbox 2325 2058 2567 2112; x_wconf 87' lang='lat' dir='ltr'><strong>animum</strong></span> <span class='ocrx_word' id='word_1_331' title='bbox 2602 2057 2748 2111; x_wconf 88' lang='lat' dir='ltr'><strong>circa</strong></span> <span class='ocrx_word' id='word_1_332' title='bbox 2786 2056 2971 2110; x_wconf 90' lang='lat' dir='ltr'><strong>omnia</strong></span> <span class='ocrx_word' id='word_1_333' title='bbox 3002 2072 3122 2124; x_wconf 75' lang='lat' dir='ltr'><strong>qum</strong></span> <span class='ocrx_word' id='word_1_334' title='bbox 3157 2066 3287 2109; x_wconf 92' lang='lat' dir='ltr'><strong>sunt</strong></span> <span class='ocrx_word' id='word_1_335' title='bbox 3315 2061 3466 2108; x_wconf 90' lang='lat' dir='ltr'><strong>motu</strong></span> 
     </span>
    </p>
   </div>
   <div class='ocr_carea' id='block_1_50' title="bbox 1891 2141 3468 2217">
    <p class='ocr_par' dir='ltr' id='par_1_50' title="bbox 1891 2141 3468 2217">
     <span class='ocr_line' id='line_1_50' title="bbox 1891 2141 3468 2217; baseline -0.006 -14"><span class='ocrx_word' id='word_1_336' title='bbox 1891 2165 2025 2217; x_wconf 91' lang='lat' dir='ltr'><strong>pure</strong></span> <span class='ocrx_word' id='word_1_337' title='bbox 2070 2149 2401 2210; x_wconf 85' lang='lat' dir='ltr'><strong>absolutum,</strong></span> <span class='ocrx_word' id='word_1_338' title='bbox 2425 2155 2482 2200; x_wconf 91' lang='lat' dir='ltr'><strong>et</strong></span> <span class='ocrx_word' id='word_1_339' title='bbox 2516 2146 2586 2199; x_wconf 90' lang='lat' dir='ltr'><strong>ab</strong></span> <span class='ocrx_word' id='word_1_340' title='bbox 2629 2146 2739 2214; x_wconf 84' lang='lat' dir='ltr'><strong>ipsa</strong></span> <span class='ocrx_word' id='word_1_341' title='bbox 2783 2144 3087 2198; x_wconf 85' lang='lat' dir='ltr'><strong>secundum</strong></span> <span class='ocrx_word' id='word_1_342' title='bbox 3130 2158 3188 2197; x_wconf 91' lang='lat' dir='ltr'><strong>se</strong></span> <span class='ocrx_word' id='word_1_343' title='bbox 3229 2141 3468 2196; x_wconf 89' lang='lat' dir='ltr'><strong>naturali</strong></span> 
     </span>
    </p>
   </div>
   <div class='ocr_carea' id='block_1_51' title="bbox 1891 2231 3461 2309">
    <p class='ocr_par' dir='ltr' id='par_1_51' title="bbox 1891 2231 3461 2309">
     <span class='ocr_line' id='line_1_51' title="bbox 1891 2231 3461 2309; baseline -0.005 -18"><span class='ocrx_word' id='word_1_344' title='bbox 1891 2239 2207 2309; x_wconf 82' lang='lat' dir='ltr'><strong>Operatione</strong></span> <span class='ocrx_word' id='word_1_345' title='bbox 2239 2237 2488 2306; x_wconf 90' lang='lat' dir='ltr'><strong>quietum</strong></span> <span class='ocrx_word' id='word_1_346' title='bbox 2525 2236 2633 2289; x_wconf 91' lang='lat' dir='ltr'><strong>Deo</strong></span> <span class='ocrx_word' id='word_1_347' title='bbox 2666 2235 2995 2296; x_wconf 72' lang='lat' dir='ltr'><strong>ollerentes,</strong></span> <span class='ocrx_word' id='word_1_348' title='bbox 3028 2247 3126 2302; x_wconf 89' lang='lat' dir='ltr'><strong>per</strong></span> <span class='ocrx_word' id='word_1_349' title='bbox 3159 2247 3288 2286; x_wconf 87' lang='lat' dir='ltr'><strong>eum</strong></span> <span class='ocrx_word' id='word_1_350' title='bbox 3333 2231 3461 2284; x_wconf 88' lang='lat' dir='ltr'><strong>uni-</strong></span> 
     </span>
    </p>
   </div>
   <div class='ocr_carea' id='block_1_52' title="bbox 1891 2322 3470 2387">
    <p class='ocr_par' dir='ltr' id='par_1_52' title="bbox 1891 2322 3470 2387">
     <span class='ocr_line' id='line_1_52' title="bbox 1891 2322 3470 2387; baseline -0.004 -7"><span class='ocrx_word' id='word_1_351' title='bbox 1891 2329 2181 2384; x_wconf 83' lang='lat' dir='ltr'><strong>versaliter</strong></span> <span class='ocrx_word' id='word_1_352' title='bbox 2211 2327 2278 2381; x_wconf 90' lang='lat' dir='ltr'><strong>ad</strong></span> <span class='ocrx_word' id='word_1_353' title='bbox 2307 2329 2477 2382; x_wconf 88' lang='lat' dir='ltr'><strong>Deum</strong></span> <span class='ocrx_word' id='word_1_354' title='bbox 2511 2324 3043 2387; x_wconf 87' lang='lat' dir='ltr'><strong>condescendentes,</strong></span> <span class='ocrx_word' id='word_1_355' title='bbox 3075 2322 3175 2376; x_wconf 92' lang='lat' dir='ltr'><strong>toti</strong></span> <span class='ocrx_word' id='word_1_356' title='bbox 3214 2329 3329 2376; x_wconf 91' lang='lat' dir='ltr'><strong>toto</strong></span> <span class='ocrx_word' id='word_1_357' title='bbox 3360 2322 3470 2376; x_wconf 89' lang='lat' dir='ltr'><strong>Deo</strong></span> 
     </span>
    </p>
   </div>
   <div class='ocr_carea' id='block_1_53' title="bbox 1892 2417 3474 2490">
    <p class='ocr_par' dir='ltr' id='par_1_53' title="bbox 1892 2417 3474 2490">
     <span class='ocr_line' id='line_1_53' title="bbox 1892 2417 3474 2490; baseline -0.005 -14"><span class='ocrx_word' id='word_1_358' title='bbox 1892 2421 2163 2476; x_wconf 90' lang='lat' dir='ltr'><strong>contineri</strong></span> <span class='ocrx_word' id='word_1_359' title='bbox 2198 2435 2295 2490; x_wconf 89' lang='lat' dir='ltr'><strong>per</strong></span> <span class='ocrx_word' id='word_1_360' title='bbox 2325 2420 2591 2488; x_wconf 87' lang='lat' dir='ltr'><strong>Spiritum</strong></span> <span class='ocrx_word' id='word_1_361' title='bbox 2625 2417 2774 2486; x_wconf 77' lang='lat' dir='ltr'><strong>digni</strong></span> <span class='ocrx_word' id='word_1_362' title='bbox 2811 2417 2934 2470; x_wconf 83' lang='lat' dir='ltr'><strong>facti</strong></span> <span class='ocrx_word' id='word_1_363' title='bbox 2971 2424 3132 2479; x_wconf 92' lang='lat' dir='ltr'><strong>sunt,</strong></span> <span class='ocrx_word' id='word_1_364' title='bbox 3159 2421 3326 2469; x_wconf 89' lang='lat' dir='ltr'><strong>totam</strong></span> <span class='ocrx_word' id='word_1_365' title='bbox 3361 2428 3474 2468; x_wconf 67' lang='lat' dir='ltr'><strong>cte-</strong></span> 
     </span>
    </p>
   </div>
   <div class='ocr_carea' id='block_1_54' title="bbox 1893 2505 3472 2582">
    <p class='ocr_par' dir='ltr' id='par_1_54' title="bbox 1893 2505 3472 2582">
     <span class='ocr_line' id='line_1_54' title="bbox 1893 2505 3472 2582; baseline -0.006 -16"><span class='ocrx_word' id='word_1_366' title='bbox 1893 2513 2070 2577; x_wconf 90' lang='lat' dir='ltr'><strong>lestis,</strong></span> <span class='ocrx_word' id='word_1_367' title='bbox 2107 2520 2370 2582; x_wconf 90' lang='lat' dir='ltr'><strong>quantum</strong></span> <span class='ocrx_word' id='word_1_368' title='bbox 2395 2510 2714 2563; x_wconf 87' lang='lat' dir='ltr'><strong>hominibus</strong></span> <span class='ocrx_word' id='word_1_369' title='bbox 2749 2507 3008 2577; x_wconf 87' lang='lat' dir='ltr'><strong>possibile</strong></span> <span class='ocrx_word' id='word_1_370' title='bbox 3048 2517 3154 2571; x_wconf 85' lang='lat' dir='ltr'><strong>est,</strong></span> <span class='ocrx_word' id='word_1_371' title='bbox 3179 2505 3472 2573; x_wconf 82' lang='lat' dir='ltr'><strong>imaginem</strong></span> 
     </span>
    </p>
   </div>
   <div class='ocr_carea' id='block_1_55' title="bbox 1895 2595 3470 2668">
    <p class='ocr_par' dir='ltr' id='par_1_55' title="bbox 1895 2595 3470 2668">
     <span class='ocr_line' id='line_1_55' title="bbox 1895 2595 3470 2668; baseline -0.007 -8"><span class='ocrx_word' id='word_1_372' title='bbox 1895 2605 2132 2660; x_wconf 77' lang='lat' dir='ltr'><strong>ferentes</strong></span> <span class='ocrx_word' id='word_1_373' title='bbox 2157 2646 2170 2668; x_wconf 95' lang='lat'><strong>,</strong></span> <span class='ocrx_word' id='word_1_374' title='bbox 2198 2613 2253 2658; x_wconf 92' lang='lat' dir='ltr'><strong>et</strong></span> <span class='ocrx_word' id='word_1_375' title='bbox 2297 2613 2508 2658; x_wconf 90' lang='lat' dir='ltr'><strong>tantum</strong></span> <span class='ocrx_word' id='word_1_376' title='bbox 2557 2601 2898 2655; x_wconf 87' lang='lat' dir='ltr'><strong>attrahentes</strong></span> <span class='ocrx_word' id='word_1_377' title='bbox 2941 2599 3126 2653; x_wconf 74' lang='lat' dir='ltr'><strong>divina</strong></span> <span class='ocrx_word' id='word_1_378' title='bbox 3164 2597 3390 2659; x_wconf 89' lang='lat' dir='ltr'><strong>notitia,</strong></span> <span class='ocrx_word' id='word_1_379' title='bbox 3425 2595 3470 2650; x_wconf 92' lang='lat' dir='ltr'><strong>si</strong></span> 
     </span>
    </p>
   </div>
   <div class='ocr_carea' id='block_1_56' title="bbox 1895 2688 3474 2762">
    <p class='ocr_par' dir='ltr' id='par_1_56' title="bbox 1895 2688 3474 2762">
     <span class='ocr_line' id='line_1_56' title="bbox 1895 2688 3474 2762; baseline -0.006 -12"><span class='ocrx_word' id='word_1_380' title='bbox 1895 2697 1974 2750; x_wconf 86' lang='lat' dir='ltr'><strong>fas</strong></span> <span class='ocrx_word' id='word_1_381' title='bbox 2012 2705 2096 2749; x_wconf 89' lang='lat' dir='ltr'><strong>est</strong></span> <span class='ocrx_word' id='word_1_382' title='bbox 2135 2696 2239 2749; x_wconf 92' lang='lat' dir='ltr'><strong>hoc</strong></span> <span class='ocrx_word' id='word_1_383' title='bbox 2277 2694 2490 2756; x_wconf 90' lang='lat' dir='ltr'><strong>dicere,</strong></span> <span class='ocrx_word' id='word_1_384' title='bbox 2526 2700 2793 2762; x_wconf 91' lang='lat' dir='ltr'><strong>quantum</strong></span> <span class='ocrx_word' id='word_1_385' title='bbox 2838 2691 2940 2759; x_wconf 92' lang='lat' dir='ltr'><strong>ipsi</strong></span> <span class='ocrx_word' id='word_1_386' title='bbox 2983 2689 3200 2744; x_wconf 89' lang='lat' dir='ltr'><strong>attracti</strong></span> <span class='ocrx_word' id='word_1_387' title='bbox 3241 2689 3352 2742; x_wconf 89' lang='lat' dir='ltr'><strong>Deo</strong></span> <span class='ocrx_word' id='word_1_388' title='bbox 3391 2688 3474 2740; x_wconf 70' lang='grc' dir='ltr'><strong>ἰε-</strong></span> 
     </span>
    </p>
   </div>
   <div class='ocr_carea' id='block_1_57' title="bbox 1895 2779 3473 2842">
    <p class='ocr_par' dir='ltr' id='par_1_57' title="bbox 1895 2779 3473 2842">
     <span class='ocr_line' id='line_1_57' title="bbox 1895 2779 3473 2842; baseline -0.006 0"><span class='ocrx_word' id='word_1_389' title='bbox 1895 2787 2025 2842; x_wconf 91' lang='lat' dir='ltr'><strong>scrti</strong></span> <span class='ocrx_word' id='word_1_390' title='bbox 2087 2797 2234 2840; x_wconf 91' lang='lat' dir='ltr'><strong>sunt.</strong></span> <span class='ocrx_word' id='word_1_391' title='bbox 2283 2785 2484 2839; x_wconf 88' lang='lat' dir='ltr'><strong>Dicunt</strong></span> <span class='ocrx_word' id='word_1_392' title='bbox 2540 2784 2687 2838; x_wconf 89' lang='lat' dir='ltr'><strong>enim</strong></span> <span class='ocrx_word' id='word_1_393' title='bbox 2745 2783 2887 2836; x_wconf 90' lang='lat' dir='ltr'><strong>inter</strong></span> <span class='ocrx_word' id='word_1_394' title='bbox 2942 2797 3000 2835; x_wconf 89' lang='lat' dir='ltr'><strong>se</strong></span> <span class='ocrx_word' id='word_1_395' title='bbox 3059 2779 3295 2834; x_wconf 86' lang='lat' dir='ltr'><strong>invicem</strong></span> <span class='ocrx_word' id='word_1_396' title='bbox 3350 2792 3473 2834; x_wconf 88' lang='lat' dir='ltr'><strong>esse</strong></span> 
     </span>
    </p>
   </div>
   <div class='ocr_carea' id='block_1_58' title="bbox 1897 2868 3472 2945">
    <p class='ocr_par' dir='ltr' id='par_1_58' title="bbox 1897 2868 3472 2945">
     <span class='ocr_line' id='line_1_58' title="bbox 1897 2868 3472 2945; baseline -0.004 -17"><span class='ocrx_word' id='word_1_397' title='bbox 1897 2875 2267 2945; x_wconf 80' lang='lat' dir='ltr'><strong>paradigmata</strong></span> <span class='ocrx_word' id='word_1_398' title='bbox 2301 2875 2472 2929; x_wconf 87' lang='lat' dir='ltr'><strong>Deum</strong></span> <span class='ocrx_word' id='word_1_399' title='bbox 2508 2880 2563 2928; x_wconf 89' lang='lat' dir='ltr'><strong>et</strong></span> <span class='ocrx_word' id='word_1_400' title='bbox 2597 2872 2898 2936; x_wconf 87' lang='lat' dir='ltr'><strong>hominem,</strong></span> <span class='ocrx_word' id='word_1_401' title='bbox 2931 2880 2990 2925; x_wconf 91' lang='lat' dir='ltr'><strong>et</strong></span> <span class='ocrx_word' id='word_1_402' title='bbox 3019 2879 3230 2924; x_wconf 90' lang='lat' dir='ltr'><strong>tantum</strong></span> <span class='ocrx_word' id='word_1_403' title='bbox 3262 2868 3472 2922; x_wconf 89' lang='lat' dir='ltr'><strong>homini</strong></span> 
     </span>
    </p>
   </div>
   <div class='ocr_carea' id='block_1_59' title="bbox 1898 2961 3474 3035">
    <p class='ocr_par' dir='ltr' id='par_1_59' title="bbox 1898 2961 3474 3035">
     <span class='ocr_line' id='line_1_59' title="bbox 1898 2961 3474 3035; baseline -0.003 -16"><span class='ocrx_word' id='word_1_404' title='bbox 1898 2967 2068 3019; x_wconf 89' lang='lat' dir='ltr'><strong>Deum</strong></span> <span class='ocrx_word' id='word_1_405' title='bbox 2095 2982 2194 3035; x_wconf 89' lang='lat' dir='ltr'><strong>per</strong></span> <span class='ocrx_word' id='word_1_406' title='bbox 2219 2965 2652 3020; x_wconf 89' lang='lat' dir='ltr'><strong>misericordiam</strong></span> <span class='ocrx_word' id='word_1_407' title='bbox 2682 2963 2993 3028; x_wconf 86' lang='lat' dir='ltr'><strong>humanari,</strong></span> <span class='ocrx_word' id='word_1_408' title='bbox 3015 2970 3281 3032; x_wconf 90' lang='lat' dir='ltr'><strong>quantum</strong></span> <span class='ocrx_word' id='word_1_409' title='bbox 3308 2961 3474 3015; x_wconf 88' lang='lat' dir='ltr'><strong>homo</strong></span> 
     </span>
    </p>
   </div>
   <div class='ocr_carea' id='block_1_60' title="bbox 216 3053 1792 3130">
    <p class='ocr_par' dir='ltr' id='par_1_60' title="bbox 216 3053 1792 3130">
     <span class='ocr_line' id='line_1_60' title="bbox 216 3053 1792 3130; baseline 0.009 -26"><span class='ocrx_word' id='word_1_410' title='bbox 216 3053 416 3106; x_wconf 77' lang='grc' dir='ltr'>ἑαυτὸν</span> <span class='ocrx_word' id='word_1_411' title='bbox 436 3053 512 3124; x_wconf 81' lang='grc' dir='ltr'>τῷ</span> <span class='ocrx_word' id='word_1_412' title='bbox 545 3055 664 3124; x_wconf 87' lang='grc' dir='ltr'>Θεῷ</span> <span class='ocrx_word' id='word_1_413' title='bbox 693 3057 762 3108; x_wconf 83' lang='grc' dir='ltr'><strong>δι’</strong></span> <span class='ocrx_word' id='word_1_414' title='bbox 787 3057 1010 3128; x_wconf 82' lang='grc' dir='ltr'>ἀγάπης</span> <span class='ocrx_word' id='word_1_415' title='bbox 1059 3058 1310 3130; x_wconf 79' lang='grc' dir='ltr'>δυνηθεὶς</span> <span class='ocrx_word' id='word_1_416' title='bbox 1354 3062 1660 3128; x_wconf 80' lang='grc' dir='ltr'>ἀπεθέωσε,</span> <span class='ocrx_word' id='word_1_417' title='bbox 1706 3067 1792 3119; x_wconf 69' lang='grc' dir='ltr'>καὶ</span> 
     </span>
    </p>
   </div>
   <div class='ocr_carea' id='block_1_61' title="bbox 1895 3053 3474 3130">
    <p class='ocr_par' dir='ltr' id='par_1_61' title="bbox 1899 3055 3474 3126">
     <span class='ocr_line' id='line_1_61' title="bbox 1899 3055 3474 3126; baseline -0.003 -16"><span class='ocrx_word' id='word_1_418' title='bbox 1899 3072 1956 3110; x_wconf 92' lang='lat' dir='ltr'><strong>se</strong></span> <span class='ocrx_word' id='word_1_419' title='bbox 1988 3057 2164 3126; x_wconf 89' lang='lat' dir='ltr'><strong>ipsum</strong></span> <span class='ocrx_word' id='word_1_420' title='bbox 2195 3057 2308 3111; x_wconf 88' lang='lat' dir='ltr'><strong>Deo</strong></span> <span class='ocrx_word' id='word_1_421' title='bbox 2338 3073 2436 3126; x_wconf 90' lang='lat' dir='ltr'><strong>per</strong></span> <span class='ocrx_word' id='word_1_422' title='bbox 2462 3057 2792 3112; x_wconf 90' lang='lat' dir='ltr'><strong>charitatem</strong></span> <span class='ocrx_word' id='word_1_423' title='bbox 2823 3055 3165 3110; x_wconf 79' lang='lat' dir='ltr'><strong>confortatus</strong></span> <span class='ocrx_word' id='word_1_424' title='bbox 3191 3068 3474 3107; x_wconf 84' lang='lat' dir='ltr'><strong>consecra-</strong></span> 
     </span>
    </p>
   </div>
   <div class='ocr_carea' id='block_1_62' title="bbox 216 3144 1792 3240">
    <p class='ocr_par' dir='ltr' id='par_1_62' title="bbox 216 3145 1792 3226">
     <span class='ocr_line' id='line_1_62' title="bbox 216 3145 1792 3226; baseline 0.006 -28"><span class='ocrx_word' id='word_1_425' title='bbox 216 3145 473 3200; x_wconf 87' lang='grc' dir='ltr'>τοσοῦτον</span> <span class='ocrx_word' id='word_1_426' title='bbox 501 3146 604 3199; x_wconf 81' lang='grc' dir='ltr'>ὑπὸ</span> <span class='ocrx_word' id='word_1_427' title='bbox 643 3147 781 3201; x_wconf 87' lang='grc' dir='ltr'>Θεοῦ</span> <span class='ocrx_word' id='word_1_428' title='bbox 807 3149 899 3202; x_wconf 88' lang='grc' dir='ltr'><strong>τὸν</strong></span> <span class='ocrx_word' id='word_1_429' title='bbox 929 3150 1221 3222; x_wconf 80' lang='grc' dir='ltr'>ἄνθρωπον</span> <span class='ocrx_word' id='word_1_430' title='bbox 1255 3152 1395 3205; x_wconf 80' lang='grc' dir='ltr'>κατὰ</span> <span class='ocrx_word' id='word_1_431' title='bbox 1440 3153 1564 3206; x_wconf 84' lang='grc' dir='ltr'>νοῦν</span> <span class='ocrx_word' id='word_1_432' title='bbox 1620 3156 1792 3226; x_wconf 83' lang='grc' dir='ltr'>ἀρπά-</span> 
     </span>
    </p>
   </div>
   <div class='ocr_carea' id='block_1_63' title="bbox 1895 3144 3472 3240">
    <p class='ocr_par' dir='ltr' id='par_1_63' title="bbox 1901 3144 3472 3212">
     <span class='ocr_line' id='line_1_63' title="bbox 1901 3144 3472 3212; baseline -0.005 -9"><span class='ocrx_word' id='word_1_433' title='bbox 1901 3150 2004 3212; x_wconf 85' lang='lat' dir='ltr'><strong>vit;</strong></span> <span class='ocrx_word' id='word_1_434' title='bbox 2044 3159 2099 3203; x_wconf 89' lang='lat' dir='ltr'><strong>et</strong></span> <span class='ocrx_word' id='word_1_435' title='bbox 2134 3158 2344 3202; x_wconf 90' lang='lat' dir='ltr'><strong>tantum</strong></span> <span class='ocrx_word' id='word_1_436' title='bbox 2380 3164 2410 3202; x_wconf 89' lang='lat' dir='ltr'><strong>a</strong></span> <span class='ocrx_word' id='word_1_437' title='bbox 2443 3149 2556 3203; x_wconf 90' lang='lat' dir='ltr'><strong>Deo</strong></span> <span class='ocrx_word' id='word_1_438' title='bbox 2590 3147 2868 3203; x_wconf 88' lang='lat' dir='ltr'><strong>hominem</strong></span> <span class='ocrx_word' id='word_1_439' title='bbox 2899 3145 3200 3201; x_wconf 81' lang='lat' dir='ltr'><strong>secundum</strong></span> <span class='ocrx_word' id='word_1_440' title='bbox 3231 3144 3472 3198; x_wconf 86' lang='lat' dir='ltr'><strong>animum</strong></span> 
     </span>
    </p>
   </div>
   <div class='ocr_carea' id='block_1_64' title="bbox 215 3235 1793 3314">
    <p class='ocr_par' dir='ltr' id='par_1_64' title="bbox 215 3235 1793 3314">
     <span class='ocr_line' id='line_1_64' title="bbox 215 3235 1793 3314; baseline 0.008 -27"><span class='ocrx_word' id='word_1_441' title='bbox 215 3235 411 3300; x_wconf 82' lang='grc' dir='ltr'>ζεσθαι</span> <span class='ocrx_word' id='word_1_442' title='bbox 443 3237 580 3308; x_wconf 88' lang='grc' dir='ltr'>πρὸς</span> <span class='ocrx_word' id='word_1_443' title='bbox 604 3237 665 3290; x_wconf 90' lang='grc' dir='ltr'><strong>τὸ</strong></span> <span class='ocrx_word' id='word_1_444' title='bbox 697 3239 961 3306; x_wconf 82' lang='grc' dir='ltr'>γνωστὸν,</span> <span class='ocrx_word' id='word_1_445' title='bbox 995 3242 1120 3294; x_wconf 83' lang='grc' dir='ltr'>ὅσον</span> <span class='ocrx_word' id='word_1_446' title='bbox 1149 3243 1177 3295; x_wconf 88' lang='grc' dir='ltr'>ὁ</span> <span class='ocrx_word' id='word_1_447' title='bbox 1226 3243 1510 3314; x_wconf 78' lang='grc' dir='ltr'>ἄνθρωπος</span> <span class='ocrx_word' id='word_1_448' title='bbox 1559 3247 1648 3298; x_wconf 75' lang='grc' dir='ltr'><strong>τὸν</strong></span> <span class='ocrx_word' id='word_1_449' title='bbox 1700 3249 1793 3299; x_wconf 89' lang='grc' dir='ltr'>άό--</span> 
     </span>
    </p>
   </div>
   <div class='ocr_carea' id='block_1_65' title="bbox 219 3325 1794 3403">
    <p class='ocr_par' dir='ltr' id='par_1_65' title="bbox 219 3325 1794 3403">
     <span class='ocr_line' id='line_1_65' title="bbox 219 3325 1794 3403; baseline 0.009 -27"><span class='ocrx_word' id='word_1_450' title='bbox 219 3341 383 3395; x_wconf 88' lang='grc' dir='ltr'>ρατον</span> <span class='ocrx_word' id='word_1_451' title='bbox 407 3325 566 3394; x_wconf 83' lang='grc' dir='ltr'>φύσει</span> <span class='ocrx_word' id='word_1_452' title='bbox 599 3327 731 3380; x_wconf 84' lang='grc' dir='ltr'>Θεὸν</span> <span class='ocrx_word' id='word_1_453' title='bbox 761 3327 848 3382; x_wconf 84' lang='grc' dir='ltr'><strong>διὰ</strong></span> <span class='ocrx_word' id='word_1_454' title='bbox 868 3330 977 3383; x_wconf 87' lang='grc' dir='ltr'><strong>τῶν</strong></span> <span class='ocrx_word' id='word_1_455' title='bbox 1003 3332 1216 3401; x_wconf 86' lang='grc' dir='ltr'>ἀρετῶν</span> <span class='ocrx_word' id='word_1_456' title='bbox 1248 3334 1611 3403; x_wconf 76' lang='grc' dir='ltr'>ἐφανέρωσεν.</span> <span class='ocrx_word' id='word_1_457' title='bbox 1658 3336 1794 3390; x_wconf 78' lang='grc' dir='ltr'>ἰ’πὸ</span> 
     </span>
    </p>
   </div>
   <div class='ocr_carea' id='block_1_66' title="bbox 214 3414 1795 3496">
    <p class='ocr_par' dir='ltr' id='par_1_66' title="bbox 214 3414 1795 3496">
     <span class='ocr_line' id='line_1_66' title="bbox 214 3414 1795 3496; baseline 0.009 -29"><span class='ocrx_word' id='word_1_458' title='bbox 214 3414 426 3484; x_wconf 83' lang='grc' dir='ltr'>ταύτης</span> <span class='ocrx_word' id='word_1_459' title='bbox 453 3417 635 3468; x_wconf 82' lang='grc' dir='ltr'>τοίνυν</span> <span class='ocrx_word' id='word_1_460' title='bbox 687 3417 789 3488; x_wconf 83' lang='grc' dir='ltr'>τῆς</span> <span class='ocrx_word' id='word_1_461' title='bbox 836 3421 979 3475; x_wconf 87' lang='grc' dir='ltr'><strong>κατά</strong></span> <span class='ocrx_word' id='word_1_462' title='bbox 1031 3421 1189 3490; x_wconf 88' lang='grc' dir='ltr'>λόγον</span> <span class='ocrx_word' id='word_1_463' title='bbox 1237 3423 1330 3477; x_wconf 75' lang='grc' dir='ltr'>καὶ</span> <span class='ocrx_word' id='word_1_464' title='bbox 1380 3425 1610 3496; x_wconf 85' lang='grc' dir='ltr'>θεωρίαν</span> <span class='ocrx_word' id='word_1_465' title='bbox 1672 3443 1795 3482; x_wconf 81' lang='grc' dir='ltr'>συν·</span> 
     </span>
    </p>
   </div>
   <div class='ocr_carea' id='block_1_67' title="bbox 218 3507 1794 3588">
    <p class='ocr_par' dir='ltr' id='par_1_67' title="bbox 218 3507 1794 3588">
     <span class='ocr_line' id='line_1_67' title="bbox 218 3507 1794 3588; baseline 0.01 -30"><span class='ocrx_word' id='word_1_466' title='bbox 218 3507 520 3577; x_wconf 84' lang='grc' dir='ltr'>ισταμένης</span> <span class='ocrx_word' id='word_1_467' title='bbox 551 3508 895 3578; x_wconf 85' lang='grc' dir='ltr'>φιλοσοφίας,</span> <span class='ocrx_word' id='word_1_468' title='bbox 921 3509 1044 3565; x_wconf 83' lang='grc' dir='ltr'>καθ’</span> <span class='ocrx_word' id='word_1_469' title='bbox 1079 3512 1144 3584; x_wconf 80' lang='grc' dir='ltr'>ἥν</span> <span class='ocrx_word' id='word_1_470' title='bbox 1173 3515 1264 3568; x_wconf 74' lang='grc' dir='ltr'>καὶ</span> <span class='ocrx_word' id='word_1_471' title='bbox 1326 3516 1359 3584; x_wconf 82' lang='grc' dir='ltr'>ἡ</span> <span class='ocrx_word' id='word_1_472' title='bbox 1414 3515 1508 3568; x_wconf 90' lang='grc' dir='ltr'><strong>τοῦ</strong></span> <span class='ocrx_word' id='word_1_473' title='bbox 1540 3515 1794 3588; x_wconf 90' lang='grc' dir='ltr'>σώματος</span> 
     </span>
    </p>
   </div>
   <div class='ocr_carea' id='block_1_68' title="bbox 215 3595 1793 3676">
    <p class='ocr_par' dir='ltr' id='par_1_68' title="bbox 215 3595 1793 3676">
     <span class='ocr_line' id='line_1_68' title="bbox 215 3595 1793 3676; baseline 0.01 -30"><span class='ocrx_word' id='word_1_474' title='bbox 215 3595 282 3661; x_wconf 71' lang='grc' dir='ltr'><strong>ἐξ</strong></span> <span class='ocrx_word' id='word_1_475' title='bbox 312 3597 558 3666; x_wconf 77' lang='grc' dir='ltr'>ἀνάγκης</span> <span class='ocrx_word' id='word_1_476' title='bbox 598 3599 936 3667; x_wconf 81' lang='grc' dir='ltr'>εὐγενίζεται</span> <span class='ocrx_word' id='word_1_477' title='bbox 970 3603 1153 3671; x_wconf 81' lang='grc' dir='ltr'>φύσις,</span> <span class='ocrx_word' id='word_1_478' title='bbox 1201 3605 1457 3670; x_wconf 82' lang='grc' dir='ltr'>ἀπλανῶς</span> <span class='ocrx_word' id='word_1_479' title='bbox 1513 3612 1647 3676; x_wconf 78' lang='grc' dir='ltr'>πρὸς</span> <span class='ocrx_word' id='word_1_480' title='bbox 1703 3609 1793 3662; x_wconf 82' lang='grc' dir='ltr'><strong>τὸν</strong></span> 
     </span>
    </p>
   </div>
   <div class='ocr_carea' id='block_1_69' title="bbox 214 3687 1793 3761">
    <p class='ocr_par' dir='ltr' id='par_1_69' title="bbox 214 3687 1793 3761">
     <span class='ocr_line' id='line_1_69' title="bbox 214 3687 1793 3761; baseline 0.007 -21"><span class='ocrx_word' id='word_1_481' title='bbox 214 3687 314 3740; x_wconf 85' lang='grc' dir='ltr'><strong>τοῦ</strong></span> <span class='ocrx_word' id='word_1_482' title='bbox 339 3687 476 3740; x_wconf 89' lang='grc' dir='ltr'>Θεοῦ</span> <span class='ocrx_word' id='word_1_483' title='bbox 511 3689 674 3742; x_wconf 85' lang='grc' dir='ltr'>πόθον</span> <span class='ocrx_word' id='word_1_484' title='bbox 700 3691 1003 3761; x_wconf 81' lang='grc' dir='ltr'>τρωθέντες</span> <span class='ocrx_word' id='word_1_485' title='bbox 1032 3695 1082 3746; x_wconf 79' lang='lat' dir='ltr'><strong>oi</strong></span> <span class='ocrx_word' id='word_1_486' title='bbox 1106 3693 1251 3760; x_wconf 74' lang='grc' dir='ltr'>ἅγιοι</span> <span class='ocrx_word' id='word_1_487' title='bbox 1281 3696 1371 3749; x_wconf 80' lang='grc' dir='ltr'><strong>διὰ</strong></span> <span class='ocrx_word' id='word_1_488' title='bbox 1414 3696 1522 3749; x_wconf 85' lang='grc' dir='ltr'><strong>τῶν</strong></span> <span class='ocrx_word' id='word_1_489' title='bbox 1559 3698 1793 3751; x_wconf 81' lang='grc' dir='ltr'>ἐνουσῶν</span> 
     </span>
    </p>
   </div>
   <div class='ocr_carea' id='block_1_70' title="bbox 216 3777 1794 3856">
    <p class='ocr_par' dir='ltr' id='par_1_70' title="bbox 216 3777 1794 3856">
     <span class='ocr_line' id='line_1_70' title="bbox 216 3777 1794 3856; baseline 0.007 -27"><span class='ocrx_word' id='word_1_490' title='bbox 216 3777 404 3839; x_wconf 84' lang='grc' dir='ltr'>αὐτοῖς</span> <span class='ocrx_word' id='word_1_491' title='bbox 437 3777 576 3848; x_wconf 82' lang='grc' dir='ltr'>πρὸς</span> <span class='ocrx_word' id='word_1_492' title='bbox 603 3777 670 3831; x_wconf 84' lang='grc' dir='ltr'><strong>τά</strong></span> <span class='ocrx_word' id='word_1_493' title='bbox 701 3777 822 3833; x_wconf 89' lang='grc' dir='ltr'>θεῖα</span> <span class='ocrx_word' id='word_1_494' title='bbox 851 3782 1098 3848; x_wconf 82' lang='grc' dir='ltr'>φυσικῶν</span> <span class='ocrx_word' id='word_1_495' title='bbox 1123 3784 1416 3854; x_wconf 73' lang='grc' dir='ltr'>ἐμφάσεων</span> <span class='ocrx_word' id='word_1_496' title='bbox 1447 3787 1794 3856; x_wconf 75' lang='grc' dir='ltr'>ἀξιοπρεπῶς</span> 
     </span>
    </p>
   </div>
   <div class='ocr_carea' id='block_1_71' title="bbox 218 3865 1794 3946">
    <p class='ocr_par' dir='ltr' id='par_1_71' title="bbox 218 3865 1794 3946">
     <span class='ocr_line' id='line_1_71' title="bbox 218 3865 1794 3946; baseline 0.008 -29"><span class='ocrx_word' id='word_1_497' title='bbox 218 3865 360 3934; x_wconf 87' lang='grc' dir='ltr'>πρὸς</span> <span class='ocrx_word' id='word_1_498' title='bbox 391 3865 482 3918; x_wconf 83' lang='grc' dir='ltr'><strong>τὸν</strong></span> <span class='ocrx_word' id='word_1_499' title='bbox 521 3866 566 3898; x_wconf 88' lang='grc'><strong>⁶⁰</strong></span> <span class='ocrx_word' id='word_1_500' title='bbox 616 3866 750 3922; x_wconf 87' lang='grc' dir='ltr'>Θεὸν</span> <span class='ocrx_word' id='word_1_501' title='bbox 797 3872 1184 3941; x_wconf 83' lang='grc' dir='ltr'>παρεγένοντο,</span> <span class='ocrx_word' id='word_1_502' title='bbox 1242 3874 1400 3943; x_wconf 90' lang='grc' dir='ltr'>σῶμα</span> <span class='ocrx_word' id='word_1_503' title='bbox 1447 3877 1543 3928; x_wconf 76' lang='grc' dir='ltr'>καὶ</span> <span class='ocrx_word' id='word_1_504' title='bbox 1589 3875 1794 3946; x_wconf 84' lang='grc' dir='ltr'>κόσμον</span> 
     </span>
    </p>
   </div>
   <div class='ocr_carea' id='block_1_72' title="bbox 214 3956 1794 4038">
    <p class='ocr_par' dir='ltr' id='par_1_72' title="bbox 214 3956 1794 4038">
     <span class='ocr_line' id='line_1_72' title="bbox 214 3956 1794 4038; baseline 0.006 -26"><span class='ocrx_word' id='word_1_505' title='bbox 214 3956 531 4027; x_wconf 75' lang='grc' dir='ltr'>ἀθλητικῶς</span> <span class='ocrx_word' id='word_1_506' title='bbox 564 3959 900 4030; x_wconf 83' lang='grc' dir='ltr'>διασχόντες,</span> <span class='ocrx_word' id='word_1_507' title='bbox 924 3963 1176 4033; x_wconf 85' lang='grc' dir='ltr'>ἀλλήλοις</span> <span class='ocrx_word' id='word_1_508' title='bbox 1208 3965 1383 4018; x_wconf 89' lang='grc' dir='ltr'>ταῦτα</span> <span class='ocrx_word' id='word_1_509' title='bbox 1427 3967 1794 4038; x_wconf 84' lang='grc' dir='ltr'>περιεχόμενα</span> 
     </span>
    </p>
   </div>
   <div class='ocr_carea' id='block_1_73' title="bbox 217 4048 1790 4127">
    <p class='ocr_par' dir='ltr' id='par_1_73' title="bbox 217 4048 1790 4127">
     <span class='ocr_line' id='line_1_73' title="bbox 217 4048 1790 4127; baseline 0.006 -25"><span class='ocrx_word' id='word_1_510' title='bbox 217 4048 505 4120; x_wconf 81' lang='grc' dir='ltr'>θεώμενοι,</span> <span class='ocrx_word' id='word_1_511' title='bbox 537 4051 629 4104; x_wconf 83' lang='grc' dir='ltr'><strong>τόν</strong></span> <span class='ocrx_word' id='word_1_512' title='bbox 657 4053 756 4121; x_wconf 73' lang='grc' dir='ltr'>μὲν</span> <span class='ocrx_word' id='word_1_513' title='bbox 795 4054 977 4122; x_wconf 78' lang='grc' dir='ltr'>φύσει,</span> <span class='ocrx_word' id='word_1_514' title='bbox 1018 4056 1078 4108; x_wconf 79' lang='grc' dir='ltr'><strong>τὸ</strong></span> <span class='ocrx_word' id='word_1_515' title='bbox 1123 4056 1179 4109; x_wconf 80' lang='grc' dir='ltr'>δὲ</span> <span class='ocrx_word' id='word_1_516' title='bbox 1220 4057 1493 4127; x_wconf 82' lang='grc' dir='ltr'>αἰσθήσει,</span> <span class='ocrx_word' id='word_1_517' title='bbox 1544 4060 1638 4112; x_wconf 73' lang='grc' dir='ltr'>καὶ</span> <span class='ocrx_word' id='word_1_518' title='bbox 1694 4057 1790 4111; x_wconf 91' lang='grc' dir='ltr'>θα-</span> 
     </span>
    </p>
   </div>
   <div class='ocr_carea' id='block_1_74' title="bbox 213 4141 1796 4219">
    <p class='ocr_par' dir='ltr' id='par_1_74' title="bbox 213 4141 1796 4219">
     <span class='ocr_line' id='line_1_74' title="bbox 213 4141 1796 4219; baseline 0.008 -27"><span class='ocrx_word' id='word_1_519' title='bbox 213 4141 363 4211; x_wconf 80' lang='grc' dir='ltr'>τέρῳ</span> <span class='ocrx_word' id='word_1_520' title='bbox 393 4141 621 4212; x_wconf 79' lang='grc' dir='ltr'>θάτερον</span> <span class='ocrx_word' id='word_1_521' title='bbox 653 4143 981 4207; x_wconf 82' lang='grc' dir='ltr'>ὑποπίπτον,</span> <span class='ocrx_word' id='word_1_522' title='bbox 1028 4149 1094 4218; x_wconf 79' lang='grc' dir='ltr'>τῇ</span> <span class='ocrx_word' id='word_1_523' title='bbox 1149 4147 1269 4200; x_wconf 76' lang='grc' dir='ltr'>κατ’</span> <span class='ocrx_word' id='word_1_524' title='bbox 1332 4148 1646 4219; x_wconf 77' lang='grc' dir='ltr'>ἐπαλλαγὴν</span> <span class='ocrx_word' id='word_1_525' title='bbox 1700 4150 1796 4205; x_wconf 80' lang='grc' dir='ltr'>θα-</span> 
     </span>
    </p>
   </div>
   <div class='ocr_carea' id='block_1_75' title="bbox 215 4231 1793 4310">
    <p class='ocr_par' dir='ltr' id='par_1_75' title="bbox 215 4231 1793 4310">
     <span class='ocr_line' id='line_1_75' title="bbox 215 4231 1793 4310; baseline 0.007 -27"><span class='ocrx_word' id='word_1_526' title='bbox 215 4231 380 4301; x_wconf 82' lang='grc' dir='ltr'>θὲρου</span> <span class='ocrx_word' id='word_1_527' title='bbox 407 4233 543 4301; x_wconf 87' lang='grc' dir='ltr'>πρὸς</span> <span class='ocrx_word' id='word_1_528' title='bbox 562 4235 624 4286; x_wconf 91' lang='grc' dir='ltr'><strong>τὸ</strong></span> <span class='ocrx_word' id='word_1_529' title='bbox 650 4234 838 4306; x_wconf 73' lang='grc' dir='ltr'>ἕτερον</span> <span class='ocrx_word' id='word_1_530' title='bbox 870 4237 1002 4307; x_wconf 81' lang='grc' dir='ltr'>ποιᾷ</span> <span class='ocrx_word' id='word_1_531' title='bbox 1041 4238 1283 4310; x_wconf 87' lang='grc' dir='ltr'>ἰδιότητι,</span> <span class='ocrx_word' id='word_1_532' title='bbox 1319 4240 1411 4292; x_wconf 80' lang='grc' dir='ltr'><strong>καὶ</strong></span> <span class='ocrx_word' id='word_1_533' title='bbox 1447 4240 1616 4310; x_wconf 85' lang='grc' dir='ltr'>μηδὲν</span> <span class='ocrx_word' id='word_1_534' title='bbox 1668 4242 1793 4294; x_wconf 81' lang='grc' dir='ltr'>τού-</span> 
     </span>
    </p>
   </div>
   <div class='ocr_carea' id='block_1_76' title="bbox 212 4323 1796 4402">
    <p class='ocr_par' dir='ltr' id='par_1_76' title="bbox 212 4323 1796 4402">
     <span class='ocr_line' id='line_1_76' title="bbox 212 4323 1796 4402; baseline 0.005 -25"><span class='ocrx_word' id='word_1_535' title='bbox 212 4342 328 4378; x_wconf 89' lang='grc' dir='ltr'><strong>των</strong></span> <span class='ocrx_word' id='word_1_536' title='bbox 349 4323 428 4394; x_wconf 79' lang='grc' dir='ltr'><strong>τῷ</strong></span> <span class='ocrx_word' id='word_1_537' title='bbox 462 4325 584 4396; x_wconf 80' lang='grc' dir='ltr'>καθ’</span> <span class='ocrx_word' id='word_1_538' title='bbox 618 4327 812 4379; x_wconf 73' lang='grc' dir='ltr'>ἑαυτὸν</span> <span class='ocrx_word' id='word_1_539' title='bbox 845 4327 988 4399; x_wconf 86' lang='grc' dir='ltr'>λόγῳ</span> <span class='ocrx_word' id='word_1_540' title='bbox 1013 4331 1360 4401; x_wconf 64' lang='grc' dir='ltr'>περιγραφῆς</span> <span class='ocrx_word' id='word_1_541' title='bbox 1381 4332 1628 4402; x_wconf 83' lang='grc' dir='ltr'>ὑπάρχον</span> <span class='ocrx_word' id='word_1_542' title='bbox 1654 4331 1796 4386; x_wconf 78' lang='grc' dir='ltr'>ἐλεύ-</span> 
     </span>
    </p>
   </div>
   <div class='ocr_carea' id='block_1_77' title="bbox 213 4418 1796 4495">
    <p class='ocr_par' dir='ltr' id='par_1_77' title="bbox 213 4418 1796 4495">
     <span class='ocr_line' id='line_1_77' title="bbox 213 4418 1796 4495; baseline 0.006 -25"><span class='ocrx_word' id='word_1_543' title='bbox 213 4418 400 4487; x_wconf 85' lang='grc' dir='ltr'>θερον,</span> <span class='ocrx_word' id='word_1_544' title='bbox 451 4418 542 4472; x_wconf 78' lang='grc' dir='ltr'>καὶ</span> <span class='ocrx_word' id='word_1_545' title='bbox 601 4419 831 4490; x_wconf 85' lang='grc' dir='ltr'>αίσχρὸν</span> <span class='ocrx_word' id='word_1_546' title='bbox 880 4421 1220 4492; x_wconf 78' lang='grc' dir='ltr'>ἡγησάμενοι</span> <span class='ocrx_word' id='word_1_547' title='bbox 1273 4424 1384 4486; x_wconf 80' lang='grc' dir='ltr'>τοῖς</span> <span class='ocrx_word' id='word_1_548' title='bbox 1443 4423 1656 4495; x_wconf 87' lang='grc' dir='ltr'>θνητοῖς</span> <span class='ocrx_word' id='word_1_549' title='bbox 1704 4427 1796 4479; x_wconf 74' lang='grc' dir='ltr'>καὶ</span> 
     </span>
    </p>
   </div>
   <div class='ocr_carea' id='block_1_78' title="bbox 1899 3237 3473 3312">
    <p class='ocr_par' dir='ltr' id='par_1_78' title="bbox 1899 3237 3473 3312">
     <span class='ocr_line' id='line_1_78' title="bbox 1899 3237 3473 3312; baseline -0.003 -18"><span class='ocrx_word' id='word_1_550' title='bbox 1899 3242 2015 3312; x_wconf 87' lang='lat' dir='ltr'><strong>rapi</strong></span> <span class='ocrx_word' id='word_1_551' title='bbox 2067 3242 2135 3296; x_wconf 84' lang='lat' dir='ltr'><strong>ad</strong></span> <span class='ocrx_word' id='word_1_552' title='bbox 2190 3242 2560 3312; x_wconf 83' lang='lat' dir='ltr'><strong>incognitum,</strong></span> <span class='ocrx_word' id='word_1_553' title='bbox 2599 3249 2865 3310; x_wconf 85' lang='lat' dir='ltr'><strong>quantum</strong></span> <span class='ocrx_word' id='word_1_554' title='bbox 2924 3239 3088 3292; x_wconf 93' lang='lat' dir='ltr'><strong>homo</strong></span> <span class='ocrx_word' id='word_1_555' title='bbox 3141 3237 3473 3291; x_wconf 88' lang='lat' dir='ltr'><strong>invisibilem</strong></span> 
     </span>
    </p>
   </div>
   <div class='ocr_carea' id='block_1_79' title="bbox 1895 3328 3477 3402">
    <p class='ocr_par' dir='ltr' id='par_1_79' title="bbox 1895 3328 3477 3402">
     <span class='ocr_line' id='line_1_79' title="bbox 1895 3328 3477 3402; baseline -0.004 -16"><span class='ocrx_word' id='word_1_556' title='bbox 1895 3342 2092 3386; x_wconf 87' lang='lat' dir='ltr'><strong>natura</strong></span> <span class='ocrx_word' id='word_1_557' title='bbox 2120 3333 2292 3387; x_wconf 88' lang='lat' dir='ltr'><strong>Deum</strong></span> <span class='ocrx_word' id='word_1_558' title='bbox 2322 3347 2421 3402; x_wconf 89' lang='lat' dir='ltr'><strong>per</strong></span> <span class='ocrx_word' id='word_1_559' title='bbox 2446 3332 2680 3385; x_wconf 76' lang='lat' dir='ltr'><strong>virtutes</strong></span> <span class='ocrx_word' id='word_1_560' title='bbox 2711 3331 2840 3384; x_wconf 81' lang='lat' dir='ltr'><strong>facit</strong></span> <span class='ocrx_word' id='word_1_561' title='bbox 2869 3329 3238 3383; x_wconf 83' lang='lat' dir='ltr'><strong>manifestum.</strong></span> <span class='ocrx_word' id='word_1_562' title='bbox 3265 3328 3348 3382; x_wconf 85' lang='lat' dir='ltr'><strong>Ab</strong></span> <span class='ocrx_word' id='word_1_563' title='bbox 3374 3329 3477 3381; x_wconf 91' lang='lat' dir='ltr'><strong>hac</strong></span> 
     </span>
    </p>
   </div>
   <div class='ocr_carea' id='block_1_80' title="bbox 1899 3420 3476 3494">
    <p class='ocr_par' dir='ltr' id='par_1_80' title="bbox 1899 3420 3476 3494">
     <span class='ocr_line' id='line_1_80' title="bbox 1899 3420 3476 3494; baseline -0.002 -17"><span class='ocrx_word' id='word_1_564' title='bbox 1899 3426 2084 3494; x_wconf 90' lang='lat' dir='ltr'><strong>itaque</strong></span> <span class='ocrx_word' id='word_1_565' title='bbox 2117 3441 2216 3494; x_wconf 89' lang='lat' dir='ltr'><strong>per</strong></span> <span class='ocrx_word' id='word_1_566' title='bbox 2241 3425 2507 3479; x_wconf 89' lang='lat' dir='ltr'><strong>rationem</strong></span> <span class='ocrx_word' id='word_1_567' title='bbox 2541 3433 2596 3476; x_wconf 91' lang='lat' dir='ltr'><strong>et</strong></span> <span class='ocrx_word' id='word_1_568' title='bbox 2626 3422 3142 3490; x_wconf 86' lang='lat' dir='ltr'><strong>contemplationem</strong></span> <span class='ocrx_word' id='word_1_569' title='bbox 3180 3420 3476 3474; x_wconf 76' lang='lat' dir='ltr'><strong>constituta</strong></span> 
     </span>
    </p>
   </div>
   <div class='ocr_carea' id='block_1_81' title="bbox 1897 3510 3480 3586">
    <p class='ocr_par' dir='ltr' id='par_1_81' title="bbox 1897 3510 3480 3586">
     <span class='ocr_line' id='line_1_81' title="bbox 1897 3510 3480 3586; baseline -0.006 -16"><span class='ocrx_word' id='word_1_570' title='bbox 1897 3515 2276 3586; x_wconf 87' lang='lat' dir='ltr'><strong>philosophia,</strong></span> <span class='ocrx_word' id='word_1_571' title='bbox 2315 3531 2415 3585; x_wconf 88' lang='lat' dir='ltr'><strong>per</strong></span> <span class='ocrx_word' id='word_1_572' title='bbox 2453 3530 2616 3584; x_wconf 90' lang='lat' dir='ltr'><strong>quam</strong></span> <span class='ocrx_word' id='word_1_573' title='bbox 2661 3513 2828 3566; x_wconf 92' lang='lat' dir='ltr'><strong>etiam</strong></span> <span class='ocrx_word' id='word_1_574' title='bbox 2873 3511 3123 3581; x_wconf 90' lang='lat' dir='ltr'><strong>corporis</strong></span> <span class='ocrx_word' id='word_1_575' title='bbox 3164 3510 3480 3564; x_wconf 67' lang='lat' dir='ltr'><strong>necessario</strong></span> 
     </span>
    </p>
   </div>
   <div class='ocr_carea' id='block_1_82' title="bbox 1898 3600 3476 3673">
    <p class='ocr_par' dir='ltr' id='par_1_82' title="bbox 1898 3600 3476 3673">
     <span class='ocr_line' id='line_1_82' title="bbox 1898 3600 3476 3673; baseline -0.005 -13"><span class='ocrx_word' id='word_1_576' title='bbox 1898 3607 2221 3660; x_wconf 89' lang='lat' dir='ltr'><strong>nobilitatur</strong></span> <span class='ocrx_word' id='word_1_577' title='bbox 2265 3615 2478 3666; x_wconf 91' lang='lat' dir='ltr'><strong>natura,</strong></span> <span class='ocrx_word' id='word_1_578' title='bbox 2512 3605 2721 3673; x_wconf 85' lang='lat' dir='ltr'><strong>absque</strong></span> <span class='ocrx_word' id='word_1_579' title='bbox 2769 3618 2976 3667; x_wconf 89' lang='lat' dir='ltr'><strong>errore,</strong></span> <span class='ocrx_word' id='word_1_580' title='bbox 3012 3601 3200 3655; x_wconf 86' lang='lat' dir='ltr'><strong>divino</strong></span> <span class='ocrx_word' id='word_1_581' title='bbox 3243 3600 3476 3655; x_wconf 84' lang='lat' dir='ltr'><strong>sauciati</strong></span> 
     </span>
    </p>
   </div>
   <div class='ocr_carea' id='block_1_83' title="bbox 1900 3690 3483 3766">
    <p class='ocr_par' dir='ltr' id='par_1_83' title="bbox 1900 3690 3483 3766">
     <span class='ocr_line' id='line_1_83' title="bbox 1900 3690 3483 3766; baseline -0.004 -16"><span class='ocrx_word' id='word_1_582' title='bbox 1900 3699 2070 3751; x_wconf 84' lang='lat' dir='ltr'><strong>sancti</strong></span> <span class='ocrx_word' id='word_1_583' title='bbox 2099 3696 2400 3766; x_wconf 85' lang='lat' dir='ltr'><strong>desiderio,</strong></span> <span class='ocrx_word' id='word_1_584' title='bbox 2425 3712 2521 3764; x_wconf 88' lang='lat' dir='ltr'><strong>per</strong></span> <span class='ocrx_word' id='word_1_585' title='bbox 2547 3695 2738 3749; x_wconf 90' lang='lat' dir='ltr'><strong>insitas</strong></span> <span class='ocrx_word' id='word_1_586' title='bbox 2770 3694 2852 3747; x_wconf 89' lang='lat' dir='ltr'><strong>eis</strong></span> <span class='ocrx_word' id='word_1_587' title='bbox 2885 3693 3166 3746; x_wconf 85' lang='lat' dir='ltr'><strong>naturales</strong></span> <span class='ocrx_word' id='word_1_588' title='bbox 3197 3690 3265 3745; x_wconf 88' lang='lat' dir='ltr'><strong>ad</strong></span> <span class='ocrx_word' id='word_1_589' title='bbox 3291 3690 3483 3744; x_wconf 76' lang='lat' dir='ltr'><strong>divina</strong></span> 
     </span>
    </p>
   </div>
   <div class='ocr_carea' id='block_1_84' title="bbox 1900 3783 3476 3858">
    <p class='ocr_par' dir='ltr' id='par_1_84' title="bbox 1900 3783 3476 3858">
     <span class='ocr_line' id='line_1_84' title="bbox 1900 3783 3476 3858; baseline -0.006 -15"><span class='ocrx_word' id='word_1_590' title='bbox 1900 3787 2286 3858; x_wconf 74' lang='lat' dir='ltr'><strong>intelligentias</strong></span> <span class='ocrx_word' id='word_1_591' title='bbox 2326 3786 2489 3856; x_wconf 79' lang='lat' dir='ltr'><strong>digne</strong></span> <span class='ocrx_word' id='word_1_592' title='bbox 2528 3801 2591 3839; x_wconf 89' lang='lat' dir='ltr'><strong>ac</strong></span> <span class='ocrx_word' id='word_1_593' title='bbox 2631 3785 2860 3853; x_wconf 88' lang='lat' dir='ltr'><strong>pulchre</strong></span> <span class='ocrx_word' id='word_1_594' title='bbox 2897 3783 2962 3836; x_wconf 90' lang='lat' dir='ltr'><strong>ad</strong></span> <span class='ocrx_word' id='word_1_595' title='bbox 2997 3783 3165 3835; x_wconf 88' lang='lat' dir='ltr'><strong>Deum</strong></span> <span class='ocrx_word' id='word_1_596' title='bbox 3203 3794 3476 3850; x_wconf 82' lang='lat' dir='ltr'><strong>pervenc—</strong></span> 
     </span>
    </p>
   </div>
   <div class='ocr_carea' id='block_1_85' title="bbox 1900 3873 3478 3946">
    <p class='ocr_par' dir='ltr' id='par_1_85' title="bbox 1900 3873 3478 3946">
     <span class='ocr_line' id='line_1_85' title="bbox 1900 3873 3478 3946; baseline -0.006 -15"><span class='ocrx_word' id='word_1_597' title='bbox 1900 3888 2058 3942; x_wconf 89' lang='lat' dir='ltr'><strong>ruut;</strong></span> <span class='ocrx_word' id='word_1_598' title='bbox 2104 3893 2308 3946; x_wconf 88' lang='lat' dir='ltr'><strong>corpus</strong></span> <span class='ocrx_word' id='word_1_599' title='bbox 2340 3885 2395 3930; x_wconf 86' lang='lat' dir='ltr'><strong>ct</strong></span> <span class='ocrx_word' id='word_1_600' title='bbox 2429 3876 2691 3930; x_wconf 91' lang='lat' dir='ltr'><strong>mundum</strong></span> <span class='ocrx_word' id='word_1_601' title='bbox 2731 3873 3039 3928; x_wconf 79' lang='lat' dir='ltr'><strong>militariter</strong></span> <span class='ocrx_word' id='word_1_602' title='bbox 3079 3880 3478 3942; x_wconf 83' lang='lat' dir='ltr'><strong>pertranseun—</strong></span> 
     </span>
    </p>
   </div>
   <div class='ocr_carea' id='block_1_86' title="bbox 1902 3963 3478 4035">
    <p class='ocr_par' dir='ltr' id='par_1_86' title="bbox 1902 3963 3478 4035">
     <span class='ocr_line' id='line_1_86' title="bbox 1902 3963 3478 4035; baseline -0.007 -11"><span class='ocrx_word' id='word_1_603' title='bbox 1902 3980 2002 4035; x_wconf 89' lang='lat' dir='ltr'><strong>tes,</strong></span> <span class='ocrx_word' id='word_1_604' title='bbox 2025 3969 2128 4022; x_wconf 89' lang='lat' dir='ltr'><strong>sibi</strong></span> <span class='ocrx_word' id='word_1_605' title='bbox 2163 3968 2396 4021; x_wconf 80' lang='lat' dir='ltr'><strong>invicem</strong></span> <span class='ocrx_word' id='word_1_606' title='bbox 2423 3968 2538 4021; x_wconf 75' lang='lat' dir='ltr'><strong>lnec</strong></span> <span class='ocrx_word' id='word_1_607' title='bbox 2561 3966 2810 4034; x_wconf 84' lang='lat' dir='ltr'><strong>copulata</strong></span> <span class='ocrx_word' id='word_1_608' title='bbox 2840 3963 3295 4031; x_wconf 84' lang='lat' dir='ltr'><strong>contemplantes,</strong></span> <span class='ocrx_word' id='word_1_609' title='bbox 3319 3976 3478 4014; x_wconf 84' lang='lat' dir='ltr'><strong>mun-</strong></span> 
     </span>
    </p>
   </div>
   <div class='ocr_carea' id='block_1_87' title="bbox 1899 4052 3476 4130">
    <p class='ocr_par' dir='ltr' id='par_1_87' title="bbox 1899 4052 3476 4130">
     <span class='ocr_line' id='line_1_87' title="bbox 1899 4052 3476 4130; baseline -0.008 -15"><span class='ocrx_word' id='word_1_610' title='bbox 1899 4062 2030 4115; x_wconf 88' lang='lat' dir='ltr'><strong>dmn</strong></span> <span class='ocrx_word' id='word_1_611' title='bbox 2054 4059 2278 4130; x_wconf 87' lang='lat' dir='ltr'><strong>quidem</strong></span> <span class='ocrx_word' id='word_1_612' title='bbox 2304 4066 2537 4122; x_wconf 67' lang='lat' dir='ltr'><strong>naturaa,</strong></span> <span class='ocrx_word' id='word_1_613' title='bbox 2559 4072 2764 4126; x_wconf 91' lang='lat' dir='ltr'><strong>corpus</strong></span> <span class='ocrx_word' id='word_1_614' title='bbox 2788 4071 2918 4109; x_wconf 84' lang='lat' dir='ltr'><strong>vero</strong></span> <span class='ocrx_word' id='word_1_615' title='bbox 2941 4054 3150 4115; x_wconf 90' lang='lat' dir='ltr'><strong>sensui,</strong></span> <span class='ocrx_word' id='word_1_616' title='bbox 3170 4061 3225 4106; x_wconf 88' lang='lat' dir='ltr'><strong>et</strong></span> <span class='ocrx_word' id='word_1_617' title='bbox 3242 4052 3476 4106; x_wconf 86' lang='lat' dir='ltr'><strong>alterum</strong></span> 
     </span>
    </p>
   </div>
   <div class='ocr_carea' id='block_1_88' title="bbox 1899 4144 3477 4218">
    <p class='ocr_par' dir='ltr' id='par_1_88' title="bbox 1899 4144 3477 4218">
     <span class='ocr_line' id='line_1_88' title="bbox 1899 4144 3477 4218; baseline -0.006 -11"><span class='ocrx_word' id='word_1_618' title='bbox 1899 4153 2054 4208; x_wconf 89' lang='lat' dir='ltr'><strong>alteri</strong></span> <span class='ocrx_word' id='word_1_619' title='bbox 2103 4151 2463 4206; x_wconf 90' lang='lat' dir='ltr'><strong>succumbere</strong></span> <span class='ocrx_word' id='word_1_620' title='bbox 2507 4165 2606 4218; x_wconf 90' lang='lat' dir='ltr'><strong>per</strong></span> <span class='ocrx_word' id='word_1_621' title='bbox 2645 4148 3094 4215; x_wconf 77' lang='lat' dir='ltr'><strong>consequentiam</strong></span> <span class='ocrx_word' id='word_1_622' title='bbox 3137 4144 3366 4198; x_wconf 86' lang='lat' dir='ltr'><strong>alterius</strong></span> <span class='ocrx_word' id='word_1_623' title='bbox 3407 4144 3477 4197; x_wconf 89' lang='lat' dir='ltr'><strong>ad</strong></span> 
     </span>
    </p>
   </div>
   <div class='ocr_carea' id='block_1_89' title="bbox 1899 4235 3476 4311">
    <p class='ocr_par' dir='ltr' id='par_1_89' title="bbox 1899 4235 3476 4311">
     <span class='ocr_line' id='line_1_89' title="bbox 1899 4235 3476 4311; baseline -0.006 -14"><span class='ocrx_word' id='word_1_624' title='bbox 1899 4243 2131 4297; x_wconf 89' lang='lat' dir='ltr'><strong>alterum</strong></span> <span class='ocrx_word' id='word_1_625' title='bbox 2171 4240 2543 4311; x_wconf 90' lang='lat' dir='ltr'><strong>qualicunque</strong></span> <span class='ocrx_word' id='word_1_626' title='bbox 2585 4239 2928 4309; x_wconf 87' lang='lat' dir='ltr'><strong>proprietate</strong></span> <span class='ocrx_word' id='word_1_627' title='bbox 2967 4255 2979 4288; x_wconf 89' lang='lat'>:</span> <span class='ocrx_word' id='word_1_628' title='bbox 3016 4244 3074 4289; x_wconf 90' lang='lat' dir='ltr'><strong>et</strong></span> <span class='ocrx_word' id='word_1_629' title='bbox 3106 4235 3242 4288; x_wconf 90' lang='lat' dir='ltr'><strong>nihil</strong></span> <span class='ocrx_word' id='word_1_630' title='bbox 3279 4235 3476 4288; x_wconf 86' lang='lat' dir='ltr'><strong>horum</strong></span> 
     </span>
    </p>
   </div>
   <div class='ocr_carea' id='block_1_90' title="bbox 1899 4327 3477 4404">
    <p class='ocr_par' dir='ltr' id='par_1_90' title="bbox 1899 4327 3477 4404">
     <span class='ocr_line' id='line_1_90' title="bbox 1899 4327 3477 4404; baseline -0.006 -15"><span class='ocrx_word' id='word_1_631' title='bbox 1899 4351 1997 4404; x_wconf 90' lang='lat' dir='ltr'><strong>per</strong></span> <span class='ocrx_word' id='word_1_632' title='bbox 2039 4350 2098 4389; x_wconf 90' lang='lat' dir='ltr'><strong>se</strong></span> <span class='ocrx_word' id='word_1_633' title='bbox 2148 4335 2329 4404; x_wconf 90' lang='lat' dir='ltr'><strong>ipsum</strong></span> <span class='ocrx_word' id='word_1_634' title='bbox 2377 4332 2591 4386; x_wconf 88' lang='lat' dir='ltr'><strong>ratione</strong></span> <span class='ocrx_word' id='word_1_635' title='bbox 2636 4327 3165 4396; x_wconf 82' lang='lat' dir='ltr'><strong>circumscriptionis</strong></span> <span class='ocrx_word' id='word_1_636' title='bbox 3208 4327 3477 4379; x_wconf 81' lang='lat' dir='ltr'><strong>exsistere</strong></span> 
     </span>
    </p>
   </div>
   <div class='ocr_carea' id='block_1_91' title="bbox 1900 4415 3475 4493">
    <p class='ocr_par' dir='ltr' id='par_1_91' title="bbox 1900 4415 3475 4493">
     <span class='ocr_line' id='line_1_91' title="bbox 1900 4415 3475 4493; baseline -0.008 -13"><span class='ocrx_word' id='word_1_637' title='bbox 1900 4427 2159 4489; x_wconf 87' lang='lat' dir='ltr'><strong>liberum,</strong></span> <span class='ocrx_word' id='word_1_638' title='bbox 2193 4435 2249 4479; x_wconf 88' lang='lat' dir='ltr'><strong>et</strong></span> <span class='ocrx_word' id='word_1_639' title='bbox 2285 4434 2444 4493; x_wconf 86' lang='lat' dir='ltr'><strong>turpe</strong></span> <span class='ocrx_word' id='word_1_640' title='bbox 2483 4422 2752 4476; x_wconf 88' lang='lat' dir='ltr'><strong>ducentes</strong></span> <span class='ocrx_word' id='word_1_641' title='bbox 2785 4418 3113 4473; x_wconf 90' lang='lat' dir='ltr'><strong>mortalibus</strong></span> <span class='ocrx_word' id='word_1_642' title='bbox 3145 4424 3201 4470; x_wconf 89' lang='lat' dir='ltr'><strong>et</strong></span> <span class='ocrx_word' id='word_1_643' title='bbox 3235 4415 3475 4470; x_wconf 91' lang='lat' dir='ltr'><strong>cireum-</strong></span> 
     </span>
    </p>
   </div>
   <div class='ocr_carea' id='block_1_92' title="bbox 215 4507 1792 4587">
    <p class='ocr_par' dir='ltr' id='par_1_92' title="bbox 215 4509 1792 4582">
     <span class='ocr_line' id='line_1_92' title="bbox 215 4509 1792 4582; baseline 0.006 -23"><span class='ocrx_word' id='word_1_644' title='bbox 215 4511 620 4578; x_wconf 62' lang='grc' dir='ltr'>περιγραπτώς</span> <span class='ocrx_word' id='word_1_645' title='bbox 669 4509 855 4579; x_wconf 76' lang='lat'><strong>(139</strong></span> <span class='ocrx_word' id='word_1_646' title='bbox 899 4510 951 4579; x_wconf 72' lang='grc' dir='ltr'><strong>ὁ)</strong></span> <span class='ocrx_word' id='word_1_647' title='bbox 999 4511 1391 4582; x_wconf 83' lang='grc' dir='ltr'>ὲμφθείρεσθαί</span> <span class='ocrx_word' id='word_1_648' title='bbox 1435 4530 1496 4566; x_wconf 84' lang='grc' dir='ltr'><strong>τε</strong></span> <span class='ocrx_word' id='word_1_649' title='bbox 1548 4514 1642 4567; x_wconf 78' lang='grc' dir='ltr'>καὶ</span> <span class='ocrx_word' id='word_1_650' title='bbox 1703 4533 1792 4569; x_wconf 85' lang='grc' dir='ltr'>πε-</span> 
     </span>
    </p>
   </div>
   <div class='ocr_carea' id='block_1_93' title="bbox 1895 4507 3478 4587">
    <p class='ocr_par' dir='ltr' id='par_1_93' title="bbox 1898 4507 3478 4586">
     <span class='ocr_line' id='line_1_93' title="bbox 1898 4507 3478 4586; baseline -0.008 -15"><span class='ocrx_word' id='word_1_651' title='bbox 1898 4517 2118 4586; x_wconf 87' lang='lat' dir='ltr'><strong>scriptis</strong></span> <span class='ocrx_word' id='word_1_652' title='bbox 2145 4514 2426 4584; x_wconf 87' lang='lat' dir='ltr'><strong>corrumpi</strong></span> <span class='ocrx_word' id='word_1_653' title='bbox 2454 4523 2509 4568; x_wconf 89' lang='lat' dir='ltr'><strong>et</strong></span> <span class='ocrx_word' id='word_1_654' title='bbox 2532 4510 2911 4567; x_wconf 87' lang='lat' dir='ltr'><strong>circumscribi</strong></span> <span class='ocrx_word' id='word_1_655' title='bbox 2943 4510 3138 4562; x_wconf 69' lang='lat' dir='ltr'><strong>anima:</strong></span> <span class='ocrx_word' id='word_1_656' title='bbox 3169 4507 3478 4560; x_wconf 87' lang='lat' dir='ltr'><strong>immortale</strong></span> 
     </span>
    </p>
   </div>
   <div class='ocr_carea' id='block_1_94' title="bbox 215 4597 1797 4672">
    <p class='ocr_par' dir='ltr' id='par_1_94' title="bbox 215 4597 1797 4672">
     <span class='ocr_line' id='line_1_94' title="bbox 215 4597 1797 4672; baseline 0.007 -24"><span class='ocrx_word' id='word_1_657' title='bbox 215 4597 592 4669; x_wconf 79' lang='grc' dir='ltr'>ριγράφεσθαι</span> <span class='ocrx_word' id='word_1_658' title='bbox 617 4600 718 4669; x_wconf 81' lang='grc' dir='ltr'>τῆς</span> <span class='ocrx_word' id='word_1_659' title='bbox 744 4599 928 4672; x_wconf 15' lang='grc' dir='ltr'>,ψυχῆς</span> <span class='ocrx_word' id='word_1_660' title='bbox 963 4601 1062 4654; x_wconf 67' lang='lat' dir='ltr'><strong>My</strong></span> <span class='ocrx_word' id='word_1_661' title='bbox 1110 4601 1170 4654; x_wconf 85' lang='grc' dir='ltr'><strong>τὸ</strong></span> <span class='ocrx_word' id='word_1_662' title='bbox 1193 4601 1486 4657; x_wconf 80' lang='grc' dir='ltr'>ἀθάνατον</span> <span class='ocrx_word' id='word_1_663' title='bbox 1544 4607 1639 4660; x_wconf 66' lang='grc' dir='ltr'>καὶ</span> <span class='ocrx_word' id='word_1_664' title='bbox 1681 4607 1797 4659; x_wconf 78' lang='grc' dir='ltr'>ἀειο</span> 
     </span>
    </p>
   </div>
   <div class='ocr_carea' id='block_1_95' title="bbox 209 4687 1800 4768">
    <p class='ocr_par' dir='ltr' id='par_1_95' title="bbox 209 4687 1800 4768">
     <span class='ocr_line' id='line_1_95' title="bbox 209 4687 1800 4768; baseline 0.005 -28"><span class='ocrx_word' id='word_1_665' title='bbox 209 4687 444 4756; x_wconf 80' lang='grc' dir='ltr'>κίνητον</span> <span class='ocrx_word' id='word_1_666' title='bbox 465 4691 613 4760; x_wconf 73' lang='grc' dir='ltr'>μόνῳ</span> <span class='ocrx_word' id='word_1_667' title='bbox 640 4690 760 4762; x_wconf 78' lang='grc' dir='ltr'><strong>Θεῷ</strong></span> <span class='ocrx_word' id='word_1_668' title='bbox 783 4691 860 4760; x_wconf 81' lang='grc' dir='ltr'>τῷ</span> <span class='ocrx_word' id='word_1_669' title='bbox 888 4690 1144 4761; x_wconf 82' lang='grc' dir='ltr'>ἀθανάτῳ</span> <span class='ocrx_word' id='word_1_670' title='bbox 1185 4693 1279 4745; x_wconf 64' lang='grc' dir='ltr'><strong>καὶ⁵</strong></span> <span class='ocrx_word' id='word_1_671' title='bbox 1326 4692 1509 4762; x_wconf 80' lang='grc' dir='ltr'>πάσης</span> <span class='ocrx_word' id='word_1_672' title='bbox 1540 4690 1800 4768; x_wconf 81' lang='grc' dir='ltr'>ἀπειρίας</span> 
     </span>
    </p>
   </div>
   <div class='ocr_carea' id='block_1_96' title="bbox 208 4776 1798 4854">
    <p class='ocr_par' dir='ltr' id='par_1_96' title="bbox 208 4776 1798 4854">
     <span class='ocr_line' id='line_1_96' title="bbox 208 4776 1798 4854; baseline 0.007 -27"><span class='ocrx_word' id='word_1_673' title='bbox 208 4776 477 4846; x_wconf 80' lang='grc' dir='ltr'>ἀνωτέρω</span> <span class='ocrx_word' id='word_1_674' title='bbox 522 4778 733 4843; x_wconf 78' lang='grc' dir='ltr'>άλύτως</span> <span class='ocrx_word' id='word_1_675' title='bbox 779 4780 1012 4843; x_wconf 75' lang='grc' dir='ltr'>ἑαυτοὺς</span> <span class='ocrx_word' id='word_1_676' title='bbox 1059 4781 1350 4851; x_wconf 79' lang='grc' dir='ltr'>ἀνέδησαν,</span> <span class='ocrx_word' id='word_1_677' title='bbox 1393 4784 1647 4854; x_wconf 79' lang='grc' dir='ltr'>οὐδαμῶς</span> <span class='ocrx_word' id='word_1_678' title='bbox 1677 4787 1798 4851; x_wconf 86' lang='grc' dir='ltr'>ταῖς</span> 
     </span>
    </p>
   </div>
   <div class='ocr_carea' id='block_1_97' title="bbox 209 4865 1798 4947">
    <p class='ocr_par' dir='ltr' id='par_1_97' title="bbox 209 4865 1798 4947">
     <span class='ocr_line' id='line_1_97' title="bbox 209 4865 1798 4947; baseline 0.003 -26"><span class='ocrx_word' id='word_1_679' title='bbox 209 4865 429 4937; x_wconf 82' lang='grc' dir='ltr'>κόσμου</span> <span class='ocrx_word' id='word_1_680' title='bbox 463 4869 556 4921; x_wconf 76' lang='grc' dir='ltr'>καὶ</span> <span class='ocrx_word' id='word_1_681' title='bbox 585 4869 791 4939; x_wconf 86' lang='grc' dir='ltr'>σαρκὸς</span> <span class='ocrx_word' id='word_1_682' title='bbox 817 4867 1111 4947; x_wconf 82' lang='grc' dir='ltr'>ἀνθολκαίς</span> <span class='ocrx_word' id='word_1_683' title='bbox 1144 4865 1462 4936; x_wconf 80' lang='grc' dir='ltr'>ὲνδίδοντες,</span> <span class='ocrx_word' id='word_1_684' title='bbox 1497 4871 1634 4944; x_wconf 80' lang='grc' dir='ltr'>ὅπερ</span> <span class='ocrx_word' id='word_1_685' title='bbox 1679 4874 1798 4926; x_wconf 76' lang='grc' dir='ltr'>ἐστὶ</span> 
     </span>
    </p>
   </div>
   <div class='ocr_carea' id='block_1_98' title="bbox 208 4949 1796 5036">
    <p class='ocr_par' dir='ltr' id='par_1_98' title="bbox 208 4949 1796 5036">
     <span class='ocr_line' id='line_1_98' title="bbox 208 4949 1796 5036; baseline 0.003 -22"><span class='ocrx_word' id='word_1_686' title='bbox 208 4961 400 5032; x_wconf 83' lang='grc' dir='ltr'>πάσης</span> <span class='ocrx_word' id='word_1_687' title='bbox 461 4962 665 5032; x_wconf 78' lang='grc' dir='ltr'>ἀρετῆς</span> <span class='ocrx_word' id='word_1_688' title='bbox 712 4949 774 5017; x_wconf 85' lang='grc' dir='ltr'><strong>τε</strong></span> <span class='ocrx_word' id='word_1_689' title='bbox 820 4962 915 5015; x_wconf 74' lang='grc' dir='ltr'>καὶ</span> <span class='ocrx_word' id='word_1_690' title='bbox 967 4961 1226 5030; x_wconf 85' lang='grc' dir='ltr'>γνώσεως</span> <span class='ocrx_word' id='word_1_691' title='bbox 1280 4960 1585 5034; x_wconf 81' lang='grc' dir='ltr'>πλήρωσις,</span> <span class='ocrx_word' id='word_1_692' title='bbox 1639 4960 1796 5036; x_wconf 71' lang='grc' dir='ltr'>οἶμαι</span> 
     </span>
    </p>
   </div>
   <div class='ocr_carea' id='block_1_99' title="bbox 205 5053 1794 5125">
    <p class='ocr_par' dir='ltr' id='par_1_99' title="bbox 205 5053 1794 5125">
     <span class='ocr_line' id='line_1_99' title="bbox 205 5053 1794 5125; baseline 0.003 -19"><span class='ocrx_word' id='word_1_693' title='bbox 205 5053 270 5106; x_wconf 66' lang='grc' dir='ltr'><strong>ὁὶ</strong></span> <span class='ocrx_word' id='word_1_694' title='bbox 302 5053 385 5107; x_wconf 84' lang='grc' dir='ltr'>ὅτι</span> <span class='ocrx_word' id='word_1_695' title='bbox 419 5056 513 5108; x_wconf 63' lang='grc' dir='ltr'><strong>καὶ⁵</strong></span> <span class='ocrx_word' id='word_1_696' title='bbox 556 5053 729 5118; x_wconf 79' lang='grc' dir='ltr'>τέλος.</span> <span class='ocrx_word' id='word_1_697' title='bbox 781 5054 947 5108; x_wconf 74' lang='grc' dir='ltr'>Ἀλλά</span> <span class='ocrx_word' id='word_1_698' title='bbox 995 5053 1098 5108; x_wconf 84' lang='grc' dir='ltr'><strong>κᾶν</strong></span> <span class='ocrx_word' id='word_1_699' title='bbox 1151 5054 1334 5108; x_wconf 73' lang='grc' dir='ltr'>εἴποτε</span> <span class='ocrx_word' id='word_1_700' title='bbox 1383 5056 1514 5125; x_wconf 73' lang='grc' dir='ltr'>περὶ</span> <span class='ocrx_word' id='word_1_701' title='bbox 1566 5056 1636 5109; x_wconf 81' lang='grc' dir='ltr'><strong>τά</strong></span> <span class='ocrx_word' id='word_1_702' title='bbox 1684 5057 1794 5112; x_wconf 90' lang='grc' dir='ltr'><strong>τῶν</strong></span> 
     </span>
    </p>
   </div>
   <div class='ocr_carea' id='block_1_100' title="bbox 205 5143 1795 5219">
    <p class='ocr_par' dir='ltr' id='par_1_100' title="bbox 205 5143 1795 5219">
     <span class='ocr_line' id='line_1_100' title="bbox 205 5143 1795 5219; baseline 0.001 -20"><span class='ocrx_word' id='word_1_703' title='bbox 205 5146 388 5199; x_wconf 74' lang='grc' dir='ltr'>ϐντων</span> <span class='ocrx_word' id='word_1_704' title='bbox 436 5145 690 5218; x_wconf 87' lang='grc' dir='ltr'>θεάματα</span> <span class='ocrx_word' id='word_1_705' title='bbox 740 5147 1060 5217; x_wconf 85' lang='grc' dir='ltr'>κεκίνηνται</span> <span class='ocrx_word' id='word_1_706' title='bbox 1113 5148 1163 5199; x_wconf 85' lang='grc' dir='ltr'>οἱ</span> <span class='ocrx_word' id='word_1_707' title='bbox 1205 5143 1376 5214; x_wconf 76' lang='grc' dir='ltr'>ἀγιοι,</span> <span class='ocrx_word' id='word_1_708' title='bbox 1422 5147 1523 5201; x_wconf 82' lang='grc' dir='ltr'>οὐκ</span> <span class='ocrx_word' id='word_1_709' title='bbox 1574 5149 1667 5200; x_wconf 73' lang='grc' dir='ltr'><strong>ἐπὶ</strong></span> <span class='ocrx_word' id='word_1_710' title='bbox 1715 5147 1795 5219; x_wconf 82' lang='grc' dir='ltr'>τῷ</span> 
     </span>
    </p>
   </div>
   <div class='ocr_carea' id='block_1_101' title="bbox 208 5238 1794 5311">
    <p class='ocr_par' dir='ltr' id='par_1_101' title="bbox 208 5238 1794 5311">
     <span class='ocr_line' id='line_1_101' title="bbox 208 5238 1794 5311; baseline -0.001 -19"><span class='ocrx_word' id='word_1_711' title='bbox 208 5238 360 5292; x_wconf 77' lang='grc' dir='ltr'>αὐτὰ</span> <span class='ocrx_word' id='word_1_712' title='bbox 391 5239 577 5294; x_wconf 68' lang='grc' dir='ltr'>ἐκεῖνα</span> <span class='ocrx_word' id='word_1_713' title='bbox 597 5239 1025 5311; x_wconf 67' lang='grc' dir='ltr'>προηγουμένως</span> <span class='ocrx_word' id='word_1_714' title='bbox 1056 5239 1355 5293; x_wconf 86' lang='grc' dir='ltr'>θεάσασθαί</span> <span class='ocrx_word' id='word_1_715' title='bbox 1379 5256 1438 5294; x_wconf 86' lang='grc' dir='ltr'><strong>τε</strong></span> <span class='ocrx_word' id='word_1_716' title='bbox 1472 5241 1565 5294; x_wconf 74' lang='grc' dir='ltr'>καὶ</span> <span class='ocrx_word' id='word_1_717' title='bbox 1586 5240 1794 5309; x_wconf 87' lang='grc' dir='ltr'>γνῶναι</span> 
     </span>
    </p>
   </div>
   <div class='ocr_carea' id='block_1_102' title="bbox 211 5329 1796 5402">
    <p class='ocr_par' dir='ltr' id='par_1_102' title="bbox 211 5329 1796 5402">
     <span class='ocr_line' id='line_1_102' title="bbox 211 5329 1796 5402; baseline 0.003 -20"><span class='ocrx_word' id='word_1_718' title='bbox 211 5329 342 5384; x_wconf 83' lang='grc' dir='ltr'>καθ’</span> <span class='ocrx_word' id='word_1_719' title='bbox 368 5332 516 5402; x_wconf 73' lang='grc' dir='ltr'>ἡμᾶς</span> <span class='ocrx_word' id='word_1_720' title='bbox 545 5331 757 5396; x_wconf 70' lang='grc' dir='ltr'>’ὑλικῶς</span> <span class='ocrx_word' id='word_1_721' title='bbox 809 5329 1149 5400; x_wconf 84' lang='grc' dir='ltr'>κεκίνηνται,</span> <span class='ocrx_word' id='word_1_722' title='bbox 1179 5331 1297 5385; x_wconf 81' lang='grc' dir='ltr'>ἀλλ’</span> <span class='ocrx_word' id='word_1_723' title='bbox 1343 5331 1431 5387; x_wconf 76' lang='grc' dir='ltr'>ἵνα</span> <span class='ocrx_word' id='word_1_724' title='bbox 1484 5331 1576 5386; x_wconf 88' lang='grc' dir='ltr'><strong>τὸν</strong></span> <span class='ocrx_word' id='word_1_725' title='bbox 1624 5332 1668 5365; x_wconf 82' lang='grc'><strong>⁶¹</strong></span> <span class='ocrx_word' id='word_1_726' title='bbox 1706 5332 1796 5387; x_wconf 74' lang='grc' dir='ltr'><strong>διὰ</strong></span> 
     </span>
    </p>
   </div>
   <div class='ocr_carea' id='block_1_103' title="bbox 1895 4599 3478 4677">
    <p class='ocr_par' dir='ltr' id='par_1_103' title="bbox 1895 4599 3478 4677">
     <span class='ocr_line' id='line_1_103' title="bbox 1895 4599 3478 4677; baseline -0.008 -14"><span class='ocrx_word' id='word_1_727' title='bbox 1895 4619 1953 4663; x_wconf 82' lang='lat' dir='ltr'><strong>et</strong></span> <span class='ocrx_word' id='word_1_728' title='bbox 1978 4624 2197 4677; x_wconf 88' lang='lat' dir='ltr'><strong>semper</strong></span> <span class='ocrx_word' id='word_1_729' title='bbox 2225 4608 2450 4670; x_wconf 86' lang='lat' dir='ltr'><strong>mobile,</strong></span> <span class='ocrx_word' id='word_1_730' title='bbox 2485 4605 2586 4660; x_wconf 85' lang='lat' dir='ltr'><strong>soli</strong></span> <span class='ocrx_word' id='word_1_731' title='bbox 2621 4605 2734 4658; x_wconf 88' lang='lat' dir='ltr'><strong>Deo</strong></span> <span class='ocrx_word' id='word_1_732' title='bbox 2766 4599 3058 4656; x_wconf 90' lang='lat' dir='ltr'><strong>immortali</strong></span> <span class='ocrx_word' id='word_1_733' title='bbox 3090 4608 3147 4655; x_wconf 91' lang='lat' dir='ltr'><strong>et</strong></span> <span class='ocrx_word' id='word_1_734' title='bbox 3175 4599 3325 4654; x_wconf 90' lang='lat' dir='ltr'><strong>omni</strong></span> <span class='ocrx_word' id='word_1_735' title='bbox 3357 4599 3478 4652; x_wconf 72' lang='lat' dir='ltr'><strong>inli-</strong></span> 
     </span>
    </p>
   </div>
   <div class='ocr_carea' id='block_1_104' title="bbox 1893 4692 3479 4769">
    <p class='ocr_par' dir='ltr' id='par_1_104' title="bbox 1893 4692 3479 4769">
     <span class='ocr_line' id='line_1_104' title="bbox 1893 4692 3479 4769; baseline -0.008 -15"><span class='ocrx_word' id='word_1_736' title='bbox 1893 4701 2067 4754; x_wconf 83' lang='lat' dir='ltr'><strong>nita-te</strong></span> <span class='ocrx_word' id='word_1_737' title='bbox 2100 4698 2374 4769; x_wconf 87' lang='lat' dir='ltr'><strong>superiori</strong></span> <span class='ocrx_word' id='word_1_738' title='bbox 2412 4695 2783 4753; x_wconf 86' lang='lat' dir='ltr'><strong>insolubiliter</strong></span> <span class='ocrx_word' id='word_1_739' title='bbox 2813 4709 2871 4748; x_wconf 89' lang='lat' dir='ltr'><strong>se</strong></span> <span class='ocrx_word' id='word_1_740' title='bbox 2908 4693 3058 4762; x_wconf 87' lang='lat' dir='ltr'><strong>ipsos</strong></span> <span class='ocrx_word' id='word_1_741' title='bbox 3087 4692 3479 4761; x_wconf 79' lang='lat' dir='ltr'><strong>alligaverunt,</strong></span> 
     </span>
    </p>
   </div>
   <div class='ocr_carea' id='block_1_105' title="bbox 1895 4779 3479 4855">
    <p class='ocr_par' dir='ltr' id='par_1_105' title="bbox 1895 4779 3479 4855">
     <span class='ocr_line' id='line_1_105' title="bbox 1895 4779 3479 4855; baseline -0.006 -13"><span class='ocrx_word' id='word_1_742' title='bbox 1895 4789 2045 4843; x_wconf 86' lang='lat' dir='ltr'><strong>nullo</strong></span> <span class='ocrx_word' id='word_1_743' title='bbox 2085 4787 2245 4843; x_wconf 87' lang='lat' dir='ltr'><strong>modo</strong></span> <span class='ocrx_word' id='word_1_744' title='bbox 2289 4787 2482 4842; x_wconf 85' lang='lat' dir='ltr'><strong>mundi</strong></span> <span class='ocrx_word' id='word_1_745' title='bbox 2524 4795 2690 4855; x_wconf 85' lang='lat' dir='ltr'><strong>atque</strong></span> <span class='ocrx_word' id='word_1_746' title='bbox 2735 4785 2920 4839; x_wconf 90' lang='lat' dir='ltr'><strong>carnis</strong></span> <span class='ocrx_word' id='word_1_747' title='bbox 2965 4780 3364 4838; x_wconf 83' lang='lat' dir='ltr'><strong>reﬂuxionibus</strong></span> <span class='ocrx_word' id='word_1_748' title='bbox 3393 4779 3479 4833; x_wconf 85' lang='lat' dir='ltr'><strong>in-</strong></span> 
     </span>
    </p>
   </div>
   <div class='ocr_carea' id='block_1_106' title="bbox 1893 4872 3479 4950">
    <p class='ocr_par' dir='ltr' id='par_1_106' title="bbox 1893 4872 3479 4950">
     <span class='ocr_line' id='line_1_106' title="bbox 1893 4872 3479 4950; baseline -0.006 -15"><span class='ocrx_word' id='word_1_749' title='bbox 1893 4877 1993 4935; x_wconf 87' lang='lat' dir='ltr'><strong>diti</strong></span> <span class='ocrx_word' id='word_1_750' title='bbox 2015 4880 2108 4950; x_wconf 85' lang='lat' dir='ltr'><strong>(b).</strong></span> <span class='ocrx_word' id='word_1_751' title='bbox 2135 4879 2263 4934; x_wconf 63' lang='lat' dir='ltr'><strong>Haec</strong></span> <span class='ocrx_word' id='word_1_752' title='bbox 2287 4887 2374 4934; x_wconf 89' lang='lat' dir='ltr'><strong>est</strong></span> <span class='ocrx_word' id='word_1_753' title='bbox 2396 4878 2577 4933; x_wconf 87' lang='lat' dir='ltr'><strong>omnis</strong></span> <span class='ocrx_word' id='word_1_754' title='bbox 2599 4877 2820 4932; x_wconf 84' lang='lat' dir='ltr'><strong>virtutis</strong></span> <span class='ocrx_word' id='word_1_755' title='bbox 2835 4885 2892 4931; x_wconf 89' lang='lat' dir='ltr'><strong>et</strong></span> <span class='ocrx_word' id='word_1_756' title='bbox 2907 4875 3150 4930; x_wconf 66' lang='lat' dir='ltr'><strong>scientiae</strong></span> <span class='ocrx_word' id='word_1_757' title='bbox 3167 4872 3479 4944; x_wconf 72' lang='lat' dir='ltr'><strong>plenitudo.</strong></span> 
     </span>
    </p>
   </div>
   <div class='ocr_carea' id='block_1_107' title="bbox 1892 4967 3480 5042">
    <p class='ocr_par' dir='ltr' id='par_1_107' title="bbox 1892 4967 3480 5042">
     <span class='ocr_line' id='line_1_107' title="bbox 1892 4967 3480 5042; baseline -0.006 -14"><span class='ocrx_word' id='word_1_758' title='bbox 1892 4971 2125 5028; x_wconf 67' lang='lat' dir='ltr'><strong>Estimo</strong></span> <span class='ocrx_word' id='word_1_759' title='bbox 2159 4987 2292 5028; x_wconf 87' lang='lat' dir='ltr'><strong>vero</strong></span> <span class='ocrx_word' id='word_1_760' title='bbox 2328 4972 2457 5042; x_wconf 84' lang='lat' dir='ltr'><strong>quia</strong></span> <span class='ocrx_word' id='word_1_761' title='bbox 2494 4980 2551 5026; x_wconf 92' lang='lat' dir='ltr'><strong>et</strong></span> <span class='ocrx_word' id='word_1_762' title='bbox 2587 4969 2731 5025; x_wconf 82' lang='lat' dir='ltr'><strong>finis.</strong></span> <span class='ocrx_word' id='word_1_763' title='bbox 2759 4968 2866 5023; x_wconf 85' lang='lat' dir='ltr'><strong>Sed</strong></span> <span class='ocrx_word' id='word_1_764' title='bbox 2908 4969 2953 5021; x_wconf 91' lang='lat' dir='ltr'><strong>si</strong></span> <span class='ocrx_word' id='word_1_765' title='bbox 2997 4967 3291 5036; x_wconf 83' lang='lat' dir='ltr'><strong>aliquando</strong></span> <span class='ocrx_word' id='word_1_766' title='bbox 3329 4967 3480 5020; x_wconf 85' lang='lat' dir='ltr'><strong>circa</strong></span> 
     </span>
    </p>
   </div>
   <div class='ocr_carea' id='block_1_108' title="bbox 1893 5056 3476 5132">
    <p class='ocr_par' dir='ltr' id='par_1_108' title="bbox 1893 5056 3476 5132">
     <span class='ocr_line' id='line_1_108' title="bbox 1893 5056 3476 5132; baseline -0.004 -16"><span class='ocrx_word' id='word_1_767' title='bbox 1893 5078 2086 5116; x_wconf 90' lang='lat' dir='ltr'><strong>eorum</strong></span> <span class='ocrx_word' id='word_1_768' title='bbox 2111 5077 2231 5132; x_wconf 66' lang='lat' dir='ltr'><strong>quae</strong></span> <span class='ocrx_word' id='word_1_769' title='bbox 2261 5070 2393 5117; x_wconf 88' lang='lat' dir='ltr'><strong>sunt</strong></span> <span class='ocrx_word' id='word_1_770' title='bbox 2417 5059 2812 5131; x_wconf 88' lang='lat' dir='ltr'><strong>speculamina,</strong></span> <span class='ocrx_word' id='word_1_771' title='bbox 2839 5057 2971 5111; x_wconf 91' lang='lat' dir='ltr'><strong>moti</strong></span> <span class='ocrx_word' id='word_1_772' title='bbox 2999 5066 3126 5111; x_wconf 85' lang='lat' dir='ltr'><strong>sunt</strong></span> <span class='ocrx_word' id='word_1_773' title='bbox 3146 5056 3340 5119; x_wconf 89' lang='lat' dir='ltr'><strong>sancti,</strong></span> <span class='ocrx_word' id='word_1_774' title='bbox 3363 5071 3476 5110; x_wconf 86' lang='lat' dir='ltr'><strong>non</strong></span> 
     </span>
    </p>
   </div>
   <div class='ocr_carea' id='block_1_109' title="bbox 1895 5148 3476 5224">
    <p class='ocr_par' dir='ltr' id='par_1_109' title="bbox 1895 5148 3476 5224">
     <span class='ocr_line' id='line_1_109' title="bbox 1895 5148 3476 5224; baseline -0.005 -18"><span class='ocrx_word' id='word_1_775' title='bbox 1895 5153 1949 5206; x_wconf 85' lang='lat' dir='ltr'><strong>in</strong></span> <span class='ocrx_word' id='word_1_776' title='bbox 1980 5153 2087 5208; x_wconf 91' lang='lat' dir='ltr'><strong>hoc</strong></span> <span class='ocrx_word' id='word_1_777' title='bbox 2116 5154 2206 5208; x_wconf 87' lang='lat' dir='ltr'><strong>illa</strong></span> <span class='ocrx_word' id='word_1_778' title='bbox 2237 5153 2354 5224; x_wconf 91' lang='lat' dir='ltr'><strong>ipsa</strong></span> <span class='ocrx_word' id='word_1_779' title='bbox 2384 5151 2769 5222; x_wconf 85' lang='lat' dir='ltr'><strong>principaliter</strong></span> <span class='ocrx_word' id='word_1_780' title='bbox 2798 5148 3162 5218; x_wconf 87' lang='lat' dir='ltr'><strong>contemplari</strong></span> <span class='ocrx_word' id='word_1_781' title='bbox 3190 5157 3248 5201; x_wconf 88' lang='lat' dir='ltr'><strong>et</strong></span> <span class='ocrx_word' id='word_1_782' title='bbox 3274 5160 3476 5216; x_wconf 77' lang='lat' dir='ltr'><strong>COgno-</strong></span> 
     </span>
    </p>
   </div>
   <div class='ocr_carea' id='block_1_110' title="bbox 1893 5238 3482 5311">
    <p class='ocr_par' dir='ltr' id='par_1_110' title="bbox 1893 5238 3482 5311">
     <span class='ocr_line' id='line_1_110' title="bbox 1893 5238 3482 5311; baseline -0.006 -13"><span class='ocrx_word' id='word_1_783' title='bbox 1893 5258 2070 5311; x_wconf 83' lang='lat' dir='ltr'><strong>scere,</strong></span> <span class='ocrx_word' id='word_1_784' title='bbox 2101 5244 2246 5299; x_wconf 86' lang='lat' dir='ltr'><strong>sicut</strong></span> <span class='ocrx_word' id='word_1_785' title='bbox 2270 5259 2395 5306; x_wconf 89' lang='lat' dir='ltr'><strong>nos,</strong></span> <span class='ocrx_word' id='word_1_786' title='bbox 2426 5242 2790 5297; x_wconf 85' lang='lat' dir='ltr'><strong>materialiter</strong></span> <span class='ocrx_word' id='word_1_787' title='bbox 2817 5241 2951 5295; x_wconf 90' lang='lat' dir='ltr'><strong>moti</strong></span> <span class='ocrx_word' id='word_1_788' title='bbox 2983 5247 3132 5303; x_wconf 91' lang='lat' dir='ltr'><strong>sunt,</strong></span> <span class='ocrx_word' id='word_1_789' title='bbox 3161 5238 3254 5293; x_wconf 89' lang='lat' dir='ltr'><strong>sed</strong></span> <span class='ocrx_word' id='word_1_790' title='bbox 3290 5245 3350 5292; x_wconf 93' lang='lat' dir='ltr'><strong>ut</strong></span> <span class='ocrx_word' id='word_1_791' title='bbox 3377 5252 3482 5306; x_wconf 83' lang='lat' dir='ltr'><strong>per</strong></span> 
     </span>
    </p>
   </div>
   <div class='ocr_carea' id='block_1_111' title="bbox 1893 5334 3477 5401">
    <p class='ocr_par' dir='ltr' id='par_1_111' title="bbox 1893 5334 3477 5401">
     <span class='ocr_line' id='line_1_111' title="bbox 1893 5334 3477 5401; baseline -0.005 -10"><span class='ocrx_word' id='word_1_792' title='bbox 1893 5337 2076 5391; x_wconf 91' lang='lat' dir='ltr'><strong>omnia</strong></span> <span class='ocrx_word' id='word_1_793' title='bbox 2105 5346 2162 5392; x_wconf 88' lang='lat' dir='ltr'><strong>et</strong></span> <span class='ocrx_word' id='word_1_794' title='bbox 2185 5337 2241 5392; x_wconf 90' lang='lat' dir='ltr'><strong>in</strong></span> <span class='ocrx_word' id='word_1_795' title='bbox 2277 5336 2534 5394; x_wconf 84' lang='lat' dir='ltr'><strong>omnibus</strong></span> <span class='ocrx_word' id='word_1_796' title='bbox 2565 5343 2620 5390; x_wconf 89' lang='lat' dir='ltr'><strong>et</strong></span> <span class='ocrx_word' id='word_1_797' title='bbox 2647 5334 3005 5390; x_wconf 80' lang='lat' dir='ltr'><strong>exsistentem</strong></span> <span class='ocrx_word' id='word_1_798' title='bbox 3038 5340 3095 5386; x_wconf 91' lang='lat' dir='ltr'><strong>et</strong></span> <span class='ocrx_word' id='word_1_799' title='bbox 3117 5336 3477 5401; x_wconf 88' lang='lat' dir='ltr'><strong>apparentem</strong></span> 
     </span>
    </p>
   </div>
   <div class='ocr_carea' id='block_1_112' title="bbox 1517 5471 2196 5530">
    <p class='ocr_par' dir='ltr' id='par_1_112' title="bbox 1517 5471 2196 5530">
     <span class='ocr_line' id='line_1_112' title="bbox 1517 5471 2196 5530; baseline 0.003 -2"><span class='ocrx_word' id='word_1_800' title='bbox 1517 5471 1751 5528; x_wconf 63' lang='lat' dir='ltr'><strong>VARIAE</strong></span> <span class='ocrx_word' id='word_1_801' title='bbox 1793 5472 2196 5530; x_wconf 83' lang='lat' dir='ltr'><strong>LECTIONES.</strong></span> 
     </span>
    </p>
   </div>
   <div class='ocr_carea' id='block_1_113' title="bbox 284 5563 892 5621">
    <p class='ocr_par' dir='ltr' id='par_1_113' title="bbox 284 5563 892 5621">
     <span class='ocr_line' id='line_1_113' title="bbox 284 5563 892 5621; baseline 0.005 -5"><span class='ocrx_word' id='word_1_802' title='bbox 284 5564 334 5599; x_wconf 83' lang='grc'><strong>⁸³</strong></span> <span class='ocrx_word' id='word_1_803' title='bbox 361 5564 628 5620; x_wconf 68' lang='grc' dir='ltr'>ἐντίθεται</span> <span class='ocrx_word' id='word_1_804' title='bbox 651 5565 743 5621; x_wconf 87' lang='lat' dir='ltr'><strong>ed.</strong></span> <span class='ocrx_word' id='word_1_805' title='bbox 774 5563 892 5621; x_wconf 83' lang='lat' dir='ltr'><strong>Gal.</strong></span> 
     </span>
    </p>
   </div>
   <div class='ocr_carea' id='block_1_114' title="bbox 971 5564 2237 5624">
    <p class='ocr_par' dir='ltr' id='par_1_114' title="bbox 971 5564 2237 5624">
     <span class='ocr_line' id='line_1_114' title="bbox 971 5564 2237 5624; baseline 0.004 -7"><span class='ocrx_word' id='word_1_806' title='bbox 971 5565 1016 5597; x_wconf 78' lang='grc'><strong>⁸⁸</strong></span> <span class='ocrx_word' id='word_1_807' title='bbox 1040 5564 1290 5618; x_wconf 78' lang='grc' dir='ltr'>τοσοῦτον</span> <span class='ocrx_word' id='word_1_808' title='bbox 1313 5565 1401 5619; x_wconf 85' lang='lat' dir='ltr'><strong>ed.</strong></span> <span class='ocrx_word' id='word_1_809' title='bbox 1430 5565 1547 5620; x_wconf 88' lang='lat' dir='ltr'><strong>Gal.</strong></span> <span class='ocrx_word' id='word_1_810' title='bbox 1619 5567 1665 5598; x_wconf 78' lang='lat'><strong>‘°</strong></span> <span class='ocrx_word' id='word_1_811' title='bbox 1698 5565 1788 5619; x_wconf 89' lang='grc' dir='ltr'><strong>τὸν</strong></span> <span class='ocrx_word' id='word_1_812' title='bbox 1834 5582 1943 5620; x_wconf 88' lang='lat' dir='ltr'><strong>om.</strong></span> <span class='ocrx_word' id='word_1_813' title='bbox 1991 5567 2076 5622; x_wconf 91' lang='lat' dir='ltr'><strong>ed.</strong></span> <span class='ocrx_word' id='word_1_814' title='bbox 2121 5567 2237 5624; x_wconf 87' lang='lat' dir='ltr'><strong>Gal.</strong></span> 
     </span>
    </p>
   </div>
   <div class='ocr_carea' id='block_1_115' title="bbox 2309 5558 2971 5619">
    <p class='ocr_par' dir='ltr' id='par_1_115' title="bbox 2309 5558 2971 5619">
     <span class='ocr_line' id='line_1_115' title="bbox 2309 5558 2971 5619; baseline -0.015 0"><span class='ocrx_word' id='word_1_815' title='bbox 2309 5569 2348 5598; x_wconf 81' lang='grc'><strong>·’¹</strong></span> <span class='ocrx_word' id='word_1_816' title='bbox 2408 5567 2470 5619; x_wconf 77' lang='grc' dir='ltr'><strong>ἵν’</strong></span> <span class='ocrx_word' id='word_1_817' title='bbox 2499 5565 2680 5618; x_wconf 72' lang='grc' dir='ltr'>αὑτὸν.</span> <span class='ocrx_word' id='word_1_818' title='bbox 2722 5560 2811 5616; x_wconf 88' lang='lat' dir='ltr'><strong>ed.</strong></span> <span class='ocrx_word' id='word_1_819' title='bbox 2854 5558 2971 5615; x_wconf 83' lang='lat' dir='ltr'><strong>Gal.</strong></span> 
     </span>
    </p>
   </div>
   <div class='ocr_carea' id='block_1_116' title="bbox 1764 5677 1994 5733">
    <p class='ocr_par' dir='ltr' id='par_1_116' title="bbox 1764 5677 1994 5733">
     <span class='ocr_line' id='line_1_116' title="bbox 1764 5677 1994 5733; baseline 0.004 -2"><span class='ocrx_word' id='word_1_820' title='bbox 1764 5677 1994 5733; x_wconf 64' lang='lat' dir='ltr'><strong>NOTAE.</strong></span> 
     </span>
    </p>
   </div>
   <div class='ocr_carea' id='block_1_117' title="bbox 289 5772 2042 5845">
    <p class='ocr_par' dir='ltr' id='par_1_117' title="bbox 289 5772 2042 5845">
     <span class='ocr_line' id='line_1_117' title="bbox 289 5772 2042 5845; baseline -0.001 -17"><span class='ocrx_word' id='word_1_821' title='bbox 289 5773 367 5845; x_wconf 71' lang='grc' dir='ltr'><strong>(ὑ)</strong></span> <span class='ocrx_word' id='word_1_822' title='bbox 395 5772 787 5845; x_wconf 73' lang='lat' dir='ltr'><strong>Reﬂuxiouibus</strong></span> <span class='ocrx_word' id='word_1_823' title='bbox 813 5777 986 5840; x_wconf 74' lang='lat' dir='ltr'><strong>inditi,</strong></span> <span class='ocrx_word' id='word_1_824' title='bbox 1006 5774 1184 5830; x_wconf 79' lang='lat' dir='ltr'><strong>carnis</strong></span> <span class='ocrx_word' id='word_1_825' title='bbox 1211 5774 1540 5840; x_wconf 81' lang='lat' dir='ltr'><strong>renitentiis,</strong></span> <span class='ocrx_word' id='word_1_826' title='bbox 1569 5776 1800 5830; x_wconf 82' lang='lat' dir='ltr'><strong>rectius.</strong></span> <span class='ocrx_word' id='word_1_827' title='bbox 1845 5773 2042 5844; x_wconf 77' lang='lat' dir='ltr'><strong>(Galel</strong></span> 
     </span>
    </p>
   </div>
  </div>
