4200 6440
746 417 877 480 1115

1916 417 1978 475 S.
2021 415 2179 474 ΜΑΧ
2193 413 2306 472 [Ml
2351 409 2859 471 CONFESSOBIS

3858 398 3999 463 1116

739 533 909 586 Deum
951 527 1359 582 multiformiter
1395 525 1700 586 laudarent,
1730 534 1784 577 et
1822 522 2049 575 multum
2087 519 2339 576 sibimet.

2427 516 2628 569 πάντων
2661 515 2755 568 καὶ
2789 516 2847 566 ἐν
2879 513 3045 567 πᾶσιν
3072 513 3204 568 ὅντα
3235 530 3293 566 τε
3332 509 3424 565 καὶ
3473 507 3808 579 φαινόμενον
3859 510 4000 564 Θεὸν

736 617 1117 672 admirationis
1153 617 1474 684 colligerent
1508 615 1769 666 virtutem
1807 623 1861 665 et
1892 608 2307 681 gloriﬁeationis

737 726 980 764 causam.
1011 708 1258 759 Animam
1290 722 1526 774 namque
1558 723 1589 759 a
1620 705 1732 758 Deo
1762 702 2121 772 accipientes,
2149 699 2309 753 intel-

739 803 937 854 lectum
965 810 1020 853 et
1045 799 1311 852 rationem
1338 808 1394 851 et
1417 812 1638 851 sensum
1666 796 1980 856 habentem,
2005 809 2129 847 eum
2152 792 2308 845 intel-

741 892 929 959 Ιίμὶὺὲιί
967 901 1023 944 et
1057 891 1198 944 hanc
1232 891 1574 952 sensibilem,
1604 888 1746 943 sicut
1780 897 1836 942 et
1868 888 2156 948 rationem,
2186 898 2309 952 qua:

738 993 821 1036 est.
854 1000 950 1051 per
981 982 1419 1036 enuntiationem
1455 997 1580 1034 eum
1613 996 1677 1034 ca
1712 995 1832 1049 quia:
1868 976 2310 1048 inseparabiliter

739 1079 850 1132 est,
894 1080 948 1123 et
1002 1070 1341 1124 intellectum
1401 1085 1525 1122 eum
1583 1069 1940 1123 intellectuali
1992 1066 2308 1136 passibilem

742 1163 927 1227 (σιιιιῚΙι
951 1162 1118 1215 etiam
1144 1161 1487 1230 phantasiam
1511 1170 1709 1214 vocant
1733 1157 2004 1219 animalis,
2030 1172 2127 1226 per
2147 1170 2312 1224 quem

740 1257 798 1301 et
833 1250 1039 1318 reliqua
1084 1249 1360 1312 animalia,
1386 1257 1444 1304 et
1477 1265 1534 1304 se
1574 1250 1804 1303 invicem
1845 1255 1901 1301 et
1936 1261 2038 1299 nos
2075 1255 2132 1298 et
2166 1246 2314 1298 locos

742 1357 881 1410 quos
917 1357 1276 1410 peragravere
1312 1349 1678 1410 cognoscunt;
1709 1339 1853 1393 circa
1887 1352 2050 1407 quam
2085 1337 2314 1406 phanta-

744 1434 882 1486 siam
930 1449 1152 1487 sensum
1207 1433 1468 1486 constitui
1520 1433 1708 1486 dicunt
1751 1430 1846 1498 qui
1891 1429 2021 1482 talia
2065 1427 2311 1496 sapiunt.

744 1539 1010 1592 organum
1049 1525 1220 1593 ipsius
1252 1525 1380 1577 dum
1415 1524 1504 1582 sit,
1535 1537 1632 1591 per
1660 1520 1806 1589 quod
1843 1520 2040 1588 recipit
2064 1532 2186 1586 qua:
2217 1531 2316 1584 per

745 1631 865 1668 eam
910 1616 1207 1684 imaginata
1255 1615 1447 1683 sunt),
1479 1622 1854 1682 opportunum
1899 1626 2018 1665 esse
2064 1607 2315 1661 arbitrati

747 1715 875 1759 sunt
899 1707 1092 1760 borum
1122 1707 1466 1776 Operationes
1490 1711 1914 1773 consequenter,
1936 1716 2045 1754 non
2073 1698 2314 1757 sibimet.

747 1797 842 1849 sed
863 1798 1087 1851 donanti
1105 1798 1236 1860 Deo,
1267 1812 1365 1865 per
1397 1812 1558 1864 quem
1591 1804 1645 1848 et
1667 1812 1732 1848 ex
1761 1808 1872 1861 quo
1904 1792 2020 1845 inec
2049 1797 2198 1854 sunt,
2231 1803 2318 1841 re-

747 1889 995 1942 ferendo.
1027 1889 1164 1942 Tres
1197 1889 1345 1946 enim
1383 1887 1704 1941 exsistentes
1739 1884 2075 1939 universales
2102 1881 2313 1943 modos,

746 1987 1012 2046 quantum
1049 1977 1369 2030 hominibus
1401 1985 1483 2029 est
1512 1975 1796 2044 possibile,
1827 1991 1892 2026 ex
1928 1974 2042 2043 ipsa
2075 1972 2222 2026 circa
2254 1987 2318 2026 ea

746 2086 867 2138 qum
891 2078 1020 2122 sunt
1045 2069 1292 2137 diligenti
1320 2067 1766 2121 consideratione
1792 2066 2015 2128 eruditi,
2038 2065 2093 2118 in
2117 2065 2320 2134 quibus

747 2161 892 2214 Deus
922 2161 1106 2212 omnia
1137 2158 1267 2212 fecit
1291 2159 1367 2228 (in
1399 2159 1505 2211 hoc
1535 2173 1768 2227 namque
1799 2173 1920 2211 esse
1948 2165 2004 2211 et
2028 2157 2169 2211 bene
2197 2172 2319 2211 esse

746 2260 802 2303 et
847 2266 1066 2319 semper
1113 2265 1235 2304 esse
1266 2249 1534 2304 Conditor
1579 2265 1678 2302 nos
1720 2249 2048 2319 substituit),
2082 2257 2138 2303 et
2181 2249 2320 2304 duos

747 2346 971 2414 quidem
1000 2354 1276 2399 extremos
1301 2362 1330 2398 a
1355 2347 1473 2400 solo
1499 2347 1611 2399 Deo
1636 2347 1854 2400 habitos
1887 2346 1955 2415 (ε)
1987 2355 2047 2399 ιιι
2077 2362 2106 2398 a
2132 2362 2318 2411 causa,

746 2436 917 2488 alium
952 2450 1085 2488 vero
1123 2435 1365 2488 medium
1408 2443 1464 2489 et
1502 2445 1687 2488 nostro
1727 2435 2055 2504 pendentem
2092 2435 2320 2490 arbitrio

745 2535 805 2580 et
847 2535 1026 2587 motu,
1057 2533 1114 2579 et
1155 2541 1252 2594 per
1293 2541 1351 2580 se
1400 2526 1577 2594 ipsum
1625 2527 1887 2580 extremis
1937 2528 2162 2596 proprie.
2212 2528 2318 2582 diei

747 2625 1116 2684 prmstantem,
1141 2625 1197 2668 et
1223 2630 1290 2669 eo
1319 2615 1545 2670 absente
1574 2617 1800 2670 abusive
1829 2618 1911 2671 eis
1939 2619 2105 2671 etiam
2139 2619 2323 2688 appel-

749 2707 883 2760 latio
920 2706 1296 2769 constituitur,
1333 2707 1465 2760 illud
1502 2707 1642 2762 bene
1678 2725 1786 2762 non
1824 2709 2155 2762 liabentilms
2188 2726 2320 2762 con-

748 2798 1021 2868 junetum.
1053 2812 1161 2851 non
1197 2797 1465 2866 aliterque
1501 2813 1662 2868 posse
1702 2801 1892 2854 adesse
1925 2802 2011 2853 eis
2055 2812 2110 2854 et
2143 2812 2325 2854 custo-

749 2888 856 2942 diri
897 2903 1018 2956 qu:e
1061 2889 1116 2941 in
1157 2890 1419 2944 extremis
1463 2898 1547 2945 est
1589 2892 1901 2955 veritatem,
1936 2909 2098 2961 quam
2146 2894 2323 2948 facere

751 2981 1044 3035 consuevit
1068 2980 1120 3033 id
1150 2981 1296 3050 quod
1325 2989 1410 3036 est
1437 2983 1578 3037 bene
1607 2999 1725 3036 esse
1753 2999 1851 3053 per
1875 2985 2115 3039 medium
2141 2995 2325 3041 extre-

751 3073 857 3126 mis
903 3071 1229 3135 admistum,
1277 3088 1442 3140 quam
1495 3089 1560 3127 ex
1612 3075 1733 3143 ipso
1779 3075 1844 3128 ad
1894 3076 2064 3128 Deum
2109 3091 2327 3146 semper

2409 608 2761 677 πολυτρόπως
2808 606 3096 676 ὑμνήσωσι
3127 605 3224 658 καὶ
3253 604 3456 671 πολλὴν
3485 603 3700 664 ἑαυτοῖς
3736 601 4000 667 συναγείο

2410 715 2545 769 ρωσι
2577 695 2856 765 θαύματος
2883 693 3137 764 Ιδύναμιν
3189 695 3284 746 καὶ
3339 691 3654 759 δοξολογίας
3704 690 3997 742 ὑπόθεσιν.

2409 788 2603 860 Ψυχὴν
2625 788 2734 858 γάρ
2758 785 3044 856 εἰληφότες
3072 787 3224 856 παρὰ
3260 783 3398 837 Θεοῦ
3429 783 3551 836 νοῦν
3587 783 3683 835 καὶ
3701 781 3865 848 λόγον
3904 782 4003 833 καὶ

2410 882 2663 948 αἴσθησιν
2707 878 2940 948 ἔχουσαν
2979 877 3117 946 πρὸς
3167 877 3234 945 τῇ
3287 876 3452 944 νοητῇ
3501 873 3596 925 καὶ
3647 871 3859 938 ταύτην
3902 871 4003 939 τὴν

2411 971 2696 1042 αἰσθητὴν,
2732 971 2924 1041 ὥσπερ
2957 970 3052 1022 καὶ
3081 967 3239 1034 λόγον
3293 965 3431 1036 πρὸς
3456 963 3535 1034 τῷ
3565 961 3864 1031 ἐνδιαθέτῳ
3912 961 4004 1013 τὸν

2412 1067 2553 1120 κατὰ
2580 1063 2866 1135 προφορὰν
2893 1061 2989 1114 καὶ
3016 1059 3144 1112 νοῦν
3191 1058 3326 1126 πρὸς
3356 1055 3435 1126 τῷ
3465 1054 3642 1125 νοητῷ
3675 1055 3770 1107 τὸν
3825 1053 4006 1122 παθη-

2410 1157 2564 1211 τικὸν
2590 1156 2670 1224 (ὃν
2703 1155 2797 1208 καὶ
2825 1152 3131 1222 φαντασίαν
3165 1149 3390 1203 καλοῦσι
3437 1145 3531 1199 τοῦ
3565 1145 3733 1210 ζώου,
3769 1144 3895 1197 καθ’
3948 1145 4007 1195 ὂν

2414 1252 2506 1305 καὶ
2552 1251 2624 1304 τά
2650 1249 2814 1302 λοιπὰ
2862 1246 2979 1310 ζῶα
3015 1245 3111 1298 καὶ
3141 1242 3348 1313 ἄλληλα
3387 1243 3479 1294 καὶ
3515 1241 3662 1310 ἡμᾶς
3720 1239 3820 1290 καὶ
3877 1236 4007 1300 τοὺς

2411 1344 2612 1406 τόπους
2641 1341 2734 1403 οὒς
2760 1339 3058 1392 διώδευσαν
3089 1334 3537 1403 ἐπιγινώσκουσι,
3587 1331 3720 1400 περὶ
3772 1330 3842 1400 ἣν
3890 1345 4009 1381 συν⁹

2419 1436 2671 1490 ίστασθαι
2701 1435 2798 1503 τὴν
2831 1431 3085 1494 αἴσθησίν
3113 1446 3276 1497 φασιν
3320 1429 3370 1480 οἱ
3425 1427 3579 1494 σοφοὶ
3625 1425 3694 1478 τὰ
3753 1423 4006 1483 τοιαῦτα,

2414 1527 2648 1598 ὄργανον
2675 1523 2846 1590 αὐτῆς
2871 1517 3039 1573 οὖσαν
3082 1516 3473 1587 ἀντιληπτικὸν
3509 1515 3620 1567 τῶν
3673 1515 3819 1582 αὐτῇ
3870 1531 4008 1580 eav-

2416 1615 2771 1678 τασθέντων).
2823 1613 2933 1664 δεῖν
2985 1609 3249 1680 ᾠήθησαν
3290 1607 3500 1659 τούτων
3547 1606 3647 1662 ti;
3691 1604 4004 1673 ἐνεργείας,

2419 1709 2641 1770 εἰκότως
2669 1708 2771 1775 οὐχ
2798 1705 3030 1763 ἑαυτοῖς,
3059 1701 3193 1754 ἀλλά
3219 1699 3294 1770 τῷ
3324 1699 3578 1751 δεδωκότι
3620 1695 3763 1764 Θεῷ,
3819 1695 3887 1746 δι’
3951 1695 4008 1746 ὃν

2420 1800 2517 1854 καὶ
2569 1797 2630 1862 ἐξ
2678 1790 2740 1850 οὗ
2801 1797 3003 1851 πάντα,
3038 1791 3428 1862 προσενέγκαι.
3485 1788 3649 1858 Τρεῖς
3693 1785 3804 1855 γὰρ
3847 1786 4007 1848 ὄντας

2421 1890 2746 1950 καθολικοὺς
2779 1885 3034 1956 τρόπους,
3082 1882 3156 1946 ὠς
3203 1878 3514 1950 ἀνθρώποις
3562 1879 3712 1928 ἐστὶν
3762 1876 4005 1945 ἐφικτὸν,

2419 1985 2485 2037 ἐκ
2512 1982 2615 2051 τῆς
2657 1980 2786 2050 περὶ
2811 1960 2880 2031 τὰ
2925 1976 3053 2029 ὄντα
3083 1971 3347 2045 ἀκριϐοῦς
3375 1972 3766 2038 κατανοήσεως
3790 1969 4009 2021 παιδευ-

2422 2074 2628 2138 θέντες,
2669 2070 2753 2140 ἐφ¹
2784 2064 2866 2132 οἷς
2907 2068 2965 2120 Ὀ
2993 2065 3126 2129 Θεὸς
3155 2064 3225 2117 τὰ
3260 2063 3439 2118 πάντα
3477 2061 3784 2131 πεποίηκεν
3829 2059 3939 2129 (ἐφ’

2419 2182 2480 2217 τε
2529 2163 2638 2234 γὰρ
2671 2159 2832 2228 εἶναι,
2879 2159 2974 2212 καὶ
3005 2150 3064 2211 εὖ
3109 2152 3274 2223 εἶναι,
3302 2157 3395 2210 καὶ
3419 2156 3507 2211 ἀεὶ
3540 2150 3702 2218 εἶναι,
3734 2154 3920 2225 (ιω
3952 2155 4010 2222 a)

2419 2255 2690 2318 οὐσιώσας
2711 2255 2859 2325 ἡμᾶς
2875 2251 3266 2323 ὑπεστήσατο),
3290 2251 3532 2313 καὶτοὺς
3556 2249 3654 2320 μὲν
3683 2248 3779 2300 δύο
3805 2248 4010 2318 ἄκρους

2421 2348 2601 2410 ὂντας,
2626 2346 2723 2400 καὶ
2753 2344 2918 2415 μόνου
2948 2343 3088 2397 Θεοῦ
3120 2343 3439 2414 ἐχομένους,
3471 2341 3549 2405 ὡς
3592 2340 3792 2402 αἰτίου,
3831 2339 3924 2392 τὸν
3953 2338 4010 2391 δὲ

2422 2441 2611 2509 ἕτερον
2637 2438 2821 2509 μέσον,
2864 2439 2958 2491 καὶ
2984 2436 3089 2504 τῆς
3122 2435 3402 2506 ἡμετέρας
3428 2433 3741 2504 ἠρτημένον
3782 2432 4011 2500 γνώμης

2420 2548 2480 2584 τε
2509 2531 2604 2583 καὶ
2632 2530 2921 2599 κινήσεως,
2963 2528 3056 2582 καὶ
3078 2527 3149 2581 δι’
3200 2525 3398 2581 ἐαυτοῦ
3433 2528 3545 2589 τοῖς
3588 2525 3780 2595 ἄκροις
3817 2525 3882 2576 τὸ
3913 2540 4013 2575 xu-

2427 2623 2559 2693 ρίως
2581 2620 2837 2688 λέγεσθαι
2859 2618 3195 2689 παρέχοντα,
3222 2619 3318 2670 καὶ
3341 2611 3404 2670 οὗ
3439 2617 3512 2687 μὴ
3546 2615 3815 2686 παρόντος
3843 2615 4014 2683 ἀχρη-

2403 2731 2553 2778 -στος
2586 2714 2770 2776 αὐτοῖς
2802 2715 2836 2782 ἡ
2867 2712 3211 2781 προσηγορία
3246 2708 3594 2772 καθίσταται,
3620 2707 3681 2760 τὸ
3714 2703 3773 2759 εὖ
3807 2721 4015 2774 συνημ-

2429 2808 2591 2875 μένον
2622 2803 2723 2855 of»:
2755 2802 2993 2871 ἔχουσιν,
3027 2803 3128 2854 οὐκ
3159 2800 3336 2862 ἄλλως
3372 2799 3627 2852 δύνασθαι
3653 2799 3749 2850 καὶ
3773 2812 4012 2866 προσγε-

2425 2895 2830 2956 νέσθαιαὺτοῖς
2864 2897 2959 2946 καὶ
3013 2892 3360 2962 φυλαχθῆναι
3409 2891 3507 2960 τὴν
3556 2893 3612 2942 ἐν
3657 2892 3770 2952 τοῖς
3821 2891 4015 2958 ἄκροις

2425 2982 2706 3054 ἀλήθειαν,
2769 2984 2836 3054 ἣν
2887 2985 3064 3036 ποιεῖν
3118 2983 3332 3051 πέφυκε
3385 2981 3448 3034 τὸ
3507 2977 3564 3034 εὖ
3599 2974 3742 3032 εἶναι
3784 2979 3924 3032 κατά
3957 2978 4018 3030 τὸ

2429 3077 2598 3146 μέσον
2625 3077 2739 3138 τοῖς
2765 3076 2959 3146 ἄκροις
3012 3074 3468 3145 ἐπικιρνὼμενον,
3510 3073 3541 3142 ἢ
3594 3075 3661 3143 τῇ
3705 3071 3846 3141 πρὸς
3881 3069 4019 3122 Θεὸν

753 3175 905 3218 motu
957 3163 1382 3230 intellexerunt;
1434 3174 1490 3218 et
1531 3165 1796 3235 deinceps
1833 3167 2074 3221 naturali
2114 3168 2326 3222 ratione

2427 3168 2744 3238 ἀεικινησίᾳ
2790 3167 3147 3238 διενοήθησαν
3176 3180 3190 3194 ⁸
3240 3166 3338 3219 καὶ
3365 3165 3550 3218 λοιπδν
3577 3165 3656 3234 τῷ
3678 3162 3822 3216 κα.τά
3852 3161 4018 3230 φύσιν

754 3256 881 3309 hinc
916 3256 1402 3324 contentplativum
1440 3259 1638 3311 anima!
1672 3257 2054 3324 extendentes,
2079 3270 2135 3314 et
2166 3259 2330 3314 modo

754 3344 994 3413 quodam
1033 3360 1144 3397 non
1179 3355 1435 3414 oportere
1473 3347 1918 3402 convcrsibiliter
1952 3350 2030 3403 uti
2065 3351 2331 3403 naturali-

756 3434 861 3487 bus
894 3435 1341 3514 operationibus,
1376 3447 1603 3507 propter
1638 3449 1990 3508 superantem
2023 3443 2334 3497 necessario

757 3528 1189 3596 corruptionem,
1215 3544 1282 3581 eo
1318 3529 1480 3583 modo
1513 3530 1608 3599 qui
1639 3539 1723 3584 est
1754 3546 1854 3599 per
1885 3533 2206 3587 abusionem
2240 3549 2337 3588 na-

761 3618 1034 3672 turalibus
1063 3620 1348 3686 potentiis,
1376 3621 1491 3690 ipsa
1526 3637 1634 3674 non
1666 3630 1856 3676 utente
1887 3624 2120 3687 ratione,
2146 3634 2336 3694 aperte

759 3708 1068 3772 audientes,
1098 3725 1163 3763 ac
1191 3711 1351 3779 plane
1382 3726 1483 3780 per
1509 3711 1797 3767 decentem
1829 3722 2037 3769 natura-
2069 3720 2334 3770 rationem

759 3799 828 3852 ad
864 3799 1035 3867 ipsius
1063 3815 1285 3853 causam
1316 3799 1450 3854 ferri
1481 3800 1830 3868 didicerunt;
1864 3813 1926 3858 ut
1950 3805 2099 3861 unde
2126 3808 2337 3877 simpli-

760 3891 902 3943 citer
924 3891 1005 3943 eis
1031 3899 1114 3943 est
1137 3906 1280 3955 esse,
1299 3898 1355 3944 et
1381 3905 1510 3946 vere
1535 3906 1682 3956 esse,
1703 3895 2036 3965 quandoque
2062 3897 2334 3967 adjectum

764 3981 1058 4049 accipiant.
1079 3980 1220 4047 Quid
1245 3981 1392 4036 enim
1419 3981 1671 4039 fortassis
1692 3984 1831 4039 lucri
1856 3987 1985 4053 erit,
2018 3988 2086 4041 ad
2109 4003 2168 4043 se
2193 3989 2342 4058 ipsos

764 4088 920 4140 :eque
947 4073 1642 4138 ratiocinantesfdicebant,
1662 4093 1771 4131 non
1796 4093 1826 4131 a
1850 4079 2341 4150 seipsoiexsistenti

765 4165 974 4218 causali
1009 4167 1075 4219 ad
1112 4182 1169 4220 se
1195 4167 1404 4235 ipsum,
1430 4177 1519 4221 aut
1554 4169 1706 4224 aliud
1726 4171 1882 4239 quid,
1910 4183 2113 4241 praeter
2143 4175 2338 4240 Deum,

764 4262 946 4318 moto,
976 4255 1198 4324 quando
1227 4256 1280 4309 in
1307 4257 1577 4311 rationem
1611 4258 1786 4328 ipsius
1807 4275 1929 4314 esse
1955 4261 2093 4316 nihil
2119 4263 2342 4318 sibimet

763 4362 794 4400 a
826 4347 1009 4423 seipsp
1043 4357 1140 4402 aut
1200 4348 1271 4403 ab
1304 4350 1414 4403 alio
1445 4350 1683 4419 quodam
1718 4360 1914 4421 praeter
1946 4354 2118 4408 Deum
2149 4334 2340 4425 acqui-

764 4453 889 4492 rere
921 4439 1164 4508 poterit?
1187 4439 1290 4494 Per
1319 4441 1423 4496 hoc
1446 4442 1692 4497 animum
1725 4442 1946 4512 quidem
1978 4447 2126 4500 circa
2161 4448 2337 4500 solum

2429 3260 2682 3314 ἐντεῦθεν
2705 3259 2762 3313 τὸ
2784 3259 3012 3312 όπτικὸν
3036 3259 3136 3327 τῆς
3158 3256 3338 3327 ψυχῆς
3363 3256 3834 3318 συνεπιτείνοντες
3849 3255 4017 3324 λόγῳ,

2431 3351 2526 3404 καὶ
2547 3351 2749 3421 τρόπον
2773 3349 2897 3402 τινά
2939 3350 3014 3420 μὴ
3043 3349 3154 3402 δεῖν
3183 3349 3562 3416 ἀντιστρόφως
3613 3346 3853 3418 χρῆσθαι
3895 3347 4018 3406 ταῖς

2434 3443 2692 3509 φυσικαῖς
2723 3440 3050 3509 ἐνεργείαις,
3073 3441 3162 3494 διὰ
3194 3439 3295 3511 τὴν
3336 3437 3396 3504 ἐξ
3438 3439 3686 3508 ἀνάγκης
3714 3436 4018 3507 ἐπισημαί-

2433 3548 2631 3583 νουσαν
2652 3531 2774 3593 ταῖς
2805 3531 3068 3598 φυσικαῖς
3097 3530 3398 3597 δυνάμεσιν
3433 3530 3495 3582 ἐκ
3520 3529 3615 3582 τοῦ
3657 3528 3802 3582 κατά
3834 3529 4017 3596 acapri-

2434 3637 2632 3691 χρησιν
2683 3621 2887 3690 τρόπου
2935 3621 3164 3689 φθορὰν,
3226 3619 3394 3673 αὑτοῦ
3451 3620 3685 3690 βοῶντος
3729 3620 3825 3673 τοῦ
3855 3620 4017 3688 λόγου

2434 3713 2733 3785 διαρρήδην
2752 3713 3110 3774 ἀκούσαντες,
3163 3711 3384 3781 ὁμαλῶς
3416 3714 3556 3765 κατά
3601 3713 3695 3764 τὸν
3737 3714 4016 3782 πρέποντα

2435 3805 2596 3872 λόγον
2647 3804 2748 3876 τῆς
2778 3805 2996 3872 φύσεως
3051 3804 3192 3875 πρὸς
3227 3804 3319 3857 τὸν
3355 3804 3526 3872 αὐτῆς
3552 3805 3723 3856 αἴτιον
3755 3804 4018 3873 φέρεσθαι

2438 3895 2819 3966 ἐδιδάχθησαν,
2855 3896 2923 3948 ἵν’
2956 3895 3080 3949 ὅθεν
3125 3895 3313 3958 ἁπλῶς
3357 3897 3539 3958 αὐτοῖς
3585 3897 3700 3949 ἐστι
3749 3896 3809 3948 τὸ
3856 3890 4015 3956 εἶναι,

2437 3986 2533 4041 καὶ
2571 3987 2630 4039 τὸ
2656 3986 2826 4049 ὅντως
2854 3981 2994 4039 εἶναι
3025 4002 3159 4039 ποτε
3187 3987 3488 4055 προστεθὲν
3521 3987 3908 4050 ὑποδέξωνται.
3953 3988 4018 4040 Τί

2439 4079 2549 4148 γὰρ
2578 4078 2644 4132 ἂν
2673 4077 2768 4131 καὶ
2795 4078 2951 4130 ἔσται
2973 4077 3052 4148 τῷ
3079 4077 3152 4148 μὴ
3177 4077 3374 4131 ἑαυτοῦ
3406 4077 3549 4131 κατὰ
3585 4079 3644 4130 τὸ
3671 4073 3810 4130 εῖναι
3861 4077 4018 4146 αἰτίῳ

2442 4172 2580 4241 πρὸς
2629 4169 2863 4232 ἑαυτοὺς
2915 4171 3047 4232 ἴσως
3079 4169 3430 4240 λογισάμενοι
3458 4164 3632 4233 εἷπον,
3667 4169 3804 4240 πρὸς
3827 4169 4019 4221 ἑαυτὸν

2442 4263 2476 4333 ἣ
2511 4262 2640 4316 ἄλλο
2683 4279 2740 4314 τι
2794 4261 2945 4330 παρὰ
2999 4261 3093 4314 τὸν
3148 4261 3284 4314 θεὸν
3331 4261 3642 4332 κινουμένῳ
3687 4260 3749 4313 τὸ
3807 4260 4017 4330 κέρδος,

2443 4353 2604 4407 ὁπότε
2639 4354 2719 4415 εἰς
2739 4353 2830 4405 τὸν
2861 4352 2956 4405 τοῦ
2983 4345 3123 4405 εἶναι
3151 4351 3310 4420 λόγον
3331 4353 3485 4405 οὐδὲν
3531 4350 3710 4420 ἐαυτῷ
3764 4351 3857 4419 ἀφ’
3901 4349 4022 4402 ἑαυο

2445 4445 2564 4511 τοῦ,
2597 4445 2630 4514 ἢ
2654 4443 2817 4497 ἄλλου
2842 4442 2986 4505 τινὸς
3010 4441 3162 4513 παρά
3196 4443 3288 4495 τὸν
3316 4442 3449 4495 Θεὸν
3484 4440 3841 4512 περιποιῆσαι
3864 4438 4022 4508 δυνή-

764 4529 938 4584 Deum
972 4538 1028 4585 et
1060 4532 1294 4587 virtutes
1325 4533 1447 4602 ejus
1482 4533 1734 4605 intelligi,
1768 4545 1826 4590 et
1856 4536 2121 4592 ineﬂ'abili
2153 4539 2339 4609 gloria:

2447 4551 2636 4598 σεται;
2674 4532 2773 4585 Διά
2818 4531 2977 4585 τοῦτο
3005 4531 3097 4584 τὸν
3139 4532 3239 4599 μὲν
3265 4529 3390 4583 νοῦν
3414 4531 3541 4600 περὶ
3573 4529 3734 4599 μόνου
3757 4527 3894 4580 Θεοῦ
3929 4528 4021 4578 καὶ

767 4619 1130 4676 beatitudinis
1155 4624 1272 4693 ejus
1298 4623 1502 4687 addici,
1526 4625 1796 4680 rationem
1821 4642 1956 4682 vero
1981 4627 2342 4696 interpretem

767 4713 1195 4784 intelligibilium
1226 4713 1343 4769 ﬁeri
1363 4724 1418 4770 et
1441 4717 1822 4782 laudatricem,
1851 4726 1908 4772 et
1927 4718 1994 4772 ad
2025 4735 2088 4773 ea
2117 4718 2348 4775 unilicos

766 4812 919 4858 recte
953 4803 1239 4874 disputare
1271 4799 1492 4871 modos,
1525 4823 1748 4862 sensum
1781 4823 1914 4863 vero
1945 4825 2044 4878 per
2078 4810 2345 4866 rationem

765 4894 1120 4958 nobilitatum
1163 4895 1310 4966 ipsas
1354 4896 1409 4950 in
1452 4897 1712 4953 universo
1755 4897 2078 4954 dill'erentes
2114 4900 2348 4958 virtutes

766 4997 824 5041 et
845 4987 1200 5054 operationes
1225 4988 1636 5058 imaginantem,
1662 4991 1717 5044 in
1746 4990 1834 5044 bis
1857 5006 1980 5060 qua:
2004 5001 2152 5055 sunt,
2177 5009 2350 5062 quan-

771 5090 885 5133 tum
926 5078 1190 5147 possibile
1230 5089 1344 5142 est,
1377 5080 1575 5135 anima:
1616 5083 1946 5136 annuntiare
1983 5084 2226 5139 rationes
2254 5085 2349 5140 do—

768 5175 962 5224 centes
985 5168 1082 5239 (ά),
1109 5178 1166 5223 et
1197 5185 1293 5238 per
1327 5172 1570 5225 animum
1592 5181 1648 5226 et
1666 5173 1934 5227 rationem
1962 5174 2131 5228 veluti
2164 5176 2346 5229 navim

771 5264 1054 5333 sapienter
1091 5262 1331 5317 animam
1372 5263 1768 5333 gubernantes,
1802 5263 2070 5319 lubricam
2113 5265 2256 5321 hanc
2294 5276 2350 5321 et

773 5355 1086 5411 instabilem
1124 5364 1181 5410 et
1216 5355 1272 5410 in
1313 5355 1463 5410 aliud
1499 5356 1661 5410 aliter
1697 5355 1985 5421 ferentem,
2021 5367 2078 5412 et
2120 5374 2342 5414 sensum

771 5446 1069 5515 agitantem
1112 5446 1240 5501 vitae
1278 5447 1456 5511 viam,
1490 5446 1650 5501 siccis
1695 5446 2134 5516 pertransierunt
2176 5451 2347 5504 vesti—

773 5555 898 5607 gns.

2446 4626 2556 4680 τῶν
2615 4623 2784 4678 αὐτοῦ
2846 4623 3062 4694 ἀρετῶν
3125 4622 3486 4684 διανοεῖσθαι,
3536 4622 3630 4674 καὶ
3678 4622 3744 4688 τῇ
3799 4619 4022 4688 ἀρρήτῳ

2445 4715 2571 4787 δόξῃ
2598 4715 2698 4785 τῆς
2728 4713 2897 4768 αὑτοῦ
2931 4712 3355 4784 μακαριότητος,
3406 4710 3592 4782 (ιω
3632 4710 3684 4776 b)
3727 4707 4023 4776 ἀγνώς-τως

2454 4807 2796 4870 ἐπιϐάλλειν,
2831 4806 2924 4859 τὸν
2950 4805 3008 4858 δὲ
3036 4803 3194 4872 λόγον
3217 4803 3560 4875 ἐρμηνευτὴν
3582 4800 3688 4854 τῶν
3723 4798 4022 4867 νοηθέντων

2445 4897 2695 4968 γίνεσθαι
2720 4896 2820 4950 καὶ
2842 4895 3111 4966 ὑμνῳδὸν,
3137 4896 3232 4946 καὶ
3273 4896 3400 4958 τοὺς
3430 4892 3567 4961 πρὸς
3588 4892 3726 4945 αὐτὰ
3749 4890 4024 4950 ἐνοποιοὺς

2445 4987 2624 5061 ὀρθῶς
2660 4986 3009 5055 διαλέγεσθαι
3059 4987 3317 5058 τρόπους.
3370 4985 3469 5054 τὴν
3517 4983 3574 5036 δὲ
3605 4982 3858 5054 αἴσθησιν
3890 4981 4024 5035 κατά

2445 5082 2602 5150 λόγον
2649 5079 3062 5148 εὑγενισθεῖσαν
3115 5079 3216 5141 τὰς
3267 5079 3327 5130 ἐν
3376 5076 3454 5146 τῷ
3501 5075 3666 5130 παντὶ
3735 5073 4024 5141 διαφόρους

2444 5175 2705 5243 δυνάμεις
2735 5189 2793 5225 τε
2841 5171 2938 5225 καὶ
2979 5169 3263 5241 ἐνεργείας
3303 5163 3782 5238 φαντασιουμένην
3813 5166 3944 5227 τοὺς
3972 5165 4025 5216 ἐν

2445 5268 2557 5328 τοῖς
2584 5263 2734 5317 οὖσιν
2764 5263 2840 5326 ὡς
2885 5262 3111 5330 ἐφικτὸν
3142 5264 3209 5332 τῇ
3246 5261 3393 5331 ψυχῇ
3440 5256 3782 5326 διαγγέλλειν
3837 5255 4027 5323 λόγους

2447 5355 2774 5422 διδάξαντες,
2808 5353 2902 5407 καὶ
2928 5354 3018 5407 διὰ
3048 5353 3142 5407 τοῦ
3185 5352 3277 5407 νοῦ
3327 5353 3418 5406 καὶ
3471 5350 3565 5404 τοῦ
3615 5349 3797 5416 λόγου,
3843 5346 4028 5414 ὥσπερ

2454 5448 2609 5513 ναῦν,
2634 5449 2734 5516 τὴν
2761 5446 2939 5516 ψυχὴν
2970 5446 3152 5513 σοφῶς
3180 5445 3546 5506 οῖακίσαντες,
3574 5441 3672 5511 τὴν
3700 5439 3878 5508 ὑγρὰν
3901 5436 4026 5490 ταύ-

2456 5559 2554 5610 την
2603 5539 2697 5591 καὶ
2735 5539 2966 5592 ἄστατον
3004 5538 3102 5590 καὶ
3140 5538 3328 5593 ἄλλοτε
3363 5535 3536 5596 ἄλλως
3586 5530 3899 5602 φερομένην
3941 5529 4026 5581 καὶ

777 5632 874 5701 τὴν
903 5631 1157 5702 αἴσθησιν
1182 5630 1577 5696 ἐπικλύζουσα-,ι
1617 5631 1708 5684 τοῦ
1747 5633 1860 5702 βίον
1896 5631 2149 5687 κέλευθον
2183 5634 2433 5706 ἁϐρόχοις
2465 5632 2758 5685 διώδευσαν
2790 5629 3013 5699 ἴχνεσιν.

855 5819 924 5879 (ε’)
953 5791 1111 5873 Verte
1139 5817 1436 5886 tundentes.
1465 5815 1656 5882 (Galen)

2277 5746 2503 5806 NOTAE.

2533 5815 2607 5886 ((1)
2636 5813 2847 5870 Mallem
2881 5815 3082 5866 durent.
3113 5812 3308 5884 (Li-ale.)
