4200 6440
243 378 378 446 1117

341 495 560 562 Θεωρία
593 493 700 562 τῆς
733 493 827 547 διὰ
855 492 966 560 τῆς
1011 493 1328 563 θαλάσσης
1375 495 1706 565 διαϐάσεως

815 584 912 638 διὰ
936 583 1216 652 Μωσέως.

209 691 212 694 ’
301 694 459 750 Οὐτω
486 695 626 766 τάχα
655 696 751 749 καὶ
777 697 1017 766 Μωύσῆς
1041 699 1248 761 ἐκεῖνος
1272 699 1301 751 ὁ
1330 698 1502 768 μέγας
1522 701 1586 771 τῇ
1621 700 1804 774 πληγῇ

226 787 327 842 τοῦ
371 787 782 860 παντοδυνάμου
825 788 1019 857 λόγους
1067 783 1130 843 οὗ
1177 789 1447 858 σύμϐολον
1481 785 1550 861 ἦν
1595 791 1725 855 ἴσως
1769 794 1803 862 ἡ

230 879 450 950 ῥάϐδος,
481 880 758 950 θαλάσσης
793 879 995 949 τρόπον
1025 880 1138 934 τῶν
1173 881 1448 951 αίσθητῶν
1482 882 1674 936 διελὼν
1707 883 1807 954 τὴν

226 973 471 1044 ἀπάτην,
504 973 538 1043 ἢ
566 972 834 1043 περιελὼν
859 974 1035 1026 εἰπεῖν
1067 973 1416 1045 οἰκειότερον,
1450 975 1683 1047 στερρὰν
1714 975 1810 1029 καὶ

227 1063 553 1128 ἀσάλευτον,
588 1062 668 1133 τῷ
697 1063 834 1136 πρὸς
863 1063 966 1126 τὰς
1011 1063 1164 1126 θείας
1211 1065 1544 1133 ἐπαγγελίας
1589 1069 1808 1134 ἐπειγο-

231 1153 388 1226 μένῳ
410 1154 526 1224 λαῷ
555 1155 657 1225 τὴν
691 1155 940 1231 ὐπίχνιον
970 1155 1017 1187 ⁸⁸
1048 1155 1353 1227 παρέσχετο
1396 1155 1523 1225 γῆν,
1567 1156 1667 1226 τὴν
1699 1156 1808 1209 ὐπὸ

229 1244 509 1315 αἰσθησιν,
551 1247 717 1317 φημὶ.
755 1245 921 1316 φύσιν
950 1245 1096 1316 ὀρθῷ
1126 1245 1274 1317 ’λόγῳ
1303 1243 1444 1301 εἷναι
1481 1247 1681 1317 θεατὴν
1713 1249 1809 1301 καὶ

226 1336 675 1407 εὐπερίγραπτον
711 1337 807 1389 καὶ
846 1336 947 1406 βίῳ
975 1337 1201 1408 ἀρεταῖς
1240 1338 1592 1408 ἠγλαϊσμὲνῳ
1641 1339 1808 1408 βατὴν

223 1424 410 1488 δείξας
440 1425 535 1478 καὶ
574 1425 992 1494 εὐπαρόδευτον,
1038 1425 1137 1478 καὶ
1196 1425 1401 1496 μηδένα
1454 1426 1699 1478 κίνδυνον
1745 1429 1810 1480 ὲκ

225 1517 330 1584 τῆς
385 1517 723 1587 ἑκατέρωθεν
781 1517 1170 1590 παφλαζούσης
1238 1520 1350 1574 τῶν
1420 1521 1808 1588 διακριθέντων

226 1608 461 1671 ὑδάτων,
485 1604 566 1671 οἷς
595 1608 732 1672 τέως
759 1609 1086 1674 κεκάλυπτο,
1115 1611 1295 1681 ὁρμῆς
1315 1611 1427 1674 τοῖς
1447 1611 1620 1674 οὕτως
1642 1611 1810 1679 αὐτὴν

224 1692 564 1762 διαπερῶσιν
623 1695 973 1762 ἐπάγουσανο
1025 1697 1184 1768 εἴπερ
1236 1697 1316 1766 τῷ
1369 1698 1489 1750 κατ’
1520 1700 1810 1766 ἀναγωγὴν

228 1783 378 1854 λόγῳ
407 1784 677 1855 διάκρισις
699 1786 909 1841 ὑδάτων
935 1789 1132 1859 νοητῆς
1162 1789 1431 1859 θαλάττης
1470 1790 1671 1861 ἐστὶνή
1700 1790 1810 1843 τῶν

1453 390 1967 451 AMBIGUORUM
2007 394 2255 454 LIBER.

3340 396 3479 462 1118

2086 502 2470 575 Contemplatio
2500 503 2691 576 Μουθίας
2727 521 2820 576 per
2850 522 2997 560 mare
3031 507 3305 560 transitus.

1976 715 2068 770 Sic
2114 715 2347 770 fortasse
2391 730 2622 787 magnus
2656 729 2877 786 quoque
2919 715 3008 769 ille
3052 716 3265 788 Moyses
3301 713 3482 771 omni-

1905 807 2148 876 potentis
2190 807 2303 862 ictu
2347 808 2597 872 rationis,
2628 810 2788 877 cujus
2832 807 3161 877 symbolum,
3194 806 3252 862 ni
3298 805 3481 869 fallor,

1905 899 2057 967 virga
2089 907 2243 962 erat,
2276 899 2345 952 ad
2381 899 2548 954 maris
2582 900 2754 954 instar
2784 898 3134 954 sensibilium
3166 899 3361 954 fraude
3392 898 3482 953 di-

1909 990 2022 1043 visa
2043 1031 2056 1052 ,
2085 999 2180 1044 aut
2210 991 2384 1060 magis
2417 990 2638 1060 proprie
2667 991 2846 1045 dicam
2881 991 3141 1060 disjecta.
3167 991 3395 1044 solidam
3425 997 3482 1044 et

1909 1079 2160 1132 stabilem
2188 1081 2392 1150 populo
2415 1079 2483 1134 ad
2510 1080 2722 1134 divinas
2747 1081 3140 1150 promissiones
3167 1080 3479 1148 properanti

1907 1167 2142 1235 praebuit
2185 1169 2497 1224 tcrram'ab
2540 1185 2734 1224 eorum
2776 1171 3023 1240 vestigiis
3065 1184 3344 1239 pressam,
3377 1169 3481 1222 hoc

1905 1265 1992 1310 cst
2028 1267 2281 1310 naturam
2325 1259 2427 1312 sub
2470 1273 2692 1313 sensum
2739 1257 3024 1313 cadentem
3073 1270 3236 1314 rectae
3279 1257 3478 1311 rationi

1909 1347 2385 1416 contemplabilcm
2415 1357 2471 1402 et
2493 1349 2634 1404 bene
2665 1349 3024 1418 descriptam,
3050 1349 3286 1417 vitaeque
3309 1348 3485 1400 virtu-

1911 1433 2057 1487 tibus
2086 1443 2295 1488 ornata:
2320 1436 2708 1503 permeabilcm
2735 1451 2858 1490 esse
2882 1445 3196 1489 monstrans
3220 1433 3483 1487 transitu-

1909 1536 2017 1588 que
2051 1521 2299 1586 facilcm,
2329 1523 2652 1592 nullumque
2687 1524 2992 1592 periculum
3027 1538 3094 1577 ex
3127 1522 3180 1575 vi
3215 1536 3481 1591 aquarum

1911 1611 2236 1673 divisarum,
2267 1612 2471 1681 quibus
2504 1613 2686 1666 adhuc
2719 1614 3008 1667 obscurata
3047 1620 3186 1676 erat,
3221 1611 3483 1679 utrinque

1909 1709 2170 1755 aestuante
2230 1702 2640 1756 transeuntibus
2693 1703 3081 1756 immittentem
3140 1721 3154 1755 :
3206 1701 3480 1770 siquidem

1911 1791 2222 1846 snblimiori
2254 1803 2311 1846 et
2343 1795 2585 1864 mystica:
2620 1795 2820 1849 rationi
2862 1809 3128 1862 aquarum
3174 1793 3296 1862 ejus
3335 1792 3481 1859 quod

229 1875 355 1929 κατ’
372 1874 604 1944 ἔλλειψιν
622 1876 716 1930 καὶ
745 1876 1082 1948 πλεονασμὸν
1116 1879 1509 1949 ἀντικειμένων
1533 1882 1651 1942 ταῖς
1677 1879 1805 1949 ἀρε-

1910 1883 2084 1937 oculis
2127 1883 2348 1938 videtur
2389 1885 2557 1939 maris
2591 1885 2856 1940 discretio
2900 1886 3183 1947 vitiorum,
3221 1900 3342 1953 quae
3385 1894 3486 1952 per

225 1968 350 2029 ταῖς
379 1967 586 2020 κακιῶν
621 1967 722 2036 τῆς
751 1967 929 2039 (141
963 1969 1016 2039 α)
1076 1970 1213 2040 πρὸς
1244 1971 1476 2041 ἀλλήλας
1525 1969 1806 2040 συνεχείας

227 2057 532 2121 διάστασις,
563 2059 630 2128 ἦν
652 2059 862 2127 πέφυκε
891 2060 1045 2128 λόγος
1093 2064 1292 2123 ποιεῖν.
1338 2063 1574 2134 καρδίως
1628 2061 1808 2115 αὐτῶν

228 2149 641 2220 καθαψάμενος,
666 2150 759 2203 καὶ
780 2153 887 2214 τοῖς
914 2151 1006 2205 ἐπὶ
1035 2151 1164 2205 Θεὸν
1187 2153 1567 2224 προτροπάδην
1587 2155 1802 2220 ἐπειγο-

234 2240 422 2309 μένοις
467 2239 716 2308 οὐδαμῶς
769 2240 1024 2313 ἀλλήλαις
1080 2243 1250 2307 αὐτὰς
1295 2244 1632 2316 συναφθῆναι
1672 2261 1805 2314 συγ-

231 2349 446 2403 χωρων.

237 2510 455 2578 Θεωρία
482 2509 592 2579 τῆς
619 2513 706 2577 εις
729 2511 796 2565 τὸ
831 2511 969 2580 ὄρος
992 2511 1342 2578 ἀναϐάσεως
1378 2514 1484 2569 τοῦ
1509 2517 1790 2581 Μωσέως.

306 2625 462 2679 Οὕτω
502 2628 667 2680 πάλιν
705 2626 782 2696 τῷ
834 2627 1093 2682 καλοῦντι
1139 2629 1406 2698 ἑπόμενος
1451 2630 1592 2701 Θεῷ,
1640 2632 1804 2702 ὐπερ-

1911 1973 2184 2027 defectum
2222 1982 2278 2028 et
2309 1973 2703 2027 abundantiam
2738 1973 3038 2027 virtutibus
3070 1972 3286 2040 objecta
3318 1979 3484 2035 sunt,

1913 2066 2088 2120 mutui
2120 2066 2264 2119 inter
2285 2081 2344 2120 se
2370 2082 2545 2120 nexus
2567 2065 2859 2120 dissidium
2890 2073 2995 2127 est,
3019 2063 3165 2133 quod
3201 2062 3340 2116 ratio
3370 2060 3454 2116 cili

1908 2171 2030 2211 cere
2064 2157 2260 2212 idonea
2292 2168 2396 2220 est,
2429 2157 2592 2212 modo
2619 2158 2873 2228 gnaviter
2902 2172 2966 2211 ea
3003 2155 3246 2219 invadat,
3276 2169 3384 2208 neu
3427 2152 3482 2207 in

1909 2264 2102 2304 eorum
2137 2251 2233 2318 qui
2271 2251 2514 2304 studiose
2548 2249 2616 2304 ad
2653 2251 2824 2303 Deum
2857 2256 3154 2318 preperant
3183 2247 3485 2301 incommo-

1914 2342 2046 2398 dum
2077 2344 2220 2397 inter
2241 2358 2300 2398 se
2329 2343 2613 2398 conciliari
2645 2342 2755 2396 ullo
2783 2341 2946 2396 modo
2974 2340 3140 2395 sinat.

1999 2515 2385 2586 Contemplatio
2421 2516 2612 2586 Moysis
2654 2519 2710 2569 in
2746 2523 2978 2569 montem
3008 2515 3356 2568 ascensionis.

1969 2627 2062 2683 Sic
2113 2645 2307 2683 rursus
2342 2629 2457 2682 Deo
2491 2630 2711 2683 vocanti
2745 2630 3161 2699 obtemperans,
3215 2627 3482 2681 omnibus

235 2716 383 2786 σχὼν
419 2718 595 2772 πάντα
624 2717 693 2770 τά
716 2718 861 2790 τῇδε,
885 2720 966 2782 είς
992 2719 1082 2773 τὸν
1115 2721 1314 2788 γνόφον
1341 2721 1608 2791 εἰσῆλθεν,
1643 2716 1703 2775 οὐ
1735 2719 1804 2792 ἦν

1910 2719 2025 2773 istic
2060 2720 2355 2788 superatis,
2381 2720 2632 2775 introivit
2658 2721 2712 2773 in
2734 2719 3023 2789 caliginem
3053 2719 3145 2772 ubi
3176 2720 3318 2772 Deus
3343 2725 3483 2778 erat,

233 2809 264 2862 ὁ
298 2809 450 2874 Θεὸς,
494 2809 793 2871 τουτέστιν,
846 2812 925 2873 είς
966 2810 1066 2879 τὴν
1114 2811 1270 2879 ἀειδῆ
1308 2811 1402 2864 καὶ
1453 2812 1681 2880 ἀόρατον
1711 2814 1805 2864 καὶ

1910 2811 2008 2864 hoc
2033 2818 2116 2865 est
2149 2809 2202 2863 in
2230 2811 2521 2864 obscuram
2545 2819 2601 2864 et
2632 2810 2968 2866 invisibilem
2999 2821 3056 2864 et
3085 2810 3484 2878 incorporalem

233 2899 529 2970 ἀσώματον
567 2899 872 2970 διατριϐὴν,
907 2899 985 2970 νῷ
1017 2899 1200 2970 πάσης
1236 2900 1506 2971 ἐλευθέρῳ
1535 2903 1634 2970 τῆς
1675 2903 1808 2970 πρὸς

1910 2901 2404 2965 conversationem,
2450 2913 2635 2956 mente
2663 2903 2732 2956 ab
2759 2903 2909 2956 omni
2942 2903 3008 2956 ad
3048 2902 3346 2972 quidquam
3394 2916 3486 2954 re-

234 2993 417 3047 ὁτιοῦν
443 2993 621 3064 πάρεξ
643 2990 777 3046 Θεοῦ
810 2993 1068 3063 σχέσεως,
1097 2988 1210 3068 ὲνῇ
1240 2993 1549 3064 γενόμενος,
1580 2993 1654 3056 ὡς
1684 2994 1809 3063 ἐνῆν

1910 2991 2111 3044 latione
2157 3001 2357 3060 praeter
2400 2993 2572 3046 Deum
2611 2992 2787 3048 libera
2815 3034 2829 3058 ,
2875 3008 3040 3062 quam
3093 2993 3327 3061 adeptus
3365 3005 3488 3060 qua:

236 3086 477 3156 μάλιστα
501 3085 852 3156 ἀνθρωπίνην
893 3085 1194 3155 ἀξιωθῆναι
1225 3085 1407 3153 φύσιν,
1439 3081 1550 3138 οἷον
1582 3085 1809 3138 ἔπαθλον

1912 3097 2124 3136 summa
2151 3091 2368 3151 poterat
2397 3083 2652 3138 humanae
2680 3092 2892 3138 naturae
2918 3083 3206 3153 obtingere
3227 3081 3482 3151 dignitas,

231 3177 334 3244 τῆς
367 3175 642 3246 μακαρίας
656 3174 871 3245 ἐκείνης
894 3174 1209 3236 ἀναϐάσεως
1225 3176 1371 3240 ἀξιον
1393 3175 1493 3243 τὴν
1515 3175 1707 3245 χρόνον
1726 3175 1809 3227 καὶ

1912 3171 2064 3225 velut
2112 3172 2397 3239 praemium
2447 3173 2622 3228 beatae
2666 3173 2818 3227 illius
2869 3172 3210 3228 ascensionis
3259 3172 3485 3242 dignum

233 3286 268 3333 (ι.
281 3266 452 3330 -ὶσεως
472 3265 571 3334 τὴν
589 3263 803 3332 γένεσιν
823 3264 1267 3333 περιγράφουσαν
1287 3264 1570 3333 κομίζεται
1593 3264 1809 3330 γνῶσιν,

1915 3264 2283 3333 cognitionem
2312 3273 2555 3334 reportat
2585 3265 2848 3335 temporis
2892 3274 3056 3335 atque
3118 3273 3329 3319 natura:
3374 3262 3489 3316 ori-

233 3357 333 3408 καὶ
347 3356 516 3408 τύπον
548 3356 643 3409 καὶ
681 3355 1034 3426 παράδειγμα
1065 3355 1174 3408 τῶν
1206 3355 1416 3426 ἀρετῶν
1455 3355 1618 3408 αὐτὸν
1655 3373 1809 3426 ποιη-

1916 3355 2059 3424 ginis
2085 3355 2497 3424 doscriptivam,
2536 3356 2656 3425 ipso
2696 3357 2808 3411 Deo
2849 3365 3108 3426 tanquam
3156 3365 3284 3426 typo
3321 3363 3487 3422 atque

235 3445 472 3515 σάμενος
494 3445 584 3499 τὸν
612 3445 763 3508 Θεὸν,
793 3445 929 3516 πρὸς
948 3445 1008 3498 δν
1037 3445 1289 3516 καθάπερ
1337 3445 1555 3515 γραφὴν
1599 3445 1809 3513 εὐφυῶς

1914 3445 2164 3514 exemplo
2193 3446 2463 3500 virtutum
2495 3448 2778 3516 proposito
2800 3486 2816 3510 ,
2871 3447 2938 3501 ad
2973 3447 3132 3516 cujus
3166 3446 3483 3515 imaginem.

229 3537 331 3591 τοῦ
357 3536 666 3606 ἀρχετύπου
691 3537 788 3607 τὴν
818 3536 1051 3606 μίμησιν
1074 3535 1354 3602 σώζουσαν
1381 3537 1573 3590 ἑαυτὸν
1604 3537 1810 3590 ἀποτυ-

233 3628 427 3690 πώσας
459 3629 670 3680 κάτεισι
691 3626 785 3679 τοῦ
814 3627 993 3696 ὅρους,
1021 3621 1088 3697 ἧς
1114 3626 1404 3697 μετείληφε
1433 3625 1588 3694 δόξης
1611 3624 1750 3678 κατά
1767 3625 1811 3656 ⁸⁵

231 3718 300 3771 τὸ
326 3721 614 3785 πρόσωπον
640 3718 1020 3788 ὲπισημαίνων
1048 3717 1146 3789 τὴν
1171 3719 1332 3788 χάριν
1355 3719 1448 3772 καὶ
1486 3721 1599 3781 τοῖς
1627 3716 1812 3780 ἄλλοις

234 3809 585 3878 ἀνθρώποις,
651 3808 842 3878 ὥσπερ
878 3807 1145 3872 θεοειδοῦς
1189 3810 1363 3862 τύπου
1405 3808 1575 3863 τύπον
1623 3809 1814 3862 ἑαυτὸν

232 3901 534 3972 γενόμενον
561 3901 809 3971 ἀφθόνως
840 3900 1016 3964 διδοὺς
1037 3901 1130 3955 καὶ
1154 3901 1564 3972 προτιθέμενος,
1589 3903 1683 3954 καὶ
1713 3901 1806 3970 δη-

234 3995 323 4046 λοῖ
345 3992 502 4046 τοῦτο
531 3993 702 4046 ποιῶν
741 3995 867 4065 περὶ
889 3987 964 4046 ὧν
1003 3990 1111 4046 εἶδέ
1143 4011 1203 4047 τε
1241 3995 1336 4047 καὶ
1359 3994 1561 4064 ἢκουσε
1587 3992 1666 4062 τῷ
1696 3992 1806 4061 λαῷ

237 4082 624 4153 ἐξηγούμενος.
654 4083 748 4137 καὶ
792 4087 981 4155 γραφῇ
1020 4087 1134 4147 τοῖς
1187 4086 1306 4155 μετ’
1325 4085 1488 4138 αὐτὸν
1535 4079 1646 4138 οἷόν
1683 4101 1806 4137 τινα

239 4169 447 4243 κλῆρον
501 4173 779 4228 θεόσδοτον
843 4175 1169 4246 παραδιδοὺς
1227 4175 1324 4230 τοῦ
1387 4175 1521 4230 Θεοῦ
1579 4175 1650 4230 τά
1699 4193 1803 4247 μυ-

243 4265 464 4335 στήρια.

1915 3538 1984 3592 ad
2043 3538 2243 3592 tabula":
2291 3539 2466 3593 instar
2514 3539 2874 3609 archetypum
2919 3538 3146 3608 pulchre
3194 3535 3486 3590 referentis

1916 3636 2202 3697 postquam
2232 3644 2290 3682 se
2318 3629 2496 3696 ipsum
2525 3627 2882 3692 deformavit,
2917 3629 2985 3683 de
3018 3637 3204 3681 monte
3251 3627 3486 3680 descen-

1917 3718 2018 3782 dit,
2047 3719 2235 3789 gloriae
2258 3735 2365 3789 qua
2415 3719 2727 3790 impertitus
2757 3727 2874 3783 est,
2912 3719 3144 3788 gratiam
3177 3717 3313 3771 facie
3353 3732 3488 3786 quo-

1918 3826 2024 3878 que
2056 3811 2283 3879 reliquis
2309 3812 2474 3866 etiam
2508 3811 2828 3865 hominibus
2866 3811 3203 3880 significans,
3231 3818 3485 3878 tanquam

1913 3899 2082 3954 divini
2141 3901 2251 3971 typi
2301 3910 2490 3972 typum
2542 3903 2719 3971 ipsum
2761 3900 2964 3956 factum
3015 3900 3241 3970 largiter
3290 3915 3492 3968 reprae-

1913 3998 2138 4045 sentans
2163 4007 2285 4046 sese
2312 4002 2481 4061 atque
2513 4007 2846 4061 proponens.
2910 3992 2978 4046 Et
3007 3991 3088 4046 sic
3137 3992 3342 4060 Populo
3369 4008 3488 4059 quae

1913 4081 2052 4136 vidit
2100 4099 2330 4152 quasque
2357 4083 2570 4138 audivit
2615 4083 2889 4137 narrando
2919 4083 3122 4152 aperit,
3176 4083 3340 4137 etiam
3391 4098 3490 4152 per

1909 4169 2124 4232 litteras
2160 4172 2329 4226 veluti
2359 4173 2736 4227 Inereditatem
2765 4173 3056 4242 quamdam
3097 4190 3126 4226 a
3170 4174 3281 4227 Deo
3303 4173 3488 4227 datam

1911 4262 2226 4331 posteritati
2257 4263 2445 4318 divina
2481 4264 2743 4336 mysteria
2785 4264 3101 4319 relicturus.

241 4415 463 4505 Θεῶρία
490 4435 599 4505 τῆς
634 4437 827 4505 Ἰησοῦ
848 4438 1191 4508 ἡγεμονίας,
1219 4439 1318 4492 καί
1344 4438 1454 4507 τῆς
1477 4437 1807 4507 διαϐάσεως

1910 4437 2278 4508 Ῑοηιεηιρίαιὶο
2310 4437 2531 4492 ducatus
2563 4437 2710 4505 Iesu,
2743 4447 2793 4492 et
2850 4454 2946 4510 per
2980 4437 3276 4492 Iordanem
3305 4449 3487 4493 trans-

313 4526 420 4581 τοῦ
464 4527 779 4595 Ἰορδάνου,
826 4528 927 4583 καί
978 4526 1089 4598 τῆς
1144 4527 1428 4597 δευτέρας
1479 4529 1554 4583 δι’
1619 4532 1805 4586 αὐτοῦ

313 4618 632 4689 περιτομῆς
663 4619 785 4686 τοῖς
813 4620 881 4674 ἐκ
909 4621 1129 4688 πέτρας
1160 4620 1422 4690 ξίφεσιν.

1968 4530 2073 4583 itus
2122 4538 2170 4582 et
2223 4528 2442 4581 alterius
2476 4527 2540 4581 ab
2585 4544 2644 4582 eo
2684 4545 2779 4599 per
2827 4528 3062 4600 lapideos
3113 4530 3353 4583 cultellos
3409 4530 3493 4583 in-

1967 4621 2167 4674 stituta?
2186 4619 2620 4685 circumcisionis,

312 4728 500 4793 Οὐτως
547 4729 748 4800 Ἰησοῦς
769 4732 797 4784 ὁ
823 4730 1065 4793 Μωσέως
1097 4731 1365 4801 διάδοχος,
1396 4730 1483 4784 ἵνα
1515 4731 1584 4785 τά
1629 4731 1804 4786 πολλά

1985 4733 2076 4788 Sic
2100 4734 2280 4796 Jesus,
2320 4733 2521 4804 Moysis
2549 4748 2865 4797 successor,
2905 4743 2966 4788 ut
2991 4733 3161 4788 multa
3181 4750 3302 4802 quas
3327 4733 3395 4788 de
3425 4749 3492 4787 eo

134 4831 141 4839 '
241 4821 357 4874 τῶν
394 4820 524 4890 περὶ
567 4821 735 4874 αὐτοῦ
803 4821 1197 4893 ἱστορουμένων
1237 4821 1584 4892 παραδράμω
1617 4821 1707 4876 διὰ
1751 4822 1814 4876 τὸ

243 4911 474 4982 πλῆθος,
505 4912 842 4983 παραλαϐὼν
872 4911 1053 4983 (14],
1081 4914 1132 4981 b)
1153 4913 1245 4966 τὸν
1274 4913 1402 4968 λαὸν
1431 4913 1646 4976 πολλοῖς
1677 4915 1813 4985 πρό-

245 5020 406 5074 τερον
436 5008 571 5076 πρὸς
607 5004 892 5058 εὐσέϐειαν
921 5003 1276 5058 παιδευθέντα
1305 5003 1449 5058 κατὰ
1481 5003 1579 5074 τὴν
1605 5004 1812 5075 ἔρημον

245 5096 492 5165 τρόποις,
531 5096 670 5167 μετά
697 5098 798 5167 τὴν
835 5098 894 5150 ἐν
941 5096 1019 5167 τῷ
1057 5096 1173 5168 ϐρει
1212 5097 1487 5160 Μωῦσέως
1536 5097 1813 5167 τελευτὴν,

247 5187 344 5240 καὶ
371 5185 509 5257 ξένῳ
533 5189 834 5257 περιτομῆς
873 5188 1002 5242 εῖδει
1037 5188 1369 5254 καθαγνίσας
1399 5187 1562 5240 αὐτὸν
1601 5190 1720 5250 ταῖς
1751 5190 1816 5240 ὲκ

249 5278 457 5348 πέτρας
496 5279 814 5348 μαχαίραις,
842 5278 938 5332 καὶ
962 5277 1053 5330 τὸν
1089 5278 1360 5348 Ἰορδάνην
1387 5276 1724 5347 ξηρανθέντα
1747 5280 1813 5347 τῇ

249 5372 553 5440 προπομπῇ
587 5373 688 5441 τῆς
723 5368 872 5433 θείας
897 5369 1132 5423 κιϐωτοῦ
1154 5371 1280 5433 τοὺς
1312 5368 1408 5424 τοῦ
1435 5369 1566 5422 λαοῦ
1608 5370 1815 5432 πάντας

324 5542 347 5569 ε
371 5529 532 5585 Deut.
553 5547 718 5596 χχχιι,
742 5531 831 5586 49.
901 5529 927 5570 ά
951 5531 1114 5588 Josue
1146 5549 1196 5596 ν,
1216 5532 1273 5585 ‘2.
1353 5543 1374 5570 ο
1396 5532 1560 5587 Josue
1593 5549 1666 5596 ιιι,
1697 5534 1774 5586 l7.

1915 4833 2215 4877 narrantur
2246 4833 2472 4893 propter
2494 4839 2755 4894 magnum
2771 4839 2964 4880 eorum
2992 4840 3286 4878 numerum
3315 4832 3492 4878 trans-

1914 4915 2154 4986 grediar,
2186 4917 2414 4986 populo,
2445 4916 2539 4985 qui
2573 4917 2762 4972 multis
2795 4924 2955 4971 antea
3000 4917 3180 4970 modis
3206 4917 3261 4969 in
3300 4931 3491 4970 eremo

1914 5007 1982 5062 ad
2021 5009 2284 5077 pietatem
2308 5007 2563 5062 eruditus
2588 5017 2729 5071 erat,
2774 5017 2898 5077 post
2945 5007 3148 5077 Moysis
3197 5007 3253 5060 in
3302 5018 3493 5061 monte

1919 5111 2153 5152 mortem
2196 5107 2479 5167 suscepto,
2505 5108 2552 5163 ο,
2589 5107 2645 5153 et
2676 5098 2897 5153 insolita
2919 5098 3362 5152 circumcisionis
3404 5113 3492 5152 ra-

1925 5189 2073 5243 tione
2120 5205 2217 5258 pcr
2259 5188 2507 5258 lapideos
2557 5189 2814 5243 cultellos
2857 5189 3091 5243 lustrato
3111 5188 3160 5253 ἀ,
3201 5198 3489 5258 postquam

1921 5279 2108 5334 divina
2137 5296 2262 5333 arca
2315 5281 2594 5348 praemissa
2644 5281 2964 5336 universum
3020 5280 3286 5349 pepulum
3337 5280 3488 5334 sicco

1920 5371 2209 5427 Jordanem
2232 5370 2368 5438 pede
2392 5371 2696 5426 transmisit
2727 5382 2749 5410 ο
2772 5411 2786 5435 ,
2819 5370 3159 5427 Salvatorem
3185 5387 3283 5441 per
3306 5370 3488 5439 ipsum

1539 5673 1768 5727 VARUS
1806 5673 2211 5730 LI'LC'I‘IONI‘JS.

314 5785 766 5868 “:lpographum
824 5784 987 5841 habet
1038 5787 1328 5856 baiowiv.

263 5869 422 5910 κατα.

1405 5792 1447 5816 ”⁴
1499 5785 2086 5864 Αρυεικξηιιυειὶλιιςὼρῐ
2137 5787 2335 5858 ἄλληλα

2454 5788 2494 5818 θ’*
2545 5788 2734 5842 Manus
2766 5788 2936 5857 prima
2984 5786 3212 5842 'lcderat
3253 5787 3341 5840 καί
3386 5801 3489 5856 pro
