4200 6440
233 346 356 409 1121

1453 341 1967 401 AMBIGUORUM
2011 345 2262 406 LIBER.

3326 361 3460 424 119?.

222 452 407 522 (142
433 451 483 519 b)
523 451 740 518 Θεωριά
770 451 858 513 εἰς
885 448 975 510 τὸ,
1011 466 1027 498 ι
1072 449 1137 498 Ol
1165 446 1411 513 οὐρανοί
1439 445 1787 515 διηγοῦνται

1937 451 2280 520 ontemplutio
2332 454 2385 505 in
2445 456 2578 509 illud
2623 476 2640 511 :
2700 479 2718 509 ι
2764 461 2890 514 (Σωίί
2929 477 3188 518 ennrmnt
3235 467 3460 536 gloriam

778 541 967 604 δόξαν
1009 539 1176 592 Θεοῦ.
1218 558 1236 589 1

291 659 449 712 Οὕτω
501 657 662 710 Δασὶδ
690 659 718 708 ὀ
755 656 872 725 μετ’
903 654 1148 715 ἐκείνους
1181 653 1278 721 μὲν
1323 651 1402 721 τῷ
1432 651 1631 721 χρόνῳ,
1667 651 1786 702 κατ’

216 750 460 810 ἐκείνους
491 748 546 800 δὲ
595 747 672 816 τῷ
720 745 1012 814 πνερματι,
1064 745 1149 794 ίνα
1184 742 1312 803 τοὺς
1362 741 1568 810 Κριτάς
1613 757 1790 809 παρα-

215 840 416 908 δράμω
447 836 620 889 πολλὰ
651 834 875 907 ἔχοντάς
904 839 963 888 ὲν
992 834 1070 904 τῷ
1101 833 1200 903 βίῳ
1233 835 1531 900 μυστήρια,
1563 832 1661 900 τὴν
1705 831 1790 882 δό-

214 932 316 992 ξαν
345 930 437 982 τοῦ
470 929 604 982 Θεοῦ
627 928 1002 997 διηγουμένων
1028 925 1136 979 τῶν
1165 923 1411 994 οὐρανῶν
1439 923 1673 983 ἀκούων,
1699 925 1790 973 καὶ

211 1023 318 1087 τὴν
360 1021 579 1090 ποίησιν
614 1020 724 1072 τῶν
772 1018 971 1089 χειρῶν
1023 1015 1188 1069 αὐτοῦ
1237 1013 1658 1081 ἀναγγέλλοντος
1692 1011 1788 1063 τοῦ

214 1114 599 1183 στερεὼματος
630 1112 722 1177 (τὸ
753 1111 1072 1180 θαυμάσιον,
1090 1103 1169 1170 οἷς
1189 1106 1363 1176 ψυχὴν
1386 1108 1413 1158 ὁ
1445 1103 1787 1174 Δημιουργδς

209 1202 316 1252 οὐκ
340 1201 606 1269 ἐνέθηκε),
634 1201 756 1261 τοὺς
792 1199 920 1268 περὶ
959 1196 1237 1262 θεολογίας
1265 1194 1384 1256 νοὸς
1419 1195 1610 1254 ἀκοαῖς
1639 1191 1789 1259 παρὰ

209 1293 324 1343 τῶν
358 1293 578 1361 ἀψύχων
622 1291 906 1359 ὑπεδέχετο
949 1288 1161 1354 λόγους,
1204 1286 1299 1339 καὶ
1343 1285 1470 1347 τοὺς
1523 1283 1621 1352 τῆς
1655 1300 1790 1353 προ-

209 1383 364 1444 νοίας
387 1384 477 1435 καὶ
498 1383 725 1454 κρίσεως
758 1381 814 1446 ἐξ
844 1379 1303 1448 ἀποτελέσματος,
1335 1375 1477 1429 κατά
1495 1375 1557 1428 τὸ
1582 1373 1792 1444 ἀνθρώ-

209 1487 339 1528 ποις
359 1471 595 1538 ἐφικτὸν,
620 1470 926 1524 ἐδιδάσκετο
958 1468 1212 1538 τρόπους,
1264 1466 1393 1530 τῶν,
1430 1460 1513 1528 οἷς
1547 1464 1791 1533 δηλονότι

209 1561 356 1613 κατᾶ
397 1562 560 1632 μερὶς
611 1561 947 1615 ποικίλλεται
986 1562 1020 1628 ὴ
1062 1558 1155 1612 τοῦ
1211 1558 1414 1621 παντὸς
1462 1555 1788 1625 διεξαγωγὴ,

210 1653 320 1704 οὐκ
354 1655 740 1722 ἐφικνούμενος
765 1652 957 1720 λόγων.

210 1876 435 1942 θεωρία
467 1875 553 1940 εἰς
589 1873 675 1940 τὸ,
717 1891 735 1925 ι
769 1875 824 1924 '0
847 1871 1040 1942 πατήρ
1065 1890 1184 1942 μου
1229 1871 1327 1925 καί
1358 1872 1395 1939 ἠ
1424 1870 1623 1940 μήτηρ
1665 1887 1785 1942 μου

715 1964 1110 2033 ἐγκατέλιπόν
1131 1980 1228 2032 με.
1256 1983 1273 2013 1

281 2076 440 2128 Οὕτω
490 2076 684 2129 πάλινο
725 2075 790 2130 '0
837 2075 1032 2144 πατήρ
1077 2094 1197 2145 μου
1234 2077 1330 2131 καί
1377 2077 1415 2142 ἡ
1439 2073 1636 2144 μήτηρ
1660 2091 1779 2144 μου

202 2168 609 2236 gramm:er
640 2185 738 2237 με,
785 2173 820 2222 ό
865 2166 932 2221 δὲ
977 2169 1194 2237 Κύριος
1229 2169 1636 2238 προσελάϐετό
1679 2185 1774 2237 με,

205 2260 438 2324 φάσκων
474 2260 574 2328 τὴν
601 2260 694 2313 τοῦ
724 2261 867 2314 κατά
901 2259 1063 2328 φύσιν
1092 2260 1191 2331 τῆς
1225 2261 1427 2332 σαρκὸς
1456 2261 1584 2330 περὶ
1623 2261 1776 2328 γένε-

204 2367 296 2402 σιν
326 2349 424 2402 καὶ¹
466 2349 672 2420 φθοράν
704 2351 896 2421 νόμου,
931 2351 1051 2406 καθ’
1082 2351 1141 2406 ὃν
1181 2354 1380 2416 πάντες
1414 2353 1504 2407 διὰ
1534 2354 1634 2422 τὴν
1673 2369 1775 2405 πα-

206 2440 444 2508 ράϐασιν
479 2441 572 2494 καὶ
617 2442 933 2512 γεννώμεθα
972 2442 1077 2498 ’καὶ
1111 2444 1499 2514 συνιστάμεθα.
1544 2444 1638 2496 καὶ
1679 2447 1776 2510 τῆς

202 2529 534 2600 τιθηνούσης
564 2532 711 2601 ἡμᾶς
744 2535 949 2604 μητρὸς
979 2534 1136 2605 δίκην
1155 2536 1460 2604 αἰσθήσεως
1493 2534 1777 2603 ἀπόλειψίν

201 2637 266 2673 τε
312 2621 406 2672 καὶ
449 2621 734 2692 ἀποφυγὴν
773 2625 1083 2690 ἀναγκαίαν
1126 2621 1408 2687 εἶναιτοῖς
1433 2625 1540 2676 τῶν
1571 2624 1778 2693 ἀφθάρ-

202 2727 318 2763 των
363 2710 730 2781 ἐπιθυμηταῖς
789 2714 1307 2784 ὲπικεκρυμμένως,
1357 2710 1531 2784 οἶμαι,
1587 2712 1775 2781 διηγό-

209 2818 370 2869 ρευεσ
421 2802 487 2854 δι’
529 2796 603 2856 ὧν
635 2806 663 2856 ὁ
712 2803 812 2872 μὲν
853 2803 1126 2874 ὁρώμενος
1174 2806 1376 2874 κόσμος
1419 2805 1638 2870 ἀφίεται
1683 2803 1774 2854 καὶ

203 2892 460 2960 ἀφίησιν,
491 2891 593 2944 ὁδὲ
627 2893 831 2963 Κύριος
859 2893 1364 2963 προσλαμϐάνεται,
1395 2893 1488 2944 καὶ
1515 2891 1590 2961 τῷ
1621 2909 1776 2942 πνευ-

209 2983 426 3052 ματικῷ
466 2983 722 3036 υἰοθετῶν
749 2983 897 3054 νόμῳ
926 2985 1053 3046 τοὺς
1081 2984 1288 3050 ἀξίους,
1332 2986 1423 3038 καὶ
1455 2986 1568 3047 τοῖς
1601 2983 1772 3047 ἀξίοις

206 3075 729 3146 πατροθετούμενος,
788 3075 856 3128 δι’
901 3076 1106 3146 ἀρετῆς
1173 3076 1268 3128 καὶ
1332 3075 1608 3144 γνώσεως,
1653 3075 1772 3127 ὅλον

203 3166 400 3218 ἑαυτὸν
417 3167 458 3197 ⁸⁷
503 3166 645 3230 ὅλοις
709 3167 895 3228 αὐτοῖς
939 3166 1060 3219 καθ’
1098 3167 1376 3236 ὁμοίωσιν,
1417 3166 1491 3226 ὠς
1544 3164 1767 3231 ἀγαθὸς,

2558 547 2726 600 Deii.
2766 569 2784 600 1

1961 653 2049 706 Sic
2085 654 2271 715 David,
2303 663 2462 708 relate
2497 656 2606 709 illis
2642 657 2841 720 minor,
2871 660 3068 726 spiritu
3101 677 3234 714 vero
3277 677 3462 730 xequa-

1891 740 1976 801 lis,
2014 741 2334 805 utJudiccs,
2368 759 2679 812 quanquam
2710 749 2980 813 permulta
3006 751 3194 802 invita
3219 751 3462 803 habeant

1894 833 2150 900 mysteria
2211 834 2672 899 praetermittam,
2725 837 2958 890 audiens
3003 842 3172 891 emtos
3232 858 3460 894 narrare

1899 921 2130 989 gloriam
2164 923 2280 982 Dei,
2335 933 2391 976 et
2431 924 2698 978 facturam
2753 942 3013 980 manuum
3044 929 3218 996 ipsius
3268 933 3462 998 pra-di-

1895 1023 2021 1062 care
2089 1010 2495 1064 firmamentum
2539 1013 2943 1080 (admirandum
3017 1019 3121 1070 hoc
3167 1019 3236 1072 dc
3295 1022 3462 1073 rebus

1895 1098 2094 1164 quibus
2133 1099 2319 1152 mundi
2349 1100 2546 1153 artifex
2584 1101 2821 1153 animam
2855 1105 3057 1157 nullam
3111 1105 3341 1174 injecit),
3380 1107 3460 1160 in-

1895 1190 2146 1243 tellectus
2168 1190 2357 1242 auditu
2382 1191 2451 1242 ab
2483 1191 2799 1244 iuanimatis
2837 1195 3169 1260 theologicas
3218 1197 3460 1249 rationes

1889 1279 2229 1348 percipiebat
2255 1319 2270 1344 ,
2305 1290 2468 1350 atque
2499 1284 2858 1350 providentim
2882 1286 3148 1354 etjudicii
3175 1302 3242 1339 ex
3273 1287 3459 1354 operis

1889 1371 2268 1438 perfectione,
2331 1382 2601 1440 quantum
2654 1376 2876 1444 quidem
2929 1377 3246 1430 hominibus
3281 1378 3454 1438 licet,

1887 1462 2190 1516 docebatur
2220 1465 2412 1518 modos
2439 1505 2452 1528 ,
2512 1468 2764 1533 quamvis
2790 1483 2901 1520 non
2944 1477 3232 1522 assecutus
3286 1466 3454 1519 ratio—

1888 1569 1988 1607 nes
2015 1555 2220 1622 quibus
2243 1570 2340 1623 per
2364 1557 2612 1626 singulas
2652 1558 2911 1612 videlicet
2948 1569 3135 1628 partes
3177 1558 3453 1613 universi-

1890 1644 2016 1699 tatis
2047 1646 2451 1702 administratio
2475 1649 2739 1704 variatur.

1885 1869 2272 1938 Contemplatio
2305 1873 2358 1922 in
2392 1871 2526 1923 illud
2561 1886 2578 1923 :
2617 1891 2634 1921 ι
2667 1871 2828 1924 Pater
2855 1885 2903 1924 et
2935 1882 3104 1925 mater
3131 1889 3210 1924 me
3263 1872 3453 1926 dereli-

1819 1977 1859 2030 υ
2489 1970 2716 2030 querimt
2743 1960 2755 2008 i
2775 2003 2786 2012 .
2822 1981 2854 2036 1,

1952 2071 2042 2126 Sic
2069 2088 2263 2128 rursus
2293 2089 2306 2126 :
2338 2072 2500 2126 Pater
2521 2083 2568 2126 ct
2599 2082 2770 2125 mater
2793 2089 2874 2125 me
2908 2073 3320 2142 dereliquernnt,
3361 2075 3452 2126 sed

1880 2165 2131 2219 Dominus
2171 2181 2249 2218 me
2273 2167 2494 2234 suscepit
2520 2164 2569 2227 ι,
2590 2165 2784 2218 dicens
2823 2165 2961 2234 legis
2986 2181 3106 2233 quae
3143 2165 3446 2217 secundum

1879 2258 2062 2312 carnis
2096 2268 2350 2311 naturam
2385 2257 2450 2311 ad
2480 2258 2896 2327 generationem
2927 2268 2982 2310 et
3008 2257 3295 2309 interitum
3326 2273 3449 2324 pcr—

1880 2350 2040 2413 tinet,
2077 2365 2186 2416 qua
2217 2365 2317 2401 nos
2357 2365 2550 2402 omnes
2591 2359 2814 2418 propter
2860 2349 3355 2417 transgressionem
3391 2359 3448 2402 et

1877 2458 2205 2511 generantur
2234 2451 2289 2493 et
2325 2454 2670 2503 constamus,
2722 2451 2776 2494 ct
2808 2457 3003 2493 sensus
3042 2441 3107 2492 ad
3138 2439 3332 2492 matris
3360 2440 3446 2491 in-

1879 2541 1991 2584 star
2021 2548 2119 2582 nos
2152 2530 2394 2582 foventis
2418 2531 2836 2583 derelictionem
2871 2541 2925 2584 et
2958 2532 3220 2600 effugium
3254 2531 3321 2584 iis
3351 2531 3442 2599 qui

1881 2607 2061 2675 rerum
2120 2637 2231 2673 non
2284 2621 2710 2674 interiturarum
2757 2622 2990 2674 studiosi
3034 2623 3164 2686 sint,
3203 2625 3443 2686 occulte,

1878 2718 2032 2776 puto,
2071 2708 2369 2771 indicavit;
2397 2709 2601 2776 quibus
2637 2710 2878 2764 mundus
2914 2712 3151 2765 visibilis
3190 2714 3444 2767 mittatur

1878 2813 1984 2849 non
2013 2797 2195 2850 minus
2224 2814 2386 2866 quam
2416 2801 2612 2854 missos
2649 2801 2836 2863 faciat,
2894 2803 2988 2855 sed
3014 2803 3287 2858 Dominus
3317 2819 3444 2858 sus-

1875 2887 2029 2954 cipit,
2070 2897 2125 2940 ct
2155 2889 2389 2956 spiritali
2459 2892 2552 2957 qui
2605 2891 2754 2958 digni
2807 2901 2938 2944 sunt
2992 2893 3136 2945 filios
3177 2895 3294 2964 lege
3341 2895 3441 2947 ad-

1874 2988 2093 3046 optans,
2131 2989 2185 3032 et
2217 2981 2330 3048 ipse
2362 2981 2430 3034 ab
2465 2982 2532 3035 iis
2556 2983 2648 3050 qui
2687 2983 2836 3050 digni
2871 2993 2996 3036 sunt
3035 2985 3440 3056 Puteradopta-

1877 3078 1984 3134 tus,
2021 3087 2119 3140 per
2152 3073 2415 3125 virtutem
2442 3083 2500 3126 et
2534 3074 2937 3140 cognitionem,
2981 3084 3157 3129 totum
3193 3093 3313 3132 sese
3354 3079 3440 3148 ip-

1874 3178 1993 3216 sum
2027 3164 2306 3216 universis
2341 3165 2450 3217 illis
2489 3165 2797 3218 secundum
2845 3166 3290 3232 similitudinem,
3351 3182 3439 3225 ul-

204 3258 502 3310 ὲνδίδωσιν.
530 3257 600 3310 Ἥ
624 3257 764 3326 τάχα
805 3256 986 3328 (143
1013 3257 1066 3326 α)
1101 3257 1189 3310 διὰ
1213 3257 1304 3308 τοῦ
1330 3254 1535 3324 πατρὸς
1565 3255 1768 3324 καὶτῆς

1934 3267 2000 3310 ne
2038 3256 2237 3320 bonus,
2271 3257 2413 3310 indit
2442 3267 2607 3325 atque
2637 3258 2912 3313 concedit.
2943 3259 3050 3312 Aut
3074 3260 3306 3316 fortasse
3340 3278 3440 3330 per

205 3347 419 3416 μητρὸς
446 3347 536 3400 τὸν
569 3347 816 3418 γραπτὸν
850 3347 1013 3418 νόμον
1049 3348 1143 3399 καὶ
1183 3345 1279 3415 τὴν
1314 3345 1434 3398 κατ’
1465 3345 1626 3398 αὐτὸν
1662 3362 1766 3396 σω-

207 3439 448 3508 ματικὴν
480 3438 739 3510 λατρείαν
771 3438 1088 3502 αἰνίττεται,
1115 3429 1189 3489 ὧν
1218 3439 1284 3506 τῇ
1322 3437 1666 3506 ὑποχωρήσει
1709 3433 1772 3486 τὺ

203 3530 323 3595 φῶς
350 3530 444 3582 τοῦ
473 3529 841 3599 πνευματικοῦ
864 3529 1026 3599 νόμον
1052 3531 1172 3592 ταῖς
1200 3528 1443 3598 καρδίαις
1472 3527 1578 3579 τῶν
1606 3525 1771 3590 ἀξίων

201 3622 516 3674 ἀνατέλλειν
555 3622 785 3688 πέφυκε,
835 3621 930 3674 καὶ
972 3621 1068 3688 τῆς
1103 3621 1245 3675 κατὰ
1305 3619 1483 3691 σάρκα
1529 3617 1772 3681 δουλείας

201 3711 518 3782 ἐλευθερίαν
540 3709 880 3781 χαρίζεσθαι.

201 3883 424 3951 Θεωρία
452 3884 541 3949 είς
572 3883 684 3938 τὴν
712 3884 1014 3938 ὀπτασίαν
1053 3886 1249 3940 Ἡλίου
1279 3885 1390 3954 τὴν
1415 3887 1485 3939 ἐν
1505 3885 1582 3952 τῷ
1605 3899 1760 3956 σπη-

782 3976 934 4041 λαίῳ
965 3977 1186 4044 Χωρήϐ.

277 4084 463 4149 Οὕτως
504 4085 688 4148 Ἠλίας
722 4088 751 4140 ὁ
793 4087 1111 4158 περινόητος
1143 4086 1282 4157 μετά
1314 4088 1377 4140 τὸ
1420 4088 1533 4175 πῦρ
1565 4090 1760 4172 ἐκεῖνο,

201 4176 346 4246 με.τά
379 4177 472 4237 τὸν
524 4177 874 4248 συσσεισμδν,
917 4179 1054 4248 μετὰ
1093 4178 1154 4232 τὸ
1200 4178 1344 4250 μέγα
1376 4179 1471 4233 καὶ
1504 4181 1766 4252 κραταιὸν

197 4267 421 4338 πνεῦμα
445 4268 507 4322 τὸ
534 4265 754 4322 διαλύον
773 4269 894 4340 δρη,
919 4269 955 4323 ἃ.
984 4271 1048 4342 δὴ
1076 4269 1240 4340 ζῆλον
1261 4272 1356 4340 καὶ
1391 4271 1660 4343 διάκρισιν
1689 4267 1768 4326 εί-

1869 3356 2079 3415 patrem
2119 3355 2176 3401 et
2210 3356 2440 3400 matrem
2474 3348 2731 3417 scriptam
2780 3351 2956 3420 legem
2988 3359 3044 3404 et
3090 3355 3434 3422 corporalem

1868 3454 2033 3507 quem
2074 3441 2306 3510 imperat
2335 3442 2544 3495 cultum
2575 3444 2892 3509 adumbrat,
2924 3463 3158 3516 quorum
3186 3447 3432 3503 discessu

1867 3531 2128 3598 Spiritalis
2153 3533 2299 3601 legis
2327 3534 2421 3586 lux
2453 3534 2746 3603 dignorum
2785 3537 3050 3592 cordibus
3085 3539 3289 3594 exoriri
3339 3555 3436 3609 p0-

1869 3606 1998 3685 tcst,
2029 3633 2086 3676 et
2124 3625 2367 3678 carnalis
2396 3627 2685 3682 servitutis
2708 3629 3016 3684 libertatem
3037 3629 3262 3701 'largiri.

1900 3885 2282 3956 Contemplatio
2313 3887 2368 3940 in
2409 3889 2657 3942 visionem
2687 3889 2824 3945 Elia!
2856 3892 2911 3944 in
2939 3909 3091 3962 specu
3119 3891 3314 3948 Clioreb
3347 3893 3387 3950 ι.

1934 4104 2022 4158 Sic
2051 4103 2196 4157 Elias
2246 4105 2688 4174 sapientissimus
2729 4121 2852 4179 post
2885 4115 3060 4183 ignem
3097 4118 3273 4181 illum,
3305 4135 3427 4190 post
3507 4187 3509 4191 ι

1866 4198 2268 4271 terraemotum,
2334 4204 2458 4263 post
2496 4212 2750 4267 magnum
2800 4211 2855 4256 et
2900 4205 3278 4264 vehementem
3333 4214 3427 4282 qui

1865 4291 2080 4353 montes
2110 4283 2328 4354 disjecit
2360 4287 2556 4340 flatum
2578 4289 2778 4361 λαμπρ
2811 4293 3032 4361 quidem
3081 4300 3324 4356 studium
3372 4313 3428 4359 et

196 4377 290 4412 ναι
321 4362 414 4412 καὶ
441 4361 539 4428 τὴν
555 4362 613 4415 ὲν
641 4360 982 4432 πληροφορίᾳ
1004 4361 1282 4436 πρόθυμον
1311 4362 1493 4418 πίστιν
1512 4365 1768 4445 ρπολαμ-

1934 4371 2124 4425 iicium
2159 4389 2280 4427 esse
2311 4365 2476 4444 atque
2517 4360 2682 4432 fidem
2731 4364 2949 4448 plenam
2991 4395 3157 4454 atque
3188 4390 3428 4448 alacrem

197 4449 351 4502 ϐάνω
379 4453 432 4520 (ἡ
468 4451 566 4520 μὲν
595 4451 703 4523 γὰρ
731 4452 1022 4524 διάκρισις,
1056 4451 1243 4524 ὥσπερ
1276 4455 1498 4523 σεισμὸς
1530 4458 1598 4510 τά
1640 4474 1765 4508 συν-

196 4539 322 4608 εχῆ,
374 4540 471 4611 τὴν
501 4541 785 4614 ’μοχθηρίᾳ
829 4542 1207 4597 πυκνωθεῖσαν
1234 4543 1349 4608 ἕξιν
1381 4544 1472 4598 διὰ
1512 4545 1610 4615 τῆς
1636 4547 1764 4616 ἀρε-

193 4629 302 4698 τῆς
331 4632 482 4682 ὲπισε
507 4648 644 4685 ουσα
667 4632 764 4702 τῆς
793 4633 989 4695 κακίας
1020 4632 1314 4704 ἐξίστησιν,
1343 4634 1448 4688 δ’δὲ
1470 4633 1632 4704 ζῆλος
1662 4653 1760 4688 ιτυ-

200 4721 294 4791 ρδς
320 4720 475 4791 δίκην
502 4723 756 4778 ἀνάπτων
785 4725 913 4793 τοὺς
950 4707 1174 4794 ἔχοντας
1195 4727 1261 4796 τῇ
1296 4726 1444 4791 ζέσει
1473 4725 1568 4779 τοῦ
1597 4727 1762 4780 πνεὺ-

199 4827 372 4878 ματος
405 4813 682 4865 παιδεύειν
721 4814 894 4867 πείθει
939 4815 1062 4877 τοὺς
1107 4813 1346 4878 ἀσεϐεῖς,
1393 4819 1426 4886 ἡ
1459 4816 1514 4869 δὲ
1556 4816 1761 4882 πίστις,

196 4900 511 4978 πνεύματος
549 4903 728 4972 βιαίου
762 4905 992 4977 τρόπον,
1035 4905 1194 4974 δόξης
1226 4905 1410 4958 ἕνεκεν
1453 4906 1590 4960 Θεοῦ
1622 4907 1760 4977 πρὸς

197 4993 517 5064 καθαίρεσιν
566 4985 936 5066 ὀχυρωμάτων
983 4997 1048 5050 δι’
1098 4998 1406 5062 ἐπιδείξεως
1470 4999 1765 5071 θαυμάτων

195 5082 417 5137 ὠθοῦσα
449 5085 575 5148 τοὺς
609 5078 843 5149 ἀπαθεῖς
884 5087 1076 5152 ὕδατος
1122 5089 1423 5156 γνωστικοῦ
1473 5091 1567 5143 καὶ
1596 5092 1765 5161 πυρὸς

198 5173 448 5229 θεοποιοῦ
485 5176 718 5246 χορηγὸν
747 5179 835 5231 τὸν
879 5179 1044 5240 ὅντως
1074 5179 1260 5232 πιστὸν
1308 5179 1592 5250 ἄνθρωπον
1627 5181 1758 5235 καθ-

202 5264 404 5336 ίστησι,
449 5271 544 5320 καὶ
576 5267 652 5335 τῷ
679 5270 776 5338 μὲν
807 5271 896 5322 τὸν
920 5270 986 5323 δι’
1032 5269 1253 5337 ἀγνοίας
1292 5270 1450 5340 λιμὸν
1489 5271 1760 5342 θεραπεύ-

1325 5426 1350 5465 ¹ί
1378 5426 1510 5481 ibid.

276 5423 296 5465 ι
322 5423 462 5478 Psal.
485 5439 632 5489 xvlu,
658 5425 706 5477 1.
787 5423 800 5472 i
832 5425 971 5479 Psal.
997 5440 1135 5490 xxvi,
1163 5425 1246 5480 10.

1594 5427 1703 5484 ι111
1731 5430 1864 5503 Reg.
1895 5449 2000 5498 xix,
2023 5435 2076 5489 9.

1861 4463 2197 4530 interpretor
2245 4468 2411 4533 (nam,
2465 4476 2722 4537 tanquam
2763 4481 3106 4532 terminatus
3157 4486 3426 4540 montium

1859 4553 2142 4616 'continua,
2173 4555 2252 4608 sic
2273 4557 2544 4624 judicium
2581 4560 2829 4616 habitum
2863 4566 3072 4622 scelere
3104 4569 3421 4628 induratum

1862 4643 2066 4698 virtute
2101 4648 2425 4703 concutiens
2470 4649 2825 4719 improbitate
2850 4657 3033 4723 solvit,
3092 4664 3333 4720 studium
3359 4670 3424 4722 ad

1865 4732 2036 4788 instar
2063 4736 2204 4806 ignis
2242 4738 2540 4795 incendens
2572 4743 2801 4812 spiritus
2837 4748 3033 4804 ardore
3064 4752 3260 4822 impios
3302 4772 3420 4813 eru-

1863 4823 1979 4897 dire
2006 4840 2063 4879 se
2082 4828 2536 4898 praeditosjubet,
2587 4833 2722 4890 fides
2767 4836 2822 4892 in
2846 4840 3070 4895 modum
3105 4843 3266 4902 flatus
3298 4852 3425 4903 srevi

1863 4926 2087 4986 propter
2121 4919 2360 4974 divinam
2398 4923 2625 4994 gloriam
2670 4928 2735 4982 ad
2772 4935 3133 5002 expugnanda
3174 4941 3427 5006 praesidia

1864 5022 1961 5075 per
2009 5009 2400 5066 miraculorum
2465 5017 3003 5074 commendationem
3051 5023 3258 5080 inertes
3297 5044 3425 5095 pro-

1863 5099 2085 5167 pulsans
2108 5101 2387 5156 hominem
2427 5121 2556 5161 vere
2586 5107 2872 5164 credulum
2899 5126 3054 5182 aqua:
3098 5117 3429 5185 cognitionis

1865 5199 1923 5241 et
1974 5189 2113 5259 ignis
2160 5191 2472 5247 deitieantis
2506 5196 2856 5264 praebitorem
2909 5203 3122 5268 reddit,
3169 5206 3300 5261 dum
3338 5210 3427 5265 hic

1870 5279 2068 5336 famem
2095 5282 2416 5354 ignorantia:
2445 5297 2623 5354 curat,
2674 5291 2786 5348 illic
2818 5309 2916 5364 per
2958 5300 3420 5356 accommodatio-

2155 5449 2194 5477 ιη
2216 5439 2284 5494 lll
2313 5441 2441 5511 Reg.
2467 5459 2614 5500 xvm.
2639 5447 2724 5499 58.

1475 5586 1703 5644 VARIIE
1748 5590 2151 5654 LECTIONES.

269 5668 315 5701 "
369 5669 746 5743 Apographum
787 5674 952 5728 habet
984 5675 1200 5729 σαυτόν.
