4200 6440
195 363 325 424 1125
1404 352 1854 412 AMBIGUORU

1758 351 1916 410 RUM
1963 351 2208 409 LIBER.
3283 349 3417 412 1126

189 479 407 542 ενέγκαι
453 472 678 540 δυνηθῇ,
718 469 805 520 διὰ
850 470 945 537 τῆς
1003 466 1143 518 κατά
1198 465 1295 532 τὴν
1339 463 1573 532 θεωρίαν
1609 464 1762 514 εὐσε-
1793 477 1834 531 Α

1793 477 1834 531 Α
1868 460 2221 527 temptatione
2249 461 2622 528 precationem
2653 475 2752 528 pro
2776 474 2973 529 magno
2994 448 3156 528 atque
3189 462 3430 527 pretioso

190 564 315 626 ξῖνιῦς
345 557 720 630 προσεδρείας,
749 555 824 617 ὼς
855 554 998 623 μέγα
1026 551 1184 620 χρέος
1231 552 1323 603 καὶ
1359 551 1562 618 τίμιον,
1591 550 1756 618 μηδὲν

1857 551 1952 602 illo
1979 550 2193 610 debito,
2225 566 2333 602 non
2363 552 2648 619 proprium
2685 552 2890 603 habere
2921 564 3178 612 censetis,
3205 548 3343 600 adeo
3372 558 3430 602 ut

191 654 319 705 ίδιον
374 651 518 719 ἔχειν
561 645 842 714 κρίνουσα,
879 641 1018 693 ὥστε
1068 641 1237 705 δεῖξαι
1279 639 1370 693 τὸν
1414 639 1546 690 Θεὸν
1595 639 1756 707 μόνον

1858 657 2024 694 unum
2057 642 2228 694 Deum
2259 651 2315 694 et
2347 643 2593 695 datorem
2629 650 2683 696 et
2731 649 3076 710 acceptorem
3117 640 3429 710 signiﬁcet:

175 745 403 800 ,διδόντα
432 757 488 792 τε
516 737 611 790 καὶ
653 734 940 803 δεχόμενον
961 749 974 761 ο
1009 732 1148 783 καθᾶ
1178 729 1280 782 ποῦ
1322 747 1488 800 φησιν
1514 731 1542 781 ὁ
1571 729 1754 795 νόμος,

1856 731 2320 800 quemadmodum
2357 731 2563 784 alicubi
2594 732 2680 786 lex
2710 732 2846 784 dicit
2879 749 2891 781 :
2931 732 3082 782 Dona
3130 748 3266 793 mea,
3317 747 3433 783 mu-

195 835 272 888 Τὰ
293 830 452 898 δῶρά
477 845 620 898 μου,
649 822 875 893 δόμοιτὰ
905 841 1047 891 μου,
1075 819 1435 888 xum-ululatii
1465 837 1604 886 μου,
1628 818 1756 872 δια-

1859 841 1985 877 uera
2021 841 2158 886 utea,
2184 824 2448 891 sacriﬁcia
2490 842 2603 878 mea
2643 827 2770 880 milii
2814 827 2998 895 oﬂ‘crrc
3053 826 3318 878 observate
3355 834 3382 874 Ρ
3415 843 3430 889 ;

190 924 482 992 τηρήσετε
497 920 543 952 ⁸⁸
574 914 937 986 προσφέρειν
953 931 1077 982 μοι,
1108 912 1181 974 ὡς
1211 911 1269 977 ἐξ
1291 909 1456 963 αὐτοῦ
1485 928 1540 962 τε
1565 912 1652 963 καὶ
1679 913 1758 973 εἰς

1859 930 1984 966 cum
2027 915 2283 969 videlicet
2313 931 2478 968 omne
2514 917 2717 970 bonum
2761 934 2828 971 ex
2875 933 2942 970 eo
2979 926 3238 970 nascatur
3273 925 3329 969 et
3376 917 3432 969 in

188 1016 354 1069 αὑτὸν
385 1011 585 1073 παντὸς
633 1005 842 1077 ἀγαθοῦ
873 1008 966 1059 καὶ
1006 1004 1308 1074 ἀρχομένου
1350 1004 1444 1056 καὶ
1483 1003 1756 1072 λήγοντος.

1859 1019 1984 1057 eum
2012 1005 2250 1059 desinat.
2306 1006 2510 1060 Idonea
2544 1009 2693 1062 enim
2742 1016 2825 1061 est
2875 1009 2970 1062 Dei
3019 1008 3160 1062 ratio
3208 1007 3436 1076 quibus-

188 1109 411 1175 Πέφυκε
440 1103 550 1173 γὰρ
580 1103 608 1153 ό
632 1099 727 1152 τοῦ
763 1096 898 1151 Θεοῦ
948 1096 1103 1164 λόγος
1137 1089 1217 1156 οἷς
1253 1094 1316 1147 ἂν
1349 1095 1634 1163 ἐγγένηται
1662 1095 1760 1163 τῆς

1861 1111 2083 1164 cunque
2136 1098 2325 1150 innata
2377 1107 2462 1151 est
2510 1098 2576 1151 ad
2610 1099 2796 1152 carnis
2829 1107 3013 1152 motus
3055 1098 3436 1168 reprimendos

187 1215 250 1250 τε
287 1195 490 1266 σαρκὸς
522 1193 733 1246 ἀθετεῖν
777 1188 843 1242 τὰ
884 1188 1161 1256 κινήματα
1203 1186 1296 1238 καὶ
1322 1187 1420 1254 τῆς
1456 1187 1590 1254 πρὸς
1620 1185 1759 1238 αὐτὰ

1865 1200 1973 1238 ιιοιι
2007 1187 2188 1239 minus
2226 1203 2388 1255 quam
2421 1188 2487 1241 ad
2517 1190 2777 1252 animam,
2820 1205 2886 1242 ne
2910 1190 2976 1242 ad
3007 1190 3129 1243 illos
3172 1191 3434 1252 declinet,

187 1290 291 1359 τὴν
324 1287 503 1357 ψυχὴν
548 1281 892 1337 ἀναστέλλειν
923 1280 1116 1348 ῥοπῆς,
1171 1277 1265 1331 καὶ
1309 1277 1489 1344 πάσης
1519 1274 1760 1346 πληροῦν

1865 1277 2251 1341 eoliibcndain,
2282 1289 2338 1334 et
2382 1281 2576 1348 quavis
2608 1295 2736 1334 vera
2783 1281 3100 1350 cognitione
3153 1282 3439 1350 complen-

189 1380 425 1452 ἀληθοῦς
457 1375 822 1446 διαγνώσεως.
1866 1367 2011 1420 dam.

193 1562 419 1630 θεωρία
467 1560 553 1624 είς
596 1556 702 1610 τὸν
740 1553 1099 1624 ἀφορίζων-τα
1147 1551 1261 1620 τὴν
1303 1552 1643 1620 ἀκάθαρτον
1680 1553 1761 1605 cl-

1865 1550 2255 1620 Coutemplatio
2289 1553 2342 1605 in
2385 1568 2503 1605 eum
2541 1555 2631 1622 qui
2673 1555 2886 1607 domum
2925 1555 3190 1622 impuram
3241 1570 3435 1607 excom-

898 1647 1058 1700 κίον.
2465 1644 2696 1696 inimicat
2722 1652 2770 1696 ιι.

268 1765 378 1819 Καὶ
431 1763 542 1833 γὰρ
591 1761 682 1814 τδν
717 1759 868 1830 ίερέα
905 1757 1048 1812 κατὰ
1085 1757 1187 1828 τὴν
1230 1756 1458 1825 νομικὴν
1499 1754 1763 1823 διαταγὴν

1938 1754 2071 1808 Nam
2101 1755 2449 1808 sacerdotem
2475 1771 2696 1824 quoque
2721 1759 3024 1812 secundum
3052 1759 3187 1828 legis
3223 1760 3448 1815 manda-

191 1859 436 1912 είσιόντα
485 1855 562 1917 είς
603 1853 703 1924 τὴν
740 1849 935 1922 (144
958 1850 1020 1919 b)
1072 1849 1196 1903 καθ’
1257 1847 1535 1902 ὁντιναοῦν
1567 1846 1770 1917 τρόπον
1805 1860 1843 1912 Β

1805 1860 1843 1912 [ι
1876 1854 1991 1898 ιυιιι
2033 1845 2087 1898 in
2114 1845 2339 1899 domum
2401 1849 2863 1916 qualitercunque
2903 1850 3169 1917 pollutam
3213 1850 3446 1919 ingredi,

190 1949 508 2018 ἀκάθαρτον
553 1945 755 2005 οἰκίαν,
794 1943 890 1995 καὶ
941 1939 1276 2011 ἀφορίζοντα
1307 1937 1500 2006 αὐτὴν,
1554 1936 1648 1989 καὶ¹
1699 1935 1769 1986 τὰ

1867 1953 2098 2005 eamque
2129 1941 2635 2002 excominunicare,
2667 1948 2722 1990 et
2755 1954 2878 2006 qua:
2934 1939 3002 1993 ad
3054 1940 3447 1995 lustrationem

191 2041 336 2111 πρὸς
419 2036 688 2107 κάθαρσιν
757 2033 1138 2088 διαστέλλοντα
1215 2033 1329 2094 τοῖς
1407 2027 1768 2098 κεκτημένοις

1866 2030 2181 2084 necessaria
2249 2030 2360 2085 sint
2415 2030 2837 2100 possidentibus
2909 2031 3140 2085 deﬁnire
3201 2031 3447 2086 audienti

191 2130 414 2184 ἀκούων
444 2129 535 2180 τὸν
561 2126 824 2197 ἀρχιερέα
851 2124 1010 2192 λόγον
1039 2124 1105 2177 δι’
1129 2123 1296 2177 αὑτοῦ
1330 2120 1767 2192 παραδηλοῦσθαι

1867 2137 2143 2175 snnuuum
2189 2139 2284 2189 per
2333 2124 2385 2176 id
2428 2124 2770 2176 sacerdotem
2830 2124 3098 2177 rationem
3151 2123 3450 2184 signiﬁcari

192 2222 326 2282 νοῶ,
354 2219 527 2288 φωτὸς
553 2218 710 2287 δίκην
745 2215 1136 2287 καθαρωτάτου
1172 2213 1408 2267 εἰσιόντα
1438 2215 1516 2274 εἰς
1543 2213 1644 2281 τὴν
1669 2211 1771 2279 ψυ-

1869 2225 2028 2282 puto,
2057 2215 2120 2266 ad
2160 2215 2332 2267 instar
2358 2215 2666 2282 purissima!
2701 2216 2839 2268 lueis
2865 2215 3102 2267 animam
3134 2214 3450 2283 ingredien—

191 2317 323 2384 χὴν,
352 2313 446 2366 καὶ
472 2313 540 2365 τά
566 2312 736 2380 ἐναγῆ
771 2308 1117 2379 βουλεύματα
1139 2308 1236 2362 καὶ
1255 2308 1594 2376 διανοήματα
1627 2305 1767 2375 μετά

1875 2315 2003 2365 tem.
2034 2314 2090 2358 et
2140 2305 2454 2374 inquinatas
2496 2307 2806 2358 voluntates
2837 2315 2892 2358 et
2933 2307 3298 2372 cogitationes
3325 2322 3449 2359 cum

192 2409 308 2460 τῶν
341 2404 605 2460 ὑπαιτίων
629 2403 886 2474 πράξεων
933 2401 1367 2464 ὲκκαλύπτοντα,
1400 2401 1493 2452 καὶ
1522 2400 1647 2460 τοὺς
1670 2400 1768 2467 τῆς

1875 2399 2129 2453 sontibus
2171 2398 2331 2452 factis
2360 2399 2719 2460 revelantem,
2753 2409 2914 2465 atque
2961 2399 3455 2453 animadversionis

192 2501 540 2570 ἐπιστροφῆς
571 2497 668 2549 καὶ
700 2495 1027 2566 καθάρσεως
1076 2493 1316 2564 τρόπους
1357 2491 1538 2559 σοφῶς
1583 2491 1770 2543 ὑποτι-

1871 2497 1930 2540 et
1971 2490 2303 2558 expiationis
2347 2492 2539 2542 modos
2575 2490 2852 2557 sapienter
2883 2489 3227 2542 suadentem.
3274 2489 3451 2554 Quod.

195 2589 452 2658 θέμενον.
487 2587 688 2656 Ὅπερ,
724 2581 898 2654 οἶμαι,
939 2584 1278 2654 σαφέστερον
1309 2583 1352 2613 ⁵³
1396 2584 1430 2652 ἡ
1458 2581 1549 2635 τὸν
1597 2581 1771 2650 μέγαν

1872 2591 2030 2649 puto,
2072 2580 2316 2647 apertius
2362 2581 2450 2634 illa
2501 2581 2838 2649 signiﬁcans,
2884 2597 3006 2648 qua:
3035 2597 3290 2650 maguum
3325 2598 3454 2647 pro-

196 2680 493 2748 προφήτην
540 2676 723 2728 Ἠλίαν
753 2670 1125 2742 ὑποδεξαμένη
1154 2669 1537 2741 παραδηλοῦσα
1566 2670 1770 2736 ἔλεγεν,

1875 2672 2095 2739 phetani
2139 2672 2312 2724 Eliam
2347 2672 2586 2740 liosliitio
2611 2671 2829 2740 excepit
2858 2690 2870 2724 :
2903 2671 3070 2724 Homo
3107 2671 3224 2734 Dei,
3255 2673 3452 2740 inquit,

201 2771 514 2836 Ἄνθρωπε
543 2765 650 2820 τοῦ
677 2763 844 2829 Θεοῦ,
877 2761 1162 2830 εἰσῆλθες
1187 2763 1339 2830 πρὸς
1363 2761 1468 2831 ἐμὲ
1500 2761 1605 2815 τοῦ
1625 2761 1772 2814 ἀνα-

1874 2772 2138 2839 ingrcssus
2171 2787 2223 2822 es
2259 2772 2327 2823 ad
2365 2785 2445 2824 me
2489 2779 2544 2822 ut
2588 2770 2901 2823 delictorum
2931 2785 3169 2823 meorum
3203 2785 3286 2821 me
3312 2783 3456 2820 com-

197 2861 435 2931 μνῆσαι
450 2875 528 2930 με
556 2857 664 2924 τὰς
699 2855 937 2922 ἀδικίας
963 2871 1105 2923 μου.
1879 2865 2232 2932 monefnceres
2264 2871 2310 2913 ".

203 3035 432 3104 Θεωρία
465 3033 553 3098 είς
580 3030 682 3084 τὸν
732 3028 903 3098 ἅγιον
937 3025 1159 3087 Ἠλίαν,
1196 3026 1292 3078 καί
1326 3027 1414 3090 εὶς
1457 3024 1571 3092 τὴν
1597 3030 1780 3093 Σαρα-

1733 3046 1780 3080 ῖι-
1959 3033 2342 3103 Contemplatio
2375 3036 2429 3088 in
2458 3043 2704 3087 sanctum
2745 3033 2924 3087 Eliam
2945 3073 2960 3096 ,
2995 3043 3045 3086 et
3091 3033 3148 3087 in
3179 3032 3392 3087 viduam

769 3120 952 3188 φθίαν
1007 3117 1220 3184 χήραν.
1809 3152 1852 3208 C

1809 3152 1852 3208 ς
2453 3124 2822 3194 Sareptensem
2857 3135 2900 3177 .

281 3237 440 3290 Πᾶσα
479 3233 589 3304 γάρ
621 3232 769 3303 ψυχὴ
808 3228 1118 3301 χηρεύουσά
1138 3245 1196 3281 τε
1228 3228 1411 3282 καλῶν
1457 3230 1552 3282 καὶ
1580 3231 1782 3298 ἀρετῆς

1949 3233 2140 3287 Omnis
2186 3236 2333 3287 enim
2379 3234 2561 3287 anima
2613 3234 2772 3287 bonis
2815 3232 3038 3287 viduata
3070 3242 3128 3287 et
3175 3233 3379 3286 virtute
3410 3243 3500 3293 et,

203 3329 418 3399 ἕρημος
463 3325 557 3378 καὶ
607 3322 863 3391 γνώσεως
915 3318 1049 3372 Θεοῦ
1106 3319 1327 3371 ἐπειδὰν
1380 3319 1475 3370 τὸν
1518 3319 1664 3371 θεῖον
1691 3323 1784 3372 καὶ

1879 3323 2192 3391 cognitione
2238 3325 2331 3377 Dei
2377 3325 2613 3388 deserta,
2652 3333 2942 3394 postquam
2973 3325 3214 3378 divinam
3261 3335 3318 3378 et
3351 3326 3466 3379 dia-

203 3412 603 3483 διαγνωστικδν
642 3408 967 3478 ὑποδέξηται
1015 3407 1192 3475 λόγον,
1219 3409 1298 3468 είς
1347 3408 1571 3476 μνήμην
1625 3410 1786 3478 ἐρχο-

1881 3413 2184 3480 gnosticam
2235 3415 2450 3481 excepit
2503 3414 2804 3481 rationem,
2856 3414 3182 3468 delictorum
3237 3429 3463 3469 suorum

211 3505 356 3574 μένη
392 3501 500 3553 τῶν
527 3499 698 3568 αὐτῆς
719 3496 1141 3568 ἁμαρτημάτων
1169 3493 1486 3548 διδάσκεταί
1512 3512 1628 3557 πως
1660 3498 1787 3564 ἀρε-

1884 3504 2167 3556 recordata
2230 3505 2524 3559 instruitur
2576 3507 2843 3559 virtutum
2896 3507 3131 3574 panibus
3195 3507 3464 3560 rationem

206 3596 328 3648 τῶν
360 3593 543 3663 ἄρτοις
579 3591 672 3643 τὸν
705 3589 1065 3659 διατρέφοντα
1094 3589 1317 3656 τρέφειν
1349 3587 1526 3655 λόγον,
1558 3589 1652 3639 καὶ
1684 3603 1785 3637 πο-

1884 3593 2081 3647 almam
2116 3594 2281 3653 alere,
2309 3605 2365 3646 et
2397 3597 2644 3648 veritatis
2671 3597 2887 3664 placitis
2933 3596 3056 3649 vita:
3089 3596 3224 3649 fonti
3278 3606 3464 3665 potum

207 3685 389 3750 τίζειν
417 3682 674 3752 ἀληθείας
717 3681 952 3750 δόγμασι
985 3679 1080 3748 τὴν
1120 3680 1303 3748 πηγὴν
1346 3678 1446 3747 τῆς
1481 3678 1648 3748 ζωῆς,
1694 3679 1789 3730 καὶ

1888 3687 2218 3749 lttitiislt‘at‘i',
2253 3689 2465 3754 ἱνδηιιο
2495 3696 2700 3740 natura:
2732 3687 2942 3740 cultum
2980 3686 3152 3756 ipsius
3185 3687 3464 3756 pra-ferre.

209 3777 392 3845 αὐτῆς
437 3776 536 3844 τῆς
566 3774 785 3842 φύσεως
823 3773 922 3841 τὴν
958 3772 1035 3833 εἰς
1069 3771 1237 3838 αὐτὴν
1275 3771 1594 3840 προκρίνειν
1623 3772 1791 3839 θερα-

1890 3794 1986 3846 per
2012 3794 2174 3846 quem
2203 3794 2328 3830 caro
2366 3795 2500 3831 urna
2531 3779 2915 3847 compendium
2951 3779 3248 3832 virtutibus
3278 3778 3467 3832 eﬁieax

211 3869 404 3932 πείαν,
432 3865 498 3918 δι’
521 3861 588 3938 ἧς
622 3865 656 3934 ἦ
691 3881 749 3916 τε
787 3863 946 3933 ὑδρία
974 3862 1111 3932 σάρξ
1158 3862 1260 3932 τὴν
1296 3863 1391 3914 ἐπὶ
1417 3865 1536 3925 ταῖς
1569 3863 1792 3930 ἀρεταῖς

1894 3870 2191 3936 praestabit,
2228 3878 2276 3920 et
2315 3869 2483 3921 cadus
2525 3885 2679 3921 mens
2711 3870 3234 3938 contemplationem
3279 3869 3470 3938 cogni-

214 3956 537 4029 οπρακτικὴν
578 3955 868 4024 συντομίαν
919 3955 1240 4023 χορηγήσει,
1277 3955 1371 4006 καὶ
1403 3955 1432 4006 ὁ
1493 3953 1794 4022 καμψάκης

1894 3960 2078 4022 tionis,
2108 3962 2568 4014 conservatricem
2607 3961 2768 4022 lucis,
2822 3961 3072 4030 perpetui
3103 3961 3269 4016 fontis
3298 3962 3468 4014 instar

213 4048 349 4112 νοῦς
373 4046 470 4120 τὴν
506 4047 568 4099 τὸ
603 4045 718 4114 φῶς
753 4044 1128 4114 συντηροῦσαν
1157 4045 1255 4114 τῆς
1281 4043 1536 4111 γνώσεως
1562 4044 1795 4112 θεωρίαν

1893 4053 2021 4114 alet,
2053 4061 2109 4105 et
2153 4053 2409 4116 cogitatio
2456 4052 2660 4114 innata,
2693 4063 2752 4105 ut
2780 4053 2894 4107 illic
2923 4053 3102 4107 vidua:
3146 4051 3311 4116 ﬁlius,
3344 4067 3469 4120 pas-

213 4137 494 4207 διηνεκῶς
520 4136 812 4204 πηγάσεις,
841 4135 934 4187 καὶ
957 4137 986 4186 ό
1018 4133 1260 4204 ἔμφυτος
1303 4133 1578 4202 λογισμὸς,
1609 4133 1797 4199 ὥσπερ

1895 4143 2008 4194 slva
2037 4142 2260 4209 pristina
2291 4143 2395 4194 vita
2423 4141 2668 4210 deposita
2700 4142 2824 4195 vita:
2851 4142 3050 4195 divina:
3075 4151 3130 4196 et
3157 4157 3301 4195 vera:
3333 4156 3360 4194 a
3388 4156 3475 4194 ra-

218 4231 347 4282 ὲκεῖ
376 4228 473 4298 τῆς
509 4228 682 4298 χήρας
725 4228 753 4278 ό
799 4225 936 4288 υίὸς,
964 4223 1062 4295 τὴν
1100 4223 1322 4294 ἐμπαθῆ
1355 4226 1628 4293 προτέραν
1661 4224 1797 4274 ἀπο-

1707 4239 1797 4274 i=0-
1900 4233 2046 4286 tione
2083 4233 2221 4285 datze
2247 4248 2366 4298 utne
2401 4233 2677 4302 particeps
2716 4233 2809 4285 ﬁat
2841 4231 3001 4303 digna
3029 4230 3366 4286 censebitur.

217 4320 456 4386 θέμενος
481 4318 624 4386 ζωὴν
655 4317 753 4384 τῆς
790 4315 941 4384 παρά
989 4314 1086 4366 τοῦ
1128 4314 1289 4383 λόγου
1321 4314 1602 4383 διδομένης
1645 4312 1798 4372 θείας

218 4413 329 4466 καὶ
362 4409 595 4479 ἀληθοῦς
641 4406 894 4475 γενέσθαι
945 4406 1172 4475 μέτοχος
1215 4405 1584 4476 ἀξιωθήσεται
1630 4403 1795 4472 «ζωῆς.

340 4583 557 4650 Θεωρία
585 4585 673 4648 είς
697 4582 811 4650 τὴν
827 4583 1289 4651 μεταμέρφωσιν
1314 4579 1419 4632 τοῦ
1447 4580 1689 4648 Κυρίου.
1833 4585 1876 4639 1)

1833 4585 1876 4639 1)
2010 4581 2395 4648 Contemplatio
2429 4583 2484 4634 in
2525 4581 2733 4635 Domini
2766 4582 3290 4651 transﬁgurationcm
3329 4584 3370 4632 ί,

307 4692 465 4747 υῦτω
490 4695 585 4746 καὶ
599 4692 706 4744 τῶν
725 4691 962 4762 Χριστοῦ
987 4690 1243 4760 μαθητῶν
1269 4691 1405 4760 πρὸς
1440 4692 1549 4752 τοῖς
1569 4693 1688 4760 εἰρη
1698 4691 1764 4760 μέ
1779 4722 1799 4731 -

1980 4691 2067 4741 Sic
2093 4699 2351 4755 pneterca
2387 4691 2552 4744 etiam
2580 4689 2784 4744 Christi
2811 4689 3204 4758 discipulorum
3233 4689 3478 4756 quidam,

225 4804 349 4850 νοις
379 4784 741 4855 τινὲς,(145
766 4783 820 4854 ιι)
842 4779 922 4845 οἷς
940 4781 1307 4850 συναναϐἧναί
1329 4798 1386 4833 τε
1408 4782 1500 4834 καὶ
1534 4799 1804 4851 συνεπαρ-

1901 4780 2100 4846 quibus
2137 4797 2241 4832 una
2277 4780 2578 4833 ascendere
2619 4790 2675 4832 et
2704 4780 2872 4834 levari
2898 4796 3021 4834 cum
3053 4796 3120 4832 co
3151 4781 3205 4832 in
3239 4789 3478 4831 montem

227 4878 394 4948 θῆναι
415 4877 562 4944 αὑτῲ
579 4877 624 4906 “¹⁰
649 4875 784 4944 πρὸς
810 4874 872 4926 τὸ
893 4874 1016 4943 ὅρος
1037 4873 1136 4941 τῆς
1165 4873 1332 4926 αὑτοῦ
1358 4872 1718 4943 φανερώσεως
1736 4874 1804 4926 δι’

1902 4873 2312 4940 gloriticationis
2344 4875 2464 4942 ejus
2513 4873 2586 4926 ob
2623 4872 2846 4926 virtutis
2886 4887 3074 4926 curam
3117 4873 3320 4932 evenit,
3356 4886 3481 4923 cum

229 4969 440 5042 ἀρετῆς
457 4968 776 5038 ἐπιμέλειαν
800 4967 1074 5033 ἐξεγένετο
1094 4965 1593 5036 μεταμορφωθέντα
1611 4966 1806 5018 θεασά-

1907 4975 2172 5015 mutatum
2217 4964 2471 5016 viderent
2515 4970 2569 5016 et
2615 4962 2736 5016 luce
2797 4961 2957 5015 faciei
3005 4960 3480 5020 inaccessibilem,

235 5057 522 5130 μενοι,τῷ
551 5075 611 5110 τε
674 5056 815 5123 φωτὶ
863 5055 958 5108 τοῦ
1003 5055 1293 5126 προσώπου
1324 5055 1647 5124 ἀπρόσιτον,
1709 5055 1807 5108 καὶ

1904 5065 2466 5121 vcstitueutorumque
2512 5053 2762 5106 claritate
2793 5051 3178 5120 obstupefacti,
3221 5059 3385 5117 atque
3416 5050 3484 5103 de

230 5153 304 5222 τῇ
329 5149 441 5202 τῶν
470 5147 793 5217 ἐσθημάτων
817 5145 1162 5214 λαμπρότητι
1187 5142 1582 5212 κατάπληκτοι,
1620 5143 1714 5196 καὶ
1739 5144 1805 5213 τῇ

1908 5146 2113 5197 honore
2154 5143 2353 5212 Moysis
2390 5153 2445 5198 et
2476 5145 2628 5206 Elite,
2661 5143 2755 5212 qui
2799 5143 2869 5196 ab
2903 5153 3137 5210 utroque
3174 5142 3346 5194 latere
3384 5140 3482 5193 atl-

232 5242 348 5296 τῶν
383 5239 724 5311 ἑκατέρωθεν
765 5239 1033 5291 συνόντων
1061 5237 1193 5305 τιμῇ
1227 5234 1469 5295 Μωσέως
1498 5235 1594 5287 καὶ
1631 5233 1808 5286 Ίιλίου

1905 5250 2082 5289 oram.
2136 5236 2288 5288 ittum
2349 5235 2515 5289 etiam
2554 5236 2760 5304 majore
2815 5234 3080 5303 dignitate
3143 5231 3483 5286 cumulatum

233 5331 613 5402 γεγενημένον
651 5327 1075 5398 αἰδεσιμὼτερον
1122 5325 1516 5392 ἐπεγνωκότες,
1565 5325 1674 5377 ἀπδ
1712 5326 1807 5391 τῆς

1907 5329 2246 5394 conspicati.
2299 5343 2328 5380 a
2363 5343 2529 5382 carne
2559 5327 2614 5380 in
2650 5327 2902 5396 spiritum
2953 5314 3289 5380 transierunt
3333 5321 3484 5392 prius

322 5473 528 5527 2JDeut.
553 5485 734 5533 xxvut,
757 5469 810 5522 2.
886 5479 914 5518 ει
938 5466 1116 5523 Levit.
1146 5481 1252 5530 xw,
1276 5464 1363 5520 58.
1450 5474 1467 5500 τ
1491 5463 1557 5517 lV’
1585 5464 1715 5534 lleg.
1746 5468 1795 5530 l,
1821 5469 1906 5521 lt.

1450 5474 1467 5500 τ
1491 5463 1557 5517 1V
1585 5464 1715 5534 lleg.
1746 5468 1906 5530 1,11.
1986 5476 2006 5502 ³
2037 5469 2100 5522 Ill
2131 5470 2259 5539 licg.
2292 5486 2418 5528 :vv‘tt,
2443 5469 2494 5522 9.
2581 5469 2816 5523 tMatth.
2841 5483 2971 5535 XVII,
3005 5467 3039 5488 ⁶

1501 5603 1728 5658 VARUE
1774 5602 1900 5660 LEC
1921 5606 2175 5661 i‘lONlih‘.

322 5725 372 5758 ⁸⁸
405 5725 788 5796 διατηρήσεται
819 5721 943 5777 cod.
974 5720 1114 5777 Gud.
1189 5722 1230 5752 6-“
1255 5722 1286 5790 ἢ
1321 5721 1440 5775 cod.
1495 5719 1630 5775 Fud.
1712 5722 1754 5752 τυ
1789 5726 1981 5793 Λιηιςινι

718 5739 788 5776 ται
819 5721 943 5777 cod.
974 5720 1114 5777 Gud.
1189 5722 1286 5790 ⁵μῆ
1321 5721 1440 5775 cod.
1495 5719 1630 5775 Fud.
1712 5722 1754 5752 τυ
1789 5723 2173 5793 Apogiaplinm
2231 5721 2377 5773 αὑτό.
