4200 6440
802 399 930 461 112⁸1

1961 386 2020 442 S.
2066 383 2348 441 ΜΔΧΙΜΙ
2390 382 2899 441 (IONFESSORIS

3898 385 4049 449 1128

795 523 959 577 quam
1008 505 1281 561 carnalem
1317 502 1486 555 vitam
1530 498 1679 554 exuti
1722 510 1899 555 erant.
1948 512 2043 565 per
2088 495 2365 549 actionum

2472 495 2672 566 σαρκὸς
2691 496 2770 557 εἰς
2807 496 2866 547 τὸ
2895 494 3113 565 πνεῦμα
3146 495 3477 566 μετέσησαν,
3506 499 3636 567 πρὶν
3666 497 3763 567 τὴν
3781 499 3874 551 διὰ
3902 516 4047 568 σαρ-

795 597 1131 651 sensualium
1178 592 1539 646 mutationem
1589 603 1696 658 qua
1742 602 1837 640 cos
1883 586 2113 654 spiritus
2158 585 2363 649 all‘ecit,

796 688 1034 755 demptis
1080 681 1467 737 intellectualis
1491 681 1570 732 oin
1619 679 1701 732 eis
1746 677 2020 730 facultatis
2051 676 2365 744 passionum

796 775 1179 837 velaminibus,
1216 788 1283 826 ex
1330 787 1440 840 quo
1494 768 1748 823 sensibus
1798 776 1903 821 tam
1955 767 2152 820 anima:
2204 780 2364 832 quam

796 868 1042 935 corporis
1089 864 1303 935 purgati
1349 861 1664 931 spirituales
1703 860 1941 912 rationes
1985 857 2366 926 mysteriorum

795 960 877 1011 eis
901 968 1330 1011 monstratorum
1358 955 1644 1008 docentur.
1674 953 1851 1021 Atque
1881 950 2185 1005 radiantem
2212 950 2364 1002 illum

796 1048 951 1101 faciei
985 1048 1390 1101 omnibeantcm
1437 1045 1803 1113 splendorem,
1840 1050 1901 1095 ut
1930 1055 2147 1094 omnem
2181 1040 2368 1093 oculo-

784 1155 918 1191 rum
946 1139 1116 1191 aciem
1150 1148 1521 1206 superantem,
1550 1134 1770 1187 dcitatis
1814 1134 1934 1203 ejus
1961 1146 2083 1201 qua:
2127 1139 2364 1184 mentem

797 1237 855 1282 et
900 1244 1119 1283 sensum
1172 1238 1229 1281 et
1273 1229 1567 1281 essentiam
1630 1234 1685 1277 ct
1738 1224 2103 1293 cognitionem
2151 1221 2367 1275 excedit

798 1320 1103 1389 symbolum
1141 1334 1261 1372 esse
1304 1319 1529 1387 mystice
1563 1316 2010 1377 instituebantur,
2052 1313 2180 1367 inde
2219 1311 2365 1381 quod

799 1426 901 1464 nec
929 1411 1166 1479 speciem
1192 1412 1311 1478 ejus
1339 1424 1441 1463 nec
1465 1410 1694 1461 formam
1724 1422 1825 1461 nec
1856 1406 2174 1459 Sermonem
2204 1419 2367 1459 carne

801 1501 1057 1554 vestitum
1108 1516 1439 1569 cognoscere
1486 1507 1707 1567 possent
1750 1512 1817 1551 eo
1865 1496 2087 1551 deducti
2136 1504 2197 1548 ut
2240 1511 2365 1550 eum

801 1590 1182 1658 tempestivum
1219 1605 1327 1657 pra:
1354 1589 1478 1641 filiis
1510 1587 1793 1639 hominum
1822 1597 1870 1651 ιι,
1899 1594 1956 1639 et
2000 1586 2052 1639 in
2097 1584 2371 1655 principio

798 1698 939 1743 esse,
965 1691 1018 1734 et
1043 1682 1185 1750 apud
1230 1683 1397 1733 Deum
1426 1695 1545 1734 esse
1572 1689 1628 1733 et
1652 1680 1820 1733 Deum
1853 1693 1972 1732 esse
2008 1687 2054 1742 ν,
2100 1678 2370 1748 intellige-

800 1782 938 1833 rent,
975 1782 1031 1826 et
1061 1773 1126 1826 ad
1161 1774 1276 1826 Filii
1307 1774 1532 1841 gloriam
1572 1772 1640 1825 de
1681 1772 1841 1825 Patre
1868 1771 2082 1839 plenam
2113 1771 2284 1840 gratia
2312 1781 2371 1825 et

801 1863 1027 1914 veritate
1056 1870 1101 1924 ⁸,
1133 1872 1319 1930 utpote
1348 1861 1648 1930 Unigeniti,
1683 1876 1781 1930 per
1817 1861 2177 1929 theologicam
2206 1877 2371 1931 nega-

800 1954 1027 2015 tionem,
1052 1970 1174 2022 qua”:
1194 1970 1318 2006 eum
1346 1954 1604 2007 omnibus
1620 1954 1848 2006 omnino
1874 1952 2369 2021 imperceptibilem

796 2045 1078 2112 praedicat,
1122 2046 1368 2113 gnostice
1416 2045 1563 2097 aucti
1613 2062 1625 2096 :
1665 2044 1927 2097 candidas
1970 2050 2152 2098 autem
2191 2053 2372 2100 vestes

798 2149 968 2187 sacrzc
997 2135 1301 2203 Scriptura!
1324 2134 1599 2187 dictorum
1627 2133 1769 2187 ferre
1799 2133 2133 2204 symbolum,
2164 2141 2225 2187 ut
2252 2149 2373 2203 qua:

800 2234 912 2277 lum
944 2226 1028 2278 eis
1063 2234 1192 2279 sunt
1221 2227 1382 2279 elarzc
1409 2236 1464 2279 et
1494 2225 1797 2294 perspicua:
1825 2234 1882 2279 et
1910 2224 2166 2280 dilucidze
2193 2225 2371 2291 factae,

796 2324 851 2368 et
879 2318 1026 2370 omni
1068 2319 1354 2387 :cnigmate
1402 2317 1711 2371 difﬁciliore
1758 2326 1814 2372 et
1846 2317 2147 2387 symbolica
2179 2318 2373 2372 umbra

797 2416 973 2462 exuta:
1007 2416 1063 2463 et
1109 2409 1423 2470 intellectae,
1464 2408 1734 2462 rationem
1769 2408 2084 2477 aperientes
2125 2424 2247 2478 qua:
2278 2423 2374 2462 ve-

802 2497 909 2549 lata
949 2497 1082 2565 ipsis
1113 2499 1339 2559 inesset,
1375 2512 1498 2550 cum
1534 2497 1832 2567 proclivem
1865 2505 1921 2550 et
1958 2498 2230 2552 sinceram
2274 2496 2374 2552 Dei

800 2589 1169 2655 cognitionem
1194 2597 1540 2649 exercerent,
1562 2598 1618 2643 et
1642 2603 1673 2642 a
1697 2588 1881 2643 studio
1904 2590 2087 2643 saeculi
2121 2596 2177 2642 et
2194 2590 2375 2643 carnis

802 2679 1015 2732 liberati
1043 2689 1227 2733 essent
1261 2697 1274 2733 :
1305 2681 1388 2732 vel
1430 2679 1597 2733 etiam
1642 2679 1815 2749 ipsius
1863 2680 2202 2735 conditionis
2230 2680 2375 2735 ferre

800 2769 1130 2837 symbolum,
1177 2778 1302 2837 post
1349 2767 1687 2823 destructam
1725 2768 2029 2831 sordidam,
2061 2785 2183 2838 qua:
2228 2770 2375 2824 inte-

804 2857 905 2909 rim
944 2856 1323 2925 repraesentari
1378 2858 1432 2909 in
1486 2857 1599 2925 ipsa
1654 2856 1982 2921 videbatur,
2020 2856 2375 2926 deceptorum

801 2948 1015 3015 solique
1068 2948 1254 3001 sensui
1306 2948 1743 3016 mancipatorum
1784 2948 2121 3016 opinionem,
2157 2963 2254 3016 per
2287 2964 2375 3002 sa-

801 3040 1039 3107 pientem
1070 3039 1413 3091 diversarum
1450 3038 1761 3107 specierum
1808 3053 1931 3107 qua:
1979 3038 2211 3108 implent
2254 3057 2375 3095 eam

2471 585 2563 648 κὸς
2594 586 2891 639 ἀποθέσθαι
2921 586 3087 655 ζωὴν,
3111 591 3177 657 τῇ
3202 587 3470 657 ὲναλλαγῇ
3505 587 3611 640 τῶν
3642 590 3763 641 κατ’
3786 589 4050 659 αἴσθησιν

2467 676 2759 746 ἐνεργειῶν
2785 678 2851 747 ἢν
2895 678 3089 740 αὐτοὺς
3124 678 3184 729 τὸ
3211 678 3429 747 πνεῦμα
3462 680 3757 749 ἐνήργησε,
3785 680 4049 750 περιελδν

2466 768 2565 835 τῆς
2591 767 2648 818 ὲν
2675 769 2858 829 αὐτοῖς
2873 769 3065 837 νοερᾶς
3090 768 3371 837 δυνάμεως
3389 768 3500 820 τῶν
3529 769 3717 822 παθῶν
3737 771 3804 823 τὰ
3829 771 4018 838 καλύμ

2467 873 2636 924 ματα,
2671 857 2738 907 δι’
2768 852 2830 909 οὗ
2859 857 3226 927 καθαρθέντες
3272 858 3340 910 τὰ
3376 858 3479 927 τῆς
3522 859 3705 928 ψυχῆς
3734 862 3827 913 καὶ
3855 861 4040 931 σῶμα⁸

2466 964 2556 1010 τος
2589 946 2921 1017 αἰσθητήρια
2966 948 3075 1000 τῶν
3108 948 3586 1019 παραδειχθέντων
3615 952 3801 1013 αὐτοῖς
3828 969 4043 1021 μυστη-

2471 1037 2603 1108 ρὶων
2635 1039 2763 1099 τοὺς
2790 1038 3195 1108 πνευματικοὺς
3230 1038 3652 1093 ὲκπαιδεύονται
3681 1040 3898 1107 λόγους.
3929 1042 4045 1113 Τὴν

2470 1128 2568 1196 μὲν
2600 1128 2975 1197 ἀκτινοφανῶς
3007 1128 3399 1198 ἐκλάμπουσαν
3436 1128 3531 1182 τοῦ
3562 1131 3858 1199 προσώπου
3900 1148 4045 1185 παν-

2465 1216 2643 1270 όλϐιον
2672 1218 2887 1286 αἴγλην,
2920 1220 2995 1281 ὼς
3046 1221 3227 1273 πᾶσαν
3256 1220 3555 1290 ὀφθαλμῶν
3596 1221 3840 1275 νικῶσαν
3881 1223 4046 1294 ἐνέρ-

2467 1325 2645 1375 γειαν,
2678 1311 2777 1377 τῆς
2808 1308 2948 1379 ὑπὲρ
2974 1308 3097 1361 νοῦν
3142 1310 3235 1363 καὶ
3282 1309 3537 1382 αἴσθησιν
3581 1312 3676 1364 καὶ
3710 1312 3901 1365 οὐσίαν
3949 1316 4046 1367 καὶ

2468 1401 2668 1466 γνῶσιν
2692 1400 2945 1470 θεότητος
2968 1401 3134 1454 αὐτοῦ
3165 1402 3431 1472 σύμϐολον
3456 1397 3593 1455 εἶναι
3625 1404 3903 1472 μυστικῶς
3930 1405 4042 1458 ιδι-

2467 1491 2745 1553 δάσκοντο,
2773 1490 2882 1542 ἀπὸ
2904 1490 2997 1542 τοῦ
3034 1491 3108 1561 μὴ
3138 1489 3281 1560 ἔχειν
3305 1490 3469 1543 αὐτοῦ
3497 1492 3540 1521 ⁷¹
3575 1486 3714 1553 εἶδος
3738 1493 3874 1560 μήτε
3905 1491 4045 1543 κάλ-

2468 1581 2558 1643 λος
2594 1582 2689 1634 καὶ
2714 1580 2808 1633 τοῦ
2844 1581 3025 1648 σάρκα
3053 1580 3145 1633 τὸν
3176 1580 3335 1649 λόγον
3356 1581 3723 1650 γεγενημένον
3747 1581 4046 1647 γινώσκειν

2469 1674 2562 1726 ἐπὶ
2594 1672 2686 1725 τὸν
2714 1673 2917 1741 ὡραῖον
2957 1672 3142 1724 κάλλει
3167 1672 3321 1743 παρά
3346 1673 3475 1734 τοὺς
3506 1673 3654 1735 υἱοὺς
3683 1672 3791 1724 τῶν
3826 1672 4047 1741 evapo-

2471 1783 2589 1819 πων
2625 1765 2719 1818 καὶ
2747 1765 2848 1834 τὴν
2879 1766 2936 1817 ἐν
2976 1765 3117 1835 ἀρχῇ
3151 1765 3315 1817 αὐτὸν
3343 1760 3481 1817 εἶναι
3512 1765 3607 1817 καὶ
3636 1764 3771 1834 πρὸς
3792 1764 3883 1815 τὸν
3907 1763 4049 1815 Θεὸν

2472 1853 2611 1909 εἶναι
2641 1855 2738 1908 καὶ
2772 1855 2905 1908 Θεὸν
2939 1851 3101 1915 εἶναι.
3142 1854 3352 1908 ἔννοιαν
3393 1855 3917 1925 χειραγωγούμενοι,
3953 1859 4050 1907 καὶ

2473 1949 2608 2019 πρὸς
2644 1952 2743 2018 τὴν
2772 1948 2847 2011 ὡς
2879 1946 3216 2016 Μονογενοῦς
3243 1948 3399 2019 Παρὰ
3428 1949 3633 2019 πατρὸς
3668 1949 3850 2019 πλήρη
3881 1949 4052 2017 χάρι-

2471 2056 2560 2102 τος
2606 2040 2699 2092 καὶ
2732 2037 2988 2107 ἀληθείας
3040 2038 3198 2104 δόξαν
3247 2038 3335 2091 διὰ
3376 2040 3475 2108 τῆς
3534 2038 3815 2102 παντελῶς
3873 2042 4051 2092 πᾶσιν

2472 2129 2755 2199 ἀχώρητον
2788 2128 2948 2180 αὑτὸν
2980 2127 3327 2197 ἀνυμνούσης
3360 2128 3681 2196 θεολογικῆς
3715 2127 4049 2195 ἀποφάσεοκ

2472 2220 2792 2288 γνωστικῶς
2845 2220 3207 2290 ἀναγόμενον
3246 2220 3313 2273 τὰ
3359 2220 3415 2272 δὲ
3447 2220 3813 2273 λευκανθέντα
3851 2221 4052 2291 ἱμάτια

2473 2312 2582 2363 τῶν
2634 2312 2895 2380 ῥημάτων
2928 2314 3027 2381 τῆς
3074 2311 3237 2379 ἁγίας
3286 2312 3505 2383 Γραφῆς
3541 2313 3731 2382 φέρειν
3771 2312 3961 2383 (145
4000 2315 4053 2379 b)

2477 2402 2769 2470 σύμϐολον,
2812 2403 2887 2465 ώς
2923 2403 3226 2473 τηνικαῦτα
3259 2403 3527 2473 λαμπρῶν
3572 2405 3662 2456 καὶ
3694 2405 3911 2473 τρανῶν
3958 2406 4056 2457 καὶ

2477 2494 2663 2562 σαφῶν
2694 2494 2880 2557 αὐτοῖς
2908 2495 3237 2563 γενομένων,
3268 2496 3361 2548 καὶ
3387 2498 3587 2560 παντὸς
3614 2496 3927 2566 γριφώδους
3962 2498 4054 2550 αξ-

2476 2587 2736 2656 νίγματος
2763 2588 2857 2639 καὶ
2893 2586 3227 2654 συμϐολικοῦ
3251 2587 3590 2658 σκιάσματος
3618 2590 3785 2659 χωρὶς
3813 2589 4051 2659 νοουμὲ-

2426 2704 2430 2711 ·
2475 2693 2602 2741 νων,
2648 2676 2865 2731 καὶτὸν
2902 2678 2959 2729 ὲν
2990 2678 3178 2741 αὐτοῖς
3218 2678 3349 2733 ὄντα
3395 2696 3455 2732 τε
3503 2681 3597 2731 καὶ
3630 2679 4056 2749 καλυπτόμενον

2477 2769 2938 2839 παραδηλούντων
2968 2768 3149 2838 λόγον,
3174 2770 3410 2838 ὁπηνίκα
3438 2771 3537 2840 τήν
3556 2787 3615 2823 τε
3643 2770 3794 2825 λείαν
3827 2771 3927 2822 καὶ
3958 2771 4055 2841 ἐρ.

2477 2858 2575 2930 θὴν
2618 2860 2746 2932 περὶ
2799 2859 2936 2913 Θεοῦ
2974 2859 3177 2928 γνῶσιν
3233 2859 3473 2925 ἐλαυνον,
3512 2860 3605 2912 καὶ
3647 2860 3742 2929 τῆς
3782 2861 3925 2931 πρὸς
3960 2860 4057 2912 τὸν

2478 2951 2679 3020 κόσμον
2708 2951 2803 3003 καὶ
2829 2949 2927 3020 τὴν
2958 2950 3137 3019 σάρκα
3162 2950 3537 3020 προσπαθείας
3564 2948 4053 3019 ἠλευθερώθησαν

2476 3042 2511 3112 ἢ
2546 3043 2645 3112 τῆς
2678 3041 2910 3104 κτίσεως
2939 3042 3110 3109 αὐτῆς
3128 3040 3270 3093 κατὰ
3296 3040 3638 3111 περιαίρεσιν
3659 3043 3752 3109 τῆς
3782 3041 4060 3111 δοκούσης

800 3130 1139 3190 varietatem,
1168 3128 1424 3183 similiter
1452 3144 1516 3182 ac
1544 3128 1739 3193 vestis,
1771 3127 2092 3197 dignitatem
2123 3131 2242 3199 ejus
2274 3131 2367 3200 qui

2480 3132 2617 3193 τέως
2652 3130 3013 3199 ἐμφαίνεσθαι
3048 3132 3187 3200 αὐτῇ
3220 3130 3328 3183 τῶν
3365 3131 3737 3200 ἠπατημένων
3779 3133 3875 3184 xui.
3913 3134 4059 3200 μόνῃ

801 3220 1030 3273 rationis
1084 3219 1471 3287 procreatrieis
1521 3228 1700 3288 gestat
1743 3220 2006 3273 virtutem
2056 3220 2371 3277 indicantis.

800 3309 1107 3377 Utrumque
1154 3309 1303 3362 enim
1349 3308 1548 3361 rationi
1586 3317 1957 3362 consentanee
2006 3318 2091 3362 est
2139 3309 2371 3376 dictum,

798 3400 1071 3468 siquidem
1104 3399 1268 3453 etiam
1301 3399 1603 3467 utrobique
1645 3398 1779 3451 latet
1823 3398 2198 3461 obscuritate,
2244 3414 2374 3467 pro-

800 3500 920 3557 pter
965 3505 1085 3553 nos,
1132 3505 1199 3542 ne
1237 3490 1319 3543 eis
1365 3505 1485 3557 quzr
1518 3487 1957 3556 inperceptibilia
1990 3497 2120 3541 sunt
2152 3488 2375 3558 indigne

800 3578 1105 3646 impingere
1155 3577 1475 3639 audeamus,
1513 3577 1567 3628 in
1615 3592 1786 3630 sacra:
1816 3577 2042 3646 quidem
2080 3578 2377 3646 Scriptura:

799 3683 956 3730 voce,
1008 3677 1068 3721 ut
1118 3669 1296 3732 liatio,
1352 3668 1404 3721 in
1456 3677 1710 3723 creatura
1760 3685 1911 3733 vero,
1947 3677 2008 3723 ut
2060 3678 2277 3724 creator
2320 3678 2375 3726 et

797 3760 977 3814 factor
1023 3770 1078 3812 et
1120 3759 1340 3813 artifex.
1390 3760 1546 3815 Unde
1596 3775 1723 3814 eum
1778 3770 2012 3829 utroque
2064 3761 2375 3816 necessario

801 3849 1048 3917 indigere
1079 3848 1203 3901 dico
1229 3848 1322 3927 qui
1350 3848 1468 3903 sine
1500 3850 1778 3918 vituperio
1805 3850 1873 3903 ad
1901 3851 2072 3904 Deum
2106 3860 2255 3905 recta
2286 3852 2375 3905 via

800 3956 1025 4010 pergere
1046 3940 1305 4004 voluerit,
1331 3950 1387 3995 et
1408 3940 1706 4010 Scriptura:
1727 3941 1784 3995 in
1812 3944 2014 4011 spiritu
2034 3942 2371 4014 cognitione,

797 4040 855 4085 et
888 4032 1123 4085 naturali
1158 4032 1460 4085 secundum
1494 4032 1755 4101 spiritum
1802 4050 1987 4088 rerum
2033 4037 2372 4106 contempla-

799 4124 950 4178 tione
976 4141 989 4176 :
1024 4123 1161 4178 adeo
1190 4134 1249 4177 ut
1278 4124 1398 4178 dua:
1430 4125 1579 4195 leges
1624 4126 1743 4195 pari
1773 4137 1979 4182 ornata:
2021 4128 2287 4199 dignitate
2316 4137 2373 4183 et

796 4216 1047 4269 eamdem
1130 4215 1439 4269 doctrinam
1522 4216 1839 4283 tradentes,
1922 4228 2030 4272 tam
2105 4221 2372 4276 naturalis

797 4322 961 4375 quam
1006 4308 1232 4375 scripta,
1268 4322 1331 4360 ac
1378 4318 1572 4361 neutra
1603 4308 1856 4377 superior
1887 4310 2060 4364 altera
2088 4318 2186 4365 aut
2229 4310 2370 4366 infe-

799 4400 933 4459 rior,
968 4398 1369 4462 demonstrare,
1402 4408 1460 4451 ut
1488 4414 1586 4468 par
1613 4409 1718 4465 est,
1751 4401 1965 4468 possint
1988 4400 2245 4470 perfecta:
2279 4418 2369 4457 sa-

2477 3224 2729 3292 αἰσθήσει
2769 3222 3213 3292 προσδεδεμένων
3263 3224 3514 3293 ρυπαρᾶς
3564 3222 3914 3293 ὑπολήψεως,
3969 3225 4064 3276 διὰ

2475 3313 2575 3380 τῆς
2612 3311 2719 3363 τῶν
2751 3313 2919 3381 αὐτὴν
2952 3311 3421 3380 συμπληρούντων
3450 3311 3725 3381 διαφόρων
3763 3312 3929 3364 εἰδῶν
3966 3331 4056 3365 σοι

2477 3402 2584 3468 φῆς
2627 3398 2927 3461 ποικιλίας,
2962 3400 3244 3466 ἀναλόγως
3278 3400 3495 3467 ἱματίου
3527 3400 3729 3467 τρόπον
3756 3401 3857 3469 τὴν
3892 3402 4062 3466 ἀξίαν

2476 3486 2571 3539 τοῦ
2603 3485 2902 3556 φοροῦντος
2937 3488 3039 3555 τὴν
3072 3486 3166 3540 τοῦ
3208 3488 3601 3559 γενεσιουργοῦ
3629 3489 3785 3556 λόγου
3817 3490 4064 3561 δύναμιν

2481 3578 2814 3648 μηνυούσης.
2849 3579 3056 3647 Ἀμφω
3103 3579 3216 3651 γὰρ
3268 3578 3362 3631 ἐπὶ
3397 3581 3495 3633 τοῦ
3527 3580 3686 3648 λόγου
3720 3582 3961 3653 ἁρμόσει
3992 3586 4061 3637 τὰ

2476 3670 2765 3739 λεγόμενα,
2798 3670 2921 3722 ἐπεὶ
2951 3671 3047 3723 καὶ
3072 3672 3276 3739 ἀμφοῖν
3310 3672 3379 3725 δι’
3402 3673 3673 3740 ἀσαφείας
3707 3675 4062 3729 κεκάλυπται

2474 3758 2542 3811 δι’
2572 3760 2720 3828 ἡμᾶς
2741 3759 2988 3822 εἰκότως.
3021 3759 3160 3830 πρὸς
3192 3761 3254 3812 τὸ
3277 3760 3353 3831 μὴ
3379 3760 3584 3830 τολμᾶν
3604 3763 3715 3824 τοῖς
3745 3762 4065 3831 ἀχωρήτοις
4106 3794 4109 3795 ν

2476 3848 2711 3912 ἀναξίως
2738 3850 3121 3920 προσϐάλλειν,
3148 3850 3227 3921 τῷ
3256 3852 3355 3921 μὶν
3391 3852 3540 3924 ρητῷ
3567 3854 3668 3923 τῆς
3707 3855 3870 3923 ἁγίας
3911 3855 4063 3928 Γρα-

2477 3941 2605 4009 φῆς,
2639 3940 2716 4003 ὡς
2755 3940 2937 4008 λόγος,
2985 3945 3050 4012 τῇ
3087 3942 3145 3995 δὲ
3176 3943 3376 4009 κτίσει,
3409 3944 3485 4008 ὡς
3508 3946 3733 4017 κτίστης
3762 3951 3860 4001 καὶ
3888 3966 4059 4019 ποιη-

2473 4033 2574 4104 τὴς
2599 4032 2694 4087 καὶ
2730 4034 3002 4104 τεχνίτης.
3039 4033 3202 4089 Ὅθεν
3230 4036 3543 4105 ἀναγκαίως
3570 4039 3901 4110 ἀμφοτέρων
3932 4042 4063 4092 ὲπι-

2472 4124 2681 4177 δεῖσθαί
2718 4143 2863 4196 φημι
2890 4126 2983 4180 τὸν
3017 4127 3153 4197 πρὸς
3197 4127 3331 4182 Θεὸν
3379 4129 3688 4200 ἀμέμπτως
3730 4130 4063 4200 εὐθυπορεῖν

2476 4214 2829 4286 βουλόμενον,
2866 4218 2966 4285 τῆς
2995 4235 3057 4270 τε
3086 4219 3364 4289 γραφικῆς
3387 4222 3445 4273 ὲν
3476 4220 3749 4291 πνεύματι
3774 4219 4060 4289 γνώσεως,

2475 4306 2571 4358 καὶ
2628 4306 2728 4376 τῆς
2768 4305 2877 4359 τῶν
2934 4307 3104 4360 δντων
3155 4308 3297 4361 κατά
3351 4307 3571 4378 πνεῦμα
3624 4309 3863 4379 φυσικῆς
3915 4310 4065 4363 θεω⁹

2477 4398 2622 4469 ρίαςσ
2658 4399 2799 4451 ὥστε
2855 4399 3134 4468 ἰσοτίμους
3190 4400 3284 4453 καὶ
3323 4399 3391 4452 τὰ
3442 4399 3585 4453 αὐτὰ
3635 4400 3887 4470 ἀλλήλοις
3938 4421 4066 4455 παι.

797 4488 1015 4557 pientia:
1051 4499 1351 4544 amatorem
1385 4490 1503 4545 fieri
1533 4506 1660 4545 eum
1689 4491 1784 4560 qui
1818 4492 2101 4559 sapientia:
2126 4494 2368 4563 perfecte

2480 4491 2739 4554 δεύοντας
2776 4493 2903 4555 τοὺς
2936 4491 3031 4545 δύο
3062 4493 3293 4561 νόμους,
3330 4493 3420 4545 τόν
3468 4509 3527 4545 τε
3575 4493 3806 4561 φυσικὸν
3840 4495 3941 4547 καὶ
3967 4497 4063 4548 τὸν

798 4578 1162 4648 concupierit.

799 4946 1183 5015 Contemplatio
1210 4948 1472 5001 naturalis
1509 4956 1558 5001 et
1588 4950 1773 5017 scripti
1814 4951 1941 5022 legis
1978 4968 2260 5025 eorumque
2285 4971 2368 5010 se-

1038 5038 1267 5091 cundum
1293 5054 1483 5093 nexum
1503 5041 1641 5094 inter
1662 5058 1718 5095 se
1745 5045 2117 5113 congruentia.

871 5234 1122 5303 Intelligo
1148 5247 1312 5287 unam
1338 5234 1561 5303 quidem
1588 5234 1762 5302 legem
1791 5236 2134 5303 mquabiliter
2156 5252 2277 5292 sese
2302 5239 2370 5293 ad

813 5324 1070 5380 rationem
1097 5339 1259 5393 quam
1298 5325 1530 5379 maxime
1560 5332 1739 5394 potest
1769 5324 2095 5396 dirigentem
2122 5343 2223 5398 per
2251 5344 2369 5399 spe:

826 5416 1019 5474 t'acula
1072 5415 1128 5468 in
1171 5431 1238 5469 eo
1281 5416 1457 5481 unita,
1505 5431 1628 5470 cum
1681 5427 2075 5487 congruentem
2130 5421 2371 5476 universi

804 5536 808 5541 ’
881 5557 907 5585 ι·
929 5547 1067 5600 Psal.
1092 5563 1230 5611 xuv,
1255 5547 1307 5600 3.
1386 5557 1409 5583 ν
1432 5548 1589 5602 Joan.
1615 5565 1653 5606 ι,
1683 5551 1729 5603 1.
1811 5563 1833 5589 ι
1861 5550 1995 5605 ibid.
2022 5552 2108 5605 M.

2476 4585 2746 4656 γραπτὸν,
2799 4585 2895 4637 καὶ⁸
2949 4586 3247 4655 μηδέτερον
3290 4584 3522 4657 θατέρου
3563 4584 3757 4655 ἔχοντα
3799 4586 3970 4638 πλέον
4020 4587 4055 4656 ἦ

2474 4678 2720 4741 ἔλαττον,
2753 4676 3020 4731 δύνασθαι
3074 4678 3285 4742 δεῖξαι,
3341 4678 3418 4741 ὼς
3470 4676 3641 4741 εἰκὸς,
3694 4677 3787 4730 τὸν
3834 4677 4065 4741 τελείας.

2475 4768 2714 4839 ἐραστὴν
2747 4766 3004 4835 γενέσθαι
3032 4767 3132 4837 τῆς
3180 4767 3374 4837 σοφίας
3404 4766 3613 4821 τέλειον
3651 4765 4059 4837 ἐπιθυμοῦντα.

2399 4890 2470 4903 ’—

2477 4945 2667 5018 (148
2705 4946 2759 5014 α)
2793 4943 3013 5011 Θεωρία
3053 4944 3160 4998 τοῦ
3202 4959 3267 4997 τε
3303 4941 3568 5011 φυσικοῦ
3615 4941 3713 4994 καί
3752 4940 3863 4993 τοῦ
3918 4956 4065 5010 τρο-

2548 5039 2702 5093 πτοῦ
2742 5039 2951 5105 νόμου,
2989 5036 3088 5090 καὶ
3130 5032 3237 5102 τῆς
3283 5034 3484 5089 αὐτῶν
3522 5034 3649 5087 κατ’
3695 5034 4066 5102 ἐπαλλαγὴν

2548 5136 2633 5198 εὶς
2665 5130 2982 5196 ἀλλήλους
3017 5124 3385 5196 συνδρομῆς.

2549 5242 2679 5296 Νοῶ
2703 5244 2747 5274 ⁷⁸
2778 5242 2871 5294 τὸν
2920 5241 3021 5311 μὲν
3053 5239 3273 5309 ὁμαλῶς
3316 5239 3425 5291 ὅτιι
3444 5238 3683 5307 μάλιστα
3712 5236 3856 5289 κατά
3898 5236 4062 5304 λόγον

2478 5333 2895 5404 διευθυνόμενον
2939 5332 3027 5387 διὰ
3058 5332 3167 5386 τῶν
3196 5333 3254 5386 ὲν
3284 5331 3436 5401 αὑτῷ
3468 5330 3737 5401 συμφυῶν
3762 5330 4062 5398 θεαμάτων

2486 5424 2671 5493 βίϐλου
2706 5424 2911 5495 τρόπον
2953 5424 3016 5478 τὸ
3062 5424 3386 5495 ἐναρμόνιον
3434 5422 3529 5478 τοῦ
3579 5422 3781 5485 παντὸς
3828 5421 4062 5491 ὕφασμα

2089 5670 2328 5729 VARI/2
2370 5674 2771 5733 LECTIONES.

871 5751 919 5782 "
965 5750 1125 5803 αὑτὸν
1175 5753 1295 5808 cod.
1326 5755 1466 5809 Gud.
1545 5758 1586 5791 "
1615 5759 2000 5827 Apograplmm
2030 5760 2125 5830 τῷ.
