4200 6440
178 396 198 458 1
213 394 314 460 129

1408 387 1925 449 AMBIGUORUM
1965 391 2033 450 Li
2046 393 2210 451 BER.

3281 390 3416 453 1130

175 513 387 581 ἔχοντα,
441 509 746 582 γράμματα
798 505 897 574 μὲν
950 501 1046 555 καὶ
1081 498 1350 561 συλλαϐὰς
1395 496 1648 568 ἐχούσης,
1676 495 1746 582 τὰ

1849 506 2120 551 texturam
2171 499 2370 552 habeat
2420 500 2487 554 ad
2540 499 2664 556 libri
2697 502 2890 562 instar,
2921 500 3014 569 qui
3057 501 3270 558 litteras
3303 508 3415 572 pri-

175 597 315 666 πρὸς
340 581 486 665 ἡμᾶς
546 593 761 664 πρῶτα,
810 589 1054 660 προσεχῆ
1111 603 1172 640 τε
1217 585 1310 638 καὶ
1357 583 1598 653 μερικα,
1651 581 1745 634 καὶ

171 688 399 750 πολλαῖς
425 685 779 755 παχυνόμενα
801 682 942 735 κατὰ
969 679 1186 733 σύνοδον
1213 677 1464 744 ποιότησι
1495 673 1742 743 σώματα,

170 780 400 849 ῥήματα
443 777 523 838 δὲ,
561 774 631 827 τὰ
686 772 892 826 τούτων
947 767 1394 837 καθολικώτερα,
1461 766 1651 836 πόρρω
1687 779 1745 814 τε

168 862 306 925 δντα
334 872 427 923 καὶ
455 870 779 938 λεπτότερα,
807 866 866 931 ἐξ
909 860 983 918 ῶν
1017 862 1196 930 σοφῶς
1227 861 1256 912 ὁ
1285 858 1622 928 διαχαράξας
1650 856 1746 908 καὶ

171 964 432 1040 ἀρρήτως
461 961 643 1022 αὐτοῖς
679 953 1159 1026 ὲγκεχαραγμένος
1190 951 1346 1019 λόγος
1371 945 1744 1040 ἀναγινωσκό-

175 1038 341 1123 μενος
385 1049 771 1121 ἀπαρτίζεται,
825 1045 925 1117 τὴν
975 1046 1056 1102 ὅτι
1109 1043 1270 1112 μόνον
1308 1041 1482 1103 ἐστὶν,
1531 1039 1632 1107 ούχ
1661 1038 1742 1088 ὄτι

173 1143 312 1195 ποτὲ
333 1142 390 1194 δέ
423 1141 570 1194 ἐστιν
595 1139 811 1192 οίανοῦν
843 1135 1222 1206 παρεχόμενος
1253 1132 1485 1194 ἔννοιαν,
1524 1129 1619 1181 καὶ
1659 1128 1746 1180 διὰ

170 1236 276 1303 τῆς
312 1231 570 1295 εὐσεϐοῦς
615 1230 726 1285 τῶν
777 1227 1055 1298 διαφόρων
1111 1221 1425 1293 φαντασιῶν
1479 1218 1745 1285 συλλογῆς

170 1327 257 1389 είς
311 1324 441 1395 μίαν
483 1322 577 1384 τοῦ
621 1319 856 1390 ἀληθοῦς
893 1316 1148 1372 εἰκασίαν
1182 1313 1394 1381 ὲνάγων
1418 1349 1434 1374 ,
1465 1309 1742 1376 ἀναλόγως

169 1416 368 1470 ἑαυτὸν
399 1414 488 1469 διὰ
517 1413 627 1465 τῶν
658 1410 871 1482 ὁρατῶν
920 1408 996 1472 ὡς
1027 1403 1411 1475 γενεσιουργδς
1453 1398 1743 1469 ἐνορᾶσθαι

167 1507 372 1571 διδούς·
409 1506 499 1559 τὸν
532 1505 589 1558 δὲ
622 1503 858 1573 μαθήσει
884 1497 1345 1570 κατορθούμενον,
1389 1493 1478 1547 διὰ
1509 1491 1616 1543 τῶν
1646 1492 1744 1545 αύτ-

167 1598 249 1668 τῷ
288 1596 472 1665 σοφῶς
505 1594 970 1667 ὑπηγορευμένων
1014 1588 1203 1658 ὥσπερ
1250 1586 1453 1656 κόσμον
1493 1581 1650 1637 ἄλλον
1687 1581 1746 1644 ἐξ

167 1689 408 1760 ούρανοῦ
445 1689 540 1742 καὶ
572 1690 674 1759 γῆς
702 1688 798 1741 καὶ
825 1684 935 1737 τῶν
960 1685 1018 1736 ὲν
1051 1680 1220 1759 μέσῳ,
1253 1681 1352 1749 τῆς
1373 1677 1569 1746 ὴθικῆς
1601 1694 1742 1745 φημι

168 1783 266 1846 καὶ
294 1778 535 1849 φυσικῆς
578 1778 674 1830 καὶ
719 1772 1038 1843 θεολογικῆς
1068 1770 1389 1842 φιλοσοφίας
1417 1769 1744 1836 συνιστάμεο

168 1890 282 1932 νον.
319 1871 422 1941 τὴν
459 1869 667 1946 ᾇφατον
710 1865 1087 1938 καταμηνύειν
1126 1862 1222 1917 τοῦ
1268 1860 1742 1932 ύπαγορεύσαντος
1779 1845 1818 1897 Β

166 1961 426 2030 δύναμιν,
453 1947 548 2013 καὶ
573 1957 769 2021 ταύτὸν
802 1955 1053 2027 ἀλλήλοις
1084 1954 1204 2006 κατ’
1241 1951 1551 2021 ἐπαλλαγὴν
1584 1950 1742 2011 ὄντας

164 2052 488 2107 δεικνύοντα
515 2051 607 2116 τὸν
643 2051 742 2120 μὲν
779 2048 1026 2120 γραπτὸν
1075 2045 1151 2116 τῷ
1204 2044 1420 2118 φυσικῷ
1466 2043 1604 2096 κατᾶ
1646 2042 1745 2112 τὴν

164 2145 427 2213 δύναμιν,
449 2144 546 2201 τὸν
577 2142 633 2195 δὲ
677 2141 904 2211 φυσικὸν
953 2138 1189 2208 ἔμπαλιν
1230 2135 1308 2207 τῷ
1339 2133 1568 2206 γραπτῷ
1603 2133 1745 2191 κατὰ

163 2240 268 2309 τὴν
295 2238 431 2301 ἕξιν,
463 2236 556 2297 καὶ
585 2234 675 2288 τὸν
716 2233 876 2292 αὑτὸν
911 2231 1216 2302 μηνύοντας
1244 2230 1339 2282 καὶ
1373 2227 1744 2288 καλύπτοντας

164 2330 352 2400 λόγον,
379 2329 474 2383 τὸν
507 2329 605 2399 μὲν
643 2329 710 2398 τῇ
737 2324 880 2392 λέξει
913 2325 1007 2378 καὶ
1029 2323 1108 2394 τῷ
1138 2321 1472 2393 φαινομένῳ,
1501 2322 1565 2371 τὸ
1590 2320 1644 2371 δὲ
1675 2321 1740 2388 τῇ

165 2423 357 2494 νοήσει
381 2422 478 2484 καὶ
506 2418 584 2497 τῷ
611 2417 996 2497 κρυπτομένῳ.
1023 2415 1127 2476 ,Ὧς
1149 2414 1259 2490 γὰρ
1287 2411 1388 2480 τῆς
1415 2409 1574 2478 ἁγίας
1606 2410 1745 2478 Γρα-

168 2516 281 2586 φῆς
317 2513 390 2568 τὰ
443 2495 798 2584 μινρήματα
850 2508 1053 2580 ἱμάτια
1082 2505 1268 2577 (146
1294 2504 1345 2573 b)
1376 2503 1646 2568 λέγοντες,
1677 2499 1746 2562 τὰ

165 2609 224 2664 δὲ
271 2609 522 2678 νοήματα
569 2604 782 2675 σάρκας
835 2599 931 2655 τοῦ
969 2599 1132 2666 λόγου
1181 2595 1449 2659 νοοῦντες,
1491 2596 1604 2656 τοῖς
1645 2592 1746 2662 μὲν

166 2699 546 2770 καλύπτομεν,
578 2698 692 2760 τοῖς
715 2695 772 2748 δὲ
799 2691 1291 2758 ἀποκαλύπτομεν,
1323 2686 1467 2741 οῦτω
1514 2687 1608 2740 καὶ
1637 2685 1745 2737 τῶν

167 2793 486 2864 γεγονότων
516 2787 588 2853 τὰ
624 2787 761 2862 πρὸς
806 2785 870 2838 τὸ
908 2783 1141 2864 ὁρᾶσθαι
1176 2778 1596 2851 προϐεϐλημένα
1627 2777 1743 2844 εἴδη

165 2861 230 2935 τε
273 2881 372 2934 καὶ
401 2879 661 2950 σχήματα
704 2875 898 2947 ίμάτια
941 2861 1214 2944 λέγοντες,
1249 2872 1374 2936 τοῦς
1413 2871 1470 2935 δὲ
1498 2869 1621 2922 καθ’
1653 2867 1747 2930 οὒς

168 2975 422 3027 ἔκτισται
449 2970 623 3036 ταῦτα
671 2969 866 3036 λόγους
905 2968 1118 3038 σάρκας
1166 2963 1444 3026 νοοῦντας,
1486 2960 1746 3021 ὡσαύτως

167 3066 286 3126 τοῖς
318 3062 417 3133 μὲν
454 3059 824 3129 καλύπτομεν,
853 3059 969 3120 τοῖς
999 3057 1058 3121 δὲ
1077 3053 1563 3122 ἁποκαλύπτομεν.
1592 3049 1744 3119 Κρύ-

170 3169 369 3207 πτεται
401 3151 508 3220 γὰρ
547 3149 870 3218 φαινόμενος
893 3147 922 3198 δ
944 3143 1272 3207 τοῦιπαντδς
1300 3141 1626 3212 δημιουργὸς
1651 3137 1746 3240 καλ.
1772 3183 1814 3240 C

169 3244 470 3315 νομοθέτης
493 3242 670 3310 λόγος,
700 3240 843 3294 κατὰ
875 3237 1036 3308 φύσιν
1077 3236 1335 3306 ὑπάρχων
1365 3235 1620 3304 ἀόρατος,
1651 3232 1746 3284 κα⁴ι

171 3337 492 3405 ἐκφαίνεται
519 3333 920 3403 κρυπτόμενος,
959 3331 1036 3400 μὴ
1063 3327 1257 3391 λεπτὸς
1283 3321 1428 3380 εἶναι
1455 3327 1616 3394 φύσει
1634 3327 1748 3386 τοῖς

171 3431 362 3499 σοφοῖς
393 3427 799 3495 πιστευόμενος.
846 3423 949 3493 Εῐη
977 3422 1035 3475 δὲ
1067 3423 1200 3500 ημῖν
1236 3419 1396 3472 τοῦτο
1426 3417 1495 3471 δι’
1527 3416 1744 3484 ἀποφάερ

170 3521 314 3591 seu);
339 3519 618 3589 ἐκφαίνειν
663 3514 1066 3586 κρυπτόμενον,
1099 3512 1196 3566 καὶ
1237 3511 1419 3564 πᾶσαν
1449 3509 1745 3578 σχημάτων

167 3630 228 3666 τε
259 3613 360 3666 καὶ
404 3609 743 3679 αἰνιγμάτων
769 3608 832 3660 τὸ
873 3604 1074 3675 ἀληθὲς
1113 3601 1486 3665 είκονίζουσαν
1512 3600 1745 3668 δύναμιν

168 3702 465 3775 παρελθεῖν
498 3700 698 3773 μᾶλλον
726 3698 823 3761 καὶ
847 3696 983 3769 πρὸς
1011 3694 1176 3751 αὐτὸν
1201 3694 1294 3751 τὸν
1325 3693 1482 3761 λόγον
1519 3689 1627 3746 ἀπὺ
1649 3688 1745 3747 τοῦ

168 3796 501 3866 γράμματος
525 3792 619 3846 καὶ
645 3789 755 3842 τῶν
783 3787 1130 3858 φαινομένων
1160 3785 1304 3838 κατὰ
1325 3783 1422 3853 τὴν
1458 3781 1551 3836 τοῦ
1586 3780 1748 3834 πνεύ-

175 3900 346 3954 ματος
373 3881 598 3952 δύναμιν
629 3879 881 3951 ἀρρήτως
897 3873 1344 3939 ἀναϐιὸἁξεσθαι,
1429 3872 1586 3925 τοῦτο
1619 3887 1746 3940 φαι-

170 3976 401 4044 νόμενον
418 3958 681 4043 κρύπτειν
700 3969 788 4023 διὰ
812 3967 914 4038 τῆς
938 3966 1141 4034 θέσεως
1161 3963 1429 4034 γίνεσθαι,
1445 3963 1533 4015 ἰνα
1553 3962 1629 4032 μὴ
1651 3961 1748 4014 καὶ

171 4068 335 4136 ἡμεῖς
375 4061 630 4131 φονευταὶ
673 4058 768 4112 τοῦ
794 4057 952 4126 λόγου
996 4054 1284 4124 γενόμενοι
1320 4051 1644 4123 Ἑλληνικῶς
1679 4052 1746 4119 τῇ

171 4137 353 4219 κτίσει
378 4153 765 4223 λατρεύσωμεν
785 4148 937 4221 παρὰ
953 4149 1046 4200 τὸν
1082 4145 1368 4213 κτίσαντα,
1406 4144 1575 4214 μηδὲν
1607 4141 1747 4196 ἀνώ-

170 4247 471 4321 τεροψτῶν
521 4245 812 4317 ὁρωμένων
839 4236 981 4295 εἶναι
1014 4237 1366 4304 πιστεύοντες
1395 4237 1489 4290 καὶ
1517 4235 1628 4288 τῶν
1659 4235 1741 4287 ai-

173 4338 391 4415 σ’ὶητῶν
414 4332 1059 4408 μεγαλοπρεπέστερον,ἢ
1082 4332 1243 4402 μέχρι
1269 4330 1432 4403 μόνου
1457 4326 1547 4392 τοῦ
1571 4327 1750 4406 γρᾴμ-

175 4448 348 4504 ματος
369 4429 747 4488 διασλέποντες
782 4424 845 4478 τδ
868 4424 1028 4495 σῶμα
1059 4422 1221 4491 μόνον
1258 4420 1568 4483 Ἰουδαϊκῶς
1615 4420 1747 4489 περὶ

1852 604 1998 643 mum
2029 601 2085 642 et
2126 591 2360 658 syllabas
2390 592 2575 655 habet,
2604 608 2725 660 quae
2748 593 2920 660 prima
2953 593 3115 647 nobis
3147 596 3417 652 elementa

1851 689 2000 738 sunt,
2039 682 2284 748 proxima
2327 693 2491 752 atque
2525 685 2896 751 particularia,
2927 694 2984 740 et
3017 687 3205 742 multis
3237 691 3416 756 quali—

1853 772 2052 824 tatibus
2098 787 2196 840 per
2240 777 2717 844 congregationem
2749 785 3124 845 coagmentata
3158 795 3416 848 corpora.

1851 863 2012 916 verba
2043 863 2264 926 deinde,
2304 864 2392 918 his
2435 869 2798 934 generaliora,
2834 883 2956 937 qua:
3001 873 3172 939 magis
3212 873 3419 927 distant

1848 964 1903 1006 et
1950 956 2237 1009 subtiliora
2282 967 2431 1017 sunt,
2485 959 2633 1013 unde
2682 961 2959 1028 sapienter
2998 961 3320 1018 describens
3362 975 3418 1020 et

1850 1047 2203 1102 iucﬂ'abiliter
2229 1049 2310 1103 eis
2343 1050 2604 1118 inscripta
2651 1053 2792 1112 ratio
2826 1053 2912 1108 vel
2957 1068 3139 1108 sermo
3187 1055 3417 1125 legendo

1848 1149 2283 1203 consummatur,
2314 1140 2459 1209 quod
2491 1142 2837 1196 solummodo
2857 1151 2963 1209 est,
2987 1159 3098 1198 non
3126 1159 3260 1200 vero
3283 1147 3416 1215 quid

1850 1229 2069 1283 tandem
2101 1230 2173 1282 sit
2197 1238 2474 1300 utcunque
2499 1232 2832 1300 significans,
2865 1243 2921 1287 et
2944 1251 3042 1302 per
3070 1236 3215 1303 piam
3242 1238 3418 1294 variae

1850 1334 1971 1372 rum
2005 1320 2302 1388 imaginum
2350 1322 2733 1376 collectionem
2771 1322 2826 1376 in
2859 1339 3023 1384 unam
3058 1324 3175 1386 veri
3205 1327 3418 1383 delibe-

1849 1410 2114 1462 rationem
2151 1409 2528 1477 iutroducens,
2563 1413 2958 1469 convenienter
2997 1431 3118 1472 sese
3153 1433 3251 1486 per
3287 1420 3419 1474 visi-

1849 1498 1981 1552 bilia
2027 1508 2282 1566 tanquam
2328 1515 2731 1568 procreatorem
2777 1505 3233 1572 conspiciendum
3279 1510 3416 1564 olle--

1848 1602 1977 1641 rens
2025 1590 2297 1644 :alteram
2342 1603 2533 1647 contra
2580 1609 2702 1661 qua).
2755 1594 3005 1650 doctrina
3062 1601 3301 1670 regitur,
3351 1603 3419 1666 iis

1846 1694 1969 1747 quae
2000 1695 2096 1748 per
2125 1681 2296 1751 ipsam
2344 1685 2645 1752 prudenter
2677 1685 3044 1755 declarantur,
3078 1693 3250 1748 veluti
3279 1696 3416 1748 alte—

1848 1787 1970 1831 rum
2018 1775 2281 1828 mundum
2327 1791 2390 1830 ex
2422 1777 2563 1834 coelo
2604 1783 2662 1837 et
2703 1787 2844 1833 terra
2878 1788 2934 1834 et
2965 1779 3046 1836 eis
3077 1799 3199 1851 quae
3238 1787 3416 1840 media

1847 1872 1996 1927 sunt,
2023 1880 2091 1918 ex
2120 1866 2337 1929 morali,
2371 1867 2616 1936 inquam,
2656 1878 2712 1922 et
2754 1873 2988 1927 naturali
3028 1883 3085 1928 et
3114 1877 3418 1948 theologica

1847 1954 2226 2024 philosophia,
2292 1959 2652 2026 compositum
2717 1961 3050 2018 ineffabilem
3113 1969 3420 2035 patefacere

1846 2054 1966 2120 ejus
1992 2053 2086 2121 qui
2117 2053 2412 2110 declaravit
2439 2057 2723 2124 virtutem,
2757 2068 2814 2118 et
2849 2059 3048 2116 docere
3090 2079 3190 2131 pro
3227 2077 3420 2130 mutuo

1848 2142 2012 2204 inter,
2044 2158 2101 2198 se
2136 2159 2278 2198 nexu
2305 2160 2407 2199 nec
2427 2146 2630 2202 distare
2659 2149 2920 2218 scriptam
2953 2153 3126 2222 legem
3155 2154 3226 2209 ab
3257 2166 3418 2211 natu-

1849 2237 1973 2297 rali,
2004 2236 2184 2304 quoad
2229 2237 2564 2304 facultatem,
2595 2255 2774 2308 neque
2821 2244 3127 2299 naturalem
3165 2262 3360 2307 rursus
3387 2266 3418 2306 a

1847 2326 2072 2393 scripta,
2103 2325 2282 2394 quoad
2313 2326 2580 2394 habitum,
2607 2329 2702 2383 sed
2731 2331 2920 2386 ambas
2944 2335 3192 2389 eamdem
3215 2347 3272 2391 et
3293 2354 3422 2406 pro:-

1847 2413 1979 2467 dere
2008 2420 2063 2468 et
2093 2415 2278 2470 velare
2315 2417 2606 2482 rationem,
2637 2433 2803 2472 unam
2832 2420 3054 2488 quidem
3084 2425 3336 2481 oratione
3361 2435 3419 2493 et

1847 2521 1914 2560 eo
1943 2506 2088 2574 quod
2118 2505 2327 2576 pateﬁt,
2357 2508 2588 2562 alteram
2633 2509 2915 2570 intellectu
2949 2522 3003 2568 et
3039 2529 3107 2568 eo
3148 2517 3296 2584 quod
3321 2533 3417 2576 ve:

1847 2599 2009 2652 latur.
2045 2595 2516 2663 Quemadmodum
2546 2600 2693 2654 enim
2727 2615 2896 2657 sacrae
2931 2603 3228 2675 Scriptura:
3269 2608 3418 2672 dicta

1846 2683 2068 2752 quidem
2108 2685 2435 2739 vestimenta
2467 2685 2734 2752 dicentes,
2779 2695 3080 2750 sententias
3119 2705 3305 2753 autem
3332 2716 3421 2754 ra-

1847 2775 2015 2836 tionis
2057 2791 2252 2834 carnes
2295 2778 2680 2850 inwlligentes,
2727 2783 2833 2846 illis
2873 2785 3096 2856 quidem
3149 2791 3418 2858 velamus.

1847 2866 1934 2926 his
1957 2869 2285 2936 revelamus,
2311 2870 2383 2924 ita
2406 2871 2570 2926 etiam
2598 2888 2793 2928 eorum
2821 2891 2944 2944 quae
2967 2877 3108 2941 facta
3133 2890 3266 2936 sunt
3289 2898 3422 2945 cou-

1847 2959 2059 3028 speetui
2103 2961 2346 3031 objectas
2390 2963 2602 3032 species
2640 2973 2696 3020 et
2741 2965 2948 3022 formas
2975 2971 3302 3028 vestimenta
3331 2973 3419 3031 ἀίτ

1846 3061 2054 3118 centes,
2078 3053 2320 3108 rationes
2338 3062 2527 3108 contra
2549 3056 2850 3112 secundum
2879 3075 3020 3129 quas
3041 3062 3262 3117 condita
3287 3074 3422 3131 sunt

1848 3157 2042 3196 carnes
2085 3142 2472 3213 intelligentes,
2507 3145 2737 3216 perinde
2767 3148 2877 3201 illis
2909 3151 3171 3220 velamus,
3217 3154 3305 3212 bis
3330 3172 3419 3212 re-

1848 3233 2116 3288 velamus.
2145 3232 2304 3289 Latet
2334 3235 2481 3288 enim
2518 3235 2650 3289 dum
2693 3247 2921 3306 apparet
2959 3241 3200 3301 universi
3231 3246 3420 3301 condi-

1851 3334 1936 3378 tor
1968 3335 2023 3378 et
2052 3324 2332 3393 legislator
2360 3326 2520 3392 ratio,
2553 3340 2618 3380 ex
2651 3337 2846 3392 natura
2891 3329 3201 3397 invisibilis,
3235 3345 3292 3389 et
3323 3352 3420 3405 ap:-

1850 3423 2002 3483 paret
2043 3415 2176 3469 dum
2217 3415 2370 3477 latet,
2403 3431 2566 3484 quem
2616 3416 2762 3470 haud
2810 3425 3028 3473 tenuem
3059 3436 3180 3477 esse
3223 3437 3415 3486 natura

1847 3507 2122 3576 sapientes
2156 3521 2256 3576 pro
2286 3514 2438 3560 certo
2470 3507 2727 3562 habeant.
2767 3506 2870 3562 Sed
2919 3509 3080 3565 liceat
3121 3513 3283 3572 nobis
3314 3515 3418 3579 hoc

1847 3613 1948 3667 per
1976 3598 2333 3667 negationem
2377 3599 2730 3653 manifestare
2773 3602 3045 3655 occultum
3076 3605 3419 3662 universam—

1847 3705 1955 3758 que
1988 3687 2282 3758 figurarum
2325 3698 2382 3741 et
2417 3688 2766 3758 aenigmatum
2812 3689 3126 3759 facultatem
3171 3698 3421 3761 veritatis

1849 3781 2199 3835 imitatricem
2245 3779 2598 3850 praetergredi
2634 3781 2837 3850 potius,
2867 3792 2926 3839 et
2949 3784 3015 3836 ad
3046 3786 3217 3853 ipsam
3249 3792 3417 3843 ratio-

1850 3887 1973 3926 nem
2009 3888 2038 3926 a
2070 3872 2250 3930 littera
2276 3879 2333 3924 et
2372 3872 2764 3939 apparentibus
2802 3888 2901 3941 per
2927 3875 3155 3942 spiritus
3183 3887 3422 3945 potestas

1850 3973 1958 4016 tem
1991 3960 2344 4026 inelfabiliter
2365 3975 2583 4018 sursum
2617 3960 2798 4023 evehi,
2829 3976 2994 4031 quam
3022 3963 3125 4023 hoc
3155 3967 3300 4034 quod
3325 3984 3422 4048 ap,-

1851 4064 2006 4123 paret
2032 4068 2129 4121 per
2155 4051 2484 4120 positionem
2509 4051 2628 4116 fieri
2656 4053 2954 4115 occultare,
2971 4070 3052 4108 ne
3078 4070 3180 4124 nos
3199 4073 3421 4127 quoque

1852 4145 2078 4198 rationis
2109 4142 2490 4197 interfectores
2517 4142 2643 4196 facti
2686 4143 2966 4212 gentiliter
2993 4155 3301 4202 creaturam
3330 4167 3422 4207 εον

1851 4239 2026 4291 lamus
2060 4250 2172 4305 pra:
2201 4233 2483 4298 Creatore,
2526 4234 2665 4287 nihil
2698 4235 2780 4289 eis
2809 4250 2931 4304 quae
2959 4237 3136 4298 oculis
3164 4240 3421 4302 videntur

1849 4345 2038 4399 quaeve
2084 4326 2338 4389 sensibus
2388 4326 2772 4396 percipiuntur
2815 4325 3255 4395 magniﬁcentius
3299 4345 3422 4386 esse

1851 4421 2120 4491 persuasi,
2147 4428 2243 4473 aut
2269 4419 2409 4472 ultra
2451 4417 2690 4473 litteram
2721 4431 2828 4471 non
2858 4418 3260 4497 prospicientes
3301 4438 3423 4480 cor,

174 4520 377 4579 πολλοῦ
411 4516 784 4588 ποιησώμεθα,
809 4515 909 4597 την
936 4514 1145 4568 κοιλίαν
1175 4513 1616 4582 θεοποιήσαντες,
1653 4510 1748 4564 καὶ

1854 4526 1955 4580 pus
1980 4511 2156 4564 solum
2181 4508 2248 4564 ad
2274 4509 2586 4563 Judzeorum
2623 4508 2845 4562 modum
2879 4509 3103 4576 plurimi
3135 4512 3419 4584 faciamus,

171 4615 276 4694 τὴν
309 4610 574 4682 αίσχύνην
601 4606 943 4684 ὴγησᾴμενοι
971 4604 1151 4673 δόξαν,
1183 4604 1274 4658 τὸν
1304 4604 1468 4657 αὑτὸν
1496 4605 1609 4670 τοῖς
1639 4601 1752 4694 θεοέ

174 4693 391 4766 κτόνοις
419 4702 621 4780 κλῆρον
656 4697 1114 4768 ἀπενεγκώμεθα,
1147 4698 1224 4762 ὡς
1245 4697 1336 4750 τὸν
1363 4695 1488 4762 καθ’
1509 4697 1656 4766 ἡμᾶς
1683 4693 1750 4756 δι’

172 4797 328 4866 ἡμᾶς
362 4794 498 4867 πρὸς
534 4792 676 4862 ἡμᾶς
711 4789 1002 4871 γενόμενον
1035 4789 1124 4843 διὰ
1152 4790 1405 4860 σώματος
1433 4787 1530 4842 καὶ
1556 4786 1752 4840 συλλα-

171 4889 301 4950 6αἰς
357 4886 450 4938 καὶ
498 4885 791 4954 γράμμασι
857 4880 1172 4951 παχυθέντα
1222 4881 1310 4934 διὰ
1340 4881 1438 4951 τὴν
1469 4879 1746 4959 αἴσθησιν,

170 4977 364 5052 (147
411 4976 466 5046 a)
519 4975 645 5044 ὅλην
683 4973 779 5027 τοῦ
841 4974 899 5027 έν
947 4975 1080 5044 ἡμῖν
1120 4973 1307 5045 νοεροῦ
1361 4973 1462 5044 τὴν
1516 4972 1748 5042 δύναμιν

172 5071 316 5139 πρὸς
338 5065 535 5135 ἑαυτὴν
568 5057 946 5127 ἐπικλίνασαν,
981 5063 1042 5122 ού
1073 5062 1528 5130 διαγινώσκοντες
1566 5062 1744 5130 λόγον.

168 5160 320 5231 Φησὶ
337 5158 445 5228 γὰρ
471 5158 499 5210 ὁ
521 5157 664 5219 θεῖος
689 5154 1012 5224 ἀπόστολος,
1037 5153 1108 5208 Τὸ
1132 5152 1368 5223 τρᾴμμα
1385 5154 1750 5220 ἀποκτείνει,

171 5237 248 5308 τό
285 5250 355 5315 δὲ
382 5247 618 5316 πνεῦμα
651 5244 934 5306 ζωοποιεῖ.
977 5246 1089 5298 Καὶ
1123 5245 1231 5316 γὰρ
1269 5245 1390 5298 καθ’
1422 5246 1554 5310 αὐτὸ
1586 5245 1752 5317 μόνον

171 5342 238 5395 τὸ
283 5338 523 5408 γράμμα
569 5334 936 5405 στεργόμενον
975 5333 1068 5396 τὸν
1101 5334 1160 5398 ὲν
1217 5333 1368 5404 αύτῷ
1407 5334 1752 5387 ἀποκτείνειν

172 5432 336 5499 λόγον
363 5432 470 5492 τοῖς
511 5411 830 5502 στέργουσιν
877 5425 1091 5491 εἴωθεν,
1124 5425 1314 5498 ῶσπερ
1344 5427 1437 5494 καὶ
1464 5426 1526 5479 τὸ
1551 5425 1750 5490 κάλλος

173 5521 288 5576 τῶν
340 5521 656 5590 κτισμάτων
707 5517 782 5587 μὴ
842 5517 979 5586 πρὸς
1040 5517 1197 5584 δόξαν
1234 5518 1325 5570 τοῦ
1383 5517 1746 5589 πεποιηκότος

249 5663 279 5704 1
306 5652 540 5724 Philipp.
566 5669 646 5718 ιιι,
671 5654 756 5708 l9.
838 5664 861 5690 ²
885 5655 931 5709 ll
957 5653 1083 5710 Cor.
1111 5672 1188 5720 Ill,
1216 5657 1270 5711 6.

1848 4611 1905 4657 et
1945 4612 2192 4656 ventrem
2243 4615 2344 4670 pro
2375 4599 2488 4653 Deo
2528 4598 2794 4658 habentes
2841 4607 2871 4646 γ
2914 4602 3422 4678 turpitudinemque

1851 4712 1952 4765 pro
1979 4695 2139 4750 laude
2183 4693 2449 4751 ducentes
2478 4706 2667 4760 parem
2697 4706 2821 4744 cum
2847 4692 2944 4747 Dei
2977 4683 3423 4751 interfectoribus

1853 4788 2160 4844 mercedem
2193 4785 2452 4846 feramus.
2481 4792 2672 4852 utp0te
2694 4799 2815 4838 eam
2839 4800 2961 4852 qua:
2987 4787 3289 4842 secundum
3322 4805 3424 4844 nos

1851 4891 2075 4954 propter
2100 4895 2198 4933 nos
2216 4878 2358 4947 apud
2381 4892 2481 4930 nos
2503 4891 2704 4944 corpus
2734 4878 3052 4946 assumpsit,
3073 4887 3238 4946 atque
3266 4881 3426 4950 Sylla.

1856 4976 1941 5028 bis
1979 4980 2035 5026 ct
2081 4970 2279 5024 litteris
2311 4979 2536 5038 propter
2567 4983 2789 5024 sensum
2825 4969 3130 5032 concrevit,
3169 4973 3265 5039 qui
3297 4986 3425 5026 ωηο

1856 5078 1950 5118 sus
1973 5074 2190 5114 omnem
2222 5059 2278 5111 in
2301 5057 2464 5112 nobis
2489 5057 2803 5110 intellectus
2824 5057 2932 5111 vim
2959 5057 3012 5110 in
3045 5072 3105 5122 se
3131 5061 3424 5123 convertit.

1858 5153 2178 5208 Sermonem
2216 5150 2487 5203 rationem
2510 5163 2617 5201 non
2640 5147 3057 5216 perspicientes.
3075 5149 3327 5207 Aitenitn
3345 5151 3424 5206 di-

1856 5245 2020 5298 vinus
2047 5240 2341 5310 Apostolus
2374 5239 2612 5294 :Uuera
2651 5239 2921 5307 interﬁcit,
2961 5241 3053 5293 sed
3090 5243 3310 5312 spiritus
3346 5246 3425 5296 υί-

1858 5334 2035 5402 viﬁcat
2070 5342 2114 5386 ι.
2161 5332 2378 5389 Etenim
2426 5331 2612 5385 littera
2660 5345 2882 5400 quoque
2905 5346 3005 5401 per
3050 5332 3425 5399 sesolamdi-

1857 5425 1996 5479 lecta
2027 5422 2297 5478 rationem
2347 5423 2452 5479 sibi
2486 5423 2888 5479 inhabitantem
2937 5423 3303 5494 diligentibus
3342 5425 3424 5477 in-

1860 5515 2106 5568 terlicere
2129 5500 2438 5578 consuevit,
2468 5514 2632 5568 sicuti
2654 5514 2823 5570 etiam
2867 5529 3061 5569 eorum
3093 5529 3216 5583 quae
3239 5523 3422 5568 creata

1488 5722 1715 5779 νΑΙιιΑῖ
1759 5721 2046 5780 LECTION
2058 5721 2159 5778 ES.

248 5797 302 5830 '"
329 5795 541 5857 πολλοῖς
570 5795 694 5850 cod.
717 5798 859 5867 Gud,
898 5812 970 5850 ιιι.
1003 5811 1087 5865 pr.

577 5891 844 5958 ΡΑτιιοι.
889 5894 1004 5954 Gs.
1045 5889 1194 5954 XCI.

2985 5885 3061 5942 36
