4200 6440
805 402 934 464 1127

2069 385 2351 444 ΜΛΧΙΜΙ
2392 384 2534 443 (ῙΟΝ
2546 384 2901 443 FESSORIS

3901 387 4053 451 1128

798 526 963 580 quam
1011 508 1284 564 carnalem
1321 505 1489 559 vitam
1533 502 1682 557 exuti
1725 512 1901 559 erant,
1950 515 2046 567 per
2091 497 2367 551 actionum

2476 497 2674 568 σαρκὸς
2693 498 2773 559 είς
2810 499 2869 549 τὸ
2898 496 3115 566 πνεῦμα
3148 497 3479 568 μετέσησαν,
3509 499 3639 569 πρὶν
3669 499 3766 569 τὴν
3785 500 3877 553 διὰ
3906 518 4052 569 σαρ·

798 600 1134 655 sensualium
1181 595 1543 650 mulationem
1592 607 1699 661 qua
1745 605 1840 643 eos
1886 588 2116 657 spiritus
2161 587 2365 651 alfecit,

799 691 1037 759 demptis
1083 684 1471 741 intellectualis
1494 684 1573 735 oin
1622 682 1704 735 eis
1749 680 2024 733 facultatis
2054 678 2367 747 passionum

799 778 1183 841 velaminibus,
1219 791 1287 829 ex
1334 790 1443 844 quo
1497 772 1752 827 sensibus
1801 779 1907 824 tam
1958 769 2154 823 anima:
2206 782 2367 835 quant

799 871 1046 939 corporis
1092 868 1307 938 purgati
1353 864 1667 934 spirituales
1707 863 1944 915 rationes
1988 859 2369 928 mysteriorum

799 964 880 1015 eis
904 971 1334 1015 monstratorum
1362 958 1648 1011 docentur.
1678 956 1855 1023 Atque
1885 953 2189 1006 radiantem
2215 951 2367 1004 illum

800 1052 955 1105 faciei
988 1052 1394 1104 omnibeantem
1441 1048 1807 1117 splendorem,
1844 1053 1905 1097 ut
1934 1058 2151 1097 omnem
2184 1042 2371 1095 oculo-

788 1159 922 1194 rum
950 1143 1119 1195 aciem
1154 1151 1525 1209 superantem.
1554 1137 1774 1191 deitatis
1818 1137 1937 1205 ejus
1965 1149 2087 1204 quae
2131 1141 2367 1186 mentem

800 1241 858 1285 et
903 1247 1122 1286 sensum
1176 1242 1232 1284 et
1277 1232 1571 1284 essentiam
1633 1238 1689 1280 ct
1742 1226 2107 1295 cognitionem
2154 1224 2370 1277 excedit

802 1324 1106 1393 symbolum
1145 1336 1265 1375 esse
1308 1322 1532 1391 mystice
1566 1318 2013 1379 instituebantur,
2056 1315 2184 1369 inde
2222 1313 2369 1383 quod

803 1430 905 1467 nec
933 1414 1170 1481 speciem
1196 1414 1315 1482 ejus
1343 1428 1445 1466 nec
1468 1412 1697 1464 formam
1729 1425 1829 1463 nec
1859 1409 2178 1462 Sermonem
2207 1421 2371 1461 carne

804 1504 1061 1557 vestitum
1112 1519 1443 1572 cognoscere
1491 1510 1711 1570 possent
1754 1514 1821 1554 eo
1869 1498 2090 1553 deducti
2140 1506 2202 1551 ut
2244 1514 2369 1552 eum

805 1594 1186 1661 tempestivum
1223 1608 1331 1661 pra:
1358 1592 1482 1644 filiis
1514 1590 1797 1643 hominum
1825 1600 1874 1653 υ,
1904 1598 1960 1643 et
2004 1589 2056 1641 in
2100 1586 2374 1658 principio

802 1701 942 1746 esse,
969 1694 1023 1737 et
1048 1686 1189 1753 apud
1234 1686 1401 1737 [leum
1430 1698 1549 1737 esse
1576 1692 1632 1737 et
1657 1684 1825 1735 Deum
1856 1696 1976 1735 esse
2012 1690 2058 1745 ν,
2103 1681 2374 1751 intellige-

804 1785 942 1837 rent,
979 1785 1035 1829 et
1066 1776 1130 1829 ad
1165 1777 1280 1830 Filii
1311 1776 1536 1844 gloriam
1577 1775 1644 1828 de
1685 1775 1846 1828 Patre
1873 1774 2086 1842 plenam
2117 1774 2288 1843 gratia
2316 1783 2375 1827 et

805 1866 1032 1918 veritate
1060 1874 1105 1927 ³,
1137 1874 1323 1933 utpote
1352 1864 1653 1933 Unigeniti,
1687 1879 1785 1933 per
1821 1863 2181 1933 theologicam
2211 1879 2375 1933 nega-

804 1958 1032 2018 tionem,
1057 1974 1179 2025 quae
1199 1974 1323 2009 cum
1350 1957 1609 2010 omnibus
1625 1956 1852 2009 omnino
1879 1954 2373 2024 imperceptibilem

800 2048 1082 2116 pnedicat,
1126 2050 1373 2116 gnosticc
1420 2048 1568 2100 aucti
1618 2065 1630 2099 :
1669 2047 1931 2101 candidas
1974 2052 2156 2101 autent
2194 2055 2375 2102 vestes

802 2153 973 2191 sacrae
1002 2138 1306 2206 Scripturae
1329 2137 1603 2190 dictorum
1631 2136 1774 2191 ferre
1804 2136 2136 2206 symbolum,
2168 2144 2230 2189 ut
2256 2151 2377 2205 qua:

804 2238 917 2281 tum
949 2229 1033 2281 eis
1068 2238 1197 2283 sunt
1226 2231 1386 2283 clara:
1414 2238 1468 2282 et
1499 2228 1802 2297 perspicua:
1829 2238 1887 2282 et
1914 2228 2171 2283 dilucidze
2197 2228 2375 2293 factm,

801 2328 857 2372 et
883 2321 1031 2374 omni
1073 2322 1359 2389 :cnigmatc
1407 2320 1715 2374 dilliciliore
1763 2329 1819 2374 ct
1851 2319 2151 2390 symbolica
2183 2319 2377 2374 umbra

802 2419 979 2465 exutae
1012 2420 1067 2465 et
1114 2412 1428 2473 intellectze,
1469 2410 1739 2465 rationem
1774 2411 2089 2479 aperientes
2129 2426 2251 2481 quae
2282 2425 2378 2465 vc-

807 2500 914 2553 lata
954 2501 1086 2569 ipsis
1118 2502 1343 2562 inesset,
1380 2516 1503 2553 cum
1540 2500 1838 2569 proclivem
1869 2508 1925 2553 et
1962 2501 2235 2555 sinceram
2279 2498 2379 2554 Dei

804 2592 1175 2659 cognitionem
1199 2600 1545 2653 exercerent,
1567 2601 1623 2645 et
1646 2606 1677 2644 a
1702 2591 1886 2645 studio
1909 2593 2092 2645 saeculi
2126 2599 2182 2645 et
2199 2592 2380 2646 carnis

807 2683 1019 2735 liberati
1048 2693 1232 2737 essent
1266 2700 1279 2736 :
1310 2684 1393 2735 vel
1434 2682 1602 2737 etiam
1646 2683 1820 2752 ipsius
1869 2682 2207 2737 conditionis
2235 2683 2380 2737 ferre

804 2772 1135 2840 symbolum,
1182 2781 1307 2841 post
1354 2770 1692 2826 dcstructam
1730 2771 2034 2835 sordidam,
2066 2787 2187 2841 quae
2233 2773 2380 2826 inte-

809 2861 909 2912 rim
950 2859 1327 2928 repraesentari
1384 2861 1437 2912 in
1491 2860 1603 2928 ipsa
1658 2859 1987 2923 videbatur,
2025 2860 2380 2928 deceptorum

806 2950 1021 3019 solique
1073 2952 1259 3004 sensui
1312 2952 1748 3019 mancipatorum
1789 2951 2125 3019 opinionem,
2162 2966 2259 3019 per
2291 2966 2379 3005 sa-

806 3044 1044 3111 pientem
1075 3042 1418 3095 diversarum
1455 3042 1765 3109 specierum
1813 3056 1936 3110 qua:
1984 3040 2215 3111 implent
2260 3059 2379 3097 eam

2474 588 2567 650 κὸς
2597 588 2894 641 ἀποθέσθαι
2924 588 3090 658 ζωὴν,
3114 592 3179 659 τῇ
3204 589 3473 659 ὲναλλαγῇ
3508 589 3614 642 τῶν
3645 591 3767 642 κατ’
3789 590 4054 659 αἴσθησιν

2470 679 2762 748 ἐνεργειῶν
2788 680 2854 749 ἢν
2898 680 3092 742 αὐτοὺς
3127 680 3187 731 τὸ
3214 680 3432 748 πνεῦμα
3465 681 3760 750 ἐνήργησε,
3788 681 4055 751 περιελδν

2469 771 2568 837 τῆς
2594 770 2651 820 ὲν
2678 771 2861 832 αὐτοῖς
2876 771 3067 839 νοερᾶς
3093 770 3373 839 δυνάμεως
3392 770 3503 822 τῶν
3532 771 3720 823 παθῶν
3740 773 3807 824 τά
3832 772 4025 839 καλύμ

2470 875 2639 927 ματα,
2674 858 2741 909 δι’
2772 853 2833 912 οὗ
2862 859 3229 929 καθαρθέντες
3275 860 3342 912 τά
3379 860 3482 929 τῆς
3525 860 3708 929 ψυχῆς
3737 864 3830 914 καὶ
3858 862 4048 932 σώμαι

2469 965 2559 1011 τος
2592 948 2925 1019 αἰσθητήρια
2969 950 3078 1002 τῶν
3112 950 3590 1020 παραδειχθέντων
3618 953 3805 1014 αὐτοῖς
3832 971 4051 1022 μυστη-

2474 1040 2606 1110 ρίων
2639 1041 2767 1102 τοὺς
2793 1040 3199 1111 πνευματικοὺς
3234 1040 3655 1095 ὲκπαιδεύονται
3684 1041 3901 1109 λόγους.
3932 1043 4052 1114 Τὴν

2473 1130 2572 1199 μὲν
2603 1130 2978 1199 ἀκτινοφανῶς
3010 1129 3401 1199 έκλάμπουσαν
3439 1129 3534 1183 τοῦ
3565 1132 3861 1201 προσώπου
3903 1149 4052 1186 πανο

2468 1219 2646 1272 όλϐιον
2675 1219 2891 1287 αἴγλην,
2923 1222 2998 1283 ὼς
3049 1222 3230 1275 πᾶσαν
3260 1221 3559 1291 ὀφθαλμῶν
3599 1222 3844 1276 νικῶσαν
3884 1225 4053 1295 ἐνέρ-

2471 1326 2648 1377 γειαν,
2682 1312 2781 1379 τῆς
2812 1310 2951 1381 ὑπὲρ
2977 1310 3100 1363 νοῦν
3145 1312 3238 1365 καὶ
3285 1311 3540 1384 αίσθησιν
3584 1313 3679 1365 καλ⁵
3713 1313 3905 1366 οὐσίαν
3954 1317 4052 1368 καὶ

2472 1403 2671 1469 γνῶσιν
2696 1402 2948 1472 θεότητος
2972 1402 3137 1455 αὑτοῦ
3169 1403 3435 1473 σύμϐολον
3458 1398 3596 1457 εἶναι
3628 1405 3907 1473 μυστικῶς
3934 1406 4049 1459 ἐδι-

2471 1494 2749 1555 δάσκοντο,
2776 1492 2885 1544 ἀπὸ
2907 1491 3000 1544 τοῦ
3038 1492 3112 1562 μὴ
3141 1490 3284 1561 ἔχειν
3309 1491 3473 1544 αὐτοῦ
3500 1493 3543 1522 ⁷¹
3578 1487 3717 1554 εἶδος
3741 1494 3877 1562 μήτε
3909 1492 4052 1544 κάλ-

2472 1584 2563 1646 λος
2598 1583 2693 1636 καὶ
2718 1582 2812 1635 τοῦ
2848 1583 3029 1650 σάρκα
3056 1582 3148 1634 τὸν
3180 1581 3339 1650 λόγον
3360 1583 3726 1651 γεγενημένον
3751 1582 4051 1649 γινώσκειν

2472 1676 2566 1728 ἐπὶ
2598 1675 2690 1727 τὸν
2718 1675 2921 1743 ὡραῖον
2961 1673 3146 1726 κάλλει
3171 1674 3324 1745 παρὰ
3350 1674 3479 1736 τοὺς
3509 1674 3657 1736 υἱοὺς
3687 1673 3795 1725 τῶν
3830 1673 4051 1742 direpti:-

2475 1785 2593 1822 πων
2629 1768 2723 1820 καὶ
2751 1768 2851 1836 τὴν
2883 1768 2940 1818 ὲν
2980 1767 3120 1837 ἀρχῇ
3155 1766 3319 1818 αὑτὸν
3346 1761 3484 1818 εἶναι
3516 1767 3611 1818 καὶ⁸
3640 1765 3775 1836 πρὸς
3795 1766 3887 1817 τὸν
3911 1764 4053 1816 Θεὸν

2476 1855 2614 1911 εἶναι
2646 1857 2741 1911 καὶ
2776 1857 2908 1910 Θεὸν
2943 1853 3105 1918 εἶναι,
3146 1855 3356 1910 ἔννοιαν
3397 1856 3921 1927 χειραγωγούμενοι,
3957 1860 4053 1908 καὶ

2477 1952 2613 2021 πρὸς
2648 1954 2747 2021 τὴν
2776 1950 2851 2013 ὡς
2883 1948 3220 2018 Μονογενοῦς
3246 1950 3403 2020 Παρὰ
3431 1950 3637 2020 πατρὸς
3671 1950 3854 2020 πλήρη
3885 1951 4056 2018 χάρι-

2475 2059 2563 2104 τος
2609 2042 2703 2093 καὶ
2736 2039 2992 2109 ἀληθείας
3044 2040 3202 2106 δόξαν
3251 2040 3339 2093 διὰ
3380 2041 3479 2109 τῆς
3538 2040 3819 2103 παντελῶς
3877 2043 4056 2093 πᾶσιν

2477 2131 2759 2201 ἀχώρητον
2793 2130 2952 2182 αὑτὸν
2984 2128 3331 2198 ἀνυμνούσης
3364 2129 3686 2197 θεολογικῆς
3719 2129 4053 2196 ἀποφάσεως

2476 2222 2796 2290 γνωστικῶς
2849 2222 3211 2292 ἀναγόμενον
3251 2222 3317 2274 τὰ
3364 2221 3419 2273 δὲ
3452 2221 3817 2274 λευκανθέντα
3856 2222 4056 2292 ἱμάτια

2477 2314 2586 2365 τῶν
2639 2314 2899 2383 ῥημάτων
2933 2316 3031 2383 τῆς
3079 2313 3241 2381 ἁγίας
3290 2314 3510 2385 Γραφῆς
3545 2314 3735 2384 φέρειν
3775 2313 3965 2384 (145
4005 2315 4058 2381 b)

2482 2404 2773 2472 σύμϐολον,
2817 2405 2892 2466 ὡς
2928 2405 3230 2475 τηνικαῦτα
3263 2404 3531 2475 λαμπρῶν
3576 2407 3666 2457 καὶ
3698 2406 3915 2475 τρανῶν
3963 2408 4061 2458 καὶ

2482 2496 2667 2564 σαφῶν
2698 2496 2885 2559 αὐτοῖς
2912 2496 3242 2566 γενομένων,
3273 2499 3366 2550 καὶ
3391 2499 3591 2561 eam;
3618 2497 3931 2567 γριφώδους
3965 2499 4057 2551 ai-

2480 2589 2741 2659 νίγματος
2768 2590 2861 2641 καὶ
2898 2588 3231 2657 συμϐολικοῦ
3256 2589 3594 2659 σκιάσματος
3622 2591 3789 2660 χωρὶς
3818 2590 4054 2660 νοουμέ-

2430 2707 2435 2712 -
2479 2696 2606 2743 νων,
2652 2678 2870 2732 καὶτὸν
2907 2680 2964 2732 ἐν
2994 2680 3182 2742 αὐτοῖς
3222 2680 3353 2734 δντα
3400 2698 3461 2734 τε
3506 2682 3601 2733 καὶ
3633 2680 4059 2750 καλυπτόμενον

2482 2770 2943 2841 παραδηλούντων
2972 2770 3153 2841 λόγον,
3178 2772 3415 2840 ὁπηνίκα
3442 2772 3541 2841 τήν
3560 2789 3619 2824 τε
3648 2771 3797 2826 λείαν
3831 2772 3932 2823 καὶ
3963 2772 4059 2843 dp-

2482 2860 2579 2932 θὴν
2623 2862 2751 2935 περὶ
2804 2862 2941 2915 Θεοῦ
2979 2861 3181 2930 γνῶσιν
3237 2860 3478 2927 ἔλαυνον,
3516 2862 3610 2913 καὶ
3651 2861 3746 2931 τῆς
3786 2862 3929 2931 πρὸς
3964 2862 4060 2913 τὸν

2483 2953 2684 3023 κόσμον
2713 2954 2809 3005 καὶ
2834 2951 2932 3022 τὴν
2962 2952 3142 3022 σάρκα
3168 2951 3540 3021 προσπαθείας
3568 2949 4056 3020 ἠλευθερώθησαν·

2481 3045 2515 3115 ἢ
2552 3045 2651 3114 τῆς
2683 3043 2915 3107 κτίσεως
2944 3044 3115 3111 αὐτῆς
3133 3041 3275 3095 κατά
3300 3042 3642 3112 περιαίρεσιν
3662 3044 3757 3110 τῆς
3787 3042 4065 3111 δοκούσης

806 3133 1145 3194 varietatem,
1173 3132 1429 3186 similiter
1457 3146 1521 3185 ac
1550 3130 1744 3195 vestis,
1776 3130 2097 3201 dignitatem
2128 3134 2247 3201 ejus
2279 3134 2372 3203 qui

2485 3134 2622 3196 τέως
2657 3132 3018 3201 ἐμφαίνεσθαι
3054 3133 3192 3202 αὐτῇ
3225 3132 3334 3185 τῶν
3370 3132 3742 3201 ἠπατημένων
3783 3134 3879 3186 καὶ
3917 3135 4063 3202 μόνῃ

806 3223 1035 3276 rationis
1089 3222 1477 3291 procreatrieis
1526 3232 1705 3292 gestat
1748 3223 2011 3276 virtutem
2061 3222 2375 3279 indicantis.

805 3312 1112 3381 Utrumque
1159 3312 1309 3365 enim
1354 3312 1553 3365 rationi
1592 3320 1963 3365 consentanee
2012 3320 2097 3365 est
2144 3312 2376 3379 dictum,

803 3403 1076 3471 siquidem
1109 3402 1273 3456 etiam
1306 3402 1609 3470 utrobique
1651 3401 1785 3454 latet
1828 3400 2203 3464 obscuritate,
2249 3418 2379 3470 pro-

806 3503 925 3561 pter
970 3509 1091 3556 nos,
1137 3508 1204 3545 ne
1243 3493 1324 3546 eis
1370 3507 1490 3560 qum
1524 3490 1963 3559 inperceptibilia
1996 3499 2125 3543 sunt
2157 3490 2380 3560 indigne

806 3582 1111 3649 impingere
1160 3580 1481 3641 audeamus,
1519 3579 1572 3631 in
1621 3594 1792 3634 saeue
1822 3580 2046 3648 quidem
2086 3580 2382 3650 Scriptura:

804 3687 961 3732 voce,
1014 3679 1074 3724 ut
1124 3672 1302 3735 llatio,
1357 3672 1409 3724 in
1462 3680 1716 3725 creatura
1765 3687 1916 3735 vero,
1952 3680 2013 3725 ut
2066 3681 2282 3727 creator
2325 3681 2381 3728 et

803 3763 983 3817 factor
1029 3772 1083 3816 et
1124 3762 1345 3817 artifex.
1396 3762 1552 3819 Unde
1601 3778 1729 3816 eum
1783 3773 2018 3832 utroque
2069 3764 2380 3818 necessario

806 3852 1054 3921 indigere
1084 3852 1209 3905 dico
1234 3852 1327 3919 qui
1356 3852 1474 3905 sine
1506 3852 1784 3920 vituperio
1810 3854 1878 3907 ad
1906 3854 2077 3907 Deum
2112 3862 2261 3908 recta
2291 3854 2381 3908 via

805 3960 1031 4013 pergere
1053 3943 1311 4007 voluerit,
1337 3954 1393 3997 ct
1414 3942 1712 4013 Scriptura:
1733 3943 1789 3997 in
1818 3946 2019 4013 spiritu
2039 3944 2377 4017 cognitione,

802 4043 861 4089 et
893 4036 1129 4089 naturali
1163 4034 1465 4089 secundum
1501 4035 1760 4104 spiritum
1808 4052 1993 4091 rerum
2038 4040 2378 4108 contempla-

804 4127 955 4181 tione
982 4145 995 4179 :
1029 4126 1167 4181 adeo
1196 4137 1255 4180 ut
1284 4126 1405 4181 dua:
1436 4128 1585 4197 leges
1630 4128 1749 4197 pari
1779 4139 1985 4185 ornatre
2027 4131 2293 4201 dignitate
2322 4140 2379 4186 et

802 4219 1053 4272 eamdem
1136 4218 1445 4271 doctrinam
1528 4219 1845 4285 tradentes,
1928 4231 2036 4274 tam
2112 4224 2378 4279 naturalis

803 4325 967 4379 quant
1012 4311 1238 4378 scripta,
1274 4325 1338 4363 ac
1384 4321 1578 4364 neutra
1609 4311 1862 4379 superior
1893 4312 2066 4367 altera
2094 4320 2191 4367 aut
2234 4313 2375 4368 infe-

805 4404 939 4463 rior,
974 4402 1375 4465 demonstrare,
1407 4410 1465 4454 ut
1494 4417 1592 4470 par
1619 4412 1723 4467 est,
1758 4404 1971 4471 possint
1994 4402 2251 4472 perfecta:
2285 4420 2375 4459 sa-

2482 3225 2733 3294 αίσθήσει
2774 3224 3218 3294 προσδεδεμένων
3268 3226 3518 3294 ρυπαρᾶς
3568 3224 3918 3295 ὑπολήψεως,
3974 3227 4067 3277 διά

2480 3315 2580 3382 τῆς
2617 3313 2725 3365 τῶν
2756 3314 2925 3382 αὐτὴν
2957 3312 3426 3381 συμπληρούντων
3454 3312 3729 3382 διαφόρων
3767 3314 3933 3365 εἰδῶν
3969 3332 4059 3366 σο-

2482 3404 2589 3470 φῆς
2632 3400 2932 3463 ποικιλίας,
2967 3402 3249 3467 ἀναλόγως
3283 3401 3500 3469 ἱματίου
3532 3402 3734 3469 τρόπον
3761 3402 3863 3471 τὴν
3896 3402 4066 3467 ἀξίαν

2481 3488 2576 3541 τοῦ
2608 3488 2908 3557 φοροῦντος
2942 3490 3044 3557 τὴν
3076 3488 3171 3541 τοῦ
3214 3489 3605 3560 γενεσιουργοῦ
3634 3490 3791 3558 λόγου
3821 3491 4069 3562 δύναμιν

2486 3580 2819 3651 μηνυούσης.
2854 3581 3061 3649 Ἀμφω
3108 3581 3221 3652 γὰρ
3273 3580 3367 3632 ἐπὶ
3402 3582 3500 3635 τοῦ
3532 3581 3690 3650 λόγου
3725 3584 3965 3653 ἁρμόσει
3996 3587 4065 3638 τὰ

2481 3672 2770 3741 λεγόμενα,
2804 3672 2927 3724 ἐπεὶ
2956 3672 3053 3725 καὶ
3078 3673 3281 3741 ἀμφοῖν
3315 3673 3384 3727 δι’
3407 3674 3678 3741 ἀσαφείας
3712 3676 4066 3731 κεκάλυπται

2480 3760 2547 3813 δι’
2577 3762 2726 3830 ἡμᾶς
2747 3762 2993 3824 είκότως,
3026 3761 3166 3832 πρὸς
3197 3762 3259 3814 τὸ
3282 3762 3358 3833 μὴ
3384 3762 3589 3831 τολμᾶν
3609 3765 3720 3825 τοῖς
3750 3763 4067 3832 ἀχωρήτοις

2481 3851 2717 3915 ἀναξίως
2744 3852 3126 3922 προσῦἀλλειν,
3154 3852 3232 3923 τῷ
3262 3854 3360 3922 μὲν
3396 3853 3546 3925 ρητῷ
3572 3855 3673 3925 τῆς
3712 3856 3876 3924 ἁγίας
3916 3856 4066 3929 Γρα-

2482 3943 2610 4011 φῆς,
2645 3942 2721 4005 ὡς
2762 3942 2943 4010 λόγος,
2990 3946 3055 4013 τῇ
3092 3944 3151 3997 δὲ
3181 3945 3381 4011 κτίσει,
3414 3946 3491 4009 ὡς
3514 3946 3738 4018 κτίστης
3769 3952 3865 4002 καί
3893 3967 4063 4019 7:021;-

2478 4035 2579 4107 τὴς
2604 4034 2700 4089 καὶ
2736 4036 3008 4105 τεχνίτης.
3045 4035 3208 4091 Ὅθεν
3235 4038 3549 4107 ἀναγκαίως
3576 4040 3907 4111 ἀμφοτέρων
3938 4042 4065 4093 ἑπι-

2478 4126 2687 4179 δεῖσθαί
2724 4144 2868 4198 φημι
2896 4129 2989 4182 τὸν
3023 4129 3158 4199 πρὸς
3203 4129 3337 4183 Θεὸν
3385 4130 3693 4201 ἀμέμπτως
3735 4131 4066 4200 εὐθυπορεῖν

2481 4217 2835 4288 βουλόμενον,
2871 4220 2972 4287 τῆς
3001 4237 3063 4272 τε
3091 4221 3369 4290 γραφικῆς
3392 4223 3450 4274 ὲν
3482 4221 3755 4292 πνεύματι
3780 4221 4064 4291 γνώσειικ.

2480 4309 2576 4361 καὶ
2633 4308 2735 4377 τῆς
2775 4307 2882 4361 τῶν
2940 4308 3110 4362 ὄντων
3161 4310 3302 4363 κατὰ
3356 4309 3577 4379 πνεῦμα
3630 4310 3869 4380 φυσικῆς
3920 4311 4068 4364 θεω⁹

2482 4400 2627 4471 ρίας·
2664 4401 2805 4453 ὥστε
2860 4401 3140 4470 ίσοτίμους
3196 4402 3290 4455 καὶ
3329 4401 3397 4455 τὰ
3448 4401 3590 4455 αύτά
3640 4402 3894 4472 ἀλλήλοις
3944 4422 4070 4455 παι-

803 4492 1021 4561 pientiae
1057 4502 1357 4546 amatorem
1391 4493 1508 4547 fieri
1539 4508 1666 4548 cum
1695 4494 1790 4563 qui
1824 4495 2108 4561 sapientite
2132 4496 2375 4565 perfecte

2486 4493 2745 4556 δεύοντας
2782 4495 2909 4556 τοὺς
2942 4493 3036 4546 δύο
3067 4494 3299 4563 νόμους,
3335 4494 3425 4547 τόν
3473 4511 3533 4546 τε
3581 4494 3812 4562 φυσικὸν
3847 4497 3946 4548 καὶ
3972 4498 4066 4549 τὸν

804 4582 1169 4651 concupierit.

806 4949 1190 5018 Contemplatio
1217 4950 1479 5004 naturalis
1515 4959 1564 5004 et
1594 4953 1779 5020 scripti
1821 4953 1948 5025 legis
1984 4971 2267 5029 eorumque
2292 4974 2375 5013 se-

1045 5041 1274 5094 cundum
1300 5057 1489 5096 nexum
1510 5043 1648 5097 inter
1668 5060 1724 5098 se
1752 5048 2124 5116 congruentia.

878 5237 1129 5305 Intelligo
1154 5250 1319 5291 unam
1345 5237 1567 5305 quidem
1595 5237 1769 5306 legem
1798 5239 2141 5306 mquabiliter
2162 5254 2283 5295 sese
2309 5242 2377 5296 ad

820 5327 1077 5383 tationem
1104 5343 1266 5396 quam
1304 5327 1537 5382 maxime
1567 5335 1746 5397 potest
1775 5327 2101 5399 dirigentem
2129 5346 2229 5400 per
2258 5347 2376 5401 spe.

833 5420 1026 5477 t‘acula
1079 5418 1135 5472 in
1178 5434 1245 5472 eo
1288 5418 1464 5483 unita,
1512 5434 1635 5473 cum
1689 5430 2082 5489 congruentem
2136 5423 2377 5479 universi

810 5540 815 5545 θ
888 5561 913 5588 ιι
936 5550 1075 5603 Psal.
1100 5566 1237 5615 xuv,
1262 5550 1315 5603 5.
1392 5560 1415 5587 ν
1439 5551 1596 5605 Joan.
1622 5568 1659 5608 ι,
1690 5554 1735 5605 1.
1817 5566 1841 5592 ι
1868 5552 2002 5608 ibid.
2029 5555 2115 5608 Μ.

2483 4587 2752 4659 γραπτὸν,
2806 4587 2901 4639 καὶ
2955 4587 3253 4656 μηδέτερον
3296 4586 3529 4658 θατέρου
3569 4586 3762 4656 ἔχοντα
3805 4586 3975 4640 πλέον
4024 4588 4058 4657 ἦ

2480 4681 2726 4743 ἔλαττον,
2759 4678 3026 4733 δύνασθαι
3080 4679 3291 4744 δεῖξαι,
3347 4680 3424 4743 ὡς
3476 4678 3647 4742 είκδς,
3701 4678 3793 4731 τὸν
3840 4678 4057 4742 τελεξας

2481 4770 2721 4841 ἐραστὴν
2752 4768 3010 4838 γενέσθαι
3038 4768 3139 4839 τῆς
3186 4768 3380 4839 σοφίας
3410 4768 3619 4822 τέλειον
3656 4766 4061 4838 ἐπιθυμοῦντα.

2484 4947 2673 5020 (ιω
2711 4948 2765 5017 α)
2800 4945 3018 5013 Θεωρία
3059 4945 3167 5000 τοῦ
3209 4960 3273 4998 τε
3309 4942 3574 5013 φυσικοῦ
3620 4942 3718 4995 καί
3758 4941 3868 4994 τοῦ
3924 4957 4068 5011 ma-

2555 5041 2708 5095 πτοῦ
2748 5041 2957 5108 νόμου,
2996 5038 3095 5091 καί
3136 5034 3243 5103 τῆς
3290 5035 3489 5090 αὐτῶν
3528 5035 3655 5089 κατ’
3701 5034 4069 5103 ἐπαλλαγὴν

2554 5139 2639 5200 εις
2671 5132 2988 5197 ἀλλήλους
3024 5126 3391 5198 συνδρομῆς.

2556 5244 2686 5298 Νοῶ
2709 5245 2754 5276 τ’
2785 5244 2877 5295 τὸν
2926 5242 3027 5313 μὲν
3059 5240 3279 5311 ὁμαλῶς
3322 5240 3406 5292 ὃτι
3426 5272 3431 5277 -
3450 5240 3689 5308 μάλιστα
3717 5238 3862 5291 κατά
3905 5238 4066 5305 λόγον

2485 5335 2902 5405 διευθυνόμενον
2945 5334 3034 5388 διὰ
3064 5334 3173 5387 τῶν
3202 5334 3261 5387 ὲν
3290 5332 3443 5403 αὐτῷ
3474 5332 3741 5402 συμφυῶν
3767 5331 4065 5399 θεαμάτων

2493 5426 2678 5495 βίϐλου
2712 5426 2917 5497 τρόπον
2960 5426 3022 5480 τὸ
3069 5425 3392 5496 ιναρμόνιον
3440 5423 3535 5479 τοῦ
3584 5424 3787 5487 παντὸς
3833 5422 4066 5493 ὕφασμα

2097 5672 2335 5731 νΑΒΙᾸΞ
2376 5677 2777 5735 LECTIONES.

878 5754 925 5786 "
972 5754 1133 5807 αὑτὸν
1182 5756 1303 5811 cod.
1333 5758 1474 5811 Gud.
1552 5761 1593 5794 "
1622 5762 2007 5830 Apograplmm
2036 5763 2132 5833 τῷ.
