4200 6440
176 396 195 457 1
210 394 308 459 129

1403 387 1919 449 AMBIGUORUM
1961 391 2204 452 LIBER.

3276 390 3411 453 1130

172 512 382 580 ἔχοντα,
436 508 742 582 γράμματα
793 504 892 573 μὲν
945 501 1040 555 καὶ
1076 497 1345 561 συλλαϐὰς
1390 496 1643 567 ἐχούσης,
1671 495 1740 582 τα

1844 506 2114 551 texturam
2165 499 2365 552 habeat
2414 500 2481 554 ad
2535 499 2658 556 libri
2692 502 2884 563 instar,
2915 500 3009 570 qui
3053 501 3265 558 litteras
3297 508 3409 573 pri-

172 597 308 666 πρὸς
334 581 482 664 ἡμᾶς
541 592 756 663 πρῶτα,
805 589 1048 658 προσεχῆ
1106 602 1167 639 τε
1213 585 1305 638 καὶ
1351 583 1593 653 μερικὰ,
1646 581 1740 634 καὶ

169 687 394 748 πολλαῖς
419 684 774 754 παχυνόμενα
797 681 936 734 κατὰ
963 679 1180 732 σύνοδον
1208 677 1460 743 ποιότησι
1491 673 1736 743 σώματα,

166 780 394 848 ῥήματα
438 776 518 838 δὲ,
557 774 626 827 τὰ
681 772 887 826 τούτων
941 766 1389 836 καθολικώτερα,
1457 765 1646 836 πέρῤω
1681 779 1739 814 τε

165 862 299 924 ὅντα
327 873 422 923 καὶ
451 869 774 937 λεπτότερα,
802 865 860 931 ἐξ
903 859 977 917 ὧν
1011 861 1191 930 σοφῶς
1222 860 1250 911 ὁ
1280 858 1618 928 διαχαρὰξας
1645 855 1740 908 καὶ

167 963 428 1039 ἀρρήτως
455 960 638 1022 αὐτοῖς
675 953 1154 1026 ἐγκεχαραγμένος
1185 951 1340 1019 λόγος
1365 945 1738 1039 ἀναγινωσκό-

171 1067 336 1122 μενος
381 1049 765 1120 ἀπαρτίζεται,
820 1045 919 1118 τὴν
969 1046 1050 1101 ὅτι
1103 1043 1265 1112 μόνον
1302 1041 1476 1103 ἐστὶν,
1525 1039 1626 1107 οὐχ
1655 1038 1738 1089 ὅτι

169 1142 305 1194 ποτὲ
328 1141 385 1194 δέ
418 1141 564 1194 ἐστιν
590 1139 806 1191 οἰανοῦν
837 1134 1216 1206 παρεχόμενος
1247 1131 1479 1194 ἔννοιαν,
1519 1128 1613 1181 καὶ
1653 1127 1740 1180 διὰ

166 1235 267 1302 τῆς
307 1231 565 1295 εὐσεϐοῦς
610 1229 720 1284 τῶν
771 1226 1049 1297 διαφόρων
1105 1221 1420 1293 φαντασιῶν
1474 1218 1740 1285 συλλογῆς

165 1327 250 1388 εἰς
306 1323 436 1394 μίαν
479 1321 572 1384 τοῦ
615 1319 851 1389 ἀληθοῦς
888 1316 1142 1372 εἰκασίαν
1176 1313 1388 1381 ὲνάγων
1412 1349 1429 1374 ,
1459 1309 1737 1376 ἀναλόγως

165 1415 364 1468 ἑαυτὸν
394 1413 484 1468 διὰ
511 1412 622 1465 τῶν
653 1409 865 1481 ὁρατῶν
914 1408 991 1471 ῶς
1021 1403 1405 1475 γενεσιούργὸς
1447 1398 1736 1468 ἐνορᾶσθαι

163 1507 367 1570 διδούς·
404 1506 494 1558 τὸν
527 1504 584 1557 δὲ
617 1502 853 1572 μαθήσει
879 1497 1339 1569 κατορθούμενον,
1383 1493 1472 1547 διὰ
1503 1491 1611 1543 τῶν
1640 1492 1738 1545 ab:

161 1598 244 1667 τῷ
284 1595 466 1664 σοφῶς
500 1594 965 1666 ὑπηγορευμένων
1009 1588 1198 1657 ὥσπερ
1244 1586 1447 1655 κόσμον
1487 1581 1644 1636 ἄλλον
1681 1582 1740 1645 ἐξ

162 1689 402 1760 ούρανοῦ
441 1688 536 1741 καὶ
567 1689 669 1759 γῆς
697 1687 792 1740 καὶ
819 1684 930 1736 τῶν
956 1685 1012 1738 ἐν
1046 1680 1214 1759 μέσῳ,
1247 1681 1346 1749 τῆς
1367 1676 1563 1746 ἠθικῆς
1596 1693 1736 1745 φημι

163 1782 261 1845 καὶ
290 1778 530 1848 φυσικῆς
573 1777 669 1830 καὶ
714 1772 1033 1843 θεολογικῆς
1062 1770 1383 1841 φιλοσοφίας
1411 1769 1738 1836 συνιστάμε-

163 1889 278 1932 νον,
314 1870 418 1940 τὴν
454 1868 662 1950 ἄφατον
705 1865 1081 1937 καταμηνύειν
1121 1862 1216 1916 τοῦ
1261 1860 1736 1932 ύπαγορεύσαντος
1773 1846 1812 1897 Β

161 1961 421 2029 δύναμιν,
448 1958 542 2012 καὶ
568 1957 763 2012 ταύτὸν
796 1955 1047 2026 ἀλλήλοις
1078 1953 1198 2006 κατ’
1235 1950 1546 2021 ἐπαλλαγὴν
1578 1950 1736 2010 ὄντας

159 2051 482 2106 δεικνύοντα
510 2050 602 2115 τὸν
637 2050 736 2120 μὲν
774 2047 1020 2120 γραπτὸν
1069 2044 1146 2115 τῷ
1198 2044 1414 2120 φυσικῷ
1459 2043 1598 2095 κατὰ
1639 2041 1739 2111 τὴν

159 2145 422 2212 δύναμιν,
444 2143 540 2200 ττὺν
572 2141 628 2194 δὲ
671 2140 898 2211 φυσικὸν
948 2137 1183 2208 ἔμπαλιν
1224 2135 1302 2206 τῷ
1333 2133 1562 2206 γραπτῷ
1597 2133 1738 2190 κατὰ

157 2239 263 2308 τὴν
290 2237 426 2300 ἕξιν,
457 2235 552 2297 καὶ
579 2233 670 2287 τὸν
710 2232 871 2290 αὐτὸν
905 2230 1210 2302 μηνύοντας
1238 2229 1334 2282 καὶ
1367 2226 1738 2288 καλύπτοντας

160 2328 347 2399 λόγον,
373 2328 469 2381 τὸν
502 2328 600 2397 μὲν
637 2329 704 2397 τῇ
731 2323 874 2391 λέξει
907 2325 1002 2377 καὶ
1023 2323 1101 2394 τῷ
1132 2320 1466 2392 φαινομένῳ,
1495 2321 1558 2371 τὸ
1584 2319 1637 2371 δὲ
1669 2321 1735 2388 τῇ

159 2422 352 2493 νοήσει
377 2421 472 2483 καὶ
500 2417 578 2496 τῷ
605 2416 990 2496 κρυπτομένῳ.
1017 2414 1122 2475 ,Ὡς
1143 2413 1253 2490 γὰρ
1281 2411 1382 2480 τῆς
1409 2408 1568 2478 ἁγίας
1600 2409 1740 2478 Γρα-

163 2515 275 2585 φῆς
311 2512 384 2566 τὰ
437 2511 536 2583 μὲν
567 2495 793 2583 ῥήματα
845 2507 1046 2579 ἱμάτια
1076 2504 1262 2576 (146
1288 2503 1339 2572 ι»)
1370 2503 1640 2568 λέγοντες,
1671 2499 1740 2562 τὰ

159 2608 218 2662 δὲ
265 2608 517 2676 νοήματα
565 2603 777 2674 σάρκας
830 2598 926 2654 τοῦ
963 2599 1126 2665 λόγου
1175 2594 1443 2659 νοοῦντες,
1484 2595 1597 2656 τοῖς
1639 2592 1740 2662 μὲν

161 2698 540 2769 καλύπτομεν,
573 2697 686 2758 τοῖς
709 2694 766 2748 δὲ
793 2689 1285 2758 ἀποκαλύπτομεν,
1317 2686 1461 2740 οὕτω
1508 2686 1602 2740 καί
1630 2684 1739 2737 τῶν

162 2792 480 2862 γεγονότων
511 2786 582 2852 τὰ
618 2786 755 2862 πρὸς
801 2785 864 2838 τὸ
902 2782 1135 2862 ὁρᾶσθαι
1169 2777 1590 2851 προϐεϐλημένοι
1620 2777 1738 2844 εἴδη

161 2859 223 2934 τε
267 2881 366 2933 καὶ
395 2859 669 2949 σχήματα
698 2875 892 2947 ἰμάτια
935 2859 1208 2942 λέγοντες,
1243 2872 1367 2936 τούς
1407 2870 1464 2935 δὲ,
1492 2868 1614 2922 καθ’
1647 2867 1741 2929 οὒς

163 2974 415 3026 ἔκτισται
443 2969 617 3035 ταῦτα
665 2968 860 3036 λόγους
899 2967 1112 3037 σάρκας
1159 2963 1438 3026 νοοῦντας,
1480 2960 1740 3021 ὡσαύτως

162 3066 280 3126 τοῖς
312 3062 410 3133 μὲν
447 3059 818 3128 καλύοπτομεν,
847 3059 963 3120 τοῖς
993 3057 1052 3120 δὲ
1071 3053 1556 3122 ἁποκαλύπτομεν.
1586 3049 1738 3119 Κρύ-

1847 604 1992 643 nnim
2024 601 2079 642 ct
2120 592 2355 658 syllabas
2385 591 2570 655 habet,
2599 608 2720 660 quae
2743 593 2916 660 prima
2948 594 3109 648 nobis
3141 596 3413 652 elementa

1846 689 1994 740 sunt,
2033 683 2278 748 proxima
2321 693 2485 752 atque
2520 685 2890 752 particularia,
2921 695 2978 740 ct
3011 687 3199 742 multis
3232 691 3410 758 quali-

1847 772 2048 824 tatibus
2093 787 2190 840 per
2234 777 2712 844 congregationem
2743 786 3119 845 coagmentata
3152 795 3410 848 corpora.

1845 863 2006 916 verba
2037 863 2258 927 deinde,
2298 864 2387 918 his
2430 869 2792 934 generaliora,
2829 884 2951 937 qua;
2995 874 3166 939 magis
3207 874 3414 927 distant

1841 964 1897 1005 ct
1944 956 2232 1010 subtiliora
2277 966 2425 1014 sunt.
2483 959 2628 1013 unde
2677 961 2954 1028 sapienter
2992 961 3314 1018 describens
3357 975 3412 1023 et

1844 1047 2198 1102 incﬂ‘abiliter
2223 1049 2304 1103 eis
2337 1050 2599 1118 inscripta
2646 1053 2786 1112 ratio
2821 1054 2906 1108 vel
2951 1068 3134 1108 sermo
3181 1055 3411 1125 legendo

1843 1149 2277 1203 consummatur,
2308 1140 2454 1209 quod
2485 1142 2831 1197 solummodo
2851 1152 2957 1209 est,
2981 1159 3092 1198 non
3120 1159 3254 1200 vero
3278 1147 3411 1215 quid

1845 1230 2064 1289 tandem
2096 1230 2166 1282 sit
2191 1238 2469 1300 utcunque
2493 1232 2826 1300 significans,
2859 1243 2916 1287 et
2939 1251 3036 1302 per
3065 1236 3210 1304 piam
3237 1239 3414 1294 variae

1845 1333 1965 1372 rum
2000 1320 2297 1389 imaginum
2344 1322 2726 1376 collectionem
2765 1322 2820 1376 in
2854 1339 3018 1384 unam
3053 1324 3169 1381 veri
3199 1327 3412 1388 delibe-

1843 1410 2109 1462 rationem
2145 1410 2522 1477 introduccns,
2557 1413 2952 1470 convenienter
2991 1431 3112 1473 sese
3147 1433 3246 1486 per
3281 1421 3413 1474 visi-

1843 1498 1975 1551 bilia
2021 1509 2276 1566 tanquam
2323 1515 2726 1568 procreatorem
2772 1505 3228 1573 conspiciendum
3273 1510 3410 1564 olfe-

1843 1602 1970 1641 rens
2019 1590 2290 1644 :alteram
2336 1603 2526 1647 contra
2575 1609 2696 1662 quae
2750 1594 2999 1651 doctrina
3056 1601 3295 1670 regitur,
3346 1603 3412 1666 iis

1839 1694 1964 1747 qua
1995 1695 2090 1748 per
2120 1681 2290 1751 ipsam
2339 1685 2638 1752 prudenter
2671 1686 3039 1756 declarantur,
3072 1693 3244 1748 veluti
3274 1696 3411 1748 alte—

1843 1787 1964 1831 rum
2011 1775 2275 1828 mundum
2321 1791 2384 1830 ex
2416 1777 2557 1835 caelo
2598 1783 2655 1838 et
2698 1787 2838 1833 terra
2873 1789 2928 1834 et
2959 1780 3040 1836 eis
3071 1799 3194 1851 quae
3233 1787 3410 1841 media

1841 1872 1990 1927 sunt,
2017 1879 2085 1918 cx
2115 1866 2331 1929 morali,
2365 1867 2610 1936 inquam,
2650 1878 2706 1923 et
2748 1873 2982 1928 naturali
3021 1883 3079 1928 et
3109 1877 3412 1949 theologica

1841 1954 2220 2024 philosophia,
2286 1960 2647 2027 compositum
2711 1961 3044 2019 ineﬂ'abilem
3107 1969 3413 2036 patefacere

1840 2054 1960 2120 ejus
1986 2052 2080 2121 qui
2111 2052 2406 2110 declaravit
2433 2057 2717 2124 virtutem,
2751 2068 2808 2120 et
2842 2060 3042 2116 docere
3084 2079 3184 2132 pro
3221 2077 3414 2130 mutuo

1842 2141 2006 2204 inter,
2037 2158 2095 2197 se
2131 2159 2272 2198 nexu
2299 2160 2401 2199 nec
2422 2146 2624 2202 distare
2653 2150 2914 2219 scriptun
2947 2153 3120 2222 legem
3149 2155 3220 2210 ab
3250 2166 3412 2212 natu~

1843 2237 1966 2296 rali,
1998 2236 2178 2304 quoad
2223 2237 2558 2304 facultatem,
2589 2255 2768 2308 neque
2816 2245 3120 2299 naturalem
3159 2262 3353 2307 rursus
3381 2266 3411 2306 εδ

1841 2325 2066 2394 scripta,
2097 2325 2276 2394 quoad
2307 2326 2574 2394 habitum,
2601 2330 2696 2383 sed
2724 2331 2914 2386 ambas
2939 2335 3186 2389 eamdem
3208 2347 3266 2391 et
3286 2354 3415 2406 pro:-

1841 2413 1972 2467 dere
2002 2420 2058 2468 et
2087 2415 2272 2471 velare
2309 2417 2599 2482 rationem,
2631 2434 2797 2473 unam
2826 2421 3047 2488 quidem
3078 2425 3330 2484 oratione
3355 2436 3413 2493 et

1841 2521 1909 2560 eo
1937 2506 2082 2574 quod
2112 2506 2321 2576 patefit,
2351 2508 2581 2562 alteram
2627 2509 2909 2569 intellectu
2943 2523 2998 2568 et
3033 2529 3101 2569 eo
3141 2517 3290 2584 quod
3316 2534 3410 2577 ve.

1841 2598 2002 2652 latur.
2039 2595 2510 2664 Quemadmodum
2541 2600 2686 2654 enim
2721 2615 2890 2657 sacrae
2925 2603 3221 2675 Scriptura:
3263 2609 3412 2672 dicta

1840 2683 2062 2752 quidem
2101 2685 2428 2739 vestimenta
2460 2686 2728 2752 dicentes,
2772 2695 3073 2750 sententias
3113 2705 3298 2754 autem
3325 2716 3414 2754 ra-

1842 2775 2008 2832 tionis
2051 2792 2246 2834 carnes
2289 2779 2673 2851 intelligentes,
2721 2784 2827 2845 illis
2867 2786 3089 2855 quidem
3143 2792 3412 2858 velamus,

1841 2865 1928 2925 his
1951 2869 2279 2936 revelamus,
2304 2870 2376 2924 ita
2399 2872 2564 2926 etiam
2591 2888 2786 2928 eorum
2815 2891 2937 2945 qua:
2960 2877 3102 2941 facta
3127 2891 3259 2936 sunt
3283 2898 3414 2946 con.

1840 2959 2053 3028 speetui
2097 2961 2340 3031 obiectas
2383 2963 2596 3032 species
2633 2974 2690 3020 et
2735 2966 2942 3022 formas
2968 2971 3296 3029 vestimenta
3325 2973 3412 3032 di:

1840 3061 2048 3118 centes,
2071 3053 2313 3108 rationes
2332 3062 2521 3108 contra
2542 3057 2844 3112 secundum
2873 3075 3012 3130 quas
3035 3063 3256 3117 condita
3281 3079 3384 3122 sun
3393 3075 3415 3132 ι

165 3169 363 3206 πτεται
395 3151 502 3220 γὰρ
540 3149 864 3218 φαινόμενος
887 3147 916 3198 ὁ
938 3143 1266 3207 τοῦιπαντδς
1293 3141 1620 3212 δημιουργὸς
1645 3137 1739 3201 καὶ

1843 3157 2036 3196 carnes
2079 3142 2466 3213 intelligentes,
2501 3146 2730 3216 perinde
2761 3148 2870 3202 illis
2901 3151 3164 3221 velamus,
3210 3154 3298 3212 bis
3323 3173 3412 3212 re-

163 3243 464 3314 νομοθέτης
487 3241 664 3309 λόγος,
693 3240 836 3293 κατὰ
869 3237 1030 3308 φύσιν
1070 3237 1329 3306 ὑπάρχων
1359 3235 1613 3304 ἀόρατος,
1645 3232 1740 3284 καὶ

1841 3233 2109 3288 velamus.
2140 3232 2298 3288 Latet
2327 3235 2475 3288 enim
2511 3235 2644 3289 dum
2687 3247 2914 3306 apparet
2952 3242 3194 3301 universi
3225 3246 3414 3302 condi.-

165 3337 486 3404 ὲκφαίνεται
513 3333 914 3402 κρυπτόμενος,
953 3331 1030 3400 μὴ
1057 3328 1251 3390 λεπτὸς
1277 3321 1422 3380 εἶναι
1449 3327 1609 3394 φύσει
1627 3327 1741 3386 τοῖς

166 3430 355 3501 σοφοῖς
387 3427 792 3495 πιστευόμενος.
840 3423 942 3493 Ετη
971 3421 1029 3475 δὲ
1061 3423 1194 3501 ἡμῖν
1229 3419 1390 3472 τοῦτο
1419 3418 1489 3471 δι’
1521 3415 1738 3484 ἀποφὰε-

165 3499 307 3590 σεως
333 3519 612 3588 ἐκφαίνειν
656 3514 1060 3586 κρυπτόμενον,
1083 3499 1190 3565 ’καὶ
1231 3511 1412 3564 πᾶσαν
1443 3509 1738 3578 σχημάτων

162 3629 222 3664 τε
254 3613 354 3666 καὶ
398 3608 737 3679 αἰνιγμάτων
762 3607 826 3660 τδ
866 3604 1067 3675 ἀληθὲς
1106 3601 1480 3665 εἰκονίζουσαν
1506 3600 1738 3668 δύναμιν

163 3701 458 3774 παρελθεῖν
491 3700 692 3772 μᾶλλον
720 3698 816 3761 καὶ
840 3695 976 3769 πρὸς
1005 3694 1169 3751 αύτδν
1195 3694 1288 3750 τὸν
1319 3693 1476 3762 λόγον
1513 3689 1621 3746 ἀπὸ
1643 3688 1738 3744 τοῦ

163 3795 494 3865 γράμματος
519 3792 613 3845 καὶ
639 3789 749 3842 τῶν
777 3786 1124 3858 φαινομένων
1153 3785 1298 3838 κατὰ
1318 3783 1416 3854 τὴν
1451 3782 1544 3836 τοῦ
1579 3779 1741 3834 πνεύ-

169 3899 340 3953 ματος
367 3881 591 3951 δύναμιν
623 3879 875 3951 ἀρρήτως
891 3873 1338 3938 ἀναϐιϐάζεσθαι,
1422 3872 1579 3925 τοῦτο
1613 3888 1739 3940 φαι-

165 3975 394 4043 νόμενον
412 3957 675 4042 κρύπτειν
693 3969 781 4023 διὰ
805 3967 908 4038 τῆς
931 3966 1134 4034 θέσεως
1154 3963 1422 4033 γίνεσθαι,
1439 3962 1526 4015 ’ίνα
1546 3962 1622 4033 μὴ
1645 3961 1741 4014 καί

165 4067 330 4144 ῂμείς
368 4061 624 4130 φονευταὶ
667 4057 762 4112 τοῦ
788 4057 946 4125 λόγου
989 4054 1277 4124 γενόμενοι
1313 4051 1637 4123 Ἑλληνικῶς
1673 4053 1739 4144 τῇ

165 4141 348 4209 κτίσει
372 4153 759 4223 λατρεύσωμεν
779 4147 930 4220 παρὰ
947 4148 1040 4200 τὸν
1075 4145 1361 4213 κτίσαντα,
1399 4144 1568 4214 μηδὲν
1599 4141 1740 4196 ἀνώ-

164 4247 464 4320 τεροψτῶν
513 4245 804 4316 ὁρωμένων
833 4235 974 4295 εἶναι
1007 4237 1359 4304 πιστεύοντες
1388 4237 1482 4289 καὶ
1510 4235 1621 4288 τῶν
1652 4235 1734 4287 αἰ-

167 4337 385 4414 σἾητῶν
407 4331 1052 4408 μεγαλοπρεπέστερον,ῆ
1075 4331 1236 4402 μέχρι
1263 4329 1425 4403 μόνου
1449 4326 1540 4392 τοῖς
1564 4327 1743 4401 γράμ-

169 4447 342 4503 ματος
363 4428 740 4488 διαὸλέποντες
775 4424 838 4478 τὸ
861 4423 1022 4494 σῶμα
1053 4422 1214 4491 μόνον
1251 4420 1561 4483 Ἰουδαϊκῶς
1608 4420 1740 4489 περὶ

1845 3334 1930 3378 ιοι·
1962 3335 2017 3378 et
2046 3324 2326 3394 legislator
2355 3327 2514 3392 ratio,
2546 3341 2612 3380 ex
2645 3337 2839 3392 natura
2884 3329 3194 3398 invisibilis,
3228 3346 3286 3390 et
3316 3353 3414 3406 ap:-

1843 3423 1996 3483 paret
2037 3415 2169 3469 dum
2211 3415 2363 3478 latet,
2397 3431 2560 3484 quem
2594 3416 2754 3470 haud
2803 3425 3021 3473 tenuem
3053 3437 3173 3477 esse
3216 3437 3409 3487 natura

1841 3507 2116 3576 sapientes
2149 3522 2250 3576 pro
2279 3514 2431 3561 certo
2464 3507 2720 3562 habeant.
2759 3507 2864 3562 Sed
2912 3510 3074 3566 liceat
3115 3513 3276 3573 nobis
3307 3515 3412 3579 hoc

1841 3613 1941 3667 per
1983 3599 2326 3668 negationem
2371 3599 2723 3653 manifestare
2766 3602 3038 3656 occultum
3069 3605 3412 3660 universam.-

1841 3705 1948 3758 que
1981 3687 2276 3759 figurarum
2319 3698 2376 3742 et
2411 3689 2758 3758 aenigmatum
2804 3690 3119 3759 facultatem
3163 3698 3414 3767 veritatis

1843 3781 2192 3835 imitatricem
2238 3780 2592 3850 praetergredi
2628 3781 2830 3850 potius,
2860 3793 2918 3838 et
2941 3784 3008 3837 ad
3039 3786 3210 3854 ipsam
3242 3792 3411 3844 nntiu-

1843 3887 1966 3926 nem
2001 3888 2031 3926 a
2063 3872 2243 3926 littera
2269 3879 2326 3924 et
2365 3872 2757 3940 apparentibus
2794 3888 2894 3941 per
2920 3876 3148 3943 spiritus
3175 3887 3415 3946 potestate

1843 3974 1951 4016 tem
1984 3961 2338 4024 inelfabiliter
2359 3975 2576 4018 sursum
2609 3961 2790 4027 evehi,
2823 3976 2986 4031 quam
3015 3964 3118 4024 hoc
3149 3967 3294 4035 quod
3318 3985 3415 4048 ap,-

1844 4063 1999 4123 paret
2025 4069 2122 4121 per
2149 4052 2477 4120 positionem
2503 4051 2622 4115 fieri
2649 4053 2946 4115 occultare,
2965 4070 3045 4108 ne
3071 4071 3172 4124 nos
3192 4073 3414 4128 quoque

1845 4146 2071 4198 rationis
2101 4143 2483 4198 interfectores
2510 4143 2636 4196 facti
2679 4144 2959 4212 gentiliter
2985 4156 3294 4202 creaturam
3323 4167 3415 4207 co—

1843 4238 2019 4292 lamus
2053 4251 2165 4305 pm
2194 4233 2476 4298 Creatore,
2519 4235 2658 4288 nihil
2691 4235 2773 4289 eis
2801 4250 2923 4305 qua:
2951 4237 3129 4298 oculis
3157 4240 3414 4303 videntur

1841 4344 2030 4399 quzeve
2077 4327 2331 4388 sensibus
2381 4325 2765 4396 percipiuntur
2809 4325 3248 4395 magnificentius
3291 4346 3414 4386 esse

1845 4421 2112 4491 persuasi,
2140 4428 2236 4473 aut
2262 4419 2401 4473 ultra
2444 4417 2683 4473 litteram
2713 4432 2821 4471 non
2850 4418 3252 4497 prospicientes
3293 4438 3416 4481 cor-

168 4519 371 4579 πολλοῦ
405 4516 777 4587 ποιησώμεθα,
802 4514 902 4597 τὴν
928 4514 1138 4568 κοιλίαν
1169 4513 1609 4582 θεοποιήσαντες,
1647 4510 1741 4563 καὶ

1847 4526 1948 4580 pus
1973 4511 2149 4564 solum
2174 4508 2241 4563 ad
2267 4509 2579 4563 Judteorum
2616 4508 2838 4562 modum
2872 4509 3096 4577 plurimi
3128 4512 3412 4584 faciamus,

165 4615 272 4693 τὴν
304 4609 568 4682 αἰσχύνην
594 4605 936 4684 ἡγησᾴμενοι
964 4603 1144 4672 δόξαν,
1176 4604 1267 4658 τὸν
1297 4604 1460 4657 αὐτὸν
1489 4604 1602 4670 τοῖς
1632 4601 1745 4664 θεο-

167 4704 384 4765 κτόνοις
413 4701 614 4779 κλῆρον
649 4696 1108 4768 ἀπενεγκώμεθα,
1140 4698 1217 4762 ὡς
1238 4697 1329 4750 τὸν
1356 4695 1481 4761 καθ’
1502 4697 1650 4765 ἡμᾶς
1675 4693 1744 4756 δι’

165 4796 321 4866 ἡμᾶς
355 4793 491 4866 πρὸς
527 4791 669 4862 ἡμᾶς
703 4789 994 4870 γενόμενον
1027 4789 1117 4842 διὰ
1145 4790 1398 4859 σώματος
1426 4787 1523 4842 καὶ
1549 4786 1745 4840 συλλα-

165 4888 296 4949 ϐαῖς
350 4885 442 4938 καὶ
491 4884 784 4953 γράμμασι
850 4879 1164 4951 παχυθέντα
1215 4880 1303 4934 διὰ
1332 4880 1431 4950 τὴν
1461 4878 1739 4959 αἴσθησιν,

162 4977 357 5051 (147
404 4976 458 5046 α)
511 4975 638 5044 ὃλην
675 4972 772 5027 τοῦ
834 4974 892 5026 έν
939 4974 1073 5044 ἡμῖν
1113 4972 1300 5044 ννεροῦ
1354 4973 1454 5043 τὴν
1509 4971 1740 5041 δύναμιν

165 5070 310 5138 πρὸς
331 5064 528 5135 ἑαυτὴν
561 5056 938 5127 ἐπικλίνασαν,
974 5062 1034 5122 ού
1066 5061 1521 5129 διαγινώσκοντες
1559 5061 1737 5130 λόγον.

161 5159 313 5230 Φησὶ
330 5157 438 5228 γὰρ
463 5157 492 5209 ό
514 5157 656 5218 θεῖος
681 5153 1005 5224 ἀπόστολος,
1030 5153 1100 5208 Τὸ
1125 5151 1361 5223 τρᾴμμα
1377 5154 1742 5219 ἀποκτείνει,

166 5237 242 5308 τὸ
277 5250 348 5315 δὲ
375 5247 610 5316 πνεῦμα
644 5244 927 5305 ζωοποιεῖ.
970 5246 1081 5298 Καὶ
1115 5245 1224 5315 γὰρ
1262 5245 1383 5298 καθ’
1414 5245 1547 5311 αὑτὸ
1578 5244 1744 5316 μόνον

165 5342 232 5394 τὸ
276 5337 516 5407 γράμμα
561 5334 929 5404 στεργόμενον
967 5332 1060 5395 τὸν
1094 5334 1152 5397 ιν
1210 5332 1361 5403 αύτῷ
1400 5333 1744 5386 ἀποκτείνειν

167 5432 328 5498 λόγον
356 5431 463 5492 τοῖς
503 5411 822 5501 στέργουσιν
869 5424 1084 5490 εἴωθεν,
1117 5423 1306 5498 ῶσπερ
1336 5427 1430 5494 καὶ
1456 5425 1518 5478 τὸ
1543 5425 1743 5490 κάλλος

167 5521 281 5575 τῶν
333 5520 648 5589 κτισμάτων
699 5517 775 5587 μὴ
834 5516 971 5585 πρὸς
1033 5516 1189 5582 δόξαν
1226 5517 1318 5570 τοῦ
1376 5517 1739 5589 πεποιηκότος

241 5662 271 5704 1
298 5651 533 5722 Philipp.
559 5669 638 5718 tu,
663 5653 748 5707 l9.
830 5663 853 5690 ι
877 5655 923 5708 ll
949 5652 1075 5709 Cor.
1102 5671 1180 5720 Ill,
1209 5655 1262 5710 6.

1841 4611 1898 4657 ct
1937 4612 2185 4656 ventrem
2236 4614 2336 4670 pro
2368 4600 2481 4653 Deo
2520 4599 2787 4658 habentes
2833 4607 2863 4646 Υ
2907 4602 3414 4677 turpitudinemque

1843 4712 1944 4765 pro
1971 4695 2132 4750 laude
2176 4694 2442 4751 ducentes
2471 4706 2659 4760 parem
2689 4706 2814 4744 cum
2839 4692 2936 4747 Dei
2969 4683 3416 4751 interfectoribus

1846 4787 2152 4843 mercedem
2185 4785 2444 4846 feramus,
2474 4793 2664 4851 utpote
2687 4798 2807 4838 eam
2831 4800 2954 4852 quae
2979 4787 3281 4842 secundum
3315 4805 3416 4844 nos

1844 4891 2068 4953 pmptcr
2093 4895 2191 4933 nos
2209 4878 2350 4946 apud
2374 4891 2474 4930 nos
2495 4891 2696 4944 corpus
2727 4878 3043 4946 assumpsit,
3066 4887 3230 4947 atque
3258 4881 3418 4950 sylla-

1848 4975 1934 5028 bis
1972 4980 2028 5026 ct
2073 4969 2271 5024 litteris
2304 4978 2529 5038 propter
2560 4983 2781 5025 sensum
2817 4969 3122 5033 concrevit,
3161 4973 3257 5039 qui
3289 4987 3418 5026 sen-

1849 5077 1942 5118 sns
1966 5074 2182 5113 omnem
2215 5059 2270 5111 in
2293 5057 2456 5112 nobis
2481 5057 2795 5110 intellectus
2816 5057 2924 5111 vim
2952 5058 3005 5110 in
3037 5073 3097 5121 se
3123 5061 3417 5124 convertit,

1851 5153 2170 5208 Sermonem
2209 5151 2479 5203 rationem
2502 5162 2609 5201 non
2632 5147 3049 5216 perspicientes.
3067 5149 3319 5210 Aitenim
3337 5152 3416 5206 di-

1849 5245 2013 5298 vinus
2039 5240 2334 5310 Apostolus
2367 5239 2604 5293 :Lmera
2643 5239 2912 5306 interﬁcit,
2953 5241 3045 5293 sed
3082 5243 3302 5311 spiritus
3338 5246 3418 5296 vi-

1850 5334 2028 5402 viﬁcat
2063 5342 2106 5385 ι.
2153 5332 2371 5389 Etenim
2418 5331 2604 5385 littera
2652 5345 2874 5400 quoque
2896 5346 2997 5401 per
3042 5332 3417 5399 sesolgmdi-

1849 5424 1989 5479 lecta
2019 5422 2290 5477 rationem
2339 5423 2444 5479 sibi
2478 5422 2880 5480 inhabitantetn
2928 5423 3295 5494 diligentibus
3334 5426 3417 5477 in-

1853 5515 2099 5567 tcrlicere
2121 5499 2430 5577 consuevit,
2461 5515 2624 5568 sicuti
2646 5514 2815 5570 etiam
2859 5529 3053 5569 eorum
3085 5530 3208 5583 quae
3231 5523 3414 5568 creata

1480 5722 1708 5778 VARle
1751 5721 2151 5780 LECTIONES.

241 5797 293 5830 "
321 5794 533 5856 πολλοῖς
563 5795 686 5849 cod.
709 5797 851 5867 Gud,
890 5811 962 5850 m.
995 5811 1079 5864 pr.

569 5891 837 5957 PATROL.
881 5893 996 5954 Gtt.
1036 5889 1186 5953 XCI.

2978 5885 3053 5943 86
