4200 6440
177 392 307 457 H33

1404 389 1917 452 AMBIGUORUM
1952 389 2207 449 LIBER.

3290 388 3430 448 lifl’t

171 502 396 565 Πάντες
425 500 505 566 ὡς
537 501 775 571 ἱμάτιον
809 502 1354 567 παλαιωθήσονται,
1375 499 1463 552 διὰ
1496 498 1593 569 τὴν
1628 498 1743 550 ἐπι-

1854 511 1975 549 rum
1996 512 2119 564 quae
2143 494 2403 549 videnlur
2433 493 2713 548 intellectu
2741 495 3112 562 superiorem,
3134 505 3187 547 et
3221 505 3275 547 ut
3296 502 3430 550 ami-

172 588 474 659 κρατοῦσαν
535 590 629 644 νοῦ
673 590 781 644 τῶν
830 594 1127 663 ὁρωμένων
1157 596 1171 653 ζ
1185 591 1409 660 φθορὰν,
1456 589 1554 640 καὶ
1603 584 1745 637 ὡσεὶ

169 684 545 749 περιϐόλαιον
589 684 815 751 ἑλίξεις
868 685 1112 749 αὐτοὺς,
1137 684 1233 735 καὶ
1264 680 1741 750 ἀλλαγήσονται,

166 774 252 828 διὰ
281 775 383 845 τὴν
411 775 874 849 προσδοκωμένην
910 777 1011 848 τῆς
1032 774 1350 846 ἀφθαρσίας
1380 772 1561 843 χάριν.

166 947 303 1013 Περὶ
360 944 480 998 τῶν
527 943 713 998 πέντε
768 944 1003 1012 τρόπων
1042 941 1151 1010 τῆς
1189 939 1463 1010 φυσικῆς
1494 940 1742 1007 θεωρίας

619 1035 925 1102 σύντομος
967 1032 1282 1103 ἐξήγησις.

228 1191 379 1263 Πρὸς
414 1192 627 1256 τούτοις
678 1192 736 1245 δὲ
776 1192 871 1246 καὶ
902 1193 1032 1254 τοὺς
1077 1192 1270 1259 λόγους
1302 1189 1587 1260 εἰσόμεθα,
1614 1191 1741 1252 τοὺς

159 1283 505 1347 τελευταίους
552 1283 754 1355 δηλαδὴ
793 1283 888 1337 καὶ
935 1284 1068 1356 ημῖν
1102 1283 1385 1351 ὲφικτοὺς,
1412 1274 1487 1336 ὧν
1535 1280 1741 1352 προϐέ-

157 1378 358 1446 ϐληται
388 1378 422 1447 η
468 1374 645 1439 κτίσις
688 1375 1034 1439 διδάσκαλος,
1088 1376 1184 1428 καὶ
1221 1374 1349 1437 τοὺς
1390 1374 1577 1436 αὑτοῖς
1613 1389 1742 1425 συν-

157 1468 444 1539 ημμένους
464 1468 626 1522 πέντε
660 1467 763 1537 τῆς
793 1467 1026 1537 θεωρίας
1050 1467 1314 1537 τρόπους,
1350 1460 1432 1529 οἷς
1466 1462 1740 1533 διαιροῦν-

157 1577 251 1623 τες
304 1560 406 1630 τὴν
462 1559 640 1612 κτίσιν
690 1561 742 1611 at
793 1562 936 1628 ἆγιοι
974 1560 1102 1622 τοὺς
1148 1561 1236 1612 ἐπ’
1266 1559 1405 1629 αὐτῇ
1440 1556 1740 1628 μυστικοὺς

156 1650 280 1721 μετ’
297 1649 582 1713 εὐσεϐείας
602 1648 949 1714 συνελέξαντο
964 1649 1176 1718 λόγους,
1197 1650 1273 1712 είς
1294 1648 1504 1711 οὐσίαν,
1518 1648 1612 1701 καὶ
1627 1647 1742 1700 xiv-

157 1757 301 1809 ησιν,
324 1739 421 1793 καὶ
446 1738 731 1811 διαφορὰν,
757 1739 952 1810 κράσιν
966 1755 1024 1792 τε
1051 1738 1329 1803 καὶθέσιν,
1360 1736 1529 1808 αὑτὴν
1547 1738 1743 1807 ὲπιμεο

1853 598 1991 642 ctum
2024 596 2191 639 uerte:
2224 602 2330 645 eos,
2362 596 2411 636 et
2443 587 2786 639 mutabuntur
2808 597 2857 651 Β,
2886 596 3113 656 propter
3139 600 3425 657 exspecta-

1856 688 1966 730 tam
1995 675 2429 730 immortalitatis
2457 675 2713 745 gratiam.

1776 877 1844 889 ..ο

1850 939 1924 991 I)e
1958 939 2191 1007 quinque
2220 937 2385 989 modis
2436 937 2895 1006 contemplationis
2953 939 3217 993 naturalis
3258 935 3442 995 brevis

2503 1030 2775 1096 expositio.

1918 1187 2001 1241 Ad
2032 1187 2151 1241 btec
2184 1201 2318 1240 vero
2347 1186 2513 1240 etiam
2567 1187 2812 1241 rationes
2863 1202 3282 1257 cognoscemus,
3325 1205 3426 1245 ex-

1848 1289 2055 1335 tremas
2088 1278 2353 1333 videlicet
2377 1288 2680 1347 nostroque
2706 1279 2891 1347 captui
2917 1289 3157 1349 apertas,
3189 1297 3423 1350 quarum

1847 1371 1975 1426 data
2021 1379 2107 1425 est
2133 1369 2291 1440 quasi
2324 1370 2585 1440 magistra
2641 1370 2909 1433 conditio,
2942 1380 2998 1424 et
3023 1372 3269 1441 quinque
3299 1389 3423 1428 cum

1847 1462 1915 1517 iis
1946 1462 2289 1518 cohaerentes
2314 1462 2801 1531 contemplationis
2829 1463 3043 1529 modos,
3076 1464 3281 1534 quibus
3307 1466 3424 1520 dis-

1849 1553 2162 1623 tinguentes
2196 1553 2569 1608 conditionem
2618 1553 2794 1607 sancti
2838 1569 2963 1607 cum
2994 1554 3199 1623 pietate
3235 1558 3428 1628 mysti-

1848 1658 1940 1699 cas
1973 1648 2025 1698 in
2049 1659 2115 1698 ea
2138 1644 2243 1700 sibi
2273 1645 2615 1714 collegerunt
2638 1645 2901 1705 rationes,
2931 1646 2989 1699 in
3013 1648 3332 1712 essentiam,
3368 1658 3425 1702 et

1850 1746 2081 1803 motum,
2109 1746 2166 1792 et
2193 1736 2587 1799 differentiam,
2623 1737 2937 1792 mistionem
2996 1746 3164 1807 atque
3195 1739 3425 1807 positio-

155 1823 537 1900 ρίσαντες.Ὦν
566 1832 716 1899 τρεῖς
745 1829 843 1901 μὲν
866 1829 1074 1898 ἔφασαν
1097 1824 1234 1881 εἷναί
1259 1844 1317 1881 τε
1347 1826 1484 1898 πρὸς
1513 1826 1743 1894 ἐπίγνω-

1853 1844 1978 1883 nem
2014 1829 2313 1899 dispartiti.
2375 1827 2621 1894 Quorum
2670 1828 2960 1883 modorum
2994 1839 3110 1884 tres
3143 1831 3424 1901 principa-

156 1939 243 1975 σιν
286 1921 377 1975 τοῦ
406 1922 540 1977 Θεοῦ
574 1922 1009 1994 προηγουμένως
1053 1923 1149 1974 καὶ
1186 1920 1599 1991 προϐεϐλῆσθαι
1626 1934 1739 1988 χει-

156 2013 546 2082 ραγωγικοὺς,
580 2014 673 2066 τὸν
725 2015 851 2066 κατ’
907 2013 1130 2077 οὐσίαν,
1172 2012 1262 2065 τὸν
1306 2012 1446 2064 κατὰ
1504 2010 1738 2080 κίνησιν,

151 2107 247 2157 τὸν
285 2105 430 2159 κατὰ
463 2105 746 2177 διαφορὰν,
773 2104 841 2157 δι’
858 2099 933 2158 ὧν
964 2105 994 2156 ό
1023 2104 1156 2167 Θεὸς
1202 2103 1441 2173 γνωστὸς
1492 2104 1601 2165 τοῖς
1644 2104 1742 2154 ἁν-

153 2194 399 2265 θρτυποις
417 2195 623 2266 γίνεται
645 2196 709 2248 ὲκ
728 2195 833 2248 τῶν
850 2193 1018 2247 ὅντων
1036 2194 1131 2255 τὰς
1153 2194 1280 2264 περὶ
1295 2191 1458 2245 αὑτοῦ
1477 2192 1742 2261 ἐμφάσεις

156 2290 572 2361 συλλεγομένοις
610 2290 684 2353 ὼς
713 2288 1045 2360 δημιουργοῦ
1070 2289 1165 2341 καὶ
1188 2285 1486 2356 προνοητοῦ
1508 2287 1604 2337 καὶ
1622 2301 1740 2354 κρι-

152 2380 249 2433 ττιῦ
271 2396 287 2409 °
320 2379 413 2434 δύο
433 2379 490 2432 δὲ
516 2378 958 2447 παιδαγωγικοῦς
975 2378 1110 2449 πρὸς
1133 2378 1334 2448 ἀρετὴν
1364 2377 1456 2429 καὶ
1487 2374 1586 2443 τὴν
1605 2373 1742 2444 πρὸς

152 2472 289 2523 Θεὸν
309 2470 601 2536 οίκείωσιν,
628 2471 720 2523 τὸν
748 2470 889 2523 κατὰ
922 2470 1118 2542 κράσιν
1155 2470 1248 2522 καὶ
1279 2469 1369 2520 τὸν
1406 2468 1548 2520 κατὰ
1568 2467 1738 2530 θέσιν,

151 2562 223 2616 δι’
247 2557 326 2616 ὧν
346 2562 681 2629 τυπούμενος
703 2563 733 2614 ὁ
747 2560 844 2615 ἄνθ
853 2577 1033 2628 ρωπος
1048 2561 1180 2621 Θεὸς
1194 2560 1431 2628 γίνηται,
1449 2556 1635 2628 (148
1664 2557 1692 2609 b
1719 2555 1739 2626 )

154 2654 220 2706 τὸ
252 2653 392 2717 Θεὸς
431 2648 571 2707 εἶναι
622 2650 814 2705 παθὼν
844 2652 911 2705 ὲκ
934 2651 1045 2705 τῶν
1074 2650 1267 2717 όντων,
1312 2649 1443 2717 ὃλην
1479 2648 1573 2701 τοῦ
1603 2645 1739 2699 Θεοῦ

155 2747 261 2818 τὴν
309 2746 431 2799 κατ’
476 2745 799 2816 ἀγαθάτητα
860 2744 1099 2814 ἔμφασιν
1153 2741 1298 2797 κατά
1355 2740 1483 2795 νοῦν
1543 2740 1738 2809 ὥσπερ

154 2841 328 2911 ὁρῶν,
360 2837 455 2893 καὶ
479 2837 659 2906 ἑαυτῷ
682 2837 826 2891 κατὰ
848 2837 1011 2903 λόγον
1039 2835 1246 2904 ταύτην
1272 2832 1742 2903 εἰλικρινεστάτην

161 2931 564 3005 μορφοὺμενος.
594 2932 661 2981 ‘0
690 2930 799 3001 γὰρ
826 2929 892 2982 δι’
924 2927 1182 2991 εὐσεϐοῦς
1225 2925 1504 2993 γνώσεως,
1538 2924 1705 2993 φασὶν
1724 2962 1739 2986 ,

156 3027 187 3075 ὁ
217 3022 462 3095 καθαρὸς
521 3023 654 3093 όρᾷν
708 3021 924 3089 πέφυκε
977 3018 1124 3083 νοῦς,
1176 3016 1339 3070 τοῦτο
1390 3018 1486 3070 καὶ
1538 3014 1735 3069 παθεῖν

155 3116 405 3181 δύναται,
436 3114 568 3168 αὑτὸ
599 3115 777 3167 ἐκεῖνο
810 3112 953 3165 κατὰ
984 3111 1084 3182 τὴν
1116 3107 1233 3174 ἕξιν
1254 3109 1321 3162 δι’
1353 3108 1559 3180 ἀρετῆς
1588 3106 1741 3175 γινό-

162 3226 353 3275 μενος.
376 3201 521 3270 Οἶον,
544 3206 644 3276 τὴν
683 3206 784 3275 μὲν
833 3204 1024 3257 οὐσίαν
1067 3203 1352 3271 θεολογίας
1400 3196 1542 3254 εἶναι
1591 3199 1741 3254 διδά-

162 3299 389 3359 σκαλον,
419 3297 490 3349 δι’
521 3290 590 3369 ἧς
609 3294 721 3348 τῶν
751 3294 924 3347 ὄντων
954 3291 1016 3345 τὸ
1042 3293 1218 3345 αἴτιον
1247 3288 1645 3359 ἐπιζητοῦντες
1672 3288 1741 3339 δι’

160 3391 348 3446 αὐτῶν
389 3392 471 3443 ὅτι
515 3389 629 3440 ἐστι
670 3383 1064 3455 διδασκόμεθα,
1098 3384 1160 3436 τὸ
1190 3381 1379 3435 τίπυτε
1408 3378 1549 3435 εῖναι
1583 3380 1744 3434 τοῦτο

161 3484 290 3536 κατ’
319 3481 508 3534 οὐσίαν
537 3478 738 3548 γνῶναι
765 3475 841 3548 μὴ
863 3474 1297 3546 ἐπιχειροῦντες,
1341 3474 1424 3527 ὅτι
1446 3473 1579 3543 μηδὲ
1595 3472 1743 3526 ἐστιν

161 3574 460 3645 ἐμφάσεως
508 3572 567 3623 ὲν
599 3571 711 3633 τοῖς
747 3568 868 3623 οὖσι
900 3567 1095 3621 τούτου
1137 3563 1400 3636 προϐολὴ,
1431 3557 1582 3634 δι’ἦς
1639 3563 1743 3616 κᾶν

162 3664 353 3726 ποσῶς
380 3663 454 3726 ὡς
480 3663 547 3716 δι’
574 3658 824 3714 αἰτιατοῦ
850 3658 987 3729 πρὸς
1016 3659 1078 3711 τὸ
1109 3657 1288 3710 αἴτιον
1324 3655 1738 3725 ἁνανεύσωμεν·

159 3759 265 3826 τὴν
299 3756 357 3810 δὲ
404 3754 619 3822 κίνησιν
643 3752 744 3822 τῆς
791 3749 901 3805 τῶν
938 3748 1107 3802 ὅντων
1159 3747 1418 3818 προνοίας
1455 3741 1593 3798 εἷναι
1646 3746 1744 3815 sp-

163 3845 460 3917 φαντικὴν,
508 3843 577 3898 δι’
612 3838 681 3916 ἧς
722 3841 832 3896 τῶν
877 3841 1184 3910 γεγονότων
1241 3838 1343 3909 τὴν
1393 3839 1514 3892 κατ’
1554 3837 1745 3890 οὐσίαν

162 3942 403 3994 ἑκάστου
460 3937 581 3991 κατ’
604 3933 747 4000 εἶδος
798 3934 1225 4006 ἀπαράλλακτον
1279 3932 1591 4003 ταυτότητα
1648 3930 1744 3983 καὶ

161 4028 433 4093 ὡσαύτως
468 4027 957 4099 ἁπαραγχείρητον
988 4023 1330 4094 διεξαγωγὴν
1364 4021 1700 4092 θεωροῦντες
1725 4059 1741 4084 ,

160 4122 263 4172 τὸν
293 4118 592 4187 συνέχοντα
626 4118 722 4168 καὶ
752 4112 1094 4183 φυλάττοντα
1123 4112 1246 4166 καθ’
1273 4111 1470 4164 ἕνωσιν
1500 4110 1744 4180 ἄρρητον

162 4208 420 4279 ἀλλήλων
453 4203 725 4277 εὑκρινῶς
751 4199 1118 4273 ἀφωρισμένα
1146 4198 1217 4251 τὰ
1266 4198 1448 4250 πάντα
1497 4195 1621 4249 καθ’
1650 4193 1745 4257 οὓς

166 4299 490 4372 ὑπέστησαν
515 4297 726 4351 ἕκαστα
747 4294 943 4364 λόγους
979 4290 1274 4363 ἐννοοῦμεν
1300 4306 1319 4325 σ
1347 4290 1446 4359 τὴν
1477 4286 1746 4358 διαφορὰν

162 4395 225 4449 δὲ
270 4392 371 4463 τῆς
416 4390 655 4462 κρίσεως
689 4386 827 4442 εἶναι
863 4384 1190 4458 μηνυτικὴν,
1222 4382 1347 4439 καθ’
1376 4382 1444 4452 ἣν
1482 4378 1746 4451 διανομέα

1846 1920 1973 1975 liter
1995 1935 2119 1974 esse
2143 1920 2212 1974 ad
2247 1920 2616 1990 cognitionem
2645 1921 2743 1975 Dei
2770 1929 2926 1989 aptos
2956 1929 3012 1976 et
3038 1923 3193 1990 quasi
3231 1940 3426 1978 manu-

1842 2012 2124 2068 ductorios
2176 2012 2419 2082 prolatos
2466 2011 2746 2077 dixerunt,
2792 2028 2962 2065 unum
3018 2014 3259 2081 primum
3321 2032 3414 2070 es-

1843 2104 2056 2169 sentiaz,
2091 2104 2326 2158 alterum
2379 2112 2581 2166 motus,
2634 2103 2860 2171 tertium
2905 2104 3275 2173 diﬂ‘erentiae,
3324 2124 3425 2178 per

1843 2197 1991 2267 quod
2016 2196 2161 2251 Deus
2187 2195 2473 2250 hominum
2505 2196 2715 2249 notioni
2741 2211 2802 2251 se
2832 2196 2995 2249 oﬂ'ert
3019 2212 3084 2251 ex
3110 2198 3279 2253 rebus
3301 2216 3424 2269 qua:

1842 2300 1972 2345 sunt
2005 2288 2207 2344 indicia
2236 2289 2357 2358 ejus
2400 2288 2801 2357 colligentium,
2855 2297 2913 2342 ut
2942 2289 3175 2345 artiﬁcis
3207 2301 3264 2345 et
3298 2308 3424 2361 pro-

1842 2380 2040 2435 visoris
2071 2381 2393 2451 etjudicis:
2430 2379 2570 2457 duos
2599 2395 2734 2435 vero
2770 2381 3013 2450 prolatos
3055 2398 3178 2437 esse
3217 2385 3423 2454 quibus

1844 2473 2266 2528 institueremur
2295 2472 2365 2526 ad
2395 2472 2657 2526 virtutem
2695 2482 2751 2527 et
2810 2472 3243 2529 familiaritatem
3294 2494 3421 2531 cum

1842 2564 1978 2629 Deo,
2032 2562 2309 2618 mistionis
2360 2572 2419 2619 et
2479 2562 2793 2633 positionis,
2857 2580 2957 2634 per
2985 2581 3125 2635 quos
3153 2567 3423 2624 formatus

1842 2654 2010 2710 homo
2035 2655 2183 2710 Deus
2213 2655 2327 2719 tiat,
2353 2655 2525 2710 Deum
2555 2654 2674 2709 ﬁeri
2710 2671 2903 2725 passus
2927 2657 3084 2712 exiis
3116 2674 3240 2728 quae
3264 2670 3419 2725 sunt,

1843 2745 1978 2800 dum
2002 2761 2166 2802 omne
2198 2746 2296 2801 Dei
2322 2746 2390 2801 de
2414 2745 2662 2800 bonitate
2679 2746 3037 2801 simulacrum
3056 2758 3239 2803 mente
3262 2750 3419 2818 quasi

1844 2838 2017 2903 videt,
2074 2847 2131 2893 et
2179 2836 2621 2893 sincerissimum
2672 2837 2779 2892 sibi
2816 2838 2918 2907 ipsi
2977 2839 3322 2893 rationaliter
3366 2841 3420 2894 id

1843 2927 2070 2999 eﬂingit.
2114 2927 2272 2994 Quod
2320 2928 2469 2982 enim
2527 2926 2613 2996 pia
2671 2927 3009 2996 cognitione,
3060 2928 3252 2993 aiunt,
3286 2944 3423 2998 pura

1844 3034 2002 3074 mens
2035 3018 2290 3089 percipit,
2320 3018 2424 3072 hoc
2450 3018 2616 3073 etiam
2652 3018 2765 3088 pati
2799 3027 3002 3087 potest,
3058 3020 3237 3089 ipsum
3288 3022 3422 3076 illml

1845 3109 2152 3164 secundum
2202 3108 2453 3162 habitum
2496 3124 2594 3177 per
2646 3108 2909 3163 virtutem
2964 3110 3172 3164 evadit.
3216 3112 3421 3173 Veluti.

1848 3200 2145 3255 essentiam
2176 3214 2297 3254 esse
2325 3199 2617 3269 theologia:
2641 3201 2981 3271 magistram,
3009 3218 3110 3271 per
3142 3218 3306 3272 quam
3335 3222 3421 3259 re-

1846 3306 1969 3344 rum
2004 3306 2127 3358 qua:
2153 3299 2282 3344 sunt
2308 3305 2529 3343 causam
2584 3302 2899 3358 querentes
2954 3308 3053 3361 per
3088 3293 3233 3362 ipsas
3274 3298 3420 3364 quod

1844 3381 1954 3436 sint
1988 3381 2275 3447 docemur,
2305 3381 2439 3450 quid
2469 3383 2688 3436 tandem
2733 3383 2845 3437 sint
2889 3384 3193 3439 secundum
3230 3402 3422 3441 essen-

1846 3475 1979 3530 tiam
2000 3488 2338 3545 cognoscere
2368 3473 2516 3528 haud
2548 3476 2989 3545 tentantes,quia
3020 3491 3123 3531 nec
3143 3478 3423 3546 proditum

1843 3574 1929 3621 est
1970 3566 2025 3619 in
2049 3565 2217 3619 rebus
2250 3580 2374 3635 quae
2400 3573 2532 3619 sunt
2558 3565 2848 3628 indicium,
2892 3582 2989 3635 per
3027 3568 3175 3636 quod
3206 3570 3291 3623 vel
3326 3572 3425 3624 ali-

1844 3667 2120 3729 quatenus
2149 3666 2409 3726 tanquam
2441 3672 2540 3726 per
2565 3666 2852 3711 causatum
2888 3656 2955 3711 ad
2981 3673 3201 3713 causam
3244 3676 3426 3715 emer-

1846 3767 2078 3822 gamus;
2108 3750 2409 3805 motionem
2447 3766 2580 3805 vero
2606 3750 2919 3820 signiﬁcare
2952 3768 3135 3807 rerum
3161 3770 3283 3823 qua:
3299 3767 3427 3811 sunt

1848 3841 2279 3912 providentiam,
2341 3858 2448 3910 qua
2480 3857 2673 3896 eorum
2717 3858 2840 3911 qua:
2870 3844 3013 3899 facta
3066 3857 3196 3899 sunt
3231 3862 3423 3901 essen-

1848 3933 2033 3988 tialem
2060 3932 2329 4002 cujusque
2357 3930 2425 3985 ad
2462 3933 2699 4001 speciem
2738 3933 3135 3989 immutabilem
3165 3936 3425 3993 identita-

1848 4034 1957 4080 tem
1999 4024 2317 4094 pariterque
2358 4025 2766 4088 intaminatam,
2798 4026 3009 4080 exitum
3051 4030 3423 4099 contemplans

1847 4128 1950 4183 tes,
1984 4116 2320 4173 ineﬂ‘abilem
2361 4116 2515 4171 illum
2558 4117 2652 4187 qui
2693 4133 2899 4172 arcano
2934 4119 3164 4174 unitatis
3206 4122 3426 4176 vinculo

1846 4210 2093 4266 continet
2150 4219 2317 4279 atque
2380 4220 2562 4264 servat
2626 4210 2919 4267 universa.
2953 4214 3101 4267 inter
3162 4229 3221 4269 se
3286 4215 3428 4271 bene

1846 4303 2087 4358 discreta
2122 4302 2431 4358 secundum
2459 4302 2705 4356 rationes
2731 4303 2932 4371 quibus
2959 4304 3169 4376 singula
3196 4322 3428 4378 quaeque

1849 4395 2162 4449 subsistunt
2196 4395 2580 4465 cognoscimus
2621 4411 2634 4446 :
2679 4394 3046 4450 differentiam
3085 4408 3270 4452 autem
3305 4414 3429 4455 esse

167 4485 339 4554 σοφὸν
370 4486 435 4537 ὲκ
462 4482 562 4551 τῆς
588 4484 646 4534 ὲν
679 4481 900 4550 ἑκάστῳ
940 4476 1050 4530 τῶν
1092 4476 1265 4529 ϐντων
1316 4472 1635 4544 συμμέτρου
1669 4471 1743 4539 τῷ

1847 4485 2039 4557 judicii
2082 4485 2348 4548 indicem,
2376 4500 2483 4553 qua
2522 4500 2589 4538 ex
2632 4487 2869 4539 naturali
2911 4487 2965 4540 in
3003 4489 3200 4556 quovis
3234 4504 3427 4545 eorum

168 4576 527 4647 ὑποκειμένῳ
562 4576 662 4646 τῆς
687 4573 877 4635 οὐσίας
900 4568 1140 4640 φυσικῆς
1163 4566 1448 4637 δυνάμεως
1476 4564 1586 4617 τῶν
1620 4563 1744 4616 καθ’

164 4672 383 4723 ἕκαστα
435 4666 608 4735 λόγων
656 4661 794 4718 εἶναι
845 4662 936 4716 τὸν
978 4661 1114 4714 Θεὸν
1162 4656 1531 4729 παιδευόμεθα
1557 4672 1575 4688 ο
1609 4655 1745 4726 πρό-

166 4779 327 4816 νοιαν
345 4759 403 4813 δέ
430 4775 573 4828 φημι
607 4755 721 4820 νοῦ,
750 4755 812 4809 οὑ
864 4753 971 4825 τὴν
1017 4750 1475 4822 ὲπιστρεπτικὴν,
1509 4748 1608 4803 καὶ¹
1637 4743 1749 4799 οἷον

164 4850 524 4923 οίκονομικὴν
560 4851 659 4920 τῆς
696 4847 807 4900 τῶν
860 4843 1276 4915 προνοουμένων
1315 4843 1407 4911 ἀφ’
1438 4837 1513 4895 ὧν
1560 4841 1621 4893 οὑ
1669 4841 1751 4892 δεῖ

166 4945 262 5014 ἐφ’
290 4944 326 4998 ἃ
364 4944 446 4996 δεῖ
488 4941 877 5008 ὲπαναγωγῆς,
912 4936 1050 4990 ἀλλὰ
1099 4936 1200 5005 τὴν
1256 4933 1587 5001 συνεκτικὴν
1652 4930 1747 4983 τοῦ

168 5035 402 5101 παντὸς,
430 5034 528 5087 καὶ
569 5031 690 5084 καθ’
714 5028 808 5092 οὓς
842 5029 904 5081 τὸ
930 5028 1039 5081 πᾶν
1068 5024 1504 5099 προηγουμένως
1536 5023 1749 5092 ὑπέστη

171 5128 376 5195 λόγους
425 5123 831 5194 συντηρητικήν
856 5139 870 5152 ·
904 5118 1065 5191 149
1102 5118 1158 5190 α)
1193 5118 1288 5172 καὶ
1319 5118 1522 5187 κρίσιν,
1560 5116 1620 5168 οὑ
1654 5117 1753 5186 τὴν

172 5215 537 5287 παιδευτικὴν
589 5215 681 5268 καὶ
717 5210 831 5267 οἷον
882 5210 1214 5281 κολαστικὴν
1259 5209 1370 5263 τῶν
1404 5208 1755 5279 ἁμαρτανόν-

172 5327 311 5375 των,
347 5308 484 5362 ἀλλὰ
506 5308 611 5376 τὴν
645 5305 922 5376 σωστικὴν
945 5305 1040 5357 καὶ⁹
1064 5303 1425 5373 ἀφοριστικὴν
1451 5303 1559 5354 τῶν
1582 5300 1755 5353 ὅντων

174 5400 461 5470 διανομὴν,
486 5399 608 5452 καθ’
636 5398 705 5470 ἢν
749 5397 859 5451 τῶν
894 5396 1199 5465 γεγονότων
1240 5395 1449 5449 ῑκαστα
1478 5397 1591 5457 τοῖς
1625 5392 1748 5446 καθ’

178 5493 280 5554 οῦς
309 5492 603 5560 γεγένηται
652 5489 976 5561 συνημμένα
1018 5486 1202 5555 λόγοις
1236 5484 1593 5557 ἀπαράϐατον
1638 5483 1752 5554 ἔχει

258 5588 285 5627 ι
317 5584 480 5641 Hebr.
517 5600 554 5652 ι,
585 5583 672 5639 ιε.

1851 4594 1974 4649 quze
2009 4586 2138 4631 sunt
2172 4577 2240 4631 ad
2277 4576 2331 4630 id
2365 4576 2514 4646 quod
2550 4576 2809 4631 essentia:
2841 4578 3092 4648 subjacet
3126 4588 3429 4650 temperata

1853 4678 2126 4741 potestate
2146 4668 2421 4722 rationum
2448 4668 2516 4722 ad
2544 4666 2757 4738 singula
2779 4684 3010 4739 qumque
3034 4671 3430 4739 pertinentium

1855 4762 2299 4830 dispensatorem
2348 4758 2652 4829 sapientem
2705 4760 2877 4815 Deum
2922 4776 3045 4816 esse
3097 4763 3430 4829 cdocemur;

1857 4849 2262 4920 providentiam
2287 4862 2417 4902 vero
2444 4848 2690 4902 attribuo
2718 4848 3047 4913 intellectui,
3070 4866 3177 4904 non
3205 4867 3436 4905 conver-

1858 4941 2032 4995 sivam
2065 4939 2215 4993 illam
2251 4948 2307 4993 et
2340 4939 2497 5008 quasi
2532 4939 2935 4993 meonomicam
2976 4940 3297 4994 removendi
3334 4955 3433 4995 eos

1859 5031 2064 5101 quibus
2098 5030 2425 5100 providetur
2450 5030 2520 5083 ab
2547 5029 2629 5083 eis
2656 5046 2781 5098 qua:
2809 5046 2919 5083 non
2947 5044 3087 5098 opus
3117 5040 3246 5084 sunt
3270 5031 3337 5085 ad
3366 5050 3430 5087 ca

1861 5139 1981 5194 quae
2011 5130 2159 5187 sunt,
2185 5122 2282 5177 sed
2312 5137 2433 5177 eam
2465 5136 2586 5190 qua:
2612 5121 2932 5175 universum
2968 5121 3072 5175 hoc
3099 5122 3350 5178 continet
3377 5137 3433 5178 et

1864 5214 2139 5269 rationum
2172 5212 2376 5283 quibus
2408 5213 2462 5265 in
2501 5212 2776 5281 principio
2812 5212 3143 5281 productum
3178 5221 3265 5267 est
3297 5230 3433 5269 con-

1866 5302 2224 5360 servatricem
2263 5321 2277 5356 :
2316 5313 2372 5358 et
2398 5303 2692 5373 judicium,
2720 5319 2828 5357 non
2865 5302 2998 5357 illud
3036 5303 3183 5373 quod
3218 5304 3443 5362 instruit

1859 5404 2025 5465 atque
2056 5404 2281 5451 coercet
2309 5404 2621 5465 peccantes.
2650 5394 2744 5449 sed
2778 5395 2923 5465 quod
2960 5396 3134 5451 salvat
3163 5404 3218 5450 et
3246 5396 3439 5452 deﬁnit

1863 5502 2050 5542 rerum
2085 5503 2207 5558 quae
2250 5496 2380 5544 sunt
2417 5487 2890 5555 distributionem,
2922 5503 3037 5558 quo
3080 5503 3274 5542 eorum
3319 5505 3441 5559 qutc

1472 5673 1707 5730 VARUS
1743 5672 2146 5732 LECTIONES.

259 5798 310 5831 "
332 5796 711 5869 σωνημμένοις
736 5826 883 5838 --
914 5795 1136 5866 τρόποις
1165 5793 1287 5851 cod.
1317 5791 1460 5849 Gud.
