4200 6440
782 395 915 460 1135

1942 382 2004 440 S.
2046 377 2333 439 MAXIM!
2374 373 2893 435 CONFESSORIS

3914 371 4049 433 1136

775 515 921 566 facta
964 516 1097 564 sunt
1138 520 1372 577 quaque
1412 518 1539 558 eum
1586 502 1653 555 iis
1696 496 2002 554 secundum
2044 511 2182 566 quas
2221 493 2360 548 facta

2481 492 2565 561 τὴν
2596 494 2655 543 ἐν
2692 493 2758 560 τῇ
2790 492 2995 559 φυσικῇ
3023 492 3319 559 ταυτότητι
3358 490 3721 546 ἀναλλοῖωτον
3747 491 4051 559 νομιμότηο

775 610 909 653 sunt
958 596 1269 652 rationibus
1314 592 1650 647 uiliter-entia
1694 588 2012 643 inviolatam
2056 585 2264 639 habent
2305 584 2362 637 in

780 690 1022 744 naturali
1082 685 1488 741 immutabilem
1559 681 1847 735 identitate
1906 677 2361 747 aquabilitatem,

780 790 951 852 prout
974 796 1005 835 a
1031 778 1308 849 principio
1333 791 1517 829 rerum
1544 773 1753 827 Artifex
1781 771 1850 825 de
1882 769 2123 824 essentia
2148 777 2207 820 et
2234 766 2366 820 sub-

782 874 987 929 stantia
1014 880 1071 926 et
1100 871 1266 925 modo
1292 881 1349 925 et
1370 868 1637 938 qualitate
1663 865 1934 936 judicavit
1964 872 2023 916 et
2054 859 2362 930 disposuit;

783 962 990 1033 quippe
1028 960 1297 1014 nimirum
1336 973 1460 1027 qua:
1494 957 1633 1010 alias
1668 955 1885 1009 dicatur
1922 950 2270 1023 providentia
2310 956 2367 1003 et

783 1053 1055 1123 judicium
1074 1051 1378 1105 voluntatis
1397 1057 1599 1101 nostra:
1619 1044 1954 1115 appetitibus
1974 1057 2187 1097 annexa
2210 1049 2364 1104 sunt,

786 1161 913 1215 qua
956 1160 988 1198 a
1033 1142 1221 1213 pravis
1260 1157 1364 1195 nos
1412 1139 1767 1195 multifariam
1810 1135 2075 1197 retinent,
2108 1132 2177 1186 ad
2223 1131 2369 1185 bona

787 1238 1073 1307 sapienter
1106 1249 1211 1289 nos
1247 1234 1546 1288 advertunt
1585 1239 1750 1299 atque
1785 1242 1850 1283 ea
1886 1242 2011 1296 qua:
2054 1224 2215 1279 nobis
2254 1237 2369 1277 non

788 1324 1157 1379 adversentur
1216 1332 1409 1376 contra
1478 1330 1642 1389 atque
1701 1333 1769 1373 ea
1829 1332 1953 1387 quae
2009 1315 2370 1369 adversentur

790 1414 1238 1471 administrando
1285 1422 1394 1467 tam
1441 1419 1769 1482 praesentem
1815 1423 1980 1479 quam
2027 1406 2269 1461 futuram
2314 1411 2371 1458 et

791 1518 1071 1579 peractam
1101 1505 1367 1559 malitiam
1395 1502 1680 1557 excidunt.
1708 1500 1901 1570 Neque
1932 1498 2159 1553 differre
2189 1505 2370 1551 tamen

792 1601 937 1655 banc
960 1599 1029 1652 ab
1055 1598 1147 1651 illa
1176 1605 1469 1666 prepterea
1492 1592 1727 1647 dixerim
1755 1589 2158 1661 providentiam
2186 1597 2244 1642 et
2266 1586 2371 1640 hoc

792 1693 863 1747 ab
896 1691 993 1745 illo
1026 1688 1321 1760 judicium.
1350 1684 1524 1739 [nam
1554 1683 1703 1738 enim
1736 1682 2097 1749 eamdemque
2123 1695 2220 1732 eas
2243 1676 2369 1731 novi

793 1785 863 1837 de
902 1789 1199 1851 potestate,
1232 1766 1329 1832 sed
1364 1776 1643 1830 diversam
1678 1774 1838 1843 quasi
1875 1774 1931 1827 in
1962 1772 2170 1826 nostris
2204 1770 2373 1824 rebus

2462 600 2555 641 τα.
2589 582 2775 644 καθὼς
2830 582 2891 645 ἐξ
2941 581 3119 651 ἀρχῆς
3152 583 3186 633 ὁ
3216 582 3554 652 δημιουργὸς
3597 583 3729 651 περὶ
3774 581 3877 633 τοῦ
3912 576 4051 633 εἶναι

2464 675 2559 727 καὶ
2581 674 2634 725 τί
2678 670 2817 727 εἷναι
2858 675 2954 726 καὶ
2980 674 3101 735 πῶς
3140 675 3238 726 καὶ
3278 676 3467 727 ὁποῖον
3498 675 3735 726 ἕκαστον
3772 673 3963 742 ἑκρινέ
3996 690 4051 725 τε

2465 768 2561 818 καὶ
2619 765 2973 834 ὑπεστήσατο
3014 780 3031 794 ·
3104 765 3229 817 ἐπεί
3276 781 3427 833 τοιγε
3478 766 3513 833 ἡ
3560 764 3738 826 ἄλλως
3776 764 4055 832 λεγομένη

2466 858 2699 928 πρόνοια
2728 858 2823 909 καὶ
2840 856 3025 925 κρίσις
3055 859 3179 919 sui;
3218 856 3378 925 ἡμῶν
3403 858 3826 925 προαιρεταά
3856 858 4057 925 ὄρει-αξ

2466 947 2944 1015 παραπεπήγασι,
3016 944 3130 997 τῶν
3213 946 3315 1013 μὲν
3384 943 3610 1011 φαύλων
3688 943 4059 1014 πολυτρόπως

2466 1038 2854 1107 ἁπείργουσαι,
2886 1036 3027 1106 πρὸς
3078 1035 3139 1088 δὲ
3187 1035 3257 1087 τὰ
3288 1034 3435 1088 καλὰ
3463 1034 3647 1101 σοφῶς
3676 1033 4057 1102 ἐπιστρέφου-

2470 1143 2586 1192 σαι,
2611 1128 2707 1180 καὶ
2759 1125 2839 1197 τῷ
2890 1125 3192 1179 διευθύνειν
3231 1125 3301 1178 τὰ
3345 1125 3457 1189 οὐκ
3492 1126 3581 1195 ἐφ’
3607 1127 3743 1194 ἡμῖν
3792 1125 4062 1185 ἐναντίαις

2468 1220 2584 1281 τάς
2604 1219 2687 1284 ἐφ’
2722 1218 2856 1285 ἡμῖν
2889 1218 2987 1269 καὶ
3018 1214 3305 1287 παροῦσαν
3329 1216 3427 1268 καὶ
3452 1215 3759 1286 μέλλουσαν
3780 1217 3883 1268 καὶ
3918 1231 4063 1283 πιρ-

2470 1306 2734 1361 ελθοῦσαν
2782 1308 2984 1360 κακίαν
3033 1306 3423 1374 ὲκτέμνουσαι.
3476 1306 3595 1358 Οὐκ
3646 1306 3819 1375 ἀλλην
3864 1307 3921 1358 δὲ
3967 1306 4063 1356 ui

2470 1398 2641 1468 ἀλλην
2674 1397 2931 1467 πρόνοιαν
2961 1396 3051 1449 διὰ
3090 1396 3300 1447 τούτων
3342 1392 3482 1448 εἶναι
3525 1396 3670 1462 λέγω
3711 1396 3812 1447 καὶ
3853 1396 4061 1463 κρίσιν.

2469 1491 2619 1545 Μίαν
2683 1489 2793 1558 γὰρ
2847 1488 2944 1540 καὶ
2998 1487 3096 1557 τὴν
3159 1486 3330 1555 αὐτὴν
3395 1483 3517 1541 οἶδα
3575 1488 3719 1539 κατὰ
3778 1487 3880 1556 τὴν
3942 1488 4065 1538 δύν-

2474 1599 2632 1651 αμιν,
2668 1580 2929 1650 διάφορον
2990 1578 3048 1631 δὲ
3107 1579 3184 1641 ὡς
3236 1578 3373 1648 πρὸς
3424 1581 3573 1649 ἡμεῖς
3632 1580 3730 1632 καὶ
3788 1580 4063 1647 πολύτρο-

2473 1691 2576 1727 πον
2638 1674 2739 1743 τὴν
2791 1673 3074 1743 ἐνέργειαν
3133 1672 3387 1740 ἔχουσαν.
3417 1672 3533 1741 Τήν
3597 1672 3654 1725 δὲ
3700 1674 3903 1743 κράσιν
3954 1674 4065 1724 τῶν

2473 1768 2646 1819 ὅντων
2694 1766 2815 1834 ἦτοι
2862 1763 3111 1816 σύνθεσιν
3148 1764 3252 1833 τῆς
3292 1764 3579 1835 ἡμετέρας
3631 1766 3868 1834 γνώμης
3918 1760 4065 1817 εἶναι

792 1888 851 1931 et
874 1832 1232 1929 multifariam
1259 1868 1641 1923 eﬂicacitatem
1667 1874 2036 1920 exercentem.
2061 1863 2372 1917 Mistionem

2481 1832 2772 1925 σύμϐολον.
2826 1855 3111 1925 Κραθεϊσα
3161 1832 3272 1924 γὰρ
3316 1832 3922 1928 eamagema—:2.
3970 1864 4066 1936 κει

794 1983 930 2023 vero
967 1980 1180 2029 rerum,
1209 1964 1295 2018 vel
1334 1962 1819 2032 compositionem,
1848 1956 2135 2013 sententia:
2175 1964 2376 2009 nostrae

795 2076 917 2115 esse
946 2058 1277 2129 symbolum.
1304 2056 1431 2110 Haec
1462 2056 1613 2109 enim
1651 2052 1951 2106 virtutibus
1982 2050 2215 2103 admista
2247 2048 2377 2102 sibi-

797 2168 905 2223 que
936 2151 1041 2222 ipsi
1067 2165 1163 2205 eas
1186 2149 1498 2203 admiscens
1522 2144 1788 2200 mundum
1814 2144 1981 2198 etiam
2015 2143 2133 2211 ipsa
2162 2140 2378 2193 intelle-

799 2246 1037 2299 ctualem
1094 2244 1207 2298 Deo
1253 2240 1638 2311 dignissimum
1684 2236 1990 2307 componit.
2038 2233 2376 2289 Positioncm

802 2349 933 2388 vero
981 2346 1198 2385 morum
1248 2327 1556 2384 secundum
1606 2327 1942 2381 voluntatem
1992 2334 2050 2379 et
2085 2322 2378 2378 consilium

799 2421 1287 2492 temperandorum
1332 2420 1679 2490 magistram,
1710 2428 1772 2472 ut
1807 2416 1903 2487 qui
1946 2416 2093 2471 circa
2141 2415 2193 2468 id
2229 2414 2379 2483 quod

801 2513 1011 2583 placuit
1032 2512 1084 2566 ei
1116 2511 1265 2580 quod
1294 2510 1651 2580 aequabilitati
1678 2508 2002 2563 adversetur
2024 2505 2258 2560 ﬁrmiter
2281 2504 2380 2559 ob-

800 2604 1000 2659 sistere
1028 2602 1256 2666 dcbcnt,
1280 2615 1623 2671 nequaquam
1646 2599 1715 2655 de
1737 2598 1999 2653 rationali
2021 2596 2381 2651 fundamento

801 2695 1006 2766 depelli
1062 2703 1159 2749 aut
1207 2693 1488 2747 immutari
1540 2693 1785 2762 capiens.
1832 2689 2196 2761 Conjunctam
2245 2702 2382 2742 vero

803 2801 1005 2842 rursus
1023 2800 1150 2839 cum
1180 2785 1425 2839 motione
1448 2783 1806 2854 positionem,
1831 2792 1888 2837 et
1910 2782 2225 2835 mistionem
2254 2794 2379 2833 cum

801 2876 1139 2938 dilferentia,
1178 2875 1235 2928 in
1268 2873 1566 2929 essentiam
1597 2882 1654 2927 et
1689 2870 2058 2926 differentiam
2095 2878 2152 2923 et
2184 2869 2383 2923 motio-

803 2984 932 3023 nem
973 2964 1355 3022 universitatis
1402 2963 1768 3019 substantiam
1816 2962 2107 3016 individuo
2144 2959 2381 3030 quodam

803 3058 969 3112 modo
993 3055 1538 3117 discriminaverunt,
1561 3053 1806 3122 dumque
1833 3051 2185 3122 cogitationis
2208 3048 2294 3102 via
2326 3048 2383 3102 in

804 3150 1046 3204 causatis
1067 3148 1287 3201 diverse
1311 3147 1483 3216 aspici
1508 3159 1730 3200 causam
1760 3144 1936 3213 perite
1959 3143 2297 3212 intelligunt,
2323 3150 2380 3195 et

801 3256 929 3298 esse
971 3240 1144 3301 hanc,
1179 3247 1238 3293 et
1277 3252 1469 3307 sapere
1532 3246 1589 3290 et
1627 3236 1812 3289 vivere
1856 3235 1945 3304 pie
1988 3240 2375 3305 perceperunt.

806 3336 985 3389 Etiam
1010 3332 1079 3387 de
1106 3332 1267 3386 Patre
1291 3330 1471 3399 deque
1497 3329 1641 3383 Filio
1672 3337 1730 3382 et
1758 3327 1968 3397 Spiritu
1998 3334 2192 3380 sancto
2216 3322 2381 3378 ratio-

807 3440 934 3481 nem
981 3424 1039 3477 in
1080 3424 1195 3477 Deo
1239 3421 1539 3493 perfectam
1594 3435 1659 3473 ac
1702 3418 1999 3473 salutarem
2045 3416 2381 3476 didicerunt,

806 3534 918 3587 qua
963 3530 1071 3569 non
1116 3512 1445 3583 simpliciter
1484 3510 1554 3565 de
1598 3508 1899 3565 exsistendi
1948 3507 2126 3562 solum
2171 3505 2383 3559 ratione

808 3625 990 3664 causa
1013 3608 1241 3679 mystice
1271 3612 1401 3660 sunt
1430 3603 1747 3665 illuminati,
1776 3600 1874 3656 sed
1907 3600 2076 3655 etiam
2114 3598 2385 3653 exsisten-

811 3702 903 3755 tize
945 3699 1108 3753 modo
1156 3699 1246 3768 pie
1298 3704 1430 3751 sunt
1469 3694 1693 3749 initiati.
1726 3693 1795 3748 Et
1840 3706 2037 3746 rursus
2080 3689 2383 3745 secundum

809 3794 983 3846 solam
1015 3790 1343 3862 positionem
1374 3796 1487 3841 tota
1516 3785 1836 3840 conditione
1867 3784 2196 3854 perlustrata
2223 3783 2387 3852 quin-

809 3898 918 3954 quc
956 3884 1079 3937 illos
1111 3896 1253 3951 quos
1284 3880 1397 3934 dixi
1432 3878 1624 3933 modos
1654 3878 1710 3930 in
1748 3888 1862 3931 tres
1896 3885 2225 3930 contraxere
2257 3889 2389 3928 con-

812 3973 1183 4045 templationis
1211 3971 1427 4033 modos,
1455 3980 1515 4024 ut
1543 3969 1613 4024 de
1650 3968 1793 4023 cmlo
1823 3978 1880 4023 et
1913 3978 2073 4022 terra:
2105 3976 2161 4022 et
2193 3982 2385 4021 eorum

811 4081 935 4136 qua:
963 4065 1143 4118 media
1170 4064 1503 4133 interjacent
1526 4060 1752 4114 moralis
1776 4069 1833 4113 et
1854 4058 2123 4113 naturalis
2150 4067 2206 4112 ct
2230 4057 2389 4112 theo-

812 4155 1003 4227 logica:
1032 4153 1395 4224 philosOphize
1423 4152 1740 4221 magistram
1771 4150 2148 4205 conditionem
2183 4149 2252 4203 de
2289 4165 2388 4203 sua

812 4250 988 4318 ipsius
1017 4247 1233 4300 ratione
1269 4259 1391 4299 esse
1428 4250 1813 4314 agnoscentes.
1846 4242 2063 4296 Rursus
2100 4252 2284 4296 autem
2321 4256 2388 4295 ex

811 4340 926 4396 sola
963 4338 1275 4394 dillerentia
1314 4336 1669 4405 contemplati
1709 4334 2118 4399 conditionem,
2155 4334 2263 4388 hoc
2304 4342 2390 4387 est

811 4446 882 4485 cx
928 4428 1013 4484 eis
1057 4443 1181 4498 quae
1231 4425 1579 4482 circumdant
1622 4433 1679 4479 et
1724 4424 2170 4489 circumdantur,
2214 4424 2385 4487 coelo,

2479 1948 2652 2018 ἑαυτῇ
2678 1946 2888 2008 ταύτας
2913 1948 3224 2017 κεράσασα,
3254 1947 3351 2001 τὸν
3379 1950 3525 2001 κατὰ
3544 1949 3795 2003 διάνοιαν
3826 1951 4065 2020 θεοπρε-

2478 2040 2750 2094 πέστατον
2779 2041 2876 2093 καὶ
2909 2041 3048 2111 αὕτη
3074 2041 3361 2108 συνίστησι
3396 2044 3628 2113 κόσμον.
3653 2045 3767 2114 Τὴν
3801 2045 3860 2099 δὲ
3910 2046 4067 2099 θέσιν

2477 2131 2573 2184 τοῦ
2620 2133 2766 2185 κατὰ
2814 2131 3045 2202 γνώμην
3086 2130 3260 2201 ἣθους
3291 2127 3437 2184 εἶναι
3467 2133 3813 2197 διδάσκαλον,
3840 2136 3919 2197 ὡς
3962 2153 4068 2188 πσ-

2478 2224 2615 2294 γίως
2639 2225 2786 2295 ἔχειν
2811 2224 2941 2295 περὶ
2960 2224 3022 2277 τὸ
3041 2224 3088 2255 ’⁵
3116 2220 3176 2278 εὖ
3193 2224 3355 2289 δόξαν
3384 2224 3459 2294 τῷ
3484 2225 3773 2295 ῥυθμίζειν

2479 2316 2808 2385 ὀφείλοντος,
2837 2316 3039 2385 ἥκιστα
3069 2318 3184 2377 τοῖς
3215 2316 3626 2386 συμπίπτουσιν
3675 2319 3741 2371 ἐκ
3780 2319 3885 2387 τῆς
3922 2321 4071 2373 κατὰ

2480 2408 2639 2475 λόγον
2690 2406 2903 2477 βάσεως
2962 2406 3252 2460 ἀλλοίωσιν
3296 2409 3397 2477 τὴν
3452 2408 3672 2461 οἱανοῦν
3733 2409 4066 2479 δεχομένου.

2483 2501 2832 2569 Συνάψαντες
2862 2500 2919 2553 δὲ
2958 2499 3125 2553 πάλιν
3153 2501 3219 2569 τῇ
3253 2502 3472 2569 κινήσει
3502 2502 3604 2571 τὴν
3630 2501 3803 2565 θέσιν,
3837 2503 3939 2554 καὶ
3972 2502 4071 2570 τὴν

2482 2594 2680 2662 κρᾶσιν
2712 2594 2779 2662 τῇ
2805 2591 3062 2662 διαφορᾷ,
3096 2593 3177 2655 εἰς
3208 2592 3400 2646 οὐσίαν
3427 2593 3524 2647 καὶ
3550 2593 3818 2662 διαφορὰν
3849 2595 3950 2646 καὶ
3987 2596 4071 2644 κί-

2481 2700 2638 2752 νησιν
2674 2683 2774 2752 τὴν
2807 2681 2904 2735 τοῦ
2941 2683 3147 2745 παντὸς
3189 2683 3518 2753 ἀδιαιρέτως
3554 2684 3740 2755 (149
3768 2685 3824 2754 ὁ)
3856 2685 4069 2753 διέκρι-

2481 2793 2576 2828 ναν
2607 2775 2927 2839 ὑπόστασιν,
2953 2774 3050 2827 καὶ
3084 2774 3162 2846 τῷ
3196 2778 3321 2829 κατ’
3349 2776 3601 2829 ἐπίνοιαν
3624 2777 3771 2846 λόγῳ
3792 2777 4069 2845 τεχνικῶς

2481 2868 2874 2934 ὲνθεωρείσθαι
2898 2870 3012 2930 τοῖς
3045 2871 3313 2932 αἰτιατοῖς
3343 2870 3621 2941 διαφόρως
3648 2871 3711 2923 τὸ
3751 2871 3937 2923 αἴτιον
3970 2888 4069 2923 και

2480 2961 2847 3029 τανοήσαντες
2874 2960 2973 3014 καὶ
2992 2954 3135 3012 εἶναι
3165 2962 3259 3015 καὶ
3286 2962 3451 3031 σοφὸν
3474 2957 3615 3015 εἶναι
3656 2962 3752 3016 καὶ
3783 2961 3895 3025 ζῶν
3926 2957 4070 3015 εἶναι

2484 3050 2727 3113 εὐσεϐῶς
2774 3050 2936 3104 τοῦτο
2996 3052 3322 3105 κατέλαϐον.
3372 3053 3484 3107 Καὶ
3534 3054 3628 3107 τὸν
3674 3055 3805 3123 περὶ
3846 3054 4072 3121 Πατρὶς

2483 3141 2577 3194 καὶ
2603 3140 2734 3193 ἰ’ἱοῦ
2762 3142 2858 3193 καὶ
2890 3142 3051 3209 ἁγίου
3107 3143 3430 3211 Πνεῦματος
3481 3142 3702 3213 θεοτελῆ
3745 3144 3843 3196 καὶ
3882 3146 4069 3211 σωτή-

2487 3250 2600 3303 ριον
2628 3232 2880 3287 ἐντεῦθεν
2906 3234 3267 3305 ἐδιδάχθησαν
3294 3236 3477 3303 λόγον,
3506 3235 3633 3289 καθ’
3663 3236 3725 3290 δν
3743 3238 3808 3289 οὐ
3839 3239 3938 3291 τὸν
3974 3239 4071 3293 tu}

2483 3320 2625 3377 εἶναι
2682 3324 2843 3393 μόνον
2889 3325 3081 3387 ἁπλῶς
3120 3325 3216 3379 τοῦ
3278 3327 3454 3381 αἰτίου
3475 3327 3522 3355 ’⁷
3565 3326 3728 3393 λόγον
3781 3331 4071 3398 μυστικῶς

2483 3416 2893 3487 ὲφωτίσθησαν,
2929 3417 3068 3471 ἀλλὰ
3100 3420 3196 3471 καὶ
3241 3420 3335 3471 τὸν
3368 3420 3467 3489 τῆς
3519 3420 3810 3491 ὑπάρξεως
3858 3424 4071 3491 τρόπον

2485 3507 2727 3569 εὐσεϐῶς
2782 3508 3137 3577 ἐμυήθησαν.
3170 3510 3281 3563 Καὶ
3334 3509 3497 3563 πάλιν
3555 3511 3700 3563 κατὰ
3759 3513 3939 3583 μόνην
3975 3514 4075 3583 τὴν

2485 3597 2637 3650 θέσιν
2664 3599 2846 3651 πᾶσαν
2869 3600 2971 3668 τὴν
2996 3600 3176 3652 κτίσιν
3207 3600 3690 3671 περιαθρήσαντες
3729 3606 3859 3666 τοὺς
3910 3607 4073 3676 εἰρη-

2488 3690 2687 3759 μένους
2736 3691 2896 3744 πέντε
2950 3693 3032 3755 εἰς
3071 3696 3222 3759 τρεῖς
3273 3695 3625 3749 συνέστειλαν
3680 3695 3915 3767 θεωρίας
3942 3700 4073 3766 τρό-

2485 3799 2643 3845 που-ἵν
2671 3782 2729 3847 ἐξ
2780 3782 3015 3853 οὐρανοῦ
3055 3785 3152 3837 καὶ
3195 3784 3300 3853 τῆς
3331 3787 3426 3839 καὶ
3455 3786 3566 3839 τῶν
3599 3789 3659 3841 ἑν
3687 3789 3840 3857 μέσῳ
3863 3790 4075 3859 ἠθικῆς

2487 3875 2579 3925 καὶ
2612 3874 2856 3942 φυσικῆς
2882 3875 2978 3926 καὶ
3010 3874 3331 3944 θεολογικῆς
3382 3878 3705 3947 φιλοσοφίας
3744 3882 4077 3936 διῶσκαλον

2489 3965 2589 4033 τὴν
2616 3965 2796 4016 κτίσιν
2822 3959 2964 4016 εἶναι
2996 3965 3074 4033 τῷ
3100 3968 3222 4018 καθ’
3253 3967 3456 4037 ἑαυτὴν
3486 3967 3631 4038 λόγῳ
3659 3972 4070 4036 ἐπεγνωκότες.

2490 4057 2660 4111 Πάλιν
2687 4058 2744 4110 δὲ
2767 4057 2831 4109 ὲκ
2861 4058 3029 4127 μόνης
3059 4057 3161 4127 τῆς
3202 4058 3469 4129 διαφορᾶς
3512 4064 3611 4131 τὴν
3637 4064 3815 4115 κτίσιν
3854 4063 4077 4135 θεωρή-

2491 4168 2705 4214 σαντες.
2751 4152 3032 4203 τουτέστιν
3074 4153 3137 4203 ἐκ
3177 4151 3289 4204 τῶν
3328 4155 3694 4224 περιεχόντων
3737 4157 3834 4208 καὶ
3891 4175 4063 4229 περι-

2489 4240 2785 4309 εχομένων,
2816 4240 3040 4307 λέγωδὲ
3076 4241 3171 4294 τοῦ
3205 4243 3442 4313 οὐρανοῦ
3489 4244 3586 4299 καὶ
3626 4244 3733 4299 τῶν
3779 4246 3962 4309 ἐντὸς,
3997 4250 4081 4309 εἰς

2489 4332 2583 4385 δύο
2602 4334 2729 4395 τοὺς
2760 4335 2911 4403 τρεῖς
2934 4334 3244 4404 συνήγαγον
3282 4336 3537 4407 τρόπους,
3572 4340 3762 4405 σοφίαν
3789 4341 3946 4409 φημὶ
3982 4343 4078 4397 καὶ

2491 4424 2835 4491 φιλοσοφίαν,
2866 4424 2967 4495 τὴν
3032 4426 3132 4495 μὲν
3182 4427 3258 4489 ὡς
3313 4430 3668 4500 περιεκτικὴν
3709 4432 3805 4483 καὶ
3852 4432 4077 4495 πάντας

812 4525 1060 4592 inquam,
1089 4531 1146 4576 et
1173 4520 1258 4575 eis
1289 4534 1413 4589 qua:
1448 4517 1939 4587 circumplectitur,
1970 4518 2024 4571 in
2057 4517 2199 4571 duos
2233 4516 2379 4571 rede-

2494 4514 2817 4585 θεοπρεπῶς
2862 4517 2991 4579 τοὺς
3043 4518 3287 4581 εὖσεϐεῖς
3345 4520 3435 4571 ἐπ’
3509 4521 3680 4589 αὐτῆς
3730 4521 4079 4590 λεγομένους

811 4621 1015 4681 gerunt
1055 4611 1192 4666 istos
1240 4619 1355 4665 tres
1406 4607 1628 4671 modos,
1672 4608 1728 4661 in
1777 4607 2106 4677 sapientiam
2160 4605 2285 4660 dico
2335 4614 2379 4659 el

2497 4606 2890 4676 ὲπιδεχομένην
2942 4611 3202 4679 τρόπους,
3258 4610 3352 4664 καὶ
3396 4611 3524 4674 τοὺς
3568 4614 3698 4682 περὶ
3743 4614 3853 4665 τῶν
3895 4615 4081 4669 ἄλλων

812 4700 1242 4772 philosophiam,
1268 4697 1495 4753 alteram
1513 4697 1740 4767 quidem
1761 4706 1821 4751 ut
1850 4694 2387 4767 comprehensivam.

811 4800 1151 4861 cunctosque
1186 4790 1263 4843 ita
1297 4798 1358 4843 ut
1388 4789 1612 4859 dignum
1648 4796 1734 4842 est
1768 4788 1881 4842 Deo
1915 4786 2109 4841 modos
2139 4786 2261 4856 pios
2294 4787 2388 4855 qui

810 4885 987 4954 ipsius
1021 4890 1323 4937 censentur
1358 4880 1743 4949 recipientem,
1777 4887 1834 4934 et
1866 4879 2010 4932 intra
2043 4893 2167 4934 sese
2200 4878 2389 4949 mysti-

811 4992 906 5032 cas
929 4984 988 5031 et
1013 4974 1297 5029 naturales
1326 4972 1395 5028 de
1426 4973 1653 5042 reliquis
1684 4973 1928 5026 rationes
1962 4971 2336 5025 includentem
2373 4988 2387 5025 :

811 5068 1044 5122 alteram
1079 5074 1141 5119 ut
1172 5080 1296 5134 quae
1336 5080 1519 5118 mores
1552 5074 1608 5117 ct
1640 5064 2003 5126 voluntatem.
2029 5064 2303 5117 actionem
2342 5072 2397 5115 ct

812 5156 1361 5226 contemplationem,
1385 5163 1441 5208 et
1474 5154 1732 5208 virtutem
1765 5162 1824 5207 et
1852 5153 2219 5223 cognitionem
2248 5169 2397 5207 com-

726 5242 729 5245 ⁴
812 5248 1125 5318 prehensas
1146 5245 1518 5300 familiaritate
1553 5245 1782 5299 relativa
1814 5243 1881 5299 ad
1917 5244 2246 5314 sapientiam
2276 5254 2396 5297 tan-

811 5354 980 5409 quam
1006 5337 1075 5392 ad
1104 5353 1327 5393 causam
1352 5337 1599 5392 deducit.
1618 5339 1796 5407 Atque
1819 5353 2015 5392 rursus
2033 5339 2190 5408 juxta
2218 5338 2391 5392 solam

812 5431 1152 5495 mistionem,
1180 5430 1285 5483 hoc
1306 5444 1391 5485 est
1414 5431 1740 5500 aequabilem
1767 5430 2144 5485 universitatis
2167 5446 2392 5500 compo-

817 5522 1093 5587 sitionem,
1122 5522 1498 5578 conditionem
1530 5531 1865 5593 spectantes,
1893 5536 1958 5575 ac
1995 5536 2094 5591 per
2126 5520 2241 5575 hate
2274 5535 2392 5573 om-

2498 4694 2649 4758 ὲντδς
2678 4697 2879 4767 ἑαυτῆς
2906 4700 3210 4767 μυστικούς
3236 4718 3299 4753 τε
3322 4703 3415 4754 καὶ
3439 4702 3703 4769 φυσικοὺς
3726 4706 4081 4774 περικλείου-

2498 4804 2596 4840 σαν
2624 4787 2840 4855 λόγους,
2862 4791 2962 4857 τὴν
2985 4791 3042 4844 δὲ
3071 4792 3147 4855 ὼς
3176 4793 3342 4862 ἤθους
3372 4794 3471 4846 καὶ
3505 4793 3736 4863 γνώμης
3756 4836 3772 4859 ,
3808 4797 4075 4867 πράξεώς

2495 4896 2552 4931 τε
2584 4880 2679 4932 καὶ
2705 4880 2965 4952 θεωρίας,
2996 4884 3088 4936 καὶ
3122 4886 3324 4953 ἀρετῆς
3376 4886 3471 4938 καὶ
3518 4888 3773 4952 γνώσεως
3824 4903 4081 4942 συνεκτι-

2498 4973 2622 5042 κὴν,
2663 4973 2759 5026 καὶ
2806 4974 3102 5044 οἰκειότητι
3149 4979 3374 5045 σχετικῇ
3419 4976 3557 5046 πρὸς
3595 4977 3691 5047 τὴν
3750 4980 3957 5047 σοφίαν
4005 4982 4079 5043 ὡς

2495 5064 2674 5116 αἰτίαν
2718 5066 3163 5137 ἀναφερομένην.
3196 5070 3307 5121 Καὶ
3356 5070 3521 5121 πάλιν
3567 5069 3706 5122 κατὰ
3745 5069 3925 5139 μόνην
3979 5075 4077 5143 τὴν

2494 5158 2694 5228 κρᾶσιν
2744 5159 2864 5228 ἢτοι
2908 5160 3010 5229 τὴν
3050 5161 3375 5232 ἐναρμόνιον
3411 5162 3506 5216 τοῦ
3544 5162 3746 5226 παντὸς
3792 5163 4077 5229 σύνθεσιν,

2492 5250 2593 5319 τὴν
2624 5250 2805 5303 κτίσιν
2846 5254 3314 5323 κατανοήσαντες,
3352 5257 3448 5307 καὶ
3474 5255 3561 5307 διὰ
3595 5254 3817 5308 πάντων
3837 5255 3960 5307 τῶν
3985 5259 4079 5309 αλ-

2491 5340 2673 5411 λήλοις
2719 5341 2908 5412 (150
2954 5344 3008 5413 α)
3058 5345 3314 5416 ἀρρήτως
3373 5348 3454 5410 εἰς
3503 5348 3622 5409 ἑνὸς
3676 5348 4081 5419 συμπλήρωσιν

2496 5434 2703 5502 κόσμου
2740 5434 3140 5506 συνδεδεμένων
3189 5438 3350 5506 μόνον
3370 5437 3463 5491 τὸν
3493 5438 3783 5492 συνδέοντα
3836 5442 3941 5493 καὶ
3964 5443 4080 5493 tm.

2501 5522 2810 5591 σφίγγοντα
2839 5525 2917 5595 τῷ
2941 5527 3050 5598 ὅλῳ
3071 5528 3139 5581 τὰ
3162 5530 3306 5599 μέρη
3340 5531 3435 5584 καὶ
3454 5511 3702 5600 ἀλλήλοις
3736 5530 4077 5602 δημιουργὸν

2101 5632 2339 5688 unus:
2394 5632 2799 5706 LECTIONES.

1322 5730 1585 5803 ρυθμίζον
1618 5731 1742 5786 cod.
1769 5730 1911 5786 Gud.
1937 5730 1995 5785 ln
2027 5745 2197 5800 marg.
2234 5730 2303 5785 ab
2332 5730 2521 5785 eadem
2552 5745 2714 5785 manu
2764 5732 3102 5805 adscriptum
3134 5736 3333 5808 legitur
3385 5738 3652 5819 δόξαντος.
3727 5740 3771 5769 ⁷⁷
3827 5740 4077 5813 ᾼροςη-

815 5800 988 5871 phum
1022 5800 1185 5856 habet
1212 5802 1391 5871 λόγου.
