4200 6440
204 401 335 470 1137

1427 404 1940 472 AMBIGUORUM
1983 412 2230 473 LIBER.

3294 403 3431 468 1138

199 523 562 593 ἐννοήσαντες
602 522 759 592 λόγον
790 524 916 586 τοὺς
962 523 1055 577 δύο
1097 524 1177 585 εἰς
1224 526 1320 576 ἕνα
1358 524 1590 594 θεωρίας
1640 542 1760 577 συν-
1798 533 1834 583 Α

1798 533 1834 583 Α
1862 530 1981 586 nia,
2014 543 2135 596 qua:
2174 535 2367 581 mutuo
2412 529 2556 581 inter
2590 542 2648 582 se
2686 526 2907 581 vinculo
2946 525 3001 577 in
3039 522 3204 600 unius
3242 522 3427 575 inumli

199 614 452 668 ἐκλεισαν
498 615 725 685 τρόπον,
762 615 884 668 καθ’
908 616 968 668 ὃν
1016 614 1161 685 ἁπλῇ
1211 614 1488 685 προσϐολῇ
1526 616 1614 668 διὰ
1655 615 1766 667 τῶν

200 706 256 758 ὲν
286 709 403 769 τοῖς
430 704 549 760 οὖσι
580 707 754 775 λόγων
780 708 916 778 πρὸς
945 706 1006 759 τὸ
1032 707 1203 760 αἴτιον
1243 706 1368 759 νοῦν
1392 706 1767 778 διαπορθμεύο

204 811 422 862 σαντες,
454 800 551 852 καὶ
577 798 725 870 μόνῳ
765 798 914 869 αὐτῷ
940 800 1015 862 ὡς
1041 797 1342 867 συναγωγῶ
1373 796 1483 850 τῶν
1514 798 1570 862 ἐξ
1600 796 1765 851 αὑτοῦ

200 887 425 940 πάντων
484 887 579 941 καὶ
660 886 897 956 ἑλκτικῷ
967 885 1373 958 προσδήσαντες
1404 925 1418 947 ,
1477 888 1588 947 τοῖς
1640 886 1765 939 καθ’

196 977 408 1031 ἕκαστα
428 977 538 1031 τῶν
565 977 706 1031 ὅλων
729 977 807 1048 τῷ
842 976 1227 1047 ὑπερὸαθῆναι
1257 976 1439 1031 οὐκέτι
1484 976 1765 1046 διαχεόμε-

198 1085 281 1120 νοι
306 1068 508 1136 λόγοις,
540 1068 630 1121 διὰ
652 1067 747 1121 τοῦ
774 1067 1067 1120 πεπεῖσθαι
1093 1066 1282 1135 σαφῶς
1314 1067 1475 1135 μόνον
1510 1066 1603 1118 τὸν
1634 1067 1769 1120 Θεδν

196 1157 405 1227 κυρεως
454 1154 596 1211 εἶναι
643 1157 828 1211 λοιπὸν
864 1158 931 1210 ἐκ
959 1155 1060 1226 τῆς
1115 1157 1253 1227 πρὸς
1319 1156 1388 1211 τὰ
1440 1157 1570 1210 ὅντα
1608 1158 1768 1225 ἀκρι-

195 1248 329 1311 ϐοῦς
374 1248 747 1315 ἐνατενίσεως,
793 1250 887 1302 καὶ
923 1248 1111 1302 οὐσίαν
1146 1247 1256 1301 τῶν
1305 1247 1473 1301 ὅντων
1502 1249 1595 1301 καὶ
1615 1248 1769 1318 κίνησ

114 1392 117 1395 .
197 1350 285 1392 σιν
332 1340 427 1392 καὶ
470 1340 577 1393 τῶν
627 1338 993 1410 διαφερόντων
1033 1338 1363 1410 εὐκρίνειαν,
1404 1340 1500 1392 καὶ
1539 1340 1769 1409 συνοχὴν

196 1430 488 1487 ἀδιάλυτον
515 1433 625 1485 τῶν
654 1431 1085 1502 κεκραμμινων,
1114 1432 1210 1484 καὶ
1255 1432 1469 1502 ἵδρυσιν
1502 1432 1768 1500 ἀμετάθε-

194 1540 291 1577 τον
311 1523 421 1575 τῶν
449 1523 808 1593 τεθειμένων,
835 1522 934 1576 καὶ
957 1522 1143 1591 πάσης
1165 1522 1356 1587 ἁπλῶς
1377 1523 1477 1593 τῆς
1518 1520 1768 1575 ὁπωσοῦν

192 1615 495 1687 νοουμένης
515 1614 725 1677 οὐσίας,
752 1615 847 1667 καὶ
871 1614 1140 1683 κινήσεως
1177 1614 1273 1667 καὶ
1299 1614 1593 1683 διαφοράς,
1625 1613 1763 1683 κρά-

195 1705 340 1769 σεώς
383 1723 446 1759 τε
496 1706 593 1759 καὶ
645 1704 848 1769 θέσεως
894 1704 1069 1759 αῐτιον
1094 1743 1110 1767 ,
1149 1704 1330 1773 σοφῶς
1380 1706 1449 1757 δι’
1491 1706 1765 1776 ἐμφεροῦς

188 1801 513 1872 όμοιότητος
543 1798 643 1871 τὴν
664 1799 805 1854 κατὰ
834 1797 924 1875 τόν
963 1799 1218 1870 αἰσθητὸν
1259 1798 1430 1852 αἰῶνα
1482 1800 1753 1869 μυστικὴν

192 1869 431 1964 θεωρίαν
456 1893 548 1947 ἐπὶ
573 1869 665 1945 τὸν
680 1892 824 1946 κατά
847 1869 1088 1945 διάνοιαν
1115 1869 1186 1945 ἐν
1223 1889 1494 1962 πνεύματι
1529 1890 1619 1944 διὰ
1654 1890 1763 1943 τῶν
1798 1869 1838 1925 Β

192 1986 409 2057 ἀρετῶν
433 1984 925 2056 συμπληρούμενον
961 1982 1165 2055 κόσμον
1213 1986 1556 2055 μετήνεγκαν
1585 1999 1600 2016 ο
1642 1982 1763 2037 καθ’

192 2078 263 2147 ἢν
289 2078 417 2141 τοὺς
447 2078 776 2148 εἰρημένους
824 2078 1061 2148 τρόπους
1107 2078 1187 2141 εἰς
1219 2077 1315 2130 ἕνα
1368 2076 1766 2144 συναγαγόντες

188 2172 288 2225 τὸν
320 2171 597 2243 διαφόροις
630 2168 845 2242 ἀρετῶν
873 2170 1043 2225 εἴδεσι
1072 2170 1173 2242 τὴν
1202 2172 1297 2223 τοῦ
1325 2169 1469 2223 κατὰ
1510 2169 1756 2222 διάνοιαν

191 2262 479 2334 γνωμικοῦ
517 2262 728 2334 κόσμου
768 2262 957 2315 οὐσίαν
1002 2260 1386 2334 ἐκπληροῦντα
1412 2262 1477 2315 δι’
1506 2262 1629 2315 ὅλου
1677 2261 1765 2314 λό-

192 2371 294 2421 γον
323 2355 639 2425 μονιότατον
656 2355 893 2418 ἑαυτοῖς,
915 2354 992 2417 ὡς
1014 2353 1253 2420 ἐφικτὸν,
1282 2352 1764 2422 ἐναπωμόρξαντο,

190 2446 409 2509 πάντας
435 2444 640 2516 δηλαδὴ
667 2443 1013 2516 περάσαντες
1041 2444 1169 2507 τοὺς
1197 2443 1308 2495 τῶν
1330 2442 1499 2495 ὅντων
1532 2443 1628 2495 καὶ
1669 2443 1768 2494 a6-

185 2538 323 2601 τοὺς
348 2538 475 2602 τοὺς
504 2537 615 2590 τῶν
644 2532 860 2606 ἀρετῶν
900 2534 1113 2603 λόγους,
1158 2533 1358 2603 μᾶλλον
1382 2533 1438 2587 δέ
1474 2532 1610 2603 μετὰ
1633 2531 1763 2585 τού-

190 2646 305 2682 των
332 2630 469 2699 πρὸς
500 2630 595 2683 τὸν
628 2628 772 2696 ὑπὲρ
800 2627 1050 2690 τούτους,
1081 2626 1180 2680 καὶ
1208 2628 1287 2688 εἰς
1316 2625 1377 2678 ὅν
1406 2619 1552 2679 οὗτοι
1579 2624 1674 2677 καὶ
1705 2626 1763 2690 ἐξ

189 2715 257 2777 οὗ
278 2722 341 2775 τὸ
364 2717 503 2775 εἶναι
531 2720 746 2784 τούτοις
772 2721 922 2774 ἐστὶν
942 2718 1271 2791 ύπερούσιον
1292 2719 1387 2773 καὶ
1413 2716 1767 2789 ὑπεράγαθον

1867 619 2288 685 completioncm
2332 617 2596 672 inell‘abili
2641 618 2881 687 quodam
2931 616 3094 669 modo
3132 612 3428 675 cohaerent,

1866 708 2040 762 solum
2085 724 2211 762 eum
2252 710 2346 778 qui
2396 724 2460 763 ea
2504 710 2751 778 colligat,
2790 723 3029 776 cumque
3075 703 3432 759 universitate

1868 808 2053 867 partes
2084 802 2326 870 singulas
2354 802 2560 871 hasque
2594 801 2740 870 ipsas
2765 800 2908 854 inter
2955 799 3166 867 seipsas
3197 795 3433 850 invicem

1864 892 2210 961 constringit,
2255 891 2517 961 Opiliccm
2555 894 2824 947 rationem
2867 889 3251 961 cogitabundi,
3291 888 3433 943 duos

1867 984 2002 1038 istos
2039 984 2093 1036 in
2134 1000 2307 1037 unum
2345 985 2828 1053 contemplationis
2862 984 3088 1038 modum
3124 984 3429 1043 cluserunt,

1866 1075 2170 1128 secundum
2208 1090 2372 1144 quem
2412 1090 2522 1129 uno
2559 1078 2791 1145 appulsu
2830 1090 2929 1144 per
2964 1074 3208 1128 rationes
3247 1088 3430 1126 rerum

1866 1178 1988 1232 quae
2012 1173 2143 1218 sunt
2168 1173 2410 1218 mentem
2438 1164 2506 1218 ad
2534 1179 2755 1218 causam
2791 1165 3245 1227 transmittentes,
3268 1162 3432 1232 eique

1868 1253 1962 1306 uni
2003 1262 2262 1324 tanquam
2301 1254 2666 1311 conciliatrici
2710 1270 2902 1309 eorum
2939 1270 3062 1324 quae
3097 1269 3167 1309 ex
3201 1269 3267 1308 ea
3303 1261 3433 1308 sunt

1864 1344 2136 1409 omnium,
2165 1360 2233 1400 ac
2268 1359 2457 1402 secum
2505 1344 2767 1411 trahenti,
2797 1345 3180 1417 adjungentes,
3209 1344 3433 1398 univer-

1865 1448 2054 1489 sorum
2090 1435 2397 1491 rationibus
2421 1450 2520 1506 per
2543 1435 2757 1507 singula
2783 1451 3014 1507 quaeque
3048 1443 3431 1506 superatorum

1866 1540 1977 1581 non
2016 1528 2127 1598 jam
2172 1527 2388 1594 diﬂ'usi,
2425 1543 2551 1583 cum
2598 1529 2681 1584 eis
2719 1528 2881 1599 plane
2925 1543 3247 1599 persuasum
3286 1537 3435 1583 esset

1867 1618 2046 1672 solum
2086 1617 2259 1673 Deum
2299 1621 2525 1690 proprie
2568 1620 2805 1691 relinqui
2841 1636 2909 1677 ex
2950 1630 3210 1676 accurata
3249 1636 3432 1676 rerum

1867 1726 1991 1780 quae
2017 1719 2146 1766 sunt
2171 1711 2488 1777 intuitione,
2512 1722 2571 1768 et
2599 1713 2895 1768 essentiam
2925 1728 3119 1768 earum
3154 1721 3211 1768 et
3238 1712 3437 1767 motio-

1870 1816 2015 1865 nem,
2047 1808 2103 1855 et
2138 1801 2389 1857 ordinem
2428 1801 2570 1857 bene
2608 1802 2927 1857 distinctum
2967 1816 3158 1857 eorum
3193 1816 3316 1870 quae
3353 1800 3436 1855 di-

1865 1900 2030 1957 stant,
2048 1901 2322 1948 eteorum
2344 1909 2464 1964 qua:
2486 1894 2648 1949 mista
2670 1904 2799 1949 sunt
2820 1894 3112 1949 insolubile
3132 1894 3433 1955 vinculum,

1866 1992 1923 2038 et
1947 1983 2341 2039 immutabilem
2374 1999 2568 2039 eorum
2598 1998 2721 2055 quae
2752 1985 2932 2055 posita
2965 1994 3094 2040 sunt
3123 1985 3437 2040 collocatio-

1866 2090 2022 2138 nem,
2053 2084 2109 2131 et
2142 2077 2325 2130 omnis
2357 2076 2687 2146 simpliciter
2717 2077 2972 2132 essentia:
3006 2092 3225 2147 quaqua
3264 2077 3435 2130 menti

1866 2177 2167 2236 perceptae,
2216 2176 2273 2222 et
2322 2167 2583 2223 motionis
2628 2176 2689 2223 et
2736 2167 3119 2231 discretionis,
3160 2166 3435 2221 mistionis

1864 2265 2030 2326 atque
2063 2258 2358 2327 positionis
2390 2274 2635 2324 causam,
2658 2258 2811 2324 hinc,
2837 2259 3085 2329 inquam,
3111 2273 3212 2329 per
3241 2258 3434 2315 simili-

1866 2349 2112 2405 tudinem
2139 2359 2535 2421 congruentem
2564 2352 2841 2421 sapienter
2867 2353 3149 2423 mystioam
3179 2351 3284 2407 hoc
3308 2367 3434 2406 sen-

1865 2442 2006 2496 suali
2029 2457 2148 2497 aevo
2172 2443 2695 2513 contemplationem
2721 2443 2778 2498 in
2801 2429 3066 2498 mundum
3091 2443 3436 2498 intellectua-

1864 2536 1970 2590 lem
2010 2535 2068 2590 in
2111 2537 2309 2606 spiritu
2351 2551 2452 2606 per
2489 2537 2725 2591 virtutes
2756 2536 3095 2605 completum
3134 2535 3434 2591 transtule-

1865 2637 2013 2692 runt,
2032 2629 2334 2683 secundum
2357 2643 2521 2698 quam
2544 2627 3061 2699 contemplationem
3083 2628 3276 2683 modos
3295 2642 3436 2696 quos

1865 2719 1977 2774 dixi
2018 2719 2072 2773 in
2115 2734 2285 2774 unum
2324 2706 2628 2777 conﬂantes
2668 2719 2937 2775 rationem
2970 2720 3141 2774 variis
3168 2718 3435 2773 virtutum

186 2813 353 2883 λόγον
376 2810 672 2881 ἀγνώστως
702 2810 1110 2883 ἀναδραμόντες
1140 2827 1156 2843 ’
1200 2812 1299 2865 καὶ
1331 2810 1442 2864 ὅλοι
1473 2810 1582 2880 ὅλῳ
1618 2808 1764 2863 κατά

1861 2810 2153 2879 speciebus
2191 2811 2492 2865 voluntatis
2531 2808 2860 2880 consiliique
2904 2809 3094 2863 mundi
3137 2809 3433 2865 essentiam

188 2904 253 2956 τὸ
297 2903 521 2973 ἐφικτὸν
561 2902 746 2975 (150
770 2904 823 2973 ὁ)
861 2902 962 2975 τῆς
998 2902 1228 2972 ἐνούσης
1280 2901 1465 2963 αὐτοῖς
1528 2899 1767 2969 φυσικῆς

1864 2902 2092 2955 omnino
2125 2902 2461 2971 explentem,
2491 2902 2672 2957 solum
2708 2902 2815 2957 sibi
2851 2910 3126 2971 quatenus
3158 2910 3434 2971 poterant,

185 2995 479 3066 δυνάμεως
511 2995 555 3027 ⁷⁸
605 2995 900 3057 ἐνωθέντες
948 2994 1207 3048 τοσοῦτον
1256 2991 1625 3063 ἐνδεχομένως
1672 2991 1766 3044 ὑπ’
1799 3012 1811 3020 -

1799 3012 1811 3020 ·
1863 2992 2002 3061 ipsis
2039 2994 2475 3063 impresseruut,
2505 2996 2780 3064 superatis
2807 2992 3062 3049 videlicet
3091 3008 3283 3048 eorum
3315 3008 3439 3061 qua:

186 3084 361 3157 ὶιὺτοῦ
419 3085 790 3156 ἐποιώθησαν,
849 3084 994 3139 ὥστε
1028 3085 1128 3138 καὶ
1174 3083 1284 3139 ἀπὸ
1311 3083 1471 3154 μόνου
1512 3081 1765 3151 γνωρὶζε-

1866 3092 1997 3138 sunt
2030 3083 2272 3152 ipsisque
2305 3083 2575 3138 virtutum
2611 3082 2939 3145 rationibus.
2969 3083 3056 3137 vel
3092 3082 3275 3154 potius
3309 3098 3437 3137 cum

191 3176 345 3239 σθαι,
372 3172 484 3230 οἷον
511 3175 759 3266 ἔσοπσιτρς⁵
788 3175 1150 3240 διετδέστατα,
1192 3176 1316 3229 ὅλου
1346 3174 1439 3227 τοῦ
1468 3174 1765 3245 ἐνορῶντος
1790 3208 1833 3266 C

1790 3208 1833 3266 ο
1864 3172 1952 3228 his
1987 3173 2057 3227 ad
2092 3188 2211 3228 eam
2247 3188 2371 3242 quae
2410 3173 2557 3227 ultra
2596 3174 2700 3228 has
2738 3182 2845 3238 est,
2871 3182 2927 3227 et
2964 3175 3020 3227 in
3060 3188 3223 3243 quam
3260 3173 3346 3227 hae
3381 3182 3440 3227 et

184 3261 333 3317 Θεοῦ
386 3264 545 3333 λόγου
596 3265 657 3317 τὸ
691 3258 831 3327 εἶδος
873 3263 1303 3334 άπαραλείπτως
1344 3262 1433 3316 διὰ
1458 3262 1568 3314 τῶν
1605 3261 1763 3314 θείων
1798 3258 1832 3266 ⁷

1798 3258 1832 3266 ⁷
1872 3264 2017 3319 unde
2063 3266 2210 3334 quod
2260 3275 2391 3319 sunt
2436 3265 2669 3330 habent,
2700 3267 3216 3335 superessentialem
3264 3267 3435 3321 ratio-

189 3357 363 3410 αὐτοῦ
415 3354 821 3427 γνωρισμάτων
860 3354 1190 3424 φαινόμενον
1224 3354 1463 3424 ἔχοντες,
1489 3350 1565 3421 τῷ
1588 3350 1762 3403 ἐλλει-

1870 3370 2016 3416 nem,
2042 3365 2098 3410 et
2120 3372 2241 3424 qua:
2268 3356 2571 3411 bonitatem
2596 3358 2838 3421 excedit,
2867 3358 3439 3427 incomprehensibili-

184 3447 393 3517 φθῆναι
410 3446 612 3517 μηδένα
634 3444 743 3499 τῶν
767 3444 1011 3498 παλαιῶν
1035 3445 1417 3516 χαρακτήρων,
1452 3437 1533 3506 οἷς
1560 3441 1763 3512 μηνύε-

1870 3455 1953 3500 ter
1984 3447 2158 3500 evecti
2202 3464 2215 3500 :
2252 3456 2310 3501 et
2340 3462 2535 3502 omnes
2567 3448 2717 3502 omni
2751 3457 3018 3517 quantum
3052 3464 3120 3502 ex
3157 3448 3321 3503 insita
3356 3448 3438 3502 eis

190 3540 322 3592 σθαι
381 3539 594 3608 πέφυκε
620 3540 683 3591 τὸ
708 3537 1069 3609 ἀνθρώπινον,
1109 3537 1326 3590 πάντων
1356 3534 1617 3602 εἰξάντων
1648 3536 1762 3597 τοῖς

1868 3537 2105 3591 naturali
2132 3546 2401 3607 potestate
2426 3538 2605 3603 licuit,
2629 3538 2842 3594 aduniti
2873 3548 3084 3594 tantum
3110 3538 3291 3609 quoad
3317 3540 3439 3610 ejus

182 3631 494 3700 ἀμείνοσιν,
527 3625 639 3684 οἷον
684 3630 793 3702 ἀὴρ
840 3627 1087 3700 ἀφεγγὴς
1121 3628 1261 3698 φωτὶ
1287 3628 1357 3682 δι’
1389 3628 1512 3681 ὅλου
1564 3642 1761 3697 μετεγ-

1865 3628 1983 3684 ﬁeri
2019 3631 2198 3699 potuit
2230 3630 2299 3685 ab
2336 3647 2400 3685 ea
2436 3630 2735 3701 qualiﬁcati
2770 3640 2927 3698 sunt,
2956 3640 3017 3685 ut
3052 3632 3217 3687 etiam
3249 3648 3282 3687 a
3320 3632 3437 3687 solo

184 3722 440 3792 κραθείς.
1868 3720 2286 3791 insignirentur,
2320 3723 2471 3778 velut
2507 3725 2813 3793 specularia
2861 3724 3229 3789 lucidissima,
3267 3724 3438 3779 totius

184 3814 291 3868 Dei
320 3814 678 3883 inspectantis
711 3812 942 3869 rationis
971 3813 1212 3883 Speciem
1247 3812 1407 3883 plene
1442 3827 1541 3882 per
1572 3809 1759 3867 divina
1797 3811 1916 3881 ejus
1972 3812 2205 3884 insignia
2262 3825 2620 3884 apparentem
2647 3816 2931 3880 habentes,
2952 3832 3020 3873 eo
3044 3815 3191 3887 quod
3221 3817 3433 3872 nullum

180 3907 266 3961 de
299 3908 548 3977 pristinis
579 3908 896 3979 signaculis,
920 3907 1122 3977 quibus
1155 3907 1455 3962 humanum
1492 3906 1853 3971 indicaretur,
1914 3906 2185 3977 reliquum
2243 3918 2386 3972 erat,
2416 3909 2485 3964 iis
2538 3924 2662 3979 quae
2688 3909 2914 3965 meliora
2938 3919 3068 3964 sunt
3109 3906 3435 3965 cedentibus

180 3998 471 4064 omuibus,
508 3998 577 4053 ad
620 3998 795 4054 instar
828 3998 979 4053 aeris
1014 3999 1252 4053 illumini
1288 4000 1412 4053 luce
1446 3996 1765 4069 plenissima
1802 3996 2080 4053 transfusi.

505 4177 723 4244 Θεωρία
758 4178 846 4242 εἰς
885 4176 992 4231 τὸν⁹
1044 4175 1435 4245 Μελχισεδέκ.

1423 4215 1435 4228 .
2214 4173 2602 4247 Contemplatio
2635 4178 2689 4231 in
2725 4175 3078 4232 Melchisedec.

262 4287 462 4357 Ὅπερ,
502 4282 679 4357 οἶμαι,
742 4287 905 4354 γνοὺς
962 4285 1061 4339 καὶ
1121 4284 1313 4339 παθὼν
1366 4288 1395 4339 ό
1444 4285 1786 4355 θαυμαστὸς,

1782 4341 1786 4344 .
1928 4288 2109 4355 Quod,
2134 4298 2288 4358 puto,
2311 4288 2465 4343 novit
2484 4297 2541 4344 et
2568 4302 2763 4358 passus
2781 4294 2874 4345 "est
2898 4289 3235 4345 admirabilis
3259 4290 3351 4345 ille
3374 4300 3433 4345 et

180 4377 399 4439 ἐκεῖνος
450 4376 546 4429 καὶ
592 4376 764 4446 μέγας
800 4375 1157 4445 Μελχισεδὲκ,
1188 4377 1317 4446 περὶ
1356 4375 1415 4428 ὃν
1445 4376 1512 4430 τά
1542 4378 1758 4444 μεγάλα

1859 4396 2090 4451 magnus
2126 4380 2509 4445 Melchisedec,
2537 4380 2606 4435 de
2636 4395 2747 4450 quo
2777 4395 2970 4450 magna
3003 4389 3060 4434 et
3086 4382 3432 4436 admirabilia

181 4466 287 4519 καὶ
321 4465 612 4535 θαυμαστά
659 4466 813 4536 παρά
870 4469 935 4537 τῇ
982 4468 1173 4537 Γραφῇ
1197 4468 1225 4520 ό
1254 4467 1395 4530 θεῖος
1423 4467 1758 4538 διεξέρχεται

1861 4475 1914 4528 in
1955 4472 2259 4540 Scripturis
2290 4471 2512 4525 divinus
2546 4486 2728 4525 sermo
2761 4480 2999 4533 enarrat,
3032 4472 3177 4541 quod
3217 4483 3432 4541 tempus

182 4556 375 4624 λόγος,
402 4558 598 4630 χρόνου
653 4558 746 4611 καὶ
783 4557 998 4627 φύσεως
1044 4558 1300 4629 ὑπεράνω
1347 4558 1603 4626 γενέσθαι
1626 4599 1638 4622 ,
1662 4558 1755 4609 καὶ
1792 4587 1833 4640 D

1792 4587 1833 4640 υ
1861 4576 1924 4617 ac
1947 4570 2201 4616 naturam
2233 4561 2533 4629 superavit,
2561 4560 2769 4631 Deique
2801 4560 2940 4615 Filio
2970 4561 3199 4617 similari
3232 4562 3431 4632 dignus

172 4650 525 4721 ὁμοιωθῆναι
572 4650 650 4720 τῷ
682 4650 797 4721 ne
833 4650 928 4705 τοῦ
972 4650 1107 4705 Θεοῦ
1147 4650 1479 4721 κατηξιώθη,
1521 4649 1760 4715 τοιοῦτος

1864 4652 2083 4706 habitus
2104 4659 2208 4716 est,
2229 4650 2352 4706 talis
2375 4651 2632 4707 videlicet
2658 4652 2849 4707 habitu
2874 4654 3174 4708 secundum
3200 4656 3430 4723 gratiam

178 4741 303 4807 ἔξει
334 4742 536 4813 δηλαδὴ
562 4744 702 4797 κατά
728 4744 828 4813 τὴν
858 4744 1022 4813 χάριν
1054 4743 1132 4807 ὠς
1172 4745 1396 4812 ἐφικτὸν
1441 4744 1755 4814 γενόμενος,

173 4831 302 4899 οἶος
347 4834 508 4898 αὐτὸς
558 4835 588 4886 ὀ
629 4834 795 4906 δοτὴρ
860 4836 960 4905 τῆς
1018 4835 1238 4905 χάριτος
1271 4834 1413 4888 κατά
1446 4834 1544 4905 τὴν
1572 4835 1759 4888 οὐσίαν

178 4929 453 5005 ὑπάρχων
486 4928 831 4982 πιστεύεται.
855 4929 931 4981 Τὸ
960 4928 1071 4998 γὰρ
1110 4926 1379 4995 Ἀπάτωρ
1400 4926 1497 4981 καὶ
1516 4928 1759 4998 ἀμήτωρ

179 5019 287 5074 καὶ
333 5020 808 5090 ἀγενεαλόγητος
886 5020 1018 5090 περὶ
1073 5018 1237 5072 αὑτοῦ
1296 5018 1589 5088 λεγόμενον
1616 5059 1629 5081 ,
1657 5017 1759 5071 οὐκ

178 5110 318 5165 ἄλλο
372 5111 599 5182 μηνύειν
636 5110 849 5164 ὑπονοῶ
875 5111 908 5182 ἦ
937 5113 1037 5180 τὴν
1091 5111 1461 5181 ἐγγενομένην
1508 5108 1663 5179 αὐτῷ
1694 5110 1758 5161 ἐκ

178 5203 287 5273 τῆς
350 5203 473 5256 κατ’
533 5201 733 5273 ἀρετὴν
772 5203 1080 5273 ἀκροτάτης
1121 5202 1343 5273 χάριτος
1388 5200 1605 5254 τελείαν
1650 5198 1759 5251 τῶν

180 5294 437 5367 φυσικῶν
466 5295 865 5365 γνωρισμάτων
893 5294 1151 5347 ἀπόθεσιν
1182 5308 1199 5325 ·
1234 5292 1296 5346 τὸ
1349 5291 1407 5345 δέ
1449 5290 1600 5361 μήτε
1651 5289 1756 5358 ἀρ·-

180 5386 310 5457 χὴν
336 5386 598 5455 ἡμερῶν,
630 5385 782 5456 μήτε
838 5384 986 5454 ζωῆς
1012 5382 1188 5451 τέλος
1224 5382 1368 5455 ἔχειν
1391 5422 1405 5448 ,
1434 5382 1532 5454 τὴν
1560 5382 1756 5453 χρόνου

181 5481 391 5542 παντὸς
426 5479 519 5532 καὶ
549 5477 745 5541 αἰῶνος
782 5476 1024 5546 ἰδιότητα
1066 5474 1487 5546 περιγράφουσα
1512 5471 1715 5543 γνῶσιν
1737 5511 1752 5537 ,

261 5612 287 5650 ⁵·
322 5612 488 5667 llcbr.
520 5627 614 5676 vn,
639 5611 692 5664 3.
774 5612 787 5649 ί
820 5608 953 5664 ibid.

1859 4741 2036 4812 quoad
2072 4743 2248 4811 potuit
2273 4742 2470 4806 factus,
2500 4743 2680 4812 qualis
2715 4743 2829 4813 ipse
2851 4744 3036 4813 gratiae
3055 4744 3211 4799 dator
3236 4761 3432 4801 secun-

1860 4834 1990 4888 dum
2020 4834 2315 4888 essentiam
2340 4850 2462 4890 esse
2487 4834 2754 4889 creditur.
2775 4833 2932 4900 Quod
2962 4835 3108 4889 enim
3137 4838 3254 4889 sine
3276 4848 3431 4905 patre

1860 4934 1916 4981 et
1942 4933 2114 4979 matre
2134 4934 2191 4979 et
2212 4925 2331 4980 sine
2352 4939 2552 4995 genere
2570 4934 2834 4979 censetur
2856 4926 2907 4991 h,
2930 4926 3067 4980 nihil
3090 4926 3240 4981 aliud
3266 4927 3433 4997 signi-

1863 5016 2024 5072 ﬁcare
2049 5026 2181 5085 puto
2204 5031 2366 5085 quam
2393 5032 2514 5085 quae
2536 5017 2767 5087 contigit
2794 5017 2844 5071 ei
2875 5032 2943 5071 ex
2967 5032 3181 5071 summa
3207 5026 3434 5087 propter

1859 5106 2121 5161 virtutem
2174 5106 2346 5176 gratia
2400 5106 2731 5160 naturalium
2782 5107 3079 5177 insignium
3129 5106 3431 5175 perfeCtam

1860 5196 2257 5267 depositionem
2297 5212 2310 5248 :
2351 5195 2487 5250 illud
2526 5212 2676 5261 vero,
2706 5197 2853 5266 quod
2888 5214 3055 5268 neque
3086 5200 3288 5252 dierum
3327 5202 3433 5254 ini-

1861 5289 1992 5342 tium
2022 5302 2187 5356 neque
2214 5286 2334 5341 vita:
2354 5285 2514 5355 ﬁnem
2536 5287 2724 5341 habeat
2747 5289 2791 5354 ί,
2814 5288 3180 5358 cognitionem
3214 5298 3431 5361 tempus

1860 5395 2023 5434 omne
2049 5389 2107 5434 et
2128 5395 2301 5435 :evum
2333 5378 2907 5446 circumscribentem,
2928 5389 2986 5435 et
3009 5382 3431 5451 contemplatio-

1860 5486 1983 5525 nem
2028 5472 2210 5525 onmis
2252 5469 2553 5526 materialis
2593 5479 2648 5527 et
2689 5471 3065 5529 immaterialis
3106 5472 3428 5529 substantia:

1493 5674 1730 5731 ΥΛιὶΙίΕ
1772 5672 2173 5734 LECTIONES.

261 5779 305 5808 '“'
340 5776 626 5839 ἓνωθὲντος
664 5776 827 5831 habet
858 5775 1248 5845 apographum.
