4200 6440
732 368 872 436 1139

1890 379 1949 437 S.
1993 375 2283 436 MAXIM!
2321 376 2466 436 CON
2476 377 2838 440 FESSORIS

3872 376 4019 444 111.0

729 483 1115 539 exsistentiam
1150 493 1504 554 superantem
1541 493 1776 540 testatur
1804 502 1816 538 τ
1849 485 1996 556 quod
2029 501 2160 540 vero
2187 485 2321 540 Filio

2427 488 2521 542 καὶ
2576 489 2759 560 πάσης
2793 489 2986 560 ὑλικῆς
3033 491 3127 544 καὶ
3183 489 3350 545 ἁῢλου
3401 489 3590 555 οὐσίας
3633 490 3733 561 τὴν
3773 489 4019 562 ὕπαρξιν

733 573 827 630 Dei
866 575 1192 630 assimilatas
1223 576 1467 631 sacerdos
1504 586 1721 632 maneat
1751 579 1804 630 in
1841 587 2154 647 perpetuum
2180 576 2227 642 i,
2259 577 2316 632 id

731 667 969 724 fortasse
1018 669 1334 724 manifestat
1377 685 1507 724 eum
1553 671 1621 724 ad
1675 685 1847 738 usque
1901 669 2064 724 linem
2122 669 2315 724 habitu

735 763 1026 817 immutate
1056 777 1216 832 posse
1240 763 1466 816 virtutis
1492 763 1602 818 Deo
1629 757 1923 817 simillimae
1948 777 2012 817 ac
2037 761 2237 816 divina:
2259 769 2317 814 et

735 854 790 907 in
822 851 994 908 Deum
1029 853 1344 908 iutuitionis
1373 853 1804 908 intellectualem
1840 855 2062 907 oculum
2097 865 2316 912 servare

733 952 1006 1013 apertum.
1043 941 1180 999 Cum
1228 956 1424 999 natura
1468 944 1616 998 enim
1662 943 1910 1014 conﬂigit
1957 944 2160 1007 virtus,
2191 958 2315 997 cum

735 1043 984 1105 tempore
1014 1045 1072 1092 et
1097 1051 1215 1090 aevo
1239 1052 1368 1090 vera
1395 1035 1810 1105 contemplatio,
1836 1037 2006 1090 altera
2030 1044 2091 1088 ut
2113 1035 2316 1090 invicta

735 1145 765 1184 a
800 1130 1016 1184 caeteris
1051 1137 1269 1183 maneat
1299 1143 1644 1197 quaacunque
1681 1138 1806 1199 post
1838 1130 2006 1184 Deum
2042 1144 2164 1184 esse
2197 1143 2319 1184 cre-

735 1219 966 1283 duntur,
994 1228 1051 1273 et
1079 1219 1418 1287 insuperata,
1447 1227 1508 1273 ut
1538 1221 1716 1273 solum
1752 1220 1920 1274 Deum
1955 1218 2136 1274 sciens
2165 1219 2320 1289 geni-

738 1320 934 1373 torem,
960 1311 1133 1364 altera
1161 1325 1294 1364 vero
1326 1311 1824 1382 incircumscripta,
1856 1312 1910 1366 in
1943 1312 2096 1365 nullo
2123 1327 2317 1366 eorum

735 1417 859 1470 qua:
903 1401 1118 1457 initium
1159 1410 1256 1455 aut
1302 1401 1466 1457 ﬁnem
1512 1403 1716 1457 habent
1758 1404 2088 1467 immorans,
2126 1412 2318 1473 utpote

736 1493 831 1547 Dei
863 1508 960 1562 per
988 1507 1048 1546 se
1078 1492 1372 1562 imaginem
1401 1491 1666 1555 referens,
1696 1494 1789 1562 qui
1821 1507 1984 1547 omne
2013 1493 2232 1546 initium
2263 1500 2319 1547 et

735 1585 900 1639 ﬁnem
936 1583 1130 1638 deﬁnit
1166 1597 1497 1651 omnemque
1538 1583 1964 1638 intellectionem
2005 1584 2319 1652 intelligen-

735 1673 874 1728 tium
901 1673 1168 1728 ineﬁ'abili
1189 1673 1391 1727 ecstasi
1417 1672 1483 1726 ad
1508 1688 1566 1727 se
1589 1673 1781 1727 trahit.
1805 1674 1883 1727 Ex
1907 1673 2111 1742 quibus
2132 1674 2316 1726 divina

733 1774 965 1837 apparet
990 1764 1313 1830 similitudo,
1337 1763 1692 1836 cognitionis,
1718 1765 1966 1833 inquam,
1990 1773 2045 1819 et
2073 1764 2315 1828 virtutis,

732 1871 791 1914 et
816 1876 913 1928 per
935 1875 1075 1929 quas
1100 1857 1418 1914 inturbatus
1442 1858 1536 1912 Dei
1564 1857 1736 1911 solius
1761 1873 1916 1912 amor
1936 1857 2116 1927 dignis
2145 1872 2328 1910 scrva-

734 1963 848 2015 tur,
876 1950 1183 2006 secundum
1219 1965 1384 2019 quem
1423 1949 1742 2018 adoptionis
1773 1949 2039 2018 dignatio,
2066 1957 2127 2002 ut
2151 1949 2323 2002 Deum

732 2043 916 2108 decet,
946 2044 1074 2098 data
1108 2052 1378 2113 perpetuo
1411 2041 1566 2096 adire
1595 2038 1857 2096 Deum'et
1886 2041 2078 2096 adesse
2115 2041 2326 2111 gratiﬁ-

733 2145 913 2202 catur,
936 2152 1058 2205 qua:
1084 2135 1334 2203 dignatio
1358 2133 1427 2188 ad
1455 2135 1835 2188 exorationem
1863 2133 2037 2202 ipsam
2065 2133 2324 2187 adeuntis

733 2228 982 2282 divinam
1021 2225 1444 2282 similitudinem
1482 2225 1727 2280 exhibet.
1763 2224 1920 2281 Unde
1959 2224 2324 2293 probabiliter

735 2320 978 2373 arbitror
1017 2334 1127 2372 non
1171 2332 1270 2385 per
1308 2326 1522 2385 tempus
1565 2325 1621 2369 et
1658 2323 1946 2378 naturam,
1980 2316 2083 2369 sub
2120 2317 2325 2386 quibus

735 2410 1063 2466 naturaliter
1098 2407 1238 2462 ﬁniit
1271 2423 1500 2478 magnus
1540 2407 1921 2471 Melchisedec,
1947 2423 2179 2477 quaeque
2213 2409 2323 2462 vita

735 2514 790 2558 et
820 2504 1031 2558 ratione
1055 2503 1167 2571 jam
1200 2501 1481 2571 superavit
1505 2508 1561 2554 et
1592 2514 1822 2569 prorsus
1851 2498 2183 2570 dereliquit,
2209 2499 2320 2554 dici

738 2595 944 2652 dobere
983 2615 998 2651 :
1032 2596 1226 2651 Divina
1262 2613 1381 2649 eum
1416 2613 1535 2648 cum
1566 2594 1880 2666 justiﬁcavit
1921 2596 2091 2660 ratio;
2125 2595 2220 2649 sed
2255 2610 2320 2648 ex

737 2691 940 2761 quibus
982 2697 1039 2744 et
1077 2705 1178 2759 per
1213 2704 1334 2758 qua:
1379 2688 1624 2743 animum
1669 2704 1732 2742 ac
1775 2688 2116 2742 voluntatem
2164 2702 2322 2741 suam

739 2782 1116 2853 regettcravit,
1161 2780 1216 2834 id
1259 2790 1344 2835 est
1391 2781 1596 2835 virtute
1639 2789 1696 2835 et
1734 2780 2076 2850 cognitione,
2117 2779 2324 2835 debere

735 2876 941 2930 vocari.
969 2875 1028 2928 ιιι
1065 2874 1269 2943 quibus
1294 2874 1441 2928 enim
1467 2875 1722 2928 voluntas
1749 2874 2000 2943 gnaviter
2023 2889 2122 2942 per
2147 2873 2325 2926 virtu—

737 2980 822 3024 tes
847 2983 974 3021 cum
999 2967 1117 3036 lege
1147 2975 1377 3029 naturae,
1405 2983 1530 3020 cum
1557 2982 1664 3035 qua
1691 2967 1894 3020 bellum
1923 2981 2185 3035 perquam
2217 2965 2323 3018 dif-

737 3059 902 3124 ﬁcile,
929 3058 1254 3122 decertavit,
1281 3067 1446 3127 atque
1473 3060 1739 3128 temporis
1765 3058 1978 3128 avique
2007 3058 2320 3128 proprieta-

737 3159 847 3205 tem
885 3165 982 3219 per
1015 3149 1388 3219 cognitionem
1424 3145 1772 3203 intemeratae
1793 3150 1994 3203 mentis
2019 3147 2319 3204 transvolat

2425 580 2868 650 ὕπερδαίνουσαν
2895 581 3132 650 θεωρίαν
3163 585 3438 652 μαρτυρεῖ
3462 598 3475 610 °
3494 583 3556 634 τὸ
3587 582 3642 635 δὲ
3683 586 4016 650 Ἀςρωμοιω-

2417 671 2607 738 μένος
2653 671 2733 737 τῷ
2791 672 2902 738 Υιῷ
2942 672 3048 726 τοῦ
3101 672 3251 726 Θεοῦ
3287 673 3456 742 μένει
3497 676 3582 739 εις
3635 674 3702 725 τὸ
3731 673 4020 740 διενηκὲς

2425 764 2647 832 ἱερεὺς,
2679 766 2818 834 τάχα
2857 765 3020 837 μέχρι
3051 765 3245 827 τέλους
3292 765 3419 817 καθ’
3452 763 3571 830 ἕξιν
3599 765 3871 835 ἄτρεπτον
3907 766 4016 832 τῆς

2425 855 2843 927 θεοειδεστάτης
2890 857 3097 928 ἀρετῆς
3151 857 3247 910 καὶ
3296 858 3396 924 τῆς
3429 857 3581 920 θείας
3613 858 3709 910 καὶ
3753 856 3892 926 πρὸς
3918 856 4022 906 τὸν

2423 946 2557 999 Θεὸν
2609 948 2788 1018 (151
2821 950 2874 1018 a)
2917 949 3274 1012 ενατενίσεως
3307 951 3369 1002 τὸ
3413 949 3598 1019 νοερὸν
3630 950 3786 1018 δμμα
3817 947 4021 1000 ἀνεπί-

2428 1054 2631 1106 μυστον
2655 1039 2954 1110 δυνηθῆναι
2978 1038 3215 1109 φυλάξαι
3241 1040 3566 1110 παραδηλοῖ.
3591 1039 3670 1109 Τῇ
3703 1037 3871 1106 φύσει
3899 1036 4021 1104 γὰρ

2425 1129 2667 1201 ἡάρετὴ
2729 1130 3001 1202 μάχεσθαι
3048 1132 3281 1202 πέφυκε,
3336 1132 3432 1184 καὶ
3489 1131 3668 1202 χρόνῳ
3712 1130 3809 1182 καὶ
3853 1128 4021 1181 αίῶνι

2423 1224 2455 1291 ὴ
2491 1221 2698 1295 ἀληθὴς
2738 1222 2964 1292 Θεωρία,
2994 1224 3079 1276 ἵνα
3112 1226 3145 1296 ἡ
3209 1225 3308 1296 μὲν
3343 1223 3646 1285 ἀδούλωτος
3703 1223 3857 1293 μένοι
3899 1223 4024 1283 τοῖς

2424 1314 2608 1378 ἄλλοις
2661 1316 2764 1368 ὅσα
2797 1315 2936 1385 μετὰ
2965 1315 3101 1369 Θεὸν
3127 1315 3267 1369 εἶναι
3307 1315 3663 1382 πιστεύεται,
3704 1315 3800 1368 καὶ
3830 1314 4023 1382 ἀκρά-

2425 1423 2607 1475 τητος,
2633 1406 2710 1469 ὡς
2739 1405 2874 1459 Θεὸν
2908 1407 3070 1476 μόνον
3099 1409 3274 1461 είδυῖα
3314 1409 3643 1477 γεννήτορα,
3676 1409 3710 1476 ἡ
3732 1407 3788 1459 δὲ
3817 1404 4026 1475 ἀπερί-

2425 1513 2655 1566 γραφος,
2696 1497 2873 1552 οὐδενὶ
2915 1499 3025 1550 τῶν
3052 1498 3229 1570 ἀρχὴν
3262 1499 3295 1568 ἦ
3328 1500 3484 1562 τέλος
3529 1500 3772 1576 ἑχόντων
3817 1499 4028 1550 ὲναπο-

2428 1591 2688 1661 μένουσα,
2722 1591 2797 1652 ὡς
2830 1592 2963 1646 Θεὸν
3000 1593 3069 1646 δι’
3085 1593 3288 1664 ἑαυτῆς
3317 1593 3685 1657 εἰκονίζουσα,
3712 1577 3806 1645 τὸν
3830 1592 4028 1660 πάσης

2424 1684 2598 1754 ἀρχῆς
2617 1685 2711 1736 καὶ
2739 1683 2927 1747 τέλους
2954 1685 3247 1756 ὸριστικὸν,
3267 1687 3362 1738 καί
3388 1686 3568 1739 πᾶσαν
3587 1685 3772 1753 νόησιν
3793 1684 3902 1736 τῶν
3926 1701 4027 1735 voc

2424 1777 2633 1830 ούντων
2665 1779 2787 1831 κατ’
2812 1778 3074 1832 ἔκστασιν
3102 1780 3344 1850 άρρητον
3367 1779 3505 1850 πρὸς
3527 1778 3722 1831 ἑαυτὸν
3757 1777 4021 1829 ἕλκοντα.

2362 1857 2402 1910 Β
2442 1869 2531 1933 Ἐξ
2564 1863 2639 1923 ὧν
2659 1871 2692 1938 ἡ
2717 1871 2837 1924 θεία
2866 1871 3131 1941 ὁμοίωσις
3165 1871 3466 1932 δείκνυται,
3491 1869 3750 1939 γνώσεώς
3778 1868 3838 1922 τέ
3866 1885 4024 1937 φημι

2427 1961 2522 2013 καὶ
2549 1960 2778 2031 ἀρετῆς,
2819 1962 2915 2014 καὶ
2944 1961 3010 2014 δι’
3041 1954 3116 2015 ὧν
3154 1962 3187 2032 ἡ
3220 1963 3300 2024 εἰς
3347 1961 3508 2031 μόνον
3545 1960 3636 2014 τὸν
3674 1960 3806 2013 Θεὸν
3848 1958 4027 2013 ἀκλό-

2429 2071 2593 2123 νητος
2623 2053 2811 2124 ἀγάπη
2841 2056 2953 2118 τοῖς
2979 2053 3154 2119 ἀξίοις
3184 2054 3538 2124 φυλάττεται,
3566 2053 3689 2106 καθ’
3723 2053 3790 2123 ἦν
3822 2054 3880 2106 τὸ
3906 2051 4025 2120 τῆς

2425 2145 2699 2209 υἱοθεσίας
2751 2146 2970 2216 ἀξίωμα
3019 2145 3346 2217 θεοπρεπῶς
3401 2146 3684 2216 διδόμενον
3739 2144 4026 2216 διηνεκῶς

2423 2240 2779 2309 ἐντυγχάνειν
2825 2239 2948 2309 Θεῷ
2997 2239 3096 2293 καὶ
3147 2239 3490 2310 παρεστάναι
3531 2235 3837 2308 χαρίζεται,
3869 2237 4026 2306 πρὸς

2424 2331 2744 2401 δυσώπησιν
2803 2331 2977 2402 αὐτὴν
3041 2329 3137 2386 τοῦ
3198 2331 3628 2402 ἐντυγχάνοντος
3688 2331 3788 2400 τὴν
3855 2329 4028 2383 θείαν
4083 2365 4092 2370 ι

2423 2423 2684 2494 ὁμοίωσιν
2714 2425 3108 2495 παρεχόμενον.
3139 2424 3304 2479 Ὅθεν
3355 2423 3584 2486 εἰκότως
3634 2421 4025 2492 ὑπολαμϐάνω

2428 2516 2503 2588 μὴ
2536 2516 2624 2570 διὰ
2657 2517 2852 2587 χρόνον
2898 2519 2996 2572 καὶ
3041 2517 3282 2586 φύσεως,
3312 2517 3405 2586 ὑφ’
3431 2517 3468 2571 ἃ
3511 2517 3756 2586 φυσικῶς
3787 2515 4025 2568 ὲτέλειό

2427 2610 2600 2680 μέγας
2653 2611 3012 2680 Μελχισεδὲκ,
3064 2609 3164 2680 βίῳ
3232 2610 3326 2663 καὶ
3367 2609 3512 2680 λόγῳ
3581 2607 4023 2678 ὑπερϐαθὲιτων

2421 2703 2527 2772 ἤδη
2554 2705 2649 2756 καὶ
2678 2703 2961 2765 παντελῶς
2999 2701 3523 2773 καταλελειμμένων
3554 2698 4024 2771 προσαγορευθῆ-

2425 2811 2514 2846 ναι
2541 2794 2673 2858 δεῖν,
2722 2794 2784 2847 Ὀ
2817 2794 2974 2860 θεῖος
3000 2794 3192 2847 αὑτὸν
3221 2793 3537 2848 ἐδικαίωσε
3565 2795 3769 2862 λόγος,
3804 2791 3929 2845 ἀλλ’
3957 2790 4023 2858 ἐξ

2422 2879 2498 2938 ὧν
2527 2887 2622 2938 καὶ
2647 2885 2712 2938 δι’
2735 2878 2811 2939 ὧν
2837 2886 3032 2940 ἑαυτὸν
3067 2887 3403 2956 μετεποίησε
3420 2884 3739 2954 γνωμικῶς,
3766 2885 3984 2955 ἀρετῆς
4005 2899 4020 2914 ⁸

2424 2974 2569 3042 λέγω
2617 2975 2713 3028 καὶ
2769 2976 3044 3044 γνώσεως,
3105 2976 3502 3048 ὀνομασθῆναι.
3546 2977 3662 3043 Ἐφ’
3697 2969 3774 3030 ῶν
3818 2977 3936 3044 γὰρ
3986 2977 4022 3046 ἡ

2423 3065 2619 3135 γνώμη
2647 3066 2912 3133 γενναίως
2945 3065 3032 3118 διὰ
3060 3067 3171 3118 τῶν
3201 3067 3416 3138 ἀρετῶν
3443 3068 3537 3120 τὸν
3574 3064 4024 3138 δυσμαχώτατον

2422 3159 2523 3226 τῆς
2578 3153 2797 3225 φύσεως
2844 3158 3262 3226 κατηγωνίσατο
3313 3159 3499 3228 νόμον,
3531 3159 3623 3211 καὶ
3665 3159 3766 3228 τὴν
3811 3158 4021 3228 χρόνου

738 3243 940 3306 motio,
975 3242 1060 3295 his
1099 3257 1209 3295 non
1247 3240 1329 3296 fas
1371 3251 1456 3295 est
1492 3241 1797 3294 attribuere
1838 3241 2158 3294 relictorum
2202 3249 2321 3294 tan-

2425 3250 2519 3301 atat
2568 3249 2766 3310 αίῶνος
2817 3248 3058 3318 ίδιότητα
3096 3247 3186 3302 διὰ
3227 3248 3486 3317 γνώσεως
3523 3249 3809 3320 ἀχράντως
3847 3252 3880 3318 ἡ
3912 3249 4018 3302 τοῦ

737 3349 904 3402 quam
945 3331 1158 3400 insigne
1196 3331 1618 3400 proprietatem,
1652 3331 1748 3384 sed
1786 3331 1970 3400 potius
2005 3340 2318 3400 assumpto-

738 3440 865 3478 rum
897 3421 1379 3492 magniﬁcentiam,
1406 3437 1473 3477 ex
1504 3422 1707 3490 quibus
1736 3432 1792 3476 et
1820 3422 1873 3475 in
1905 3423 2108 3491 quibus
2141 3424 2316 3476 solum

740 3525 872 3591 sunt
897 3523 1061 3583 atque
1093 3519 1484 3584 agnoscuntur.
1510 3512 1564 3567 Si
1591 3513 1814 3582 quidem
1844 3514 2009 3567 etiam
2038 3530 2137 3566 nos
2160 3524 2321 3567 natu-

740 3607 933 3661 raliter
972 3607 1053 3660 eis
1097 3621 1220 3675 qua:
1261 3604 1522 3658 videntur
1565 3604 1873 3659 incidentes
1921 3621 1988 3658 ex
2039 3605 2321 3659 coloribus

738 3716 969 3770 corpora
1009 3710 1066 3754 et
1106 3699 1388 3769 signamus
1423 3705 1480 3752 et
1517 3697 1881 3766 appellamus,
1919 3697 2090 3751 veluti
2132 3697 2318 3751 lumen

738 3809 924 3849 aerem
962 3794 1085 3848 luce
1121 3791 1428 3863 perfusum,
1461 3801 1518 3846 et
1553 3792 1730 3861 ignem
1765 3790 2206 3860 qualemcunque
2240 3791 2324 3844 in-

737 3902 958 3942 censam
985 3884 1290 3949 materiam,
1312 3890 1369 3940 et
1392 3883 1684 3938 candidum
1713 3897 1914 3951 corpus
1942 3881 2318 3945 candidatum,

739 3994 971 4049 qumque
998 3979 1102 4032 alia
1131 3987 1261 4031 sunt
1289 3977 1455 4047 hujus
1481 3976 1718 4045 generis.
1746 3975 1900 4040 Quod
1936 3975 1980 4027 si
2015 3975 2320 4029 secundum

739 4072 908 4126 animi
935 4087 1000 4125 ac
1023 4070 1323 4125 voluntatis
1344 4070 1606 4124 virtutem
1638 4067 1814 4138 pluris
1842 4067 2132 4123 aestimavit
2156 4084 2320 4137 quam

740 4175 994 4219 naturam
1043 4171 1100 4215 et
1149 4177 1493 4233 quaecunque
1541 4176 1662 4214 eam
1711 4170 2052 4229 sequuntur,
2093 4172 2321 4230 propter

741 4256 1026 4327 pulchram
1074 4263 1275 4308 nostra:
1323 4253 1610 4323 dignitatis
1658 4254 2018 4317 electionem,
2060 4263 2116 4308 et
2158 4270 2319 4308 onme

740 4359 960 4417 tempus
989 4356 1152 4416 atque
1179 4362 1354 4400 :evum
1389 4345 1702 4416 cognitione
1739 4347 2039 4415 superavit,
2066 4362 2324 4416 quaecun-

738 4455 850 4509 que
873 4447 995 4509 post
1023 4438 1195 4493 Deum
1223 4444 1352 4491 sunt
1382 4452 1413 4491 a
1450 4445 1602 4507 tergo
1634 4437 1738 4491 sibi
1773 4453 1894 4492 esse
1931 4440 2206 4507 gnostices
2238 4454 2322 4494 se-

741 4530 983 4584 cundum
1018 4527 1539 4596 contemplationem
1568 4527 1948 4593 aestimans,et
1969 4529 2102 4583 nulli
2129 4545 2320 4582 eorum
2357 4554 2400 4608 ι)

739 4637 864 4691 quae
907 4621 1186 4674 exsistunt
1223 4619 1278 4671 in
1320 4633 1431 4688 quo
1475 4619 1873 4688 qualiscunque
1922 4620 2012 4673 ille
2057 4620 2319 4673 terminus

739 4713 1086 4773 observatur,
1125 4709 1468 4771 immoratus,
1501 4709 1723 4764 divinus
1761 4709 2144 4772 Melchisedec,
2182 4719 2237 4764 et
2273 4710 2317 4763 si

737 4804 808 4858 ad
842 4802 1058 4857 divinas
1088 4801 1208 4866 Dei,
1229 4817 1352 4870 quae
1385 4801 1660 4872 principio
1689 4812 1878 4857 carent
1904 4812 1959 4857 et
1988 4804 2320 4858 immortales

739 4900 891 4955 sunt,
925 4893 1196 4947 essentias
1219 4907 1320 4961 per
1351 4892 1622 4946 rationem
1659 4893 1961 4948 secundum
1999 4895 2228 4963 gratiam
2265 4895 2318 4948 in

741 4981 952 5050 Spiritu
984 4988 1278 5049 generatus
1303 4991 1407 5043 est,
1431 4990 1487 5033 et
1509 4980 1713 5034 salvam
1748 4982 1800 5034 in
1832 4997 1891 5035 se
1920 4990 1977 5036 et
2001 5000 2186 5037 veram
2214 4985 2319 5040 fert

739 5075 837 5128 Dei
865 5071 1133 5143 genitoris
1155 5071 1577 5125 similitudinem
1604 5073 1672 5143 (si
1696 5073 1918 5142 quidem
1951 5077 2036 5129 vel
2061 5076 2320 5145 qua-libet

740 5163 1024 5235 generatio
1075 5161 1418 5233 generatoris
1460 5163 1641 5217 simile
1687 5174 2046 5233 repraesentat
2087 5183 2320 5237 genera-

743 5269 858 5312 tum
902 5275 914 5310 :
956 5256 1094 5310 Nam
1136 5255 1274 5325 quod
1313 5263 1624 5324 generatum
1660 5265 1759 5320 est,
1794 5258 1999 5326 inquit,
2035 5260 2098 5312 de
2137 5277 2316 5326 carne,

739 5365 868 5402 caro
897 5355 994 5409 est,
1018 5345 1156 5414 quod
1180 5361 1298 5397 vero
1324 5344 1386 5395 de
1411 5346 1601 5413 spiritu
1635 5355 1709 5398 est
1739 5357 2069 5415 generatum,
2100 5350 2320 5418 spiritus

741 5451 816 5498 est
843 5441 916 5511 ll),
942 5440 1192 5508 sequitur
1216 5447 1277 5491 ut
1307 5453 1415 5490 non
1450 5453 1516 5491 ex
1552 5441 1894 5494 naturalibus
1926 5451 1981 5495 et
2009 5445 2320 5512 temporali-

742 5535 847 5589 bus
878 5531 1329 5603 proprietatibus,
1352 5529 1559 5598 quibus
1589 5543 1744 5600 patcr
1767 5542 1821 5587 et
1850 5545 2022 5590 mater
2046 5545 2102 5590 et
2128 5552 2325 5606 genea-

794 5633 826 5700 ἰ
866 5649 1032 5706 Hebr.
1060 5663 1174 5709 vm,
1207 5646 1258 5697 5.
1335 5643 1361 5683 ι
1391 5646 1548 5700 Joau.
1575 5664 1648 5712 ιιι,
1679 5651 1731 5702 6.

2424 3339 2516 3392 νοῦ
2555 3339 2931 3410 ὑπερίπταται
2967 3341 3208 3408 κίνησις,
3236 3341 3453 3403 τούτοις
3479 3343 3580 3393 οὐκ
3611 3341 3760 3394 ἔστιν
3791 3342 4020 3410 ἐπιφη-

2428 3429 2584 3499 μίσαι
2611 3427 2820 3480 δίκαιον
2853 3429 2962 3480 τῶν
2993 3427 3433 3496 ἀπολειφθέντων
3471 3427 3546 3490 ὡς
3585 3427 3878 3497 γνώρισμα
3910 3428 4021 3489 τὴν

2429 3522 2689 3591 ἰδιότητα,
2728 3520 2909 3590 (151
2947 3521 2998 3591 b)
3035 3519 3173 3580 ἀλλά
3211 3520 3414 3590 μᾶλλον
3466 3520 3567 3590 τὴν
3616 3520 3744 3588 τῶνΙ
3767 3518 4021 3589 προσλη-

2426 3615 2673 3682 φθέντων
2723 3610 3226 3683 μεγαλοιξρέπειαν,
3260 3613 3317 3678 ἐξ
3365 3606 3440 3665 ὧν
3491 3613 3586 3665 καὶ
3629 3613 3688 3664 ὲν
3732 3606 3815 3674 οἷς
3849 3612 4024 3681 μόνον

2428 3703 2538 3756 εἰσὶ
2586 3701 2776 3754 λοιπὸν
2825 3702 2918 3755 κα.)¹
2963 3700 3443 3770 ὲπιγινώσκονται.
3484 3701 3642 3754 Ἐπεὶ
3694 3701 3789 3753 καὶ
3845 3704 4021 3770 ἡμεῖς

2426 3795 2672 3866 φυσικῶς
2721 3795 2838 3857 τοῖς
2872 3777 3089 3864 ὁρατοῖς
3122 3793 3509 3856 ἐπιϐάλλοντες
3529 3794 3593 3846 ἐκ
3628 3792 3738 3845 τῶν
3777 3793 4019 3863 χρωμά-

2422 3901 2533 3937 των
2571 3883 2639 3936 τά
2691 3881 2919 3951 σώματα
2972 3881 3069 3935 καὶ
3125 3881 3467 3953 γνωρίζομεν
3510 3883 3603 3934 καὶ
3639 3883 4020 3952 ὀνομάζομεν,

2423 3971 2535 4029 οἷον
2573 3975 2649 4036 ὡς
2680 3974 2795 4042 φῶς
2830 3976 2922 4026 τὸν
2952 3976 3369 4044 πεφωτισμένον
3410 3975 3573 4045 ἀέρα,
3610 3975 3706 4027 καὶ
3760 3974 3874 4044 πῦρ
3911 3975 4025 4044 τὴν

2424 4067 2643 4122 οἱανοῦν
2684 4067 2857 4135 πυρὸς
2906 4067 3229 4137 ἐξημμένην
3269 4066 3426 4136 ὓλην,
3461 4067 3554 4120 καὶ
3601 4065 3797 4118 λευκὸν
3827 4065 3886 4116 τὸ
3921 4065 4022 4117 λεδ

2424 4157 2796 4228 λευκασμένον
2844 4156 3026 4227 σῶμα,
3061 4157 3156 4209 καὶ
3195 4158 3295 4210 ὅσα
3341 4155 3478 4209 ἄλλα
3507 4157 3922 4225 τοιουτότροπα.
3956 4157 4025 4208 Εἰ

2424 4250 2608 4302 τοίνυν
2669 4249 2964 4318 γνωμικῶς
3013 4247 3114 4318 τὴν
3155 4248 3358 4319 ἀρετὴν
3410 4248 3509 4318 τῆς
3535 4247 3749 4316 φύσεως
3778 4247 4026 4300 καὶτῶν

2427 4341 2548 4395 κατ’
2583 4339 2756 4410 αὐτὴν
2778 4341 3038 4393 ἁπάντων
3066 4341 3427 4410 προετίμησε,
3453 4340 3541 4392 διά
3568 4340 3668 4410 τὴν
3702 4339 3871 4409 καλὴν
3918 4337 4024 4391 τοῦ

2428 4434 2513 4498 ἐφ’
2538 4434 2671 4502 ἡμῖν
2705 4430 3019 4501 ἀξιώματος
3055 4433 3290 4503 αἳρεσιν,
3322 4433 3416 4484 καὶ
3446 4433 3628 4484 πάντα
3666 4431 3858 4500 χρόνον
3915 4431 4023 4483 καὶ

2428 4526 2601 4581 αἰῶνα
2632 4525 2775 4579 κατά
2811 4526 2911 4596 τὴν
2960 4525 3168 4594 γνῶσιν
3213 4526 3638 4596 ὑπερηκόντισε,
3670 4527 3850 4578 πάντα
3907 4525 4022 4577 ὅσα

2434 4619 2573 4690 μετά
2633 4617 2768 4670 Θεὸν
2826 4618 3057 4670 κατόπιν
3111 4617 3309 4670 ἑαυτοῦ
3355 4601 3676 4685 γνωστικῶς
3717 4615 3860 4667 κατά
3911 4616 4026 4685 τὴν

2438 4712 2673 4782 θεωρίαν
2701 4711 3094 4780 ποιησάμενος,
3117 4709 3294 4762 οὐδενὶ
3327 4709 3436 4762 τῶν
3464 4709 3633 4762 όντων
3665 4708 3945 4776 ἐμμείνας
3974 4703 4023 4776 ᾧ

2429 4805 2813 4874 ἐπιθεωρεῖται
2845 4803 2908 4855 τὸ
2931 4801 3150 4855 οἱανοῦν
3171 4801 3363 4874 πέρα,
3394 4803 3422 4854 ό
3453 4799 3595 4864 θεῖος
3621 4800 3972 4868 Μελχισεδὲκ
4007 4841 4022 4864 ,

2442 4896 2579 4967 πρὸς
2627 4895 2684 4949 δὲ
2735 4895 2834 4958 τὰς
2881 4895 3034 4956 θείας
3078 4894 3176 4946 καὶ
3231 4893 3506 4964 ἀνάρχους
3555 4893 3648 4945 καὶ
3703 4892 4024 4956 ἀθανάτους

2437 4987 2649 5058 [οὐσίας
2675 4985 2746 5057 τ’]
2773 4984 2867 5038 τοῦ
2919 4984 3054 5037 Θεοῦ
3113 4983 3202 5036 διά
3249 4983 3341 5037 τοῦ
3391 4983 3552 5050 λόγου
3591 4982 3732 5035 κατά
3761 4983 3929 5054 χάριν
3963 4986 4024 5036 ἐν

2429 5079 2716 5147 πνεύματι
2744 5077 3091 5145 γεγέννηται,
3126 5074 3220 5128 καὶ⁵
3269 5074 3417 5127 σῶαν
3445 5075 3540 5127 καὶ
3581 5073 3756 5144 ἀληθῆ
3789 5075 3848 5128 ὲν
3883 5077 4024 5129 ἑαυ-

2428 5172 2505 5242 τῷ
2533 5171 2694 5241 φέρει
2721 5169 2816 5223 τοῦ
2847 5170 3211 5240 γεννήσαντος
3259 5167 3396 5221 Θεοῦ
3427 5167 3526 5238 τὴν
3571 5166 3835 5238 ὁμοίωσιν
3862 5171 4024 5238 (ἐπεὶ

2431 5265 2526 5317 καὶ
2565 5265 2716 5318 πᾶσα
2769 5263 3025 5334 γέννησις
3079 5263 3276 5316 ταύτὸν
3317 5261 3395 5331 τῷ
3442 5261 3704 5328 γεννῶντι
3760 5261 4025 5329 πέφυκεν

2429 5357 2719 5409 ἀποτελεῖν
2750 5356 2810 5408 τὸ
2840 5355 3184 5426 γεννώμενον
3217 5371 3231 5386 ο
3278 5355 3348 5407 Τὸ
3377 5354 3485 5424 γὰρ
3519 5354 3977 5423 γεγεννημένον
4001 5399 4016 5419 ,

2430 5450 2617 5518 φησὶν,
2647 5449 2716 5502 ἐκ
2751 5446 2860 5514 τῆς
2887 5447 3137 5514 σαρκὸς,
3171 5445 3328 5513 σάρξ
3350 5445 3502 5510 ἐστι,
3537 5443 3605 5497 τὸ
3633 5444 3702 5496 δὲ
3733 5460 4024 5512 req-errr;-

2427 5540 2615 5607 μένον
2665 5541 2732 5594 ἐκ
2761 5540 2867 5595 τοῦ
2903 5540 3240 5610 πνεύματος
3268 5535 3506 5607 πνεῦμὰ
3529 5533 3744 5605 ἐστιν),
3781 5536 4021 5598 είκότως

2014 5721 2248 5781 νΑιιιιλΕ
2287 5724 2692 5784 LECTIONES.

820 5803 865 5837 τ’
899 5803 1237 5865 Vocabulum
1264 5810 1445 5877 οὐσίας
1479 5814 1726 5886 suppleti
1764 5815 1827 5872 de
1861 5832 2001 5874 meo.
