4200 6440
175 394 300 462 ιω

1402 393 1924 459 AMBIGUORUM
1963 401 2211 463 LIBER.

3295 408 3431 473 ι

168 512 267 565 οὐκ
314 509 380 563 ἑκ
436 505 550 561 τῶν
588 502 834 575 φυσικῶν
866 501 964 557 καὶ
992 501 1264 573 χρονικῶν
1294 500 1623 572 ἰδιωμάτων,
1657 499 1740 568 οἷς

1851 508 2013 577 logia,
2056 510 2276 564 initium
2322 520 2378 566 et
2416 512 2547 569 finis
2587 516 3142 586 comprehenduntur
3184 520 3430 588 dierum,

169 602 355 671 πατήρ
396 616 457 652 τε
505 598 600 652 καὶ
651 597 837 666 μήτηρ
863 595 962 648 καὶ
996 593 1341 662 γενεαλογία,
1373 595 1518 664 ἀρχή
1550 607 1609 647 τε
1643 595 1739 649 καὶ

167 692 320 754 τέλος
386 688 614 762 ἡμερῶν
673 687 1026 757 περιέχεται,
1080 685 1224 755 ἅπερ
1278 685 1496 752 φθάσας
1541 687 1740 741 ἑαυτοῦ

168 780 452 843 παντελῶς
476 777 803 842 έπελύσατο,
835 776 952 830 ἀλλ’
980 777 1045 829 ἐκ
1084 777 1193 828 τῶν
1229 776 1393 829 θείων
1420 777 1516 829 καὶ
1559 792 1743 846 μακαη

170 872 304 942 ρίων
327 870 752 943 γνωρισμάτων,
778 862 859 931 οἷς
887 868 951 921 τὸ
976 866 1114 931 εῐὸος
1139 866 1323 938 ἐαυτῷ
1350 867 1707 938 μετεποίησεν
1725 907 1742 934 ,

166 964 488 1036 ὠνομάσθη,
519 963 703 1035 (152
736 960 791 1033 α)
825 954 901 1016 ὧν
931 963 1033 1015 οὐκ
1073 962 1378 1030 ἐφικνεῖται
1417 961 1478 1015 οὐ
1508 961 1701 1032 χρόνος
1727 1000 1743 1027 ,

167 1058 229 1111 οὐ
262 1058 449 1126 φύσις,
480 1058 542 1109 οὐ
576 1056 756 1124 λόγος,
790 1056 852 1108 οὐ
873 1052 1020 1117 νοῦς,
1050 1053 1162 1106 οὐδ’
1181 1053 1312 1107 ἄλλο
1337 1070 1391 1105 τι
1412 1053 1556 1107 κατά
1585 1070 1745 1124 περι-

166 1149 387 1218 γραφὴν
442 1148 610 1215 φάναι
660 1146 768 1199 τῶν
814 1146 986 1199 ὄντων
1018 1145 1198 1199 οὐδέν.
1219 1145 1484 1213 Ἀπάτωρ
1520 1142 1616 1200 οῦν
1645 1150 1745 1200 καὶ

166 1240 410 1309 ἀμήτωρ
430 1238 530 1292 καί
548 1237 1051 1307 ἀγενεαλόγητος,
1080 1238 1231 1305 μήτε
1259 1236 1461 1306 ἀρχὴν
1484 1237 1744 1307 ἡμερῶν,

161 1330 318 1399 μήτε
358 1330 534 1395 τέλος
590 1326 745 1395 ζωῆς
791 1327 971 1396 ἔχων,
1003 1326 1422 1396 ἀναγέγραπται
1486 1329 1516 1379 ό
1572 1327 1747 1398 μέγας

166 1421 525 1493 Μελχισεδὲκ,
555 1422 632 1485 ὡς
655 1422 685 1474 ὁ
735 1419 942 1490 ἀληθὴς
969 1419 1079 1472 τῶν
1118 1418 1398 1488 θεοφόρων
1434 1418 1647 1488 ἀνδρῶν
1676 1420 1747 1473 τὰ

167 1514 299 1585 περὶ
323 1511 489 1565 αὑτοῦ
525 1511 825 1580 διεσάφησε
855 1508 1016 1577 λόγος
1040 1549 1055 1573 ,
1087 1508 1148 1561 οὐ
1174 1507 1265 1561 διὰ
1310 1507 1412 1577 τὴν
1446 1507 1609 1576 φύσιν
1647 1508 1747 1579 τὴν

166 1604 398 1676 κτιστὴν
419 1604 516 1658 καὶ
539 1602 599 1668 ἐξ
626 1602 727 1656 οὐκ
750 1602 942 1665 ὄντων,
978 1600 1100 1654 καθ’
1129 1601 1198 1671 ἢν
1236 1598 1332 1653 τοῦ
1369 1594 1510 1653 εἶναι
1543 1599 1747 1669 ἤρξατό

165 1713 230 1751 τε
278 1697 375 1750 καὶ
414 1696 627 1767 ἔληξεν,
663 1694 802 1750 ἀλλά
850 1694 939 1747 διὰ
989 1693 1091 1762 τὴν
1126 1693 1289 1764 χάριν
1334 1692 1435 1762 τὴν
1465 1691 1619 1767 θείαν
1651 1693 1747 1745 καὶ

162 1790 465 1854 ἀκτιστον,
511 1788 610 1841 καὶ
656 1786 748 1839 ἀεὶ
798 1782 968 1839 οὖσαν
1008 1784 1148 1856 ὑπὲρ
1192 1785 1376 1838 πᾶσαν
1427 1783 1592 1852 φύσιν
1651 1784 1747 1837 καὶ

1844 618 1967 671 quae
2001 604 2092 656 ille
2128 614 2480 662 antevertens
2512 609 2742 663 omnino
2769 613 2951 674 exuit,
2989 618 3087 668 sed
3128 629 3195 668 ex
3231 614 3435 669 divinis

1845 706 1907 745 ac
1945 692 2120 747 beatis
2154 694 2484 763 insignibus,
2510 698 2716 767 quibus
2746 700 2853 755 sibi
2885 703 3127 770 speciem
3167 704 3435 757 transfor~

1846 789 2035 849 mavit.
2071 788 2147 843 sit
2179 790 2512 859 appellatus,
2547 810 2672 862 qua:
2708 810 2817 849 non
2862 798 3153 851 attaminat
3192 807 3434 867 tempus,

1845 894 1949 931 nec
1998 891 2225 945 natura,
2258 896 2439 951 neque
2484 885 2654 944 ratio.
2683 902 2865 958 neque
2914 903 3103 951 mens,
3133 905 3237 944 nec
3280 889 3432 943 aliud

1846 969 2152 1039 quidpiam,
2176 981 2237 1027 ut
2261 973 2509 1029 breviter
2533 976 2737 1041 dicam,
2759 995 3105 1049 quate-imque
3129 988 3277 1033 sunt.
3303 979 3433 1034 Sine

1848 1071 2004 1130 patre
2036 1064 2204 1131 igitur
2234 1075 2290 1119 et
2317 1075 2515 1131 matre,
2538 1077 2596 1123 et
2625 1069 2746 1124 sine
2775 1085 3000 1141 genere,
3026 1071 3185 1125 initio
3212 1070 3433 1126 dierum

1846 1160 1905 1207 et
1932 1153 2038 1208 line
2062 1155 2187 1210 vita:
2215 1173 2435 1223 carens,
2465 1161 2812 1230 perscriptus
2836 1174 2921 1217 est
2946 1179 3180 1232 magnus
3205 1162 3435 1218 Melchi-

1848 1246 2042 1310 sedee,
2070 1251 2540 1316 quemadmodum
2584 1268 2751 1309 verax
2794 1255 3141 1309 Deiferorum
3180 1255 3432 1309 virorum

1854 1355 2040 1394 sermo
2066 1356 2157 1396 res
2179 1343 2299 1411 ejus
2321 1346 2620 1411 enarravit,
2644 1362 2754 1399 non
2782 1355 3007 1415 propter
3025 1355 3279 1402 naturam
3309 1364 3435 1417 quae

1848 1440 2031 1485 creata
2061 1440 2167 1496 est,
2192 1444 2250 1488 et
2280 1434 2349 1488 de
2375 1436 2553 1491 nihilo
2580 1446 2767 1492 creata
2800 1449 2907 1503 est,
2933 1438 3241 1502 secundum
3264 1456 3428 1510 quam

1848 1521 1943 1575 ille
1978 1522 2166 1577 vivere
2203 1532 2259 1578 et
2293 1528 2465 1595 erepit
2494 1534 2552 1582 et
2584 1527 2772 1594 desiit,
2805 1528 2905 1583 sed
2938 1538 3169 1601 propter
3199 1533 3430 1601 gratiam

1847 1614 2113 1679 divinam,
2137 1631 2247 1671 non
2275 1628 2520 1673 creatam
2542 1628 2599 1674 et
2622 1620 3042 1691 sempiternam,
3064 1636 3189 1691 qua:
3209 1636 3433 1677 omnem

1850 1716 1961 1761 tam
2015 1716 2268 1764 naturam
2320 1726 2486 1780 quam
2537 1721 2755 1782 tempus
2808 1720 3069 1782 superat,
3110 1729 3179 1768 ex
3224 1722 3434 1770 aeterno

1850 1799 1983 1863 Deo,
2011 1799 2317 1855 secundum
2345 1817 2507 1871 quam
2538 1803 2768 1874 gratiam
2797 1804 2968 1858 solam
3000 1803 3184 1859 omnis
3204 1803 3434 1858 omnino

162 1884 346 1938 πάντα
394 1882 607 1954 χρόνον,
642 1882 707 1934 ἐκ
758 1878 855 1933 τοῦ
896 1878 981 1932 ἀεὶ
1018 1878 1174 1940 ὖντος
1220 1875 1382 1940 Θεοῦ,
1423 1876 1546 1929 καθ’
1576 1876 1643 1945 ἣν
1677 1875 1747 1928 δι’

1851 1892 2132 1948 voluntate
2159 1902 2216 1948 et
2240 1893 2429 1947 animo
2451 1862 2751 1965 genveratus
2776 1894 3117 1966 agnoscitur.
3144 1894 3309 1950 Solus
3337 1910 3436 1947 an-

161 1976 292 2031 ὃλου
318 1974 489 2045 μόνην
511 1973 634 2037 ὅλος
663 1968 959 2041 γνωμικῶς
987 1968 1275 2038 γεννηθεὶς
1292 1966 1744 2036 ἐπιγινώσκεται.

162 2070 345 2132 Μόνος
373 2067 431 2121 δὲ
459 2066 622 2121 τοῦτο
649 2064 725 2119 ὣν
750 2066 816 2136 τῇ
851 2063 1045 2135 Γραφῇ
1069 2062 1393 2132 τετήρηται.
1424 2059 1498 2121 ὡς
1530 2058 1746 2127 πρῶτος

166 2164 308 2226 ἴσως
334 2160 476 2231 ὑπὲρ
508 2158 608 2229 τὴν
634 2157 769 2227 ῦλην
797 2156 898 2212 καὶ
919 2157 980 2210 τὸ
1018 2151 1161 2216 εἶδος
1209 2153 1353 2208 κατὰ
1402 2153 1501 2222 τὴν
1543 2152 1748 2221 ἀρετὴν

162 2255 460 2327 γενόμενος
480 2297 494 2318 ,
528 2253 673 2323 ἅπερ
716 2251 807 2305 διὰ
843 2249 940 2303 τοῦ
970 2248 1215 2316 ἀπάτωρ
1246 2245 1348 2301 καί
1386 2245 1627 2314 ἀμήτωρ
1651 2243 1748 2297 καὶ

161 2350 644 2419 ἀγενεαλόγητος
679 2343 970 2415 δηλοῦσθαι
1011 2341 1268 2407 δύναται,
1303 2339 1401 2393 καὶ
1435 2338 1512 2403 ὡς
1567 2337 1749 2391 πάντα

160 2444 234 2497 τὰ
256 2441 365 2497 ὑπὸ
397 2441 591 2513 χρόνον
628 2440 727 2493 καὶ
763 2436 940 2492 αίῶνα
969 2437 1115 2491 κατά
1154 2434 1259 2503 τὴν
1290 2433 1497 2502 γνῶσιν
1539 2430 1749 2503 παρελ-

163 2534 303 2598 θὼν,
336 2527 413 2588 ὧν
437 2532 499 2587 τὸ
524 2528 666 2586 εἶναι
692 2528 961 2601 χρονικῶς
989 2528 1089 2599 τῆς
1126 2528 1403 2595 γενέσεως
1438 2525 1645 2597 ἤρξατο
1685 2523 1749 2576 τὸ

164 2628 304 2682 ποτὶ
329 2620 471 2681 εἶναι
501 2625 605 2678 οὐκ
628 2626 767 2694 ὴρνη
778 2621 967 2691 μένης,
1000 2619 1110 2673 οὐδ’
1136 2617 1318 2672 ὁτιοῦν
1344 2616 1423 2687 τῷ
1448 2617 1595 2670 κατά
1626 2615 1750 2669 διά-

162 2736 320 2773 νοιαν
349 2717 478 2787 θείῳ
502 2716 692 2787 δρόμῳ
721 2713 996 2776 ενσκάσας
1021 2712 1161 2781 ὅπερ
1201 2709 1463 2780 σημαίνει
1490 2707 1655 2777 τυχὸν
1683 2706 1750 2761 τὸ

166 2808 313 2879 μήτε
366 2807 543 2878 ἀρχὴν
585 2802 814 2875 ἡμερῶν
850 2803 988 2873 μήτε
1030 2800 1188 2863 τέλος
1227 2798 1376 2869 ζωῆς
1415 2798 1563 2868 ἔχειν
1589 2814 1605 2829 ’
1650 2796 1750 2851 καὶ

159 2898 241 2963 ὡς
290 2895 936 2968 ιξῃρημόνως,κρυφίως
984 2911 1046 2949 τε
1084 2894 1180 2948 καὶ
1220 2894 1622 2963 σεσιγημένως,
1652 2890 1749 2944 καὶ

162 2989 461 3045 συνελόντα
492 2992 697 3052 εἰπεῖν,
737 2988 1053 3057 ἀγνώστως,
1088 2987 1229 3058 μετά
1264 2987 1449 3038 πᾶσαν
1490 2982 1606 3035 τῶν
1659 2982 1751 3034 δν-

159 3101 278 3140 των
321 3083 539 3138 πάντων
571 3081 866 3152 ἀφαίρεσιν
902 3078 1047 3134 κατά
1088 3077 1215 3132 νοῦν
1245 3079 1325 3140 είς
1362 3075 1531 3130 αὐτὸν
1567 3074 1750 3137 είσδὺς

159 3178 262 3232 τὸν
290 3177 445 3240 Θεὸν,
474 3176 572 3230 καὶ
595 3175 717 3237 ὅλος
748 3174 857 3244 ὅλῳ
888 3171 1148 3234 ποιωθείς
1175 3187 1236 3224 τε
1276 3170 1375 3223 καὶ
1414 3184 1747 3267 ,μεταποιωῑ
1774 3206 1817 3267 c

162 3271 307 3334 θεὶς,
333 3269 472 3339 ὅπερ
504 3268 584 3334 τὸ,
617 3263 1103 3335 Ἀφωμοιωμένος
1127 3261 1196 3316 δὲ
1223 3261 1304 3328 τῷ
1335 3258 1446 3327 γ’ιῷ
1461 3260 1567 3314 τοῦ
1596 3258 1746 3314 Θεοῦ

156 3363 334 3432 μένει
384 3359 579 3429 ἱερεὺς
621 3361 710 3424 είς
748 3358 817 3411 τὸ
854 3354 1135 3424 διηνεκὲς
1178 3353 1553 3424 ὑπεμφαίνειν
1583 3352 1746 3405 δύναι-

159 3472 281 3511 ται.
315 3454 430 3516 Πᾶς
457 3452 568 3524 γάρ
600 3468 684 3514 τις
711 3448 820 3504 τῶν
848 3448 1044 3517 ἁγίων,
1075 3440 1286 3510 οὗτινος
1314 3448 1434 3500 κατ’
1464 3444 1748 3516 ἐξαίρετον

160 3548 460 3618 ἀπήρξατο
500 3542 694 3607 καλοῦ,
746 3542 868 3595 κατ’
909 3538 1044 3593 αὐτὸ
1084 3539 1182 3593 καὶ
1236 3536 1408 3600 τύπος
1442 3532 1587 3591 εἶναι
1638 3534 1734 3588 τοῦ

162 3637 355 3710 (152
387 3637 438 3707 ὁ)
464 3635 691 3705 δοτῆρος
724 3630 861 3685 Θεοῦ
898 3629 1289 3701 ἀνηγόρευται.
1326 3628 1466 3683 Καθ’
1490 3629 1520 3682 ὃ
1542 3644 1751 3700 σημαι-

160 3732 397 3801 νόμενον
429 3730 523 3784 καὶ
555 3721 713 3792 οὗτος
738 3728 766 3780 ό
799 3725 975 3796 μέγας
1002 3722 1345 3794 Μελχισεδὲκ
1370 3721 1461 3777 διὰ
1501 3722 1600 3793 τὴν
1644 3723 1748 3790 ἑμ-

162 3822 493 3894 σιιοιηθεῖσαν
556 3821 706 3892 αὐτῷ
753 3820 901 3875 θείαν
949 3821 1153 3892 ἀρετὴν
1190 3816 1356 3873 εἰκὼν
1426 3811 1567 3870 εἶναι
1617 3832 1751 3870 κατ-

159 3916 401 3987 ηξίωται
448 3914 687 3988 Χριστοῦ
741 3914 840 3968 τοῦ
899 3912 1058 3979 Θεοῦ,
1107 3912 1206 3968 καὶ
1272 3912 1380 3966 τῶν
1421 3910 1751 3980 ἀπορρήτων

162 4009 339 4063 αὐτοῦ
395 4008 734 4080 μυστηρίων,
771 4008 853 4071 είς
884 4007 944 4061 ὃν
979 4006 1186 4069 πάντες
1228 4003 1331 4076 μὲν
1354 4004 1405 4057 oi
1449 4004 1595 4071 ἅγιοι
1629 4018 1753 4055 συν-

162 4103 400 4169 άγονται
432 4100 508 4165 ὡς
541 4100 849 4170 ἀρχέτυπον
874 4099 970 4152 καὶ
998 4098 1101 4167 τῆς
1128 4098 1187 4151 ὲν
1209 4096 1427 4165 ἑκάστῳ
1454 4093 1636 4148 αὐτῶν
1654 4092 1751 4146 τοῦ

164 4190 345 4248 καλοῦ
375 4191 669 4263 ἐμφάσεως
698 4191 899 4253 αἴτιον,
940 4189 1180 4260 μάλιστα
1209 4188 1270 4243 δὲ
1294 4204 1483 4252 ουτος,
1516 4185 1594 4250 ὡς
1641 4185 1753 4239 τῶν

163 4284 354 4338 ἄλλων
394 4280 655 4338 ἁπάντων
700 4281 925 4346 πλείους
974 4281 1034 4335 έν
1072 4278 1257 4351 ἑαυτῷ
1290 4276 1474 4351 φέρων
1500 4276 1596 4335 τοῦ
1617 4277 1755 4348 Χρι-

165 4376 303 4432 στοῦ
328 4377 426 4441 τὰς
459 4376 632 4430 ὐποτυ
641 4372 864 4437 πώσεις.

625 4676 713 4737 εις
737 4671 846 4725 τόν
876 4668 1282 4741 Μελχισεδέκ.

242 4783 573 4845 Μονώτατος
601 4783 709 4853 γὰρ
740 4781 768 4833 ό
792 4780 1002 4851 Κύριος
1027 4778 1191 4850 ἡμῶν
1226 4778 1323 4833 καὶ
1366 4777 1503 4842 Θεὸς
1544 4773 1756 4849 Ἰησοῦς

164 4878 411 4951 Χριστὸς
440 4875 598 4947 φύσει
622 4876 717 4929 καὶ
753 4873 984 4946 ἀληθείᾳ
1003 4873 1236 4945 ἀπάτωρ
1282 4873 1419 4927 ἔστί
1461 4873 1559 4927 καὶ
1613 4873 1759 4942 ἀμή-

163 4987 289 5041 τωρ
334 4968 429 5022 καὶ
478 4965 934 5037 ἀγενεαλόγητος,
963 4966 1059 5020 καὶ
1108 4965 1248 5037 μήτε
1299 4963 1477 5036 ἀρχὴν
1530 4962 1762 5034 ἡμερῶν

168 5065 314 5136 μήτε
371 5059 521 5131 ζωῆς
569 5058 723 5122 τέλος
774 5057 938 5128 ἔχωψ
972 5057 1203 5129 ἀμήτωρ
1256 5056 1354 5127 μὲν
1381 5055 1470 5108 διὰ
1508 5056 1571 5108 τὸ
1593 5055 1757 5109 ἀῦλον

166 5160 269 5212 καὶ
299 5155 594 5225 ἀσώματον
647 5152 747 5208 καὶ
805 5150 1088 5215 παντελῶς
1115 5150 1394 5219 ἄγνωστον
1420 5150 1521 5219 τῆς
1555 5150 1666 5203 ἀνω
1693 5149 1759 5202 ὲκ

166 5248 267 5303 τοῦ
334 5247 552 5316 Πατρδς
604 5244 937 5317 προαιωνίου
993 5243 1302 5312 γεννήσεως
1340 5255 1354 5271 ⁸
1412 5240 1646 5312 ἀπάτωρ
1700 5238 1759 5294 δὲ

166 5339 319 5398 κατά
375 5338 477 5410 τὴν
516 5338 668 5393 κάτω
723 5335 819 5391 καὶ
865 5335 1131 5406 χρονικὴν
1164 5334 1231 5387 ὲκ
1271 5332 1372 5402 τῆς
1414 5330 1624 5402 μητρὸς
1665 5329 1762 5385 καὶ

166 5431 495 5503 ινσώματον
527 5430 805 5501 γέννησιν,
839 5423 909 5500 ἦς
943 5427 1088 5482 κατά
1118 5427 1218 5498 τὴν
1252 5426 1519 5497 σύλληψιν
1562 5424 1626 5477 τὴ
1670 5422 1761 5478 διὰ

172 5525 393 5595 σπορᾶς
414 5520 556 5587 εἶδος
578 5522 642 5577 οὐ
671 5521 1052 5592 κατεστήσατο
1075 5537 1088 5551 ·
1120 5518 1560 5591 ἀγενεαλόγητος
1589 5517 1647 5570 δὲ
1683 5515 1759 5580 ὼς

255 5635 277 5679 ι
317 5636 487 5693 Hebr.
516 5651 609 5701 vn,
642 5634 698 5689 ’5.
775 5642 814 5666 ³³
842 5632 982 5690 ibid.

1849 1991 1958 2037 tem
1988 1984 2111 2052 ejus
2140 1984 2365 2055 generis
2400 1984 2455 2040 in
2492 1985 2779 2056 Scriptura
2811 1996 3067 2041 servatus
3098 1994 3205 2051 est,
3230 1986 3435 2055 quippe

1847 2074 1942 2143 qui
1988 2074 2203 2142 primus
2237 2074 2491 2129 fortassis
2530 2076 2819 2130 materiam
2862 2085 2919 2130 et
2956 2076 3191 2131 formam
3227 2076 3433 2131 virtute

1846 2165 2148 2233 superavit,
2176 2165 2233 2219 id
2268 2165 2417 2235 quod
2453 2180 2554 2235 per
2582 2166 2740 2231 illud,
2767 2166 2894 2222 Sine
2921 2175 3072 2238 patre
3099 2177 3147 2222 et
3172 2180 3344 2223 matre
3374 2176 3424 2222 et

1848 2255 1960 2308 sine
1995 2271 2183 2323 genere
2212 2255 2228 2294 ι
2263 2256 2561 2326 signiﬁcari
2597 2266 2801 2327 potest,
2832 2260 3041 2329 quique
3075 2260 3257 2314 omnia
3294 2270 3431 2315 tem-

1848 2345 1971 2414 μοι-Ξ
2012 2355 2071 2399 et
2105 2363 2224 2401 aevo
2264 2349 2513 2418 subjecta
2555 2350 2869 2420 cognitione
2909 2358 3282 2421 transgressus
3324 2362 3430 2417 est,

1847 2454 2083 2513 quorum
2126 2441 2448 2496 exsistentia
2488 2443 2873 2512 temporaliter
2914 2443 2983 2498 de
3020 2444 3309 2499 nativitate
3350 2444 3433 2498 in-

1848 2531 2045 2585 choata
2075 2539 2159 2585 est
2185 2547 2308 2600 qute
2338 2533 2394 2585 in
2429 2540 2647 2602 tempus
2672 2533 2897 2603 aliquod
2929 2533 3175 2589 incidere
3202 2535 3434 2604 fierique

1848 2625 2123 2689 voluerit,
2158 2640 2339 2694 neque
2374 2626 2429 2679 in
2463 2625 2654 2681 divino
2687 2642 2929 2696 unquam
2965 2627 3280 2682 intellectus
3310 2641 3437 2679 cur-

1850 2715 2027 2771 riculo
2066 2716 2417 2783 claudicans,
2452 2718 2506 2772 id
2540 2718 2688 2788 quod
2727 2718 2959 2773 fortasse
2992 2717 3262 2788 significat
3296 2717 3434 2772 illud

1848 2807 1996 2877 quod
2025 2823 2204 2877 neque
2231 2808 2563 2878 principium
2587 2810 2805 2865 dierum
2831 2824 3011 2880 neque
3037 2808 3202 2863 linem
3228 2808 3435 2863 habere

1849 2911 2110 2954 narratur
2149 2917 2162 2953 :
2207 2908 2264 2954 et
2296 2907 2359 2955 ut
2393 2900 2663 2971 singulari
2707 2902 2869 2971 plane
2910 2911 2969 2956 et
3007 2917 3118 2955 non
3153 2900 3433 2955 communi

1850 2988 2038 3054 modo,
2070 2989 2211 3043 clam
2250 3000 2309 3043 et
2348 2990 2538 3055 tacite,
2566 2998 2624 3045 et
2663 2999 2724 3045 ut
2754 2990 3001 3044 breviter
3036 2989 3239 3055 dicam,
3270 2992 3436 3042 modo

1852 3080 2151 3151 incognito,
2185 3081 2358 3136 rebus
2398 3097 2523 3151 quae
2562 3089 2693 3136 sunt
2736 3082 3034 3151 amputatis
3073 3082 3233 3150 plane
3270 3091 3439 3149 atque

1850 3171 2059 3227 relictis
2092 3180 2276 3226 mente
2304 3171 2368 3225 in
2405 3172 2588 3241 ipsum
2623 3171 2798 3225 Deum
2836 3172 3174 3241 immergens
3205 3186 3347 3235 sesc,
3380 3180 3438 3225 et

1852 3272 2000 3319 totus
2038 3266 2137 3318 toti
2173 3263 2525 3333 qualificatus
2558 3272 2615 3318 et
2650 3263 3170 3333 transqualiﬂcatus,
3201 3263 3255 3317 id
3288 3264 3435 3331 quod

1852 3359 1987 3414 illud
2020 3377 2034 3413 :
2071 3360 2350 3414 Similatus
2388 3369 2562 3413 autem
2597 3355 2697 3413 Dei
2727 3359 2863 3414 Filio
2896 3370 3075 3413 manet
3102 3362 3347 3415 sacerdos
3382 3362 3437 3413 in

1852 3460 2161 3521 perpetuum
2182 3464 2243 3515 ιιι,
2276 3450 2631 3505 subindicare
2673 3457 2877 3521 potest.
2916 3450 3243 3506 Sanctorum
3286 3451 3433 3505 enim

1851 3542 2087 3611 quilibet
2110 3557 2220 3611 quo
2243 3541 2523 3611 praecipue
2550 3540 2831 3595 inchoavit
2854 3541 3110 3610 pulchro,
3132 3539 3436 3595 secundum

1853 3633 1909 3688 id
1954 3636 2124 3689 etiam
2168 3633 2524 3688 simulacrum
2571 3632 2675 3687 Dei
2717 3632 2929 3688 datoris
2970 3633 3284 3688 declaratus
3327 3642 3427 3687 est.

1851 3726 1968 3793 Qua
1998 3724 2274 3781 sententia
2299 3724 2395 3779 hic
2417 3739 2640 3795 quoque
2666 3739 2897 3796 magnus
2921 3724 3285 3780 Melchisedec
3312 3740 3439 3795 pro-

1853 3826 1976 3888 pter
1998 3816 2246 3872 divinam
2270 3815 2537 3871 virtutem
2566 3815 2619 3871 ei
2647 3815 2868 3871 insitam
2897 3817 3255 3871 simulacrum
3281 3816 3440 3870 Chri-

1853 3909 1923 3965 sti
1947 3908 2043 3963 Dei
2067 3923 2189 3963 esse
2213 3907 2415 3978 dignus
2438 3906 2662 3962 habitus
2686 3916 2791 3973 est,
2812 3908 3044 3979 ejusque
3073 3906 3439 3962 ineﬁ‘abilium

1854 4001 2270 4073 mysteriorum,
2293 4000 2348 4056 in
2373 4014 2540 4071 quem
2563 4000 2808 4057 universi
2832 4000 3012 4057 sancti
3036 4008 3443 4072 congregantur

1855 4102 2115 4164 tanquam
2142 4094 2197 4149 in
2226 4093 2590 4167 archetypum
2619 4109 2684 4150 ac
2706 4093 2924 4164 pulchri
2949 4094 3004 4148 in
3029 4096 3226 4165 quovis
3245 4110 3439 4149 eorum

1854 4185 2111 4257 imaginis
2150 4200 2370 4241 causam
2392 4227 2408 4253 ,
2438 4186 2748 4257 praesertim
2789 4201 2923 4240 vero
2960 4185 3083 4251 hic,
3118 4195 3310 4258 utpote
3342 4186 3438 4257 qui

1854 4277 2043 4347 plures
2076 4292 2242 4348 quam
2281 4276 2482 4349 reliqui
2520 4276 2576 4340 in
2610 4290 2734 4335 sese
2766 4275 2975 4333 Christi
3010 4276 3444 4337 deformationes

1856 4370 2089 4428 ferebat.
3102 4373 3110 4381 '

178 4580 517 4653 Ἐξήγησις
546 4580 634 4645 είς
674 4577 785 4631 τόν
828 4575 1069 4644 Κύριον,
1094 4571 1370 4643 περὶτῶν
1404 4573 1751 4645 ,λεγομένων

1854 4572 2152 4629 Enarratio
2183 4576 2238 4628 in
2294 4573 2581 4627 Dominum
2631 4573 2695 4627 de
2738 4574 2804 4629 iis
2853 4590 2972 4645 qua:
3015 4576 3073 4630 in
3105 4574 3445 4633 Melchisedec

2490 4666 2630 4721 dicta
2659 4674 2803 4721 sunt.

1928 4779 2083 4836 Unus
2112 4778 2260 4834 enim
2288 4777 2558 4834 Dominus
2597 4786 2790 4833 noster
2820 4786 2878 4833 et
2911 4778 3059 4834 Deus
3089 4778 3252 4835 Jesus
3280 4778 3443 4836 Chri-

1856 4881 1978 4927 stus
2002 4878 2201 4926 natura
2230 4884 2295 4925 ac
2322 4868 2554 4925 veritate
2583 4867 2703 4924 sine
2738 4878 2891 4939 patre
2916 4879 3002 4924 est
3027 4879 3084 4925 et
3111 4871 3231 4926 sine
3267 4881 3447 4926 matre

1858 4972 1917 5019 et
1944 4963 2064 5020 sine
2094 4978 2316 5035 genere,
2347 4971 2406 5017 et
2447 4962 2608 5017 initio
2637 4961 2853 5016 dierum
2879 4971 2936 5017 et
2965 4962 3091 5017 vita».
3139 4962 3245 5019 ﬁne
3270 4974 3437 5018 caret.

1863 5055 1996 5111 Sine
2029 5061 2223 5117 matre,
2260 5062 2488 5123 propter
2530 5051 2892 5107 immateriale
2928 5061 2985 5107 et
3016 5052 3361 5122 incorporale
3390 5064 3445 5108 ot

1865 5147 2027 5216 plane
2052 5145 2390 5215 incognitum
2433 5145 2739 5200 nativitatis
2770 5146 2893 5215 ejus
2919 5158 2989 5199 ex
3017 5144 3177 5199 Patre
3203 5154 3440 5211 aeterno;

1862 5239 1983 5294 sine
2012 5246 2189 5307 patre,
2215 5243 2440 5306 propter
2463 5237 2585 5306 ejus
2608 5235 2663 5290 in
2691 5235 2795 5290 hac
2820 5242 2970 5291 terra
2995 5234 3352 5303 temporalem
3381 5251 3447 5290 ac

1862 5330 2203 5400 corporalem
2243 5342 2311 5383 ex
2343 5334 2520 5383 matre
2560 5326 2996 5398 generationem,
3042 5326 3201 5396 cujus
3242 5341 3442 5382 secun~

1861 5422 1993 5477 dum
2017 5420 2435 5491 conceptionem
2459 5427 2518 5475 et
2542 5434 2730 5475 semen
2760 5416 3112 5474 instituenda;
3134 5432 3308 5489 genus
3334 5432 3445 5474 non

1864 5524 2088 5570 secutus
2130 5524 2247 5580 est;
2302 5514 2422 5571 sine
2475 5528 2677 5585 genere
2728 5512 2991 5584 denique,
3043 5521 3103 5566 ut
3154 5515 3446 5584 utriusque

1469 5714 1711 5773 γΑιιιΑς
1751 5713 2163 5774 LECTIONES.

253 5820 303 5856 ⁸⁸
329 5818 710 5891 κατεξαίρετον
740 5815 862 5873 eod.
894 5814 1039 5871 Gud.
