4200 6440
219 411 358 477 1145

1459 400 1978 464 AMBIGUORUM
2018 400 2270 460 LIBER.

3335 395 3470 460 114i}

218 527 401 597 ίερεὺς
441 520 696 594 διηνεκὴς
744 517 841 574 καὶ
885 514 1375 588 αίώνιοςμνοερῶς
1405 517 1492 568 ἀεὶ
1520 515 1620 584 τῆς
1649 515 1797 578 θείας

1904 524 2154 568 naturam
2192 521 2356 580 atque
2402 519 2619 580 tempus
2649 517 2934 580 superant,
2973 507 3146 562 iactus
3178 521 3261 562 est
3304 511 3470 563 etiam

217 614 509 670 ἀπολαύων
537 611 756 682 ὁμιλίας
776 649 793 673 ,
840 608 938 661 καὶ
965 606 1056 661 διὰ
1078 606 1140 659 τὸ
1175 605 1455 676 μιμεῖσθαι
1485 607 1551 676 τῇ
1583 605 1712 675 περὶ
1734 605 1794 656 τὸ

216 705 384 759 καλὸν
429 703 573 756 κατὰ
621 702 721 772 τὴν
763 699 989 769 γνώμην
1035 695 1272 766 ἀτρεψία
1301 696 1363 749 τὸ
1382 697 1427 727 ⁸⁸
1458 697 1599 749 κατά
1634 695 1795 762 φύσιν

216 797 489 865 ἄτρεπτον
521 793 596 864 μὴ
622 790 970 860 κωλυόμενος
999 787 1311 850 Ἰουδαϊκῶς
1335 786 1609 858 ἁμαρτίας
1634 787 1796 839 θανά-

217 903 298 955 τῳ
344 887 420 947 είς
463 886 528 938 τὸ
561 881 807 954 διηνεκὲς
834 879 1175 952 παραμένειν
1198 921 1214 944 ,
1273 880 1370 931 καὶ
1407 878 1596 931 θυσίαν
1626 895 1794 948 προσ-

219 978 411 1048 φέρειν
461 975 723 1038 αἰνέσεως
772 973 866 1026 καὶ
905 971 1372 1043 δξομολογήσεως,
1419 969 1646 1033 ἐνδόξως
1677 969 1794 1020 θεο-

217 1060 396 1136 λογῶν
421 1066 497 1130 ὡς
522 1065 585 1136 δη
595 1064 854 1134 μιουργόν
881 1063 990 1116 τῶν
1011 1063 1290 1126 ἁπάντων,
1315 1063 1410 1114 καὶ
1432 1061 1795 1128 εὐγνωμόνως

219 1157 563 1229 εὐχαριστῶν
591 1157 667 1221 ὡς
690 1158 962 1228 προνοητῇ
991 1155 1089 1209 καὶ
1114 1157 1275 1226 κριτῇ
1303 1154 1410 1207 τῶν
1429 1153 1566 1206 ὅλων
1584 1153 1794 1220 δικαίῳ,

220 1251 281 1301 ὲν
307 1248 386 1318 τῷ
409 1248 548 1301 κατά
571 1247 807 1300 διάνοιαν
833 1245 964 1317 θείῳ
984 1244 1356 1316 θυσιαστηρίῳ
1380 1283 1396 1309 ,
1443 1245 1501 1311 ἐξ
1525 1239 1586 1298 οῦ
1608 1246 1797 1312 φαγεῖν

217 1340 323 1392 οὐκ
383 1339 581 1408 ἔχουσα
638 1339 890 1404 ἐξουσίαν
947 1336 1002 1390 οἵ
1059 1340 1126 1409 τῇ
1189 1341 1362 1408 σκηνῇ
1422 1335 1793 1407 λατρεύοντες.

219 1427 299 1484 Ού
339 1431 448 1498 γάρ
490 1425 602 1484 οἶόν
636 1419 693 1482 τε
728 1429 1005 1499 μυστικῶν
1035 1430 1184 1492 θείας
1212 1428 1464 1498 γνώσεως
1494 1428 1676 1496 ἄρτων
1707 1431 1800 1480 καὶ

220 1521 504 1592 κρατῆρος
555 1517 786 1586 ζωτικοῦ
838 1521 1030 1592 σοφίας
1085 1520 1412 1592 μεταλαχεῖν
1463 1521 1591 1581 τοὺς
1641 1535 1798 1588 μονο-

222 1611 574 1682 στοιχοῦντας
643 1612 724 1684 τῷ
768 1614 1098 1684 γράμματι,
1157 1614 1254 1667 καὶ
1323 1611 1536 1680 ἀλόγων
1589 1611 1800 1672 θυσίαις

218 1705 413 1757 παθῶν
442 1704 577 1775 πρὸς
606 1704 886 1775 σωτηρίαν
913 1695 1312 1775 ἀρκουμένους,
1341 1706 1438 1757 καὶ
1464 1703 1555 1756 τὸν
1584 1702 1683 1772 μὲν
1707 1704 1802 1754 θά-

215 1814 380 1850 νατον
434 1796 529 1850 τοῦ
565 1797 777 1867 Ἰησοῦ,
831 1798 920 1851 διὰ
966 1797 1065 1866 τῆς
1114 1797 1238 1850 καθ’
1275 1788 1555 1868 ἁμαρτίαν
1600 1797 1802 1866 ἀργίας

1899 607 2156 660 sacerdos
2200 613 2501 674 perpetuus
2527 614 2693 670 atque
2728 612 2991 657 aeternus.
3030 602 3473 656 intellectualiter

1898 715 2116 765 semper
2159 699 2254 750 Dei
2289 696 2688 750 consuetudine
2719 696 2929 756 fruens,
2961 705 3017 747 et
3041 709 3139 746 sua
3167 694 3313 747 circa
3351 692 3473 762 pul-

1897 794 2088 843 chrum
2115 789 2412 842 voluntatis
2436 786 2748 843 constantia
2773 786 3078 839 naturalem
3106 785 3472 838 constantiam

1899 894 2022 932 cum
2050 878 2360 941 aemuletur,
2409 894 2518 931 non
2566 875 2884 945 prohibitus
2923 875 3151 929 Judaice
3200 875 3254 927 in
3299 883 3476 927 morte

1897 970 2132 1036 peccati,
2166 980 2436 1037 perpetuo
2481 981 2862 1038 perseverare,
2906 966 3346 1034 sacriﬁciumque
3391 966 3475 1018 of-

1898 1062 2040 1114 ferre
2074 1061 2252 1114 laudis
2283 1071 2340 1114 et
2369 1060 2753 1123 confessionis,
2784 1058 2932 1112 clare
2973 1058 3143 1110 Deum
3176 1057 3477 1126 praedicans

1899 1162 1957 1204 ut
1983 1153 2228 1204 omnium
2261 1151 2628 1214 conditorem,
2652 1160 2710 1205 et
2745 1150 2838 1219 pio
2861 1149 3051 1202 animo
3083 1149 3288 1218 gratias
3312 1164 3480 1217 agens

1897 1245 1949 1297 ei
2003 1252 2063 1296 ut
2107 1242 2338 1311 provido
2383 1250 2549 1310 atque
2577 1241 2750 1311 judici
2783 1239 3171 1295 universorum
3203 1253 3382 1307 aequo,
3423 1239 3478 1292 in

1903 1334 2254 1387 iutellectuali
2285 1347 2378 1387 ara
2406 1331 2615 1394 divina,
2645 1331 2792 1387 unde
2821 1333 2904 1386 eis
2937 1331 3032 1401 qui
3062 1329 3486 1396 tabernaculum.

1900 1435 2238 1479 venerantur
2269 1425 2435 1480 cdere
2465 1440 2576 1480 non
2608 1423 2758 1478 licet.
2792 1420 2935 1478 Fieri
2971 1423 3120 1477 enim
3156 1437 3266 1475 non
3300 1428 3484 1489 potest

1902 1521 1964 1568 ut
1988 1517 2344 1584 mysticorum
2372 1515 2576 1570 divinae
2606 1515 2940 1584 cognitionis
2971 1529 3176 1582 panum
3218 1528 3284 1566 ac
3314 1527 3483 1582 pocu-

1903 1605 2081 1658 lorum
2125 1606 2308 1660 vitalis
2337 1607 2623 1675 sapientiae
2667 1607 2705 1659 ii
2749 1605 3046 1675 participes
3077 1603 3211 1659 ﬁant
3238 1604 3333 1674 qui
3365 1603 3483 1657 sola

1905 1700 1958 1752 in
1982 1698 2164 1753 littera
2191 1698 2474 1761 incedunt,
2507 1698 3024 1766 irrationaliumque
3053 1696 3122 1751 ad
3151 1709 3305 1751 suam
3336 1696 3485 1749 salu-

1906 1801 2013 1844 tem
2047 1792 2341 1846 sacriﬁciis
2379 1792 2694 1862 passionum
2743 1793 3011 1854 contenti,
3055 1791 3300 1861 Jesuque
3333 1805 3484 1845 mor-

217 1853 714 1956 καταγγέλλοντας,
901 1887 959 1940 δὲ
1004 1853 1523 1948 ἀνάστασινρύιτοῦ,
1561 1853 1700 1954 ὑπὲρ

1905 1893 2012 1936 tem
2059 1898 2158 1952 per
2201 1884 2461 1952 peccandi
2499 1886 2862 1938 cessationem
2910 1881 3355 1952 pronuntiantes,
3394 1896 3485 1934 re-

217 1980 316 2032 καὶ
343 1979 411 2033 δι’
433 1979 502 2049 ἢν
531 1981 559 2032 ό
584 1978 816 2042 θάνατος
836 1977 1052 2046 γέγονε,
1097 1978 1183 2032 διὰ
1210 1976 1313 2048 τῆς
1341 1977 1484 2031 κατά
1510 1976 1634 2029 νοῦν
1662 1975 1798 2028 θεω-

219 2073 344 2143 ρίας
369 2112 384 2136 ,
434 2072 534 2141 τῆς
564 2073 621 2124 ὲν
645 2070 964 2142 δικαιοσύνῃ
992 2070 1168 2142 ἔργων
1196 2069 1421 2138 ἀγαθῶν
1447 2070 1800 2137 πεφωτισμὲ-

215 2179 350 2230 νης.
405 2161 504 2232 οὐχ
548 2161 985 2238 ὁμολογοῦντας,
1046 2163 1140 2214 καὶ
1182 2162 1244 2214 τὸ
1282 2157 1384 2230 μὲν
1425 2160 1800 2229 θανατωθῆναι

221 2249 388 2318 σαρκὶ
419 2244 478 2302 εὖ
513 2250 657 2319 μάλα
687 2250 988 2321 προθύμως
1015 2249 1202 2321 (154
1226 2250 1279 2321 a)
1308 2249 1620 2320 ἑλομένους,
1656 2250 1714 2301 τὸ
1743 2250 1799 2301 δὲ

218 2340 623 2412 ζωποιηθῆναι
653 2343 749 2396 καὶ
775 2341 1048 2412 πνεύματι
1079 2343 1188 2395 οὐδ’
1211 2341 1461 2395 ὁπωσοῦν
1491 2341 1800 2410 άναρχομὲ-

217 2444 347 2486 νους
371 2475 385 2496 ,
444 2431 524 2484 ἔτι
571 2436 673 2504 τῆς
715 2434 842 2488 κατ’
870 2433 1068 2496 αὐτοὺς
1106 2434 1316 2505 σκηνῆς
1346 2434 1579 2504 ἐχούσης
1610 2434 1799 2486 στάσιν

216 2521 308 2576 διά
353 2523 416 2576 τὸ
460 2525 628 2597 μήπω
676 2525 1097 2596 πεφανερῶσθαι
1147 2527 1334 2590 αὐτοῖς
1377 2527 1477 2598 τὴν
1516 2521 1605 2578 διὰ
1639 2525 1799 2591 λόγου

217 2616 318 2668 καὶ
363 2615 619 2683 γνώσεως
668 2617 776 2670 τῶν
819 2618 990 2687 ἀγίων
1035 2617 1154 2671 ὁδον
1179 2659 1194 2683 ,
1251 2618 1374 2688 ἥτις
1413 2617 1563 2670 ἐστὶν
1591 2617 1620 2669 ό
1645 2617 1801 2683 λόγος

216 2709 320 2761 τοῦ
348 2708 482 2762 Θεοῦ
511 2712 540 2763 ὁ
565 2698 758 2776 είπὼν,
799 2703 964 2780 ΔἿὶδγώ
990 2713 1108 2779 ειμι
1203 2710 1345 2776 ὁδὸς
1369 2751 1388 2776 ,
1439 2709 1532 2764 καὶ
1574 2692 1682 2762 ἀπὸ
1707 2707 1800 2760 τοῦ

218 2801 404 2869 σάρκα
453 2799 610 2868 λόγον
646 2794 848 2855 είόἐναι
891 2801 978 2856 διά
1007 2802 1318 2871 πρακτικῆς
1350 2802 1441 2854 τὸν
1473 2800 1679 2869 Κύριον
1709 2799 1803 2851 ἐπὶ

214 2895 322 2960 τὴν
365 2893 442 2956 ὡς
490 2893 814 2965 μονογενοῦς
844 2894 999 2964 παρὰ
1025 2894 1241 2962 Πατρὸς
1270 2893 1449 2960 δόξαν,
1484 2895 1585 2962 τὴν
1617 2891 1800 2960 πλήρη

217 2984 446 3053 χάριτος
477 2988 570 3038 καί
599 2985 862 3056 ἀληθείας
883 3025 900 3050 ,
934 2985 1023 3038 διὰ
1059 2987 1292 3054 θεωρίας
1320 2984 1494 3037 ἐλθεῖν
1525 2984 1626 3036 ούκ
1655 2984 1802 3050 ἐφιε-

222 3075 442 3144 μένους.
613 3089 618 3093 ·

628 3245 848 3312 Θεωρία
873 3245 960 3308 είς
987 3245 1094 3296 τὸν
1122 3243 1391 3312 Ἀβραάμ.

310 3359 562 3430 Ἀϐραάμ
609 3357 774 3411 πάλιν
803 3357 1174 3426 πνευματικὸς
1204 3358 1415 3424 γίνεται
1442 3358 1542 3425 τῆς
1573 3360 1676 3428 γῆς
1711 3361 1804 3411 καὶ

222 3453 328 3522 τῆς
371 3449 694 3518 συγγενείας
748 3449 841 3501 καὶ
887 3437 981 3502 τοῦ
1032 3450 1181 3501 οἴκου
1225 3446 1319 3500 τοῦ
1353 3449 1558 3520 «arpis;
1587 3450 1806 3520 ἐξερχό-

228 3559 394 3616 μενος
443 3543 539 3596 καὶ
581 3531 661 3604 είς
689 3541 790 3610 τὴν
829 3540 936 3593 ὑπὸ
959 3539 1095 3593 Θεοῦ
1123 3541 1485 3612 δεικνυμένην
1511 3542 1805 3612 ἐρχόμενος

222 3637 334 3706 γῆν
359 3675 374 3697 ,
431 3635 459 3686 ό
507 3633 608 3702 τῆς
644 3632 851 3703 σαρκὸς
883 3631 1025 3684 κατά
1053 3629 1294 3686 διάθεσιν
1323 3633 1640 3704 ἀπορρήξας
1660 3675 1674 3694 ,
1712 3639 1805 3690 καὶ

225 3725 388 3786 ἐκτὸς
416 3722 587 3792 αὐτῆς
609 3721 904 3791 γενόμενος
932 3719 1011 3790 τῷ
1037 3721 1304 3792 χωρισμῷ
1332 3722 1441 3776 τῶν
1467 3723 1676 3790 παθῶν,
1712 3729 1806 3780 καὶ

225 3819 331 3880 τὰς
382 3815 666 3885 αίσθήσεις
714 3812 1034 3878 ἀπολιπὼν,
1091 3814 1186 3867 καὶ
1238 3814 1509 3885 μηδεμίαν
1539 3817 1606 3869 δι’
1627 3818 1806 3871 αὐτῶν

225 3909 508 3977 ἁμαρτίας
530 3907 608 3959 ἔτι
633 3904 1071 3977 παραδεχόμενος
1091 3905 1300 3973 πλάνην
1321 3947 1337 3970 ,
1373 3909 1467 3960 καὶ
1490 3909 1559 3962 τά
1574 3909 1808 3978 αἰσθητά

229 4001 412 4054 πάντα
441 3997 750 4072 παρελθὼν,
793 3999 854 4064 ἐξ
878 3992 953 4053 ὧν
980 4000 1045 4069 τῇ
1071 3999 1218 4070 ψυχῇ
1248 3998 1335 4052 διά
1360 3999 1471 4052 τῶν
1499 4001 1807 4071 αίσθήσεων

225 4091 294 4144 τὸ
343 4089 655 4144 ἀπατᾶσθαι
709 4089 803 4144 καὶ
852 4090 1034 4143 παίειν
1077 4090 1451 4162 προσγίνεται,
1512 4093 1606 4146 καὶ
1663 4093 1807 4162 μόνῳ

227 4182 311 4254 τῷ
337 4181 412 4252 νῷ
444 4181 643 4246 παντὸς
671 4179 861 4235 ῦλικοῦ
891 4180 1162 4252 ἐλευθέρῳ
1191 4181 1396 4252 δεσμοῦ
1430 4184 1510 4245 είς
1535 4185 1633 4252 τὴν
1656 4184 1806 4236 θείαν

229 4278 329 4330 καὶ
362 4275 638 4346 μακαρίαν
666 4276 764 4343 τῆς
791 4271 1046 4341 γνώσεως
1079 4273 1374 4343 ἐρχόμενος
1403 4275 1507 4342 γῆν
1531 4314 1546 4337 ,
1607 4278 1698 4328 καὶ
1729 4277 1807 4336 είς

233 4368 414 4438 μῆκος
463 4368 557 4420 καὶ
606 4366 806 4427 πλάτος
852 4365 1024 4435 αὐτὴν
1073 4365 1351 4434 μυστικῶς
1379 4366 1652 4426 διοδεύων,
1689 4362 1806 4439 ὲνῇ

227 4460 326 4513 τὸν
353 4458 555 4532 Κύριον
581 4459 740 4529 ἡμῶν
769 4457 995 4528 εὑρήσει
1031 4458 1125 4511 καὶ
1154 4457 1288 4510 Θεὸν
1323 4458 1528 4527 Ἰησοῦν
1550 4460 1806 4529 Χριστὸν,

1902 1975 2304 2030 surrectionem
2336 1990 2468 2029 vero
2496 1975 2637 2045 ejus,
2683 1975 2753 2028 de
2799 1989 2908 2043 qua
2957 1982 3014 2028 et
3060 1982 3287 2042 propter
3315 1988 3483 2041 quam

1903 2082 2052 2119 mors
2101 2067 2240 2121 facta
2283 2077 2387 2131 est,
2437 2082 2537 2136 per
2589 2067 3021 2121 intellectualem
3056 2064 3484 2132 contemplatio-

1902 2175 2051 2220 nem,
2079 2174 2204 2225 qua:
2235 2159 2288 2210 in
2322 2159 2593 2211 bonarum
2628 2159 2908 2211 actionum
2937 2155 3152 2225 iustitia
3189 2154 3485 2208 collustra-

1905 2258 2014 2307 tur,
2040 2249 2356 2312 dillitentcs,
2382 2259 2440 2303 et
2457 2250 2756 2304 carnaliter
2779 2249 3098 2302 mortilicari
3125 2247 3482 2316 paratissimi,

1901 2350 1956 2393 at
1991 2341 2256 2393 vivilicari
2306 2357 2526 2408 quoque
2562 2341 2616 2394 in
2653 2341 2848 2409 spiritu
2898 2354 3244 2409 nequaquam
3293 2339 3480 2394 denuo

1901 2433 2259 2494 inchoantes,
2329 2432 2686 2486 tabernaculo
2745 2448 2991 2500 Ipsorum
3030 2431 3213 2486 adhuc
3266 2441 3482 2494 stante.

1901 2522 2124 2589 quando
2152 2523 2400 2576 nondum
2443 2523 2524 2576 eis
2551 2538 2649 2591 per
2700 2525 2964 2576 rationem
3009 2533 3065 2576 et
3112 2523 3484 2591 cognitionem

1903 2623 2220 2667 sanctorum
2259 2615 2345 2667 via
2391 2623 2476 2668 est
2518 2622 2823 2668 monstrata
2853 2630 2975 2682 qua:
3006 2614 3104 2668 Dei
3153 2627 3334 2667 sermo
3377 2621 3484 2674 est,

1905 2705 2094 2759 dicens
2134 2725 2145 2758 :
2195 2705 2306 2775 Ego
2351 2722 2470 2759 sum
2516 2708 2600 2758 via
2623 2715 2840 2770 (πῃ-ει
2873 2717 3158 2774 postquam
3194 2705 3484 2758 Dominum

1907 2797 2231 2850 Sermonem
2261 2812 2485 2851 carnem
2532 2811 2629 2866 per
2672 2797 3075 2866 philosophiam
3121 2797 3354 2852 activam
3390 2811 3488 2850 co-

1909 2898 2168 2956 gnorunt,
2196 2889 2262 2943 ad
2291 2889 2544 2957 gloriam,
2589 2905 2712 2958 quae
2755 2889 3036 2958 Unigeniti
3079 2897 3163 2943 est
3206 2887 3350 2957 apud
3389 2887 3490 2941 Pa-

1910 2987 2072 3042 trem,
2109 2980 2298 3048 gratia:
2329 2990 2384 3033 et
2413 2980 2664 3034 Veritatis
2696 2981 2914 3048 plenam
2948 2990 2994 3046 τ,
3016 2995 3118 3050 per
3146 2979 3491 3046 contempla--

1910 3071 2114 3124 tionem
2139 3072 2352 3127 venisse
2376 3088 2486 3126 non
2512 3074 2818 3141 cupientes.

2299 3219 2686 3323 Contemplatio
2724 3254 2778 3306 in
2812 3251 3102 3308 Abraham.

1980 3363 2253 3417 Abraham
2307 3381 2498 3420 rursus
2541 3365 2848 3432 spiritualis
2878 3366 2938 3419 ﬁt
2972 3367 3040 3420 de
3070 3377 3235 3432 terra,
3264 3367 3332 3422 de
3361 3385 3490 3437 pro-

1906 3454 2215 3522 pinquitate
2243 3454 2422 3523 deque
2453 3455 2626 3524 patris
2659 3456 2825 3509 domo
2869 3456 3161 3512 discedens
3199 3459 3252 3512 in
3287 3468 3491 3514 terram

1906 3559 2068 3612 quam
2109 3545 2252 3598 Deus
2282 3547 2607 3600 monstravit
2640 3559 2685 3607 ι,
2719 3547 2814 3614 qui
2856 3562 2886 3600 a
2931 3563 3099 3602 carne
3139 3563 3258 3603 sese
3294 3565 3493 3604 secun-

1905 3636 2036 3686 dum
2065 3635 2312 3690 habitum
2344 3636 2700 3704 abrumpens,
2735 3647 2792 3693 et
2820 3647 2976 3693 extra
3010 3655 3130 3694 eam
3169 3641 3345 3696 factus
3369 3657 3498 3709 pas-

1909 3727 2124 3781 sionum
2168 3728 2429 3792 divortio,
2466 3731 2832 3801 sensiliusque
2876 3732 3088 3787 relictis
3128 3735 3345 3787 nullum
3373 3750 3492 3788 am-

1907 3819 2053 3886 plius
2076 3834 2176 3887 per
2198 3834 2296 3874 eos
2326 3823 2536 3890 peccati
2566 3839 2812 3878 errorem
2850 3824 3145 3892 recipiens,
3179 3825 3494 3881 sensibilis.-

1906 3926 2014 3978 quc
2057 3912 2242 3964 omnia
2293 3924 2742 3982 praetergressus,
2788 3930 2854 3968 ex
2899 3915 3104 3983 quibus
3149 3917 3344 3970 animae
3396 3933 3497 3986 per

1907 4019 2104 4055 sensus
2135 4004 2287 4056 fraus
2317 4004 2376 4057 fit
2407 4013 2570 4072 atque
2615 4005 2818 4065 illusio,
2853 4006 3082 4075 solaque
3117 4017 3298 4061 mente
3343 4009 3492 4062 omni

1907 4093 2175 4146 materiali
2209 4095 2431 4148 vinculo
2467 4097 2640 4149 libera
2694 4096 2746 4149 in
2779 4097 3023 4152 divinam
3061 4108 3227 4167 atque
3276 4100 3492 4153 beatam

1905 4184 2234 4249 cognitionis
2291 4195 2492 4236 terram
2551 4184 2834 4250 profectus
2889 4185 3048 4254 longe
3106 4186 3323 4253 lateque
3371 4201 3493 4239 eam

1908 4276 2135 4344 mystice
2179 4284 2455 4344 peragrat,
2485 4275 2577 4328 ubi
2611 4276 2905 4330 Dominum
2956 4285 3205 4330 nostrum
3252 4277 3498 4332 inveniet

1907 4375 2072 4434 atque
2103 4365 2272 4419 Deum
2321 4363 2509 4420 Jcsum
2539 4366 2844 4430 Christum,
2881 4368 3080 4421 bonam
3120 4369 3266 4421 illam
3302 4383 3494 4422 eorum

1907 4458 2003 4523 qui
2031 4457 2209 4526 ipsum
2237 4467 2503 4511 verentur
2526 4459 2928 4523 haereditatem,
2953 4458 3259 4522 Christum,
3289 4461 3341 4512 in
3373 4460 3496 4514 lon-

229 4548 591 4618 την-ἀγαθὴν
636 4547 743 4600 τῶν
790 4545 1144 4616 φοϐουμένων
1201 4548 1364 4601 αὐτὸν
1411 4548 1798 4619 κληρονομίαν,

1910 4548 2214 4618 gitudincm
2262 4549 2488 4616 quidem
2554 4551 3045 4620 incomparabilem
3107 4553 3191 4604 sui
3246 4565 3410 4605 causa
3465 4568 3496 4606 a

229 4637 313 4700 είς
348 4636 522 4705 μῆκος
549 4636 650 4704 μὲν
679 4636 1004 4690 ἀνείκαστον
1047 4635 1114 4688 δι’
1143 4636 1332 4689 ἑαυτὸν
1369 4638 1473 4689 ὑπὸ
1501 4639 1608 4690 τῶν
1638 4638 1801 4703 ἀξίων

1911 4639 2093 4707 dignis
2122 4639 2302 4706 quoad
2335 4641 2453 4691 lieri
2504 4645 2684 4707 potest
2725 4639 2869 4708 apud
2915 4641 3192 4702 homines,
3225 4640 3494 4709 praedica—

230 4727 378 4780 κατά
404 4727 466 4780 τὸ
493 4727 716 4796 ἐφικτὸν
749 4727 1056 4799 ἀνθρώποις
1087 4728 1528 4799 θεολογούμενον,
1564 4730 1632 4784 δι’
1661 4731 1805 4798 ἡμᾶς

228 4815 290 4869 δὲ
319 4817 397 4878 είς
417 4815 617 4877 πλάτος
645 4814 1108 4885 δοξολογούμενον,
1137 4817 1225 4870 διὰ
1245 4818 1342 4888 τῆς
1364 4822 1686 4888 συνεκτικῆς
1714 4818 1806 4870 τοῦ

232 4907 438 4971 παντὸς
495 4909 810 4977 σοφωτάτης
852 4909 1016 4963 αὑτοῦ
1061 4910 1347 4979 προνοίας,
1405 4911 1500 4963 καὶ
1542 4912 1638 4980 τῆς
1669 4911 1809 4981 ὑπὲρ

229 4995 395 5067 ήμῶν
448 4996 682 5066 μάλιστα
735 4998 1054 5069 θαυμαστῆς
1108 5000 1201 5053 καὶ
1241 5001 1626 5073 ύπεραρρήτου
1657 5003 1801 5056 οἰκο-

229 5087 428 5155 νομίας
450 5131 464 5152 ,
513 5089 607 5141 καὶ
653 5088 879 5160 μέτοχος
921 5090 1030 5142 τῶν
1060 5086 1142 5153 οἷς
1171 5092 1452 5164 γεραίρειν
1482 5093 1574 5146 τὸν
1601 5092 1802 5162 Κύριον

228 5177 424 5250 (
445 5178 496 5250 ὁ)
527 5179 883 5252 ὲξεπαιδεύθη
913 5184 1129 5252 τρόπων
1158 5185 1299 5238 κατὰ
1327 5183 1527 5254 πρᾶξιν
1552 5185 1686 5248 τέως
1710 5185 1806 5238 καὶ

230 5271 472 5342 θεωρίαν
522 5274 850 5342 γενόμενος,
904 5275 973 5328 δι’
1001 5267 1077 5330 ὧν
1127 5277 1163 5348 ὴ
1215 5278 1350 5348 πρὸς
1395 5278 1527 5330 Θεὸν
1575 5277 1810 5348 βεϐαίως

231 5361 536 5433 κυροῦσθαι
582 5365 793 5432 πέφυκε
838 5366 989 5432 φιλία
1029 5383 1089 5419 τε
1142 5369 1237 5421 καὶ
1279 5368 1638 5437 άφομοίωσις.
1700 5369 1810 5421 Καὶ

231 5456 521 5521 συντόμως
551 5457 678 5526 περὶ
706 5455 912 5510 τούτων
936 5460 1132 5522 εἰπεῖν,
1163 5461 1192 5512 ό
1221 5459 1402 5530 σάρκα
1432 5463 1524 5513 καὶ
1553 5460 1809 5526 αἴσθησιν

230 5547 332 5600 uti
372 5547 577 5614 κόσμον
602 5586 617 5609 ,
671 5548 801 5620 περὶ
829 5548 866 5602 ά
892 5547 986 5603 τοῦ
1014 5549 1107 5603 νοῦ
1140 5553 1173 5621 ἡ
1212 5552 1348 5624 πρὸς
1372 5552 1443 5605 τὰ
1462 5554 1631 5622 νοητά
1665 5554 1808 5605 κατὰ

307 5667 337 5710 (ι
359 5659 514 5714 Jcan.
543 5677 651 5725 xlv,
685 5663 739 5720 6..
817 5673 839 5702 τ
867 5664 1024 5722 Joan.
1052 5681 1089 5730 ι,
1121 5667 1208 5722 ll.
1285 5674 1308 5702 ⁸
1340 5667 1479 5723 Gen.
1515 5682 1606 5728 xu,
1645 5667 1694 5717 l.

1907 4739 2042 4791 tum,
2075 4729 2249 4782 nostri
2280 4745 2448 4782 causa
2481 4745 2612 4783 vero
2649 4731 2702 4782 in
2738 4730 3082 4785 latitudinem
3129 4732 3496 4799 glorilicatum

1905 4822 1972 4874 de
2007 4821 2416 4888 sapientissima
2447 4822 2568 4889 ejus
2595 4838 2717 4890 quae
2743 4823 2928 4875 omnia
2954 4822 3342 4889 complectitur
3371 4838 3500 4889 pro-

1907 4912 2146 4966 videntia
2181 4911 2360 4979 deque
2414 4913 2726 4966 admirabili
2785 4913 2873 4966 illa
2924 4915 3229 4981 praesertim
3271 4924 3325 4966 et
3376 4913 3501 4980 plus

1908 5019 2071 5074 quam
2109 5004 2373 5058 inell‘abili
2409 5021 2510 5073 pro
2557 5005 2719 5058 nobis
2767 5007 3098 5065 meonomia,
3129 5021 3321 5058 eorum
3357 5021 3500 5073 quo-

1910 5111 2019 5165 que
2066 5096 2269 5164 quibus
2313 5096 2586 5151 honorare
2635 5099 2927 5150 Dominum
2965 5095 3160 5150 didicit
3208 5097 3496 5149 modorum

1909 5189 2089 5242 active
2137 5188 2358 5240 interim
2391 5195 2449 5241 et
2490 5189 2917 5256 contemplative
2969 5187 3150 5240 factus
3197 5187 3493 5254 particeps,

1908 5280 2114 5346 quibus
2152 5278 2328 5332 modis
2355 5278 2588 5334 firmiter
2617 5279 2865 5332 sancitur
2901 5278 2994 5332 Dei
3029 5292 3185 5331 amor
3217 5285 3380 5345 atque
3405 5291 3496 5330 ass

1909 5371 2186 5424 sinulatio.
2222 5371 2306 5432 Et,
2347 5379 2409 5424 ut
2443 5373 2688 5426 breviter
2719 5369 2787 5424 de
2818 5369 2906 5424 his
2935 5369 3137 5432 dicam,
3171 5368 3216 5423 is
3243 5368 3337 5436 qui
3377 5383 3495 5421 cara

1911 5477 2036 5516 nem
2071 5470 2128 5514 et
2175 5475 2398 5516 sensum
2445 5473 2501 5518 et
2540 5461 2826 5524 mundum,
2856 5461 3001 5515 circa
3031 5458 3400 5529 quosmeutis
3425 5460 3493 5513 ad

1914 5552 2284 5620 intelligibilia
2323 5554 2384 5608 ﬁt
2412 5555 2640 5609 relativa
2683 5553 2907 5616 solutio,
2953 5552 3128 5607 active
3171 5549 3492 5617 debellavit,

1525 5757 1752 5812 VARIA‘J
1787 5756 2183 5813 LECTIUNL'S.

311 5817 358 5854 "
386 5821 474 5876 τὸν
507 5824 629 5880 cod.
661 5824 802 5878 Gud.
