4200 6440
216 387 358 456 1149
1462 397 1978 461 AMBIGUORUM
2020 404 2269 465 LIBER.
3339 408 3478 476 1150

212 497 545 604 κομίσαντος
573 496 807 571 δύναμιν
838 498 948 555 τῶν
976 501 1128 575 παρὰ
1154 500 1316 572 φύσιν
1344 501 1414 556 τὰ
1442 505 1583 557 κατὰ
1608 505 1789 573 φύσιν,

1896 510 2129 604 terialia,
2161 528 2282 604 eam
2310 527 2433 585 qua
2476 515 2787 575 libertatem
2827 519 3048 576 fortiter
3088 530 3359 592 segregat,
3397 523 3477 576 fa-

348 590 457 642 τῶν
502 591 782 662 σαρκικῶν
831 591 902 646 τὰ
942 591 1151 663 ψυχικὰ
1174 631 1190 657 ,
1244 593 1475 647 καὶτῶν
1502 595 1705 648 ύλικῶν
1729 612 1788 648 τε

1896 602 2107 653 mulare
2141 602 2326 657 studet
2357 604 2517 675 longe
2549 622 2815 675 superans
2840 590 3188 679 potestatem.

210 680 310 790 καὶ
351 681 630 790 μίσθητῶν
673 683 754 790 ’τά
807 682 1125 790 νοητὰὲκαὶ
1165 684 1304 740 άῡλα
1349 686 1494 739 κατὰ
1534 687 1737 760 πολλὴν
1766 689 2016 761 ἀφορίζει
2042 693 2313 761 ἐξουσίαν,
2363 699 2463 768 τῆς
2492 698 2679 753 δοῦλον
2717 704 2890 755 ποιεῖν
2933 704 2996 757 τὸ
3033 703 3314 773 ἐλεύθερον
3350 718 3474 755 πει-

211 772 469 844 ρωμένης
499 773 635 827 πολὺ
665 774 954 847 ὑπερέχων
983 777 1287 849 δυνάμεως.

389 956 574 1022 Ἄλλη
599 955 810 1024 θεωρία
839 957 929 1023 εὶς
951 956 1059 1011 τὸν
1083 958 1271 1012 αὐτὸν
1300 958 1625 1029 σύντομος.

234 1088 235 1091 η
280 1067 393 1120 Καὶ
448 1066 537 1121 ῐνα
587 1067 830 1123 συνελὼν
876 1068 1052 1136 είπω,
1109 1071 1139 1123 ό
1185 1070 1261 1141 μὴ
1288 1071 1538 1125 ὑπελθὼν
1573 1073 1665 1126 τὸν
1694 1074 1796 1143 τῆς

203 1157 489 1229 ἁμαρτίας
532 1159 701 1227 ζυγὸν
722 1197 739 1225 ,
791 1161 933 1232 μήτε
972 1178 1051 1231 τῳ
1088 1161 1294 1233 θολερῷ
1316 1164 1427 1217 τῶν
1451 1165 1641 1219 παθῶν
1666 1165 1793 1237 ῥεύ-

207 1266 343 1319 ματι
372 1250 463 1304 διὰ
490 1250 592 1320 τῆς
620 1253 800 1323 κακῆς
828 1252 1131 1323 ἐπιθυμίας
1162 1255 1355 1309 ἑαυτὸν
1379 1257 1667 1327 ἐμπνίξας,
1700 1258 1795 1311 καὶ

202 1342 464 1412 αίσθήσει
513 1342 813 1414 τρέφεσθαι
862 1346 929 1416 τῇ
983 1348 1132 1415 πηγῇ
1177 1345 1286 1399 τῶν
1321 1348 1524 1418 ἡδονῶν
1565 1351 1799 1419 ἀνασχόι

202 1451 393 1503 μενος,
420 1435 751 1498 ἀποκτείνας
772 1435 833 1489 δὲ
864 1435 1067 1505 μᾶλλον
1093 1436 1153 1489 τὸ
1178 1438 1436 1507 φρόνημα
1452 1439 1553 1507 τῆς
1572 1442 1797 1508 σαρκὸς,

199 1526 268 1578 τὸ
290 1525 591 1596 τυραννοῦν
620 1528 720 1597 τῆς
744 1526 924 1597 ψυχῆς
955 1529 1056 1597 τὴν
1080 1530 1360 1597 εὐγένειαν
1385 1571 1401 1595 ,
1452 1532 1543 1584 καὶ
1575 1532 1799 1586 πάντων

200 1616 318 1669 τῶν
375 1618 749 1688 φθειρομένων
811 1619 1070 1689 ὑπεράνω
1112 1621 1408 1691 γενόμενος
1456 1622 1550 1676 τὸν
1595 1623 1798 1680 πλάνον

194 1706 394 1760 τοῦτον
443 1708 650 1778 κόσμον
703 1709 893 1781 ῶσπερ
934 1711 1211 1780 Αἴγυπτόν
1243 1729 1367 1768 τινα
1416 1713 1606 1783 φυγὼν
1631 1756 1648 1782 ,
1700 1715 1797 1770 τὸν

2141 961 2266 1019 Alia
2293 965 2666 1035 contemplatio
2688 967 2853 1021 brevis
2883 967 2938 1020 in
2967 968 3225 1021 eumdem.

1964 1078 2145 1148 Atque
2184 1086 2245 1132 ut
2275 1076 2466 1148 paucis
2503 1078 2803 1145 absolvam,
2830 1081 2877 1135 is
2906 1081 3001 1150 qui
3036 1082 3245 1150 peccati
3279 1082 3469 1151 jugum

1894 1184 2006 1224 non
2042 1170 2235 1235 subiit,
2260 1186 2447 1240 neque
2483 1185 2708 1226 caenoso
2746 1172 3063 1241 passionum
3103 1173 3327 1226 flumine
3373 1188 3473 1241 per

1897 1263 2091 1318 malam
2127 1263 2446 1333 cupidinem
2479 1277 2600 1318 sese
2626 1263 2915 1319 suffocavit
2941 1280 3004 1317 ac
3031 1280 3196 1319 sensu
3221 1267 3474 1334 voluptau

1895 1364 2011 1408 tum
2035 1354 2187 1409 fonte
2215 1356 2288 1409 aii
2318 1370 2376 1410 se
2402 1371 2595 1426 passus
2619 1363 2725 1420 est,
2756 1357 2868 1409 imo
2902 1359 3084 1425 potius
3121 1356 3469 1424 prudentiam

1894 1446 2097 1509 carnis,
2122 1462 2245 1514 qua
2284 1447 2339 1500 in
2376 1446 2717 1501 nobilitatem
2750 1447 2945 1499 anima
2974 1454 3193 1499 exercet
3223 1445 3473 1499 domina-

1894 1547 2034 1601 tum,
2074 1537 2354 1592 interfecit
2393 1546 2450 1591 et
2492 1552 2685 1592 eorum
2731 1551 2852 1606 qua
2896 1536 3178 1589 intereunt
3219 1536 3473 1604 superior

1889 1628 2067 1684 factus
2084 1629 2235 1683 hunc
2250 1628 2516 1683 mundum
2531 1627 2736 1684 erroris
2751 1629 2972 1696 plenum
2988 1626 3158 1681 veluti
3176 1624 3467 1696 [Egyptnm

1890 1719 2129 1788 aliquam
2160 1719 2319 1789 fugit,
2348 1734 2471 1787 qua
2504 1715 3035 1788 perspicacissimam
3074 1725 3313 1770 mentem
3351 1732 3473 1770 cor-

195 1799 522 1853 ἐκθλίὸοντα
538 1802 675 1888 ’ταῖς
705 1805 1048 1872 σωματικαῖς
1076 1804 1329 1873 φροντίσι
1355 1804 1449 1859 τὸν
1474 1805 1789 1878 διορατικώ⁴

1891 1810 2177 1879 poralibus
2210 1810 2361 1864 curis
2391 1818 2574 1872 vexat,
2604 1807 2699 1877 qui
2733 1807 2920 1876 quiete
2956 1821 3141 1861 secum
3175 1821 3471 1860 conversa-

193 1908 365 1945 τατον
393 1891 518 1945 νοῦν
539 1931 555 1955 ,
609 1893 707 1947 καὶ
756 1893 881 1947 καθ’
910 1894 1145 1969 ἡσυχίαν
1188 1895 1367 1966 ἐαυτῷ
1400 1897 1789 1967 συγγενόμενος

1899 1910 1987 1955 tus
2011 1901 2235 1969 otioque
2264 1898 2463 1953 studiis
2486 1912 2551 1953 ac
2585 1896 2867 1951 laboribus
2899 1895 3089 1949 dedito
3122 1894 3191 1948 de
3223 1894 3470 1963 sapiente

194 1985 296 2039 καὶ
323 1984 595 2057 φιλοπόνῳ
623 1986 785 2057 σχολῇ
807 1986 907 2057 τῆς
932 1987 1223 2058 διεπούσης
1250 1987 1411 2053 θείως
1435 1990 1495 2042 τὸ
1516 1990 1625 2043 πᾶν
1645 1989 1789 2053 θείας

1896 1994 2097 2049 divina
2120 1991 2499 2063 providentia,
2520 2004 2643 2059 qua
2665 1989 2852 2044 divine
2878 1988 3196 2042 universum
3221 1987 3473 2041 modera-

194 2076 459 2147 προνοίας
482 2076 584 2148 τὴν
606 2078 778 2149 σοφὴν
799 2079 1114 2149 οἰκονομίαν
1130 2080 1218 2133 διὰ
1246 2080 1346 2149 τῆς
1362 2082 1796 2151 ἐπιστημονικῇ

190 2168 306 2221 τῶν
354 2169 525 2222 ὄντων
573 2168 807 2241 θεωρίας
852 2170 1109 2242 ἀρρήτως
1157 2171 1457 2242 διδαχθεὶς,
1494 2172 1792 2226 κάντεῦθεν

191 2258 286 2313 διὰ
318 2260 588 2330 μυστικῆς
615 2259 931 2329 θεολογίας,
995 2260 1064 2331 ῆν
1105 2261 1225 2315 κατ’
1258 2262 1516 2315 ἔκστασιν
1550 2263 1790 2335 ἄρρητον

191 2348 325 2414 νοῦς
368 2351 608 2424 καθαρὸς
656 2350 746 2405 διὰ
790 2353 1100 2425 προσευχῆς
1128 2354 1443 2407 πιστεύεται
1481 2354 1680 2425 μόνος,
1719 2353 1795 2418 ὡς

193 2442 257 2495 ἐν
315 2441 500 2513 γνόφῳ
560 2443 628 2514 τῇ
682 2442 929 2516 ἀγνωσία
977 2444 1325 2513 ἀφθέγκτωςί
1365 2443 1485 2515 Θεῷ
1534 2445 1793 2513 συγγενό-

194 2549 363 2601 μενος
385 2572 402 2597 ,
458 2534 551 2587 καὶ
577 2534 770 2588 ἐαυτὸν
802 2534 1007 2588 ἰσωθεν
1039 2534 1181 2590 κατὰ
1209 2535 1333 2588 νοῦν
1360 2535 1642 2599 εὐσεϐείας
1670 2535 1794 2603 δόγ-

197 2642 360 2695 μασι,
393 2626 488 2678 καὶ
511 2625 733 2692 ἔξωθεν,
755 2627 832 2689 ὡς
850 2626 951 2689 τὰς
980 2627 1191 2686 πλάκας
1222 2628 1250 2681 ὁ
1278 2627 1540 2697 Μωῦσῆς,
1578 2627 1793 2699 ἀρετῶν

194 2721 388 2793 χάρισι
416 2721 667 2793 δακτύλῳ
693 2720 829 2775 Θεοῦ
872 2720 951 2794 τῷ
980 2721 1121 2791 ἁγίῳ
1151 2721 1431 2791 Πνεύματι
1457 2720 1791 2792 ἐγχαράξας,

192 2812 233 2883 ἢ
283 2810 571 2881 γραφικῶς
625 2812 837 2878 εἰπεῖν,
899 2812 930 2865 ὁ
983 2811 1240 2883 ἐλόμενος
1301 2810 1792 2880 συγκακουχείᾟθαι

193 2902 277 2972 τῷ
292 2901 407 2974 λαῷ
425 2901 519 2956 τοῦ
535 2900 672 2957 Θεοῦ
703 2901 906 2973 μᾶλλον
932 2902 967 2975 ἢ
990 2902 1325 2974 πρόσκαιρον
1351 2901 1495 2971 ἔχειν
1514 2901 1792 2971 ἁμαρτίας

197 2993 389 3065 (156
410 2992 465 3063 a)
500 2992 828 3053 ἀπόλαυσιν.
864 2993 963 3046 καὶ
991 2993 1105 3046 τῶν
1134 2994 1194 3046 ἐν
1220 2991 1483 3060 Αἰγύπτῳ
1501 2991 1793 3062 θησαυρῶν

195 3086 292 3139 τὸν
347 3083 657 3154 ὀνειδισμὸν
720 3081 818 3136 τοῦ
868 3081 1113 3154 Χριστοῦ
1171 3081 1503 3154 τιμιώτερον
1558 3082 1788 3153 κρίνας,

197 3174 450 3229 ⁸τουτέστι
487 3172 722 3227 πλούτου
756 3175 854 3227 καὶ
884 3172 1048 3243 δόξης
1075 3212 1090 3238 ,
1153 3173 1262 3228 τῶν
1298 3172 1652 3244 προσκαίρων
1698 3173 1791 3227 καὶ

1897 2096 1989 2143 tur
2010 2095 2067 2141 et
2093 2094 2270 2150 curat,
2295 2082 2708 2153 dispensatione
2738 2095 2836 2149 per
2860 2093 3088 2150 gnaram
3119 2093 3305 2132 rerum
3339 2092 3463 2130 con-

1892 2179 2308 2249 templationem
2342 2174 2610 2230 ineffabili
2639 2172 2802 2228 modo
2833 2171 3064 2226 edoctus
3095 2181 3199 2233 est,
3232 2169 3469 2237 indeque

1895 2284 1996 2339 per
2028 2268 2315 2339 mysticam
2348 2265 2677 2335 theologiam
2696 2304 2711 2328 ,
2742 2279 2865 2333 qua
2895 2269 3058 2317 casta
3089 2262 3266 2315 solum
3299 2259 3467 2314 menti

1895 2375 1996 2431 per
2045 2360 2349 2415 orationem
2397 2357 2682 2422 creditur,
2729 2354 3052 2427 ignorantia
3099 2362 3356 2422 tanquam
3410 2352 3468 2405 in

1895 2451 2106 2517 nimbo,
2138 2449 2497 2506 ineffabiliter
2521 2461 2851 2519 congressus
2886 2460 3009 2500 cum
3042 2445 3155 2499 Deo
3184 2443 3332 2495 intus
3360 2440 3467 2494 sibi

1896 2544 1952 2599 in
1980 2551 2164 2597 mente
2193 2542 2417 2612 pietatis
2442 2548 2715 2610 pracepta
2739 2546 2797 2593 et
2819 2537 3185 2596 extrinsecus,
3208 2533 3469 2602 quemad-

1896 2632 2121 2686 modum
2156 2631 2361 2685 tabulis
2384 2630 2616 2701 Moyses,
2645 2628 2910 2682 virtutum
2939 2624 3143 2696 gratias
3174 2624 3267 2677 Dei
3297 2622 3470 2692 digito

1894 2724 1989 2795 qui
2014 2732 2238 2779 sanctus
2268 2720 2508 2791 Spiritus
2534 2730 2642 2785 est,
2670 2719 2972 2789 inscripsit,
2995 2717 3103 2779 vel,
3130 2724 3190 2768 ut
3213 2730 3471 2784 expresse

1894 2817 2096 2883 dicam,
2118 2816 2214 2887 qui
2238 2831 2364 2871 cum
2389 2814 2595 2885 populo
2617 2813 2714 2867 Dei
2738 2810 2988 2866 aﬂlictari
3011 2825 3174 2878 quam
3201 2819 3473 2876 tempora-

1894 2911 2002 2965 lem
2030 2909 2272 2963 fructum
2303 2906 2515 2976 peccati
2549 2905 2841 2975 percipere
2870 2910 2926 2957 et
2954 2900 3229 2955 thesauris
3254 2897 3470 2967 (Egypti

1895 2998 2287 3054 contumeliam
2313 2996 2521 3052 Christi
2545 2995 2809 3065 pratulit,
2833 2994 2941 3048 hoc
2965 3000 3051 3045 est
3073 2988 3284 3045 divitiis
3306 2996 3472 3056 atque

1894 3091 2109 3160 gloria,
2150 3104 2274 3158 qua
2318 3096 2449 3143 sunt
2491 3085 2818 3157 temporalia
2861 3092 3027 3152 atque
3071 3079 3323 3136 interitui
3369 3077 3471 3132 ob-

1893 3183 2079 3246 noxia,
2102 3181 2320 3235 labores
2348 3194 2448 3249 pro
2475 3177 2682 3232 virtute
2709 3183 2902 3246 sponte
2932 3190 2995 3228 ac
3023 3173 3279 3227 lubenter
3299 3170 3474 3225 susci-

196 3266 597 3339 φθειρομένων,
630 3265 759 3328 τοὺς
793 3265 935 3333 ὑπὲρ
964 3265 1167 3335 ἀρετῆς
1201 3266 1466 3329 ἑκουσίως
1496 3265 1786 3337 άνθαιρού-

1890 3289 2022 3344 pere
2062 3272 2284 3334 maluit,
2318 3271 2366 3324 is
2401 3269 2616 3341 Moyses
2652 3266 2962 3337 spiritualis
2997 3264 3175 3319 factus
3212 3271 3324 3325 est,
3359 3276 3470 3315 non

197 3375 365 3429 μενος
394 3358 592 3420 πόνους
611 3396 628 3417 ,
682 3351 839 3420 οὗτος
870 3356 1113 3426 Μωῦσῆς
1140 3357 1510 3427 πνευματικὸς
1536 3357 1780 3427 γέγονεν,

193 3448 299 3517 οὐχ
318 3445 501 3519 ὁρατῷ
530 3446 916 3516 διαλεγόμενος
937 3445 1160 3517 Φαραὼ,
1184 3446 1323 3500 ἀλλὰ
1347 3447 1567 3518 ἀοράτῳ
1587 3448 1783 3520 τυράν-

189 3558 274 3613 νῳ
303 3540 398 3593 καί⁵
424 3538 616 3609 ψυχῶν
637 3540 873 3608 φονευτῇ
901 3538 997 3591 καὶ⁵
1021 3537 1221 3601 κακίας
1245 3538 1475 3609 άρχηγῷ
1500 3538 1578 3609 τῷ
1598 3540 1783 3594 διαδό-

188 3630 277 3701 λῳ
310 3629 409 3683 καὶ
442 3631 563 3693 ταῖς
595 3628 735 3699 ἀμφ’
757 3627 924 3682 αὐτὸν
970 3630 1238 3699 πονηραῖς
1274 3624 1537 3699 δυνάμεσι
1576 3627 1784 3704 μεθ’ἦς

190 3720 293 3775 διὰ
338 3721 524 3792 χειρὸς
577 3719 907 3790 ἐπιφέρεται
952 3718 1152 3789 ράὁδου
1178 3759 1194 3785 ,
1248 3718 1349 3788 τῆς
1388 3719 1531 3773 κατὰ
1557 3720 1618 3774 τὸ
1644 3739 1786 3791 πρα-

190 3813 385 3869 κτικόν
410 3828 555 3883 φημι
579 3811 674 3866 τοῦ
696 3811 858 3880 λόγου
880 3809 1187 3881 δυνάμεως,
1212 3810 1419 3882 νοητῶς
1440 3813 1788 3884 παρατασσό-

192 3918 378 3975 μενος.

194 4082 421 4150 Θεωρία
438 4079 571 4150 περὶ
596 4078 724 4147 τοῦ,
744 4077 876 4148 Πῶς
896 4078 1040 4145 τοὺς
1060 4078 1174 4148 πρὸ
1199 4078 1389 4148 νόμου
1410 4080 1509 4134 καί
1526 4081 1677 4152 μετὰ
1696 4085 1791 4139 rd.

265 4190 389 4243 μον
436 4174 645 4242 ἁγίους
693 4189 785 4237 τις
828 4170 1209 4241 μιμήσασθαι
1240 4170 1512 4237 δύναται,
1563 4175 1660 4228 καὶ
1692 4176 1785 4244 τίς

267 4266 309 4333 ἠ
355 4264 464 4319 τοῦ
504 4264 769 4334 φυσικοῦ
803 4263 993 4332 νόμου
1046 4263 1286 4318 καὶτοῦ
1316 4265 1586 4333 ψαπτοῦ
1629 4269 1782 4325 κατὰ

267 4356 386 4425 τὴν
417 4358 502 4423 εἰς
527 4355 846 4423 ἀλλήλους
868 4354 1294 4426 μεταχώρησιν
1318 4356 1633 4427 ταυτότης.

277 4554 553 4619 Ὡσαύτως
570 4553 627 4608 δὲ
655 4554 748 4607 καὶ
770 4552 982 4616 πάντας
1010 4552 1135 4615 τοὺς
1163 4553 1351 4621 ἁγίους
1377 4552 1607 4618 ἕκαστος
1626 4556 1787 4627 ἡμῶν

1887 3381 2013 3420 cum
2034 3363 2240 3419 visibili
2263 3362 2585 3430 colloquens
2606 3357 2903 3421 Pharaoni,
2929 3357 3025 3410 sed
3052 3370 3177 3409 cum
3203 3352 3469 3409 invisibili

1887 3464 2123 3529 tyranno
2146 3453 2568 3520 animarumque
2590 3447 2934 3504 interfectori
2960 3454 3017 3500 et
3036 3444 3296 3514 nequitia
3318 3441 3471 3512 prin-

1888 3548 1996 3618 cipi
2031 3545 2285 3609 diabolo,
2316 3557 2549 3614 quaque
2583 3557 2712 3596 eum
2745 3539 3083 3595 comitantur
3116 3535 3277 3590 malis
3310 3542 3467 3603 pote-

1888 3639 2127 3695 statibus
2163 3638 2341 3707 virga,
2377 3650 2542 3705 quam
2589 3649 2754 3687 manu
2796 3632 2923 3697 fert,
2959 3629 3185 3692 actuali,
3219 3628 3467 3697 inquam,

1889 3727 2125 3784 rationis
2153 3732 2429 3797 potestate
2459 3720 2911 3777 intellectualiter
2938 3717 3325 3788 congrediens.

1816 4029 1887 4044 —

1895 4081 2283 4154 Contemplatio
2312 4081 2368 4135 in
2398 4078 2532 4134 illud
2564 4095 2583 4132 :
2617 4074 2887 4142 Quomodo
2917 4074 3031 4145 quis
3063 4072 3223 4143 possit
3260 4080 3468 4125 sanctos

1965 4187 2075 4232 tam
2111 4177 2201 4246 qui
2239 4186 2363 4227 ante
2400 4172 2565 4242 legem
2596 4186 2757 4240 quam
2791 4169 2881 4238 qui
2912 4175 3024 4237 post
3060 4164 3223 4233 legem
3252 4166 3466 4217 exstite-

1963 4277 2086 4323 runt
2114 4266 2359 4323 azmulari
2383 4266 2566 4335 possit,
2596 4271 2644 4316 et
2671 4276 2918 4331 quanam
2945 4261 3012 4312 sit
3043 4257 3306 4311 naturalis
3342 4255 3468 4324 legis

1952 4372 2109 4433 atque
2133 4362 2344 4430 scripta:
2373 4357 2657 4412 secundum
2681 4364 2923 4409 mutuam
2942 4353 2997 4405 in
3020 4366 3074 4404 se
3098 4350 3467 4402 transitionem

1954 4471 2017 4507 ac
2045 4452 2456 4507 vicissitudinem
2478 4448 2748 4501 identitas.

1958 4566 2229 4621 Similiter
2274 4578 2407 4618 vere
2461 4561 2593 4615 item
2640 4558 2958 4628 quicunque
3006 4564 3261 4609 nostrum
3312 4552 3467 4606 volet

189 4650 367 4705 θέλων
414 4650 496 4713 είς
523 4646 717 4701 ἐαυτὸν
746 4644 1061 4718 μεταθεῖναι
1086 4643 1308 4699 δύναται
1329 4684 1344 4709 ,
1380 4645 1529 4714 πρὸς
1550 4646 1782 4701 ἕκαστον

1890 4673 2080 4712 omnes
2123 4663 2346 4710 sanctos
2395 4654 2449 4707 in
2499 4668 2559 4707 se
2606 4650 2906 4705 transferre
2956 4656 3167 4717 potest,
3212 4645 3343 4698 dum
3395 4643 3464 4697 ad

189 4741 583 4813 πνευματικῶς
655 4742 722 4793 ἐκ
776 4738 887 4793 τῶν
961 4737 1091 4807 περὶ
1138 4736 1304 4790 αὑτοῦ
1374 4737 1496 4789 καθ’
1546 4739 1788 4810 ἱστορίαν

187 4834 438 4895 τυπικῶς
497 4831 898 4904 γεγραμμένων
962 4827 1339 4899 μορφούμενος
1372 4818 1377 4822 ’
1409 4830 1429 4899 (
1466 4832 1791 4887 Συνέϐαινε

190 4923 307 4993 γὰρ
350 4921 603 4987 ἐκεινοις
658 4918 920 4984 τυπικῶς
944 4957 961 4981 ,
1018 4917 1185 4986 φησὶν
1213 4918 1241 4971 ό
1274 4916 1414 4981 θεῖος
1448 4917 1786 4985 Ἀπόστολος,

187 5015 427 5085 ἐγράφη
454 5012 523 5067 δὲ
552 5012 705 5082 πρὸς
732 5010 1060 5065 νουθεσίαν
1084 5009 1274 5078 ἡμῶν,
1305 5011 1393 5074 εις
1415 5009 1523 5076 οὓς
1550 5011 1619 5065 τὰ
1641 5011 1786 5079 τέλη

189 5107 315 5162 τῶν
359 5104 591 5159 αἰώνων
640 5101 1057 5172 κατήντησε).
1125 5100 1265 5172 πρὸς
1307 5101 1407 5171 μὲν
1451 5101 1579 5164 τοὺς
1619 5104 1787 5157 πάλαι

190 5198 305 5272 πρὸ
364 5198 530 5267 νόμου
578 5194 809 5263 ἁγίους,
873 5192 984 5247 άπὸ
1030 5192 1131 5262 μὲν
1178 5191 1410 5257 κτίσεως
1442 5193 1651 5261 κόσμου
1685 5194 1784 5266 τὴν

190 5290 327 5361 περὶ
355 5288 491 5343 Θεοῦ
519 5287 725 5357 γνῶσιν
758 5284 994 5348 εὐσεϐῶς
1018 5283 1416 5354 ποριζόμενος,
1460 5284 1569 5339 ἀπὸ
1593 5285 1650 5339 δὲ
1683 5287 1784 5355 τῆς

190 5383 257 5437 τὸ
292 5383 402 5436 πᾶν
432 5379 614 5450 σοφῶς
657 5377 963 5449 διοικούσης
994 5380 1259 5450 Προνοίας
1291 5381 1392 5446 τὰς
1417 5384 1619 5454 ἀρετὰς
1648 5400 1782 5437 κατ-

190 5473 394 5543 ορθοῦν
425 5471 831 5542 διδασκόμενος,
870 5474 992 5525 κατ’
1012 5472 1211 5539 αὐτοὺς
1238 5474 1485 5540 ἐκείνους
1512 5475 1639 5539 τοὺς
1673 5476 1780 5545 πρὸ

191 5564 295 5619 τεῦ
320 5564 489 5635 νόμου
522 5563 734 5632 ἁγίους,
770 5563 819 5616 οἳ
850 5562 941 5617 διὰ
968 5564 1186 5618 πάντων
1214 5566 1462 5635 φυσικῶς
1489 5567 1547 5619 ἐν
1569 5566 1783 5630 ἑαυτοῖς

195 5659 294 5713 τὴν
322 5658 567 5726 γραπτὸν
623 5659 681 5710 ἐν
719 5656 990 5730 πνεύματι
1027 5659 1472 5732 προχαράξαντες
1502 5660 1665 5732 νόμον
1694 5659 1781 5713 εύ-

273 5817 302 5849 '
332 5806 504 5866 lCor.
531 5824 585 5875 x,
625 5809 708 5865 li.

1890 4765 2167 4821 quemque
2198 4744 2566 4818 spiritualiter
2590 4757 2711 4798 sese
2736 4740 2936 4794 format
2956 4754 3023 4794 ex
3049 4737 3115 4791 iis
3138 4751 3258 4806 qua
3286 4735 3464 4805 typice

1888 4843 1959 4897 de
1990 4858 2057 4896 eo
2084 4838 2364 4895 memoria
2393 4837 2652 4892 mandata
2683 4844 2814 4890 sunt
2841 4832 3163 4904 (Evenerant
3189 4832 3327 4884 enim
3356 4828 3467 4882 illis

1886 4936 1941 4987 in
1985 4934 2302 5003 imaginem,
2333 4930 2559 4985 divinus
2596 4928 2677 4982 ait
2716 4927 3044 4996 Apostolus,
3074 4934 3197 4978 sunt
3234 4940 3354 4977 vero
3396 4922 3466 4975 ad

1887 5043 1979 5079 nos
2021 5024 2421 5079 commonendos
2459 5023 2784 5091 conscripta,
2818 5021 2873 5071 in
2908 5033 3036 5086 quos
3070 5016 3201 5083 ﬁnes
3235 5031 3467 5068 avorum

1887 5118 2297 5169 decucurrerunt
2318 5113 2408 5183 '),
2436 5113 2505 5166 ad
2542 5121 2760 5166 veteres
2793 5125 2915 5178 qua
2950 5111 3123 5178 legem
3158 5116 3472 5160 antecesse-

1890 5217 2041 5273 runt,
2070 5223 2099 5261 a
2132 5206 2361 5261 condito
2395 5205 2601 5259 mundo
2628 5204 2723 5258 Dei
2753 5202 3128 5272 cognitionem
3157 5200 3247 5269 pie
3276 5196 3470 5268 acqui-

1889 5297 2086 5360 rendo,
2112 5312 2143 5349 a
2173 5295 2527 5350 Providentia
2556 5308 2686 5348 vero
2713 5292 3036 5346 universum
3067 5290 3346 5359 sapienter
3371 5288 3468 5343 ad-

1887 5388 2237 5442 ministrante
2267 5387 2503 5441 virtutes
2535 5400 2797 5440 exercere
2828 5382 3117 5446 discendo,
3151 5381 3207 5434 in
3240 5380 3465 5434 modum

1886 5476 2135 5546 ipsorum
2170 5477 2392 5531 illorum
2434 5476 2529 5545 qui
2571 5485 2699 5530 ante
2736 5475 2913 5543 legem
2953 5473 3213 5526 vixerunt
3250 5480 3466 5525 sancto-

1890 5584 2036 5632 rum,
2065 5569 2159 5637 qui
2196 5585 2294 5638 per
2320 5569 2502 5623 omnia
2536 5567 2863 5623 naturaliter
2892 5565 2946 5621 in
2974 5564 3285 5633 semetipsis
3328 5564 3466 5618 seri-

1889 5668 2039 5731 ptam
2069 5660 2269 5731 spiritu
2297 5660 2473 5733 legem
2504 5670 2631 5716 ante
2660 5663 3054 5729 expresserunt
3074 5663 3127 5710 et
3150 5654 3372 5730 pictatis
3400 5670 3465 5711 ac
