4200 6440
754 412 880 481 ,μη
1908 413 1969 472 s.
2010 408 2295 470 MAXIM!

2421 403 2847 467 ιΝΡΕδΒΟΒΙδ

3878 404 4016 472 1152

745 534 967 589 virtutis
1009 533 1174 587 veluti
1212 530 1607 599 exemplarium
1642 527 1914 598 legalibus
1950 526 2151 578 merito
2188 531 2317 577 sunt

2421 517 2634 580 σεόείας
2662 518 2759 571 καὶ¹
2780 518 2982 587 ἀρετῆς
3010 520 3123 580 τοῖς
3147 518 3289 571 κατὰ
3313 519 3478 585 νόμον
3502 517 3728 581 εἰκότως
3751 520 4016 589 προεδληυ

749 623 1017 694 propositi
1063 624 1241 693 (nam,
1270 620 1587 684 Intuemini,
1623 619 1831 687 inquit,
1866 617 1922 669 in
1962 614 2323 668 Abrahamum

751 724 956 779 patrem
979 722 1227 775 vestrum,
1253 722 1302 764 et
1326 714 1381 765 in
1406 711 1623 773 Soram,
1648 724 1763 779 quae
1784 707 1982 777 peperit
2008 722 2095 758 vos
2117 702 2175 773 x)
2211 720 2224 756 :
2253 703 2320 756 ad

747 821 845 860 eos
882 818 1014 859 vero
1047 804 1144 872 qui
1183 800 1485 856 secundum
1526 801 1701 869 legem
1739 796 2017 853 vixerunt,
2048 793 2180 845 dum
2222 804 2322 859 per

746 904 1018 965 praecepta
1049 896 1104 948 in
1137 894 1472 964 agnitionem
1506 890 1627 954 Dei,
1658 887 1941 958 prmdicati
1978 887 2035 938 in
2072 884 2202 947 illis,
2231 880 2321 951 pia

744 994 932 1041 mente
992 994 1384 1055 promovetur,
1428 986 1486 1038 et
1540 978 2003 1037 convenientibus
2050 975 2321 1035 virtutum

746 1075 927 1129 modis
958 1092 1057 1145 per
1090 1075 1332 1129 nobilem
1367 1072 1639 1127 actionem
1675 1078 1926 1131 ornatur,
1958 1064 2320 1132 eamdemque

746 1182 873 1220 cum
935 1168 1140 1235 scripta
1205 1164 1513 1219 naturalem
1575 1163 1753 1232 legem
1811 1175 1934 1215 esse
1996 1156 2319 1219 instruitur,

746 1258 971 1327 quando
1002 1258 1280 1328 sapienter
1308 1272 1407 1325 per
1438 1255 1684 1326 symbola
1716 1252 2008 1308 actualiter
2036 1249 2318 1312 variatur,

744 1359 803 1404 et
829 1365 1025 1404 rursus
1053 1365 1157 1404 nec
1187 1347 1413 1403 diﬂerre
1446 1364 1477 1402 a
1508 1346 1745 1401 naturali
1782 1346 2064 1414 scriptam,
2095 1341 2320 1412 quando

743 1441 912 1495 unius
946 1440 1151 1509 speciei
1186 1455 1249 1494 ac
1284 1440 1519 1509 simplex
1554 1439 1720 1507 inque
1753 1436 1935 1505 dignis
1970 1444 2079 1488 tam
2109 1435 2180 1488 de
2209 1433 2320 1486 vir-

744 1536 861 1583 tute
895 1544 1060 1598 quam
1094 1530 1163 1585 de
1196 1530 1511 1600 cognitione
1546 1544 1643 1598 per
1676 1528 1947 1580 rationem
1979 1534 2037 1580 et
2068 1534 2320 1579 contem-

743 1619 1043 1689 plationem
1087 1621 1355 1691 symbolis
1396 1620 1539 1675 liber
1578 1619 1669 1683 lit,
1700 1618 1769 1672 ad
1813 1618 2057 1687 ipsorum
2097 1616 2319 1671 illorum

742 1712 1036 1782 imaginem
1060 1722 1377 1768 sanctorum
1406 1713 1462 1767 in
1489 1712 1676 1768 Libris
1699 1712 1873 1767 sacris
1895 1710 2316 1773 recensitorum,

738 1801 868 1869 qui,
903 1802 1091 1856 littera
1132 1811 1393 1871 tanquam
1432 1803 1745 1857 velamento
1781 1816 1814 1856 a
1861 1801 2060 1871 spiritu
2100 1798 2319 1856 sublata

739 1891 977 1946 naturali
1010 1893 1132 1962 lege
1161 1892 1246 1946 usi
1274 1891 1637 1961 spiritualiter
1661 1896 2059 1960 apparuerunt.

740 2119 890 2185 Quod
934 2122 1093 2174 etiam
1136 2120 1327 2193 legales
1373 2120 1545 2174 sancti
1582 2119 1934 2191 spiritualiter
1970 2119 2136 2192 legem
2178 2123 2319 2176 acci-

808 2213 1008 2281 pientes
1046 2214 1281 2283 gratiam
1325 2228 1417 2282 per
1464 2229 1583 2266 eam
1628 2212 2029 2281 manifestatam
2076 2214 2319 2284 provide-

806 2304 954 2358 bant.

812 2416 1018 2473 Omnes
1052 2417 1201 2472 enim
1239 2417 1447 2474 diserte
1485 2420 1654 2474 alium
1697 2429 1895 2491 praeter
1933 2421 2165 2492 legalem
2204 2420 2323 2475 cul-

738 2512 856 2563 tum
898 2509 1301 2580 prospicientes
1331 2511 1459 2565 vita:
1495 2511 1608 2565 Deo
1658 2511 2199 2566 convenientissima:
2237 2526 2321 2565 se-

732 2601 983 2655 cundum
1022 2616 1150 2656 eum
1193 2603 1728 2657 consummationem
1767 2602 2144 2673 apparituram
2181 2617 2321 2671 pra:-

735 2689 997 2744 dixerunt
1057 2694 1378 2760 natumque
1440 2692 1787 2746 commodam
1852 2703 2019 2763 atque
2082 2692 2319 2747 maxime

733 2781 1047 2850 propriam,
1082 2798 1210 2835 cum
1255 2792 1609 2838 externorum
1646 2782 1786 2838 nihil
1820 2784 1890 2838 ad
1922 2783 2316 2854 perfectionem

735 2886 879 2939 Opus
920 2871 1225 2937 baberent;
1273 2873 1740 2942 quemadmodum
1784 2874 2064 2929 universis
2106 2875 2318 2945 liquido

735 2971 953 3016 constat
978 2964 1073 3031 qui
1102 2963 1239 3033 legis
1266 2974 1433 3034 atque
1461 2966 1859 3035 prophetarum
1884 2966 2070 3021 divina
2096 2967 2316 3021 oracula

733 3070 845 3108 non
881 3054 1156 3124 ignorant.
1186 3055 1243 3109 ld
1276 3057 1426 3125 quod
1461 3057 1740 3127 praecipue
1772 3058 1945 3112 David
1981 3067 2149 3127 atque
2180 3059 2316 3113 Eze-

732 3144 888 3199 chias
913 3155 970 3199 et
999 3160 1097 3199 sua
1126 3155 1359 3216 uterque
1384 3163 1511 3202 cum
1542 3148 1669 3202 aliis
1696 3150 2061 3204 conversandi
2089 3150 2317 3221 agendi--

731 3251 841 3304 que
884 3237 1098 3292 ratione
1144 3238 1549 3307 signiﬁcarunt,
1582 3240 1723 3295 alter
1769 3240 1901 3294 dum
1946 3257 2048 3311 pro
2089 3251 2315 3311 peccato

730 3325 981 3397 legaliter
1028 3326 1200 3381 Deum
1251 3328 1432 3396 placat
1476 3338 1534 3383 et
1576 3330 1762 3384 veniat
1808 3330 2140 3400 impetrati,
2170 3333 2312 3386 alter

2425 612 2596 678 θησαν
2644 610 3009 680 ἑξεμπλάριον
3042 609 3448 679 (Ἑμόλέψατε
3483 611 3624 679 γὰρ,
3664 610 3829 679 φησὶ,
3867 616 4013 677 πρὸς·

2436 703 2694 769 Ἀϐραὰμ
2723 702 2833 755 τὸν
2855 702 3082 768 πατέρα
3119 702 3311 771 ὑμῶν,
3347 704 3445 756 καί
3477 704 3495 771 (
3514 703 3675 773 156
3689 702 3742 772 ό)
3778 701 4018 768 Σάρῤαν

2421 794 2538 860 τὴν
2583 793 2929 847 ὠδίνουσαν
2975 793 3169 863 ὑμᾶς)
3231 796 3369 864 πρὸς
3415 796 3472 848 δὲ
3516 796 3645 857 τοὺς
3677 796 3822 847 κατὰ
3850 796 4014 863 νόμον

2419 885 2515 938 διὰ
2531 886 2640 938 τῶν
2667 885 2896 938 ὲντολῶν
2930 886 3012 948 εἰς
3034 886 3334 953 ἐπίγνωσιν
3367 886 3461 939 τοῦ
3492 888 3550 939 ὲν
3576 887 3770 949 αὐταῖς
3799 887 4009 956 ὑπηγοο

2424 978 2693 1050 ρευμένου
2725 976 2863 1031 Θεοῦ
2900 977 2967 1031 δι’
2991 976 3256 1041 εὐσεϐοῦς
3286 978 3499 1041 ἑννοίας
3523 979 3887 1048 ἀναγόμενος,
3920 979 4009 1030 καὶ

2419 1073 2533 1132 τοῖς
2558 1070 2864 1139 καθήκουσι
2889 1070 2999 1123 τῶν
3022 1071 3236 1139 ἀρετῶν
3254 1071 3480 1141 τρόποις
3503 1071 3571 1125 δι’
3587 1072 3852 1139 εὐγενοῦς
3874 1073 4011 1139 πρα-

2423 1161 2556 1226 ξεως
2589 1160 3104 1230 καλλωπιζόμενος,
3137 1163 3239 1216 καὶ
3268 1163 3468 1216 ταύτὸν
3501 1162 3581 1233 τῷ
3607 1163 3846 1233 γραπτῷ
3873 1164 4015 1233 νόμῳ

2419 1252 2513 1305 τὸν
2564 1252 2793 1321 φυσικὸν
2842 1251 2970 1306 ὅντα
3020 1254 3451 1325 παιδευόμενος,
3511 1256 3641 1308 ὅταν
3703 1254 3888 1324 σοφῶς
3934 1255 4017 1307 διὰ

2423 1344 2709 1413 συμϐόλων
2743 1344 2888 1398 κατὰ
2911 1344 3013 1416 τὴν
3039 1346 3241 1415 πρᾶξιν
3260 1363 3386 1398 ποικ
3396 1346 3624 1415 ίλληται,
3647 1346 3747 1399 καὶ
3780 1345 4017 1415 ἔμπαλιν

2421 1435 2499 1504 τῷ
2521 1436 2735 1507 φυσικῷ
2752 1437 2842 1489 τὸν
2858 1438 3125 1508 γραπτὸν,
3162 1439 3289 1490 ὅταν
3309 1434 3545 1508 ἐνοειδὴς
3577 1439 3674 1491 καὶ
3689 1437 3899 1501 ἁπλοῦς
3926 1442 4015 1495 καὶ

2424 1521 2711 1592 συμϐόλων
2756 1525 2815 1577 ὲν
2852 1527 2967 1587 τοῖς
3007 1525 3180 1590 ἀξίοις
3215 1524 3337 1577 κατ’
3359 1525 3564 1595 ἀρετήν
3589 1542 3650 1576 τε
3684 1526 3783 1578 καὶ
3812 1524 4011 1591 γνῶσιν

2424 1613 2514 1667 διὰ
2536 1613 2696 1681 λόγου
2720 1616 2816 1667 καὶ
2840 1614 3077 1685 θεωρίας
3102 1615 3388 1686 ἐλεύθερος
3410 1616 3659 1686 γένηται,
3682 1616 3810 1670 κατ’
3824 1617 4013 1679 αὐτοὺς

2420 1706 2663 1770 ἐκείνους
2696 1706 2827 1770 τοὺς
2855 1708 2914 1760 ὲν
2939 1708 3091 1779 νόμῳ
3117 1709 3339 1776 ἁγίους,
3376 1708 3426 1762 οἳ
3463 1710 3523 1763 τὸ
3549 1710 3793 1779 γράμμα
3825 1709 4010 1779 ὥσπερ

2421 1798 2691 1869 κάλυμμα
2738 1800 3084 1870 περιελόντος
3132 1800 3230 1853 τοῦ
3275 1801 3591 1871 πνεύματος
3642 1803 3738 1857 τὸν
3782 1801 4007 1871 φυσικὸν

2346 1884 2391 1940 Β
2413 1889 2583 1960 νόμον
2612 1888 2833 1960 ἔχοντος
2867 1888 3255 1962 πνευματικῶς
3278 1891 3675 1965 διεδείχθησαν.

2425 2124 2546 2180 Ὅτι
2598 2124 2697 2178 καί
2734 2125 2790 2179 οί
2828 2123 2978 2178 κατὰ
3021 2125 3213 2193 νόμον
3248 2123 3405 2193 ἅγιοι
3440 2124 3867 2194 πνευματικῶς
3919 2125 4018 2180 τὸν

2487 2218 2679 2286 νόμον
2713 2216 3101 2286 ἐκδεχόμενοι
3130 2216 3245 2285 τὴν
3294 2216 3373 2272 δι’
3404 2217 3594 2272 αὑτοῦ
3625 2219 4020 2287 μηνυομένην

2495 2308 2671 2379 χάριν
2703 2309 3104 2377 προέϐλεπον.

2492 2424 2701 2487 Πάντες
2729 2424 2840 2495 γὰρ
2881 2423 3181 2496 διαρρήδην
3227 2423 3426 2496 ἑτέραν
3467 2423 3621 2496 παρὰ
3644 2423 3748 2495 τὴν
3791 2423 4021 2495 νομικὴν

2422 2514 2640 2569 ἔσεσθαι
2698 2515 2960 2585 λατρείαν
3008 2515 3502 2587 πρυθεωρήσαντες
3562 2516 3623 2569 τὺ
3668 2516 3798 2569 κατ’
3860 2517 4025 2587 αὐτὴν

2422 2609 2799 2679 φανησόμενον
2865 2612 2966 2680 τῆς
3040 2609 3523 2679 θεοπρεπεστάτης
3589 2607 3737 2679 ζωῆς
3821 2609 4027 2662 τέλειον

2400 2698 2845 2771 -προεκήρυξαν,
2914 2699 3011 2754 καὶ
3082 2701 3151 2771 τῇ
3203 2699 3367 2768 φύσει
3432 2701 3747 2773 πρόσφορόν
3800 2719 3865 2755 τε
3934 2704 4026 2757 καὶ

2421 2789 2775 2855 οἰκειότατον,
2805 2789 2882 2852 ὡς
2929 2788 3161 2861 μηδενὸς
3209 2788 3317 2843 τῶν
3373 2788 3530 2852 ἐκτὸς
3568 2791 3706 2859 πρὸς
3739 2790 4028 2844 τελείωσιν

2422 2874 2785 2950 ὲπιδεόμενοι,
2841 2879 3025 2943 καθὼς
3083 2880 3222 2933 πᾶσι
3267 2879 3430 2949 δῆλον
3463 2882 3778 2950 καθέστηκε
3802 2883 3925 2944 τοῖς
3954 2884 4027 2951 μὴ

2422 2963 2679 3032 ἀγνοοῦσι
2713 2966 2784 3017 τὰ
2826 2966 2916 3019 διὰ
2947 2965 3043 3019 τοῦ
3070 2967 3237 3036 νόμου
3268 2966 3366 3019 καὶ
3419 2966 3530 3019 τῶν
3560 2968 3875 3037 προφητῶν
3914 2970 4030 3023 θεῖα

2423 3055 2789 3125 θεσπίσματα.
2822 3058 2997 3127 Ὅπερ
3037 3058 3277 3129 μάλιστα
3306 3057 3475 3112 Δασὶδ
3515 3060 3611 3112 καὶ
3644 3060 3911 3125 Ἐζεκίας
3941 3062 4031 3115 καὶ

2420 3146 2498 3216 τῷ
2518 3145 2639 3198 καθ’
2668 3147 2863 3200 ἑαυτὸν
2911 3148 3051 3218 πρὸς
3090 3148 3206 3212 τοῖς
3248 3149 3430 3213 ἄλλοις
3473 3151 3737 3223 ἑκάτερος
3784 3151 4031 3223 δράματι

2420 3238 2806 3308 παρῃνίττετο,
2838 3243 2867 3292 ὁ
2893 3240 2991 3308 μὲν
3028 3240 3169 3310 ὑπὲρ
3194 3240 3295 3308 τῆς
3317 3242 3597 3312 ἁμαρτίας
3644 3245 3901 3313 νομικῶς
3940 3245 4033 3297 τὸν

2420 3327 2541 3379 οεδν
2598 3328 3012 3399 ἐξιλεούμενος,
3079 3316 3324 3400 (157a)
3366 3334 3394 3384 δ
3424 3332 3483 3385 δὲ
3516 3337 3814 3406 προσθήκῃ
3882 3336 4033 3406 ζωῆς

726 3415 865 3470 dum
900 3416 1009 3471 alio
1042 3426 1243 3487 praeter
1267 3418 1442 3489 legem
1472 3430 1752 3492 praecepto
1776 3421 1901 3477 vita:
1934 3421 2311 3477 additamenta

2421 3421 2587 3490 ἑτέρῳ
2621 3414 2777 3493 παρα
2794 3422 2885 3474 τὸν
2937 3422 3101 3494 νόμον
3162 3422 3351 3495 θεσμῷ
3396 3425 3549 3496 παρά
3599 3426 3697 3479 τοῦ
3746 3428 3893 3481 Θεοῦ
3941 3446 4033 3481 σε·

732 3522 764 3561 a
792 3508 906 3563 Deo
931 3518 1167 3582 augetur
1188 3520 1233 3568 ι.

734 3736 887 3800 Quod
925 3736 970 3790 is
1009 3737 1100 3805 qui
1138 3736 1342 3790 sincero
1374 3737 1543 3791 animi
1572 3739 1749 3792 studio
1780 3736 2049 3794 Christum
2083 3758 2176 3811 per
2206 3712 2333 3796 vir;

799 3836 944 3881 tates
981 3836 1216 3882 sectatur
1253 3831 1416 3883 etiam
1457 3841 1665 3902 superet
1707 3830 1873 3901 legem
1917 3841 2028 3886 tant
2064 3836 2313 3905 scriptam

796 3937 966 3988 quam
998 3920 1327 3974 naturalem.

804 4024 954 4087 Nihil
1000 4043 1185 4088 autem
1234 4034 1489 4105 impedit,
1528 4046 1587 4090 ut
1628 4036 1893 4102 arbitror,
1930 4038 2227 4105 quominus
2272 4038 2318 4091 is

731 4124 830 4194 qui
870 4124 959 4179 his
999 4124 1238 4194 legibus,
1271 4127 1535 4191 naturali,
1569 4128 1818 4197 inquam,
1853 4144 1917 4182 ac
1959 4129 2183 4198 scripta,
2220 4130 2317 4184 Dei

734 4231 980 4271 amorem
1026 4218 1227 4272 mereri
1272 4219 1361 4274 vel
1416 4220 1804 4288 probationem
1865 4223 2155 4277 institutus
2202 4232 2314 4288 est,

734 4317 902 4378 atque
945 4320 1102 4364 extra
1144 4310 1244 4366 has
1282 4327 1382 4381 per
1420 4313 1693 4366 sinceram
1735 4314 1895 4368 ﬁdem
1932 4316 2102 4369 solam
2145 4317 2319 4370 ratio-

738 4414 864 4454 nem
902 4400 969 4453 ad
1008 4416 1283 4455 summum
1316 4402 1522 4457 bonum
1560 4404 1925 4460 deducentem
1958 4405 2195 4459 ﬁdeliter
2228 4421 2317 4461 se-

2422 3514 2806 3587 μνυνΞ-μενος,

2421 3742 2548 3794 Ὀτι
2579 3739 2677 3791 καί
2703 3739 2860 3806 ὑπὲρ
2910 3739 3018 3792 τὸν
3047 3740 3314 3809 γραπτὸν
3342 3738 3441 3794 καί
3483 3742 3636 3809 ὑπερ
3687 3742 3800 3795 τὸν
3844 3759 4031 3812 φυσι-

2492 3827 2603 3881 κὸν
2673 3828 2866 3895 νόμον
2927 3828 3153 3896 γίνεται
3209 3831 3244 3883 ὁ
3316 3827 3399 3894 τῷ
3450 3828 3686 3897 Χριστῷ
3753 3838 4032 3901 γνησίως

2486 3913 2587 3969 διὰ
2614 3908 2734 3969 τῶν
2760 3915 2991 3984 ἀρετῶν
3018 3916 3169 3971 κατὰ
3197 3917 3477 3971 διάθεσιν
3503 3917 3887 3976 ἀκολουθῶν.

2484 4028 2653 4084 Οὐδὲν
2688 4029 2747 4083 δὲ
2788 4030 2861 4105 τδλ
2892 4029 3123 4094 κωλῦον,
3156 4029 3233 4096 ὡς
3290 4025 3468 4100 οἶμαι,
3506 4032 3619 4083 ἐστὶ
3658 4031 3752 4084 τὸν
3792 4034 3853 4085 ἐν
3894 4037 4028 4106 ⁸τοὺ-

2420 4136 2535 4182 τοις
2590 4118 3060 4188 προπαιδευθέντα
3114 4121 3230 4183 τοῖς
3277 4120 3487 4189 νόμοις,
3538 4120 3618 4189 τῷ
3678 4124 3908 4192 φυσικῷ
3968 4128 4026 4177 τί

2422 4231 2563 4282 φημι
2622 4213 2717 4266 καὶ
2764 4212 2844 4283 τῷ
2890 4211 3144 4283 γραπτῷ,
3186 4213 3453 4281 θεοφιλῶς
3483 4213 3552 4276 ⁸⁸,
3605 4215 3753 4284 ἢπερ
3808 4218 4025 4279 ’τε-ὐτοςς

2421 4306 2680 4374 γενέσθαι
2725 4305 3073 4377 θεοπρεπῶς,
3103 4305 3199 4360 xa‘t
3228 4306 3436 4361 τούτων
3468 4307 3639 4378 χωρὶς
3681 4309 3751 4360 δι’
3787 4309 4026 4379 εἰλικρι-

2417 4398 2544 4462 νοῦς
2593 4399 2830 4462 πίστεως
2879 4398 3029 4468 μόνῳ
3075 4398 3155 4467 τῷ
3193 4398 3287 4451 ἐπὶ
3340 4399 3402 4451 τὸ
3444 4399 3748 4470 ἀκρότατον
3813 4402 4025 4470 ἀγαθὸν

738 4498 903 4545 cutus
941 4499 1057 4555 est,
1094 4492 1423 4563 nullumque
1467 4504 1653 4550 mente
1697 4497 1925 4551 omnino
1964 4496 2179 4553 facinus
2221 4508 2318 4553 aut

2421 4490 2607 4558 ἄγοντι
2649 4490 2793 4560 λόγῳ
2838 4490 3079 4560 γνησίως
3124 4490 3593 4561 ἀκολουθήσαντα,
3637 4494 3732 4545 καὶ
3786 4494 4023 4565 μηδενὸς

734 4580 1034 4636 consilium
1076 4592 1174 4637 aut
1216 4585 1518 4655 cogitatum
1558 4588 1836 4657 concepit,
1872 4588 2076 4658 quibus
2117 4598 2317 4643 natura

2423 4584 2543 4637 κατ’
2580 4582 2791 4639 ἔννοιαν
2835 4583 2899 4637 τὸ
2941 4581 3206 4654 παράπαν
3254 4582 3561 4654 ἁπτόμενον
3604 4584 3949 4655 πράγματος
3990 4586 4023 4656 ἢ

730 4684 801 4725 ac
834 4672 1079 4741 cognitio
1109 4674 1577 4747 qualitercunque
1616 4679 1890 4734 exsistens
1925 4681 2107 4735 omnis
2136 4682 2317 4752 quali-

2422 4672 2687 4744 λογισμοῦ
2726 4674 2762 4744 ἢ
2815 4673 3093 4743 νοήματος
3121 4666 3205 4737 οἷς
3245 4674 3279 4743 ἡ
3327 4673 3578 4727 ὁπωσοῦν
3626 4671 3764 4728 οὖσα
3811 4678 4023 4740 παντὸς

741 4772 1045 4834 tercunque
1079 4767 1305 4837 cogitati
1338 4769 1577 4824 succidit
1607 4779 1772 4841 atque
1808 4782 2067 4843 apparet,
2098 4783 2160 4829 ut
2188 4789 2321 4829 eum

2422 4766 2518 4820 τοῦ
2568 4765 2818 4821 ὁπωσοῦν
2867 4767 3157 4837 νοουμένου
3204 4783 3265 4820 τε
3299 4764 3395 4820 καὶ
3425 4767 3581 4830 όντος
3628 4768 3795 4837 φύσις
3829 4785 3899 4821 τε
3928 4771 4026 4821 καὶ

738 4855 900 4911 decet
936 4857 1032 4927 qui
1070 4857 1281 4925 Iesum,
1312 4861 1483 4916 caelos
1522 4871 1947 4934 transgressum,
1977 4866 2194 4921 sincere
2234 4881 2319 4921 sc-

2423 4858 2625 4926 γνῶσις
2660 4858 2956 4911 ὑποπίπτει
3003 4858 3099 4912 καὶ
3152 4858 3503 4928 ἐμφαίνεται,
3545 4857 3740 4928 ὥσπερ
3791 4859 3953 4923 εἰκὸς
3979 4861 4026 4891 ⁸⁸

737 4948 921 5002 ctandi
957 4950 1252 5005 consilium
1286 4953 1475 5022 coepit,
1504 4953 1692 5009 divina
1725 4956 1848 5010 luce
1883 4966 2102 5012 ostensa
2129 4974 2315 5013 veram

2421 4948 2507 5003 τὸν
2565 4947 2794 5003 ἔπεσθαι
2848 4948 3091 5019 γνησίως
3150 4947 3491 5019 προθέμενον
3543 4948 3621 5019 τῷ
3672 4948 4025 5018 διεληλυθότι

738 5055 961 5108 quoque
992 5039 1187 5096 eadem
1230 5058 1416 5098 rerum
1448 5053 1681 5111 naturaa,
1704 5057 1973 5117 quantum
2003 5050 2227 5120 quidem
2259 5050 2316 5105 id

2421 5040 2545 5105 τοὺς
2589 5041 2858 5113 οὐρανοὺς
2922 5041 3141 5109 Ἰησοῦ,
3214 5042 3311 5095 καὶ
3380 5044 3448 5113 τῇ
3521 5042 3845 5111 παραδείξει
3927 5041 4024 5094 τοῦ

745 5131 948 5186 homini
978 5132 1131 5198 licet,
1162 5135 1484 5204 cognitione
1511 5138 1691 5207 possit
1714 5139 1908 5194 imbui.

2421 5134 2567 5187 θείου
2612 5134 2789 5204 φωτὸς
2837 5134 3135 5204 δυνηθῆναι
3198 5134 3299 5205 τὴν
3340 5134 3513 5205 ἀληθῆ
3555 5134 3665 5187 τῶν
3691 5133 3898 5192 ὄντων.
3949 5134 4025 5193 ὡς

2420 5225 2569 5279 ἐστιν
2593 5225 2866 5297 ἀνθρώπῳ
2891 5226 3136 5293 δυνατὸν,
3165 5225 3561 5298 συνεκδοχικῶς
3580 5224 3957 5290 ὐποδέξασθαι
3980 5224 4026 5255 ⁸⁵

2420 5332 2643 5386 γνωσιν.

814 5471 841 5501 ι
873 5458 978 5513 lsa.
1016 5476 1087 5524 ιι,
1112 5459 1167 5514 2.
1242 5470 1271 5511 γ
1302 5460 1369 5517 lV
1394 5461 1529 5533 Reg.
1568 5480 1657 5529 xx,
1693 5466 1747 5520 9..
1829 5477 1850 5504 ι
1883 5467 1925 5521 ll
1958 5467 2091 5537 Reg.
2121 5483 2267 5534 xxxv,
2304 5466 2390 5522 10.

2008 5622 2241 5679 ἾΑΒΙίΕ
2273 5622 2679 5680 LECTIONES.

1184 5756 1305 5827 (sic)
1349 5758 1505 5830 εἴπερ
1533 5758 1752 5825 τούτους
1784 5758 1905 5817 cod.
1943 5760 2082 5818 Gud.
2159 5762 2203 5795 ⁸⁸
2232 5760 2305 5825 ὡς
2334 5759 2462 5834 παρ’
2496 5760 2644 5825 είκδς
2674 5759 2839 5817 habet
2864 5761 3257 5832 apugrapltum.
3336 5762 3379 5793 ⁸⁸
3414 5759 3807 5832 Apograpltum
3847 5759 4013 5816 habet
