4200 6440
261 362 401 428 1.153
1492 369 2008 429 AMBIGUORUM
2054 375 2300 434 LIBER.
3364 391 3501 459 1154

255 472 478 541 θεωρία
523 474 631 528 τοῦ
657 477 880 543 τρόπου
922 476 1052 530 καθ’
1109 477 1182 530 ὃν
1227 476 1381 543 ὑπὲρ
1425 480 1532 564 tor
1575 478 1842 545 φυσικὸν
1869 487 1909 539 Α

1869 487 1909 539 Α
1941 481 2324 552 Contemplatio
2359 486 2498 538 modi
2532 503 2632 557 quo
2663 490 2706 542 is
2735 495 2826 560 qui
2853 492 2960 546 Deo
2989 510 3083 564 per
3103 499 3281 552 omnia
3313 501 3507 557 obtem-

325 561 426 614 καί
469 562 576 615 τὸν
603 565 870 633 γραπτὸν
912 565 1101 632 νόμον
1127 565 1352 634 γίνεται
1385 567 1417 617 ό
1453 563 1552 618 διὰ
1593 564 1832 619 πάντων

2007 575 2266 640 parauerit
2311 582 2421 629 tam
2470 577 2774 635 naturalem
2822 561 2997 652 quamv
3033 589 3289 658 scriptam
3343 591 3506 662 legem

325 650 405 716 τῷ
438 651 551 717 0εῷ
583 655 906 723 γενόμενος
932 657 1237 724 εὐπειθής.

583 655 906 723 γενόμενος
932 657 1237 724 εὐπειθής.
1999 674 2227 733 superet.

325 743 388 796 Et
415 742 525 814 γάρ
551 746 703 798 πᾶσα
742 747 776 816 ἡ
811 746 920 799 τῶν
945 750 1116 800 ὅντων
1145 757 1305 815 φυσις
1343 748 1521 820 εἰςιζίιεὰ
1544 751 1710 820 νοητὰ
1737 751 1829 803 καὶ

1999 754 2218 808 Etenim
2251 757 2296 811 si
2324 760 2504 814 omnis
2527 774 2712 817 rerum
2737 771 2932 820 natura
2959 766 3014 821 in
3045 768 3412 841 intelligibilia
3441 790 3505 828 ac

245 835 320 886 τὰ
348 834 884 908 αἰσθητϊὸιῄρηται,
932 855 1027 892 και
1061 839 1132 893 τά
1182 840 1281 910 μὲν
1315 841 1532 910 λέγεται
1562 843 1656 896 καὶ
1681 842 1829 897 ἐστιν

1929 846 2213 900 sensibilia
2254 847 2543 915 dividitur,
2575 861 2631 907 et
2667 854 2843 909 altera
2883 865 2939 911 et
2974 834 3250 914 dicuntui:
3275 870 3334 916 et
3373 872 3503 918 sunt

246 925 466 993 αἰώνια,
517 927 593 991 ώς
629 928 689 980 ὲν
735 929 890 984 αἰῶνι
923 927 1018 984 τοῦ
1036 922 1208 986 ἐἰναι
1235 933 1506 987 λαϐόντων
1538 929 1732 1005 ἀρχὴν,
1761 935 1828 989 τὰ

1927 943 2163 1002 aeterna,
2198 946 2260 992 ut
2303 939 2400 1008 qui
2444 939 2500 995 in
2543 944 2852 1000 aeternitate
2895 947 3231 1006 exsistentia:
3277 952 3500 1010 initium

241 1011 306 1091 δὲ
345 1023 594 1090 χρονικὰ,
637 1038 722 1106 ’ως
749 1026 805 1074 ὲν
835 1011 1028 1093 χρόνῳ
1085 1025 1452 1095 πεποιημένα,
1495 1026 1586 1096 καὶ
1611 1027 1678 1079 τά
1729 1027 1826 1097 μὲν

1928 1038 2230 1096 ceperunt,
2261 1030 2435 1085 altera
2465 1046 2600 1086 vero
2637 1038 2993 1105 temporalia,
3025 1047 3214 1108 utpote
3261 1041 3320 1095 in
3361 1051 3499 1097 tem-

245 1107 543 1164 ὑποπίπτει
602 1104 804 1178 νοήσει,
853 1117 921 1166 τά
969 1111 1028 1165 δὲ
1075 1115 1346 1186 αἰσθήσει,
1394 1115 1484 1169 διὰ
1511 1116 1611 1187 τὴν
1653 1116 1828 1173 ταῦτα

1928 1134 2063 1187 pore
2118 1119 2283 1185 facta,
2341 1122 2388 1177 si
2423 1125 2516 1179 illa
2581 1104 2764 1195 porro,
2809 1104 3115 1184 intellectui
3178 1133 3495 1201 succidunt,

244 1198 502 1269 ἀλλήλοις
556 1201 994 1270 ὲπισφίγγουσαν
1032 1204 1126 1258 τοῦ
1172 1208 1313 1261 κατὰ
1364 1207 1526 1278 φύσιν
1575 1212 1824 1280 σχετικοῡ

1927 1210 2044 1267 haec
2098 1214 2324 1280 sensui,
2399 1227 2628 1288 propter
2690 1201 3116 1290 inseparabilem
3170 1225 3318 1291 vim,
3379 1227 3497 1283 haec

247 1290 540 1362 ἰδιώματος
589 1293 785 1380 ἄλυτον
825 1295 1066 1365 δύναμιν
1116 1298 1308 1369 (πολλὴ
1364 1301 1473 1370 γάρ
1513 1304 1546 1372 ἡ
1593 1303 1728 1372 πρὸς
1755 1303 1824 1356 τὰ

1925 1301 2072 1357 inter
2110 1320 2169 1360 se
2215 1305 2322 1361 sibi
2364 1309 2737 1378 copulantem,
2771 1314 3131 1382 proprietatis
3169 1290 3497 1375 naturaliter

242 1381 514 1452 νοούμενα
556 1383 670 1437 τῶν
726 1384 992 1440 νοούντων
1022 1389 1116 1441 καὶ
1171 1389 1314 1472 πρὸς.
1350 1393 1421 1442 τὰ
1455 1392 1689 1462 αἰσθητὰ
1715 1394 1824 1448 τῶν

1923 1395 2166 1450 relative:
2207 1396 2401 1465 (multa
2441 1399 2591 1458 enim
2634 1401 2701 1455 ad
2747 1381 3028 1458 intellecta
3071 1407 3495 1479 intelligentium

238 1471 647 1542 αἰσθανομένων
674 1475 706 1545 ἡ
734 1476 940 1544 σχέσις,
973 1478 1002 1530 6
1027 1477 1084 1531 δὲ
1135 1471 1422 1549 ἄνθρωπος
1445 1482 1510 1534 ἐκ
1531 1483 1706 1552 ψυχῆς
1729 1484 1822 1537 καὶ

1920 1495 2006 1540 est
2036 1495 2092 1540 et
2123 1488 2193 1542 ad
2228 1490 2511 1546 sensibilia
2543 1493 2904 1548 sentientium
2939 1497 3161 1563 relatio,
3196 1499 3362 1555 homo
3391 1517 3494 1557 au.

237 1563 495 1635 σώματος
526 1569 813 1636 τυγχάνων
842 1569 1164 1640 αἰσθητικοῦ
1187 1573 1276 1627 διὰ
1305 1576 1404 1645 τῆς
1427 1575 1548 1630 κατ’
1580 1577 1819 1629 ἐπαλλα-

1922 1585 2032 1631 tem
2057 1594 2124 1632 ex
2149 1579 2331 1636 anima
2355 1589 2412 1636 et
2435 1597 2669 1651 corpore
2694 1587 2942 1642 sensibili
2967 1598 3230 1645 constans
3252 1593 3491 1653 naturali

235 1656 345 1728 γὴν
365 1658 506 1727 πρὸς
536 1658 775 1729 ἑκάτερα
803 1659 873 1713 τά
901 1660 1003 1730 τῆς
1032 1663 1264 1728 κτίσεως
1289 1667 1554 1737 τμήματα
1583 1669 1819 1740 φυσικῆς

1919 1677 1976 1720 et
1996 1675 2186 1722 mutua
2215 1669 2282 1723 ad
2307 1679 2596 1741 utramque
2621 1674 2962 1730 conditionis
2987 1687 3197 1745 partem
3223 1681 3491 1736 relatione

234 1747 480 1819 σχέσεώς
510 1765 571 1800 τε
595 1749 687 1802 καὶ
718 1750 978 1822 ἰδιότητος
1019 1755 1116 1806 καὶ
1150 1757 1551 1828 περιγράφεται
1581 1762 1675 1813 καὶ
1715 1777 1816 1813 πε-
1847 1825 1887 1839 h

1847 1825 1887 1839 η
1919 1766 2083 1827 atque
2124 1761 2466 1830 proprietate
2509 1771 2618 1817 tant
2658 1765 3134 1822 circumscribitur
3171 1785 3334 1839 quam
3377 1773 3490 1826 cir-

236 1838 520 1906 ριγράφει,
568 1839 630 1892 τὸ
691 1840 791 1911 μὲν
851 1845 919 1914 τῇ
977 1844 1158 1917 οὐσίᾳ,
1217 1825 1278 1900 τὸ
1447 1854 1512 1922 τῇ
1563 1853 1810 1924 δυνάμει,
1846 1825 1889 1879 Β

1846 1825 1889 1879 θ
1919 1825 2275 1918 cumscribit,
2311 1855 2549 1908 alterum
2596 1858 2870 1922 essentia,
2905 1860 3138 1914 alterum
3185 1871 3488 1932 potestate,

231 1927 420 1998 (157
452 1930 504 2000 θ)
539 1929 615 1994 ὡς
649 1935 764 1996 τοῖς
809 1933 1004 1990 ἑαυτοῦ
1050 1938 1188 2010 πρὸς
1218 1939 1390 1994 ταῦτα
1438 1943 1814 2016 διαιρούμενος

1916 1947 2106 2008 utpote
2132 1941 2216 1995 sui
2246 1942 2423 2012 ipsius
2449 1944 2702 2012 partibus
2730 1945 2784 1998 in
2812 1946 2928 2001 ha3c
2955 1927 3264 2017 separatus,
3287 1961 3344 2005 et
3373 1927 3490 2009 haec

233 2019 455 2092 μέρεσι,
497 2022 591 2076 καὶ
628 2022 803 2077 ταῦτα
846 2025 936 2080 διὰ
987 2028 1096 2081 τῶν
1135 2032 1354 2087 οἰκείων
1401 2036 1586 2106 μερῶν
1636 2040 1814 2110 ἑαυτῷ

1913 2045 2012 2101 per
2045 2032 2300 2101 preprias
2333 2044 2518 2102 partes
2549 2035 2870 2091 coadunans
2903 2048 2959 2092 et
2992 2041 3279 2096 attrahens
3317 2059 3331 2095 :
3375 2042 3487 2097 cir-

230 2110 359 2163 καθ⁹
383 2111 575 2165 ἕνωσιν
617 2115 998 2187 ἐπισπώμενος
1020 2137 1034 2151 ο
1080 2126 1518 2195 περιγράφεσθαι
1571 2131 1678 2201 γάρ
1701 2136 1813 2196 τοῖς

1911 2123 2314 2178 cumscribitur
2345 2125 2492 2179 enim
2530 2125 2975 2198 intelligibilibus
3009 2146 3072 2184 ac
3105 2133 3484 2199 sensibilibus,

227 2203 445 2269 νοητοῖς
474 2205 568 2258 καί⁸
592 2206 893 2278 αἰσθητοῖς,
910 2211 985 2275 ῶς
1012 2212 1159 2288 ψυχὴ
1189 2219 1476 2288 τυγχάνων
1501 2223 1597 2276 καὶ
1627 2225 1804 2296 σῶμα,

1909 2214 2117 2285 quippe
2153 2217 2333 2274 anima
2368 2227 2454 2272 est
2487 2227 2544 2274 et
2577 2235 2802 2290 corpus,
2831 2229 2888 2275 et
2922 2222 3334 2279 circumscribit
3368 2225 3486 2280 lucc

226 2294 328 2348 καὶ
356 2297 724 2368 περιγράφειν
771 2300 942 2357 ταῦτα
990 2304 1134 2359 κατὰ
1179 2305 1410 2379 δύναμιν
1438 2294 1810 2382 πέφυκενίώς

1909 2301 1979 2360 de
2014 2313 2305 2374 potestate,
2334 2308 2540 2377 quippe
2573 2307 2891 2380 intelligens
2923 2320 2980 2364 et
3009 2313 3256 2368 sentiens
3290 2329 3304 2367 :
3340 2314 3485 2368 Deus

226 2384 368 2438 νοῶν
394 2385 491 2440 καὶ
517 2387 908 2462 αἰσθανόμενος
927 2409 942 2424 ο
975 2394 1005 2446 6
1047 2394 1104 2448 δὲ
1132 2396 1263 2463 Θεὸς
1291 2401 1478 2462 ἁπλῶς
1516 2407 1612 2460 καὶ
1653 2406 1806 2478 ἀορί-

1909 2412 2042 2452 vero
2086 2398 2412 2470 simpliciter
2455 2409 2513 2456 et
2553 2401 2769 2458 inﬁnite
2811 2420 2980 2474 super
3020 2421 3241 2460 omnem
3291 2423 3481 2467 rerum

224 2491 372 2539 στως
415 2478 557 2551 ὑπὲρ
587 2480 768 2538 πάντα
799 2484 870 2538 τὰ
904 2485 1033 2540 ὄντα
1082 2489 1222 2555 ἐστὶ,
1256 2492 1325 2545 τά
1378 2495 1702 2567 περιέχοντά
1747 2517 1806 2554 τε

1906 2497 2162 2544 naturam
2196 2501 2310 2554 est,
2345 2501 2456 2548 tam
2490 2509 2658 2563 super
2686 2511 2752 2552 ea
2786 2511 2908 2565 qua:
2941 2496 3288 2555 circumdant
3315 2515 3479 2569 quam

223 2566 328 2620 καὶ
373 2571 737 2641 περιεχόμενα
782 2575 878 2628 καὶ
901 2576 1020 2647 τὴν,
1052 2572 1126 2633 ὧν
1157 2580 1257 2635 οὐκ
1287 2581 1415 2636 ἄνευ
1452 2566 1644 2651 ταῦτα,
1675 2590 1804 2661 χρό-

1905 2595 2026 2649 qute
2065 2581 2484 2638 circumdantur
2517 2600 2797 2656 superque
2835 2597 3091 2643 naturam
3128 2605 3322 2659 eorum
3359 2592 3480 2647 sine

222 2674 320 2713 νου
363 2662 508 2730 φημὶ
554 2665 648 2716 καὶ
690 2664 884 2730 αἰῶνος
935 2671 1031 2722 καὶ
1058 2671 1225 2726 τόπου
1280 2675 1460 2744 φύσιν,
1504 2675 1586 2742 οἷς
1612 2681 1672 2734 τὸ
1697 2686 1805 2738 πᾶν

1904 2671 2110 2740 quibus
2140 2673 2258 2728 haec
2287 2689 2400 2729 non
2431 2686 2579 2742 sunt,
2614 2679 2880 2747 temporis
2909 2680 3036 2734 dico
3069 2689 3125 2736 et
3153 2682 3480 2738 aeternitatis

221 2753 622 2824 περικλείεται,
670 2758 747 2823 ῶς
788 2762 927 2822 πᾶσι
950 2765 1231 2830 παντελῶς
1278 2768 1507 2840 ἄσχετος
1539 2770 1660 2840 ὢν),
1695 2775 1805 2845 ἄρα

1903 2772 1960 2815 et
1995 2760 2124 2827 loci,
2155 2762 2358 2831 quibus
2401 2765 2734 2821 universitas
2771 2766 3249 2829 circumcluditur.
3282 2780 3477 2841 utpote

223 2847 520 2917 σωφρόνως
562 2851 590 2903 6
624 2851 879 2920 διαγνοὺς
928 2854 1049 2919 πῶς
1094 2858 1231 2928 ὲρᾷν
1260 2858 1356 2911 τοῦ
1384 2861 1520 2913 Θεοῦ
1552 2863 1653 2927 δεῖ,
1709 2865 1802 2918 τοῦ

1903 2853 2051 2907 omni
2082 2855 2151 2908 ad
2178 2856 2479 2925 quidquam
2507 2858 2775 2915 relatione
2797 2860 3046 2930 carens);
3067 2879 3198 2933 ergo
3219 2866 3314 2934 qui
3346 2881 3477 2934 pro.

221 2936 368 3008 ὑπὲρ
431 2939 592 3007 λόγον
646 2943 742 2996 καὶ
808 2943 1014 3012 γνῶσιν
1071 2948 1169 3001 καὶ
1229 2951 1408 3020 πάσης
1463 2953 1652 3017 ἁπλῶς
1705 2956 1845 3024 τῆς’

1838 2962 1845 2967 ·
1903 2945 2099 3000 denter
2135 2948 2392 3016 cognovit
2436 2951 2718 3018 quomodo
2771 2952 2940 3006 Deum
2988 2969 3172 3009 amare
3224 2956 3474 3022 deberet.

217 3029 547 3102 οῖασδήποτε
603 3037 925 3092 παντάπασι
983 3039 1240 3108 σχέσεως,
1303 3043 1646 3119 ἐξῃρημένον
1708 3052 1802 3103 καί

1902 3036 1996 3106 qui
2036 3037 2306 3092 rationem
2340 3048 2398 3093 et
2427 3041 2803 3110 cognitionem
2839 3051 3063 3112 superat
3094 3053 3148 3098 et
3180 3047 3472 3114 qualicun-

218 3119 462 3231 φύσεως,
512 3125 689 3231 πάντα
740 3127 809 3184 τὰ
838 3128 1073 3200 αἰσθητὰ
1125 3132 1222 3185 καὶ
1259 3137 1427 3204 νοητὰ
1479 3138 1572 3190 καὶ
1620 3143 1798 3196 πάντα
1826 3172 1870 3231 C

1826 3172 1870 3231 Ο
1902 3140 2008 3194 que
2045 3125 2270 3179 omnino
2304 3128 2456 3181 omni
2491 3129 2758 3190 relatione
2791 3139 2847 3185 et
2876 3141 3073 3187 natura
3109 3135 3251 3194 liber
3279 3147 3394 3200 est,
3424 3139 3475 3194 is

217 3211 413 3284 χρόνον
447 3215 539 3267 καὶ
562 3216 735 3270 αἰῶνα
772 3219 869 3272 καὶ
901 3220 1069 3275 τόπον
1089 3223 1136 3254 ⁸⁵
1173 3224 1417 3294 ἀσχέτως
1464 3229 1799 3298 παρελεύσε-
1827 3211 1870 3231 υ

1827 3211 1870 3231 υ
1900 3217 2082 3270 omnia
2117 3217 2401 3272 sensibilia
2435 3228 2601 3288 atque
2635 3219 3004 3291 intelligibilia
3039 3231 3095 3278 et
3124 3239 3287 3280 omne
3330 3236 3468 3283 tem~

215 3317 334 3366 ται,
367 3302 456 3355 καὶ
501 3304 682 3376 πάσης
724 3307 1032 3365 τελευταῖον
1072 3311 1201 3382 ὅλης
1249 3313 1351 3383 τῆς
1383 3318 1503 3369 κατ’
1545 3319 1800 3391 αἴσθησιν

1897 3322 2001 3376 pus
2033 3317 2089 3361 et
2118 3308 2485 3362 aeternitatem
2519 3319 2576 3362 et
2607 3310 2790 3364 locum
2825 3311 2945 3366 sine
2978 3314 3245 3375 relatione
3287 3326 3491 3398 trans-_

219 3393 318 3446 καὶ
377 3393 537 3463 λόγον
599 3397 694 3451 καὶ
732 3397 859 3453 νοῦν
911 3402 1198 3473 ἐνεργείας
1253 3405 1446 3460 ἑαυτὸν
1501 3409 1797 3482 ὑπερφυῶς

1896 3399 2200 3470 gredietur,
2234 3407 2290 3455 et
2329 3401 2479 3459 omni
2518 3401 2742 3456 demum
2786 3419 2850 3464 ac
2891 3415 3002 3459 tota
3043 3418 3100 3463 et
3136 3411 3376 3464 sensuali
3411 3421 3469 3466 et
3488 3395 3499 3412 ²

216 3485 622 3556 ἀπογυμνώσας
669 3489 929 3562 ἀρρήτως
974 3509 1034 3547 τε
1061 3493 1156 3572 καῖ
1186 3493 1481 3563 ἀγνώστως
1527 3499 1626 3568 τῆς
1657 3502 1796 3572 ὑπὲρ

1896 3491 2149 3545 rationali
2193 3502 2251 3547 et
2286 3492 2649 3549 intellectuali
2687 3495 2905 3550 actione
2949 3497 3110 3566 plane
3153 3500 3468 3559 denudatus

215 3577 378 3645 λόγον
407 3581 501 3631 καὶ
530 3580 655 3633 νοῦν
679 3581 830 3646 θείας
860 3585 1227 3656 τερπνότητος
1269 3587 1635 3654 ἑπιτεύξεται,
1670 3593 1794 3645 καθ’

1893 3581 2248 3638 inell'abiliter
2281 3594 2338 3639 et
2370 3585 3011 3655 incomprehensibiliter
3043 3589 3313 3658 divinam,
3342 3609 3467 3663 qua:

215 3667 279 3721 δν
312 3665 416 3722 οἶδε
444 3671 647 3741 τρόπον
673 3689 732 3726 τε
765 3675 858 3727 καὶ
901 3673 1058 3744 λόγον
1095 3675 1125 3727 6
1155 3677 1256 3748 τὴν
1284 3679 1539 3750 τοιαύτην
1586 3681 1794 3752 δωρού-

1897 3673 2128 3726 verbum
2161 3682 2218 3728 et
2249 3673 2591 3730 intellectum
2627 3689 2922 3746 superata,
2955 3679 3292 3749 voluptatein
3328 3697 3464 3736 eon-

219 3775 382 3834 μενος
407 3761 567 3833 χάριν
611 3762 745 3824 Θεὸς
771 3765 863 3818 καὶ
907 3766 958 3818 οἰ
1001 3767 1207 3837 ταύτην
1245 3770 1395 3840 παρὰ
1422 3771 1558 3824 Θεοῦ
1609 3772 1793 3827 λαϐεῖν

1898 3771 2181 3834 sequetur,
2217 3766 2430 3821 ratione
2470 3777 2528 3823 et
2565 3767 2729 3822 modo
2774 3784 2937 3838 quem
2985 3781 3194 3827 norunt
3234 3773 3329 3842 qui
3372 3775 3468 3830 dat

214 3847 558 3915 ἀξιωθέντες,
589 3850 772 3905 οὐκέτι
820 3854 972 3909 οὐδὲν
1009 3856 1237 3924 φυσικὸν
1276 3857 1310 3928 ἢ
1339 3861 1584 3930 γραπτὸν
1615 3862 1794 3934 ἐαυτῷ

1897 3855 2165 3926 ejusmodi
2198 3857 2428 3927 gratiam
2458 3857 2604 3912 Deus
2636 3866 2691 3913 et
2724 3857 2802 3912 illi
2831 3859 2925 3928 qui
2963 3875 3084 3914 eam
3117 3876 3149 3918 a
3181 3862 3293 3915 Deo
3321 3865 3466 3924 acci,

218 3941 793 4012 συνεπικομιζόμενος,
848 3947 1070 4000 πάντων
1115 3949 1264 4020 αὐτῷ
1316 3951 1424 4004 τῶν
1467 3951 1785 4028 λεχθῆναιῆ

1895 3962 2024 4016 pere
2069 3958 2419 4014 meruerunt,
2450 3964 2551 4004 nec
2597 3949 2852 4004 naturale
2898 3950 3032 4018 quid
3079 3951 3320 4021 amplius
3361 3969 3465 4009 nco

212 4030 524 4102 γνωσθῆναι
570 4033 882 4115 δυναμένων
914 4039 1196 4104 παντελῶς
1238 4041 1656 4114 ὑπερϐαθέντων
1695 4048 1790 4100 καὶ

1893 4038 2164 4106 scriptum
2211 4055 2398 4095 secum
2448 4039 2662 4106 ferens,
2697 4051 2986 4111 postquam
3037 4041 3297 4097 universa
3341 4060 3464 4112 quas

214 4125 750 4189 πατασιγασθέντων.

1892 4128 2001 4182 dici
2030 4130 2082 4183 ei
2108 4139 2204 4184 aut
2225 4132 2480 4200 cognosci
2508 4139 2833 4202 potuerunt,
2858 4141 3118 4199 superata
3145 4142 3275 4188 sunt
3298 4144 3463 4214 atque

1892 4219 2114 4274 silentio
2142 4220 2448 4290 obsignata.

213 4382 435 4449 Θεωρία
475 4387 562 4453 εἰς
620 4387 685 4441 τὸ
742 4388 877 4456 περὶ
923 4389 1028 4444 τοῦ
1082 4391 1456 4461 ἐμπεσόντος
1504 4396 1592 4462 εἰς
1641 4394 1785 4464 τοὺς

1892 4393 2276 4464 Contemplatio
2304 4395 2360 4450 in
2390 4393 2670 4465 Evangelii
2697 4395 2892 4448 dictum
2921 4394 2986 4448 de
3014 4411 3073 4450 eo
3099 4398 3190 4466 qui
3214 4397 3268 4452 in
3297 4397 3460 4454 latro.

521 4476 760 4545 λῃστὰς
768 4477 959 4544 ῥητὸν
978 4478 1084 4532 τοῦ
1114 4481 1500 4549 Εὐαγγελίου.

1189 4483 1500 4549 ναγτελίου.
2481 4503 2572 4540 nes
2601 4487 2780 4539 incidit
2802 4485 2848 4546 ι’,

279 4564 395 4618 Καὶ
419 4565 559 4634 τάχα
601 4566 758 4620 τοῦτό
787 4567 904 4621 ἐστι
935 4569 997 4622 τὸ
1043 4572 1156 4634 τοῖς
1197 4569 1429 4625 δοθεῖσιν
1485 4573 1580 4627 ἐπὶ
1617 4573 1781 4646 θερας-
1815 4614 1858 4668 D

1815 4614 1858 4668 Β
1958 4577 2036 4630 Ac
2074 4575 2307 4630 fortasse
2344 4576 2449 4631 hoc
2487 4577 2632 4645 quod
2677 4577 2820 4633 datis
2859 4579 2915 4634 in
2957 4580 3298 4634 curationem
3338 4581 3458 4651 ejus

201 4655 343 4726 πείᾳ.
385 4655 478 4708 τοῦ
517 4659 740 4728 λῃσταῖς
810 4661 1202 4728 περιπεσόντος
1241 4661 1362 4715 δυσί
1409 4663 1683 4736 δηναρίοις
1726 4667 1784 4719 ὲν
1815 4655 1855 4668 ν

1815 4655 1855 4668 ν
1887 4668 1982 4738 qui
2012 4669 2068 4721 in
2100 4668 2344 4722 latrones
2375 4667 2647 4725 inciderat
2671 4668 2890 4724 duobus
2921 4671 3163 4726 denariis
3190 4673 3244 4726 in
3275 4672 3458 4726 divert

201 4744 288 4817 τῷ
323 4747 624 4819 πανδοκείῳ
677 4749 829 4819 παρά
885 4750 981 4804 τοῦ
1036 4752 1244 4821 Κυρίου
1273 4752 1351 4823 τῷ
1404 4754 1784 4824 ἐπιμελεῖσθαι

1886 4759 2036 4814 sorio
2077 4774 2107 4812 a
2147 4759 2383 4813 Domino
2416 4762 2466 4812 ei
2504 4759 2592 4813 cui
2629 4775 2761 4814 cura
2795 4761 3034 4816 hominis
3069 4763 3458 4832 injungebatur

201 4837 554 4910 κελευομένῳ
599 4840 1154 4914 προσδαπανώμενον,
1181 4844 1329 4916 ιδπερ
1381 4848 1475 4898 καὶ
1505 4846 1692 4920 (158
1726 4851 1782 4917 a)

1887 4849 2194 4918 impensum
2227 4857 2334 4913 est,
2365 4849 2510 4918 quod
2544 4849 2709 4904 etiam
2743 4865 2803 4904 se
2838 4851 3096 4905 daturum
3128 4867 3252 4907 esse
3282 4852 3338 4906 in
3370 4869 3458 4907 rc-

203 4927 509 4998 φιλοτίμως
537 4929 1010 5001 ὲπανερχόμενοςό
1043 4931 1247 5007 Κύριος
1273 4933 1467 4991 δώσειν
1493 4937 1778 5008 ὑπέσχετο,

1885 4941 2002 4996 ditu
2039 4940 2303 4994 Dominus
2337 4941 2642 4995 liberaliter
2667 4942 2950 5010 pollicitus
2981 4953 3086 5007 est,
3114 4959 3300 4997 rerum
3333 4958 3457 5014 quae

197 5024 237 5090 ἡ
301 5021 388 5076 διὰ
436 5021 669 5085 πίστεως
713 5024 973 5096 γινομένη
1028 5025 1298 5096 παντελής
1353 5027 1465 5079 τῶν
1511 5027 1679 5085 ὄντων
1723 5032 1780 5082 ὲν

1883 5041 2014 5088 sunt
2049 5033 2302 5086 absoluta
2335 5047 2434 5100 per
2463 5031 2626 5089 ﬁdem
2661 5032 2718 5085 in
2751 5032 3012 5101 perfectis
3051 5033 3328 5086 abdicatio
3368 5041 3455 5088 est

197 5114 320 5176 τοῖς
351 5113 578 5171 τελείοις
622 5116 914 5186 ἀφαίρεσις
951 5117 1108 5187 (φησὶ
1136 5117 1245 5188 γάρ
1271 5119 1300 5172 6
1331 5119 1534 5190 Κύριος
1568 5120 1780 5188 Ὅστις

1884 5124 1983 5192 (ait
2024 5123 2172 5180 cnim
2214 5123 2481 5178 Dominus
2529 5139 2542 5174 :
2588 5119 2690 5186 Qui
2734 5137 2836 5173 non
2885 5123 3153 5174 renuntiat
3194 5123 3454 5177 uniuersa:

196 5203 318 5256 οὐκ
341 5203 750 5258 ἀποτάσσεται
797 5202 951 5261 πᾶσι
992 5205 1117 5271 τοῖς
1162 5205 1543 5276 ὑπάρχουσιν
1569 5207 1776 5270 αὐτοῦ,

1880 5229 1991 5268 sua?
2025 5213 2363 5283 possessioni,
2395 5228 2499 5264 non
2533 5219 2699 5281 potest
2731 5228 2842 5265 esse
2874 5229 3016 5265 meus
3050 5211 3334 5281 discipulus
3358 5213 3450 5280 ο),

198 5293 279 5345 οὐ
305 5292 555 5348 δύναται
594 5313 714 5364 μου
763 5292 922 5351 εἶναι
962 5296 1280 5369 μαθητὴς),
1332 5297 1453 5352 καθ’
1493 5299 1561 5370 ἢν
1619 5298 1780 5352 πάνθ’

1882 5301 2185 5358 secundum
2219 5315 2381 5370 quam
2415 5300 2598 5354 omnia
2632 5315 2753 5356 sese
2787 5308 2910 5364 aut,
2937 5301 3083 5370 quod
3117 5300 3304 5355 dicere
3335 5317 3450 5355 ma-

198 5385 400 5438 ιαυτοῦ
461 5387 496 5458 ἢ
567 5387 759 5443 ἑαυτὸν
813 5389 1031 5443 πάντων
1111 5390 1512 5461 ἀφαιρούμενος
1599 5392 1772 5444 εἰπεῖν

1879 5393 1964 5463 gis
1994 5394 2275 5455 usitatum,
2302 5406 2422 5445 sese
2454 5391 2712 5447 omnibus
2743 5391 3004 5446 nudando
3035 5391 3130 5462 qui
3165 5392 3448 5462 sapientiae

193 5475 555 5549 οἰκειότερον,
611 5479 641 5532 6
687 5480 787 5550 τῆς
853 5480 1047 5548 σοφίας
1113 5482 1306 5537 ἑαυτὸν
1377 5483 1615 5554 ἐραστὴν
1677 5498 1775 5534 κα-

1881 5483 2055 5537 amori
2085 5499 2143 5537 sc
2171 5481 2381 5538 dedidit
2411 5497 2536 5538 cum
2569 5483 2688 5539 solo
2716 5483 2829 5539 Deo
2859 5483 3177 5539 conversari
3210 5481 3446 5539 merebi—

274 5601 301 5631 ι
330 5589 565 5662 Philipp.
607 5608 682 5660 tv,
720 5593 772 5648 7.
855 5592 881 5633 δ
906 5593 1040 5650 Luc.
1075 5610 1147 5660 ιι,
1180 5594 1267 5649 50.
1349 5605 1371 5632 π
1405 5595 1538 5650 Luc.
1567 5611 1640 5659 xl,
1674 5595 1763 5650 55.

1497 5685 1729 5742 νΑιιιιΕ
1787 5683 2191 5742 LECTIONES.

263 5754 317 5793 οδ
349 5757 430 5821 εἰς
456 5755 620 5810 τόπον
654 5755 775 5811 cod.
804 5756 946 5812 Gud.
