4200 6440
758 402 892 467 2ίῷ

1908 398 1971 457 S.
2010 397 2299 458 ΜΑΧΙΜΙ
2337 397 2847 459 CONFESSORIS

3888 400 4036 468 1156

752 520 843 565 tu:
876 519 934 566 et
968 508 1214 580 adoptivi
1248 506 1349 562 ﬁlii
1383 506 1710 577 dignitatem
1742 504 2039 574 Evangelio
2073 506 2325 574 praedica-

2438 508 2715 578 ταστήσας
2793 508 2941 577 μόνῳ
2993 506 3114 576 Θεῷ
3180 509 3421 562 συνεῖναι
3488 509 3861 576 καταξιοῦται,
3925 514 4034 579 τὴν

752 612 862 657 tam
896 602 1165 672 accipiet,
1192 600 1259 655 ad
1292 598 1575 669 exemplar
1604 608 1923 653 sanctorum
1955 608 2013 652 et
2041 598 2328 651 beatorum

750 694 1152 762 apostolorum,
1172 690 1267 759 qui
1292 705 1413 759 quae
1436 688 1799 759 possidebant
1820 688 2080 742 omnibus
2102 688 2329 741 omnino

751 800 873 838 sese
905 782 1211 853 spoliarunt
1235 782 1449 851 solique
1476 780 1637 850 plane
1665 780 1776 834 Deo
1802 787 1860 833 et
1878 779 2060 833 Verbo
2084 778 2330 833 adhase-

751 890 902 941 rnnt,
935 877 1187 931 dicentes
1221 892 1234 928 :
1270 874 1402 928 Ecce
1436 874 1616 926 omnia
1651 871 1936 942 abjecimus
1969 880 2118 941 teque
2146 887 2328 923 sumus

748 970 910 1022 secuti
929 966 980 1032 ιι,
1004 976 1214 1020 natura:
1236 980 1457 1035 quoque
1478 962 1801 1018 Creatorem
1825 977 1889 1016 ac
1910 961 2157 1016 datorem
2184 962 2329 1031 lega-

748 1058 819 1111 lis
852 1057 1064 1123 auxilii,
1096 1071 1393 1127 quemque,
1424 1056 1719 1110 Dominum
1751 1053 2034 1116 videlicet,
2068 1061 2327 1122 tanquam

749 1147 1005 1201 xeritatis
1041 1148 1223 1201 lucem
1259 1146 1487 1201 unicum
1520 1144 1806 1201 consecuti
1840 1145 1963 1198 loco
1995 1144 2132 1214 legis
2162 1154 2327 1213 atque

747 1247 962 1291 natura
994 1238 1241 1292 omnium
1278 1238 1480 1291 merito
1512 1252 1633 1306 qua:
1665 1244 1790 1306 post
1821 1237 1992 1291 Deum
2029 1247 2330 1292 censentur

748 1336 956 1381 certam
995 1328 1367 1397 cognitionem
1406 1333 1761 1396 acceperunt.
1796 1324 1973 1380 Simul
2012 1328 2161 1381 enim
2202 1342 2326 1382 cum

747 1434 816 1473 eo
842 1428 1071 1488 apparet
1095 1419 1317 1488 pr0prie
1349 1418 1596 1487 cognitio
1623 1432 1816 1472 eorum
1842 1433 1965 1487 qua:
1992 1418 2063 1472 ab
2093 1433 2160 1472 eo
2185 1419 2327 1472 facta

747 1520 900 1566 sunt.
924 1510 1404 1578 Quemadmodum
1435 1510 1583 1563 enim
1614 1508 1780 1562 simul
1812 1522 1939 1563 cum
1972 1510 2088 1563 sole
2114 1508 2329 1564 oriente

748 1604 1008 1657 universa
1051 1604 1199 1657 clare
1244 1617 1477 1671 corpora
1523 1609 1821 1669 apparent,
1855 1600 1931 1654 ita
1970 1600 2134 1654 etiam
2182 1601 2329 1655 Deus

749 1695 1142 1749 intellectualis
1167 1693 1400 1764 justitize
1433 1691 1549 1756 Sol,
1578 1692 1671 1745 ubi
1704 1692 1944 1761 primum
1970 1693 2142 1745 menti
2170 1700 2329 1746 ortus

746 1796 861 1853 est,
898 1794 1067 1855 prout
1105 1785 1227 1855 capi
1267 1801 1297 1838 a
1341 1784 1659 1838 conditione
1698 1783 1815 1853 ipse
1856 1784 2043 1848 novit,
2077 1786 2325 1837 omnium

747 1894 854 1932 una
899 1893 1088 1931 secum
1121 1884 1178 1930 et
1211 1874 1679 1930 intellectualium
1711 1882 1768 1930 et
1796 1875 2134 1929 sensualium
2168 1889 2327 1929 veras

747 1971 988 2025 rationes
1026 1971 1143 2024 vult
1184 1984 1469 2038 apparere.
1505 1967 1662 2034 Quod
1703 1968 1975 2037 signiﬁcat
2014 1969 2230 2023 Domini
2272 1969 2326 2022 in

748 2068 937 2113 monte
970 2058 1345 2128 transﬁgurati
1374 2058 1614 2112 vestium
1649 2073 1769 2127 qua:
1800 2057 1960 2112 faciei
1990 2060 2110 2128 ejus
2143 2060 2312 2129 splen-

746 2152 881 2204 dore
914 2150 1173 2203 iuccbant
1204 2151 1500 2219 conjuncta
1530 2149 1807 2215 ostensio,
1843 2164 1967 2203 cum
2002 2150 2100 2204 Dei
2132 2166 2325 2205 eorum

750 2241 911 2295 etiam
955 2256 1077 2309 quae
1114 2246 1239 2309 post
1273 2254 1399 2292 eum
1441 2247 1591 2304 sunt,
1620 2247 1682 2292 ut
1714 2246 1871 2309 puto,
1898 2248 1954 2294 et
1982 2240 2130 2295 circa
2172 2256 2326 2305 eum,

744 2332 1117 2401 cognitionem
1144 2330 1471 2384 concilians.
1496 2330 1684 2400 Neque
1711 2331 1864 2385 enim
1896 2330 2015 2385 sine
2042 2332 2164 2387 luce
2194 2348 2329 2387 ocu—

744 2426 833 2477 ius
861 2422 1159 2486 sensualia,
1184 2437 1361 2490 neque
1389 2437 1544 2475 mens
1569 2422 1687 2475 sine
1712 2422 2030 2492 cognitione
2053 2424 2172 2489 Dei,
2193 2440 2327 2479 con-

746 2514 1158 2584 templationem
1192 2512 1537 2582 spiritualem
1568 2526 1767 2582 capere
1797 2521 1999 2583 potest.
2026 2514 2144 2570 Illic
2174 2517 2324 2571 enim

744 2608 887 2661 visui
933 2608 1027 2660 iux
1068 2604 1372 2658 visibilium
1418 2606 1834 2675 perceptionem
1881 2608 2122 2677 praebet,
2158 2619 2324 2679 atque

744 2694 837 2749 hic
866 2694 1037 2748 menti
1069 2692 1523 2748 intellectualium
1556 2694 1930 2765 cognitionem
1966 2698 2058 2753 Dei
2091 2699 2325 2755 scicntia

750 2788 935 2841 donat.

2431 598 2810 668 εὐαγγελικῶς
2881 598 3296 668 ύτεοδειχθεῖσαν
3370 601 3645 656 υἱοθεσίαν
3692 603 4024 673 δεξάμενος,

2431 690 2577 744 κατά
2597 691 2724 754 τοὺς
2752 688 2944 759 άγίους
2986 689 3082 743 καὶ
3130 691 3442 761 μακαρίους
3487 693 3847 760 ἀποστόλους,
3883 694 3939 748 οἰ
3974 694 4037 746 τὸ

2431 784 2544 836 πᾶν
2578 782 2791 836 ἑαυτῶν
2844 781 3152 852 ὁλοσχερῶς
3197 782 3576 852 περιελόμενοι
3634 785 3732 839 καὶ
3782 786 3936 856 μόνῳ
3964 786 4035 836 δι’

2430 874 2554 927 ὅλου
2581 873 2659 945 τῷ
2687 872 2809 943 Θεῷ
2856 873 2950 927 καὶ
2991 872 3150 941 Λόγῳ
3191 872 3558 943 προσφύντες,
3602 875 3760 930 Ἰδοὺ
3801 876 4033 941 πάντα,

2429 966 2660 1036 ἔφασαν,
2706 965 3029 1035 ἀφήκαμεν
3074 965 3174 1018 καί
3217 966 3728 1037 ἠκολουθήσαμέν
3779 983 3903 1033 σοι,
3948 968 4034 1036 τῷ

2430 1060 2527 1114 καὶ
2554 1058 2656 1127 τῆς
2682 1058 2901 1129 φύσεως
2928 1059 3136 1129 Ποιητῇ
3164 1057 3260 1111 καὶ
3301 1057 3490 1129 δοτῆρι
3534 1057 3639 1128 τῆς
3666 1058 3809 1112 κατά
3857 1061 4033 1127 νόμον

2431 1150 2702 1221 βοηθείας,
2750 1148 2846 1203 καὶ
2872 1148 2952 1215 ὃν,
2982 1148 3191 1218 Κύριον
3230 1148 3494 1219 δηλονότι,
3528 1148 3718 1219 ὥσπερ
3767 1148 4036 1218 ἀληθείας

2430 1242 2549 1309 φῶς
2582 1242 2895 1312 μονώτατον
2924 1241 3263 1311 κτησάμενοι
3310 1240 3433 1295 ἀντὶ
3475 1241 3644 1309 νόμου
3676 1242 3772 1295 καὶ
3808 1241 4033 1309 φύσεως

2429 1333 2650 1386 πάντων
2706 1332 2935 1395 εἰκότως
2997 1331 3107 1384 τῶν
3173 1330 3317 1404 μετά
3374 1330 3510 1384 Θεὸν
3564 1331 3863 1385 ἄπταιστον
3922 1330 4033 1397 τὴν

2427 1422 2631 1490 γνῶσιν
2647 1422 2977 1494 παρέλαϐον.
2999 1421 3159 1491 Αὐτῷ
3180 1422 3290 1493 γάρ
3317 1422 3533 1491 πέφυκε
3566 1420 4033 1489 συνεκφαίνεσθαι

2427 1515 2637 1585 κυρίως
2664 1516 2699 1584 ἡ
2741 1514 2853 1567 τῶν
2895 1514 2987 1568 ὑπ’
3022 1514 3190 1567 αὑτοῦ
3232 1515 3621 1584 γεγενημένων
3660 1512 3883 1582 γνῶσις.
3937 1512 4032 1575 Ὠς

2428 1606 2538 1678 γάρ
2577 1605 2656 1677 τῷ
2693 1605 2937 1675 αἰσθητῷ
2970 1604 3106 1677 ὴλίῳ
3146 1603 3489 1658 ἀνατέλλοντι
3540 1604 3720 1657 πάντα
3762 1602 4033 1673 καθαρῶς

2431 1696 2883 1764 συνεκφαίνονται
2914 1696 2984 1749 τά
3030 1693 3283 1765 σώματα,
3312 1693 3458 1748 οὕτω
3497 1695 3594 1748 καὶ
3620 1694 3753 1757 Θεὸς
3773 1696 3804 1747 ό
3831 1689 4034 1763 νοητδς

2427 1787 2529 1856 τῆς
2584 1785 2936 1857 δικαιοσύνης
2982 1785 3135 1856 ἥλιος
3187 1786 3499 1840 ἀνατέλλων
3549 1785 3630 1857 τῷ
3689 1784 3786 1856 νῷ,
3834 1783 4033 1839 καθὼς

2360 1854 2401 1908 Β
2430 1854 2726 1948 χωρεϊσθαι
2779 1854 2899 1931 ὑπὸ-
2930 1854 3031 1949 τῆς
3091 1877 3326 1941 κτίσεως
3376 1871 3521 1931 οἰδεν
3567 1854 3750 1941 αύτδς,
3800 1876 4034 1930 πάντων

2430 1970 2611 2041 ἑαυτῷ
2639 1972 2847 2041 νοητῶν
2886 1986 2947 2023 τε
3002 1972 3097 2023 καὶ
3135 1968 3417 2039 αἰσθητῶν
3466 1970 3597 2031 τοὺς
3644 1967 3863 2039 ἀληθεῖς
3898 1964 4035 2035 βού-

2428 2062 2581 2117 λεται
2610 2060 3105 2131 συνεκφανίζεσθαι
3154 2060 3367 2129 λόγους.
3415 2062 3530 2114 Καὶ
3556 2058 3708 2130 δηλοῖ
3738 2057 3894 2112 τοῦτο
3928 2057 4033 2126 τῆς

2427 2155 2523 2208 ἐπὶ
2582 2155 2677 2208 τοῦ
2744 2155 2907 2224 ὅρους
2979 2151 3465 2225 μεταμορφώσεως
3538 2152 3630 2204 ’.οὔ
3701 2150 3910 2220 Κυρίου
3996 2150 4031 2219 ἡ

2426 2246 2659 2317 λαμπρά
2711 2246 2823 2299 τῶν
2872 2247 3201 2319 ἐσθημάτων
3264 2248 3339 2314 τῷ
3394 2248 3535 2310 φωτὶ
3589 2243 3683 2295 τοῦ
3728 2242 4034 2314 προσώπου

2427 2339 2595 2394 αὑτοῦ
2624 2340 2893 2412 γενομένη
2948 2340 3299 2406 συνένδειξις,
3332 2340 3409 2410 τῷ
3432 2337 3555 2409 Θεῷ
3597 2338 3697 2408 τὴν
3740 2337 3849 2390 τῶν
3905 2338 4034 2407 μειβ

2427 2430 2613 2495 αὐτὸν,
2638 2432 2714 2495 ὡς
2747 2428 2926 2502 οἴμαι,
2958 2434 3054 2487 καὶ
3082 2433 3213 2504 περὶ
3251 2433 3415 2486 αὑτὸν
3457 2430 3769 2499 συνάγουσα
3795 2429 4009 2498 γνιῖισιε·

2426 2523 2566 2578 Οὔτε
2606 2525 2716 2596 γὰρ
2745 2524 2868 2595 δίχα
2905 2525 3085 2593 φωτὸς
3113 2524 3224 2577 τῶν
3249 2525 3529 2594 αἰσθητῶν
3564 2522 3840 2593 ὀφθαλμὸς
3860 2523 4033 2575 ἀντι-

2424 2616 2809 2688 λαμὸάνεσθαι
2852 2617 3043 2689 (158
3092 2618 3143 2685 ὁ)
3196 2619 3454 2683 δύναται,
3513 2617 3639 2670 οὕτε
3684 2614 3810 2677 νοῦς
3836 2616 4033 2684 μχωρίς

2424 2710 2681 2779 γνώσεως
2701 2710 2839 2764 Θεοῦ
2877 2710 3114 2781 θεωρίαν
3146 2709 3404 2773 δέξασθαι
3441 2708 3844 2779 πνευματικήν.
3875 2705 4035 2757 ’.ἲκεῖ

2421 2819 2485 2856 τε
2514 2803 2620 2874 γάρ
2668 2805 2737 2873 τῇ
2780 2801 2903 2871 ὄψει
2929 2802 2993 2854 τὸ
3027 2800 3143 2869 φῶς
3186 2800 3298 2855 τῶν
3337 2801 3550 2870 ὁρατῶν
3590 2800 3689 2872 τὴν
3737 2796 4033 2867 ἀντίληψιν

2422 2893 2630 2958 δίδωσι,
2658 2894 2753 2947 καί⁵
2784 2892 3022 2946 ἐνταῦθα
3052 2892 3131 2963 τῷ
3163 2891 3240 2963 νῷ
3283 2894 3387 2961 τὴν
3418 2892 3622 2963 γνῶσιν
3652 2892 3761 2946 ’τῶν
3817 2888 4035 2959 νοητῶν

2426 2985 2461 3055 η
2497 2984 2592 3037 τοῦ
2626 2983 2765 3038 Θεοῦ
2797 2986 3083 3056 ἐπιστήμη
3112 2984 3426 3057 χαρίζεται.

744 3175 1124 3247 Can'emplatio
1152 3178 1292 3232 modi
1322 3196 1423 3250 quo
1447 3180 1640 3235 Adami
1670 3185 2019 3253 transgressio
2050 3185 2193 3254 facta
2226 3190 2316 3243 sit.

2429 3188 2649 3257 Θεωρία
2676 3185 2783 3242 τοῦ
2824 3186 3051 3254 τρόπον
3101 3186 3232 3241 καθ’
3280 3186 3355 3241 δν
3379 3187 3592 3258 γέγονε
3626 3188 3735 3243 τοῦ
3776 3188 3954 3259 Ἀδὰμ
3994 3191 4032 3257 ἦ

812 3377 1081 3432 Nimirum
1115 3380 1169 3433 in
1204 3379 1446 3435 divinam
1479 3381 1624 3436 hanc
1653 3382 1835 3437 lucem
1869 3385 2093 3439 oculum
2124 3388 2323 3442 animae

739 3471 911 3525 Adam
947 3487 1187 3542 proavus
1219 3489 1330 3527 non
1363 3474 1539 3544 ﬁgens
1571 3490 1704 3529 sane
1739 3476 1796 3529 in
1831 3478 2055 3531 modum
2096 3482 2225 3535 ccci
2269 3481 2323 3536 in

742 3560 1066 3629 ignorantia:
1127 3563 1374 3617 tenebris
1431 3564 1699 3620 ambabus
1764 3568 2017 3624 manibus
2080 3573 2326 3627 materiae

741 3662 1165 3723 purgamentum
1201 3666 1399 3724 sponte
1447 3665 1801 3712 contrectans
1838 3659 1939 3712 soli
1978 3662 2164 3715 sensui
2204 3678 2325 3718 sese

744 3750 919 3797 totum
953 3744 1243 3800 inclinavit
1266 3755 1323 3801 et
1352 3747 1603 3810 tradidit,
1630 3764 1729 3818 per
1754 3766 1917 3818 quem
1949 3754 2323 3811 acerbissima:

744 3833 933 3888 bestia:
961 3850 1177 3889 veneno
1206 3836 1355 3890 letali
1390 3846 1639 3906 recepto,
1675 3853 1780 3893 nec
1814 3842 2009 3911 ipsius,
2042 3853 2100 3897 ut
2128 3845 2322 3911 voluit,

742 3940 938 3980 sensus
979 3926 1228 3982 fructum
1258 3928 1483 3991 habuit,
1514 3930 1645 3982 dum
1686 3940 1841 3985 extra
1886 3934 2090 3999 Deum,
2123 3946 2179 3989 et
2216 3953 2326 4006 pra:

741 4017 878 4080 Deo,
898 4025 954 4072 et
977 4033 1087 4072 non
1116 4019 1420 4073 secundum
1447 4020 1641 4083 Deum,
1662 4021 1813 4090 quod
1842 4023 1963 4076 ﬁeri
1987 4040 2096 4077 non
2123 4027 2323 4094 potuit,

740 4108 837 4163 Dei
874 4110 1041 4164 rebus
1075 4110 1268 4165 illicite
1306 4113 1474 4180 potiri
1510 4112 1717 4168 studet.
1748 4115 1881 4168 Nam
1918 4133 2043 4171 cum
2077 4135 2323 4185 sensum,

739 4200 835 4269 qui
889 4209 1205 4270 serpentem
1260 4202 1435 4274 magis
1484 4219 1650 4273 quam
1702 4205 1875 4261 Deum
1928 4208 1983 4261 in
2029 4211 2325 4265 consilium

738 4293 978 4357 vocavit,
1007 4294 1327 4363 recepisset.
1362 4310 1429 4348 ac
1462 4296 1531 4350 de
1566 4297 1741 4352 vetito
1773 4298 1943 4369 ligno,
1970 4302 2129 4371 cujus
2158 4304 2326 4367 etiam

742 4384 982 4438 fructum
1011 4386 1360 4441 mortiferum
1384 4404 1507 4444 csse
1537 4390 1830 4455 didicerat,
1856 4391 2259 4463 degustavisset
2279 4406 2323 4460 ο,

3034 3283 3397 3351 παράϐασις.

2506 3396 2725 3468 ’Δμέλει
2777 3393 2951 3466 τούτῳ
3003 3395 3080 3466 μὴ
3142 3398 3437 3467 ἐπερείσας
3474 3394 3551 3467 τῷ
3600 3394 3719 3466 Θεῷ
3752 3396 3897 3464 φωτὶ
3936 3394 4034 3448 τὸν

2424 3489 2526 3557 τῆς
2576 3489 2759 3558 ψυχῆς
2808 3486 3090 3557 ὀφθαλμὸν
3142 3488 3172 3540 ὁ
3224 3488 3524 3560 προπάτωρ
3595 3487 3769 3559 Ἀδὰμ
3823 3489 4033 3558 τυιρλοῦ

2424 3580 2582 3649 δίκην
2636 3579 2863 3641 εἰκότως
2919 3579 2978 3630 ἐν
3034 3578 3220 3631 σκότει
3269 3579 3370 3647 τῆς
3419 3578 3698 3646 ἀγνωσίας
3732 3579 3903 3649 ἄμφω
3951 3577 4033 3631 τὼ

2426 3673 2579 3739 χεῖρε
2601 3669 2691 3722 τὸν
2720 3670 2819 3738 τῆς
2851 3668 2987 3738 ῦλης
3033 3668 3267 3739 φορυτδν
3293 3669 3561 3733 ἑκουσίως
3588 3670 3848 3738 ἀφάσσων

2425 3763 2676 3833 αἰσθήσει
2705 3761 2897 3815 ἑαυτὸν
2921 3761 3042 3814 ὃλον
3077 3760 3363 3823 ὲπικλίνας
3397 3761 3683 3825 ἐκδέδωκε,
3733 3762 3801 3815 δι’
3828 3758 3901 3835 ἧς
3931 3762 4031 3816 τοῦ

2426 3855 2760 3925 πικροτάτου
2808 3852 2975 3924 θηρὸς
3030 3852 3124 3906 τὸν
3160 3852 3463 3924 φθαρτικὸν
3517 3854 3594 3906 ἰὸν
3641 3853 4033 3924 εἰσδεξάμενος

2425 3947 2533 4000 οὐδ’
2565 3946 2760 4016 αὐτῆς,
2796 3945 2873 4009 ὼς
2908 3942 3211 4016 ἠϐουλήθη,
3238 3944 3523 4016 ἀπήλαυσε
3559 3944 3659 4013 τῆς
3689 3946 4030 4015 αἰσθήσεως,

2425 4040 2550 4110 δίχα
2572 4039 2731 4104 Θεοῦ,
2770 4039 2866 4093 καὶ
2911 4039 3015 4109 πρὸ
3041 4037 3203 4104 Θεοῦ,
3233 4039 3329 4092 καὶ
3374 4039 3436 4092 ού
3464 4040 3607 4094 κατὰ
3634 4038 3787 4105 Θεὸν,
3812 4038 3889 4102 ὼς
3926 4039 4033 4091 οὐκ

2426 4133 2554 4197 ἔδει,
2604 4132 2744 4202 ὅπερ
2800 4132 3086 4201 ἀμήχανον
3133 4127 3225 4203 ἦν,
3271 4133 3343 4184 τά
3369 4130 3465 4183 τοῦ
3512 4129 3649 4183 Θεοῦ
3700 4129 3846 4200 ἔχειν
3902 4131 4033 4182 επι-

2426 4222 2717 4294 τηδεύσας.
2752 4223 2867 4292 Τὴν
2911 4222 3021 4293 γάρ
3068 4214 3383 4292 σύμϐουλον
3420 4220 3880 4293 παραδεξαμένην
3934 4220 4032 4273 τὸν

2426 4316 2551 4385 ὅφιν
2589 4315 2728 4369 Θεοῦ
2778 4316 2945 4369 πλέον
2992 4314 3446 4386 παραδεξάμενος
3492 4314 3745 4385 αἴσθησιν
3794 4314 3893 4368 καὶ
3927 4312 4029 4367 τοῦ

2427 4407 2879 4478 ἁπηγορευμένου
2957 4407 3139 4477 ξύλου,
3215 4402 3261 4476 ᾧ
3327 4406 3426 4461 καὶ
3490 4406 3722 4459 θάνατον
3775 4408 4031 4458 συνεῖναι

739 4475 976 4529 similem
1012 4476 1223 4531 fructui
1259 4478 1427 4531 vitam
1468 4481 1881 4545 transmutavit,
1912 4491 1969 4536 et
1998 4484 2179 4537 vivam
2217 4485 2325 4539 sibi

2431 4475 2798 4571 «po—eamdi”
2829 4500 2924 4553 τὸν
2952 4475 3165 4571 καρπδν
3188 4500 3508 4572 ὀρέγουσαν,
3549 4497 3803 4570 βρώσεως
3830 4500 4026 4569 ἀπαρ-

738 4577 974 4621 mortem
1006 4568 1059 4622 in
1082 4584 1247 4624 omne
1274 4571 1566 4640 praesentis
1588 4573 1691 4625 aevi
1721 4580 1939 4644 tempus
1961 4575 2166 4631 eﬁ‘ecit.
2190 4577 2325 4632 Nam

2431 4568 2534 4662 at»
2575 4568 2945 4660 «ossam
2998 4568 3315 4662 τεράσφοέιον
3353 4591 3432 4662 τῷ
3730 4590 3830 4661 τὴν
3870 4568 4029 4661 ξων,

739 4668 785 4712 si
820 4668 1079 4714 interitus
1107 4668 1378 4731 geniturae
1406 4679 1558 4716 mors
1584 4672 1691 4727 est,
1718 4680 1937 4733 semper
1961 4676 2146 4722 autem
2175 4670 2325 4724 cibo-

2435 4684 2830 4753 μετηλλάξατο,
2865 4685 3045 4749 ζῶντα
3066 4685 3160 4738 τὸν
3190 4685 3421 4737 θάνατον
3460 4684 3639 4754 ἐαυτῷ
3661 4683 3802 4737 κατὰ
3839 4685 4028 4737 πάντα

740 4766 862 4804 rum
899 4752 1182 4807 allluentia
1229 4753 1530 4809 conﬂatum
1574 4758 1905 4812 naturaliter
1943 4762 2323 4831 corrumpitur

736 4861 940 4915 corpus
986 4845 1135 4900 ﬂuxu
1185 4861 1529 4915 evaporans,
1574 4864 1797 4918 semper
1843 4850 2010 4920 igitur
2053 4868 2154 4921 per
2202 4870 2324 4923 quae

738 4938 905 4992 vitam
937 4954 1059 4993 esse
1096 4939 1329 4993 conﬁdit
1350 4941 1623 5009 vigentem
1659 4942 1764 4996 sibi
1798 4952 1856 4997 et
1888 4944 2049 4999 nobis
2087 4955 2321 5001 mortem

737 5028 978 5083 Adamus
1033 5033 1403 5085 conservavit.
1457 5031 1614 5097 Quod
1668 5033 1716 5087 si
1770 5035 1934 5089 modo
1984 5036 2098 5091 Deo
2148 5040 2322 5109 magis

736 5132 900 5186 quam
964 5120 1355 5173 contubernali
1418 5121 1813 5190 obtemperans
1874 5124 2023 5194 ligno
2080 5127 2205 5181 vitae
2262 5143 2324 5184 se

735 5207 996 5273 aluisset,
1031 5208 1502 5265 immortalitatem
1546 5212 1655 5266 sibi
1698 5214 1949 5285 largitam
1995 5234 2104 5272 non
2146 5220 2321 5290 depo-

736 5300 961 5363 suisset,
985 5301 1115 5356 vitae
1149 5304 1652 5359 communicatione
1686 5321 1904 5376 semper
1939 5311 2319 5378 nutriendam,

737 5392 1015 5462 siquidem
1041 5396 1224 5449 omnis
1248 5397 1358 5451 vita
1390 5398 1617 5469 proprio
1649 5408 1705 5453 et
1742 5398 1945 5455 idoneo
1980 5405 2322 5461 nutrimento

738 5496 1126 5542 conservatur.
1152 5489 1563 5545 Nutrimentum
1599 5502 1783 5546 autem
1814 5494 1988 5550 beata:
2020 5496 2170 5554 illius
2195 5501 2323 5557 vita:

810 5620 836 5659 ἀ
864 5621 1056 5677 Matth.
1090 5640 1198 5690 χιχ,
1229 5624 1316 5679 27.
1399 5635 1422 5664 ο
1455 5626 1592 5681 Gen.
1625 5642 1703 5691 Ill,
1740 5627 1791 5694 l,
1832 5629 2055 5697 passim.

2433 4776 2523 4830 τὸν
2565 4779 2759 4848 χρόνον
2807 4777 2903 4831 τοῦ
2945 4777 3217 4848 παρόντος
3250 4777 3447 4847 καιροῦ
3481 4778 3925 4847 δημιουργήσας.
3964 4777 4026 4829 Εἰ

2431 4869 2538 4939 γὰρ
2590 4868 2767 4939 φθορά
2805 4870 3074 4937 γενέσεως
3126 4869 3363 4939 ὑπάρχει
3402 4870 3432 4922 ὁ
3458 4868 3709 4931 θάνατος,
3749 4868 3933 4921 ἀεὶδὲ
3966 4866 4029 4921 τὸ

2426 4961 2492 5014 δι’
2525 4961 2788 5033 ἐπιρροῆς
2816 4962 2861 4995 ⁸⁷
2892 4962 3111 5033 τροφῶν
3135 4964 3421 5033 γινόμενον
3447 4960 3697 5031 φυσικῶς
3729 4960 4027 5031 φθείρεται

2420 5054 2581 5123 σῶμα
2629 5058 2695 5125 τῇ
2762 5056 2860 5126 ῥοῇ
2895 5055 3314 5126 διαπνεόμενον,
3364 5056 3453 5108 ἀεὶ⁵
3496 5055 3607 5125 ἄρα
3657 5053 3725 5106 δι’
3772 5046 3850 5107 ὧν
3881 5049 4028 5107 εἶναι

2416 5144 2516 5213 τὴν
2546 5143 2693 5214 ζωὴν
2736 5144 3063 5198 ἐπίστευσεν
3095 5144 3419 5216 ἀκμάζοντα
3446 5144 3626 5215 ἐαυτῷ
3667 5160 3727 5197 τε
3758 5144 3858 5196 καὶ
3890 5145 4027 5212 ἡμῖν

2417 5234 2511 5287 τὸν
2535 5235 2765 5289 θάνατον
2791 5236 2821 5287 ὁ
2862 5236 3034 5307 ’Δδάμ
3077 5239 3470 5307 συνετήρησεν.
3512 5237 3602 5299 Ὠς
3632 5236 3749 5305 εἴγε
3781 5234 3862 5300 τῷ
3903 5233 4025 5303 Θεῷ

2425 5323 2625 5393 μᾶλλον
2660 5324 2693 5394 ἢ
2733 5328 2798 5395 τῇ
2853 5327 3090 5396 συνοίκῳ
3117 5326 3362 5389 πεισθεὶς
3410 5327 3491 5397 τῷ
3549 5325 3694 5395 ξύλῳ
3742 5324 3848 5393 τῆς
3874 5324 4025 5393 ζωῆς

2429 5415 2717 5486 διετράφη.
2760 5420 2860 5473 οὐκ
2902 5419 2969 5473 ἂν
3002 5420 3102 5490 τὴν
3153 5420 3399 5474 δοθεῖσαν
3449 5418 3683 5474 ἀπέθετο
3712 5418 4025 5472 ἀθανασίαν

2433 5507 2619 5578 (159
2644 5517 2699 5579 a)
2743 5513 2829 5564 ἀεὶ
2877 5511 3329 5585 συντηρουμένηνε
3358 5517 3425 5585 τῇ
3471 5515 3674 5586 μετοχῇ
3712 5511 3816 5582 τῆς
3849 5509 4023 5580 ζωῆς,

2050 5736 2281 5794 νΛΙῈΙλΕ
2330 5739 2733 5803 LECTIONES.

815 5826 861 5862 ⁸⁷
902 5827 1224 5899 διεπιρροῆς
1247 5828 1370 5885 cod.
1406 5826 1575 5893 Gud.,
1603 5842 1703 5896 pro
1731 5842 1902 5882 more.
