4200 6440
204 404 339 469 1157

1443 406 1965 472 AMBIGUORUM
2005 412 2253 475 LIBER.

3331 424 3477 489 1158

199 514 397 585 ἐπειδὴ
429 515 583 569 πᾶσα
611 514 727 587 ζωὴ
762 515 941 569 οἰκεία
988 531 1047 568 τε
1095 514 1185 568 καὶ
1220 513 1546 587 καταλλήλῳ
1588 519 1781 586 πέφυκι

1907 522 2070 590 panis
2107 532 2193 576 est
2224 522 2294 578 de
2332 523 2475 580 caelo
2511 524 2776 584 devectus
2808 528 3087 601 vitamque
3126 534 3336 589 mundo
3373 537 3492 590 lar-

203 604 594 675 συντηρεῖσθαι
629 608 825 676 τροφῇ.
846 604 1034 675 Τροφὴ
1063 604 1121 657 δὲ
1147 604 1251 675 τῆς
1276 606 1554 676 μακαρίας
1585 607 1801 677 ἐκείνης

197 696 354 765 ζωῆς
380 699 530 749 ἐστιν
556 698 585 750 ό
631 697 849 767 ἂρτοςό
898 697 963 749 ὲκ
986 695 1079 749 τοῦ
1130 694 1363 763 οὐρανοῦ
1413 698 1661 761 καταϐἀς
1704 700 1801 752 καὶ

198 788 351 858 ζωὴν
414 788 593 852 διδοὺς
636 787 716 858 τῷ
747 788 957 858 κόσμῳ,
1016 787 1199 851 καθὼς
1249 787 1413 851 αὐτὸς
1444 788 1572 858 περὶ
1603 788 1797 841 ἑαυτοῦ

197 882 259 931 ὲν
286 883 400 943 τοῖς
434 880 780 949 εὐαγγελίοις
831 882 861 934 ό
910 880 1150 951 ἀψευδὴς
1190 882 1514 951 ἀπεφήνατο
1538 880 1717 947 λόγος,
1752 876 1796 949 ᾧ

198 970 572 1043 διατραφῆναι
617 971 692 1044 μὴ
732 971 1018 1042 βουληθεὶς
1046 973 1076 1025 ό
1108 972 1324 1043 πρῶτος
1360 972 1651 1042 ἄνθρωπος
1697 973 1796 1037 τῆς

200 1057 308 1127 μὲν
342 1058 496 1120 θείας
533 1059 764 1123 εἰκότως
793 1060 1096 1128 ἀπεγένετο
1130 1060 1299 1131 ζωῆς,
1341 1061 1509 1129 ἄλλης
1534 1060 1590 1113 δὲ
1632 1060 1797 1113 θανά-

195 1166 297 1202 του
327 1150 658 1223 γεννήτορος
696 1151 1018 1217 ἐπελάϐετο,
1073 1152 1198 1206 καθ’
1230 1153 1299 1222 ἢν
1334 1152 1435 1224 τὴν
1466 1153 1564 1223 μὲν
1603 1151 1797 1219 ἄλογον

197 1238 385 1307 ἑαυτῷ
414 1239 628 1311 μορφὴν
654 1241 1001 1311 ἐπιθέμενος,
1025 1241 1123 1311 τῆς
1153 1240 1307 1304 θείας
1332 1241 1389 1294 δὲ
1419 1241 1481 1294 τὸ
1514 1242 1796 1310 ἀμήχανον

193 1329 541 1401 ἀμαυρώσεις
587 1330 804 1394 κάλλος,
844 1330 1012 1400 βορὰν
1049 1329 1128 1400 τῷ
1180 1329 1395 1401 θανάτῳ
1423 1331 1523 1400 τὴν
1572 1328 1790 1382 ἃπασαν

194 1422 367 1492 φύσιν
394 1422 699 1492 παρέδωκε.
748 1423 825 1475 Δι’
872 1418 942 1494 ἧς
980 1424 1008 1475 ό
1044 1424 1143 1493 μὲν
1173 1422 1404 1485 θάνατος
1439 1422 1504 1492 ζῇ
1550 1420 1620 1473 δι’
1667 1417 1790 1471 ὅλου

1908 613 2067 681 gicns
2094 612 2136 678 ί,
2162 616 2629 682 quemadmodum
2662 618 2781 687 ipse
2807 621 2877 675 de
2907 636 2967 676 se
2999 624 3121 692 ipso
3154 625 3210 677 in
3245 624 3492 695 Evange-

1905 700 1995 755 liis
2020 718 2188 757 verax
2218 706 2551 775 significavit
2579 708 2796 774 Sermo,
2820 726 2930 779 quo
2965 713 3035 765 ali
3071 714 3287 782 primus
3322 715 3491 771 homo

1904 803 2031 842 cum
2082 792 2281 857 nollet,
2327 795 2511 851 divina
2563 798 2762 854 merito
2805 801 2918 854 vita
2976 804 3213 870 excidit,
3247 806 3485 860 alteram

1903 893 2098 937 nactus
2127 886 2397 955 genitoris
2422 891 2639 954 mortis,
2665 892 2971 947 secundum
2998 910 3164 964 quam
3194 897 3488 953 irrationa-

1903 968 2068 1024 bilcm
2107 974 2212 1028 sibi
2248 976 2487 1032 formam
2522 980 2836 1051 imponens,
2865 982 3069 1038 divina:
3097 1000 3229 1039 vero
3264 987 3484 1042 inenar-

1903 1061 2134 1117 rabilcm
2187 1067 2665 1135 pulchritudinem
2712 1074 3051 1139 obscurans,
3088 1077 3251 1131 morti
3296 1093 3479 1132 escam

1901 1151 2133 1207 tradidit
2167 1163 2337 1210 totam
2376 1166 2655 1212 naturam.
2687 1159 2793 1215 Per
2824 1177 2991 1231 quam
3024 1178 3177 1218 mors
3209 1165 3348 1219 vivit
3381 1182 3482 1235 per

1903 1252 2078 1297 totum
2129 1247 2232 1302 hoc
2280 1251 2548 1319 temporis
2598 1252 2871 1320 spatium,
2908 1263 2965 1309 et
3006 1270 3109 1310 nos
3150 1256 3258 1311 sibi
3296 1271 3478 1311 escam

1898 1343 2079 1398 parat,
2110 1351 2212 1390 nos
2248 1354 2385 1392 vero
2420 1354 2703 1408 nunquam
2740 1341 3000 1409 vivimus,
3024 1354 3082 1400 et
3119 1359 3344 1414 semper
3380 1361 3478 1416 per

1901 1419 2190 1477 interitum
2216 1426 2285 1479 ab
2310 1442 2379 1481 eo
2407 1428 2764 1483 devoramur.

193 1513 295 1568 τοῦ
353 1513 610 1586 χρονικοῦ
669 1513 862 1567 τούτου
925 1514 1320 1585 διαστήματος,
1375 1514 1524 1585 ἡμᾶς
1589 1509 1793 1583 βρῶσιν
1832 1512 2175 1583 ποιούμενος,
2199 1518 2361 1588 ἡμεῖς
2411 1519 2467 1573 δὲ
2529 1519 2714 1591 ζῶμεν
2737 1522 3015 1588 οὐδέποτε,
3044 1522 3133 1578 ἀεὶ
3155 1523 3243 1577 διὰ
3272 1525 3479 1595 φθορᾶς

195 1605 294 1659 ὑπ’
322 1605 490 1660 αὑτοῦ
522 1606 962 1676 κατεσθιόμενοι.

194 1782 332 1843 ὀτι
387 1788 457 1843 ἐκ
519 1787 634 1857 τῆς
693 1788 963 1843 ἀστάτου
1028 1786 1354 1859 περιφορᾶς
1406 1785 1518 1855 τῆς
1568 1784 1781 1853 παρούε

1898 1780 2050 1847 Quod
2082 1800 2145 1838 ea:
2170 1786 2415 1840 instabili
2443 1802 2603 1842 cursu
2634 1790 2911 1858 ρτωεεηιὶε
2950 1790 3071 1844 vita:
3105 1789 3332 1843 alteram
3363 1804 3475 1843 esse

265 1897 388 1949 σης
430 1878 582 1950 ζωῆς
629 1880 832 1949 ἀλλην
882 1876 1038 1933 εἶναι
1085 1879 1203 1948 τὴν
1250 1877 1450 1946 ἀληθηῆ
1498 1878 1595 1931 καί
1620 1879 1791 1930 θείαν

267 1972 370 2029 καί
402 1972 689 2040 ὡσαύτως
742 1973 1015 2042 ἔχουσαν
1049 1970 1202 2040 ζωὴν
1240 1970 1694 2037 ἐπαιδεύθησαν
1734 1970 1791 2022 οἰ

267 2082 448 2135 artat.

265 2173 380 2241 Ἧς
398 2178 462 2231 τὸ
491 2177 722 2249 ἀδρανὲς
756 2176 855 2233 καὶ
873 2176 1283 2250 ἀλλεπάλληλον
1317 2177 1497 2247 σοφῶς
1526 2177 1789 2249 κατανοή-

189 2284 390 2330 σαντες
440 2267 492 2321 οἰ
537 2267 686 2337 ἀγιοι
737 2267 842 2340 τὴν
890 2266 1202 2340 ἀνθρώποις
1254 2267 1681 2339 προηγουμένως
1723 2267 1788 2319 ἐκ

186 2356 331 2411 Θεοῦ
364 2356 753 2431 δεδωρημένην
796 2356 1005 2429 ταύτην
1048 2358 1125 2429 μὴ
1166 2354 1303 2411 εῖναι
1355 2358 1456 2428 τὴν
1494 2356 1660 2427 ζωὴν,
1711 2355 1788 2419 ὡς

187 2448 367 2514 εἰκὸς,
394 2449 818 2523 ὶπαιδεύθησαν,
866 2449 1037 2521 ἀλλην
1084 2449 1143 2503 δὲ
1196 2448 1345 2503 θείαν
1378 2451 1471 2503 καὶ
1523 2447 1787 2511 ὡσαύτως

186 2542 448 2613 ἔχουσαν,
481 2544 548 2615 ἢν
597 2543 835 2614 μάλιστα
865 2544 977 2599 δεῖν
1024 2541 1297 2597 ὑπέλαόον
1336 2542 1514 2613 ἑαυτῷ
1548 2542 1784 2612 πρεπόν-

182 2650 302 2696 τως
330 2633 537 2702 ἀγαθδν
569 2635 700 2688 δντα
730 2636 825 2688 τὸν
875 2635 997 2689 θεὸν
1043 2636 1473 2707 προηγουμένως
1520 2634 1784 2704 δημιουρ-

182 2727 383 2798 γῆσαι,
421 2725 704 2796 μυστικῶς
738 2726 1118 2797 ἐδιδάχθησαν,
1170 2726 1305 2797 πρὸς
1345 2726 1410 2796 ἢν
1458 2725 1547 2778 διὰ
1592 2726 1785 2792 σοφίας

182 2819 336 2871 κατά
358 2816 460 2889 τὴν
491 2817 654 2888 χάριν
690 2818 786 2872 τοῦ
818 2819 1151 2889 πνεύματος,
1196 2818 1272 2881 ὼς
1314 2817 1534 2885 ἐφικτὸν
1567 2816 1784 2888 ἀνθρὼ-

179 2926 315 2972 ποις
339 2912 454 2973 τοῖς
486 2911 592 2964 ὑπὸ
620 2910 872 2975 θάνατον,
913 2912 974 2963 τὸ
1014 2910 1173 2981 δμμα
1199 2910 1297 2979 τῆς
1327 2909 1506 2979 ψυχῆς
1553 2907 1785 2962 ἀνανεύ-

184 3018 406 3066 σαντες,
448 3002 543 3055 καλ⁸
575 3001 899 3069 ὲνδιαθέτως
948 3001 1039 3055 τδν
1068 3001 1243 3070 αὐτῆς
1274 3000 1413 3053 θεῶν
1440 3000 1785 3070 ὑποδεξάμεο

1961 1894 2143 1933 verum
2178 1897 2244 1935 ac
2289 1880 2528 1935 divinam
2568 1890 2619 1934 et
2657 1897 2842 1952 parem
2881 1884 3051 1937 vitam
3095 1884 3274 1937 sancti
3333 1881 3474 1935 didi-

1958 1972 2146 2025 ccrint.

1956 2171 2129 2244 Cujus
2152 2188 2277 2228 cum
2314 2174 2491 2228 sancti
2527 2174 2687 2230 futile
2733 2183 2900 2245 atque
2950 2174 3236 2231 turbatum
3268 2191 3474 2247 cogno-

1887 2265 2134 2331 vissent,
2193 2267 2365 2321 vitam
2416 2267 2741 2323 hominibus
2803 2269 3080 2339 principio
3130 2269 3314 2325 datam
3360 2287 3474 2328 non

1888 2356 2030 2412 hanc
2056 2372 2177 2412 esse
2207 2358 2470 2412 nimirum
2508 2367 2640 2414 sunt
2673 2359 2878 2425 edocti,
2920 2361 3018 2415 sed
3044 2361 3275 2416 alteram
3323 2362 3469 2417 divi-

1884 2464 2012 2503 nam
2042 2460 2098 2503 et
2127 2465 2340 2519 parem,
2368 2466 2533 2520 quam
2576 2452 2812 2506 maxime
2857 2460 3119 2521 oportere
3153 2453 3261 2508 sibi
3326 2469 3461 2509 con-

1885 2543 2173 2596 venienter
2205 2542 2400 2607 Deum,
2445 2543 2539 2612 qui
2565 2542 2747 2596 bonus
2785 2551 2891 2608 est,
2944 2545 3220 2614 principio
3246 2560 3466 2602 creasse

1885 2633 2347 2703 suspicabantur,
2375 2633 2609 2703 mystice
2660 2633 2983 2689 didicerunt
3024 2652 3038 2689 :
3093 2651 3205 2704 quo
3246 2652 3346 2706 per
3383 2652 3472 2691 sa-

1883 2725 2148 2795 pientiam
2192 2740 2294 2794 pro
2348 2724 2525 2795 gratia
2573 2724 2851 2792 Spiritus,
2921 2733 3191 2794 quantum
3235 2726 3287 2780 id
3341 2726 3471 2781 licet

1884 2815 2206 2871 hominibus
2242 2817 2412 2871 semel
2457 2817 2619 2870 morti
2672 2817 2960 2887 subjectis,
3006 2820 3206 2873 anima:
3239 2820 3467 2875 oculum

1884 2907 2254 2973 reﬂectentcs,
2287 2918 2452 2978 atque
2475 2910 2671 2963 intime
2699 2908 2950 2963 divinum
2989 2911 3111 2980 ejus
3160 2911 3469 2980 suscipien-

1886 3010 1970 3056 tes
2002 3000 2360 3066 desiderium,
2383 3001 2770 3069 deponendam
2806 3001 2950 3055 hanc
2976 3016 3101 3056 esse
3133 3011 3467 3073 prasentetn

182 3111 273 3148 vat
330 3095 517 3157 πόθον,
581 3093 885 3147 ἀποθέσθαι
933 3092 1046 3145 δεῖν
1097 3091 1304 3164 ταύτην
1353 3092 1452 3163 τὴν
1502 3096 1781 3163 παροῦσαν

1887 3093 2058 3147 vitam
2091 3092 2293 3147 merito
2321 3092 2805 3157 existimaverunt,
2860 3092 2907 3147 si
2949 3108 3086 3163 pure
3144 3094 3295 3148 illam
3352 3096 3469 3149 vel-

183 3181 337 3254 ζωὴν
361 3184 587 3245 εἰκότως
610 3181 900 3252 ᾠήθησαν,
931 3182 980 3233 εἰ
1012 3180 1261 3252 μέλλοιεν
1290 3182 1547 3253 καθαρῶς
1569 3182 1780 3252 ἐκείνης

180 3277 335 3330 κατά
364 3275 454 3328 τὸν
487 3275 677 3328 δέοντα
713 3272 875 3341 λόγον
930 3273 1314 3344 ἐπιλήψεσθαι.
1371 3275 1558 3345 (159
1587 3275 1639 3345 ὁ)
1672 3276 1782 3329 Καὶ

180 3367 380 3439 ἐπειδὴ
431 3366 577 3437 ζωῆς
630 3366 894 3431 ἀπόθεσις
934 3366 1172 3422 θανάτου
1231 3371 1402 3440 χωρὶς
1429 3371 1490 3422 οὐ
1545 3371 1776 3438 γίνεται,

182 3463 423 3516 θάνατον
449 3460 623 3531 αὐτῆς
679 3460 983 3531 ὶπενόησαν
1025 3460 1125 3531 τὴν
1157 3460 1429 3531 ἀποϐολὴν
1484 3460 1585 3531 τῆς
1639 3460 1781 3515 κατά

183 3556 370 3625 σάρκα
416 3555 673 3625 στοργῆς,
730 3552 799 3607 δι’
840 3548 908 3625 ἧς
949 3553 1030 3617 εἰς
1072 3554 1165 3607 τὸν
1214 3551 1328 3622 βίον
1353 3555 1387 3624 ἡ
1411 3553 1505 3606 τοῦ
1544 3553 1778 3607 θανάτου

182 3648 413 3717 γέγονεν
443 3647 671 3709 εἴσοδος,
716 3647 805 3700 ῖνα
851 3646 1070 3718 θανάτῳ
1103 3646 1336 3701 θάνατον
1388 3646 1778 3715 ἐπινοήσαντες

179 3740 282 3794 τοῦ
311 3742 412 3811 ζῆν
446 3738 525 3811 τῷ
582 3739 799 3811 θανάτῳ
861 3740 1201 3805 παύσωνται,
1248 3740 1343 3793 τὸν
1399 3739 1582 3812 τίμιον
1620 3738 1775 3790 ἐναν-

178 3833 303 3886 τίον
350 3830 556 3902 Κυρίου
591 3830 823 3886 θάνατον
875 3830 1268 3895 ἀποθανόντες,
1317 3830 1410 3884 τὸν
1457 3830 1626 3892 ὅντως
1679 3830 1777 3883 θα-

179 3923 350 3977 νάτου
380 3922 630 3990 θάνατον,
663 3923 756 3977 τὸν
777 3923 876 3993 τὴν
904 3921 1114 3993 φθορὰν
1154 3922 1255 3992 μὲν
1282 3920 1521 3993 φθείρειν
1543 3919 1778 3990 δυνάμε-

182 4033 301 4079 νον,
330 4018 399 4086 τῇ
428 4015 484 4069 δὲ
517 4014 769 4086 μακαρία
799 4014 912 4085 ζωῇ
938 4013 1032 4067 καὶ
1078 4014 1362 4086 ἀφθαρσίᾳ
1402 4013 1776 4085 παρεχόμενον

183 4108 249 4160 ὲν
277 4108 391 4169 τοῖς
418 4105 592 4171 ἀξίοις
632 4106 857 4160 εἴσοδον.
887 4106 962 4159 Τὸ
1003 4106 1112 4178 γάρ
1139 4107 1314 4177 πέρας
1343 4107 1439 4177 τῆς
1492 4105 1777 4176 παρούσης

182 4199 396 4269 ταύτης
422 4198 569 4269 ζωῆς
596 4197 717 4251 οὐδὲ
748 4197 980 4254 θάνατον
1017 4194 1171 4271 οἶμαι
1216 4200 1426 4253 δίκαιον
1463 4198 1770 4268 ὀνομάζειν,

182 4290 327 4346 ἀλλά
377 4289 611 4345 θανάτου
658 4290 1006 4361 ἀπαλλαγὴν,
1061 4292 1159 4345 καὶ
1209 4291 1421 4363 φθορᾶς
1469 4291 1769 4363 χωρισμὸν,

183 4383 286 4438 καὶ
310 4380 555 4446 δουλείας
598 4380 937 4453 ἐλευθερίαν,
985 4383 1080 4437 καὶ
1121 4384 1367 4457 ταραχῆς
1412 4383 1644 4447 παύλαν,
1678 4385 1772 4436 καὶ

1885 3185 2023 3247 lent,
2058 3193 2116 3238 et
2151 3191 2213 3237 ut
2256 3184 2402 3236 ratio
2444 3184 2717 3252 postulat,
2770 3184 3063 3254 consequi.
3127 3184 3307 3255 Atque
3337 3202 3465 3241 cum

1882 3276 2010 3330 vita:
2031 3275 2309 3345 depositio
2327 3277 2449 3329 sine
2474 3284 2652 3329 morte
2674 3291 2786 3330 non
2815 3275 2898 3341 fit,
2921 3286 3159 3331 mortem
3188 3280 3309 3348 ejus
3334 3294 3469 3334 cen-

1882 3377 2121 3421 suerunt
2140 3381 2262 3421 esse
2278 3366 2649 3437 abjectionem
2668 3368 2911 3422 carnalis
2924 3369 3159 3435 amoris,
3188 3383 3287 3439 per
3303 3388 3467 3440 quem

1880 3459 2044 3512 morti
2072 3458 2252 3512 factus
2276 3467 2362 3512 est
2389 3458 2445 3512 in
2475 3458 2647 3512 vitam
2686 3458 2945 3515 introitus
2995 3469 3056 3515 ut
3099 3463 3266 3516 morti
3316 3479 3467 3517 mor-

1881 3560 1992 3605 tem
2018 3550 2387 3606 machinando
2410 3541 2579 3605 vitam
2606 3560 2787 3606 morte
2812 3553 3056 3618 ﬁnirent,
3081 3553 3467 3610 honorabilem

1879 3658 2066 3697 coram
2105 3642 2339 3697 Domino
2383 3652 2620 3697 mortem
2660 3644 2985 3710 subeuntes,
3036 3654 3275 3700 mortem
3319 3662 3465 3701 vera:

1880 3736 2075 3792 mortis
2093 3752 2299 3797 veram.
2313 3737 2408 3805 qui
2434 3736 2725 3792 interitum
2747 3736 2973 3807 quidem
2994 3737 3232 3808 perdere
3252 3749 3464 3809 posset,

1877 3830 1976 3884 sed
2007 3830 2182 3885 beata:
2203 3830 2369 3884 simul
2389 3830 2517 3885 vitae
2536 3839 2594 3885 et
2634 3831 3070 3888 immortalitatis
3091 3832 3303 3888 aditum
3332 3849 3464 3903 ape-

1878 3922 2011 3975 rire.
2041 3920 2201 3988 Quod
2245 3922 2394 3976 enim
2428 3922 2572 3976 ultra
2613 3921 2759 3978 hanc
2800 3933 2859 3979 et
2918 3933 3245 3993 praesentem
3297 3926 3463 3979 vitam

1876 4028 1987 4067 non
2006 4014 2132 4084 jure
2160 4013 2298 4067 mihi
2327 4022 2561 4068 mortem
2587 4014 2784 4069 videor
2820 4016 3122 4085 appellare,
3153 4016 3250 4073 sed
3281 4017 3468 4087 potius

1877 4107 2074 4159 mortis
2104 4106 2464 4172 solutionem,
2498 4106 2762 4163 interitus
2811 4108 3139 4175 discessum,
3171 4111 3464 4165 servitutis

1876 4196 2287 4262 liberationem,
2308 4198 2752 4267 perturbationis
2776 4200 3144 4265 sedationem,
3188 4200 3461 4256 bellorum

1876 4290 2271 4352 sublationem,
2316 4289 2666 4345 confusionis
2712 4291 3005 4346 transitum
3032 4332 3049 4358 ,
3105 4293 3461 4350 tenebrarum

1876 4396 2185 4446 recessum,
2213 4380 2472 4435 laborum
2499 4380 2911 4446 remissionem,
2946 4382 3213 4451 strepitus
3244 4384 3459 4439 confusi

181 4472 446 4543 πολέμων
495 4473 805 4543 ἀναίρεσιν,
855 4472 951 4527 καὶ
997 4473 1316 4544 συγχύσεως
1362 4474 1620 4546 πάροδον,
1678 4476 1775 4529 καὶ

1883 4476 2188 4538 silentium,
2222 4474 2754 4558 fervorisquietem,
2793 4474 3026 4544 pudoris
3064 4475 3459 4539 velamentum,

184 4564 419 4628 σκότους
453 4563 829 4635 ὑποχώρησιν,
875 4562 973 4617 καὶ
1017 4563 1202 4617 πόνων
1248 4565 1459 4629 ἄνεσιν,
1508 4567 1604 4618 καὶ
1638 4566 1774 4635 βομ-

182 4657 404 4728 ϐήσεως
433 4657 652 4727 ἀσήμου
683 4656 864 4726 σιγὴν,
897 4657 994 4710 καὶ
1038 4656 1355 4727 βράσματος
1384 4658 1645 4729 ἠρεμίαν,
1683 4659 1777 4712 καὶ

180 4744 451 4817 αἰσχύνης
506 4747 900 4817 συγκάλυμμα,
936 4746 1032 4800 καὶ
1078 4747 1271 4801 παθῶν
1315 4749 1633 4819 ἀποφυγὴν,
1680 4752 1777 4804 καὶ

184 4837 465 4908 ἁμαρτίας
492 4837 825 4909 ἀφανισμὸν,
854 4839 952 4894 καὶ
979 4838 1222 4905 πάντων,
1242 4839 1330 4893 ἵνα
1358 4840 1593 4893 συνελὼν
1611 4841 1773 4908 εἴπω,

181 4928 299 4981 τῶν
328 4926 519 4981 κακῶν
557 4930 927 5000 περιγραφήνο
973 4929 1121 5001 άπερ
1170 4929 1236 4984 δι’
1283 4931 1533 4985 ἑκουσίου
1560 4931 1769 5004 νεκρὼ-

187 5034 331 5080 σεως
370 5018 421 5071 οἰ
466 5019 614 5087 ἆγιοι
659 5018 1114 5091 κατορθώσαντες
1161 5022 1350 5086 ξένους
1404 5023 1631 5087 ἑαυτοὺς
1674 5024 1770 5077 τοῦ

186 5110 307 5181 βίου
341 5109 437 5161 καὶ
466 5110 885 5181 παρεπιδήμους
920 5112 1294 5185 παρέστησαν.
1326 5115 1534 5186 Κόσμῳ
1559 5133 1617 5169 τε
1662 5116 1770 5188 γὰρ

183 5200 285 5256 καὶ
312 5200 527 5271 σώματι
578 5201 676 5257 καὶ
707 5205 831 5267 ταῖς
878 5202 939 5268 ἐξ
971 5204 1155 5259 αὐτῶν
1200 5207 1609 5261 ἃπαναστάσεσι
1643 5224 1770 5277 γεν-

182 5292 357 5353 ναίως
391 5291 711 5361 μαχόμενοι,
744 5293 839 5345 καὶ
866 5293 966 5365 τὴν
1012 5293 1071 5359 ἐξ
1113 5295 1320 5365 ἀμφοῖν
1357 5297 1502 5351 κατά
1532 5297 1632 5369 τὴν
1659 5299 1770 5351 τῶν

183 5380 501 5451 αἰσθήσεων
532 5382 668 5451 πρὸς
695 5382 764 5436 τὰ
812 5383 1053 5453 αἰσθητά
1101 5386 1427 5458 συμπλοκὴν
1461 5403 1771 5459 παραγενο-

188 5475 364 5545 μένην
418 5473 637 5545 ἀπάτην
703 5476 1128 5541 ἀποπνίξαντες,
1198 5477 1500 5533 ἀδούλωτον
1559 5481 1773 5544 ἑαυτοῖς

185 5567 465 5637 ἐφύλαξαν
509 5568 609 5637 τῆς
639 5568 818 5641 ψυχῆς
846 5571 907 5624 τὸ
954 5570 1191 5641 ἀξίωμαο
1244 5571 1391 5641 μάλα
1428 5589 1491 5641 γε
1523 5573 1769 5640 εἰκότως,

186 5661 416 5733 ἓννομον
437 5658 722 5731 κρίναντες
752 5659 893 5718 εἶναι
919 5664 1014 5717 καὶ
1041 5664 1249 5721 δίκαιον
1278 5664 1338 5721 τὸ
1355 5661 1518 5738 ἦττον
1540 5666 1771 5736 ἄγεσθαι

263 5817 283 5860 ί
321 5818 486 5879 Joan.
518 5835 593 5888 vi,
625 5819 715 5875 32.

1874 4567 2196 4636 passionum
2222 4565 2406 4635 fugam
2435 4604 2450 4629 ,
2478 4565 2691 4634 peccati
2742 4564 3130 4632 abolitionem,
3185 4567 3458 4630 omnium,

1876 4669 1936 4713 ut
1980 4673 2096 4712 uno
2131 4657 2302 4712 verbo
2351 4657 2846 4726 comprehendam,
2900 4658 3174 4711 malorum
3221 4659 3459 4713 circum-

1871 4748 2228 4817 scriptionem
2258 4756 2315 4801 et
2343 4747 2871 4801 exterminationem
2903 4764 3063 4817 :quaa
3096 4747 3324 4817 quidem
3360 4764 3459 4815 per

1871 4838 2247 4892 voluntariam
2310 4836 2801 4891 mortificationem
2872 4838 3053 4890 sancti
3120 4838 3459 4906 impetrave-

1876 4942 2029 4995 runt,
2086 4946 2259 5001 seque
2293 4932 2425 4986 vitae
2459 4931 2712 5000 hospites
2757 4940 2926 5000 atque
2982 4930 3311 5001 peregrinos
3359 4946 3458 4985 ex-

1875 5023 2200 5077 hibuerunt.
2231 5021 2370 5076 Cum
2407 5019 2614 5074 mundo
2661 5020 2811 5074 enim
2851 5031 2909 5074 et
2939 5035 3173 5088 corpore
3222 5030 3280 5073 et
3314 5020 3459 5074 sedi-

1874 5116 2124 5170 tionibus
2175 5115 2305 5169 inde
2356 5114 2502 5168 natis
2546 5113 2803 5183 gnaviter
2854 5109 3165 5174 colluctati,
3206 5110 3457 5164 fraudem

1873 5210 2023 5263 illam
2056 5224 2124 5263 ex
2168 5206 2445 5261 ambobus
2489 5203 2798 5258 secundum
2836 5217 3100 5256 sensuum
3150 5216 3277 5255 cum
3327 5217 3458 5256 sen-

1873 5299 2125 5355 sualibus
2153 5298 2505 5365 complexum
2531 5294 2789 5348 obortam
2816 5294 3190 5359 suffocarunt,
3223 5294 3457 5347 animae-

1869 5406 1977 5461 que
2012 5390 2118 5444 sibi
2145 5391 2380 5443 liberam
2417 5396 2716 5442 servarunt
2747 5385 3139 5440 auctoritatem
3178 5400 3244 5441 ac
3274 5385 3459 5455 digni-

1871 5496 2065 5550 tatem,
2099 5497 2157 5539 ut
2195 5500 2293 5554 par
2341 5490 2463 5537 erat
2513 5484 2774 5547 omnino;
2826 5482 3280 5552 quandoquidem
3316 5497 3455 5536 con-

1872 5586 2199 5636 sentaneum
2230 5589 2355 5628 esse
2377 5582 2434 5627 ct
2457 5571 2889 5642 justum,potius
2910 5580 2970 5624 ut
2992 5572 3153 5641 pejus
3175 5590 3205 5624 a
3232 5571 3454 5628 meliori

1871 5670 2261 5741 proﬂigarctur
2290 5665 2594 5721 censebant
2635 5679 2802 5734 quam
2860 5672 2921 5719 ut
2966 5662 3167 5718 melius
3208 5677 3238 5718 a
3273 5662 3450 5737 pejori
