4200 6440
772 394 909 462 115.9
1935 390 1997 448 S.
2037 388 2325 455 MAXIMI
2368 386 2508 445 CON
2518 387 2795 446 FESSOR
2809 390 2874 445 lS
3908 388 4042 451 1160

769 514 823 565 in
849 508 1071 563 vincula
1104 506 1503 576 conjiceretur.
1545 500 1677 566 Qua:
1713 500 1902 569 utique
1924 502 2012 553 lex
2040 508 2125 553 est
2158 498 2344 551 divina

2458 498 2655 565 μᾶλλον
2698 498 2777 567 τῷ
2830 498 3131 567 κρείττονι,
3179 498 3212 567 ἢ
3268 499 3331 552 τὸ
3382 502 3629 571 κρεῖττον
3683 500 3765 570 τῷ
3838 500 4043 569 χείρονι

768 609 937 668 atque
969 599 1053 652 eis
1085 596 1247 650 insita
1280 592 1375 662 qui
1406 594 1536 649 vita:
1586 606 1760 661 genus
1796 593 2093 659 elegerunt
2134 590 2205 644 ab
2256 605 2345 643 ra-

2458 588 2903 656 συμποδίζεσθαι.
2961 590 3175 661 Ὃσπερ
3222 590 3287 661 δὴ
3352 591 3517 661 νόμος
3575 590 3720 653 θεῖος
3780 591 3882 642 καὶ
3936 592 4043 649 τοίς

772 683 1075 744 tionalibus
1104 684 1483 756 principaliter
1518 682 1788 744 adamari,
1819 680 1969 751 quod
2001 681 2129 736 vitae
2169 696 2345 749 genus

2458 680 2911 749 προαιρουμένοις
2957 680 3059 749 τὴν
3115 681 3353 748 λογικοῖς
3406 682 3847 751 προηγουμένως
3912 682 4045 747 πρέ-

772 798 872 854 per
906 780 1277 848 frugalitatem
1313 792 1469 829 suam
1492 775 1816 844 angelorum
1833 773 2167 829 annulantur
2190 772 2343 826 sulli—

2458 786 2658 823 πουσαν
2720 772 2909 847 (160
2951 772 3009 843 a)
3064 771 3411 835 ἀσπάζεσθαι
3446 772 3607 853 ςζωην
3673 772 4044 843 ἐμπεφυκὼς.

774 848 1033 928 cientiam
1071 880 1235 939 atque
1266 869 1467 922 otium.

2458 862 2545 935 τὴν
2602 864 2858 933 ἐμφερῶς
2920 865 2989 916 δι’
3041 864 3393 933 όλιγαρκείας
3448 865 3511 917 τὸ
3560 848 3869 937 ἀπροσδεὲς
3940 864 4045 923 τῶν

2448 954 2701 1022 ἀγγέλων
2730 956 3079 1026 μιμουμένην
3100 956 3199 1009 καί
3216 958 3426 1011 ἄνετον.

773 1142 925 1208 Quod
976 1141 1148 1192 sancti
1205 1154 1308 1191 non
1339 1144 1396 1189 ut
1449 1152 1564 1199 nos,
1615 1150 1781 1206 neque
1834 1134 2072 1187 naturali
2118 1142 2349 1185 contem-

844 1233 1080 1302 platione
1119 1244 1283 1297 neque
1316 1245 1409 1297 per
1447 1244 1629 1282 sacras
1659 1226 1885 1278 Litteras
1909 1225 2209 1277 initiatione
2237 1234 2350 1276 ute—

843 1327 1058 1378 bantur.

844 1437 949 1491 Sed
979 1433 1189 1488 reversi
1213 1432 1410 1487 ordine
1460 1430 1528 1483 ad
1569 1444 1634 1483 ea
1664 1443 1787 1497 quae
1822 1436 1983 1484 antea
2008 1423 2353 1479 examinavi-

773 1546 898 1583 mus
922 1529 1133 1595 reliqua
1171 1522 1689 1579 transformationis
1721 1536 1822 1589 pro
1856 1518 2005 1572 virili
2052 1524 2207 1587 parte
2255 1514 2357 1570 de-

2458 1134 2588 1187 Ὀτι
2635 1133 2722 1201 μὴ
2796 1133 2927 1187 καθ’
2964 1133 3125 1203 ἡμᾶς
3168 1137 3207 1205 ἢ
3254 1137 3370 1205 τὴν
3431 1138 3708 1207 φυσικὴν
3766 1141 4040 1205 θεωρίαν,

2527 1227 2566 1292 ἣ
2638 1228 2754 1293 τὴν
2822 1228 3125 1297 γραφικὴν
3183 1231 3615 1299 μυσταγωγίαν
3671 1232 3935 1284 ἐποίουν
3991 1236 4045 1285 ct

2526 1335 2562 1372 α
2574 1336 2677 1385 γιοι
2688 1357 2702 1371 .

2537 1433 2677 1486 Ἀλλ’
2706 1433 3096 1498 ἐπανελθόντες
3128 1436 3251 1487 καθ’
3282 1436 3475 1505 εἱρμὸν
3509 1436 3579 1488 τὰ
3632 1435 3898 1490 λείποντα
3948 1438 4041 1507 τῆς

2457 1522 2940 1593 μεταμορφώσεως
2988 1527 3103 1585 τοῖς
3144 1523 3579 1595 προθεωρηθεῖσι
3621 1525 3769 1577 κατά
3812 1526 4040 1594 δύναμιν

776 1622 1011 1674 liberata
1064 1618 1396 1688 adjiciamus
1428 1656 1441 1678 ,
1498 1623 1558 1667 ut
1614 1622 1931 1667 sanctorum
1978 1611 2034 1663 in
2081 1608 2354 1661 universis

2458 1616 2924 1685 διασκοπήσαντες
2978 1616 3478 1689 προσαρμόσωμεν,
3509 1615 3594 1671 ἴνα
3628 1615 3887 1686 θεωρηθῇ
3937 1616 4040 1677 τῶν

773 1712 1042 1781 perfectio
1074 1720 1129 1763 et
1156 1710 1369 1763 sincera
1388 1707 1620 1760 allectus
1652 1704 1706 1757 in
1732 1718 1955 1757 carnem
1984 1708 2040 1753 et
2065 1698 2353 1759 materiam

2458 1707 2626 1773 ἁγίων
2659 1710 2691 1778 ἡ
2741 1710 2801 1760 ἐν
2842 1710 3009 1760 πᾶσιν
3050 1708 3294 1777 ἀκρότης
3343 1710 3441 1761 καὶ
3469 1709 3504 1777 ἡ
3535 1709 3737 1783 γνησία
3782 1711 3924 1779 πρὸς
3950 1711 4039 1777 τὴν

771 1803 1039 1873 proclivis
1084 1803 1313 1856 libertas
1353 1806 1660 1868 spectetur,
1717 1802 1773 1848 et
1802 1792 1949 1863 quod
1984 1808 2093 1845 non
2141 1792 2197 1845 in
2252 1805 2354 1842 no-

2458 1799 2635 1868 σάρκα
2669 1799 2764 1851 καὶ
2799 1799 2899 1869 τὴν
2932 1800 3064 1869 ὓλην
3108 1799 3481 1864 ἀποδιάθεσις,
3536 1801 3634 1853 καὶ
3669 1801 3754 1854 ὅτι
3799 1802 3877 1870 μὴ
3927 1801 4038 1854 καθ’

774 1854 1031 1873 ττ---ρη
1086 1854 1183 1856 ηπ
1385 1854 1396 1868 .
1650 1854 1658 1859 .
1821 1854 1836 1863 .

772 1907 949 1951 strum
998 1910 1207 1948 morem
1237 1893 1363 1960 'ipsi
1406 1903 1628 1959 quoque
1677 1887 1763 1941 vel
1816 1886 2215 1945 conditionem,
2260 1883 2347 1941 vel

2458 1854 2599 1961 ἡμας
2650 1893 2743 1947 καὶ
2787 1854 2945 1945 αὐτοὶ
2987 1854 3030 1962 ἦ.
3059 1892 3159 1963 τὴν
3209 1892 3390 1945 κτίσιν
3420 1854 3588 1964 ’τὴν
3619 1854 4038 1965 ἁγίαν-Γραφὴν

770 2004 987 2043 sacram
1025 1987 1371 2054 Scripturam
1444 1980 1809 2035 materialiter
1851 1987 2016 2046 atque
2058 1975 2349 2030 humiliter

2458 1982 2655 2045 ὑλικῶς
2686 2000 2746 2035 τε
2799 1985 2891 2037 καὶ
2923 1983 3232 2055 χαμερπῶς
3257 1984 3548 2054 ἐθεώρουν,
3581 1987 3842 2055 αἰσθήσει
3890 1988 4039 2056 μόνον

769 2076 1311 2145 contemplabautur,
1355 2073 1519 2125 modo
1560 2086 1727 2127 sensu
1774 2077 1830 2121 et
1859 2066 2156 2137 speciebus
2185 2075 2243 2119 et
2286 2064 2349 2117 li—

2458 2076 2547 2128 καὶ
2606 2076 2952 2141 ἐπιφανείαις
3002 2078 3098 2131 καὶ
3156 2078 3402 2145 σχήμασι
3448 2079 3586 2148 πρὸς
3634 2080 3915 2151 ἀνάληψιν
3950 2081 4040 2148 τῆς

771 2168 926 2237 guris
968 2167 1035 2220 ad
1086 2162 1485 2233 acquirendam
1537 2159 1754 2213 beatam
1800 2156 1896 2210 Dci
1952 2154 2349 2224 cognitionem.

2460 2167 2738 2236 μακαρίας
2762 2168 3018 2236 γνώσεως
3054 2167 3151 2220 τοῦ
3186 2168 3345 2233 Θεοῦ,
3380 2171 3675 2239 γράμμασί
3703 2188 3763 2233 τε
3801 2174 3898 2225 καὶ
3931 2173 4043 2227 σκέλη

770 2268 829 2314 et
849 2257 1051 2312 litteris
1086 2254 1425 2325 syllabisque
1456 2249 1698 2313 utendo,
1738 2247 1882 2302 unde
1916 2247 2159 2307 titubare
2201 2245 2351 2297 circa

2458 2257 2651 2323 λαϐαῖς
2696 2260 2993 2331 χρώμενοι,
3033 2260 3094 2324 ἐξ
3132 2254 3208 2314 ὧν
3249 2263 3313 2315 τὸ
3356 2263 3578 2323 πταίειν
3624 2262 3744 2316 ἐστι
3791 2266 3928 2335 περὶ
3955 2266 4045 2335 τὴν

774 2351 1029 2405 veritatis
1076 2347 1343 2419 judicium
1400 2358 1465 2400 ac
1513 2342 1626 2403 falli
1674 2338 1982 2407 contingit,
2026 2336 2125 2390 sed
2166 2345 2352 2391 mente

2458 2351 2639 2417 κρίσιν
2665 2353 2761 2420 τῆς
2787 2353 3046 2423 ἀληθείας
3080 2355 3177 2409 καὶ
3221 2354 3574 2425 σφάλλεσθαι,
3605 2356 3746 2409 ἀλλά
3769 2356 3851 2426 νῷ
3904 2358 4046 2427 μόνῳ

774 2443 889 2497 sola
922 2440 1217 2509 purissima
1242 2435 1504 2503 omnique
1531 2431 1801 2485 materiali
1828 2430 2066 2499 caligine
2089 2428 2344 2481 liberata.

2458 2442 2833 2514 καθαρωτάτῳ
2908 2447 3006 2498 καὶ
3092 2446 3277 2515 πάσης
3357 2446 3551 2516 ὑλικῆς
3636 2448 4049 2519 ἀπηλλαγμένῳ

770 2534 927 2600 Quod
964 2533 1010 2587 si
1056 2530 1313 2599 religioso
1354 2527 1431 2580 uti
1476 2524 1688 2596 judicio
1732 2523 1985 2579 volemus
2026 2520 2084 2573 in
2114 2533 2349 2574 sensua-

2458 2530 2675 2600 ἀχλύος.
2718 2532 2891 2603 Εῐπερ
2921 2529 3015 2587 οὖν
3038 2534 3281 2598 εὐσεϐῶς
3315 2536 3527 2607 κρίνειν
3558 2536 3873 2608 βουλόμεθα
3928 2540 4050 2606 τοὺς

772 2632 909 2686 lium
966 2624 1422 2682 intellectualiter
1468 2617 1852 2682 examinandis
1896 2613 2242 2678 rationibus,
2292 2610 2348 2671 in

2458 2623 2567 2695 τῶν
2651 2625 2931 2695 αἰσθητῶν
3013 2627 3224 2696 νοητῶς
3309 2628 3737 2693 διασκοποῦντες
3815 2630 4049 2697 λόγους,

773 2722 987 2774 lituram
1026 2716 1120 2770 Dei
1164 2730 1227 2768 ac
1272 2713 1591 2767 divinorum
1634 2725 1733 2766 eos
1772 2708 2152 2778 cognitionem
2195 2711 2349 2761 recta

2458 2719 2538 2781 είς
2592 2718 2693 2788 τὴν
2743 2720 2877 2790 περὶ
2937 2719 3063 2773 θεοῦ
3136 2722 3237 2780 καὶ
3305 2720 3419 2782 τῶν
3487 2722 3649 2775 θείων
3719 2724 3932 2786 αὐτοὺς
3990 2722 4050 2778 ἀ-

772 2812 861 2864 via
899 2808 1264 2879 procedentes
1293 2805 1398 2859 rite
1425 2802 1885 2873 spectaverimus.

2459 2826 2723 2863 πταιστον
2757 2812 2960 2878 γνῶσιν
2991 2810 3168 2883 ὀρθῶς
3201 2812 3270 2866 δι’
3300 2811 3520 2877 εὐθείας
3540 2812 3737 2884 τρίϐου
3763 2814 4051 2885 βαίνοντας

2457 2900 2793 2972 κατίδοιμεν.

898 3080 1285 3150 Contemplatio
1316 3080 1369 3132 in
1412 3076 1937 3146 tramformtionem
1965 3076 2216 3146 amplior.

846 3198 1060 3252 Dictum
1089 3202 1212 3249 erat
1244 3192 1415 3263 igitur
1457 3207 1648 3260 supra,
1689 3205 1789 3259 per
1817 3190 2037 3243 Domini
2074 3190 2129 3243 in
2163 3199 2353 3245 monte

2458 3082 2680 3148 Θεωρία
2701 3083 2790 3141 εὶς
2813 3080 2931 3147 τὴν
2954 3082 3421 3150 μεταμόρςρωσιν
3450 3084 3820 3149 πλατυτέρα.

2528 3193 2763 3263 Εἴρηται
2791 3194 2972 3255 τοίνυν
3000 3193 3260 3264 ἀνωτέρω
3281 3193 3365 3246 ὅτι
3384 3193 3473 3247 διὰ
3500 3195 3601 3263 μὲν
3614 3196 3716 3265 τῆς
3746 3197 4053 3267 γενομένης

772 3288 938 3345 faciei
963 3286 1314 3357 splendorem
1345 3294 1402 3339 et
1428 3282 1821 3345 claritudinem
1849 3292 1873 3328 κ
1907 3291 1990 3335 ter
2030 3281 2179 3335 beati
2222 3298 2353 3351 apo-

2462 3284 2556 3335 ἑπὶ
2580 3283 2675 3336 τοῦ
2703 3284 2865 3354 ὅρους
2894 3284 2989 3336 τοῦ
3021 3283 3319 3355 προσώπου
3347 3285 3443 3338 τοῦ
3486 3286 3695 3356 Κυρίου
3721 3289 4052 3355 φωτοειδοῦς

772 3384 903 3437 stoli
948 3378 1218 3435 ineffabili
1265 3387 1324 3432 et
1382 3377 1665 3442 incognito
1716 3374 1882 3427 modo
1927 3373 1995 3426 ad
2033 3374 2130 3427 Dei
2186 3389 2350 3443 quam

773 3474 959 3529 omnia
981 3471 1209 3525 omnino
1238 3483 1587 3540 quaecunque
1620 3467 1898 3531 exsistunt
1921 3464 2211 3534 percipere
2257 3480 2355 3518 ne-

773 3573 987 3636 queunt
1022 3571 1351 3633 potestatem
1384 3570 1551 3629 atque
1592 3560 1822 3629 gloriam
1864 3558 2091 3628 mystice
2122 3556 2350 3617 deducti

774 3664 927 3717 sunt,
959 3655 1090 3707 dum
1129 3654 1310 3705 lucem
1358 3650 1506 3719 quod
1561 3647 1819 3701 sensibus
1856 3662 2049 3699 eorum
2098 3647 2355 3715 apparuit

774 3747 1022 3817 mysterii
1054 3744 1400 3804 obscuritate
1428 3741 1557 3795 tecti
1582 3740 1889 3810 symbolum
1914 3755 2035 3793 esse
2058 3740 2349 3793 docentur.

775 3840 909 3892 Nam
953 3835 1423 3905 quemadmodum
1454 3833 1546 3886 hic
1580 3833 1719 3886 lucis
1747 3847 1869 3900 quze
1914 3831 2126 3894 effulsit
2165 3832 2354 3886 radius

773 3931 1062 3989 oculorum
1094 3930 1268 3982 aciem
1297 3934 1522 3995 superat
1544 3932 1601 3977 ct
1632 3922 2093 3992 impcrceptibilis
2117 3923 2201 3976 eis
2224 3938 2352 3992 per-

776 4032 982 4087 manet,
1008 4026 1083 4077 ita
1107 4022 1277 4075 etiam
1317 4019 1430 4073 illic
1466 4018 1611 4071 Deus
1632 4032 1852 4069 onmem
1886 4017 2090 4070 mentis
2120 4026 2353 4085 superat

775 4117 885 4171 vim
930 4124 987 4168 ct
1021 4115 1223 4174 aciem.
1285 4126 1469 4179 neque
1512 4111 1680 4163 ullam
1715 4108 1846 4163 dum
1893 4109 2119 4163 videtur
2165 4110 2216 4162 ei
2255 4109 2351 4177 qui

779 4208 1087 4279 periculum
1120 4204 1345 4259 videndi
1387 4203 1520 4256 facit
1567 4203 2011 4272 qualemcunque
2051 4202 2351 4271 imaginem

773 4298 1050 4353 concedit.
1079 4299 1184 4351 Per
1209 4294 1475 4350 candidas
1509 4310 1643 4348 vero
1672 4302 1855 4353 vestes
1881 4294 2353 4363 magnificentiam

775 4400 1155 4447 creaturarum
1177 4428 1191 4452 ,
1217 4383 1527 4439 rationibus
1546 4383 1851 4438 secundum
1882 4400 2019 4452 quas
2046 4384 2203 4437 facta;
2224 4392 2355 4438 sunt

774 4480 1065 4550 aequalem,
1097 4487 1265 4545 atque
1296 4474 1665 4545 significatum
1694 4474 1750 4528 in
1778 4474 1967 4529 verbis
2000 4490 2173 4537 sacra:
2204 4475 2356 4537 Scri-

776 4579 957 4643 ptura:
983 4566 1310 4643 mysterium
1336 4564 1529 4617 eadem
1556 4572 1613 4617 et
1654 4578 1762 4616 una
1807 4563 1920 4617 Deo
1952 4564 2356 4618 convenienter

776 4663 1044 4726 didicere,
1085 4659 1291 4728 quippe
1321 4657 1451 4726 quia
1499 4657 1593 4710 Dei
1639 4657 1920 4725 agnitione
1964 4667 2074 4711 tam
2119 4657 2358 4712 Littera-

776 4769 898 4806 rum
917 4750 1081 4806 simul
1114 4750 1393 4803 revelatur
1422 4750 1727 4804 secundum
1762 4749 2031 4818 Spiritum
2053 4750 2159 4815 vis,
2187 4766 2353 4819 quam

778 4859 963 4898 rerum
995 4841 1349 4897 conditarum
1385 4841 1691 4895 secundum
1714 4857 1841 4895 eum
1873 4843 2147 4911 sapientia
2176 4852 2231 4896 et
2256 4858 2355 4898 co-

776 4935 975 5004 gnitio,
1014 4934 1222 5003 quibus
1280 4948 1479 4986 rursus
1539 4933 1656 5002 ipse
1698 4947 2070 5003 congruenter
2122 4935 2357 4989 manife-

776 5036 977 5082 statur.
1015 5026 1123 5079 Per
1148 5025 1369 5095 Moysen
1403 5040 1535 5078 vero
1560 5033 1616 5077 et
1644 5025 1819 5078 Eliam
1848 5026 1943 5095 qui
1970 5026 2229 5095 utrinque
2264 5025 2359 5087 ad-

774 5122 939 5171 erant
974 5115 1026 5168 ei
1054 5141 1124 5154 -—
1151 5130 1275 5167 nam
1345 5114 1453 5167 hoc
1502 5117 1989 5184 contemplationis
2029 5117 2097 5169 ad
2146 5117 2358 5186 disqui-

778 5204 1017 5259 rendum
1057 5210 1345 5270 superest,
1373 5233 1443 5242 —
1473 5205 1679 5257 multos
1706 5207 1860 5273 juxta
1898 5207 2069 5260 multa
2116 5207 2353 5277 cogitata

777 5294 848 5347 de
878 5293 962 5347 eis
993 5307 1232 5361 quorum
1268 5291 1534 5359 imagines
1561 5296 1859 5362 proposita:
1886 5305 2048 5350 erant
2079 5297 2355 5367 mysteriis

779 5400 880 5453 per
900 5398 1092 5438 veram
1118 5383 1648 5451 contemplationem
1699 5387 1979 5455 gnosticos
2021 5398 2356 5457 receperunt

783 5477 998 5529 modos.

852 5614 879 5655 ε
911 5607 1099 5661 Μειιιὶι.
1134 5623 1264 5672 xm,
1293 5607 1347 5660 2.

2456 3376 2844 3446 λαμπρότητος
2894 3376 3033 3446 πρὸς
3093 3377 3195 3445 τὴν
3248 3378 3387 3430 πᾶσι
3443 3377 3677 3431 καθόλου
3726 3382 3843 3444 τοίς
3906 3377 4054 3435 οὖσιν

2455 3467 2697 3535 ἄληπτον
2731 3465 2829 3518 τοῦ
2854 3464 2992 3518 Θεοῦ
3037 3465 3319 3535 μυστικῶς
3359 3467 3409 3519 οί
3452 3469 3857 3541 τ’ρισμακάριοι
3922 3473 4053 3534 ἀπόο

2457 3555 2636 3615 στολοι
2688 3557 2833 3609 κατά
2860 3557 2923 3607 τὸ
2970 3556 3214 3627 ἀρῤητόν
3267 3574 3328 3609 τε
3380 3557 3477 3610 καὶ
3534 3560 3817 3626 ἄγνωστον
3872 3562 4053 3632 ἐχειρο

2455 3649 2771 3717 αγωγοῦντο
2817 3649 3050 3718 δύναμιν
3078 3665 3139 3703 τε
3184 3649 3279 3701 καὶ
3302 3650 3479 3715 δόξαν,
3511 3650 3611 3719 τῆς
3639 3652 3889 3720 dorum};
3921 3672 4052 3723 κρυ-

2456 3738 2713 3808 φιότητος
2755 3739 2817 3791 τὸ
2842 3738 3013 3807 φανὲν
3062 3739 3249 3800 αὐτοῖς
3304 3740 3442 3809 πρὸς
3490 3741 3590 3809 τὴν
3651 3741 3913 3811 αἴσθησιν
3942 3744 4050 3811 φῶς

2458 3830 2725 3900 σύμϐολον
2752 3826 2892 3883 εἷναι
2939 3830 3328 3900 μανθάνοντες.
3374 3830 3463 3893 Ὠς
3521 3832 3631 3901 γὰρ
3666 3834 3911 3896 ἐνταῦθα
3961 3836 4051 3888 τοῦ

2455 3924 2747 3993 γενομένου
2777 3923 2954 3992 φωτὸς
2995 3922 3097 4001 τὴν
3122 3924 3232 3977 τῶν
3275 3922 3576 3994 ὀφθαλμῶν
3603 3928 3728 3995 νικᾷ
3762 3928 4050 3998 ἐνέργειαν

2456 4016 2489 4083 ἡ
2514 4016 2691 4079 ἀκτὶς,
2727 4014 3013 4085 ἀχώρητος
3062 4016 3249 4078 αὐτοῖς
3295 4017 3652 4085 διαμένουσα.
3703 4018 3851 4079 οὕτω
3893 4020 4053 4084 κάκεῖ

2455 4107 2587 4170 Θεὸς
2619 4110 2803 4162 πᾶσαν
2843 4115 2961 4171 νοὸς
2992 4107 3226 4177 δύναμιν
3258 4108 3580 4178 ὑπερϐαίνει
3611 4112 3705 4163 καὶ
3738 4113 4047 4183 ἐνέργειαν.

2456 4199 2642 4269 (160
2698 4201 2750 4267 ὁ)
2796 4200 2905 4251 οὐδ’
2966 4200 3106 4263 ὅλως
3144 4201 3191 4232 ⁸⁸
3232 4203 3290 4253 ἐν
3350 4203 3427 4270 τῷ
3474 4203 3712 4256 νοεῖσθαι
3773 4188 3855 4273 τῷ
3913 4209 4049 4258 νοεῖν

2454 4291 2784 4363 πειρωμένῳ
2832 4291 2923 4343 τὸν
2977 4291 3185 4345 οίονοῦν
3240 4293 3410 4355 τύπον
3461 4294 3643 4363 ἀφείς.
3691 4296 3795 4348 Διὰ
3833 4296 3899 4350 δὲ
3943 4297 4047 4349 τῶν

2454 4382 2666 4447 λευκῶν
2713 4382 2946 4453 ἱματίων
2977 4384 3081 4453 τήν
3119 4400 3179 4435 τε
3209 4384 3270 4435 ἐν
3306 4385 3417 4445 τοῖς
3444 4384 3739 4454 κτίσμασιν
3762 4388 4047 4455 ἀναλόγως

2454 4474 2569 4534 τοῖς
2614 4472 2736 4524 καθ’
2793 4471 2885 4535 οὓς
2913 4472 3238 4541 γεγένηνται
3284 4471 3465 4538 λόγοις
3492 4474 3909 4545 μεγαλουργίαν
3957 4480 4045 4531 καὶ

2455 4561 2555 4633 τὴν
2610 4564 2669 4615 ἐν
2723 4564 2837 4625 τοῖς
2884 4564 3097 4633 ῥήμασι
3155 4562 3256 4632 τῆς
3304 4563 3464 4630 (hia;
3525 4563 3750 4635 Fpacpﬁ;
3797 4570 3951 4621 κατά
3991 4572 4046 4622 τὸ

2461 4653 2750 4724 νοούμενον
2801 4654 3196 4722 μυσταγωγίαν
3267 4656 3328 4711 ἐν
3394 4654 3577 4733 ταύτῷ
3612 4657 3709 4710 καὶ
3755 4658 3881 4735 ἅμα
3936 4661 4047 4713 θεο-

2462 4744 2692 4817 πρεπῶς
2741 4745 3103 4807 ἐδιδάσκοντο,
3147 4739 3237 4797 οἷα
3287 4748 3355 4815 τῇ
3412 4747 3701 4814 ἐπιγνώσει
3754 4750 3855 4804 τοῦ
3914 4753 4045 4807 Θεοῦ

2465 4836 2999 4906 συναναφαινομένης
3027 4836 3125 4906 τῆς
3148 4852 3207 4887 τε
3236 4836 3512 4911 γραφικῆς
3545 4841 3692 4893 κατά
3720 4840 3785 4893 τὸ
3824 4844 4043 4913 πνεῦμα

2464 4929 2747 4997 δυνάμεως
2778 4930 2873 4979 καὶ
2895 4928 2997 4994 τῆς
3015 4927 3073 4989 ἐν
3100 4929 3215 4988 τοῖς
3237 4928 3499 4996 κτίσμασι
3528 4931 3654 4983 κατ’
3682 4932 3820 4987 αὐτὸ
3854 4936 4047 5003 σοφίας

2466 5020 2559 5071 καὶ¹
2584 5018 2861 5088 γνώσεως,
2898 5019 2966 5071 δι’
3006 5012 3082 5072 ὧν
3119 5018 3286 5077 ¹πάλιν
3326 5020 3489 5084 αὐτὸς
3533 5022 3817 5090 ἀναλόγως
3846 5027 4043 5095 humi-

2462 5129 2635 5175 νεται.
2667 5114 2765 5165 Διὰ
2803 5113 2861 5165 δέ
2904 5113 3166 5176 Μωῦσέος
3207 5114 3302 5167 καὶ⁵
3335 5114 3515 5167 Ἠλίου
3559 5115 3669 5168 τῶν
3698 5117 4043 5189 ἑκατέρωθεν

2462 5204 2613 5275 αὐτῷ
2666 5206 2933 5258 συνόντων
2998 5204 3178 5274 (τοῦτο
3227 5205 3337 5277 γὰρ
3397 5209 3478 5269 είς
3518 5206 3619 5279 τὴν
3657 5208 3916 5275 ἐξέτασιν
3954 5215 4043 5282 τῆς

2464 5296 2698 5367 θεωρίας
2737 5296 3026 5366 λείπεται),
3080 5297 3311 5362 πολλοὺς
3338 5300 3479 5355 κατὰ
3517 5284 3722 5365 πολλὰς
3777 5307 4037 5369 ἐπινοξας,

2462 5382 2538 5443 ῶν
2601 5391 2765 5442 τύποι
2833 5390 3239 5461 προεϐέϐληντο
3284 5393 3599 5463 μυστηρίων
3671 5396 3743 5449 δι’
3810 5398 4037 5470 ἀληθοῇ

2464 5480 2697 5553 θεωρίας
2735 5486 3068 5551 γνωστικοὺς
3097 5485 3417 5555 ὑπεδέχοντο
3440 5486 3695 5557 τρόπους.

2073 5707 2305 5763 ΥΑΙίΙᾹΞ
2350 5707 2752 5765 LECTIONES.

855 5791 904 5823 "‘
932 5791 1161 5856 οὐδὸλως
1202 5792 1323 5847 cod.
1357 5792 1498 5847 Gud.
1539 5792 1764 5863 ubique.
