4200 6440
187 371 309 435 1161

280 479 499 549 Θεωρία
543 483 628 546 είς
663 481 770 534 τὸν
805 476 1074 546 Μωῦσῆν
1108 478 1210 532 καί
1251 477 1358 532 τὸν
1409 479 1630 537 Ἠλίαν.

241 593 321 648 Δ’.
371 595 480 647 Καὶ
509 594 725 663 πρῶτον
780 590 882 661 μὲν
924 591 1024 661 τὴν
1067 590 1196 660 περὶ
1233 589 1326 644 τοῦ
1373 591 1482 643 δεῖν
1517 593 1732 651 πάντως

178 686 408 737 συνεῖναι
436 682 513 751 τῷ
542 682 700 750 Λόγῳ
728 683 819 734 καὶ
849 680 969 750 Θεῷ
990 683 1082 733 τόν
1107 698 1167 733 τε
1195 681 1242 712 ⁸⁸
1269 683 1490 748 νομικὸν
1523 682 1616 733 καὶ
1645 684 1736 734 τὸν

175 773 510 844 προφητικὸν
544 773 700 837 λόγον
743 773 828 826 διὰ
858 773 1139 834 Μωῦσέως
1162 773 1258 826 καὶ
1304 771 1485 824 Ἠλίου
1518 772 1736 824 εὐσεϐε-

176 866 373 932 στάτην
403 862 708 930 ἐλάμϐανον
738 863 967 926 ἔννοιαν,
1019 861 1096 924 ὡς
1147 859 1206 926 ἐξ
1257 861 1418 916 αὑτοῦ
1469 861 1564 913 καὶ
1607 862 1736 930 περὶ

173 953 336 1008 αὑτοῦ
362 954 456 1008 καὶ
475 954 636 1017 ὂντας
665 954 760 1007 καὶ
799 953 1266 1028 ἀπαγγέλλοντας,
1296 954 1391 1006 καὶ
1414 953 1543 1024 περὶ
1571 953 1734 1006 αὐτὸν

175 1045 506 1119 ἱδρυμένεως·

238 1135 315 1187 B'.
363 1131 493 1189 Εἶτα
541 1133 732 1211 σοφίαν
768 1133 861 1189 καὶ
903 1133 1244 1204 χρηστότητα
1279 1133 1542 1190 συνοῦσαν
1584 1133 1735 1203 αὐτῷ

167 1227 254 1280 διὰ
293 1226 403 1282 τῶν
436 1226 617 1280 αὐτῶν
648 1225 1013 1291 ἐπαιδεύοντο,
1041 1226 1138 1295 τὴν
1175 1227 1274 1295 μὲν
1302 1228 1383 1286 ὅτι
1414 1225 1536 1282 κατ’
1565 1226 1736 1294 αὐτὴν

167 1317 580 1388 διαγορευτικός
617 1302 736 1368 ἐστι
769 1317 876 1369 τῶν
906 1317 1174 1387 ποιητέων
1216 1321 1243 1371 ὁ
1281 1318 1437 1386 λόγος
1460 1358 1475 1383 ,
1503 1317 1596 1372 καὶ
1628 1321 1734 1368 ἁπ-

168 1407 522 1478 αγορευτικδς
556 1407 666 1461 τῶν
711 1409 776 1461 οὐ
812 1408 1123 1474 ποιητέων,
1181 1404 1249 1479 ἧς
1302 1409 1470 1471 τύπος
1521 1411 1733 1477 ὑπῆρχε

165 1499 410 1568 Μωῦσῆς
445 1499 662 1569 (σοφίας
697 1499 807 1569 γὰρ
836 1499 933 1569 τὴν
959 1499 1058 1568 τῆς
1104 1497 1423 1568 νομοθεσίας
1455 1495 1596 1551 εἶναι
1643 1516 1733 1550 πι-

168 1588 434 1659 στεύομεν
466 1588 673 1660 χάριν),
705 1588 803 1658 τὴν
841 1588 898 1642 δὲ
932 1589 1014 1642 ὅτι
1051 1590 1172 1643 κατ’
1204 1589 1374 1659 αὐτὴν
1397 1606 1734 1658 προτρεπτι-

165 1684 259 1747 κός
291 1688 410 1738 ἐστι
442 1686 539 1754 καὶ
575 1686 1000 1756 ἒπιστρεπτικδς
1044 1686 1181 1754 πρὸς
1228 1684 1326 1753 τὴν
1375 1684 1527 1751 θείαν
1568 1685 1732 1753 ζωὴν,

163 1775 276 1828 τῶν
333 1777 504 1846 αὐτῆς
562 1777 1086 1846 ἀπολισοησάντων,
1139 1770 1208 1846 ἧς
1259 1776 1430 1838 τύπος
1489 1776 1732 1845 ὑπῆρχεν
1765 1799 1805 1852 Β

179 1865 388 1929 Ἠλίας,
417 1866 483 1919 δι’
511 1866 705 1921 ἑαυτοῦ
744 1867 864 1921 ὅλον
903 1867 966 1920 τὸ
1005 1866 1343 1936 προφητικὸν
1371 1865 1544 1936 δηλῶν
1574 1868 1730 1935 χάρι-

167 1976 301 2024 σμα.
335 1959 511 2030 (161
557 1958 614 2030 a)
655 1959 1034 2030 Χρηστότητος
1073 1958 1182 2030 γὰρ
1225 1959 1376 2021 θείας
1434 1959 1564 2010 ἴδιον
1595 1957 1733 2025 γνώ-

166 2052 487 2124 ρισμα,τῶν
513 2051 948 2121 πεπλανημένων
971 2051 1004 2120 ἡ
1030 2049 1165 2116 μετὰ
1186 2048 1592 2119 φιλανθρωπίας
1619 2051 1733 2099 ἐπι-

165 2145 399 2215 στροφὴ.
439 2138 506 2215 ἦς
562 2145 814 2213 κήρυκας
868 2145 994 2205 τοὺς
1033 2144 1319 2212 προφήτας
1369 2140 1730 2208 γινώσκομεν.

234 2235 313 2286 Γ’.
347 2235 416 2287 Ἦ
447 2233 649 2302 γνῶσιν
678 2231 773 2285 καὶ
807 2231 1078 2297 παιδείαν,
1108 2230 1206 2302 τὴν
1243 2230 1341 2300 μὲν
1373 2230 1454 2282 ὅτι
1477 2229 1639 2281 καλοῦ
1675 2246 1731 2280 τε

163 2324 263 2377 καὶ
285 2325 457 2378 κακοῦ
483 2325 586 2394 τῆς
611 2325 724 2393 εἱδή
734 2341 870 2386 σεως
889 2325 1004 2385 τοῖς
1017 2322 1321 2392 ἀνθρώποις
1341 2321 1572 2390 ὑπάρχει
1592 2337 1732 2389 παρ-

161 2414 407 2477 εκτικός.
461 2413 698 2467 Δέὃωκα
739 2413 869 2484 γὰρ,
929 2412 1085 2482 φησὶ,
1117 2412 1232 2479 πρὸ
1259 2410 1583 2481 προσώπου
1616 2428 1733 2463 σου

165 2506 291 2574 τὴν
335 2507 486 2574 ψὴν
515 2506 614 2560 καὶ
671 2505 779 2558 τὸν
807 2504 1088 2571 θάνατον,
1123 2507 1208 2573 ἐφ’
1234 2499 1279 2572 ᾧ
1320 2505 1416 2573 τὴν
1467 2504 1564 2573 μὲν
1595 2503 1733 2554 ἑλεῖν

164 2598 458 2668 αἱρεῖσθαι,
489 2596 584 2663 τὸν
625 2595 683 2649 δὲ
713 2598 928 2664 φυγεῖν,
965 2596 1166 2666 καὶμὴ
1197 2595 1275 2657 ὡς
1309 2594 1460 2664 καλῷ
1499 2610 1730 2664 περιπε-

161 2694 285 2742 σεῖν
308 2686 366 2752 ἐξ
391 2685 614 2754 ἀγνοίας
643 2684 722 2756 τῷ
743 2685 969 2757 χείρονι,
997 2687 1138 2751 ὅπερ
1167 2685 1406 2754 Μωῦσῆς
1437 2683 1733 2754 πεπραχὼς

151 2777 548 2848 ἀνηγόρευται,
581 2777 874 2848 προτυπῶν
917 2779 974 2831 ἐν
1019 2774 1205 2847 ἑαυτῷ
1244 2777 1342 2848 τῆς
1375 2776 1634 2847 ἀληθείας
1665 2777 1734 2827 τὰ

163 2869 435 2938 σύμϐολα*
470 2868 568 2939 τὴν
608 2867 668 2922 δὲ
694 2867 780 2921 ὅτι
810 2867 922 2922 τῶν
948 2869 1062 2930 τοῖς
1087 2866 1348 2930 ἐναντίοις
1375 2867 1569 2937 ἀνέδην
1589 2884 1732 2938 χρω-

155 2959 347 3029 μένων
373 2960 519 3012 κατὰ
543 2957 638 3012 τὸν
673 2957 912 3028 Ἰσραὴλ,
948 2951 1010 3010 οὗ
1040 2957 1337 3028 παιδευτὴς
1373 2955 1558 3018 Ἠλίας
1587 2956 1615 3007 ό
1640 2955 1736 3024 μὲ-

160 3065 274 3117 γας
293 3049 530 3116 ἐγένετο,
551 3048 661 3110 -καὶ
689 3049 995 3117 μιγνύντων
1035 3048 1364 3117 ἀδιακρίτως
1405 3045 1473 3100 τὰ
1502 3045 1730 3113 ἄμικτα,

1397 370 1916 431 AMBIGUORUM
1959 376 2026 433 ιι
2041 377 2205 436 BER.

3269 386 3400 449 116?!

2110 484 2494 555 Contemplatio
2529 491 2582 539 in
2615 489 2823 558 Moysen
2846 497 2896 541 ct
2925 489 3121 543 Etiam.

1910 594 1947 646 Ι.
1988 598 2161 662 Atque
2186 599 2420 665 primum
2452 601 2674 668 quidem
2718 601 2784 653 de
2841 617 2908 653 eo
2965 601 3112 669 quod
3154 601 3400 657 Sermoni

1837 700 1900 737 ac
1939 687 2048 738 Deo
2083 689 2226 741 ratio
2259 700 2366 742 tam
2393 693 2586 758 legalis
2621 707 2783 758 qttatn
2819 693 3139 759 prophetica
3170 693 3401 747 deberet

1835 774 2026 828 adesse
2063 791 2160 844 per
2186 778 2404 847 Moysen
2429 790 2592 847 atque
2619 781 2791 832 Eliam
2818 780 3116 847 piissimam
3139 793 3405 850 ceperunt

1839 865 2138 927 notionem,
2185 877 2245 921 ut
2278 884 2419 935 quae,
2461 884 2527 921 ex
2556 886 2623 922 eo
2645 879 2701 923 et
2731 869 2800 922 de
2821 884 2890 922 eo
2926 881 3034 924 tam
3072 872 3405 926 exsisterent

1836 970 1998 1024 quam
2035 957 2447 1022 denuntiarent,
2477 968 2532 1012 ct
2558 962 2706 1016 circa
2737 976 2863 1016 cum
2887 961 3165 1015 collocata:
3193 974 3399 1017 essent.

1906 1131 1971 1184 ll.
1995 1133 2204 1188 Deinde
2235 1137 2558 1204 sapientiam
2582 1146 2745 1206 atque
2765 1138 3114 1193 clementiam
3137 1138 3185 1192 ei
3211 1138 3403 1192 adesse

1837 1234 1936 1286 per
1965 1221 2188 1275 eosdem
2225 1224 2536 1286 discebant,
2570 1226 2798 1280 alteram
2843 1227 2971 1295 quia
3006 1241 3105 1294 per
3139 1228 3283 1280 hanc
3310 1243 3403 1279 eo—

1839 1326 1958 1363 rum
1985 1329 2106 1379 quae
2142 1313 2391 1368 facienda
2423 1315 2748 1384 imperativa
2785 1326 2869 1370 est
2900 1319 3062 1378 ratio,
3105 1327 3161 1369 et
3213 1315 3394 1384 prohi-

1836 1401 2004 1455 bitiva
2030 1418 2224 1456 eorum
2258 1421 2380 1474 qua:
2409 1421 2517 1461 non
2547 1415 2678 1462 sunt
2705 1405 2983 1467 facienda,
3033 1408 3190 1474 cujus
3225 1407 3402 1472 imago

1836 1492 2049 1563 Moyses
2083 1504 2200 1548 erat
2231 1494 2376 1564 (nam
2405 1495 2688 1565 sapientia
2714 1511 2836 1553 esse
2883 1496 3248 1563 legislationis
3278 1513 3402 1563 grai»

1836 1582 1967 1634 tiam
1999 1584 2294 1654 credimus)
2327 1628 2342 1652 ,
2378 1587 2608 1646 alteram
2651 1601 2784 1642 vero
2819 1585 3056 1638 invitare
3091 1595 3257 1654 atque
3304 1586 3403 1642 ad-

1837 1673 2044 1726 hortari
2082 1674 2148 1726 ad
2185 1675 2426 1729 divinam
2463 1675 2634 1728 vitam
2679 1690 2775 1728 eos
2819 1675 2912 1742 qui
2963 1690 3026 1727 ca
3072 1675 3400 1734 exciderint.

1837 1764 1993 1831 cujus
2022 1763 2197 1831 imago
2221 1773 2339 1816 erat
2366 1763 2535 1825 Elias,
2568 1764 2948 1832 propheticam
3000 1778 3188 1818 omne‘
3217 1781 3314 1832 per
3348 1780 3401 1820 se

1835 1854 2153 1923 signiﬁcans
2195 1856 2446 1923 gratiam.
2488 1855 2809 1910 Clementia:
2831 1856 2978 1908 enim
3025 1855 3224 1908 divina:
3279 1872 3403 1922 pro-

1834 1943 2016 2014 prium
2057 1943 2270 2011 insigne
2320 1953 2404 1997 est
2439 1945 2757 1998 adhortatio
2788 1961 2908 2013 qua:
2938 1943 2998 1999 ﬁt
3047 1960 3172 1996 cum
3217 1945 3407 1996 huma-

1835 2038 2005 2091 nitate
2060 2045 2118 2090 et
2165 2035 2528 2104 indulgentia,
2580 2036 2738 2104 cujus
2788 2049 3069 2102 praecones
3112 2035 3406 2102 prophetas

1833 2129 2110 2182 novimus.

1900 2220 1988 2273 111.
2018 2219 2110 2273 Vel
2134 2216 2500 2287 cognitionem
2523 2225 2577 2270 et
2607 2214 3000 2278 eruditionem,
3026 2215 3255 2268 alteram
3287 2215 3409 2282 qui-

1835 2308 1958 2363 dem
1991 2309 2137 2377 quod
2156 2309 2284 2362 boni
2320 2321 2385 2360 ac
2413 2306 2540 2359 mali
2587 2305 2874 2360 scientiam
2916 2306 3235 2360 hominibus
3265 2322 3404 2375 prm-

1833 2408 1941 2455 stat
1977 2415 1989 2450 :
2019 2399 2154 2452 Dedi
2181 2399 2339 2457 enim.
2386 2395 2584 2466 inquit,
2619 2413 2798 2450 corum
2846 2397 2982 2465 facie
3030 2406 3119 2448 tua
3164 2399 3322 2450 vitam
3359 2414 3401 2447 ra

1834 2501 2052 2545 mortem
2084 2488 2132 2552 ιι,
2165 2490 2395 2545 alteram
2420 2487 2488 2542 ad
2511 2487 2843 2558 eligendum,
2889 2488 3118 2556 alteram
3144 2488 3212 2541 ad
3251 2488 3404 2551 desii-

1833 2582 2084 2645 tandunt,
2108 2589 2164 2635 et
2188 2596 2258 2634 ne
2278 2595 2346 2633 ex
2376 2578 2684 2648 ignorantia
2713 2593 2813 2646 pro
2838 2578 2985 2632 bono
3007 2578 3180 2648 pejori
3203 2595 3261 2633 se
3283 2581 3408 2648 quis

1836 2673 2049 2736 induat,
2083 2670 2137 2724 id
2159 2669 2306 2740 quod
2333 2669 2548 2738 Moyses
2579 2667 2777 2722 fecisse
2811 2669 3162 2722 renuntiatus
3185 2679 3292 2729 est,
3313 2687 3404 2722 ιρ-

1834 2763 2014 2818 ritatis
2029 2762 2273 2833 symbola
2289 2760 2345 2813 in
2367 2775 2426 2813 se
2440 2759 2831 2828 praeformans;
2857 2761 3088 2813 alteram
3105 2775 3237 2812 vero
3253 2761 3398 2830 quod

1832 2869 2024 2908 eorum
2043 2854 2097 2907 in
2115 2851 2301 2916 Israel,
2330 2851 2489 2919 cujus
2509 2858 2814 2919 pratceptor
2851 2865 3079 2919 magnus
3099 2851 3244 2904 Elias
3268 2860 3400 2910 erat,

1833 2947 1929 3016 qui
1949 2946 2122 3016 palam
2148 2953 2204 2999 et
2225 2942 2575 3012 impudenter
2601 2941 3006 2995 contrariorum
3031 2958 3188 2994 usum
3211 2959 3379 3010 seque

1833 3039 2038 3092 bantur
2079 3033 2491 3103 separandaque
2532 3031 2917 3086 inditt'erenter
2966 3031 3402 3093 contendebant,

159 3139 267 3211 τῆς
293 3139 618 3209 ἀδιαφορίας
656 3139 777 3192 ἐστὶ
815 3136 1158 3201 κολαστικδς,
1189 3135 1285 3201 καί⁵
1303 3135 1419 3205 τῶν
1453 3135 1732 3197 παντελῶς

1834 3133 2052 3181 coercet
2081 3123 2549 3184 indiﬁ‘erentiam.
2594 3129 2650 3174 et
2698 3121 2844 3189 quod
2897 3136 3090 3175 eorum
3133 3123 3224 3190 qui
3265 3125 3406 3175 mulo

159 3229 245 3301 τῷ
277 3229 434 3299 κακῷ
458 3227 930 3300 προστεθειμέικυν
951 3228 1055 3298 τὴν
1075 3227 1264 3283 ἄνοιαν
1297 3224 1392 3286 καὶ
1415 3224 1513 3295 τὴν
1531 3225 1729 3294 πώρω-

160 3338 253 3374 σιν
278 3321 356 3382 είς
387 3320 597 3373 ἔννοιαν
624 3318 794 3388 ᾷγων.
823 3318 904 3380 ὡς
939 3312 1122 3383 λόγος,
1159 3316 1255 3383 καὶ
1280 3315 1530 3385 αἴσθησιν
1552 3316 1622 3368 ’⁸.

234 3415 313 3477 Δθ.
337 3412 411 3465 Ἢ
458 3412 661 3482 πρᾶξιν
699 3411 794 3475 καὶ
841 3407 1099 3478 θεωρίαν.
1139 3407 1242 3468 τὴν
1270 3408 1378 3477 ,μὲν
1422 3411 1498 3466 ὼς
1532 3403 1731 3476 κακίας

149 3499 540 3572 ἀναιρετικὴν,
571 3501 664 3553 καὶ
699 3498 907 3569 κόσμου
935 3497 1001 3550 δι’
1030 3495 1346 3560 ἐπιδείξεως
1365 3493 1574 3565 ἀρετῶν
1605 3495 1730 3554 τοὺς

154 3593 235 3647 δι’
261 3593 430 3662 αὐτῆς
447 3591 756 3660 ,ἀγομένους
782 3586 1059 3649 παντελῶς
1083 3586 1222 3640 κατὰ
1247 3585 1488 3650 διάθεσιν
1505 3584 1731 3655 τέμνου-

161 3701 291 3748 σαν,
343 3683 420 3746 ὡς
462 3680 702 3751 Matini};
734 3682 835 3749 τῆς
880 3679 1159 3745 Αἰγύπτου
1202 3676 1295 3729 τὸν
1354 3674 1601 3745 Ἰσραὴλ,
1632 3674 1729 3729 καὶ

161 3774 333 3836 θείοις
361 3771 546 3842 νόμοις
574 3768 667 3823 τοῦ
708 3769 1037 3838 Πνεύματος
1069 3764 1336 3833 εὐπειθῶς
1373 3764 1730 3819 παιδεύουσαν

157 3863 420 3933 ἄγεσθαιο
470 3863 572 3932 τὴν
607 3861 671 3915 δὲ
711 3861 788 3923 ὡς
826 3858 960 3928 ὕλης
1006 3857 1103 3926 καὶ
1147 3858 1324 3921 εἴδους
1347 3855 1727 3923 ἁρπάζουσαν,

155 3958 246 4021 ὡς
273 3956 369 4008 τὸν
404 3953 590 4020 Ἠλίαν
618 3953 772 4005 sunt
799 3949 1176 4022 πυρδς.ᾇρμα,
1207 3950 1304 4002 καὶ
1333 3947 1451 4018 Θεῷ
1477 3947 1567 4001 διὰ.
1593 3947 1731 4009 γνώ-

159 4063 310 4104 σεως
335 4043 718 4116 προσάγουσαν
750 4057 810 4095 τε
844 4041 939 4094 καὶ
970 4040 1348 4107 συνάπτουσαν
1386 4037 1492 4092 ὑπὸ
1517 4038 1731 4109 σαρκὸς

157 4138 295 4211 μηδ’
325 4137 504 4192 ὁτιοῦν
544 4135 915 4208 βαρουμίνους
936 4172 951 4198 ,
985 4131 1076 4185 διὰ
1118 4130 1219 4202 τὴν
1264 4129 1360 4183 τοῦ
1408 4130 1532 4184 κατ’
1560 4131 1730 4198 αὐτὴν

154 4230 333 4299 νόμον
364 4225 693 4297 «omam
723 4226 955 4294 ιπὰρσει
989 4223 1112 4288 καθ’
1132 4220 1312 4276 ὁτιοῦν
1330 4222 1427 4275 ἐπὶ
1455 4223 1567 4285 τοῖς
1597 4237 1728 4274 κατ⁶

153 4319 447 4390 ορθὼμασι
498 4317 895 4387 φλεγομένους,
925 4314 1019 4368 διὰ
1081 4315 1182 4385 τὴν
1219 4311 1575 4383 συνημμένην
1610 4315 1730 4374 ταῖς

151 4391 332 4474 ὅντως
368 4406 812 4482 ᾁρεταζςίδρόσον
836 4405 940 4473 τῆς
966 4403 1237 4473 πτωχείας
1255 4402 1358 4470 Ζτοῦ
1396 4401 1722 4474 πνεύματος.

236 4502 315 4558 E'.
343 4502 412 4558 Ἢ
443 4500 606 4576 πόλιν
632 4498 705 4561 τὰ
736 4497 914 4568 (161
938 4497 993 4564 ό)
1017 4495 1163 4549 κατὰ
1191 4495 1284 4551 τὸν
1313 4495 1488 4574 γάμον
1507 4495 1602 4548 καὶ
1629 4494 1727 4564 τὴν

152 4593 411 4665 ἀγαμίαν
435 4591 708 4663 μυστήρια
732 4588 888 4659 παρά
910 4586 988 4657 τῷ
1017 4587 1174 4657 Λόγῳ
1199 4582 1339 4640 εῐναι
1367 4585 1730 4656 μανθάνοντες

152 4685 256 4739 διὰ
283 4682 585 4746 Μωῦσὲως,
618 4679 713 4734 τοῦ
741 4678 830 4732 διὰ
854 4677 1032 4746 γάμον
1070 4677 1169 4747 τῆς
1196 4675 1346 4736 θείας
1376 4675 1608 4745 ἐραστοῦ
1639 4692 1731 4744 γε-

154 4775 352 4831 νέσθαι
391 4771 549 4844 δόξης
605 4770 682 4842 μὴ
719 4769 1078 4834 κωλυθέντος,
1129 4769 1224 4822 καὶ
1259 4768 1349 4824 διὰ
1399 4768 1606 4838 Ἡλίου,
1633 4770 1730 4823 τοῦ

153 4864 442 4927 παντελῶς
463 4863 710 4934 γαμικῆς
735 4860 1031 4928 συναφείας
1049 4860 1302 4932 ,καθαροῦ
1325 4860 1728 4932 ,διαμείναντος,

139 4953 250 5012 οἷα
273 4955 369 5009 τοῦ
401 4957 576 5024 Λόγου
608 4954 706 5008 καὶ
729 4951 864 5006 Θεοῦ
890 4952 1018 5020 τοὺς
1047 4950 1198 5022 ,λόγῳ
1225 4951 1399 5007 ταῦτα
1429 4952 1729 5018 ἰθύνοντας,

150 5049 308 5104 κατὰ
349 5048 475 5109 τοὺς
517 5044 767 5108 θειωδῶς
803 5043 932 5114 περὶ
987 5043 1166 5096 αὐτῶν
1191 5044 1726 5117 κειμένουςνόμους,

148 5140 345 5212 ἑαυτῷ
374 5136 660 5210 ,μυστικῶς
681 5134 1047 5201 εἰσποιεῖσθαι
1092 5133 1478 5204 κηρύττοντος.

231 5235 326 5300 ς’.
364 5231 434 5285 Ἦ
458 5229 608 5299 ζωῆς
645 5229 744 5295 καὶ
771 5227 1006 5289 θανάτου
1052 5225 1146 5280 διὰ
1176 5225 1286 5281 τῶν
1331 5227 1510 5286 αὐτῶν
1539 5227 1726 5305 κύριον

149 5325 371 5389 πιστῶς
383 5325 522 5381 ὅντα
540 5321 634 5376 τὸν
651 5317 1377 5390 Λόγονπληροφορούμενοι.

229 5482 260 5522 ιι
291 5479 449 5533 Deut.
476 5491 603 5541 xxx,
636 5475 725 5530 t9.
805 5475 819 5513 ι
858 5473 925 5528 IV
952 5472 1087 5545 Reg.
1113 5488 1173 5537 tt,
1208 5472 1296 5526 Η.

1837 3231 2065 3287 prorsus
2095 3230 2155 3270 se
2209 3213 2546 3268 addixerunt
2583 3214 2882 3266 amentiam
2935 3223 2993 3267 et
3027 3214 3291 3268 duritiem
3339 3215 3404 3267 ad

1836 3303 2184 3373 sapientiam,
2227 3312 2288 3355 ut
2315 3301 2480 3362 ratio,
2509 3310 2566 3354 et
2592 3315 2815 3354 sensum
2846 3300 3094 3355 deducit.

1911 3393 1997 3448 IV.
2044 3393 2139 3448 Vel
2187 3394 2460 3446 actionem
2498 3401 2557 3445 et
2593 3391 3138 3460 contemplationem,
3179 3393 3406 3447 alteram

1836 3484 1984 3554 quod
2025 3483 2290 3537 tnalitiam
2330 3483 2477 3538 tollit
2527 3493 2585 3537 et
2622 3483 2924 3537 virtutibus
2961 3484 3266 3552 propositis
3310 3499 3406 3540 eos

1836 3576 1929 3644 qui
1995 3575 2086 3629 illa
2142 3584 2381 3645 aguntur
2437 3574 2744 3628 secundum
2799 3575 3054 3628 aﬂ‘cctum
3103 3591 3330 3643 prorsus
3376 3594 3405 3630 a

1837 3663 2042 3717 nmndo
2091 3671 2339 3726 resecat,
2379 3671 2442 3716 ut
2491 3661 2704 3732 Moyses
2749 3661 3006 3716 lsraelcm
3044 3663 3112 3714 ab
3151 3662 3404 3732 Aagypto,

1837 3755 2149 3822 divinisque
2182 3752 2471 3822 praeceptis
2517 3752 2572 3806 in
2621 3752 2865 3821 Spiritus
2905 3753 3174 3822 obsequio
3221 3754 3405 3815 vivere

1839 3845 2112 3906 instituit;
2148 3845 2377 3899 alteram
2408 3858 2542 3897 vero
2569 3852 2628 3898 ut
2657 3843 2726 3896 ab
2768 3845 2996 3898 materia
3019 3853 3185 3913 atque
3230 3845 3405 3899 forma

1835 3935 2222 4004 abripientem,
2245 3933 2705 4003 quemadmodum
2729 3935 3152 4004 currusignitus
3172 3937 3370 3990 Eliami
3387 3978 3402 4000 ,

1837 4040 2044 4095 perque
2077 4023 2449 4094 cognitionem
2482 4024 2592 4078 Deo
2623 4025 2989 4078 adducentem
3039 4035 3096 4079 et
3140 4029 3406 4094 copulan-

1838 4127 1947 4172 tent
1994 4131 2160 4170 carne
2206 4115 2346 4169 nihil
2398 4123 2654 4188 gravatos
2683 4126 2908 4184 propter
2944 4117 3289 4184 reprobatam
3327 4119 3402 4171 is-

1837 4209 1946 4262 tius
1987 4207 2182 4274 legem,
2213 4215 2308 4260 aut
2359 4205 2468 4259 ulla
2502 4205 2569 4259 de
2611 4216 2757 4260 recte
2798 4205 2957 4260 factis
2997 4209 3257 4276 superbia
3304 4211 3401 4264 lla-

1835 4307 2073 4369 grantcs,
2115 4304 2340 4366 propter
2364 4311 2544 4351 rorem
2579 4297 2809 4367 spiritus
2841 4297 3192 4367 indigenum,
3253 4304 3402 4357 veris

1835 4387 2136 4443 virtutibus
2162 4388 2541 4457 conjunctum.
3168 4382 3174 4390 '

1905 4501 1966 4555 V.
1998 4500 2094 4555 Vel
2131 4514 2322 4565 rursus
2357 4498 2698 4553 matrimonii
2727 4507 2783 4552 et
2817 4501 3099 4562 caelibatus
3140 4501 3398 4570 mysteria

1829 4592 2082 4655 comitari
2111 4591 2430 4645 Sermonem
2457 4589 2637 4643 edocti
2677 4607 2772 4659 per
2795 4593 3018 4662 Moysen
3049 4602 3199 4654 sunt,
3235 4609 3399 4660 quem

1831 4684 2243 4737 matrimonium
2269 4697 2379 4734 non
2417 4680 2704 4752 prohibuit
2731 4684 3031 4750 quominus
3071 4685 3124 4738 in
3156 4701 3398 4737 atntn'ett:

1831 4776 2031 4830 divinae
2083 4774 2270 4844 gloriae
2320 4772 2556 4837 veniret,
2612 4782 2667 4826 et
2711 4790 2809 4842 per
2856 4775 3073 4840 Eliam,
3121 4777 3216 4844 qui
3250 4776 3396 4829 omni

1832 4883 2061 4937 prorsus
2128 4864 2519 4927 matrimoniali
2584 4880 2730 4918 nexu
2784 4881 3003 4936 semper
3080 4866 3398 4921 abstinuit:

1831 4961 2035 5029 quippe
2068 4959 2262 5015 Sermo
2292 4972 2356 5011 ac
2389 4959 2532 5012 Deus
2561 4974 2658 5014 eos
2688 4959 2783 5027 qui
2839 4958 3052 5011 ratione
3101 4958 3217 5011 haec
3261 4957 3423 5012 diri-.

1831 5051 2281 5122 guntsecundum
2303 5052 2451 5119 leges
2467 5049 2536 5104 de
2555 5051 2637 5104 eis
2661 5052 2828 5104 rebus
2852 5050 3122 5103 divinitus
3143 5058 3398 5112 statutas,

1835 5143 2061 5212 mystice
2088 5140 2192 5194 sibi
2229 5139 2477 5208 adoptari
2511 5139 2824 5204 annuntiat.

1906 5235 1991 5287 Vl.
2040 5233 2135 5287 Vel
2189 5233 2316 5284 vitae
2365 5238 2422 5282 et
2468 5229 2666 5282 mortis
2712 5228 3005 5280 Dominum
3045 5242 3235 5281 revera
3276 5243 3397 5282 csse

1836 5329 2155 5381 Sermonem
2195 5336 2293 5386 per
2319 5320 2512 5374 eadem
2543 5319 2960 5388 persuasionem
2987 5319 3251 5373 tulerunt.

1469 5584 1696 5640 VARIIE
1733 5584 2132 5641 LECTlONl‘LS.

231 5723 281 5760 ⁸³
304 5724 359 5779 δὲ
381 5723 546 5780 habet
569 5720 961 5794 apographum.
1035 5720 1082 5752 '°
1132 5719 1324 5775 Manus
1375 5719 1596 5790 antiqua
1629 5737 1736 5778 σοι-ι

1832 5723 1868 5775 it
1905 5721 2149 5790 αἴσθησις
2179 5720 2231 5772 itt
2256 5717 2378 5771 cod.
2411 5715 2552 5770 Gud.

474 5817 747 5878 ΡΑτιιοι..
780 5813 896 5875 Gn.
934 5812 1089 5874 XCI.

2998 5805 3066 5863 37
