4200 6440
800 352 939 420 1163

1912 351 1974 410 S.
2015 349 2300 409 ΜΛΧΙΜΙ
2340 348 2849 412 CONFESSORIS

3905 358 4037 421 ιιθι

869 467 983 522 Vll.
1016 466 1110 520 Vel
1138 466 1304 519 etiam
1329 478 1522 517 omnes
1548 463 1662 518 Deo
1684 461 1891 525 vivere,
1916 477 2020 516 nec
2039 476 2372 531 quemquam

2546 463 2619 514 Z'.
2664 464 2733 515 "ll
2787 464 2882 515 καὶ
2932 462 2993 514 τὸ
3038 462 3247 523 πάντας
3294 463 3393 532 ζῇν
3434 464 3513 535 τῷ
3544 464 3665 535 Θεῷ
3717 466 3817 518 καὶ
3852 466 4055 535 μηδένα

799 558 1029 611 omnino
1069 556 1213 625 apud
1268 571 1393 609 eum
1443 562 1723 608 mortuum
1763 567 1885 607 esse
1920 568 2019 622 per
2055 552 2249 607 eadem
2286 552 2369 605 di-

803 649 1081 709 dicerunt,
1130 656 1329 715 praeter
1362 660 1487 698 eum
1519 645 1613 713 qui
1646 652 1873 711 peccato
1921 658 1978 697 se
2029 643 2147 711 ipse
2197 642 2366 695 morti

801 745 1164 800 auctorasset,
1199 751 1369 804 seque
1396 734 1704 789 voluntaria
1735 733 1803 787 ad
1834 734 2122 804 passiones
2149 740 2205 787 et
2231 732 2369 787 vitia

801 829 1145 901 proclivitate
1176 843 1205 881 a
1240 827 1427 881 Verbo
1458 826 1805 881 abscidisset.

874 920 1006 974 Vlll.
1041 919 1134 971 Vel
1180 919 1349 972 etiam
1399 918 1465 969 ad
1510 916 1869 977 Sermonem,
1931 925 1994 969 ut
2044 916 2137 983 qui
2165 915 2373 969 veritas

800 1021 886 1066 est
926 1014 981 1073 l,
1023 1010 1219 1063 referri
1248 1018 1302 1062 et
1344 1024 1467 1062 esse
1488 1007 1877 1079 mysteriorum
1903 1007 2191 1077 imagines,
2235 1006 2371 1061 etin

801 1114 928 1154 eum
957 1100 1074 1169 cogi
1118 1108 1175 1153 et
1235 1099 1416 1153 redire
1472 1107 1578 1151 tam
1627 1098 1818 1167 legalis
1855 1114 2019 1167 quam
2058 1096 2371 1167 prophetici

802 1192 987 1261 operis
1038 1200 1297 1259 tanquam
1348 1190 1402 1242 in
1441 1189 1774 1259 principium
1845 1200 1901 1243 et
1954 1189 2118 1241 linem
2164 1187 2372 1243 eruditi

802 1293 951 1340 sunt.

871 1374 963 1429 1X.
1002 1375 1239 1443 \‘elqua:
1273 1382 1397 1443 post
1443 1374 1618 1427 Deum
1661 1383 1790 1427 sunt
1818 1373 2005 1427 omnia
2056 1381 2111 1427 et
2159 1388 2226 1427 ex
2263 1372 2375 1427 Deo

801 1476 1119 1537 procreata,
1154 1467 1258 1519 hoc
1291 1474 1377 1519 est
1407 1481 1593 1519 rerum
1622 1476 1875 1519 naturam
1910 1473 1965 1518 et
1991 1474 2229 1533 tempus,
2268 1478 2375 1518 una

803 1568 929 1608 cum
952 1555 1082 1617 Deo,
1108 1561 1167 1606 ut
1193 1568 1358 1607 causa
1382 1562 1439 1606 et
1468 1553 1697 1621 factore,
1731 1568 2001 1623 apparere
2030 1551 2371 1614 exsistcntia,

802 1644 898 1713 qui
946 1644 1086 1723 ipse,
1132 1645 1314 1714 quoad
1348 1644 1465 1698 ﬁeri
1510 1645 1631 1714 ejus
1674 1653 1894 1714 potest,
1949 1658 2081 1698 vere
2126 1653 2373 1713 apparet.

802 1730 1052 1801 Quorum
1082 1736 1305 1804 quidem
1340 1736 1605 1804 temporis
1654 1734 1834 1805 imago
1882 1735 2095 1805 Moyses
2125 1734 2377 1788 videatur

802 1840 947 1891 esse,
1004 1841 1112 1879 non
1140 1826 1318 1883 solum
1350 1836 1411 1879 ut
1437 1827 1699 1895 temporis
1725 1841 1791 1880 ac
1820 1824 2146 1879 numerandi
2178 1839 2376 1879 secun-

802 1915 935 1970 dum
967 1917 1070 1970 hoc
1099 1916 1295 1971 doctor
1324 1917 1441 1984 (hic
1469 1918 1616 1972 enim
1650 1906 1859 1987 primus
1886 1927 2132 1985 tempora
2174 1930 2204 1968 a
2246 1930 2379 1970 con-

801 2003 921 2058 dito
950 2004 1159 2058 mundo
1201 2006 1559 2073 numeravit),
1596 2014 1653 2059 et
1706 2004 2026 2073 temporalis
2065 2005 2247 2058 cultus
2283 2003 2379 2057 de-

802 2094 1036 2161 ductor,
1090 2095 1185 2150 sed
1228 2097 1398 2148 etiam
1456 2096 1603 2164 quod
1657 2112 1771 2149 non
1841 2112 1946 2148 una
1999 2110 2123 2149 cum
2166 2094 2279 2148 illis
2322 2094 2378 2148 in

802 2189 1080 2241 carnalem
1142 2186 1393 2255 requiem
1439 2185 1693 2240 introivit
1722 2188 1790 2240 de
1835 2186 2040 2255 quibus
2094 2194 2220 2239 ante
2277 2184 2379 2238 ad—

802 2288 1030 2333 ventum
1061 2278 1233 2335 divini
1268 2277 1549 2348 Evangelii
1581 2280 1866 2344 narravit;
1926 2275 2199 2348 ejusmodi
2229 2274 2378 2329 enim

803 2372 971 2427 etiam
1004 2381 1222 2440 tempus
1251 2382 1357 2435 est,
1406 2386 1584 2439 neque
1626 2380 1984 2425 antevertens
2012 2383 2195 2439 neque
2244 2381 2379 2422 con-

802 2460 1038 2513 veniens
1083 2471 1233 2513 motu
1294 2459 1406 2513 illis
1440 2474 1579 2528 quos
1636 2458 1704 2511 ad
1756 2458 1999 2512 divinam
2058 2456 2229 2511 futuri
2278 2454 2379 2510 avi

804 2550 977 2605 vitam
1012 2550 1361 2604 transmittit.
1413 2550 1599 2605 Jesum
1641 2549 1792 2604 enim
1850 2549 1943 2619 qui
1983 2549 2228 2603 universi
2269 2557 2381 2603 tam

807 2644 1073 2712 temporis
1114 2652 1203 2697 est
1254 2658 1419 2711 quam
1470 2643 1838 2709 :eternitatis,
1887 2644 2056 2699 habet
2096 2658 2383 2698 successo-

804 2747 959 2796 rem;
1010 2732 1519 2801 quanquam-alias
1552 2734 1817 2803 tempOris
1872 2734 2117 2791 rationes
2164 2734 2221 2787 in
2268 2733 2383 2789 Deo

802 2832 1155 2894 permanent,
1186 2825 1651 2893 quemadmodum
1683 2826 1766 2881 lex
1794 2842 1824 2879 a
1856 2827 2038 2897 Moyse
2068 2827 2123 2880 in
2159 2826 2383 2881 deserto

802 2915 933 2969 data
974 2914 996 2952 ⁸
1026 2931 1134 2968 una
1160 2931 1285 2969 cum
1315 2915 1397 2970 eis
1437 2915 1532 2986 qui
1569 2926 1772 2970 terram
1822 2917 2189 2987 possessionis
2216 2932 2381 2987 cepe-

803 3014 941 3060 runt
967 3006 1471 3076 ingressa'mystiee
1497 3008 1834 3061 manifestat.
1886 3007 2186 3063 Eternitas
2233 3008 2381 3063 enim

806 3103 1028 3163 tempus
1056 3101 1143 3147 est
1172 3102 1459 3162 postquam
1492 3104 1702 3147 motum
1734 3095 1897 3159 stitit,
1945 3105 2000 3150 et
2052 3105 2269 3164 tempus
2297 3104 2382 3150 est

806 3186 1107 3245 aeternitas,
1145 3186 1371 3253 quando
1405 3200 1664 3239 mensura
1696 3186 2056 3255 distinguitur
2091 3198 2243 3242 motu
2268 3188 2383 3259 agi-

809 3286 942 3341 tata,
981 3276 1119 3331 adeo
1140 3286 1201 3330 ut
1228 3277 1529 3341 aternitas,
1561 3286 1623 3331 ut
1651 3278 1879 3333 deﬁnite
1909 3280 2123 3347 loquar,
2170 3288 2385 3348 tempus

808 3377 960 3422 motu
984 3367 1285 3436 privatum,
1321 3376 1539 3437 tempus
1568 3384 1698 3422 vero
1728 3369 2011 3423 aeternitas
2037 3379 2192 3422 motu
2230 3386 2387 3423 men-

810 3466 1021 3511 surata.
1054 3455 1271 3510 Natum
1294 3465 1477 3510 autem
1501 3455 1649 3511 Elias
1681 3456 1937 3511 videatur
1989 3458 2169 3527 imago
2211 3473 2333 3515 esse
2367 3500 2382 3525 ,

812 3564 923 3602 non
965 3547 1141 3601 solum
1175 3547 1320 3615 quod
1352 3547 1645 3602 inviolatas
1672 3547 1780 3601 sibi
1820 3548 2121 3602 custodivit
2143 3549 2386 3603 rationes

806 3646 869 3691 et
898 3638 1200 3692 voluntatis
1250 3637 1579 3706 consiliique
1628 3639 1979 3708 prudentiam
2032 3640 2088 3693 in
2135 3640 2282 3703 illis,
2317 3640 2385 3693 ab

813 3727 962 3781 omni
1001 3727 1275 3795 passionis
1325 3726 1713 3781 vicissitudine
1780 3729 2032 3791 liberam,
2092 3729 2188 3783 sed
2218 3729 2384 3782 etiam

814 3818 961 3888 quod
994 3818 1047 3871 in
1075 3818 1307 3888 judicio,
1365 3818 1838 3887 quemadmodum
1884 3818 2156 3873 naturalis
2198 3819 2383 3888 aliqua

815 3906 923 3973 lex,
950 3909 1178 3978 castigat
1204 3918 1301 3961 eus
1324 3908 1419 3977 qui
1452 3916 1648 3961 natura
1674 3914 1879 3976 praeter
1911 3916 2169 3959 naturam
2213 3914 2382 3959 utun-

817 4009 927 4055 tur.
962 3998 1093 4053 Tale
1116 3998 1262 4053 enim
1292 3999 1460 4052 etiam
1501 4006 1722 4061 natura,
1761 4012 1885 4066 qua:
1929 4011 1987 4050 se
2034 3996 2208 4064 ipsam
2262 4010 2383 4049 cor-

814 4106 1071 4160 rumpere
1110 4098 1372 4143 conantes
1414 4099 1645 4143 eatenus
1690 4089 1941 4157 castigat,
1992 4097 2269 4157 quatenus
2307 4087 2389 4141 in-

814 4181 1055 4236 naturali
1082 4180 1301 4234 vivendi
1331 4179 1520 4249 generi
1544 4194 1780 4248 operam
1807 4178 1961 4245 dant,
1984 4194 2051 4234 eo
2088 4179 2235 4248 quod
2276 4194 2387 4233 non

816 4276 1036 4344 plenam
1086 4273 1258 4343 ipsius
1287 4283 1503 4326 naturae
1542 4270 1867 4326 facultatem
1910 4272 2242 4326 naturaliter
2270 4286 2388 4323 am-

816 4366 964 4437 plius
989 4379 1254 4420 exercere
1290 4380 1386 4418 eos
1412 4364 1565 4427 sinit,
1590 4363 1915 4417 imminutos
1939 4365 2048 4433 jam
2069 4362 2389 4431 integritate

2472 555 2751 619 παντελῶς
2776 556 2906 625 παρ⁹
2936 554 3085 624 αὐτῷ
3139 554 3331 622 νεκρὸν
3382 551 3521 608 εἶναι
3574 557 3666 610 διὰ
3713 557 3831 610 τῶν
3882 557 4054 608 αὐτῶν

2475 645 2871 714 μανθάνοντες,
2905 644 3044 712 πλὴν
3088 644 3183 697 τοῦ
3222 644 3414 697 ἑαυτὸν
3448 647 3516 714 τῇ
3564 647 3819 717 ἁμαρτίᾳ
3850 647 4055 715 νεκρώ-

2472 753 2688 801 σαντος,
2723 738 2815 789 καὶ
2846 738 2911 807 τῇ
2948 736 3181 806 ἑκουσίῳ
3200 736 3335 806 πρὸς
3364 735 3435 789 τὰ
3464 735 3612 806 πάθη
3649 739 3795 807 ῥοπῇ
3832 738 3933 791 τοῦ
3959 740 4053 791 Δό-

2472 844 2570 897 γου
2600 828 2791 881 ἑαυτὸν
2812 828 3209 896 ἀποκόψαντος.

2544 919 2706 973 Η¹.Ἦ
2738 919 2899 973 πάλιν
2915 920 3052 990 πρὸς
3079 920 3173 972 τὸν
3190 919 3361 986 Λόγον
3388 918 3744 989 ὡςάλήθειαν
3777 918 3919 971 δντα
3944 920 4052 971 κατ’

2474 1011 2755 1083 ἀναφοράν
2789 1007 2928 1063 εἶναι
2976 1028 3035 1063 τε
3084 1012 3179 1063 καὶ
3214 1010 3483 1080 ὑπάρχειν
3523 1010 3653 1072 τοὺς
3689 1009 3911 1070 τύπους
3952 1008 4053 1058 τῶν

2478 1102 2814 1174 μυστηρίων,
2839 1102 2933 1155 καὶ
2948 1104 3026 1163 είς
3048 1101 3211 1154 αὐτὸν
3230 1101 3583 1168 συνάγεσθαι,
3607 1099 3711 1169 τῆς
3732 1117 3797 1153 τε
3825 1098 4053 1167 νομικῆς

2476 1195 2571 1247 καὶ
2596 1194 2697 1264 τῆς
2724 1193 3071 1263 προφητικῖκ
3103 1192 3491 1263 πραγματείας
3518 1193 3597 1256 ὥς
3634 1192 3817 1263 ἀρχὴν
3849 1191 3948 1244 καὶ
3972 1190 4053 1242 τὲ-

2474 1284 2585 1347 λος,
2616 1281 3096 1351 ὲφωταγωγοῦντο.

2546 1371 2623 1426 Θ¹.
2663 1373 2732 1424 Ἦ
2758 1372 2827 1424 τά
2852 1371 2992 1446 μετὰ
3017 1372 3148 1424 Θεὸν
3175 1373 3351 1425 πάντα
3388 1374 3483 1426 καὶ
3508 1374 3574 1426 ἐκ
3598 1372 3734 1425 Θεοῦ
3766 1372 4053 1441 γεγονότα,

2474 1462 2721 1515 τουτέστι
2755 1462 2855 1529 τὴν
2894 1461 3055 1530 φύσιν
3083 1463 3193 1515 τῶν
3224 1463 3395 1516 ὄντων
3423 1463 3632 1516 καὶτὸν
3662 1465 3886 1538 χρόνον,
3912 1464 4056 1533 παρὰ

2476 1550 2554 1621 τῷ
2593 1550 2714 1621 Θεῷ
2762 1550 2893 1604 ὅντα
2928 1552 3385 1619 συνεπιφαίνεσθαι
3434 1553 3649 1623 ἀληθῶς
3696 1556 4055 1625 φαινομένῳ,

2478 1642 2620 1696 κατά
2646 1642 2708 1695 τὸ
2741 1642 2982 1710 εφικτδν,
3005 1641 3081 1705 ὡς
3114 1642 3273 1712 αἰτίῳ
3302 1642 3399 1695 καὶ
3439 1646 3659 1713 ποιητῇ.
3690 1638 3799 1700 Ὧν
3824 1646 3924 1699 τοῦ
3967 1646 4056 1715 μὲν

2409 1782 2451 1841 Β
2478 1734 2673 1805 χρόνου
2700 1734 2873 1797 τύπος
2918 1734 2984 1786 ἂν
3017 1734 3103 1803 εἴη
3149 1734 3411 1805 Μωῦσῆς,
3439 1735 3499 1787 οὐ
3536 1736 3697 1805 μόνον
3744 1737 3829 1800 ὡς
3869 1739 4057 1807 χρόνου

2488 1828 2581 1880 καὶ
2618 1826 2719 1878 τοῦ
2748 1825 2870 1878 κατ’
2907 1826 3070 1878 αὑτὸν
3109 1826 3348 1896 ἀριθμοῦ
3381 1828 3700 1891 διδάσκαλος
3739 1825 3925 1898 (οὗτος
3960 1830 4059 1898 γὰρ

2485 1915 2703 1987 πρῶτος
2748 1915 2840 1968 τὸν
2888 1916 3029 1969 κατὰ
3079 1916 3177 1987 τὴν
3221 1917 3437 1985 γένεσιν
3471 1916 3568 1970 τοῦ
3612 1919 3828 1988 κόσμου
3874 1920 4073 1989 χρόνον.

2484 2002 2807 2075 ἠρίθμησε),
2836 2007 2929 2056 καὶ
2957 2002 3033 2066 ὼς
3053 2006 3313 2075 χρονικῆς
3340 2006 3631 2074 γενόμενος
3650 2007 3915 2077 λατρείας
3944 2010 4063 2061 καθ-

2486 2093 2718 2165 ηγητὴς,
2760 2095 2896 2148 ἀλλὰ
2934 2096 3031 2148 καὶ
3084 2096 3159 2159 ὼς
3201 2096 3275 2166 μὴ
3316 2098 3802 2168 συνεισερχόμενος
3833 2100 3880 2129 ⁹¹
3920 2099 4063 2152 iui-

2486 2202 2598 2247 νοις
2655 2185 2981 2254 σωματικῶς
3030 2188 3110 2249 είς
3157 2186 3254 2258 τὴν
3293 2187 3639 2240 κατάπαυσιν
3691 2184 3767 2241 ῶν
3808 2187 3926 2257 πρὸ
3972 2188 4063 2257 τῆς

2487 2273 2637 2335 θείας
2660 2275 3018 2345 καθηγήσατο
3037 2276 3219 2347 (162
3237 2276 3292 2347 α)
3316 2277 3657 2345 εὐαγγελίας·
3685 2278 3941 2332 τοιοῦτον
3963 2278 4065 2348 γὰρ

2487 2366 2583 2417 καὶ⁵
2616 2367 2644 2419 ό
2678 2366 2892 2436 χρόνος,
2924 2368 3008 2419 οὐ·
3033 2366 3251 2435 φθάνων
3303 2369 3335 2440 ἢ
3371 2369 3764 2441 συνερχόμενος
3796 2370 3949 2424 κατὰ
3974 2370 4065 2436 τὴν

2488 2456 2703 2525 κίνησιν
2732 2459 2964 2520 ἐκείνοις
3000 2456 3095 2521 οὓς
3134 2459 3270 2529 πρὸς
3312 2458 3414 2530 τὴν
3458 2460 3607 2513 Θείαν
3635 2462 3729 2516 τοῦ
3778 2462 4068 2532 μέλλοντος

2486 2546 2683 2612 αίῶνος
2711 2548 2857 2619 ζωὴν
2890 2550 3097 2618 πέφυκε
3126 2550 3543 2623 παραπέμπειν.
3582 2553 3793 2623 Ἰησοῦν
3813 2554 3933 2625 γὰρ
3961 2555 4067 2623 ἔχει

2486 2640 2579 2691 τὸν
2606 2639 2808 2703 παντὸς
2832 2642 2963 2694 ὅντα
2984 2642 3077 2695 καὶ
3112 2643 3306 2712 χρόνου
3332 2647 3426 2696 καὶ
3451 2645 3648 2708 αἰῶνος
3664 2645 3941 2715 διάδοχον·
3972 2646 4070 2699 κᾶν

2490 2736 2537 2786 εί
2564 2733 2739 2796 ἄλλως
2761 2735 2811 2785 οἱ
2838 2733 2987 2801 λόγοι
3015 2734 3110 2787 τοῦ
3144 2734 3336 2804 χρόνου
3372 2736 3431 2788 ὲν
3460 2735 3539 2805 τῷ
3568 2736 3687 2804 θεῷ
3714 2736 4068 2805 διαμένωσιν,

2489 2825 2565 2887 ῶς
2594 2824 2745 2892 δηλοῖ
2780 2825 3059 2894 μυστικῶς
3092 2826 3125 2896 ἡ
3160 2826 3255 2879 τοῦ
3294 2828 3353 2878 ὲν
3391 2828 3582 2897 ἐρήμῳ
3628 2827 3881 2892 δοθέντος
3906 2828 4070 2898 νόμου

2489 2914 2577 2975 διὰ
2604 2916 2884 2977 Μωῡσέως
2906 2918 3019 2978 τοῖς
3052 2916 3152 2986 τὴν
3178 2918 3283 2987 γῆν
3302 2916 3528 2971 λαϐοῦσι
3555 2919 3654 2987 τῆς
3682 2920 4071 2988 κατασχέσεως

2492 3001 2814 3065 συνείσοδος.
2852 3002 2997 3055 Aide
3027 3005 3136 3073 γάρ
3172 3005 3322 3057 ἐστιν
3361 3006 3391 3057 ό
3432 3006 3643 3075 χρόνος,
3670 3008 3805 3061 ὅταν
3838 3012 3944 3080 στῇ
3978 3009 4071 3077 τῆς

2410 3128 2456 3187 c
2492 3093 2782 3161 κινήσεως,
2817 3094 2912 3144 καὶ
2946 3094 3139 3161 χρόνος
3177 3094 3326 3145 ἐστὶν
3372 3095 3401 3145 ὁ
3430 3096 3588 3156 αἰὼν,
3624 3095 3757 3148 ὅταν
3799 3097 4070 3167 μετρῆται

2486 3184 2698 3251 κινήσει
2733 3182 3051 3251 φερόμενος,
3085 3182 3162 3245 ὼς
3208 3178 3349 3235 εἶναι
3384 3183 3478 3237 τὸν
3509 3184 3608 3249 μὲν
3650 3186 3851 3250 αἰῶνα,
3884 3188 3976 3240 ἵνα
4000 3189 4071 3249 ὡς

2486 3272 2545 3324 ὲν
2574 3273 2685 3342 ὅρῳ
2733 3272 3044 3332 περιλαϐὼν
3095 3272 3257 3337 εἴπω,
3293 3275 3484 3343 χρόνον
3514 3276 3887 3344 ἐστερημένον
3915 3279 4069 3346 κινή-

2486 3379 2646 3429 σεως,
2674 3364 2765 3415 τὸν
2787 3363 2843 3415 δὲ
2870 3364 3062 3431 χρόνον
3090 3364 3263 3417 αίῶνα
3297 3366 3511 3428 κινήσει
3539 3372 3942 3436 μετρούμενον.
3965 3368 4071 3436 Τῆς

2485 3456 2541 3505 δὲ
2574 3456 2788 3522 φύσεως
2832 3453 3039 3515 Ἠλίας,
3088 3456 3150 3507 οὐ
3198 3456 3357 3523 μόνον
3410 3457 3485 3519 ὼς
3526 3459 3653 3519 τοὺς
3712 3457 3840 3510 καθ’
3883 3460 4071 3512 ἑαυτὸν

2485 3543 2797 3613 άλωσήτους
2822 3543 3065 3611 φυλάξας
3090 3544 3305 3613 λόγους,
3351 3549 3445 3600 καὶ
3482 3549 3543 3600 τὺ
3588 3548 3675 3599 ἐπ’
3710 3550 3906 3613 αὐτοῖς
3938 3552 4071 3603 κατὰ

2486 3630 2713 3702 γνώμην
2742 3635 2995 3703 φρόνημα
3027 3635 3237 3705 τροπῆς
3281 3636 3381 3703 τῆς
3429 3638 3494 3689 ὲκ
3527 3637 3732 3699 πάθους
3758 3639 4068 3709 ἐλεύθερον,

2488 3720 2625 3774 ἀλλὰ
2653 3723 2750 3775 καὶ
2781 3724 2855 3785 ὡς
2891 3728 2949 3777 ἐν
2974 3726 3153 3795 κρίσει
3208 3725 3499 3793 παιδεύων,
3542 3721 3653 3779 οἷόν
3703 3744 3789 3791 τις
3845 3731 4072 3796 φυσικὸς

2487 3813 2670 3881 νόμος,
2701 3815 2828 3876 τοὺς
2854 3815 3005 3886 παρὰ
3029 3816 3189 3885 φύσιν
3216 3818 3285 3886 τῇ
3319 3816 3479 3885 φύσει
3503 3819 3851 3888 χρωμένους.
3881 3819 4069 3873 Τοιοῦ-

2487 3921 2577 3955 τον
2606 3905 2713 3975 γὰρ
2748 3905 2898 3976 καὶὴ
2931 3906 3111 3975 φύσις,
3146 3909 3271 3971 τοὺς
3304 3908 3477 3978 αὐτὴν
3510 3909 3922 3980 παραφθείρειν
3954 3914 4068 3964 tm-

2487 3996 2806 4065 χειροῦντας
2833 3996 3086 4051 τοσοῦτον
3107 3998 3434 4063 κολάζουσα,
3462 3999 3587 4051 ὅσον
3613 4000 3709 4052 τοῦ
3730 4002 3891 4069 παρὰ
3916 4001 4067 4069 φύσιι

2488 4086 2586 4156 ζῇν
2626 4087 3025 4157 ἐπιτηδεύουσι.
3072 4089 3151 4159 τῷ
3196 4090 3271 4160 μὴ
3314 4091 3443 4159 ὅλην
3488 4092 3660 4160 αὐτῆς
3702 4092 3961 4159 φυσικῶς
3998 4094 4071 4146 ἐτι

2489 4177 2786 4247 κεκτῆσθαι
2815 4177 2914 4247 τῆς
2949 4178 3165 4246 φύσεως
3193 4179 3293 4249 τὴν
3320 4178 3570 4247 δύναμιν,
3604 4180 3950 4248 μειωθέντας
3979 4180 4069 4249 ήδη
4132 4246 4137 4251 ¹

2487 4269 2585 4338 τῆς
2619 4269 2738 4322 κατ’
2769 4268 2938 4339 αὐτὴν
2966 4269 3286 4338 ἀρτιότητος
3324 4270 3418 4322 καὶ
3445 4269 3534 4323 διὰ
3573 4269 3733 4323 τοῦτο
3770 4270 4071 4340 κολαζομέ-

2489 4378 2633 4425 νους,
2662 4359 2737 4423 ὼς
2788 4362 2997 4422 ἑαυτοῖς
3039 4359 3283 4423 ἀϐούλως
3316 4376 3378 4413 τε
3414 4362 3511 4414 καὶ
3554 4361 3810 4431 ἀφρόνως
3846 4361 3941 4414 διὰ
3980 4361 4070 4427 τῆς

816 4466 874 4509 et
896 4471 993 4525 per
1025 4454 1129 4507 hoc
1157 4454 1477 4523 castigatos,
1511 4454 1717 4522 quippe
1746 4452 1841 4521 qui
1872 4451 1978 4506 sibi
2021 4452 2154 4521 ipsis
2197 4451 2382 4505 incon-

2495 4451 2629 4520 πρὸς
2654 4450 2713 4502 τὸ
2741 4450 2815 4520 μὴ
2848 4450 2907 4502 ὃν
2936 4450 3171 4513 νεύσεως
3202 4449 3297 4503 τοῦ
3346 4445 3486 4504 εἶναι
3520 4451 3940 4523 παρεχομένους
3981 4452 4069 4519 τὴν

818 4549 967 4603 sulto
998 4554 1052 4601 et
1088 4545 1470 4615 imprudenter
1493 4546 1558 4599 ad
1584 4546 1637 4599 id
1666 4544 1814 4616 quod
1836 4560 1947 4599 non
1967 4551 2052 4598 est
2076 4542 2390 4598 inclinanda

816 4638 1155 4694 exsistenlite
1180 4639 1457 4692 delectum
1488 4646 1767 4707 praestant.

890 4729 957 4785 Χ.
1017 4730 1449 4783 lutellcctualem
1520 4743 1651 4782 vero
1706 4740 1928 4797 quoque
1981 4742 2051 4781 ac
2081 4726 2391 4780 sensualem

2486 4538 2605 4591 ἔλλε
2614 4537 2741 4607 ιψιν.

2564 4718 2622 4771 l'.
2656 4716 2817 4778 Ἴσως
2841 4713 2901 4767 δὲ
2932 4715 3026 4766 καὶ⁸
3049 4713 3147 4783 τὴν
3179 4712 3377 4783 νοητὴν
3413 4712 3509 4765 καὶ
3538 4711 3637 4781 τὴν
3660 4710 3938 4781 αἰσθητὴν
3970 4710 4071 4766 κτί-

820 4837 890 4875 ce-
929 4821 1192 4873 ditionem
1234 4819 1447 4873 opiﬁcis
1484 4818 1766 4873 Sermonis
1796 4817 1841 4871 si
1876 4817 2003 4885 quis
2047 4832 2145 4885 per
2176 4816 2382 4886 Moysen

2495 4825 2579 4860 σιν
2624 4806 2843 4876 ἔχεσθαι
2892 4804 2985 4859 τοῦ
3046 4803 3392 4875 Δημιουργοῦ
3449 4804 3624 4871 Λόγου
3671 4819 3756 4863 τις
3780 4802 3963 4855 εἰπὼν
3993 4800 4073 4854 διὰ

820 4919 880 4964 et
909 4910 1081 4963 Eliam
1116 4908 1391 4961 contineri
1438 4906 1661 4971 dixerit,
1690 4906 1737 4960 is
1760 4905 1995 4959 fortasse
2034 4920 2065 4957 a
2113 4920 2248 4959 vero
2283 4919 2382 4958 non

2494 4899 2773 4961 Μωῦσέως
2805 4897 2899 4950 καὶ
2928 4896 3130 4960 Ἠλίου,
3179 4896 3276 4964 τῆς
3308 4895 3565 4965 ἀληθείας
3596 4895 3658 4947 οὺ
3686 4894 4071 4964 διαμαρτάνει.

819 5002 1125 5057 aberrabit.
1154 5001 1233 5054 Ex
1255 4999 1460 5068 quibus
1478 4998 1751 5055 sensualis
1778 4998 1992 5068 Moyses
2016 4998 2285 5051 rationem
2317 5004 2398 5051 te-

820 5102 937 5155 net,
991 5102 1052 5146 ut
1079 5093 1417 5163 generationi
1456 5108 1520 5147 ac
1568 5091 1818 5146 interitui
1852 5090 2155 5160 subjectus,
2200 5104 2395 5159 quem-

2494 4985 2595 5043 Ὦν
2627 4990 2724 5059 τῆς
2758 4990 2856 5059 μὲν
2886 4988 3150 5057 αίσθητῆς
3183 4986 3365 5057 (162
3386 4987 3438 5058 b)
3467 4985 3705 5054 Μωῦσῆς
3763 4985 3933 5052 λόγον
3991 4988 4073 5038 ιπ-

2497 5086 2635 5154 ἐχει,
2673 5084 2747 5146 ὡς
2779 5082 2883 5135 ὑπὸ
2911 5082 3126 5146 γένεσιν
3168 5080 3260 5133 καὶ
3290 5079 3496 5148 φθορὰν
3520 5078 3841 5146 γενόμενος,
3897 5076 4073 5137 καθὼς

823 5181 1121 5237 admodum
1175 5180 1405 5235 historia
1458 5181 1579 5250 ejus
1606 5189 1812 5243 narrat,
1868 5179 2281 5249 generationem
2335 5196 2382 5232 at

2499 5179 2532 5247 ἡ
2563 5176 2694 5246 περὶ
2722 5171 2887 5226 αὑτοῦ
2918 5171 3131 5241 ἱστορία
3163 5169 3334 5240 δηλοῖ,
3373 5170 3471 5239 τὴν
3502 5170 3717 5238 γένεσιν
3747 5168 3844 5221 καὶ
3873 5168 3973 5220 τὸν
3992 5168 4075 5221 ea.

824 5284 1060 5329 mortem
1088 5275 1209 5344 ejus
1254 5287 1712 5327 commemorans.
1762 5271 1895 5326 Tale
1944 5272 2094 5324 enim
2125 5271 2382 5324 sensuali:

2499 5283 2659 5319 νατον
2706 5261 2872 5316 αὑτοῦ
2920 5259 3379 5328 καταγγέλλουσα.
3442 5256 3695 5311 Τοιοῦτον
3720 5258 3833 5327 γὰρ
3863 5257 3966 5310 καὶ
3998 5258 4071 5308 al-

823 5380 1046 5436 qnequc
1076 5364 1343 5427 conditio,
1399 5364 1557 5431 cujus
1602 5362 1821 5414 initium
1862 5360 2237 5429 generationis
2291 5376 2393 5413 no-

899 5514 912 5551 ι
948 5502 1108 5557 Joan.
1141 5517 1247 5564 xw,
1284 5501 1336 5553 6.
1417 5510 1439 5540 ι
1477 5500 1636 5553 Deut.
1671 5516 1706 5563 ι,
1740 5500 1789 5552 5.

2502 5355 2675 5426 σθητὴ
2716 5355 2927 5418 κτίσις,
2981 5351 3157 5420 ἀρχὴν
3197 5350 3544 5421 ἱγνωσμένην
3580 5352 3850 5417 γενέσεως
3881 5349 4070 5419 ἔχουσα

2104 5588 2334 5643 νλιιιῶ
2400 5585 2801 5643 LECTlONES.

900 5709 943 5741 τ’
977 5708 1368 5781 συνερχόμενος
1399 5725 1429 5763 a
1459 5724 1531 5762 m.
1557 5725 1638 5778 pr.
1665 5708 1828 5763 habet
1864 5707 1987 5762 cod.
2022 5706 2163 5761 Gud.
