4200 6440
183 374 201 438 l
215 370 309 437 155

1403 349 1922 411 AMBIGUORUM
1960 349 2211 407 LIBER.

3270 346 3406 410 1166

171 484 263 540 ικαὶ
305 478 607 548 διαφθορᾶς
649 469 957 543 ὡρισμένον
998 465 1151 527 τέλος
1178 460 1492 525 ἐλπίζουσα.
1545 460 1657 529 Τῆς
1681 461 1739 513 δὲ

1852 468 1955 513 tum
1978 467 2082 522 est,
2116 470 2171 511 et
2200 473 2324 527 qua:
2350 456 2609 511 interitus
2650 456 2930 512 deﬁnitam
2979 463 3404 514 consummatio-

170 573 362 643 νοητῆς
392 570 597 630 Ἠλίας,
628 565 703 626 ὡς
728 561 854 615 οὗτε
877 558 1090 626 γένεσιν
1115 553 1279 608 αὐτοῦ
1304 555 1403 622 τῆς
1426 554 1553 621 περὶ
1571 550 1735 604 αὑτοῦ

174 639 477 735 μηνυούσης
519 653 759 724 ἱστορίας
783 690 799 715 ,
854 647 957 701 κᾶν
985 644 1423 735 εἰᾼγεγέννηται,
1468 639 1598 735 ,οὔτε
1631 642 1739 735 μην

170 728 261 819 τὴν
294 742 385 799 δι”ἀ
419 743 652 796 θανάτου
685 736 894 809 φθορὰν
917 732 1234 798 ἐλπίζεσθαι
1260 728 1601 801 ὁριζομένης,
1636 731 1739 781 κᾶν

169 842 214 893 εἰ
263 835 605 907 τεθνήξεται.
665 832 918 883 Τοιοῦτον
961 825 1070 895 γὰρ
1116 824 1209 877 καὶ
1257 825 1289 892 ἠ
1336 821 1500 892 νοητὴ
1540 819 1739 883 κτίσις.

169 928 289 981 οὔτε
339 925 514 996 ἀρχὴν
553 921 821 992 γενέσεως
852 914 1164 987 ἀνθρώποις
1192 912 1492 982 κατάδηλον
1520 910 1741 983 ἔχουσα,

170 1020 268 1072 κᾶν
326 1017 374 1069 εἰ
422 1013 714 1083 γεγένηται
759 1010 856 1063 καὶ
884 1003 1087 1076 ἦρκται
1136 1004 1232 1058 καὶ
1271 1006 1334 1055 ἐκ
1361 1002 1457 1055 τοῦ
1494 1002 1571 1075 μὴ
1594 1000 1746 1059 ὄντος

170 1112 248 1169 εἰς
295 1102 360 1160 τὸ
404 1100 545 1158 εἶναι
590 1101 916 1171 παρῆκται,
979 1095 1104 1150 οὔτε
1154 1093 1305 1155 τέλος
1349 1091 1445 1146 τοῦ
1481 1087 1620 1145 εἶναι
1656 1091 1746 1144 διὰ

172 1198 377 1268 φθορᾶς
434 1194 743 1267 ὡρισμένον
790 1190 1088 1259 ἐκδέχεται.
1151 1187 1224 1239 To
1276 1186 1384 1253 γὰρ
1441 1184 1744 1248 ἀνώλεθρον

172 1288 420 1355 φυσικῶς
454 1288 569 1355 ἔχει
600 1281 840 1336 λαϐοῦσα
873 1278 1028 1348 παρά
1053 1276 1211 1339 Θεοῦ,
1246 1275 1338 1329 τοῦ
1371 1274 1543 1338 οὕτως
1576 1274 1745 1343 αὐτὴν

170 1376 575 1448 δημιουργῆσαι
602 1370 954 1441 θελῆσαντος.

180 1644 379 1708 Ἄλλη
411 1634 743 1704 συνεκτικὴ
774 1633 985 1702 θεωρία
1014 1634 1101 1698 εις
1132 1630 1247 1698 τὴν
1267 1630 1745 1700 μεταμόρφωσιν.

1837 568 1963 607 nem
2005 562 2207 621 sperat.
2241 550 2635 605 lntellectualis
2672 558 2868 604 contra
2895 548 3061 610 Elias,
3118 549 3275 617 cujus
3312 565 3412 603 nec

1837 644 2178 697 nativitatem
2208 642 2663 714 prodiqhistoria,
2685 641 2897 696 etiamsi
2920 649 3211 708 generatus
3228 638 3415 696 fuerit.

1839 749 1941 787 nec
1966 734 2154 802 utique
2189 736 2389 787 mortis
2413 749 2539 788 eum
2570 732 2675 785 sibi
2719 746 2943 799 sperare
2977 731 3262 785 interitum
3319 728 3418 783 de-

1843 825 1983 886 ﬁnit,
2019 824 2238 877 etiamsi
2273 830 2506 877 mortem
2559 822 2817 876 subierit.
2875 819 3006 873 Tale
3043 820 3191 873 enim
3248 819 3415 872 intel-

1840 915 2095 969 lectualis
2142 929 2361 983 quoque
2391 915 2654 977 conditio,
2690 926 2813 981 qua:
2838 926 2946 965 non
2966 911 3186 964 initium
3216 910 3418 964 nativi-

1841 1005 1969 1059 tatis
2000 1005 2320 1058 hominibus
2354 1004 2708 1058 manifestum
2758 1004 2945 1067 habet,
3012 1002 3229 1056 etiamsi
3279 1002 3422 1056 facta

1843 1094 2010 1149 fuerit
2037 1102 2096 1147 et
2133 1094 2355 1148 initium
2387 1094 2622 1163 ceperit,
2655 1103 2711 1147 et
2737 1094 2806 1147 de
2836 1094 3011 1147 nihilo
3058 1093 3113 1146 in
3143 1093 3416 1147 exsisten-

1845 1183 1977 1238 tiam
2029 1184 2371 1253 pervenerit,
2399 1199 2502 1237 nec
2541 1183 2708 1237 ﬁnem
2738 1184 3077 1238 exsistentiaa
3126 1200 3223 1253 per
3253 1183 3427 1235 inter-

1849 1274 1983 1328 itum
2019 1275 2306 1329 deﬁnitum
2331 1282 2635 1343 exspectat.
2672 1274 2716 1327 Α
2748 1274 2860 1327 Deo
2888 1272 3058 1337 enim,
3086 1273 3181 1341 qui
3212 1274 3427 1327 eamita

1850 1379 2067 1419 creasse
2088 1366 2326 1430 volebat,
2372 1365 2479 1420 hoc
2518 1366 2748 1435 accepit,
2787 1373 2849 1418 ut
2896 1365 3223 1419 naturaliter
3256 1367 3426 1421 exitio

1851 1465 2088 1509 careret.

1856 1632 2261 1703 Compendiaria
2283 1633 2464 1687 aliain
2494 1633 3018 1702 transformationcm
3038 1632 3429 1703 contemplatio.
3510 1637 3515 1642 ’

246 1754 314 1806 Εἰ
339 1751 398 1804 δέ
430 1768 506 1821 τῳ
534 1748 610 1819 μὴ
634 1744 1053 1818 περιεργότερος
1074 1742 1170 1797 τοῦ
1193 1742 1403 1807 δέοντος
1427 1737 1567 1822 εἶναι
1589 1742 1750 1805 δοκῶ,

1926 1747 1985 1801 Si
2032 1748 2120 1800 cui
2148 1756 2334 1802 autem
2379 1747 2695 1802 necessario
2720 1762 2829 1800 non
2868 1747 3153 1815 operosior
3179 1748 3432 1811 videbor,

180 1844 280 1899 καὶ.
309 1844 496 1913 ἕτερον
528 1840 673 1909 μέγα
696 1854 756 1891 τε
787 1836 881 1890 καὶ
909 1836 1071 1897 θεῖον,
1095 1833 1172 1897 ώς
1193 1828 1369 1903 οἶμαι,
1396 1834 1460 1885 ἐκ
1482 1832 1580 1901 τῆς
1604 1832 1754 1893 θείας

179 1930 665 2005 μεταμορφώσεως
710 1928 1007 1998 μυστήριον
1049 1926 1182 1995 ἡμῖν
1210 1924 1605 1992 ἀναφαίνεται,
1663 1924 1755 1975 καὶ

176 2026 290 2079 τῶν
312 2022 617 2093 εἰρημένων
638 2021 1040 2090 λαμπρότερον.
1069 2011 1234 2084 Οἶμαι
1253 2015 1361 2085 γὰρ
1384 2014 1512 2077 τοὺς
1524 2012 1755 2066 καθόλου

178 2117 277 2169 δύο
338 2115 437 2182 τῆς
482 2111 763 2179 θεολογίας
810 2110 1044 2179 τρόπους
1105 2105 1384 2176 μυστικῶς
1432 2104 1756 2173 ὑφηγεῖσθαι

178 2208 250 2260 τά
285 2206 378 2259 ἐπὶ
408 2203 503 2259 τοῦ
527 2203 685 2273 ὅρους
718 2201 861 2253 κατά
889 2200 987 2271 τὴν
1018 2198 1445 2269 μεταμόρφωσιν
1477 2195 1757 2263 θεοπρεπῆ

177 2295 752 2366 δραματουργήματα,
808 2290 902 2344 τόν
946 2306 1007 2342 τε
1050 2286 1459 2359 προηγούμενόν
1489 2303 1631 2354 φημι
1666 2286 1760 2337 καὶ

182 2388 393 2441 ἁπλοῦν
434 2388 528 2438 καὶ
557 2382 799 2437 ἀναίτιον
821 2421 836 2446 ,
893 2380 989 2434 καὶ
1027 2380 1114 2433 διὰ
1145 2380 1310 2450 μόνης
1341 2377 1434 2430 καὶ
1463 2374 1759 2439 παντελοῦς

184 2480 517 2546 ἀποφάσεως
564 2474 625 2527 τὸ
666 2473 807 2526 θεῖον
840 2471 915 2535 ὡς
944 2470 1162 2542 ἀληθῶς
1192 2468 1630 2538 καταφάσκοντα,
1667 2465 1761 2518 καὶ

183 2566 292 2634 τὴν
316 2563 588 2635 ὑπεροχὴν
613 2560 778 2623 αὐτοῦ
807 2561 875 2613 δι’
890 2560 1130 2629 ἀφασίας
1158 2558 1382 2621 δεόντως
1409 2556 1760 2626 σεμνύνοντα,

186 2658 291 2709 καὶ
333 2655 425 2708 τὸν
467 2654 733 2723 ἑπόμενον
762 2649 934 2722 τούτῳ
966 2652 1061 2702 καὶ
1090 2647 1361 2710 σύνθετον,
1396 2646 1483 2699 διὰ
1513 2645 1760 2711 καταφάο

189 2763 335 2809 σεως
395 2742 827 2815 μεγαλοπρεπῶς
884 2743 948 2794 ἐκ
997 2739 1106 2792 τῶν
1167 2736 1363 2807 (163
1397 2737 1460 2801 a)
1506 2734 1763 2788 αἰτιατῶν

191 2837 614 2906 ὑπογράφοντα·
655 2829 758 2895 οἷς,
786 2832 926 2885 κατά
954 2830 1015 2882 τὸ
1036 2828 1259 2883 δυνατὸν
1289 2824 1605 2896 ἀνθρώπους
1634 2825 1767 2877 εἶδέ·

190 2945 289 2981 ναι
311 2966 327 2987 ,
381 2928 415 2996 ἠ
468 2926 597 2995 περὶ
626 2921 760 2975 Θεοῦ
789 2939 849 2974 τε
901 2920 994 2974 καὶ
1023 2918 1133 2972 τῶν
1160 2916 1319 2970 θείων
1346 2914 1765 2983 ἐπαιωρουμένη

1853 1840 2021 1893 etiam
2064 1840 2211 1893 aliud
2269 1855 2541 1909 magnum
2572 1846 2628 1892 et
2668 1839 3028 1902 divinum,ut
3074 1848 3230 1908 puto,
3262 1856 3331 1893 ex
3349 1840 3434 1892 di-

1854 1930 1982 1983 vina
2019 1929 2498 1983 transformatione
2553 1929 2874 1998 mysterium
2929 1928 3094 1982 nobis
3135 1930 3432 1991 revelatur,

1856 2020 2034 2089 iisque
2094 2036 2217 2089 qua:
2273 2021 2385 2090 jam
2438 2020 2551 2074 dixi
2592 2020 2945 2073 luculentius.
3020 2019 3276 2072 Arbitror
3334 2035 3436 2088 per

1856 2109 2356 2163 transformationis
2398 2108 2713 2177 spectacula
2746 2107 2840 2160 illa
2890 2108 3003 2161 Deo
3039 2107 3437 2161 convenienter

1857 2217 1921 2254 ac
1953 2202 2114 2271 digne
2154 2201 2209 2255 in
2267 2209 2451 2254 monte
2510 2200 2659 2253 edita
2703 2196 2907 2252 divina:
2957 2196 3166 2252 Christi
3225 2207 3436 2253 natura:

1859 2292 1999 2343 duos
2054 2290 2284 2360 mystice
2334 2288 2580 2343 enarrari
2623 2288 2910 2357 generales
2940 2288 3154 2351 modos,
3195 2290 3432 2357 primum

1861 2382 2004 2445 dico,
2019 2390 2072 2435 et
2086 2382 2386 2450 simplicem
2406 2391 2633 2436 etcausa
2651 2390 2950 2443 carentem,
2965 2380 3188 2449 solaque
3204 2397 3266 2436 ac
3279 2380 3437 2450 plena

1860 2472 2150 2542 negatione
2198 2472 2445 2526 divinum
2508 2487 2704 2527 revera
2757 2472 3146 2535 allirmantem,
3180 2489 3243 2526 ac
3279 2473 3435 2526 fasti-

1862 2564 2009 2632 gium
2035 2565 2154 2632 ejus
2182 2579 2280 2631 per
2303 2572 2601 2632 stuporem,
2630 2564 2719 2617 cui
2740 2563 2918 2617 oratio
2945 2579 3054 2618 non
3086 2565 3349 2634 suppetit,
3378 2574 3437 2617 ut

1864 2670 1961 2722 par
1981 2662 2084 2717 est,
2111 2653 2499 2717 celebrantem,
2524 2662 2580 2709 et
2598 2655 2854 2719 alterum,
2872 2656 2966 2723 qui
2990 2656 3137 2710 hunc
3164 2656 3437 2725 sequitur,

1866 2744 2234 2813 compositum
2275 2753 2441 2814 atque
2474 2761 2573 2814 per
2605 2744 3023 2801 aﬁirmationem
3054 2748 3344 2816 magniﬁce
3370 2762 3439 2803 ex

1867 2836 2106 2891 causatis
2121 2835 2445 2904 probantem
2472 2854 2484 2889 :
2513 2837 2737 2905 quibus,
2762 2844 3037 2906 quatenus
3049 2830 3367 2892 hominibus
3382 2837 3439 2891 id

1869 2940 2030 2977 nosse
2056 2924 2248 2978 licebit
2273 2940 2539 2993 suspensa
2578 2925 2647 2979 de
2673 2926 2789 2980 Deo
2816 2927 2996 2995 deque
3045 2927 3249 2981 divinis
3276 2927 3441 2980 rebus

193 3016 404 3087 γνῶσις
445 3015 534 3069 διὰ
560 3014 668 3066 τῶν
699 3010 993 3084 προσφυῶν
1021 3011 1153 3079 ἡμῖν
1187 3006 1468 3079 συμϐόλων
1498 3007 1633 3077 πρὸς
1659 3007 1767 3076 ἁμ-

1871 3014 2111 3083 cognitio
2134 3014 2516 3083 per'Symbola
2573 3015 2735 3069 nobis
2787 3015 2982 3069 idonea
3021 3016 3089 3069 ad
3142 3016 3442 3086 utrumque

194 3109 463 3178 φοτέρους
492 3107 637 3176 ἡμᾶς
663 3104 788 3171 άγει
814 3103 940 3164 τοὺς
968 3100 1204 3170 τρόπους
1225 3138 1240 3160 ,
1290 3098 1356 3151 δι’
1377 3098 1632 3160 εὐσεϐοῦς
1663 3098 1771 3149 τῶν

195 3200 373 3252 ϐντων
418 3196 795 3265 κατανοήσεως
824 3191 1150 3261 ἀμφοτέρων
1184 3190 1314 3271 ἡμίν
1342 3188 1618 3257 ἐφιστῶσα
1646 3187 1771 3249 τοὺς

195 3291 429 3358 λόγους,
465 3287 562 3342 καὶ
590 3285 686 3339 τοῦ
717 3285 814 3356 μὲν
843 3282 1109 3354 προτέρου
1143 3282 1251 3333 πᾶν
1276 3279 1335 3333 τὸ
1364 3279 1503 3349 ὑπὲρ
1525 3278 1774 3348 αἴσθησιν

199 3380 477 3451 σύμϐολον
530 3373 671 3430 εἶναι
721 3374 1085 3437 διδάσκουσα,
1150 3369 1246 3424 τοῦ
1291 3369 1349 3422 δὲ
1394 3370 1645 3439 δευτέρου
1707 3370 1775 3421 τά

196 3471 328 3525 κατ’
368 3467 621 3537 αἴσθησιν
674 3464 995 3536 ἀθροιστικά
1039 3459 1177 3517 εἶναι
1230 3459 1558 3513 παιδεύουσα
1603 3475 1772 3529 μεγα-

196 3561 580 3632 λουργήματα.
623 3557 720 3609 Ἐκ
754 3556 864 3623 γὰρ
902 3552 1012 3607 τῶν
1046 3552 1185 3621 ὑπὲρ
1214 3549 1466 3619 αἴσθησιν
1496 3550 1776 3620 συμϐόλων

196 3654 309 3723 τὴν
379 3649 520 3718 ὑπὲρ
567 3647 724 3713 λόγον
790 3646 883 3698 καὶ
928 3637 1071 3711 νοῦν
1122 3640 1403 3710 ἀλήθειαν*
1428 3635 1565 3694 εἶναι
1620 3640 1776 3709 μόνον

203 3741 538 3808 πιστεύομεν
561 3778 579 3803 ,
630 3736 757 3806 περὶ
803 3734 898 3787 τοῦ
930 3732 982 3786 τί
1032 3734 1124 3784 καὶ
1154 3731 1271 3793 πῶς
1304 3729 1399 3783 καὶ
1424 3730 1615 3783 ὁποίαν
1638 3725 1778 3783 εἶναι

200 3836 304 3888 καὶ
350 3831 451 3885 ποῦ
520 3828 616 3883 καὶ
665 3828 795 3881 πότε
859 3825 981 3896 μηδ’
1014 3824 1150 3886 ὅλως
1208 3820 1511 3891 τολμῶντες
1558 3824 1779 3874 σκοπεῖν

202 3927 242 3995 ἦ
289 3924 488 3977 ἐννοεῖν
537 3919 891 3990 ἀνεχόμενοι,
949 3916 1049 3985 τῆς
1097 3915 1462 3985 ἐγχειρήσεως
1501 3913 1562 3966 τὸ
1590 3912 1781 3974 ἀσεϐὲς

204 4013 685 4086 παραιτούμενοι·
743 4011 809 4062 ἐκ
854 4007 910 4060 δὲ
961 4006 1069 4058 τῶν
1097 4005 1219 4058 κατ’
1241 4003 1509 4076 αἴσθησιν,
1545 4005 1619 4068 ώς
1652 4006 1782 4075 ἡμῖν

208 4110 330 4160 ἐστι
372 4103 597 4158 δυνατὸν
623 4142 638 4166 ,
695 4100 812 4154 κατ’
839 4097 1048 4150 ῑννοιαν
1082 4095 1241 4166 μόνον
1288 4095 1484 4166 ἰσχνῶς
1525 4095 1625 4164 τῆς
1657 4094 1784 4165 napi.

207 4196 351 4250 Θεοῦ
372 4192 623 4263 γνώσεως
647 4191 743 4253 τάς
767 4188 1013 4251 εἰκασίας
1032 4186 1399 4256 λαμϐάνοντες
1425 4185 1602 4240 πάντα
1624 4185 1783 4238 αὑτὸν

211 4284 359 4341 εἶναί
390 4300 570 4354 φαμεν
611 4283 710 4336 ὅσα
751 4283 816 4335 ἐκ
839 4278 948 4333 τῶν
972 4276 1138 4333 αὐτοῦ
1165 4277 1482 4347 ποιημάτων
1514 4275 1590 4340 ὡς
1616 4275 1785 4331 αἰτιον

213 4375 610 4446 ἐγνωρίσαμεν.

225 4624 358 4676 ὀτι
385 4620 479 4674 καὶ
509 4617 724 4672 ἑαυτοῦ
752 4615 933 4678 τύπος
955 4615 990 4667 ό
1018 4613 1232 4680 Κύριος
1258 4610 1464 4679 γέγονε
1494 4611 1643 4665 κατὰ
1677 4610 1789 4678 τὴν

504 4708 716 4761 ἑαυτοῦ
748 4706 845 4763 διὰ
878 4702 1102 4771 σαρκὸς
1141 4700 1505 4769 οἰκονομίαν.

298 4824 668 4891 Σκοπήσωμεν
700 4820 757 4872 δὲ
816 4819 865 4871 εἰ
906 4816 981 4887 μὴ
1022 4815 1204 4877 καλῶς
1250 4814 1468 4883 ἑκάστῳ
1497 4814 1605 4866 τῶν
1636 4815 1787 4885 είρη·

228 4916 410 4987 μένων
439 4898 659 4977 τρόπων
701 4908 843 4962 νατά
874 4907 974 4975 τὴν
1022 4905 1173 4959 θείαν
1215 4904 1430 4971 ἐκείνην
1458 4902 1555 4955 τοῦ
1584 4903 1789 4972 Κυρίου

227 5002 655 5075 μταμὸρφωσιν
703 5000 799 5053 καὶ
842 4998 1024 5067 σοφῶς
1073 4996 1369 5065 ἐνυπάρχει
1409 4994 1472 5047 τὸ
1504 4994 1790 5063 σύμϐολον.

224 5095 376 5149 Εἰδει
404 5092 513 5163 γὰρ
543 5091 706 5143 αὐτὸν
733 5088 854 5141 καθ’
892 5088 1041 5157 ἡμᾶς
1082 5086 1370 5156 ἀτρέπτως
1416 5084 1705 5154 κτισθῆναι
1727 5084 1794 5136 δι’

223 5186 471 5253 ἄμετρον
499 5178 910 5248 φιλανθρωπίαν
938 5177 1373 5245 καταδεξάμενον
1418 5173 1612 5228 ἑαυτοῦ
1641 5175 1796 5242 γενέ-

228 5271 361 5326 σθαι
382 5271 551 5321 τύπον
572 5269 667 5319 καὶ
693 5266 985 5334 σύμϐολον,
1033 5264 1127 5315 καὶ
1164 5261 1486 5332 παραδεῖξαι
1511 5264 1570 5329 ἐξ
1601 5262 1795 5315 ἑαυτοῦ

230 5356 582 5428 συμϐολικῶς
613 5354 826 5416 ἑαυτὸν,
863 5353 959 5405 καὶ
983 5351 1051 5404 δι’
1076 5349 1270 5403 ἑαυτοῦ
1301 5351 1631 5422 φαινομένου
1665 5349 1798 5417 πρὸς

230 5448 430 5503 ἑαυτὸν
473 5444 693 5515 ἀφανῶς
739 5444 916 5513 πάντη
958 5440 1336 5513 κρυπτόμενον
1387 5440 1797 5511 χειραγωγῆσαι

229 5540 337 5611 τὴν
389 5538 608 5592 ἅπασαν
660 5535 838 5588 κτίσιν
876 5534 973 5586 καὶ
1025 5532 1123 5601 τῆς
1162 5529 1403 5601 ἀφανοῦς
1443 5530 1536 5583 καὶ
1584 5528 1798 5582 πάντων

232 5630 495 5685 ἐπέκεινα
526 5625 936 5697 κρυφιομύστου
991 5624 1083 5677 καὶ
1128 5623 1218 5675 ὑπ’
1258 5621 1469 5684 οὐδενὸς
1496 5621 1605 5673 τῶν
1631 5619 1799 5673 ὄντων

230 5719 411 5776 οὔδενί
441 5717 502 5771 τὸ
533 5715 752 5771 σύνολον
777 5713 966 5783 τρόπῳ
994 5710 1251 5781 νοηθῆναι
1289 5709 1323 5779 ἢ
1356 5707 1611 5778 λεχθῆναι
1642 5705 1798 5758 δυνα-

1873 3104 2096 3157 modum
2124 3119 2225 3157 nos
2251 3104 2498 3168 deducit,
2552 3103 2683 3157 dum
2736 3119 2833 3173 per
2880 3105 3191 3175 religiosam
3254 3122 3441 3161 rerum

1872 3194 2699 3271 considerationem.amborum
2757 3198 3000 3251 rationes
3062 3198 3223 3252 nobis
3277 3199 3442 3265 sistit,

1872 3285 2076 3355 prioris
2103 3285 2325 3354 quidem
2356 3286 2665 3356 symbolum
2694 3286 3061 3356 quodcunque
3094 3302 3317 3342 sensum
3349 3305 3445 3344 ex-

1873 3374 2032 3429 cedat
2062 3390 2184 3429 esse
2215 3375 2442 3440 docens,
2496 3378 2725 3431 alterius
2751 3378 3036 3431 collectiva
3071 3393 3192 3432 esse
3221 3394 3342 3447 quae
3361 3379 3442 3439 ad

1875 3481 2094 3520 sensum
2128 3467 2440 3536 pertineant
2489 3483 2657 3536 opera
2692 3467 2999 3537 magniﬁca.
3046 3468 3124 3521 Ex
3182 3468 3445 3539 symbolis

1898 3559 2044 3611 enim
2071 3574 2192 3627 qua:
2221 3573 2443 3613 sensum
2469 3559 2741 3613 excedunt
2768 3560 3054 3613 veritatem
3083 3560 3351 3613 rationem
3389 3568 3448 3612 et

1877 3648 2213 3703 intellectum
2238 3660 2582 3718 superantem
2620 3650 2796 3704 solum
2818 3651 2981 3704 modo
3007 3651 3218 3705 censeri
3260 3650 3449 3705 existi-

1878 3755 2112 3802 mamus,
2130 3748 2186 3793 et
2202 3740 2403 3809 quidet
2429 3740 2704 3810 quomodo
2722 3750 2778 3794 et
2797 3742 2974 3809 qualis
2989 3758 3053 3795 ea
3078 3743 3169 3806 sit,
3193 3751 3251 3795 et
3273 3741 3365 3795 ubi
3393 3750 3452 3795 et

1878 3832 2100 3900 quando
2133 3846 2480 3901 nequaquam
2525 3832 2805 3901 inquirere
2832 3842 3093 3887 conantes
3120 3842 3215 3886 aut
3267 3842 3450 3886 mente

1881 3922 2163 3991 percipere
2204 3921 2558 3985 sustinentes,
2603 3921 3044 3990 quandoquidem
3100 3921 3328 3990 periculi
3373 3922 3452 3975 fa-

1880 4011 2063 4065 ciendi
2111 4010 2445 4080 impietatem
2465 4009 2644 4062 devita
2659 4025 2771 4063 nus
2800 4027 2814 4062 :
2849 4024 2915 4064 ex
2982 4009 3331 4063 sensualibus
3358 4024 3457 4061 au-

1882 4109 2014 4165 tem,
2076 4109 2341 4170 quantum
2393 4099 2447 4153 id
2481 4100 2639 4154 nobis
2664 4099 2815 4164 licet,
2847 4102 3083 4169 cogitatu
3112 4099 3455 4153 solummodo

1884 4191 2157 4246 subtiliter
2178 4192 2457 4260 capientes
2512 4206 2597 4243 res
2637 4189 2852 4243 divinas
2884 4188 3243 4258 cognoscendi
3273 4189 3458 4257 conje-

1886 4290 2071 4337 cturas
2105 4283 2275 4335 Deum
2310 4296 2430 4334 esse
2463 4280 3125 4348 statuimusqutecnnque
3148 4293 3215 4334 ex
3243 4287 3459 4333 creatu-

1823 4378 1863 4431 D
1897 4375 1972 4430 ris
2011 4375 2182 4444 ipsius
2232 4374 2669 4444 cognoverimus.

1896 4611 2047 4677 Quod
2088 4615 2246 4665 etiam
2281 4614 2444 4681 ipsius
2475 4614 2652 4680 imago
2681 4612 2937 4665 Dominus
2973 4611 3132 4679 fuerit
3176 4611 3461 4662 secundum

2173 4720 2327 4755 suam
2358 4719 2453 4772 per
2480 4719 2695 4755 carnem
2725 4701 3180 4771 dispensationem.

1966 4817 2393 4871 Consideremus
2428 4826 2613 4868 autem
2656 4830 2838 4867 annon
2872 4829 3031 4868 suum
3069 4813 3302 4881 quisque
3326 4826 3466 4881 quos

1900 4908 2011 4962 dixi
2071 4907 2358 4960 modorum
2398 4905 2700 4959 secundum
2755 4904 2997 4957 divinam
3044 4905 3200 4957 illam
3249 4904 3466 4957 Domini

1900 5001 2433 5056 transformationem
2466 5000 2607 5051 bene
2635 5009 2796 5065 atque
2818 4998 3097 5065 sapienter
3122 5011 3281 5048 suum
3311 5004 3468 5049 tuea-

1902 5104 1991 5145 tur
2032 5091 2359 5161 symbolum.
2409 5089 2604 5156 Specie
2629 5087 2773 5139 enim
2814 5101 2941 5138 eum
2984 5085 3237 5139 humanae
3276 5085 3463 5148 simili,

1902 5183 1997 5235 sed
2041 5196 2151 5234 non
2183 5187 2389 5232 mutata
2419 5178 2591 5244 ipsius
2620 5184 2838 5235 natura,
2871 5174 3153 5227 conditum
3187 5190 3307 5228 esse
3338 5190 3471 5243 pro-

1902 5281 2023 5340 pter
2044 5270 2309 5322 inlinitam
2339 5282 2493 5320 suam
2522 5265 2574 5318 in
2599 5279 2773 5333 genus
2798 5264 3098 5316 humanum
3121 5263 3469 5317 clementiam

1904 5364 1990 5417 sui
2034 5363 2206 5431 ipsius
2252 5358 2558 5430 symbolum
2617 5368 2782 5426 atque
2838 5357 3131 5425 imaginem
3180 5356 3299 5410 fieri
3358 5371 3467 5409 non

1907 5462 2270 5513 recusantem,
2312 5461 2477 5519 atque
2508 5465 2575 5503 ex
2624 5465 2683 5503 se
2716 5450 2835 5517 ipso
2871 5462 2930 5501 se
2959 5448 3137 5516 ipsum
3171 5446 3470 5515 symbolice

1857 5590 1861 5593 τ
1905 5544 2307 5602 demonstrare,
2363 5554 2571 5607 perque
2621 5553 2774 5591 suam
2828 5537 3202 5607 apparentiam
3232 5536 3299 5589 ad
3327 5550 3471 5613 sese,

1905 5632 1999 5703 qui
2043 5632 2097 5685 in
2157 5630 2495 5684 obscuritate
2548 5628 2754 5696 ubique
2801 5628 2958 5691 latet,
3009 5642 3228 5680 omnem
3276 5624 3468 5688 cendi-

1910 5726 2114 5778 tionem
2160 5720 2860 5789 deducere,-obscur2que
2906 5725 2963 5771 et
3008 5717 3254 5771 onmium
3312 5715 3471 5784 longe
