4192 6434
788 336 921 400 1167
1959 334 2020 393 S.
2062 333 2350 393 MAXIM!
2392 334 2443 393 C1

2392 333 2903 397 CONFESSORIS
3911 343 4043 411 ιιαι

784 439 1110 495 difﬁcillimo
1173 436 1437 509 mysterio
1490 436 1766 491 obvoluta:
1811 448 1868 491 ct
1920 452 2041 506 quae
2099 438 2168 491 ab
2218 437 2356 501 ullo,
2389 450 2430 503 Α

2389 450 2430 503 Α
2464 441 2633 511 μένης
2666 442 2847 513 (163
2874 444 2931 512 ὸ)
2962 444 3216 514 ἀπειρίας
3262 445 3360 508 τὶς
3407 448 3663 515 ἐκεξανείς
3703 448 3791 503 διὰ
3841 455 4043 521 σαρκὸς

781 540 1054 600 quotquot
1085 530 1187 583 hac
1212 529 1325 582 vita
1346 528 1608 593 fruimur,
1659 528 2085 597 haudquaquam
2128 527 2358 597 intelligi

2459 530 2753 601 θεουργίας
2785 534 3097 603 ἀνθρώποις
3132 537 3398 606 παρέχειν
3431 538 3831 608 φιλανθρώπως
3865 544 4041 613 μηνύ-

780 632 840 676 et
884 622 1028 677 edici
1075 621 1268 689 possit.
1323 619 1611 674 inﬁnitatis
1645 620 1926 675 luculenta
1955 635 2055 690 per
2105 621 2359 674 incarua-
2462 636 2631 689 ματα.

780 714 986 769 tionem
1036 711 1358 766 hominibus
1395 720 1655 781 praestare
1699 712 1927 767 indicia.

987 897 1375 968 Contemplatio
1417 897 1666 966 fulgentis
1719 898 1926 955 Domini
1964 898 2137 966 faciei.
2528 896 2642 959 Θεω

2528 893 2746 962 Θεωρία
2800 894 2906 948 τοῦ
2962 895 3392 964 damma-artae
3456 897 3782 966 προσώπου
3861 902 3974 957 τοῦ

3121 988 3370 1055 Κυρίου--

845 1098 1118 1168 Splendor
1160 1098 1328 1167 igitur
1356 1096 1515 1151 faciei
1574 1097 1789 1150 Domini
1852 1096 1865 1133 ι
1903 1096 2129 1151 vincens
2160 1097 2354 1151 Imma-

2525 1096 2599 1150 Τὸ
2623 1098 2806 1151 τοίνυν
2837 1098 2953 1167 φῶς
2984 1103 3077 1151 τοῦ
3107 1101 3401 1169 προσώπου
3428 1107 3522 1158 τοῦ
3547 1108 3753 1178 Κυρίου
3789 1110 3854 1163 τὸ
3882 1110 4036 1176 νικῆ-

775 1204 903 1242 nam
953 1188 1350 1242 beatitudinem
1391 1185 1653 1255 apostolis
1686 1185 1951 1254 negativm
1979 1194 2066 1240 est
2113 1186 2354 1256 mystica:

2457 1206 2556 1243 σαν
2582 1190 2683 1261 τῆς
2709 1190 3058 1259 ἀνθρωπίνης
3096 1192 3374 1261 μακαρίας
3414 1195 3736 1259 ἀποστόλοις
3781 1200 3885 1269 τῆς
3917 1201 4036 1253 κατ’

773 1279 976 1333 Christi
1027 1279 1120 1332 Dei
1169 1287 1399 1339 naturae,
1442 1292 1551 1344 qua
1608 1276 1766 1330 beata
1806 1285 1968 1345 atque
2016 1286 2204 1330 sancta
2265 1276 2353 1329 di-

2452 1282 2727 1349 ἀπόφασιν
2760 1282 3029 1351 μυστικῆς
3053 1281 3355 1349 θεολογίας,
3391 1285 3515 1337 καθ’
3546 1287 3628 1357 δή
3661 1291 3915 1360 μακαρία
3946 1293 4035 1343 καὶ

776 1368 980 1420 vinitas
1027 1365 1333 1420 secundum
1380 1364 1677 1418 essentiam
1718 1364 2007 1431 plusquam
2067 1363 2352 1417 inenarra-

2450 1374 2580 1439 ἁγία
2628 1373 2819 1441 θεότης
2876 1374 2995 1424 κατ’
3052 1373 3240 1424 οὐσίαν
3296 1377 3443 1427 ἐστὶν
3506 1378 3895 1448 ὑπεράρῤητος
3943 1383 4034 1433 καὶ

777 1454 906 1508 bilis
964 1463 1019 1507 ct
1064 1455 1355 1522 plusquam
1419 1454 1694 1521 incognita
1744 1463 1799 1506 et
1864 1452 2011 1506 omni
2082 1454 2353 1509 inﬁnitate

2451 1462 2872 1531 ὑπεράγνωστος
2918 1462 3014 1515 καὶ
3070 1462 3254 1531 πάσης
3322 1464 3577 1537 ἀπειρίας
3617 1470 3919 1538 ἀπειράκις
3949 1472 4031 1536 ἐξ·

779 1545 991 1597 inﬁnite
1044 1547 1298 1614 superior
1341 1559 1410 1596 nc
1464 1542 1754 1611 vestigium
1792 1543 2016 1611 quidem
2054 1545 2225 1597 ullum
2266 1546 2351 1599 vel

2448 1552 2720 1621 ῃρημένη,
2750 1551 2856 1604 οὐδ’
2883 1551 3027 1620 ἴχνος
3057 1550 3192 1613 ὅλως
3222 1554 3578 1624 καταλήψεως
3611 1558 3713 1611 κᾶν
3744 1560 3906 1627 ψιλὸν
3924 1566 4034 1625 τοῖς

778 1644 943 1688 tenue
990 1632 1503 1704 comprehensionis
1528 1634 1595 1686 iis
1624 1648 1745 1702 qua:
1782 1643 1902 1701 post
1934 1649 1990 1687 se
2033 1635 2220 1699 habet,
2261 1651 2349 1690 re-
2385 1694 2423 1716 η

2385 1694 2423 1716 η
2456 1643 2575 1709 μετ’
2603 1641 2776 1712 αὐτὴν
2816 1641 3213 1710 καταλείψασα,
3258 1643 3378 1695 οὐδὲ
3428 1645 3525 1716 τὴν
3566 1648 3681 1712 πῶς
3708 1650 3815 1703 κᾶν
3854 1653 4031 1715 πόσιος

774 1727 997 1796 linquit,
1044 1742 1145 1781 nec
1177 1725 1458 1794 quomodo
1500 1726 1584 1777 vel
1617 1726 1967 1794 aliquatenus
2000 1726 2190 1780 eadem
2220 1727 2352 1780 unio
2385 1694 2424 1748 Β

2385 1694 2424 1748 Β
2517 1733 2655 1801 αὑτὴ
2673 1694 2768 1785 καὶ
2800 1733 2970 1802 μονάς
2999 1701 3115 1787 ἔστι
3142 1694 3236 1788 καὶ
3262 1735 3420 1805 τριὰς
3441 1694 4030 1808 εὖνολξῖὲᾷῖέῖσξιζξῖξ

775 1817 846 1869 sit
890 1826 947 1869 ct
993 1817 1231 1877 trinitas,
1278 1815 1693 1884 intelligendum
1731 1815 1825 1867 ulli
1874 1830 2067 1868 eorum
2099 1816 2195 1883 qui
2227 1824 2355 1869 sunt

2449 1823 2558 1876 τῶν
2590 1824 2781 1888 ὄντων,
2809 1826 2996 1896 ἐπειδὴ
3032 1826 3166 1897 μηδὲ
3218 1828 3508 1897 χωρείσθαι
3556 1831 3734 1883 κτίσει
3777 1833 3841 1886 τὸ
3881 1834 4030 1887 ἄκτι-

774 1906 1086 1970 eoncessit;
1115 1904 1561 1973 quandoquidem
1603 1919 1633 1957 a
1672 1912 1925 1957 creatura
1963 1903 2016 1957 id
2061 1903 2208 1973 quod
2244 1919 2352 1957 non

2452 1934 2575 1969 στον
2601 1919 2832 1986 πέφυκε,
2865 1920 2999 1989 μηδὲ
3031 1920 3401 1974 πεοινοεϊσθαι
3435 1924 3548 1985 τοῖς
3592 1926 4029 1995 πεπερασμένος

775 2005 1019 2051 creatum
1062 2001 1146 2049 est
1197 1994 1318 2062 capi
1370 1995 1584 2061 nequit,
1631 2009 1811 2062 neque
1839 1994 2170 2064 cogitatione
2202 2009 2354 2049 com-
2450 2008 2511 2061 τδ
2540 2009 2785 2080 ἄπειρον.

776 2088 1046 2157 prehendi
1092 2102 1123 2141 a
1164 2086 1335 2140 ﬁnitis
1381 2084 1680 2139 inﬁnitum.

918 2277 1305 2349 Contemplatio
1346 2279 1401 2330 in
1436 2275 1723 2329 luminosae
1768 2273 1981 2328 Domini
2020 2282 2203 2329 vestes.
2566 2285 2573 2321 t

2566 2274 2785 2341 Θεωρία
2810 2276 2899 2340 εἰς
2933 2274 3007 2329 τὰ
3033 2278 3195 2345 φανὰ
3220 2277 3325 2331 τοῦ
3351 2280 3573 2347 Κυρίου
3598 2279 3925 2349 ἐνδύματα.

848 2390 1245 2448 Alﬁrmativum
1278 2395 1462 2443 autem
1514 2386 1737 2440 modum
1785 2386 1840 2440 in
1887 2386 2119 2439 activam
2168 2386 2324 2454 provi

2528 2383 2631 2438 Τὸν
2659 2385 2715 2438 δὲ
2744 2388 3119 2454 καταφατικὸν
3152 2389 3351 2460 τρόπον
3380 2388 3458 2452 εἷς
3492 2407 3552 2443 τε
3589 2390 3680 2443 τὸν
3716 2391 3841 2443 κατ’
3882 2392 4030 2461 ἐνέρ-

776 2484 1022 2539 dentiam
1071 2479 1415 2551 etjudicium
1448 2478 1769 2532 distinetmn
1797 2475 2081 2546 suspicor:
2110 2475 2349 2545 primum

2457 2492 2614 2543 γειαν
2641 2477 2900 2546 πρόνοιάν
2932 2496 2992 2531 τε
3026 2479 3121 2532 καὶ
3147 2480 3327 2550 κρίσιν
3362 2480 3743 2552 διαιρούμενον
3762 2498 3776 2515 ο
3800 2482 3897 2535 τὸν
3932 2484 4030 2553 μὲν

777 2575 1023 2646 quidem,
1068 2573 1171 2627 hoc
1213 2581 1298 2627 est
1349 2571 1614 2634 activum,
1665 2570 1759 2639 qui
1814 2585 1881 2622 cx
1941 2568 2351 2638 pulchritudine

2457 2567 2578 2618 κατ’
2604 2566 2911 2636 ἐνέργειαν,
2940 2566 3032 2619 τὸν
3059 2568 3122 2621 ὲκ
3154 2569 3418 2638 καλλονῆς
3446 2572 3492 2603 ⁹¹
3516 2572 3610 2623 καὶ
3639 2572 3910 2641 μεγέθους
3927 2573 4030 2625 τῶν

775 2676 833 2723 et
848 2665 1226 2735 magnitudine
1245 2673 1625 2718 creaturarum
1642 2662 1812 2715 Deum
1836 2660 2210 2715 universitatis
2230 2675 2349 2714 esse
2394 2667 2397 2671 '

2394 2667 2397 2671 ‘
2456 2656 2775 2726 κτισμάτων
2803 2658 2900 2728 τὴν
2937 2660 3067 2728 περὶ
3091 2659 3185 2712 τοῦ
3218 2658 3560 2731 δημιουργὸν
3584 2655 3723 2713 εἶναι
3752 2660 3868 2715 τῶν
3896 2662 4032 2715 ὅλων

776 2759 1045 2815 artiﬁcem
1066 2755 1247 2825 colligi
1268 2755 1447 2825 jubet,
1470 2770 1568 2823 per
1591 2753 1908 2822 splendidas
1927 2752 2144 2805 Domini
2173 2764 2352 2806 vestes

2455 2744 2546 2796 τὸν
2594 2743 2728 2796 Θεὸν
2771 2746 3157 2817 εἰσηγούμενον
3193 2748 3447 2814 δήλωσιν,
3484 2750 3573 2802 διὰ
3614 2752 3723 2802 τῶν
3758 2751 4033 2823 λαμπρῶν

776 2848 1139 2912 manifestari,
1191 2861 1328 2915 quas
1379 2844 1570 2899 Sermo
1616 2844 1671 2896 in
1725 2852 2011 2897 creaturas
2068 2842 2202 2897 visui
2250 2856 2346 2910 ap-

2456 2834 2781 2905 ὲσθημάτων
2810 2834 2903 2888 τοῦ
2936 2837 3143 2908 Κυρίου
3166 2838 3631 2910 δηλοῦσθαι,ἇπερ
3648 2843 3725 2905 εἰς
3752 2842 3821 2895 τὰ
3844 2844 4034 2911 φαινό-

774 2950 1036 3012 parentes
1070 2938 1369 3008 productas
1406 2933 1672 2989 ostendit.

2459 2943 2595 2997 μενα
2624 2926 2899 2997 κτίσματα
2942 2928 3300 2998 πῳεκλαόὼν
3325 2932 3355 2983 ό
3382 2932 3555 2999 Λόγος
3581 2933 3883 2999 ἀπέδειξεν.

1097 3115 1477 3185 Contemplatio
1518 3112 1627 3166 alia
1665 3113 1720 3164 in
1759 3110 1991 3179 Moysen.
2372 3110 2418 3171 C
2732 3109 2752 3159 ε

2372 3110 2418 3171 c
2732 3107 2949 3174 Θεωρία
2988 3105 3147 3173 ἄλλη
3175 3110 3262 3171 εις
3288 3105 3394 3162 τὸν
3418 3107 3700 3175 Μωῦσῆν.

847 3230 1214 3290 Providentia:
1242 3236 1426 3281 autem
1461 3225 1683 3278 modum
1732 3239 1831 3292 per
1875 3222 2093 3292 Moysen
2133 3221 2345 3291 signiﬁ-

2522 3216 2625 3269 Τὸν
2679 3216 2735 3270 δὲ
2776 3217 2914 3271 κατὰ
2962 3219 3215 3287 πρόνοιαν
3252 3218 3453 3288 τρόπον
3499 3218 3583 3273 διὰ
3624 3219 3718 3272 τοῦ
3746 3220 4030 3285 Μωῦσέως

776 3324 913 3386 cari,
974 3330 1035 3376 ut
1075 3336 1197 3390 qua:
1248 3318 1546 3373 clementer
1592 3330 1783 3369 errore
1838 3314 2028 3368 eximit
2077 3314 2347 3383 pravitate

2455 3307 2837 3377 σημαίνεσθαι,
2860 3307 2935 3371 ὡς
2960 3308 3170 3378 πλάνης
3195 3308 3587 3380 φιλανθρώπως
3631 3310 4031 3381 ἐξαιρουμένην

775 3423 1082 3484 correptos,
1123 3420 1286 3481 atque
1322 3408 1516 3464 modos
1550 3407 1910 3476 profectionis
1952 3403 2020 3459 ad
2063 3405 2250 3459 divina
2293 3412 2350 3459 et

2454 3400 2581 3461 τοὺς
2605 3400 2777 3470 κακίᾳ
2810 3399 3292 3469 συνειλημμένους,
3322 3400 3413 3452 καὶ
3438 3401 3565 3462 τοὺς
3586 3402 3817 3471 τρόπους
3844 3404 4030 3471 σοφῶς

777 3504 1161 3562 immaterialia
1199 3510 1254 3557 et
1284 3498 1647 3568 incorporalia
1673 3514 1703 3552 a
1735 3498 2116 3552 materialibus
2140 3507 2195 3552 et
2224 3514 2347 3552 cor-

2445 3493 2559 3553 τοῖς
2599 3490 2909 3560 ἀνθρώποις
2959 3490 3433 3546 διαποικίλλουσαν
3462 3491 3564 3561 τῆς
3615 3493 3751 3562 πρὸς
3794 3492 3867 3546 τὰ
3906 3493 4027 3547 θεῖα

778 3595 1137 3666 ruptibilibus
1181 3600 1237 3645 et
1281 3588 1665 3660 corporalibus
1700 3588 2020 3642 hominibus
2070 3588 2349 3657 sapienter

2446 3580 2543 3631 καὶ
2574 3579 2716 3633 ᾶῦλα
2742 3580 2836 3633 καὶ
2864 3580 3133 3650 ἀσώματα
3168 3582 3276 3634 ἀπὸ
3318 3581 3425 3634 τῶν
3468 3582 3668 3636 ὕλικῶν
3711 3587 3807 3637 καὶ
3848 3584 4028 3655 φθαρ-

776 3689 1090 3759 distinguit,
1142 3684 1455 3753 divinisque
1504 3681 1717 3752 legibus
1766 3680 2069 3751 prudenter
2097 3680 2277 3735 fulcit.

2444 3670 2555 3722 τῶν
2586 3672 2678 3725 καὶ
2712 3672 3044 3742 σωματικῶν
3085 3674 3387 3743 ἐκδημίας,
3438 3675 3533 3727 καὶ
3571 3676 3682 3739 τοῖς
3731 3675 3899 3739 θείοις
3941 3676 4028 3729 νό-

2448 3778 2570 3829 μοις
2599 3763 2977 3832 ἐπιστημόνως
3010 3763 3311 3834 ὲρείδουσα.

1127 3939 1511 4012 Contemplatio
1545 3938 1656 3993 alia
1699 3940 1755 3991 in
1793 3938 1994 3993 Eliam.
2592 3938 2776 4009 (164

2592 3938 2776 4009 (164
2804 3941 2860 4007 α)
2908 3939 3128 4008 Θεωρία
3165 3939 3325 4007 ἄλλη
3362 3942 3449 4007 εις
3489 3941 3599 3995 τὸν
3630 3944 3854 3998 Ἠλίαν.

847 4056 1049 4115 Judicii
1072 4071 1205 4111 vero
1225 4053 1450 4108 modum
1479 4068 1577 4123 per
1596 4052 1772 4107 Eliam
1796 4052 2117 4122 signiﬁcari,
2141 4060 2202 4106 ut
2228 4068 2351 4123 qua:

2518 4047 2623 4100 Τὸν
2675 4048 2732 4100 δὲ
2780 4050 2882 4118 τῆς
2937 4049 3172 4117 κρίσεως
3202 4051 3405 4121 τρόπον
3454 4052 3542 4106 διὰ
3590 4052 3688 4107 τοῦ
3750 4022 3936 4109 Ἠλίου
3978 4058 4024 4090 ⁸³

777 4158 889 4205 tam
906 4147 1076 4204 verbo
1087 4160 1250 4215 quam
1262 4143 1409 4197 facto
1420 4143 1559 4197 alios
1576 4143 1879 4197 secundum
1898 4142 2152 4197 meritum
2166 4145 2347 4213 punit,

2450 4139 2771 4210 μηνύεσθαι,
2829 4141 2905 4204 ὡς
2963 4141 3107 4211 λόγῳ
3153 4159 3215 4195 τε
3268 4140 3364 4196 καὶ
3394 4142 3540 4214 ἔργῳ
3576 4146 3703 4209 τοὺς
3749 4146 3853 4216 μὲν
3896 4149 4022 4202 κατ’

778 4242 918 4298 alios
955 4235 1330 4309 prosequitur,
1363 4235 1437 4288 ita
1483 4242 1543 4286 ut
1568 4232 1876 4287 secundum
1905 4232 2206 4303 subiectam
2230 4249 2348 4287 ma-

2446 4229 2607 4295 ἀξίαν
2646 4231 3085 4301 τιμωρουμένης,
3125 4232 3254 4295 τοὺς
3285 4232 3344 4286 δὲ
3391 4237 3762 4305 περιεπούσης
3794 4236 3884 4291 διὰ
3925 4239 4021 4292 τοῦ

777 4333 973 4388 teriam
1008 4337 1064 4384 et
1108 4326 1427 4397 qualitatem
1458 4325 1541 4378 vel
1573 4323 1798 4378 virtutis
1819 4324 1903 4377 vel
1934 4324 2221 4393 pravitatis
2244 4340 2345 4393 pro
2376 4333 2420 4387 ι)

2376 4333 2420 4387 ι)
2447 4319 2590 4372 κατά
2637 4320 2737 4391 τὴν
2790 4322 3159 4393 ὑποκειμένην
3202 4323 3337 4395 ὓλην
3390 4340 3451 4377 τε
3500 4325 3595 4379 καὶ
3626 4327 3889 4398 ποιότητα
3918 4329 4020 4398 τῆς

776 4421 978 4477 merito
999 4418 1429 4487 uniuscujusque
1446 4415 1803 4469 attribuatur.
1832 4414 1959 4469 llaec
1983 4413 2130 4469 enim
2162 4414 2347 4469 omnia

2443 4412 2643 4481 ἀρετῆς
2696 4411 2729 4481 ῆ
2790 4412 2890 4481 τῆς
2941 4412 3143 4475 κακίας
3196 4413 3415 4483 ἑκάστῳ
3476 4416 3800 4485 προσφόρως
3846 4415 4021 4485 αὐτὴν

776 4526 899 4583 qua:
945 4510 1127 4565 adhuc
1172 4507 1554 4577 quaerebamus
1595 4506 1664 4561 de
1696 4512 1963 4575 przcsente
2001 4521 2171 4560 sacra:
2197 4505 2346 4561 Scri-

2445 4503 2799 4573 άρμόζεσθαι.
2850 4504 2893 4554 Τ
2898 4503 3038 4557 αὕτα
3076 4504 3186 4574 γὰρ
3219 4506 3399 4558 πάντα
3444 4505 3512 4558 τά
3562 4506 4020 4578 προθεωρηθέντα

776 4611 952 4672 ptum
974 4600 1096 4654 loco
1115 4599 1331 4669 Moyses
1359 4605 1525 4666 atque
1552 4597 1722 4659 Elias,
1756 4595 1810 4648 id
1841 4594 1990 4664 quod
2012 4595 2079 4648 iis
2114 4595 2347 4649 maxime

2442 4593 2585 4645 κατά
2613 4592 2705 4645 τὺν
2734 4592 2976 4663 παρόντα
3001 4593 3100 4663 τῆς
3131 4595 3293 4662 ἁγίας
3320 4594 3543 4664 Γραφῆς
3580 4596 3744 4649 τόπον
3774 4599 4020 4669 Μωῦσῆς

776 4692 935 4748 licuit
968 4690 1061 4761 qui
1089 4705 1179 4745 res
1206 4689 1424 4744 divinas
1468 4689 1649 4759 typice
1676 4702 1774 4756 per
1811 4702 1939 4740 suas
1982 4686 2225 4755 ipsorum
2258 4701 2348 4751 res

2442 4700 2503 4737 τε
2528 4685 2623 4738 καὶ
2658 4684 2865 4747 Ἥλίας,
2895 4684 2971 4746 ὡς
2998 4685 3129 4756 ὲνῆν
3158 4686 3393 4756 μάλιστα
3416 4687 3547 4749 τοὺς
3590 4687 3658 4741 τὰ
3700 4687 3821 4741 θεῖα
3855 4706 4017 4743 τυπι-

777 4782 1204 4845 adumbrabant,
1244 4781 1361 4836 suis
1405 4790 1636 4849 uterque
1685 4778 1889 4848 quibus
1916 4776 2051 4831 vixit
2077 4777 2344 4847 tempori-

2448 4776 2561 4839 κῶς
2610 4776 2678 4830 δι’
2711 4776 2923 4830 ἑαυτῶν
2970 4776 3393 4849 ὑπογράφοντας
3440 4781 3760 4849 πράγματα,
3806 4782 3870 4834 ιν
3904 4785 4017 4846 τοῖς

776 4872 900 4937 bus,
936 4881 996 4926 ut
1030 4879 1306 4933 narratur,
1337 4878 1590 4938 egerunt,
1621 4874 1678 4923 et
1703 4882 1827 4921 cum
1871 4866 1980 4920 illis
2007 4866 2345 4921 conveniunt

2447 4865 2569 4920 καθ’
2589 4868 2781 4921 ἑαυτὸν
2810 4868 3069 4939 ἑκάτερος
3118 4870 3331 4939 χρόνοις
3372 4869 3493 4923 καθ’
3538 4871 3777 4941 ἱστορίαν
3825 4873 4020 4943 είργά-

776 4977 898 5031 qum
931 4976 1031 5029 pro
1074 4958 1555 5028 contemplationis
1602 4958 1766 5013 modo
1804 4958 2177 5027 exposuimus.

2450 4974 2635 5022 σαντο,
2662 4956 2920 5028 ἐμφερῶς
2944 4958 3137 5029 ἔχοντα
3173 4959 3308 5029 πρὸς
3350 4959 3418 5012 τὰ
3462 4960 3729 5029 εἰρημένα
3756 4962 3903 5015 κατὰ
3931 4961 4020 5015 τὸν

2447 5050 2545 5119 τῆς
2574 5048 2803 5119 θεωρίας
2825 5050 3045 5119 τρόπον.

779 5218 1161 5289 Contemplatio
1193 5218 1256 5271 de
1286 5216 1477 5287 Moysi:
1525 5225 1574 5269 et
1612 5217 1742 5272 Elite
1775 5220 1831 5273 in
1875 5220 2345 5291 transﬁguratione

2455 5228 2672 5295 Θεωρία
2704 5227 2835 5295 περὶ
2867 5226 2975 5293 τῆς
3005 5224 3154 5293 πρὸς
3188 5226 3296 5280 τὸν
3324 5228 3544 5294 Κύριον
3576 5225 3727 5280 κατὰ
3770 5226 3888 5293 τὴν
3909 5246 4015 5297 με·

1212 5326 1331 5363 cum
1362 5308 1584 5361 Domino
1632 5309 1911 5381 colloquio.
2520 5319 2867 5386 tapdpgomo'u

2520 5319 2892 5386 ταρόρφωσιν
2918 5316 3234 5383 ὄιαλέξεως
3253 5318 3545 5381 Μωῡσέως
3572 5319 3671 5373 καί
3716 5318 3945 5375 Ἠλίου.

851 5426 929 5480 Ex
960 5421 1235 5490 colloquio
1258 5428 1442 5475 autem
1476 5435 1669 5476 eorum
1692 5436 1828 5481 cum
1857 5422 2087 5476 Domino
2112 5432 2168 5477 et
2195 5427 2339 5492 quod

2534 5430 2627 5483 Ἐκ
2656 5430 2713 5482 δὲ
2744 5429 2837 5484 τοῦ
2875 5430 3151 5485 συλλαλεῖν
3183 5432 3379 5496 αὐτοὺς
3420 5431 3505 5507 τῷ,
3534 5432 3745 5500 Κυρίῳ,
3782 5434 3883 5488 καὶ
3920 5432 4015 5499 τὴν

861 5537 877 5578 ι
914 5538 1102 5592 Μαιιιιο
1131 5551 1261 5602 “"v
1295 5536 1351 5589 9·
2060 5605 2290 5661 unm:
2329 5608 2734 5667 LECTIONES.

850 5704 899 5739 ”
930 5704 1163 5774 καλονῆς
1189 5701 1357 5758 habet
1388 5700 1513 5756 cod.
1546 5699 1690 5755 Gud.
1766 5701 1814 5733 "
1843 5699 1995 5769 ὴλιού
2023 5701 2147 5757 cod.
2180 5702 2323 5757 Gud.
2355 5704 2466 5761 Nec
2496 5707 2662 5763 semel
2708 5706 2799 5765 ita.
