4192 6434
224 386 366 453 1169

1456 392 1968 454 AMBIGUORUM
2004 393 2252 453 LIBER.

3330 381 3462 448 11ῖο

215 502 398 568 ἔξοδον
431 504 614 574 λέγειν
660 506 728 577 ἢν
763 507 958 578 ἔμελλε
1013 507 1259 578 πληροῦν
1310 509 1369 563 ὲν
1414 505 1795 580 Ἰερουσαλὴμ,

1906 509 2068 562 ﬁnem
2122 510 2441 564 indixerunt
2470 523 2634 578 quem
2661 505 3054 575 Hierosolymis
3097 502 3480 570 oompleturus

213 595 280 647 οὐ
333 596 494 666 μόνον
538 597 638 669 τὴν
677 598 766 652 ἐπ’
813 597 963 671 αύτῷ
990 599 1090 652 διά
1132 599 1300 669 νόμου
1345 602 1436 654 καὶ
1490 601 1790 671 προφητῶν

215 687 754 759 προκεκηρυγμένην
808 688 918 742 τῶν
989 691 1308 762 μυστηρίων
1347 690 1572 744 ἔκϐασιν
1617 690 1792 744 ἐδιδά-

217 789 435 841 σκοντο,
477 773 595 830 ἀλλ’
632 775 764 841 ἴσως
810 778 907 832 καὶ
955 779 1018 832 τὸ
1067 779 1140 850 μὴ
1184 779 1390 849 ληπτὸν
1433 775 1574 834 εἰναι
1607 779 1796 850 μηδενὶ

217 864 452 918 καθόλου
488 866 599 920 τῶν
647 867 818 922 ὄντων
855 869 918 922 τδ
954 869 1128 940 πέρας
1158 869 1261 939 τῆς
1288 870 1532 942 ἀρρήτου
1569 869 1697 938 περὶ
1734 869 1796 922 τὸ

217 953 333 1005 πᾶν
351 952 546 1023 βουλῆς
573 954 670 1008 τοῦ
703 955 841 1010 Θεοῦ
868 957 1097 1011 καὶτῶν
1118 957 1209 1012 ἐπ’
1232 958 1372 1029 αὐτῇ
1406 957 1565 1012 θείων
1591 960 1798 1011 οἰκονο-

223 1045 389 1112 μιῶν,
433 1047 574 1118 πλὴν
609 1049 710 1118 τῆς
744 1051 988 1121 μεγάλης
1033 1051 1198 1105 αὐτοῦ
1240 1050 1498 1123 προνοίας
1533 1052 1630 1105 καὶ
1673 1050 1800 1122 κρί-

224 1149 389 1198 σεως,
421 1135 490 1188 δι’
538 1129 617 1190 ῶν
659 1139 741 1201 εἰς
782 1139 845 1193 τὸ
881 1141 1028 1214 μόνῳ
1074 1141 1153 1212 τῷ
1199 1141 1320 1214 Θεῷ
1353 1143 1801 1214 προεγνωσμένον

219 1222 380 1287 τέλος
408 1224 470 1278 τὸ
499 1227 608 1280 πᾶν
639 1227 922 1294 εὐτάκτως
959 1231 1264 1301 ἐπείγεται,
1303 1234 1442 1304 ὅπερ
1469 1233 1673 1294 πάντες
1705 1233 1802 1302 μὲν

219 1312 427 1382 ὁμοίως
448 1315 725 1387 ἠγνόησαν
770 1320 915 1374 κατά
932 1320 995 1376 τὸ
1019 1322 1074 1376 τί
1099 1339 1230 1376 ποτε
1268 1317 1406 1377 εἰναι
1439 1324 1536 1377 καὶ
1564 1323 1679 1382 πῶς
1708 1322 1804 1377 καί⁵

221 1409 378 1459 ποῖον
409 1409 502 1462 καὶ
536 1409 690 1476 πότε,
738 1412 890 1480 μόνοι
924 1414 982 1468 δὲ
1022 1415 1238 1486 ἀληθῶς
1280 1416 1439 1486 μόνον
1485 1415 1804 1484 ἐπέγνωσαν

221 1496 445 1551 ἔσεσθαι
483 1499 532 1552 οἰ
560 1500 662 1571 τὴν
692 1500 870 1574 ψυχὴν
916 1505 1140 1576 ἀρεταῖς
1177 1507 1586 1578 ἐκκαθάραντες
1633 1508 1802 1574 ἅγιοι,

222 1585 328 1639 καὶ
363 1586 501 1656 πρὸς
535 1588 603 1642 τά
627 1589 747 1644 θεῖα
771 1590 872 1663 τὴν
903 1594 1079 1665 ῥοπὴν
1114 1597 1285 1665 αὐτῆς
1311 1597 1441 1666 ὃλην
1481 1595 1580 1666 τὴν
1611 1597 1805 1665 νοερὰν

223 1675 423 1741 όλικῶς
455 1680 927 1751 μετεγκλίναντις,
956 1686 1148 1758 αὐτῆς,
1187 1687 1265 1751 ὡς
1321 1689 1520 1751 εἰπεῖν,
1546 1689 1642 1757 τῆς
1670 1686 1807 1740 καθ-

219 1767 350 1822 όλου
378 1770 486 1826 τῶν
508 1771 721 1842 ὁρατῶν
748 1772 987 1844 φύσεως,
1016 1778 1086 1832 δι’
1111 1771 1186 1834 ὧν
1235 1778 1422 1852 (164
1441 1780 1508 1849 b)
1555 1779 1808 1832 συνίστα-

1891 608 2058 663 esset,
2097 616 2206 654 non
2238 600 2414 655 solum
2459 599 2528 655 de
2554 599 2938 669 mysteriorum
2970 597 3026 650 in
3060 609 3151 658 eo,
3191 606 3356 661 quem
3388 591 3473 646 lex

1893 706 1956 747 ac
1995 692 2279 760 propheta:
2324 690 2784 758 praedicaverant,
2843 688 2994 741 exitu
3041 683 3492 740 erudiebanturu,

1895 784 1989 840 sed
2037 784 2270 838 fortasse
2315 782 2481 836 etiam
2532 781 2601 837 dc
2645 795 2713 835 eo
2761 779 2913 848 quod
2963 777 3102 832 nulli
3139 775 3366 830 omnino
3418 773 3476 826 in

1897 882 2008 928 tota
2035 889 2221 929 rerum
2264 880 2461 926 natura
2494 872 2694 926 divina:
2739 884 2953 924 arcanae
2974 867 3122 922 circa
3156 868 3476 918 unitersum

1897 964 1995 1020 Dei
2035 965 2336 1019 voluntatis
2375 973 2434 1018 et
2488 963 2800 1018 divinorum
2846 962 2967 1031 ejus
3007 956 3487 1027 dispensationum

1901 1055 2026 1110 ﬁnis
2055 1054 2526 1125 comprehendere
2566 1064 2772 1123 posset,
2822 1059 3022 1122 praeter
3066 1063 3318 1119 magnam
3359 1047 3495 1116 ejus.

1901 1147 2309 1216 providentiam
2358 1155 2416 1200 et
2461 1144 2757 1217 judicium,
2813 1144 3018 1212 quibus
3064 1141 3120 1196 in
3169 1139 3337 1194 ﬁnem
3378 1137 3480 1192 soli

1900 1239 2014 1292 Deo
2043 1237 2440 1308 praecognitum
2468 1236 2653 1291 omnia
2677 1234 2931 1290 ordinate
2959 1231 3482 1303 precedunt,.quem
3547 1229 3552 1234 '

1904 1327 2067 1382 ﬁnem
2115 1328 2250 1398 quid
2285 1328 2362 1384 sit
2400 1327 2623 1383 tandem
2666 1335 2724 1381 et
2764 1323 3061 1395 quomodo.
3085 1331 3144 1378 et
3189 1319 3370 1390 qualis
3425 1324 3485 1373 et

1904 1413 2127 1482 quando
2167 1429 2324 1483 teque
2380 1414 2778 1484 ignoraverunt
2824 1425 3054 1472 omnes,
3090 1409 3308 1478 solique
3349 1421 3482 1461 vere

1906 1502 2176 1556 duntatat
2227 1511 2376 1558 nunc
2418 1504 2666 1558 futurum
2713 1515 2835 1556 esse
2885 1507 3264 1569 cognoverunt
3307 1496 3482 1552 sancti

1906 1602 2119 1648 mentes
2171 1595 2472 1650 virtutibus
2516 1593 2770 1664 purgati,
2823 1594 3031 1661 quique
3090 1590 3482 1644 libramentum

1909 1684 2281 1740 iutellectuale
2311 1685 2514 1740 mentis
2550 1693 2727 1739 totum
2769 1691 2828 1739 et
2854 1683 3016 1753 plene
3052 1680 3120 1735 ad
3166 1679 3354 1734 divina
3383 1679 3484 1733 de-

1909 1774 2274 1840 clinaverunt,
2323 1775 2394 1829 ab
2436 1775 2575 1846 ipsa,
2624 1784 2686 1829 ut
2733 1775 2809 1828 ita
2841 1772 3376 1838 dicam,_universali
3405 1770 3487 1825 vi.-

224 1858 354 1915 σθαι
392 1863 604 1931 πέφυκε
624 1864 864 1934 τρόπων,
894 1867 958 1921 τὸ
997 1869 1150 1934 τέλος
1177 1871 1277 1942 τῆς
1314 1869 1600 1942 παρούσης
1633 1869 1802 1937 αὐτῆς

1903 1865 2146 1920 sibilium
2207 1874 2406 1922 natura
2461 1880 2564 1936 per
2605 1866 2853 1930 eosdem,
2897 1865 3117 1934 quibus
3153 1864 3490 1931 constiterit,

224 1951 549 2023 εὐκοσμίας,
599 1949 910 2031 ’μονονουχὶ
974 1959 1275 2035 διαρρήδην
1340 1961 1573 2034 βοώσης,
1641 1959 1809 2017 ἀκού-

225 2060 442 2110 σαντες.

225 2223 449 2292 Θεωρία
477 2227 709 2296 φυσικὴ
730 2232 865 2300 περὶ
892 2230 1001 2285 τοῦ
1033 2230 1210 2297 τέλος
1231 2229 1299 2294 ἐξ
1329 2228 1600 2301 ἀνάγκης
1629 2230 1795 2300 ἔχειν

817 2320 927 2375 τὸν
967 2322 1217 2390 κόσμον.

297 2431 777 2504 Περιαθρήσαντες
813 2436 945 2505 γάρ,
998 2435 1076 2498 ῶς
1122 2436 1249 2506 ἐνῆν
1300 2435 1558 2506 μάλιστα,
1581 2437 1810 2508 ἐπιστη-

226 2523 407 2590 μόνως
422 2525 513 2578 τὸν
529 2526 777 2597 παρόντα
797 2526 1141 2596 κόσμον,⁹καὶ
1159 2527 1269 2579 τῶν
1300 2529 1357 2580 ὲν
1374 2526 1525 2597 αύτῷ
1545 2527 1807 2591 ποικίλως

221 2611 476 2683 ἀλλήλοις
505 2617 972 2688 συνηρμοσμένων
1008 2618 1302 2688 σωμάτων,
1330 2618 1421 2671 τὸν
1438 2619 1814 2688 συνεπτυγμέο

222 2720 319 2756 νον
344 2705 466 2758 κατ’
511 2708 720 2762 ἔννοιαν
744 2711 925 2780 σοφῶς
961 2711 1372 2778 ὲξαπλώσαντες
1385 2712 1544 2781 λόγον
1560 2709 1718 2783 εὖρον
1745 2713 1814 2768 τὰ

228 2790 333 2858 μὲν
360 2793 543 2848 αὐτῶν
574 2797 809 2869 αἰσθητά
846 2800 941 2853 καὶ
976 2800 1338 2872 ἀντιληπτικὰ
1380 2802 1488 2864 καὶ,
1521 2801 1809 2864 καθολικά,

223 2883 410 2939 πάντα
451 2885 509 2939 δὲ
555 2890 691 2942 πᾶσι
730 2891 1099 2961 περιεχόμενά
1137 2909 1195 2945 τε
1227 2893 1323 2945 καὶ
1365 2893 1810 2962 περιτρεπόμενα

224 2975 298 3043 τῇ
323 2969 604 3047 ἐπαλλαγῇ
629 2977 728 3047 τῆς
759 2979 888 3050 περὶ
913 2979 1146 3034 ἕκαστον
1173 2982 1332 3043 ποιᾶς
1375 2980 1666 3049 ἰδιότητος,
1683 2982 1808 3043 Τοῖς
1849 2969 1858 2977 ’

230 3063 336 3133 μὲν
363 3064 472 3134 γὰρ
498 3064 776 3137 αἰσθητοῖς
797 3069 1113 3140 περιέχεται
1134 3073 1276 3124 κατά
1309 3071 1470 3139 φύσιν
1509 3071 1578 3123 τὰ
1612 3072 1806 3140 αἰσθη-

225 3156 378 3218 una,
409 3155 478 3208 τὰ
503 3156 559 3209 δὲ
592 3158 826 3227 αἰσθητά
854 3162 967 3220 τοῖς
997 3159 1338 3229 αἰσθητικοῖς
1371 3161 1494 3212 κατ’
1528 3161 1801 3231 αἴσθησιν,

1901 1957 2096 2012 modos
2139 1959 2430 2028 praesentis
2462 1958 2584 2028 ejus
2623 1956 2844 2011 ordinis
2873 1955 3062 2021 ﬁnem,
3103 1964 3318 2012 tantum
3373 1971 3484 2010 non

1900 2049 2106 2106 diserte
2155 2060 2213 2106 et
2264 2051 2410 2106 clara
2463 2064 2600 2106 voce
2634 2047 2993 2120 praedicante,
3045 2047 3401 2117 accipientes.

1835 2171 1905 2183 ..-

1908 2231 2292 2302 Contemplatio
2336 2229 2600 2284 naturalis
2649 2230 2713 2283 de
2764 2231 3068 2284 necessitate
3107 2228 3231 2298 ﬁnio
3278 2227 3482 2284 mundi.

1986 2437 2324 2492 Perlustrato
2344 2437 2495 2491 enim
2513 2452 2749 2502 summa,
2771 2452 2893 2506 quae
2917 2435 3243 2506 suppetebat
3265 2434 3483 2505 peritia,

1916 2529 2023 2584 hoc
2068 2536 2337 2599 praesente
2381 2529 2610 2592 mundo,
2654 2528 3094 2598 corporibusque
3138 2527 3194 2582 in
3235 2535 3304 2582 co
3336 2525 3485 2579 varie

1911 2620 2015 2675 sibi
2069 2621 2410 2690 iunctorum,
2460 2619 2845 2688 complicatam
2902 2625 3089 2670 mente
3132 2615 3268 2670 scite
3314 2611 3486 2682 expli-

1909 2718 2106 2767 carunt
2156 2713 2450 2776 rationem,
2501 2718 2557 2766 et
2610 2710 2945 2764 invenerunt
2993 2715 3206 2776 partem
3260 2704 3485 2775 quidem

1907 2820 2099 2858 eorum
2140 2804 2423 2858 sensibilia
2474 2818 2598 2858 esse
2636 2811 2692 2857 et
2723 2796 3243 2870 comprehensibilia
3272 2803 3329 2850 et
3359 2794 3484 2850 uni-
3565 2799 3567 2801 ’

1907 2895 2158 2958 versalia,
2189 2895 2373 2948 omnia
2413 2909 2546 2948 vero
2575 2892 2838 2947 omnibus
2881 2889 3126 2946 coerceri
3164 2896 3329 2957 atque
3351 2901 3485 2941 cou-

1906 2987 2048 3039 verti
2069 2984 2452 3039 vicissitudine
2476 2983 2835 3054 proprietatis
2852 2969 3248 3051 qualiscunque
3273 2976 3486 3048 singula

1903 3075 2317 3130 circumdantis.
2360 3075 2736 3129 Sensibilibus
2780 3073 2926 3128 enim
2969 3079 3294 3126 coercentur
3321 3079 3486 3124 natu-

1902 3165 2093 3220 raliter
2143 3181 2266 3235 qua:
2312 3165 2580 3228 sentiunt,
2630 3163 2913 3218 sensibilia
2947 3177 3084 3216 vero
3130 3176 3296 3216 sensu
3325 3159 3488 3214 aliter

224 3243 308 3299 ὡς
335 3245 655 3314 ἀντιληπτά.
687 3249 795 3301 Καὶ
832 3248 994 3302 πάλιν
1018 3249 1087 3302 τὰ
1113 3251 1211 3318 μὲν
1242 3249 1473 3303 καθόλου
1499 3253 1610 3314 τοῖς
1650 3269 1712 3322 με
1724 3270 1804 3319 ρι-

1910 3255 1976 3307 iis
2019 3269 2141 3322 quae
2182 3254 2454 3316 sentiunt,
2487 3262 2547 3307 ut
2581 3250 3123 3322 comprehensibilia.
3154 3250 3331 3318 Atque
3365 3265 3486 3302 rur-

227 3339 350 3401 κοῖς
410 3340 555 3392 κατά
601 3340 910 3406 ἀλλοίωσιν,
960 3342 1030 3393 τά
1065 3341 1124 3420 δὲ
1178 3340 1378 3410 μερικά
1424 3345 1534 3405 τοῖς
1576 3343 1806 3396 καθόλου

228 3431 375 3484 κατά
419 3432 681 3485 ἀνάλυσιν
725 3433 1168 3504 περιτρεπόμενα
1204 3433 1504 3505 φθείρεται.
1558 3436 1667 3488 Καὶ
1700 3437 1806 3487 τῶν

232 3523 336 3592 μὲν
366 3523 454 3576 διὰ
476 3523 575 3593 τῆς
615 3523 723 3578 τῶν
755 3525 929 3578 ἄλλων
961 3526 1231 3592 γενέσεως
1265 3526 1298 3596 ἠ
1343 3524 1518 3596 φθορά
1563 3525 1805 3594 ἐπιγίνε-

225 3633 344 3668 ται.
391 3617 434 3668 Τ
437 3615 512 3668 ῶν
541 3617 650 3684 γὰρ
682 3617 912 3670 καθόλου
955 3618 989 3688 ἡ
1035 3617 1172 3688 προς
1215 3617 1419 3688 ἄλληλα
1457 3617 1671 3680 σύνοδος
1699 3619 1807 3671 τῶν

232 3705 478 3775 μερικῶν
503 3705 800 3776 ποιουμένη
820 3708 915 3776 τὴν
942 3707 1156 3775 γένεσιν
1173 3705 1416 3777 ἀλλήλων
1435 3710 1500 3777 τῇ
1525 3706 1806 3760 ἀλλοιώσει

228 3798 351 3848 ἐστὶ
380 3795 572 3869 φθορὰ,
597 3798 690 3850 καὶ
720 3798 829 3851 τῶν
859 3798 929 3850 αὖ
955 3798 1196 3868 μερικῶν
1221 3800 1253 3868 ὴ
1282 3798 1420 3851 κατὰ
1441 3797 1680 3852 διάλυσιν
1708 3799 1807 3867 τῆς

228 3888 527 3951 συνδέσεως
580 3889 718 3963 πρὸς
770 3890 837 3942 τὰ
873 3888 1104 3942 καθόλου
1150 3890 1408 3953 ἀνάλυσις
1451 3888 1548 3960 τὴν
1600 3889 1806 3958 φθορὰν

226 3982 603 4050 ἐπεισάγουσα
630 3981 739 4034 τῶν
773 3981 1002 4034 καθόλου
1033 3983 1148 4034 ἐστί
1201 3981 1428 4054 διαμονὴ
1455 3983 1544 4036 καὶ
1572 3982 1802 4050 γένεσις.

228 4071 343 4125 Καὶ
363 4073 566 4144 ταύτην
587 4067 724 4125 εἶναι
754 4073 1016 4142 μαθόντες
1046 4073 1138 4126 τοῦ
1170 4073 1430 4144 αἰσθητοῦ
1471 4074 1677 4143 κόσμου
1707 4075 1805 4143 τὴν

229 4161 510 4224 σύστασιν,
542 4161 641 4231 τὴν
676 4163 755 4224 εἰς
797 4160 1004 4232 ἄλληλα
1033 4161 1140 4214 τῶν
1173 4163 1232 4216 ἐν
1267 4162 1417 4232 αὐτῷ
1447 4164 1714 4230 σωμάτων
1747 4163 1806 4227 ἐξ

227 4245 305 4305 ὧν
335 4252 428 4304 καὶ
458 4255 514 4304 ὲν
543 4246 623 4315 οἷς
663 4253 939 4324 ὑφέστηκε
976 4257 993 4322 (
1019 4253 1175 4324 165
1208 4272 1237 4308 a
1262 4254 1279 4322 )
1306 4253 1373 4307 δι’
1397 4254 1645 4322 ἀλλήλων
1674 4255 1803 4323 φθο-

229 4341 332 4411 ρὰν
368 4343 460 4394 καί
488 4342 794 4407 ἀλλοίωσιν,
851 4344 1162 4406 ἀκολούθως
1191 4343 1278 4398 διὰ
1321 4346 1420 4414 τῆς
1454 4347 1594 4398 κατά
1645 4347 1805 4414 φύσιν

227 4432 464 4485 ἀστάτου
496 4432 592 4485 καὶ
621 4433 920 4504 ἀλλοιωτῆς
947 4437 1041 4487 καὶ
1071 4434 1257 4488 ἄλλοτε
1283 4436 1461 4499 ἄλλως
1500 4439 1806 4508 φερομένης

227 4538 287 4573 τε
313 4522 408 4574 καὶ
426 4525 897 4594 περιτρεπομένης
926 4524 1155 4578 καθόλου
1184 4525 1292 4579 τῶν
1323 4526 1382 4590 ἐξ
1407 4521 1483 4580 ὧν
1506 4529 1803 4598 συνέστηκε

230 4611 500 4681 σωμάτων
525 4613 784 4683 ἰδιότητος
803 4614 901 4684 τὴν
922 4615 980 4680 ἐξ
996 4616 1243 4687 ἀνάγκης
1272 4601 1396 4670 καθ’
1425 4619 1614 4689 εἱρμὸν
1645 4636 1805 4690 γενη-

229 4703 467 4774 σομένην
503 4704 669 4758 αὐτοῦ
722 4706 1034 4760 συντέλειαν
1076 4709 1478 4779 ὲπαιδεύθησαν
1524 4711 1622 4764 οὐκ
1669 4709 1808 4765 εἶναι

227 4791 475 4860 δυνατὸν,
513 4793 637 4848 οὔτε
686 4795 794 4864 μὴν
829 4795 1056 4867 λογικῆς
1096 4800 1364 4863 συνέσεως
1423 4801 1592 4855 ἀΐδιον
1640 4803 1806 4870 φάναι

226 4882 290 4933 τὸ
346 4883 421 4953 μὴ
471 4883 736 4947 ὡσαύτως
793 4885 914 4955 ἔχον
969 4888 1074 4950 ἀεὶ,
1126 4887 1248 4958 δίχα
1293 4888 1505 4959 τροπῆς
1561 4890 1655 4942 καὶ
1707 4890 1807 4959 τῆς

223 4974 445 5028 οίασοῦν
505 4974 864 5043 ἀλλοιώσεως,
925 4977 1061 5032 ἀλλὰ
1114 4979 1328 5050 μυρίοις
1381 4980 1806 5051 σκεδαννύμενον

223 5065 447 5134 τρόποις
482 5068 576 5119 καὶ
607 5069 1093 5138 περιτρεπόμενον,
1125 5069 1301 5139 ὀρθῶς
1331 5069 1700 5140 λογισάμενοι.

1906 3359 2000 3398 sus
2029 3343 2359 3398 universalia
2401 3343 2826 3412 particularibus
2876 3339 3184 3395 secundum
3224 3340 3486 3392 immuta-

1907 3431 2133 3493 tionem,
2157 3432 2512 3501 particularia
2530 3440 2724 3487 contra
2748 3429 3158 3485 universalibus
3178 3427 3482 3482 secundum

1905 3525 2324 3579 dissolutionem
2351 3539 2620 3578 conversa
2657 3531 3116 3591 corrumpuntur.
3145 3521 3321 3589 Atque
3340 3518 3480 3587 parti

1904 3623 2125 3692 quidem
2149 3639 2248 3693 per
2267 3623 2502 3678 aliorum
2535 3623 2946 3693 generationem
2976 3621 3234 3675 interitus
3257 3619 3478 3674 accidit.

1905 3712 2304 3768 Universalium
2359 3713 2506 3768 enim
2557 3720 2745 3766 mutua
2799 3711 2945 3765 inter
2997 3725 3056 3765 se
3107 3708 3476 3779 congregatio,

1905 3805 2034 3859 dum
2083 3804 2497 3876 particularium
2547 3803 2714 3858 eilicit
2763 3801 3195 3872 generationem,
3241 3800 3475 3870 singulo-

1905 3911 2026 3950 rum
2065 3896 2211 3950 inter
2231 3911 2350 3951 sese
2381 3894 2759 3950 immutatione
2785 3891 3044 3947 interitus
3061 3899 3166 3956 est,
3193 3899 3249 3945 et
3279 3891 3478 3944 iterum

1906 3985 2319 4054 particulariqu
2385 4002 2528 4040 nexu
2582 3984 2800 4038 sublalo
2857 3983 2915 4036 in
2964 3981 3293 4036 universalia
3341 3980 3482 4035 facta

1908 4077 2190 4140 resolutio,
2224 4076 2352 4130 dum
2402 4078 2688 4131 interitqu
2727 4075 3051 4138 introducit,
3085 4073 3479 4136 universalium

1905 4178 1987 4223 est
2034 4167 2352 4236 percnnitas
2400 4182 2464 4221 ac
2521 4167 2828 4238 generatio.
2870 4166 3046 4236 Atque
3097 4167 3237 4221 hanc
3289 4165 3480 4220 mundi

1905 4259 2182 4312 sensibilis
2230 4257 2703 4321 constitutionem,
2733 4273 2859 4312 cum
2903 4264 3152 4310 mutumn
3198 4270 3320 4310 esse
3354 4269 3483 4308 nos-

1907 4358 2028 4404 sent
2074 4365 2391 4419 corporum,
2445 4349 2513 4401 de
2563 4349 2767 4417 quibus
2803 4356 2858 4402 et
2899 4349 2950 4400 in
2980 4347 3182 4416 quibus
3220 4343 3481 4399 consistat

1906 4457 2004 4509 per
2037 4455 2094 4494 se
2143 4440 2256 4509 ipsa
2315 4439 2602 4493 interitum
2665 4439 3239 4506 immutationemquc,
3287 4451 3481 4491 consc-

1907 4537 2137 4598 queuter
2187 4546 2250 4583 cx
2294 4529 2532 4583 instabili
2573 4528 2876 4582 secundum
2911 4536 3163 4581 naturam
3193 4536 3249 4580 et
3279 4526 3477 4579 immu-

1910 4628 2016 4672 tata
2052 4634 2174 4688 quae
2225 4621 2332 4672 huc
2385 4619 2518 4672 illuc
2548 4618 2725 4673 fertur
2757 4618 3212 4686 convcrtilurque
3238 4617 3476 4686 generali

1901 4725 2197 4778 corporum
2228 4711 2432 4780 quibus
2467 4719 2687 4765 constat
2728 4711 3086 4780 proprietate,
3145 4709 3214 4763 de
3247 4725 3386 4763 nexu
3419 4723 3480 4761 ac

1901 4801 2044 4853 serie
2103 4801 2224 4869 ejus
2291 4800 2608 4854 necessario
2664 4800 3197 4853 consunnnationem
3254 4798 3481 4852 evenire

1901 4905 2059 4959 posse
2109 4891 2312 4944 nullam
2358 4890 2757 4955 edocebantur,
2811 4900 2960 4944 recte
2999 4889 3337 4944 aestimantes
3377 4902 3481 4942 nec

1899 4982 2241 5038 rationaliter
2277 4984 2464 5052 utique
2506 4997 2666 5052 posse
2720 4982 2950 5051 intelligi
3000 4979 3280 5049 quomodo
3317 4986 3479 5031 acter-

1901 5090 2030 5126 nmn
2083 5075 2192 5129 diei
2225 5082 2390 5143 queat
2429 5074 2577 5142 quod
2629 5081 2685 5126 et
2713 5087 2932 5140 semper
2959 5070 3063 5123 sibi
3099 5085 3206 5123 non
3241 5077 3476 5129 constet,

224 5172 330 5212 nec
376 5157 756 5214 vicissitudine
784 5169 840 5215 et
872 5161 1241 5232 qualicunque
1289 5163 1665 5220 immutatione
1734 5175 1939 5231 careat,
1991 5167 2087 5222 sed
2142 5168 2358 5220 inﬁnito
2407 5166 2697 5220 modorum
2764 5179 3000 5218 numero
3061 5161 3364 5231 dissipetur
3423 5175 3480 5220 et

222 5253 599 5300 convertatur.

225 5401 450 5469 Θεωρία
494 5403 792 5470 σύντομος
843 5403 979 5470 περὶ
1029 5405 1136 5460 τοῦ
1179 5405 1517 5474 μέλλοντος
1567 5407 1803 5475 αἰῶνος,

297 5492 394 5546 καί
452 5493 508 5545 τι
564 5493 631 5546 τὸ
677 5493 882 5563 χάσμα
929 5495 1058 5548 ἐστί
1108 5496 1176 5548 τὸ
1221 5497 1450 5565 μεταξὺ
1499 5499 1646 5552 Θεοῦ
1705 5502 1802 5556 καὶ

296 5586 640 5654 ἀνθρώπων,
683 5587 780 5640 κιιί
834 5588 891 5641 τί
935 5590 968 5642 ὀ
1038 5588 1296 5658 Αάζῖιρος
1344 5591 1441 5644 καί
1488 5595 1521 5646 ό
1576 5595 1802 5661 xli-lam;

298 5677 403 5729 τοῦ
444 5677 828 5747 πατριάρχου.

309 5765 588 5826 Ἐντεῦθεν
651 5771 760 5826 τῶν
831 5771 1122 5843 ὁρωμένων
1187 5774 1438 5847 ὑπεράνω
1519 5780 1793 5850 γενόμενοι

1904 5400 2291 5472 Contemplatio
2326 5402 2490 5455 brevis
2537 5404 2600 5455 de
2635 5403 2813 5470 futuro
2844 5417 2972 5464 meo,
3001 5409 3049 5453 et
3078 5403 3202 5471 quid
3235 5403 3475 5456 interhiat

1975 5495 2110 5547 inlrr
2152 5491 2317 5544 Deum
2359 5501 2516 5559 atque
2559 5483 2857 5554 hominem,
2890 5493 3079 5560 etquis
3123 5493 3216 5551 sit
3243 5491 3475 5547 Lazarus

1973 5591 2020 5634 rt
2063 5582 2208 5634 sinus
2259 5582 2596 5650 plillittl't‘ha’.

1972 5780 2108 5836 Him-
2149 5781 2384 5837 risibilia
2419 5782 2705 5853 magmﬁcc
2746 5781 3085 5852 supergressi
3129 5780 3294 5836 ﬁnem
3348 5781 3484 5842 unis.
