4192 6434
211 367 236 432 1
249 368 351 432 173

1438 383 1954 444 AMBIGUORUM
1998 383 2168 442 LIBE
2178 386 2240 442 Β..

3315 375 3448 437 1174

209 481 437 545 πλάτος,
491 481 569 546 ὥς
597 500 680 546 τις
726 484 830 555 ἔφη
873 484 980 540 τῶν
1012 489 1080 542 τὰ
1113 488 1234 544 θεῖα
1281 491 1482 560 σοφῶν,
1525 502 1685 564 μόναι
1723 494 1779 547 δὲ

1884 494 2185 548 secundum
2216 492 2590 555 latitudinem,
2624 502 2684 547 ut
2716 488 2920 559 aliquis
2950 488 3002 539 in
3044 488 3208 541 rebus
3250 487 3449 542 divinis

206 572 306 626 καὶ
336 572 460 626 καθ’
488 574 709 641 ἑαυτάς,
739 576 879 630 κατά
906 582 1277 652 περιγραφήν.
1328 582 1461 637 Τῶν.
1478 585 1587 654 γάρ
1611 586 1780 639 ὄντων

202 662 276 715 τά
303 663 404 731 μὲν
440 662 579 715 κατά
611 667 960 738 περιγραφὴν
1003 671 1224 733 νοεῖται,
1262 670 1337 735 ὡς
1368 671 1594 742 δίπηχυ,
1629 675 1695 727 τὰ
1723 675 1780 728 δὲ

205 751 349 803 κατά
374 752 595 817 πλάτος,
641 753 718 817 ὡς
747 757 941 826 σωρός.
984 759 1169 828 Σωροῧ
1215 759 1326 831 γὰρ
1360 762 1461 815 κᾶν
1496 762 1589 816 δύο
1632 764 1781 833 μεδί-

206 858 377 909 μνους
410 842 635 916 ἀφέλῃς,
670 845 731 898 τὸ
756 846 1077 917 λειπόμενον
1113 852 1264 921 μένει
1301 854 1474 923 σωρός
1496 870 1509 883 '
1557 856 1648 909 καὶ
1678 858 1778 925 τῆς

198 928 259 982 δὲ
288 930 430 985 κατά
472 932 678 997 πλάτος
732 938 1136 1010 μακαριότητος
1182 940 1248 994 ἂν
1305 943 1511 1017 ἀφέλῃς
1560 945 1629 998 τὰ
1682 947 1777 999 τοῦ

202 1021 459 1091 σώματος
484 1026 580 1078 καὶ
613 1026 721 1079 τῶν
749 1029 911 1093 ὲκτὺς
940 1031 1138 1098 ἀγαθὰ,
1190 1034 1497 1107 καταλίπῃς
1519 1037 1575 1089 δὲ
1611 1039 1777 1107 μόνας

197 1109 301 1173 τάς
336 1112 556 1184 ἀρετὰς,
593 1117 744 1186 μένει
794 1120 890 1173 καὶ
940 1119 1113 1185 οὕτως
1155 1123 1438 1189 ἀνελλιπὲς
1483 1126 1547 1180 τὸ
1595 1129 1776 1196 μακά-

200 1218 344 1271 ριον.
375 1206 666 1279 Αὐτάρκης
683 1210 790 1283 γάρ
809 1211 903 1265 καὶ
929 1212 1051 1266 καθ’
1077 1214 1276 1285 ἑαυτὴν
1316 1216 1395 1286 τῷ
1427 1215 1604 1286 ἔχοντι
1634 1220 1775 1289 πρὸς

196 1292 548 1364 εὐδαιμονίαν
602 1300 636 1368 ἡ
682 1302 875 1371 ἀρετή.
920 1303 1034 1366 Πᾶς
1077 1302 1171 1357 οὖν
1213 1304 1383 1368 κακὸς
1410 1306 1614 1370 ἀθλιος,
1671 1308 1775 1361 κᾶν

200 1381 384 1436 πάντα
410 1385 710 1459 συλλήϐδην
752 1390 853 1461 ἔχῃ
890 1392 961 1446 τά
1006 1392 1277 1465 λεγόμενα
1314 1396 1415 1466 τῆς
1442 1397 1546 1467 γῆς
1570 1397 1770 1466 ἀγαθά,

198 1472 315 1526 τῶν
350 1477 562 1546 ἀρετῶν
600 1481 998 1552 ἐστερημένος·
1039 1488 1132 1539 καὶ
1173 1489 1284 1550 πᾶς
1326 1488 1531 1556 ἀγαθὸς
1592 1490 1774 1558 μακά-

201 1579 342 1629 ριος,
388 1565 491 1618 κᾶν
531 1570 747 1624 πάντων
792 1573 1083 1645 ἐπέρηται
1122 1577 1235 1630 τῶν
1266 1578 1358 1631 ἰπὶ
1383 1578 1485 1649 γῆς
1528 1579 1769 1646 ἀγαθῶν,

199 1649 343 1721 ἔχων
373 1656 473 1726 τῆς
500 1658 703 1730 ἀρετῆς
730 1662 830 1730 τὴν
861 1663 1245 1736 λαμπρότητα,
1278 1667 1399 1736 μεθ’
1420 1663 1489 1739 ῆς
1522 1669 1771 1739 Λάζαρος

199 1744 302 1815 τὴν
354 1749 412 1801 ὲν
470 1751 691 1818 κόλποις
749 1754 999 1829 Ἀϐραὰμ
1059 1760 1365 1816 ἀνάπαυσιν
1412 1762 1552 1833 ἔχων
1600 1764 1797 1832 ἀγάλ-ι’

198 1833 376 1891 λεται.

1886 584 2105 651 sapiens
2142 583 2378 646 dicebat,
2415 583 2544 637 solae
2571 596 2705 636 vero
2734 596 2834 650 per
2859 579 3204 646 semetipsas.
3248 591 3449 629 secun-

1883 674 2012 726 dum
2038 672 2627 741 circumscriptionem.
2668 672 2872 725 Rerum
2904 669 3052 723 enim
3089 684 3217 736 pars
3252 681 3445 720 securi.

1882 764 2012 817 dum
2064 763 2628 831 circumscriptionem
2679 762 2949 821 noscitur,
3010 770 3072 813 ut
3122 758 3447 820 bicubitale,

1881 869 2008 923 pars
2028 869 2158 909 vero
2172 855 2476 908 secundum
2497 853 2867 915 latitudinem,
2889 852 2969 904 uti
2990 849 3450 905 acervus.Aecrvi

1880 944 2421 1000 enimetiamsiduos
2465 947 2678 1001 modios
2700 945 2904 1007 demis,
2951 954 3133 997 tamen
3181 940 3445 1010 relinqui-

1882 1042 1972 1087 tur
2014 1050 2271 1097 acervus;
2323 1042 2382 1087 et
2426 1034 2472 1089 si
2521 1035 2668 1089 illius
2721 1034 3027 1089 secundum
3090 1031 3441 1085 latitudinem

1880 1125 2507 1194 beatitudinisdemptis
2554 1126 2938 1195 corporalibus
2988 1133 3154 1192 atque
3199 1121 3449 1175 externis

1879 1217 2041 1270 bonis
2074 1218 2217 1273 solas
2241 1219 2477 1274 virtutes
2507 1219 2750 1287 reliquas
2778 1214 3315 1279 feceris,beatitudo
3364 1213 3450 1266 ni-

1878 1305 2181 1360 hilominus
2210 1308 2415 1363 illibata
2447 1316 2792 1378 perseverat.
2819 1306 3033 1361 Suflicit
3060 1306 3210 1359 enim
3236 1304 3322 1358 vel
3349 1318 3448 1371 per

1875 1398 2226 1466 semetipsam
2264 1398 2332 1453 ad
2369 1398 2772 1454 beatitudinem
2806 1397 3005 1451 virtus.
3042 1395 3235 1450 Omnis
3278 1392 3435 1462 igitur

1874 1488 2050 1542 malus
2096 1487 2288 1551 miser,
2329 1488 2559 1543 etiamsi.
2583 1497 2779 1542 cuncta
2807 1494 2968 1540 terra:
3005 1499 3129 1553 quae
3160 1483 3447 1543 dicuntur,

1874 1576 2014 1630 bona
2050 1577 2270 1640 habeat,
2318 1591 2446 1630 cum
2480 1576 2749 1631 virtutum
2780 1576 2853 1631 sit
2885 1588 3086 1644 expers
3120 1590 3133 1625 :
3174 1582 3231 1626 et
3263 1570 3446 1625 omnis

1873 1667 2049 1722 bonus
2099 1669 2313 1731 beatus,
2344 1666 2563 1722 etiamsi
2610 1666 2869 1721 omnibus
2921 1666 3175 1737 privetur
3205 1659 3443 1719 terrenis

1873 1759 2053 1821 bonis,
2081 1775 2213 1814 cum.
2234 1761 2307 1813 sit
2343 1758 2565 1813 virtutis
2589 1758 2887 1827 splendore
2906 1768 3158 1819 ornatus,
3198 1767 3441 1823 quocum

1804 1837 1847 1892 Β
1884 1848 2123 1903 Lazarus
2156 1850 2212 1903 in
2242 1850 2366 1902 sinu
2392 1848 2715 1903 Abrahami.
2736 1849 2932 1917 requie
2965 1847 3205 1917 gaudet...

203 2011 401 2081 Ἄλλη
452 2018 663 2085 θεωρία
712 2022 801 2086 εις
838 2022 931 2085 τὸ,
968 2042 987 2075 ι
1009 2023 1152 2078 Ἐὰν
1191 2028 1545 2097 σταυρωθῇς
1595 2032 1641 2062 ’⁸
1694 2031 1774 2095 ὡς

1876 2016 1992 2084 Alia
2043 2027 2416 2098 contemplatio
2467 2030 2523 2080 in
2577 2026 2713 2079 illud
2761 2042 2779 2079 :
2835 2044 2853 2077 ι
2910 2023 2968 2079 Si
3025 2021 3351 2090 cruciﬁgaris
3395 2010 3445 2069 ui

761 2113 999 2182 λῃστής
1187 2136 1205 2169 ι

278 2218 398 2272 Κᾶν
440 2216 594 2277 αὖθις
647 2224 852 2297 λῃστής
882 2229 1029 2283 ἐστιν
1068 2231 1367 2302 εὐγνώμων
1424 2236 1453 2288 ό
1508 2237 1779 2302 καταξιω-

204 2308 324 2373 θεὶς
375 2312 571 2384 (166
626 2315 693 2385 ὁ)
742 2319 1188 2390 συσταυρωθῆναι
1247 2324 1469 2394 Χριστῷ
1538 2328 1625 2381 διά
1680 2331 1777 2401 τῆς

2538 2118 2699 2170 latro.
2747 2135 2764 2167 ι

1947 2237 2129 2304 Atque
2192 2234 2236 2287 si
2297 2246 2489 2285 rursus
2540 2230 2704 2292 latro,
2746 2228 2839 2296 qui
2893 2243 3001 2281 una
3052 2242 3176 2281 cum
3224 2225 3448 2281 Christo

1876 2340 2095 2381 erucem
2128 2324 2238 2393 pati
2264 2321 2488 2384 meruit,
2523 2335 2715 2389 aequus
2739 2330 2795 2373 et
2828 2319 3037 2388 probus
3082 2327 3169 2373 est
3200 2315 3449 2371 affectio-

204 2403 510 2467 παντελοῦς
539 2406 633 2458 καὶ
651 2407 948 2479 ὁλοκλήρου
982 2411 1093 2465 τῶν
1122 2414 1314 2468 παθῶν
1336 2417 1680 2488 ὲκκρούσεως
1706 2423 1769 2485 ’⁸,

1877 2418 2044 2471 nibus
2075 2417 2235 2484 plene
2279 2422 2445 2482 atque
2480 2412 2724 2480 perfecte
2758 2410 3023 2479 expulsis,
3078 2420 3136 2464 et
3165 2409 3231 2463 ad
3264 2408 3450 2463 dexte-

206 2493 308 2546 καὶ
347 2493 730 2568 δεξιῶςναύτῷ
786 2502 1275 2573 συσταυρούμενος,
1332 2508 1590 2561 τουτέστιτ
1637 2494 1776 2579 μετὰ

1881 2524 1994 2562 ram
2040 2509 2160 2577 ejus
2206 2509 2355 2560 cruci
2400 2503 2630 2566 atlixus,
2674 2504 2783 2556 hoc
2825 2517 2913 2561 est
2964 2517 3088 2555 cum
3150 2501 3363 2554 ratione
3394 2507 3451 2553 et

202 2584 368 2651 λόγου
423 2586 519 2639 καὶ
564 2587 818 2656 γνώσεως
878 2594 1057 2647 πᾶσαν
1116 2595 1328 2661 διεξιὼν
1397 2600 1619 2671 ἀρετὴν,
1682 2604 1775 2655 καὶ

1879 2600 2192 2669 cognitione
2224 2612 2444 2652 omnem
2488 2595 2748 2649 virtutem
2782 2608 3138 2663 percurrens,
3183 2600 3239 2645 et
3279 2590 3446 2644 vitam

204 2675 560 2744 ἀπρόσκοπον
616 2676 1124 2752 πᾶσινάνθρώποις
1167 2686 1259 2739 τὸν
1307 2686 1421 2757 βίον
1479 2690 1775 2759 διατηρῶν,

1876 2691 2089 2746 cunctis
2112 2689 2433 2743 hominibus
2458 2687 2786 2741 inoffensam
2802 2696 2859 2740 et
2892 2687 3445 2745 innocuamscrvans,

206 2766 305 2819 καὶ
370 2768 640 2839 μηδεμίαν
686 2770 825 2840 ἔχων
881 2774 941 2827 τὸ
985 2778 1247 2846 παράπαν
1308 2778 1410 2848 τῆς
1462 2780 1556 2833 τοῦ
1616 2782 1773 2850 λόγου

1880 2782 2172 2851 omnisque
2199 2780 2425 2833 omnino
2457 2779 2526 2832 ab
2558 2778 2789 2833 rationis
2809 2777 3232 2832 mansuetudine
3255 2774 3448 2829 absoni

206 2856 515 2925 πραότητος
571 2859 884 2930 ἀπάδουσαν
964 2861 1035 2914 δι’
1096 2863 1480 2935 αὐστηρότητα
1537 2868 1771 2936 κίνησιν,

1883 2880 2105 2941 propter
2158 2871 2417 2925 duritiem
2462 2878 2646 2923 motus
2695 2884 2934 2938 expers,
2984 2869 3206 2937 iniquus
3257 2875 3450 2919 contra

205 2943 481 3014 ἀγνώμων
523 2946 578 2999 δὲ
621 2947 827 3019 λῃστής
856 2952 1001 3004 ἐστιν
1031 2953 1059 3005 ό
1080 2950 1238 3023 δόξης
1269 2953 1455 3008 ἕνεκεν
1483 2956 1515 3025 ἢ
1556 2956 1775 3026 λημμά-

1882 2965 2023 3017 latro
2068 2971 2153 3016 est
2190 2962 2284 3030 qui
2332 2962 2499 3013 vitam
2539 2960 2840 3014 virtutibus
2876 2959 3058 3013 colere
3105 2957 3284 3011 modis
3326 2971 3451 3025 spe-

205 3052 319 3087 των
353 3036 657 3106 ἀδροτέρων
701 3041 815 3101 τοῖς
867 3042 1211 3111 φαινομένοις
1260 3043 1482 3113 τρόποις
1529 3047 1775 3110 ὑπούλως

1881 3052 2048 3107 ciosis
2087 3051 2244 3105 famae
2273 3049 2710 3119 autspissiorum
2745 3048 3242 3103 emolumentorum
3272 3048 3449 3115 gratia

207 3125 305 3177 τὸν
345 3127 463 3178 κατ’
514 3126 715 3198 ἀρετὴν
764 3128 877 3198 βίον
929 3130 1375 3202 ὑποκρινόμενος,
1423 3135 1521 3188 καὶ
1557 3135 1654 3189 ἕνα
1681 3139 1777 3190 καὶ

1876 3143 2107 3197 subdole
2148 3142 2394 3199 simulat.
2444 3155 2615 3194 unum
2673 3151 2729 3195 et
2768 3139 2945 3194 solum
2994 3139 3137 3207 apud
3193 3146 3449 3190 externos

210 3214 375 3282 μόνον
405 3216 539 3285 πρὸς
573 3219 696 3280 τοὺς
748 3218 854 3283 ἔξω
898 3221 992 3274 τὸν
1022 3222 1229 3275 κόλακα
1257 3222 1415 3292 λόγον
1440 3226 1566 3278 ἀντὶ
1597 3227 1777 3296 πάσης

1878 3233 2221 3287 adulatorem
2244 3245 2551 3285 sermonem
2579 3245 2681 3298 pro
2717 3229 2864 3281 omni
2893 3228 3104 3282 virtute
3134 3238 3301 3296 atque
3351 3243 3448 3281 eo~,-

208 3305 415 3373 ἀρετῆς
441 3323 499 3359 τε
529 3308 621 3360 καὶ
655 3308 908 3375 γνώσεως
953 3312 1371 3382 μετερχόμενος.
1406 3314 1544 3385 πρὸς
1572 3315 1629 3369 δὲ
1651 3319 1777 3378 τοὺς

1879 3322 2122 3392 gnitione
2151 3321 2445 3381 meditans,
2480 3335 2607 3388 erga
2637 3318 2943 3372 familiares
2965 3324 3156 3371 contra
3191 3324 3450 3370 versutus

210 3394 474 3473 συνῄθεις,
506 3396 716 3460 σκολιός
758 3415 843 3461 τις
881 3399 981 3469 τὴν
1020 3400 1247 3471 γνώμην
1288 3402 1396 3455 τῶν
1433 3404 1779 3457 παντάπασιν

1880 3412 2065 3465 animo
2105 3427 2217 3480 pra:
2260 3412 2475 3466 caeteris
2521 3418 2685 3479 atque
2743 3425 2979 3466 occursu
3034 3409 3294 3468 difficilis,
3353 3409 3446 3476 qui

208 3482 288 3536 ὣν
319 3486 410 3536 καλ⁸
465 3486 818 3559 δυσάντητος,
870 3491 930 3544 δν
974 3493 1057 3546 δεῖ
1094 3492 1241 3561 μάλα
1276 3494 1479 3565 γεετὴν
1516 3496 1635 3550 ὁδὸν
1682 3497 1777 3550 τοῦ

1880 3520 2005 3559 cum
2036 3506 2131 3559 Dei
2160 3505 2301 3557 viam
2337 3502 2575 3572 graviter
2597 3502 2969 3569 blasphemet.
3012 3499 3187 3567 perite
3221 3499 3449 3568 reprimi

208 3572 347 3625 Θεοῦ
400 3573 845 3657 βλασφημοῦνταιη
879 3581 1016 3650 μετά
1064 3582 1334 3646 συνέσεως
1384 3586 1775 3654 ἐπιστομίζειν.

213 3662 378 3725 Ἴσως
404 3662 513 3733 γὰρ
549 3665 816 3719 παύσεται
849 3667 943 3720 τοῦ
981 3668 1289 3723 διαϐάλλειν
1335 3670 1423 3722 διὰ
1448 3673 1546 3742 τῆς
1573 3672 1778 3735 οἰκείας

210 3754 562 3826 ἀναστροφῆς
598 3759 690 3810 τὸν
717 3758 898 3827 λόγον,
951 3764 1017 3831 τῇ
1067 3761 1387 3832 παραινέσει
1421 3763 1465 3795 ⁸⁸
1510 3764 1605 3816 τοῦ
1659 3766 1778 3817 ὲπι-

209 3845 569 3915 πλήσσοντος,
598 3849 789 3920 ὥσπερ
820 3851 912 3903 ἐπὶ
934 3834 1031 3903 τοῦ
1062 3854 1301 3923 σταυροῦ
1325 3854 1591 3907 πέπονθεν
1623 3854 1653 3906 ὁ
1685 3856 1781 3925 τὴν

214 3933 569 4005 βλασφημίαν
595 3937 767 3999 ἀδεῶς
796 3940 1172 4009 προσενέγκας
1197 3941 1419 4012 λῃστής.
1459 3942 1534 3995 Τὸ
1572 3945 1680 4013 γὰρ
1705 3943 1781 4015 μὴ

209 4024 670 4091 ἀντιφθέγξασθαι
715 4028 795 4097 τῷ
828 4030 1186 4100 ὲπιπλήξαντι
1250 4034 1473 4103 σημεῖον
1525 4034 1638 4104 ἔχει
1682 4034 1782 4105 τῆς

209 4116 309 4169 τοῦ
360 4116 617 4187 ῥηθέντος
661 4118 933 4190 ἀποδοχῆς
988 4120 1149 4189 λόγου
1198 4122 1297 4192 τὴν
1348 4125 1583 4194 σιωπήν.
1643 4123 1780 4177 Καθ’

210 4207 406 4276 ἥντινα
439 4207 570 4271 γοῦν
597 4209 705 4262 τῶν
728 4211 1034 4279 εἰρημένων
1079 4210 1158 4281 τῷ
1197 4212 1419 4282 Χριστῷ
1449 4214 1781 4286 συσταυρού-

215 4296 379 4365 μεθα,
409 4298 822 4368 σπουδάσωμεν,
854 4302 928 4363 ὥς
947 4302 1113 4370 ἐσμεν
1143 4304 1397 4366 ἐνταῦθα,
1420 4304 1512 4357 τὸν
1542 4322 1779 4358 συσταυσ

215 4390 477 4460 ρούμενον
533 4393 665 4462 ἡμῖν
723 4392 1045 4466 ί>.εώσασθαι
1097 4396 1274 4465 λόγον,
1306 4398 1400 4450 καὶ
1430 4398 1530 4469 τὴν
1576 4396 1779 4469 ἀψευδῆ

208 4481 468 4545 δέξασθαι
502 4484 548 4515 ’⁸
576 4483 718 4537 κατά
748 4485 1053 4556 συνείδησιν
1081 4488 1447 4559 καταρθεῖσαν
1477 4490 1590 4544 τῶν
1617 4491 1780 4561 πλησ-

212 4572 418 4624 σὸντων
460 4574 631 4644 αὐτὴν
664 4575 952 4643 νοημάτων
988 4576 1087 4645 τῆς
1134 4578 1492 4643 ἀναπαύσεως
1523 4582 1779 4648 ’ἐπαγγε-

209 4664 355 4726 λίαν,
411 4665 568 4735 εἴπερ
620 4666 654 4735 ἡ
707 4668 945 4736 σήμερον
973 4667 1071 4737 τὴν
1101 4670 1403 4724 ἐνεστῶσαν
1451 4671 1644 4725 τούτου
1684 4674 1779 4725 τοῦ

209 4748 411 4812 αίῶνος
463 4751 680 4821 ἡμέραν
740 4753 1074 4807 ἐνδείκνυται
1097 4753 1388 4824 (Σήμερον
1426 4758 1556 4825 γὰρ,
1593 4758 1778 4825 φησὶν,

208 4840 331 4907 ἔσῃ
356 4842 480 4908 μετ’
506 4840 650 4909 ἐμοῦ
683 4841 754 4892 ἐν
785 4840 864 4905 τῷ
887 4843 1080 4912 (167
1108 4845 1177 4912 α)
1226 4846 1621 4915 παραδείσῳ).
1655 4849 1687 4916 ἡ
1723 4848 1783 4901 δὲ

207 4927 403 4997 αὔριον
446 4929 546 5001 τὴν
589 4929 681 4983 τοῦ
746 4930 1061 4998 μέλλοντος,
1108 4933 1228 4986 καθ’
1272 4934 1338 5003 ἢν
1376 4936 1632 5003 οὐδεμίαν
1680 4936 1777 5007 μὲν

207 5021 407 5087 ἄφεσιν
432 5020 844 5090 ἁμαρτημάτων
870 5021 1180 5089 ἐκδέχεσθαι
1217 5029 1344 5093 χρὴ,
1388 5027 1555 5095 μόνην
1597 5026 1653 5077 δὲ
1679 5026 1779 5095 τῆς

208 5110 431 5179 ἑκάστῳ
456 5111 775 5180 πρεπούσης
808 5111 929 5163 κατ’
971 5110 1128 5175 ἀξίαν
1170 5113 1408 5182 ἀμοιὸῆς
1440 5114 1548 5169 τῶν
1591 5114 1780 5184 βεὸιω-

214 5197 395 5267 μένων
422 5197 708 5251 ἀντίδοσιν.

287 5319 317 5347 ιι
341 5309 474 5363 Luc.
499 5324 651 5372 unt,
686 5309 775 5363 ιε’».

1876 3598 2047 3653 debet
2089 3613 2153 3651 ac
2210 3595 2500 3649 refrenari.
2554 3595 2808 3650 Fortasse
2861 3595 3007 3647 enim
3055 3593 3270 3646 desinet
3314 3606 3448 3645 con-

1881 3689 2190 3743 versatione
2228 3703 2325 3741 sua
2367 3687 2680 3741 obtrectare
2734 3684 2988 3739 Sermoni
3038 3698 3067 3736 a
3115 3682 3448 3751 castigatore

1881 3780 2290 3840 admonitus.ut
2325 3779 2509 3833 evenit
2536 3779 2589 3831 in
2621 3793 2787 3833 cruce
2821 3777 3020 3832 latroni
3058 3777 3135 3830 illi
3176 3776 3270 3844 qui
3300 3776 3448 3828 blas«

1882 3870 2155 3940 phcmiam
2207 3868 2555 3936 impudenter
2615 3866 2894 3923 intulerat.
2936 3865 3092 3930 Quod
3157 3867 3304 3919 enim
3354 3879 3447 3919 ca-

1882 3961 2104 4030 stiganti
2129 3960 2266 4012 nihil
2302 3958 2606 4024 respondit,
2632 3958 2736 4011 hoc
2763 3957 2985 4011 silentio
3007 3971 3315 4009 sermonem
3344 3972 3373 4007 a
3391 3971 3449 4009 se

1882 4046 2297 4115 comprobatum
2343 4046 2696 4116 significavit.
2729 4045 3066 4113 Quacunque
3097 4045 3264 4115 igitur
3285 4044 3452 4113 hujus

1883 4136 2364 4204 contemplationis
2421 4136 2633 4189 ratione
2667 4150 2791 4189 cum
2838 4134 3061 4189 Christo
3126 4134 3277 4187 cruci
3333 4120 3466 4187 affi?

1882 4227 2081 4297 gimur,
2113 4227 2310 4281 demus
2327 4241 2573 4295 operam,
2610 4234 2669 4280 ut
2700 4241 2891 4280 sumus
2918 4225 3019 4287 ibi,
3047 4234 3108 4279 ut
3137 4240 3447 4279 sermonem

1883 4335 1989 4372 una
2022 4335 2143 4372 cum
2178 4319 2434 4373 nobisin
2469 4334 2688 4374 crucem
2723 4318 2911 4373 datum
2949 4320 3230 4385 placemus
3262 4318 3447 4381 nobis.

1883 4426 1947 4464 ac
1979 4411 2137 4463 fidam
2169 4410 2499 4478 recipiamus
2516 4424 2651 4478 pura
2686 4410 3027 4464 conscientia
3060 4408 3447 4477 castigantium

1884 4502 2273 4568 cogitationum
2313 4502 2484 4568 ipsam
2542 4500 2753 4567 requiei
2813 4509 2870 4552 et
2918 4498 3191 4568 refrigerii
3237 4515 3451 4552 annun—

1888 4591 2201 4655 tiationem;
2272 4590 2545 4658 siquidem
2599 4589 2865 4643 hodierna
2927 4588 3048 4643 dies
3117 4598 3445 4656 przescntem

1886 4680 2050 4750 hujus
2080 4680 2261 4733 szeculi
2302 4679 2446 4732 diem
2482 4677 2753 4747 signiﬁcat
2801 4678 2989 4746 (Hodie
3037 4678 3195 4739 enim,
3252 4676 3446 4744 inquit,

1888 4788 2087 4824 mecum
2121 4771 2173 4823 in
2232 4769 2478 4837 paradiso
2517 4769 2618 4820 eris
2665 4767 2738 4833 η),
2772 4768 3010 4821 crastina
3048 4774 3227 4819 auth
3279 4763 3449 4818 futuri

1890 4858 2097 4921 saculi,
2133 4872 2239 4924 qua
2277 4858 2480 4909 nullam
2536 4865 2890 4925 peccatorum
2921 4855 3299 4910 remissionem
3353 4868 3451 4906 ex—

1901 4955 2153 5017 spectare
2201 4946 2374 4999 debes
2395 4986 2409 5009 ,
2445 4961 2639 4999 verum
2664 4946 2834 4999 solam
2866 4961 2966 5012 pro
3016 4944 3452 5011 uniuscujusque

1883 5036 2011 5092 vita;
2057 5035 2256 5090 merito
2284 5035 2700 5090 retributionem
2729 5034 3079 5101 condignam.

1512 5381 1745 5438 vanus
1792 5342 2190 5436 LECTIONES.

290 5475 594 5543 "‘Repone
626 5477 1030 5547 συσταυρωθῇς,
1061 5486 1122 5531 ut
1147 5488 1324 5533 exstat
1350 5478 1514 5535 etiam
1538 5477 1678 5532 infra
1708 5478 1775 5547 fol

1876 5477 1932 5531 t8
1962 5478 2012 5528 1).
2060 5546 2063 5547 ν
2091 5476 2136 5507 ’⁵
2168 5477 2239 5528 Ita
2274 5474 2550 5547 rescripsi.
2573 5472 2717 5547 βοᾷ.
2748 5473 2889 5529 Gud.
2914 5474 3059 5529 enim
3088 5474 3247 5547 habet
3277 5477 3448 5545 ὲκρώ-

217 5561 373 5609 σεως.
452 5561 894 5616 "Apograpnum
931 5561 1094 5601 habet
1120 5561 1187 5616 τῇ
1213 5561 1320 5615 γάρ
1352 5565 1489 5617 παρα

215 5616 413 5671 eabulo
442 5618 774 5686 παραινέσει.
853 5618 897 5648 ’⁸
918 5616 1170 5680 δόξασθαι
1199 5618 1320 5672 cod.
1348 5618 1489 5674 Gud.

451 5544 894 5616 "Apographum
931 5544 1095 5617 habet
1120 5551 1187 5616 τῇ
1213 5550 1320 5615 γάρ
1352 5550 1682 5617 παραινέσει.
1724 5546 1779 5601 Di

1876 5547 1905 5599 ri
1938 5546 2070 5600 illinl
2105 5547 2212 5612 γὰρ
2252 5545 2397 5612 quod
2426 5560 2533 5599 non
2555 5544 2747 5599 dubito
2770 5547 2901 5614 quin
2930 5546 3231 5600 accreverit
3260 5561 3327 5600 ex
3346 5544 3444 5600 νοσ-

293 5730 369 5801 (l)
397 5730 639 5809 Gregorii
668 5732 794 5786 Naz.
832 5732 921 5788 0r.
959 5734 1013 5786 in
1040 5732 1094 5787 S.
1127 5732 1351 5799 Pascha,
1387 5749 1509 5804 cap.
1537 5734 1626 5800 21,
1662 5743 1792 5790 tom.
1827 5734 1868 5799 l,
1903 5749 1956 5803 p.
1992 5733 2112 5788 86$.
2147 5730 2234 5783 ed.
2268 5729 2470 5784 Bencd.
