4192 6434
775 359 909 428 1175

1934 370 1995 426 5.
2036 370 2315 428 MAXIM]
2358 370 2864 431 CONFESSORIS

3894 364 4039 430 1176

775 473 897 527 Alia
926 474 1300 543 contemplatio
1336 474 1405 526 ad
1428 490 1513 527 eos
1542 476 1635 543 qui
1682 477 1956 545 ambigunt
1994 478 2056 528 de
2096 478 2235 529 dicto
2288 480 2342 531 in

2457 480 2633 545 Ἄλλη
2678 480 2890 546 θεωρία
2931 478 3081 545 πρὸς
3111 477 3254 541 τοὺς
3295 476 3672 545 ἀποροῦντας
3730 478 3862 543 περὲ
3926 478 4038 529 τοῦ

840 579 1085 616 sermone
1114 566 1175 616 de
1203 563 1533 615 dedicatione
1562 565 1676 632 ejus
1704 565 1793 633 qui
1836 565 1967 615 dixit
2004 580 2021 615 :
2055 583 2073 614 ι
2119 563 2344 617 Sublimi

844 654 1142 716 sublimior,
1177 662 1225 705 et
1267 654 1576 708 admirabili
1617 654 2001 708 admirabilior.
2041 673 2059 703 ι

845 858 925 911 Ac
964 874 1160 913 rursus
1198 858 1432 927 primam
1465 857 1809 911 Dominicam
1850 856 2119 911 naturalis
2161 872 2345 912 resur—

779 951 1047 1006 rectionis
1074 950 1277 1004 futura:
1302 961 1361 1005 et
1388 949 1847 1018 sempiternitatis
1868 964 1989 1003 esse
2014 949 2343 1019 symbolum,

776 1042 1079 1099 secundam
1114 1058 1250 1097 vero
1298 1042 1591 1111 imaginem
1642 1041 1787 1096 ferre
1824 1041 2196 1096 deiﬁcationis
2226 1056 2349 1110 quae

777 1133 847 1188 de
879 1134 1051 1203 gratia
1086 1134 1244 1187 nobis
1279 1132 1553 1201 obtinget.
1587 1130 1744 1198 Quod
1770 1132 1816 1185 si
1846 1131 2040 1185 habitu
2076 1130 2347 1185 malorum

777 1240 923 1295 puro
958 1240 1023 1278 ac
1050 1225 1227 1278 libero
1254 1225 1526 1278 bonorum
1559 1224 1772 1287 I'ruitio,
1804 1231 1862 1277 et
1898 1225 2186 1277 voluntate
2217 1238 2349 1276 sana

777 1324 837 1368 et
878 1316 1087 1369 virtute
1133 1325 1439 1385 temperata
1469 1324 1691 1385 praestat
1722 1315 1953 1369 habitus
1990 1313 2349 1384 perfectionis

780 1403 1087 1458 secundum
1125 1420 1312 1459 veram
1346 1406 1746 1475 cognitionem,
1800 1407 1847 1459 si
1899 1404 2134 1458 naturali
2182 1403 2350 1456 etiam

781 1497 1154 1565 perpetuitate
1191 1506 1417 1567 prastat
1443 1497 1495 1550 in
1535 1498 1712 1565 gratia
1742 1496 1810 1550 ad
1857 1498 2027 1551 Deum
2061 1494 2349 1549 transferri

778 1587 1177 1655 ctregcnerari
1229 1603 1330 1656 per
1371 1587 1820 1651 deiﬁeationem,
1883 1602 2122 1655 quorum
2175 1585 2351 1655 prima

781 1674 1065 1729 Dominica
1095 1676 1204 1730 fert
1236 1677 1555 1745 imaginem,
1601 1677 1771 1729 altera
1813 1690 1944 1729 vero
1994 1686 2082 1729 est
2128 1674 2351 1744 symbo-

780 1762 894 1817 lum
928 1805 944 1829 ,
999 1767 1198 1820 merito
1240 1766 1468 1820 sublimi
1517 1764 1902 1818 sublimiorem
1943 1764 2142 1834 spiritu
2195 1769 2351 1815 actus

781 1855 1043 1924 magister
1077 1870 1279 1908 novam
1307 1856 1450 1909 dixit
1480 1854 1845 1909 Dominicam.

784 2025 1173 2097 Contemplatio
1200 2026 1487 2089 naturalis,
1543 2044 1638 2097 per
1678 2044 1841 2097 quam
1879 2027 2047 2082 Deum
2104 2046 2168 2083 ex
2202 2030 2355 2086 rebus

866 2124 869 2127 ’
926 2137 967 2173 ,’
1179 2120 1403 2171 conditis
1432 2120 1605 2171 sancti
1640 2120 1962 2173 didicerunt.

854 2230 1062 2286 Partim
1103 2231 1274 2300 igitur
1296 2231 1377 2285 sic
1420 2231 1795 2286 conditionem
1851 2234 2129 2290 intuentes
2185 2238 2358 2292 sancti

783 2332 842 2377 et
872 2322 1125 2376 ordinem
1154 2322 1279 2390 ejus
1306 2337 1371 2377 ac
1392 2324 1808 2392 proportionem
1855 2336 1910 2379 et
1944 2341 2169 2395 operam
2197 2344 2357 2397 quam

784 2414 1001 2484 singula
1031 2430 1262 2484 quaeque
1294 2424 1554 2484 praestant
1600 2417 1884 2477 universo.
1941 2428 1999 2472 et
2030 2434 2193 2487 quam
2226 2436 2351 2489 per-

784 2505 928 2560 fecta
979 2506 1283 2560 secundum
1316 2521 1472 2559 suam
1521 2522 1753 2577 quaeque
1794 2510 1905 2561 sint
1946 2512 2216 2563 rationem
2268 2528 2352 2565 sa—

783 2600 1002 2668 pienter
1026 2613 1088 2652 ac
1126 2599 1485 2667 providenter
1540 2601 1841 2653 constituta
1874 2641 1889 2664 ,
1943 2602 2204 2671 quodque
2240 2619 2353 2658 non

783 2690 946 2743 aliter
976 2690 1116 2743 bene
1156 2705 1216 2744 se
1256 2690 1463 2744 habere
1482 2706 1605 2759 qua:
1628 2700 1756 2744 sunt
1780 2693 1919 2746 facta
1947 2694 2160 2761 possint
2190 2711 2352 2763 quam

782 2780 1061 2849 quomodo
1080 2782 1189 2850 jam
1220 2790 1371 2844 sunt,
1398 2781 1601 2850 quippe
1621 2796 1741 2849 qua:
1768 2797 1948 2851 neque
1970 2782 2355 2838 additamento

783 2872 897 2924 ullo
927 2883 1019 2925 aut
1050 2872 1432 2925 subtractione
1474 2887 1585 2938 quo
1634 2872 1866 2926 meliore
1926 2873 2179 2927 fruantur
2211 2884 2354 2928 statu

784 2961 1052 3031 indigent,
1089 2961 1279 3014 mundi
1312 2961 1581 3015 artiﬁcem
1631 2978 1699 3014 ex
1753 2962 2021 3031 Operibus
2049 2966 2171 3033 ejus
2214 2964 2358 3017 didi-

2510 570 2701 637 ῥητοῦ
2752 570 2859 623 τοῦ
2899 570 2970 622 ἐν
3014 568 3096 633 τῷ
3147 570 3305 635 λόγῳ
3347 568 3468 620 τῶν
3524 570 3879 636 Έγκιιινίων
3926 567 4036 621 τοῦ

2516 664 2853 731 λέγοντοςμ
2876 659 3155 728 ’Υψηλῆς
3182 659 3547 728 ὑψηλοτέρα,
3570 660 3663 712 καί
3686 660 4038 727 θαυμασίας

2516 751 2965 821 θαυμασιωτέρα
2991 751 3090 821 (l).
3140 770 3159 802 ι

2519 864 2631 918 Καὶ
2675 863 2831 926 αὖθις
2872 862 2971 931 τὴν
3020 862 3121 931 μὲν
3170 860 3397 931 πρώτην
3440 859 3731 929 Κυριακὴν
3765 857 3868 925 τῆς
3899 855 4034 927 μελ-

2447 955 2645 1022 λούσης
2698 954 2937 1022 φυσικῆς
2979 953 3334 1014 ἀναστάσεως
3381 951 3474 1002 καὶ
3526 949 3841 1020 ἀφθαρσίας
3891 944 4033 1001 εἶναι

2452 1045 2741 1114 σύμὸολον,
2772 1044 2869 1114 τὴν
2896 1044 2954 1095 δὲ
2983 1044 3251 1111 δευτέραν
3277 1044 3375 1113 τῆς
3412 1044 3557 1096 κατά
3589 1044 3753 1112 χάριν
3798 1043 4035 1111 μελλοὺ-

2450 1151 2550 1204 σης
2580 1135 2829 1198 θεώσεως
2853 1134 3039 1203 φέρειν
3057 1133 3260 1187 εἰκόνα.
3287 1134 3349 1186 Εἰ
3374 1135 3557 1186 τοίνυν
3584 1133 3687 1202 τῆς
3722 1134 3829 1203 μὲν
3856 1134 4034 1185 καθα-

2452 1220 2715 1289 ρευούσης
2745 1220 2932 1272 κακῶν
2951 1218 3117 1283 ἕξεως
3139 1222 3171 1289 ἠ
3198 1218 3307 1272 τῶν
3329 1219 3552 1287 ἀγαθῶν
3575 1219 3891 1279 ἀπόλαυσίς
3917 1220 4033 1270 ἑστι

2448 1311 2773 1380 τιμιωτέρα,
2813 1310 2911 1378 τῆς
2936 1310 2993 1362 δὲ
3028 1312 3148 1363 κατ’
3177 1311 3378 1380 ἀρετὴν
3417 1309 3605 1378 ὑγιοῦς
3647 1309 4035 1380 προαιρέσεως

2451 1401 2485 1469 ἡ
2523 1400 2633 1465 ἕξις
2657 1394 2925 1471 τῆςκατά
2945 1401 3045 1469 τὴν
3074 1401 3251 1471 ἀληθῆ
3283 1402 3488 1467 γνῶσιν
3530 1400 3904 1469 τελειότητος,
3938 1400 4035 1451 καὶ

2451 1490 2549 1557 τῆς
2587 1489 2823 1557 φυσικῆς
2854 1490 3164 1561 ἀφθαρσίας
3204 1492 3237 1561 ἡ
3281 1493 3338 1543 ὲν
3368 1492 3553 1562 χάριτι
3601 1492 3739 1559 πρὸς
3772 1489 3870 1541 τὸν
3902 1488 4036 1540 Θεδν

2452 1578 2593 1631 κατά
2621 1577 2717 1647 τὴν
2743 1578 2941 1631 θέωσιν
2974 1584 3354 1651 μεταποίησις,
3388 1575 3463 1635 ὧν
3486 1584 3519 1650 ὴ
3556 1581 3652 1651 μὲν
3692 1578 3895 1650 πρώτη
3922 1579 4033 1631 Κυ-

2453 1668 2619 1739 ριακὴ
2653 1670 2809 1740 φέρει
2844 1670 3035 1736 τύπον,
3067 1674 3101 1741 ἡ
3130 1671 3187 1724 δὲ
3209 1671 3438 1743 δευτέρα
3463 1672 3722 1741 τυγχάνει
3737 1667 4032 1740 σύμϐολον,

2453 1760 2683 1825 εἰκότως
2711 1761 2923 1833 ὑψηλῆς
2953 1762 3292 1833 ὑψηλοτέραν
3329 1764 3599 1832 ἀγόμενος
3629 1761 3915 1832 πνεύματι
3936 1760 4035 1828 τὴν

2382 1844 2424 1898 Β
2454 1851 2649 1922 καινὴν
2666 1855 2696 1906 ό
2718 1853 3036 1917 διδασκαλος
3059 1854 3166 1924 ἔφη
3205 1856 3511 1924 Κυριακήν.

2458 2030 2675 2096 Θεωρία
2694 2031 2947 2099 φυσικὴ,
2966 2031 3041 2085 δι’
3058 2027 3133 2101 ἧς
3160 2033 3269 2085 τόν
3296 2032 3445 2085 Θεὸν
3459 2032 3527 2085 ἐκ
3552 2029 3669 2085 τῶν
3687 2033 4037 2100 κτισμῖτων

2878 2127 2933 2177 οἰ
2986 2123 3142 2191 ἅγιοι
3190 2122 3604 2176 ἐδιδάσκοντο.

2526 2238 2685 2295 Οὕτω
2721 2238 2821 2307 μὲν
2854 2235 2947 2289 οὖν
2964 2237 3065 2305 τὴν
3095 2236 3277 2287 κτίσιν
3308 2234 3743 2303 κατανοήσαντες
3775 2234 3826 2284 οἱ
3865 2232 4035 2298 ᾶγιοι,

2456 2333 2551 2387 καί
2581 2332 2679 2402 τὴν
2711 2330 3009 2399 εὐκοσμίαν
3030 2328 3200 2397 αὐτῆς
3231 2327 3326 2379 καὶ
3358 2326 3458 2396 τὴν
3486 2324 3781 2391 ἀναλογίαν
3811 2323 3914 2376 καὶ
3942 2323 4038 2392 τὴν

2458 2425 2668 2495 γρείαν,
2722 2422 2789 2492 ἢν
2820 2420 3051 2472 ἕκαστον
3096 2418 3394 2489 παρέχεται
3436 2417 3517 2486 τῷ
3573 2416 3756 2479 παντὶ,
3813 2414 3917 2467 καὶ
3967 2413 4040 2475 ὡς

2458 2518 2641 2591 τέλεια
2691 2514 2870 2566 πάντα
2910 2511 3090 2579 σοφῶς
3127 2526 3188 2563 τε
3244 2510 3336 2563 καί
3375 2525 3754 2578 προνοητικῶς
3803 2507 3938 2561 καθ’
3985 2508 4038 2560 δν

2461 2608 2583 2675 δεδη
2592 2606 2714 2675 μιού
2724 2621 2951 2675 ργηνται
3002 2602 3160 2669 λόγον
3212 2601 3333 2671 δεδη
3343 2617 3465 2669 μιου
3473 2616 3576 2667 ργη
3586 2598 3723 2666 μένα
3741 2638 3759 2660 ,
3818 2599 3919 2651 καὶ
3968 2598 4039 2659 ὡς

2463 2698 2560 2767 οὐχ
2585 2691 2756 2749 οἷόντε
2783 2694 2958 2755 ἄλλως
2988 2710 3051 2759 γε
3078 2692 3259 2753 καλῶς
3288 2690 3431 2760 ἔχειν
3466 2689 3533 2740 τά
3559 2688 3831 2755 γενόμενα
3864 2690 4039 2753 παρ’ὅ

2461 2788 2556 2841 νῦν
2588 2785 3080 2857 ἔχει,.προσθήκης
3113 2782 3146 2851 ἦ
3181 2782 3529 2849 ἀφαιρέσεως
3570 2778 3706 2847 πρὸς
3743 2776 3807 2829 τὸ
3856 2777 4039 2837 καλῶς

2462 2882 2636 2942 ἄλλως
2659 2880 2803 2948 ἔχειν
2832 2878 2906 2946 μὴ
2929 2876 3163 2943 δεόμενα
3202 2871 3396 2941 (16⁷
3431 2871 3489 2937 b)
3549 2870 3638 2922 τὸν
3684 2868 4040 2937 Δημιουργὺν

2463 2974 2525 3024 ὲκ
2548 2971 2655 3023 τῶν
2684 2968 2849 3022 αὐτοῦ
2884 2966 3207 3035 ποιημάτων
3244 2960 3599 3030 ὲδιδὰχθησαν
3619 2976 3632 2989 ·
3671 2957 3820 3010 οὓτω
3848 2957 3909 3009 δὲ
3946 2959 4041 3023 τὴν

782 3060 1018 3107 cerunt:
1053 3053 1253 3121 partim
1304 3068 1438 3106 vero
1488 3054 1893 3121 perennitatem
1946 3054 2228 3109 intuentes
2254 3097 2267 3119 ,
2303 3066 2354 3110 et

2460 3060 2743 3130 διαμονὴν,
2767 3060 2867 3126 τήν
2887 3073 2945 3108 τε
2970 3055 3125 3119 τάξιν
3151 3054 3245 3107 καὶ
3273 3052 3372 3120 τὴν
3398 3051 3549 3103 θέσιν
3578 3049 3688 3101 τῶν
3706 3048 4038 3116 γεγονότων,

780 3142 1034 3197 ordinem
1059 3158 1124 3196 ac
1154 3144 1484 3211 positionem
1522 3159 1706 3196 rerum
1740 3159 1863 3211 quae
1893 3144 2036 3199 laeta
2066 3156 2197 3199 sunt
2224 3186 2238 3209 ,
2298 3156 2355 3201 et

784 3234 1122 3296 institutum,
1156 3249 1268 3302 quo
1300 3235 1484 3288 omnia
1544 3235 1848 3287 secundum
1898 3250 2052 3289 suam
2094 3236 2355 3303 quodque

784 3324 1023 3392 speciem
1077 3331 1225 3376 stant
1280 3324 1567 3377 ineonl‘usa
1618 3324 1879 3392 omnique
1932 3324 2354 3379 conturbatione

783 3414 978 3476 libera,
1014 3414 1410 3483 stellarumque
1448 3424 1658 3469 motum
1692 3428 1911 3482 semper
1948 3413 2114 3467 modo
2156 3428 2355 3483 proce-

784 3505 1027 3567 dentem,
1060 3521 1239 3573 neque
1280 3519 1519 3574 unquam
1553 3506 1691 3559 nihil
1732 3520 1843 3558 non
1873 3504 2247 3571 dillerentem,
2302 3514 2357 3557 et

783 3596 975 3649 orbem
1031 3596 1159 3649 anni
1188 3596 1493 3650 secundum
1540 3596 1863 3649 eorumdem
1918 3604 2230 3663 temporum
2288 3610 2354 3649 ex

783 3686 978 3739 eodem
1037 3686 1159 3741 loco
1235 3687 1288 3740 in
1348 3687 1604 3740 eumdem
1689 3687 1871 3740 locum
1944 3688 2353 3741 restitutionem

786 3778 1017 3845 pulchro
1066 3777 1262 3831 ordine
1332 3792 1453 3832 sese
1512 3778 1879 3847 complentem
1910 3818 1923 3840 ,
1998 3787 2054 3833 et
2104 3780 2352 3831 noctium

785 3878 947 3935 atque
1000 3868 1215 3921 dierum
1268 3885 1368 3937 per
1423 3884 1627 3921 annum
1686 3869 2163 3938 aequabilitatem,
2220 3870 2351 3922 dum

786 3969 1020 4028 utraque
1066 3968 1298 4029 augetur
1344 3960 1590 4013 vicissim
1644 3969 1700 4013 et
1749 3960 2022 4013 minuitur
2064 3961 2217 4013 nullo
2262 3971 2357 4014 aut

785 4050 978 4118 majori
1013 4058 1107 4101 aut
1152 4050 1350 4102 minori
1400 4050 1625 4101 modulo
1679 4049 2005 4103 incrementi
2047 4058 2142 4102 aut
2179 4050 2357 4102 immi-

788 4142 1032 4193 nutionis
1072 4142 1153 4194 eis
1197 4142 1511 4205 obtinente,
1542 4150 1956 4209 prospectorcm
1998 4156 2120 4195 esse
2168 4157 2355 4194 rerum

785 4233 1031 4287 omnium
1075 4234 1489 4297 intellexerunt,
1546 4235 1914 4302 eumdemque
1968 4243 2025 4289 et
2076 4235 2246 4288 Deum
2300 4246 2357 4289 ct

784 4324 1139 4379 Conditorem
1174 4327 1550 4381 univcrsitatis
1579 4337 1947 4396 agnoverunt.

2460 3151 2553 3204 καὶ
2580 3151 2679 3220 τὴν
2700 3146 3060 3216 διεξαγωγὴν,
3096 3146 3219 3198 καθ’
3248 3144 3316 3214 ἢν
3347 3144 3524 3196 πάντα
3554 3142 3695 3194 κατὰ
3742 3142 3808 3194 τὸ
3836 3144 4040 3195 οἰκεῖον

2456 3243 2662 3294 ἕκαστα
2695 3237 2832 3302 εἶδος
2859 3239 3094 3308 ἕστηκεν
3116 3238 3399 3304 ἀσύγχυτα
3432 3236 3526 3287 καὶ
3546 3233 3749 3296 παντὸς
3773 3233 4040 3303 ἐλεύθερα

2458 3331 2698 3403 φυρμοΰ,
2726 3333 2825 3400 τήν
2856 3347 2915 3381 τε
2960 3327 3070 3381 τῶν
3110 3328 3328 3398 ἄστρων
3358 3326 3532 3395 φορὰν
3565 3326 3708 3377 κατά
3744 3324 3838 3376 τὸν
3876 3325 4040 3377 αὐτὸν

2456 3423 2657 3492 τρόπον
2688 3421 3004 3489 γινομένην,
3055 3418 3222 3488 μηδὲν
3266 3416 3537 3486 μηδέποτε
3583 3414 4036 3475 διαλλάττουσαν,

2457 3514 2553 3567 καὶ
2588 3514 2679 3565 τὸν
2739 3512 2937 3563 κύκλον
2978 3510 3069 3562 τοῦ
3107 3511 3356 3562 ἐνιαυτου
3400 3508 3541 3559 κατά
3580 3506 3677 3576 τὴν
3712 3506 3827 3557 τῶν
3857 3506 4039 3558 αὐτῶν

2457 3606 2565 3659 ἀπὸ
2596 3603 2689 3655 τοῦ
2738 3602 2903 3656 αὑτοῦ
2930 3604 3009 3663 εἰς
3044 3600 3135 3652 τδν
3177 3598 3337 3651 αὑτὸν
3374 3598 3536 3649 τόπον
3584 3597 4040 3648 ἀποκατάστασιν

2458 3698 2738 3756 εὐτάκτως
2765 3695 3071 3761 γινόμενον,
3107 3690 3215 3742 τῶν
3242 3707 3301 3741 τε
3331 3689 3539 3741 νυκτῶν
3557 3690 3649 3740 καὶ
3677 3688 3789 3739 τῶν
3816 3688 4040 3756 ἡμερῶν

2457 3790 2555 3857 τὴν
2590 3788 2709 3839 κατ’
2750 3786 2867 3847 ἔτος
2900 3784 3143 3851 ἰσότητα,
3181 3782 3330 3852 παρὰ
3371 3781 3534 3850 μέρος
3566 3780 3841 3848 ἑκατέρας
3879 3779 4041 3843 αὐξα-

2458 3881 2689 3948 νομένης
2722 3897 2781 3931 τε
2811 3879 2906 3931 καὶ
2936 3876 3280 3944 μειουμένης,
3328 3872 3449 3924 οὔτε
3492 3872 3697 3923 πλείονι
3728 3870 3859 3921 οὔτε
3886 3870 4040 3921 ἐλατ-

2458 3989 2569 4023 τονι
2631 3971 2813 4040 μέτρῳ
2865 3969 2967 4037 τῆς
3004 3966 3289 4034 αὐξήσεως
3320 3965 3512 4024 αὐταῖς
3554 3963 3585 4029 ἢ
3622 3962 3722 4031 τῆς
3762 3959 4041 4029 μειώσεως

2461 4062 2871 4130 ἐπιγινομένης,
2944 4057 3249 4126 προνοητὴν
3328 4053 3637 4123 ἡπίστασαν
3718 4048 3865 4103 εἶναι
3939 4051 4040 4103 τῶν

2457 4156 2645 4215 ὄντων,
2678 4153 2738 4204 ὃν
2780 4152 2875 4204 καὶ
2914 4150 3048 4201 θεὸν
3084 4147 3179 4201 καὶ
3210 4145 3550 4215 Δημιουργὺν
3596 4143 3703 4195 τῶν
3763 4144 3909 4195 ὅλων
3944 4146 4039 4195 ἑπ-

2459 4246 2719 4313 ἔγνωσαν.

787 4529 1172 4599 ϐοητρηιρίηιὶο
1204 4527 1469 4580 naturalis
1499 4526 1561 4579 de
1600 4543 1658 4579 eo
1702 4528 1842 4596 quod
1875 4531 2099 4582 mundus
2143 4528 2353 4583 initium

2464 4530 2680 4597 Θεωρία
2698 4526 2929 4595 φυσικὴ
2971 4523 3231 4592 περὶτοῦ
3262 4521 3459 4589 ἀρχὴν
3496 4521 3661 4588 ἔχειν
3676 4519 3788 4570 τὸν
3812 4519 4040 4587 κόσμον·

852 4624 1043 4678 habent
1082 4639 1145 4674 ac
1175 4620 1356 4687 liuent,
1386 4629 1434 4672 et
1464 4618 1727 4689 reliquum
1752 4620 2096 4689 quodcunque
2122 4620 2229 4673 Deo
2264 4639 2356 4691 po-

854 4715 1048 4767 sterius
1086 4720 1181 4763 est.

853 4823 990 4888 Quis
1025 4822 1174 4874 enim
1206 4836 1329 4875 enm
1377 4834 1559 4872 rerum
1612 4836 1642 4873 a
1690 4818 1801 4874 Deo
1849 4820 2199 4875 conditarum
2230 4823 2356 4891 pul-

786 4912 1161 4967 chritudinem
1194 4921 1249 4963 et
1278 4911 1710 4979 magnitudinem
1760 4912 2026 4977 intuetur,
2079 4929 2205 4966 eum
2246 4931 2355 4967 non

786 5003 974 5057 statim
1028 5010 1311 5053 auctorem
1363 5003 1736 5067 generationis
1792 5018 1914 5056 esse
1968 5003 2197 5067 videbit,
2251 5022 2359 5075 qua

788 5092 1122 5163 principium
1164 5100 1219 5143 et
1267 5104 1485 5142 causam
1529 5108 1712 5143 rerum
1762 5102 1927 5161 atque
1973 5094 2356 5161 Conditorem,

787 5183 855 5238 ad
891 5197 1129 5249 eumque
1162 5182 1340 5234 solum
1377 5181 1661 5235 intellectu
1702 5192 1969 5247 recurret,
2014 5185 2102 5238 liis
2136 5190 2358 5241 omissis

787 5272 1180 5334 inferioribus,
1231 5287 1469 5339 cumque
1522 5272 1802 5325 intellectu
1855 5275 2076 5343 penitus
2122 5279 2356 5333 transire

786 5381 851 5419 ac
877 5373 1166 5434 penetrare
1194 5371 1431 5431 nequeat
1461 5372 1517 5415 ct
1540 5372 1720 5416 tamen
1752 5364 2069 5420 immediate
2098 5382 2357 5437 compre-

789 5456 1030 5511 hendere
1087 5471 1214 5509 eum
1261 5455 1537 5509 desideret
1574 5471 1735 5523 quem
1794 5472 1891 5525 per
1946 5474 2114 5527 opera
2178 5460 2357 5514 media

2637 4619 2732 4671 καὶ
2760 4616 3019 4687 γένεσιν,
3064 4613 3160 4667 καὶ
3196 4611 3319 4664 πᾶν
3343 4611 3496 4663 ἄλλο
3514 4609 3665 4678 μετὰ
3691 4610 3868 4664 Θεόν.

2534 4820 2630 4882 Τίς
2654 4818 2763 4887 γὰρ
2792 4817 2852 4869 τὸ
2881 4815 3076 4879 καλλος
3117 4814 3211 4867 καὶ
3250 4812 3312 4865 τδ
3356 4809 3583 4880 μέγεθος
3626 4806 3735 4858 τῶν
3767 4805 3865 4858 τοῦ
3910 4803 4039 4857 Θεοῦ

2463 4912 2779 4979 κτισμάτων
2818 4907 3089 4976 θεώμενος
3117 4906 3218 4957 οὐκ
3260 4903 3422 4963 εὐθὺς
3456 4901 3618 4955 αὑτὸν
3653 4897 4041 4968 γενεσιουργὸν

2462 5004 2723 5070 ἐννοήσει,
2783 4999 2857 5059 ὡς
2919 4996 3095 5065 ἀρχὴν
3146 4996 3241 5046 καὶ
3306 4991 3489 5045 αἰτίαν
3556 4990 3663 5040 τῶν
3712 4989 3896 5039 ὄντων
3952 4987 4040 5038 καὶ

2464 5092 2720 5160 ιῐοιητὴν,
2766 5090 2859 5141 καὶ
2909 5088 3043 5156 πρὸς
3098 5085 3260 5138 αὑτὸν
3316 5084 3477 5153 μόνον
3520 5080 3927 5150 ἀναδραμεῖται
3976 5080 4037 5145 τῇ

2464 5185 2693 5255 διανοίᾳ,
2731 5184 2907 5235 ταῦτα
2947 5184 3107 5251 ἀφεὶς
3144 5182 3317 5241 κάτω,
3375 5180 3460 5230 ὅτι
3523 5176 3658 5245 μηδὲ
3693 5176 3916 5243 πέφυκε
3945 5174 4036 5241 τῆς

2463 5276 2701 5337 διανοίας
2742 5277 2940 5343 χωρεῖν
2986 5273 3086 5341 τὴν
3132 5272 3260 5339 ὃλην
3292 5268 3566 5331 διάϐασιν,
3611 5266 3799 5317 λαϐεῖν
3859 5264 4037 5317 ποθῶν

2463 5368 2685 5437 ἀμέσως
2714 5367 2772 5418 ὃν
2800 5365 2887 5416 διὰ
2920 5364 3099 5433 μέσων
3137 5361 3246 5413 τῶν
3282 5360 3459 5431 ἔργων
3488 5356 3776 5425 ἐγνώρισε,
3818 5355 3921 5407 καὶ
3943 5354 4036 5422 τὴν

2466 5459 2593 5528 περὶ
2620 5456 2713 5510 τοῦ
2749 5458 2983 5526 ἄναρχον
3017 5450 3156 5507 εἶναι
3198 5453 3288 5505 τὸν
3341 5450 3544 5520 κόσμον
3585 5445 3781 5500 ἑαυτοῦ
3828 5444 4035 5514 πλάνην

2076 5593 2302 5647 νΑΙὶΙᾹΞ
2336 5592 2745 5649 LECTIONES.

859 5723 937 5794 (l)
964 5722 1126 5793 Greg.
1158 5724 1287 5778 Nae.
1318 5726 1407 5777 ων.
1444 5729 1491 5776 tu
1524 5742 1707 5777 noram
1740 5724 1944 5777 Domiti.
1981 5741 2101 5793 cap.
2128 5726 2178 5789 5,
2223 5735 2353 5779 toni.
2386 5725 2426 5783 l.
2463 5742 2587 5795 pag.
2615 5724 2739 5779 838.
2771 5725 2859 5777 ed.
2890 5721 3091 5779 Bencd.
