4192 6434
174 339 195 400 1
207 337 306 404 177

1401 351 1920 412 AMBIGUORUM
1963 355 2219 416 LIBER.

3287 357 3423 424 1178

165 457 401 524 ἑτοίμως
461 455 766 520 ἀπώσεται,
822 455 1184 528 λογιζόμενος.
1221 462 1439 533 άληθῶς
1482 468 1563 519 ὅτι
1630 470 1739 520 πᾶν

1847 471 2150 536 agnoverit,
2183 469 2351 522 etiam
2383 485 2632 526 errorem
2654 487 2814 527 suum
2840 472 3243 542 qut/mundum
3267 477 3422 542 prin-

165 547 488 615 κινούμενον
518 547 736 611 πάντως
763 550 858 603 καὶ
902 550 1109 622 ἧρξατο
1135 555 1234 622 τῆς
1259 556 1546 625 κινήσεως.
1584 558 1741 611 Πᾶσα

157 637 215 688 δὲ
273 637 486 707 κίνησις
540 639 641 692 οὐκ
702 640 960 712 ἄναρχος,
1035 645 1224 716 ἐπειδὴ
1293 647 1413 700 οὐδὲ
1475 648 1738 712 ἀναίτιος.

157 728 363 800 (168
386 732 478 800 a).
539 731 742 802 Ἀρχὴν
775 734 885 804 γὰρ
922 733 1038 804 ἔχει
1074 736 1134 787 τὸ
1169 737 1375 802 κινοῦν,
1426 740 1520 792 καὶ
1563 741 1741 794 αἰτίαν

155 820 273 889 ἔχει
305 821 368 873 τὸ
412 820 612 875 καλοῦν
645 840 705 875 τε
746 825 840 877 καὶ
877 825 1036 878 ἕλκον
1069 829 1114 860 ⁹⁹
1142 828 1280 900 πρὸς
1316 830 1345 882 ὂ
1381 829 1474 884 καὶ
1508 836 1740 884 κινεῖται

151 909 333 972 τέλος.
375 910 440 962 Εἰ
478 909 533 963 δὲ
568 913 750 984 πάσης
784 916 1054 985 κινήσεως
1084 920 1286 982 παντὸς
1326 922 1648 990 κινουμένου
1680 923 1740 973 τὸ

153 998 348 1051 κινοῦν
383 1001 533 1053 ἐστιν
559 1002 722 1072 ἁρχὴ,
759 1005 852 1056 καὶ
894 1005 1046 1068 τέλος
1080 1009 1114 1076 η
1161 1009 1297 1078 πρὸς
1332 1011 1401 1080 ἢν
1428 1011 1652 1080 φέρεται
1678 1012 1740 1064 τὸ

155 1088 486 1158 κινούμενον
531 1091 684 1146 αίτια
743 1094 932 1164 (οὐδὲν
976 1092 1086 1167 γάρ
1127 1098 1386 1162 ἀναιτίως
1449 1103 1735 1170 κινεῖται),

151 1180 316 1234 οὐδὲν
359 1180 416 1234 δὲ
468 1181 580 1235 τῶν
637 1182 808 1238 ὄντων
860 1185 1135 1255 ἀκίνητον,
1193 1189 1244 1242 εί
1283 1189 1359 1261 μὴ
1399 1191 1464 1244 τὸ
1508 1191 1738 1262 πρώτως

151 1274 348 1328 κινοῦν
399 1274 496 1346 (τὸ
538 1276 649 1347 γάρ
701 1278 932 1348 πρώτως
974 1280 1158 1335 κινοῦν
1195 1282 1414 1346 πάντως
1459 1285 1739 1354 ἀκίνητον,

150 1366 241 1419 ὅτι
273 1367 370 1420 καὶ
398 1367 635 1438 ἄναρχον
659 1368 703 1438 ),
732 1370 884 1424 οὐδὲν
905 1372 1014 1442 ἄρα
1048 1374 1160 1427 τῶν
1184 1373 1357 1428 ὄντων
1393 1377 1544 1428 ἐστὶν
1573 1377 1739 1445 ἄναρ-

149 1472 277 1526 χον,
318 1456 404 1509 ὅτι
454 1457 532 1527 μὴ
569 1457 665 1511 καῖ⁵
695 1457 978 1528 ἀκίνητον.
1031 1461 1220 1517 Πάντα
1243 1464 1354 1533 γάρ
1399 1467 1632 1520 κινεῖται
1673 1468 1739 1521 τὰ

148 1549 408 1602 ὁπωσοῦν
439 1549 590 1616 ὄντα,
640 1551 766 1622 δίχα
814 1553 916 1623 τῆς
963 1556 1132 1626 μόνης
1181 1557 1280 1611 καὶ
1329 1559 1588 1628 ἀκινήτου
1645 1561 1739 1614 καὶ

148 1638 306 1712 ὑπὲρ
353 1641 530 1695 πάντα
583 1643 785 1708 αἰτίας,
815 1645 885 1698 τά
917 1646 1018 1715 μὲν
1057 1648 1223 1719 νοερά
1269 1665 1329 1702 τε
1377 1651 1475 1702 καὶ
1521 1649 1736 1716 λογικά,

146 1734 479 1801 γνωπικῶς
497 1751 559 1788 τε
580 1736 678 1790 καὶ
708 1737 1170 1809 ἑπιστημονικῶς,
1201 1740 1284 1794 ὅτι
1311 1744 1385 1810 μὴ
1402 1742 1737 1810 αὑτογνὼσις

1842 563 1987 629 cipio
2016 577 2205 616 carere
2242 563 2440 616 statuit
2468 563 2727 618 lubenter
2765 565 3010 634 abjicict,
3046 567 3421 635 quodcunque

1841 660 2134 705 moveatur
2178 656 2302 722 jure
2339 655 2689 724 recogitans,
2727 656 2955 711 omnino
2996 659 3207 711 moveri
3250 660 3421 712 etiam

1840 743 2094 810 coepisse.
2129 742 2323 795 Nullus
2356 759 2490 798 vero
2524 755 2711 800 motus
2739 746 2860 800 sine
2892 747 3192 816 principio,
3243 747 3423 816 siqui-

1841 834 1964 885 dem
2002 849 2105 886 nec
2127 833 2246 884 sine
2284 850 2472 888 causa.
2509 835 2851 904 Principium
2895 837 3103 890 ctenim
3143 836 3310 890 habet
3366 835 3423 890 id

1839 926 1984 992 quod
2030 935 2235 987 movet,
2265 934 2431 996 atque
2461 942 2686 982 causam
2737 928 2789 982 id
2821 929 2970 998 quod
3004 935 3200 982 evocat
3247 936 3306 982 et
3346 928 3420 982 ad

1841 1015 2004 1069 tinem
2030 1033 2142 1086 quo
2191 1028 2447 1074 movetur
2483 1021 2733 1074 attrahit.
2785 1021 2904 1074 Jam
2957 1021 3002 1074 si
3044 1021 3422 1089 cujuscunque

1839 1108 1986 1176 quod
2021 1122 2274 1164 movetur
2301 1111 2566 1165 motionis
2594 1113 2777 1166 omnis
2804 1112 3146 1181 principium
3177 1111 3312 1165 illud
3336 1121 3424 1166 est

1838 1199 1988 1268 quod
2019 1209 2224 1262 movet,
2281 1211 2338 1255 et
2369 1201 2497 1257 linis
2538 1217 2707 1258 causa
2761 1204 2830 1256 ad
2883 1218 3050 1271 quam
3107 1201 3287 1255 fertur
3335 1216 3426 1255 res

1839 1299 1987 1344 mota
2016 1291 2178 1359 (nihil
2204 1294 2356 1346 enim
2377 1295 2498 1348 sine
2523 1309 2690 1348 causa
2736 1293 3038 1362 movetur),
3079 1293 3221 1346 nihil
3257 1307 3424 1362 porro

1842 1381 1899 1434 in
1949 1382 2120 1436 rebus
2169 1397 2281 1436 non
2331 1394 2588 1440 movetur
2626 1393 2834 1454 prater
2872 1399 3043 1438 unum
3091 1384 3227 1438 illud
3273 1381 3420 1452 quod

1840 1470 2102 1538 primitus
2122 1481 2309 1526 movet
2361 1473 2512 1542 (nam
2551 1473 2702 1542 quod
2755 1473 3020 1544 primitus
3066 1481 3251 1527 movet
3296 1471 3424 1525 ideo

1840 1567 1990 1613 caret
2023 1570 2174 1614 motu
2207 1561 2358 1630 quod
2389 1561 2559 1615 etiam
2591 1563 2866 1632 principio
2891 1560 3090 1632 caret),
3123 1561 3264 1615 nihil
3287 1573 3424 1629 ergo

1839 1649 1896 1702 in
1929 1650 2099 1704 rebus
2128 1652 2248 1706 sine
2275 1652 2556 1722 principio
2586 1662 2695 1717 est,
2740 1661 3036 1722 propterea
3074 1650 3223 1721 quod
3248 1649 3421 1705 etiam

1839 1742 1959 1796 sine
2015 1751 2192 1797 motu.
2229 1744 2520 1798 Moventur
2553 1744 2704 1798 enim
2738 1757 3083 1813 quaecunque
3134 1749 3423 1810 utcunque

145 1825 191 1896 ἢ
234 1826 648 1898 αὐτοεπιστήμη
699 1828 883 1884 ἔστιν.
924 1828 1064 1884 οὔτε
1111 1832 1222 1903 γὰρ
1263 1833 1423 1886 οὐσία
1453 1833 1638 1888 αὐτῶν
1697 1835 1733 1904 ὴ

1847 1843 1984 1896 sunt,
2002 1843 2241 1902 excepta
2268 1850 2375 1888 una
2405 1851 2583 1903 eaque
2613 1836 2890 1890 immobili
2916 1844 2974 1892 et
3018 1835 3206 1889 omnia
3251 1846 3421 1901 supe-

147 1916 366 1986 γνῶσις
415 1918 597 1973 αὐτῶν
643 1921 760 1974 ἐστι
798 1922 894 1976 καὶ
932 1923 967 1993 ὴ
1014 1923 1319 1994 ἐπιστήμη,
1354 1923 1471 1978 ἀλλ’
1499 1923 1643 1989 ἕξεις
1670 1925 1736 1994 τῇ

149 2009 345 2063 αὐτῶν
365 2010 526 2081 οὐσίᾳ
552 2011 1046 2089 έπιθεωρούμεναι,
1087 2014 1152 2067 ἐκ
1188 2017 1287 2084 τῆς
1320 2013 1461 2068 κατὰ
1486 2014 1613 2068 νοῦν
1643 2016 1739 2067 καὶ

147 2099 319 2168 λόγον
352 2100 481 2171 (τὰς
501 2103 836 2168 συστατικὰς
863 2103 1046 2159 αὐτῶν
1075 2103 1221 2174 λέγω
1243 2103 1537 2177 δυνάμεις)
1568 2105 1737 2175 ὀρθῆς

151 2193 398 2262 κρίσεως
429 2195 836 2264 ἑπιγενόμεναι.

1845 1933 2002 1978 rantc
2051 1939 2239 1988 causa,
2291 1933 2402 1979 tam
2459 1925 2857 1980 intellectualis
2903 1938 3068 1994 quam
3109 1923 3424 1987 rationalia,

1845 2023 1954 2069 tam
1981 2017 2300 2086 cognitione
2329 2031 2496 2086 quam
2527 2017 2788 2080 scientia,
2817 2016 2950 2085 quia
2978 2030 3083 2070 nec
3122 2015 3207 2069 sui
3248 2013 3425 2082 ipsius

1843 2106 2087 2175 cognitio
2142 2121 2246 2162 nec
2294 2108 2379 2162 sui
2433 2107 2610 2175 ipsius
2661 2107 2895 2162 scientia
2945 2114 3149 2161 exstat.
3206 2102 3424 2158 Etenim

1842 2199 2086 2267 cognitio
2115 2215 2307 2254 eorum
2336 2207 2396 2254 et
2419 2199 2654 2254 scientia
2685 2215 2793 2253 non
2819 2198 3062 2253 essentia
3096 2205 3181 2250 est
3205 2209 3423 2273 eorum.

149 2285 256 2338 sed
285 2285 508 2342 habitus
569 2289 664 2356 qui
703 2289 758 2342 in
826 2290 1068 2345 essentia
1109 2305 1306 2346 eorum
1375 2287 1929 2351 animadvertuntur,
1971 2304 2040 2343 ex
2101 2290 2461 2346 intellectuali
2508 2299 2566 2346 et
2616 2289 2877 2345 rationali
2916 2288 3244 2359 (potestates
3297 2283 3424 2339 dico

153 2391 288 2446 quae
344 2384 404 2432 ut
451 2377 757 2434 consistant
809 2378 942 2449 ipsa
1000 2378 1272 2444 efﬁciunt)
1333 2385 1486 2433 recto
1530 2377 1742 2448 judicio
1781 2380 2133 2435 accedentes.

159 2602 386 2668 Θεωρία
427 2601 560 2669 περὶ
600 2601 920 2668 συστολῆς
970 2603 1067 2655 καὶ
1113 2600 1445 2668 διαστολῆς
1500 2603 1739 2668 οὐσίας,

233 2693 552 2758 ποιότητός
581 2707 642 2744 τε
683 2692 782 2745 καὶ
829 2694 1188 2761 ποσότητος,
1220 2693 1350 2747 καθ’
1382 2690 1464 2759 ἢν
1490 2690 1738 2761 ἄναρχοι

235 2778 389 2838 εἶναι
420 2784 493 2836 οὐ
515 2782 826 2837 δύνανται.

252 2915 412 2969 Ἀλλά
437 2916 532 2968 καὶ
561 2915 701 2984 αὑτὴ
720 2916 754 2984 ἠ
781 2915 967 2978 ἁπλῶς
998 2914 1263 2986 λεγομένη
1287 2915 1450 2970 οὐσία
1485 2917 1548 2970 οὐ
1579 2915 1740 2984 μόνον

164 3009 201 3077 ἡ
242 3005 352 3059 τῶν
381 3008 441 3059 ὲν
477 3006 688 3073 γενέσει
730 3006 823 3059 καὶ
855 3005 1030 3077 φθορᾷ
1068 3005 1210 3059 κατά
1255 3007 1474 3075 γένεσιν
1513 3011 1742 3061 κινεῖται

165 3099 268 3152 καὶ
305 3097 536 3166 φθορὰν,
590 3096 728 3149 ἀλλὰ
766 3097 858 3148 καὶ
913 3097 946 3164 ἡ
1001 3097 1109 3150 τῶν
1142 3097 1311 3151 ὄντων
1351 3099 1610 3153 ἁπάντων
1652 3100 1744 3151 καὶ

1839 2602 2228 2670 Contemplatio
2254 2605 2317 2655 de
2339 2603 2699 2657 contractione
2732 2610 2781 2655 et
2815 2601 3132 2656 dilatatione
3164 2601 3427 2653 essentia.”

1911 2697 2186 2764 qualitatis
2216 2708 2261 2749 et.
2286 2698 2621 2764 quaarttitatis,
2651 2695 2938 2750 secundum
2962 2710 3122 2763 quam
3140 2693 3252 2746 sine
3279 2690 3430 2761 prin-

1908 2789 2044 2857 cipio
2074 2804 2183 2840 esse
2213 2803 2317 2840 non
2348 2793 2587 2858 possunt.

1913 2919 2118 2972 Verum
2151 2926 2207 2971 et
2257 2919 2376 2985 ipsa
2418 2933 2542 2984 qua
2584 2915 2921 2985 simpliciter
2953 2914 3160 2969 dicitur
3188 2910 3431 2968 essentia

1849 3025 1959 3062 non
1985 3009 2150 3061 modo
2178 3022 2372 3060 eorum
2397 3022 2522 3074 qua:
2556 3007 2900 3076 generationi
2927 3013 3058 3059 sunt
3081 3014 3136 3058 et
3176 3003 3428 3057 interitui

1849 3101 2090 3154 obnoxia
2123 3099 2428 3152 secundum
2457 3100 2879 3167 generationem
2914 3105 3166 3149 movetur
3195 3104 3252 3148 et
3283 3095 3429 3147 intc-

168 3185 454 3255 κεκίνηται
483 3185 576 3238 καὶ
603 3187 831 3238 κινεῖται
861 3184 941 3254 τῷ
969 3185 1112 3238 κατὰ
1133 3185 1420 3257 διαστολὴν
1437 3188 1531 3240 καὶ
1554 3203 1745 3240 συστο-

1853 3195 2047 3252 ritum.
2075 3192 2170 3245 sed
2209 3193 2380 3245 etiam
2406 3191 2654 3244 omnium
2687 3204 2809 3258 qua:
2834 3200 2966 3240 sunt
2993 3195 3049 3240 et
3079 3195 3230 3238 nota
3259 3195 3345 3240 est
3373 3192 3431 3238 et

167 3278 271 3348 λὴν
304 3277 450 3345 λόγῳ
471 3293 530 3328 τε
556 3275 651 3328 καὶ
678 3277 887 3344 τρόπῳ.
925 3276 1171 3328 Κινεῖται
1205 3277 1306 3348 γὰρ
1332 3277 1439 3330 άπὸ
1472 3277 1565 3329 τοῦ
1593 3294 1746 3346 γενιο-

169 3370 421 3423 κωτάτου
457 3366 648 3436 γένους
685 3366 774 3420 διὰ
805 3365 915 3419 τῶν
951 3369 1329 3439 γενικωτέρων
1371 3369 1542 3437 γενῶν
1567 3373 1646 3433 εἰς
1678 3371 1769 3426 τὰ,

171 3459 288 3528 εἴδη
320 3457 387 3510 δι’
416 3451 490 3509 ὧν
524 3461 617 3509 καὶ
657 3458 738 3519 εἰς
770 3456 806 3510 ά
841 3457 1168 3527 διαιρεῖσθαι
1210 3460 1443 3530 πέφυκε,
1484 3461 1749 3531 προῐοῦσα

175 3549 343 3620 μέχρι
371 3548 478 3602 τῶν
516 3548 880 3601 είδικωτάτων
903 3549 1058 3600 εἱδῶν
1089 3547 1171 3614 οἷς
1200 3551 1531 3622 περατοῦται
1561 3554 1594 3622 ἡ
1627 3553 1746 3605 κατ’

171 3641 349 3710 αὐτὴν
363 3638 634 3708 διαστολὴ,
667 3639 729 3692 τὸ
753 3636 892 3703 εἶναι
925 3640 1093 3708 αὐτῆς
1123 3643 1257 3712 πρὸς
1300 3643 1371 3695 τά
1404 3644 1555 3696 κάτω
1592 3662 1750 3714 περι-

171 3733 488 3802 γράφουσα,
507 3732 601 3784 καὶ
619 3731 912 3798 συνάγεται
934 3733 1095 3786 πάλιν
1119 3734 1228 3787 ἀπὸ
1255 3735 1366 3787 τῶν
1388 3735 1750 3790 είδικωτάτων

170 3820 334 3874 εἱδῶν
357 3821 444 3873 διὰ
481 3821 590 3873 τῶν
613 3823 997 3894 γενικωτέρων
1051 3825 1454 3889 ἀναποδίζουσα
1487 3827 1672 3896 (168
1698 3827 1750 3895 b)

174 3909 345 3979 μέχρι
376 3908 469 3962 τοῦ
495 3911 862 3978 γενικωτάτου
895 3913 1107 3980 γένους,
1194 3914 1531 3985 περατοῦται
1566 3919 1598 3984 ἡ
1628 3917 1749 3968 κατ’

171 4002 351 4073 αὐτὴν
382 4003 634 4073 συστολὴ,
659 4004 796 4075 πρὸς
822 4004 883 4058 τὸ
900 4005 1012 4059 ἄνω
1029 4006 1092 4058 τὸ
1117 4002 1255 4060 εἶναι
1277 4008 1449 4078 αὐτῆς
1470 4008 1747 4078 ὁρίζουσα.

172 4094 274 4146 καὶ
303 4092 487 4146 λοιπὸν
506 4092 716 4163 διχόθεν
746 4096 1230 4167 περιγραφομένη,
1275 4097 1484 4151 ἄνωθέν
1513 4116 1572 4151 τε
1603 4099 1750 4164 λέγω

172 4187 272 4238 καὶ
305 4186 572 4253 κάτωθεν,
595 4188 769 4259 ἀρχὴν
797 4188 892 4241 καὶ
915 4189 1068 4252 τέλος
1101 4189 1298 4260 ἔχουσα
1330 4188 1626 4256 δείκνυται,
1658 4192 1749 4244 τὸν

171 4278 279 4345 τῆς
307 4279 562 4350 ἀπειρίας
588 4279 695 4332 οὐδ’
718 4281 856 4345 ὅλως
885 4282 1234 4346 ἐπιδέξασθαι
1264 4283 1538 4354 δυναμένη
1569 4285 1748 4353 λόγον,

186 4370 466 4434 Ὡσαύτως
527 4371 586 4426 δὲ
638 4374 730 4426 καὶ
773 4375 806 4444 ὴ
865 4375 1123 4444 ποσότης,
1169 4377 1230 4428 οὐ
1287 4377 1447 4446 μόνον
1487 4379 1517 4445 ὴ
1554 4378 1662 4430 τῶν
1696 4381 1753 4430 ἐν

173 4463 395 4530 γενέσει
431 4463 525 4515 καὶ
554 4463 730 4535 φθορᾷ
772 4467 936 4518 παντὶ
964 4467 1151 4536 τρόπῳ
1179 4460 1225 4534 ᾧ
1269 4467 1482 4535 πέφυκε
1528 4467 1751 4538 escape!-

1850 3293 2126 3342 movetur,
2171 3282 2590 3340 contractionis.
2635 3287 2692 3333 et
2744 3279 3086 3332 dilatationis
3122 3278 3334 3329 ratione
3361 3290 3428 3329 ac

1851 3375 2037 3428 modo.
2064 3375 2320 3426 Movetur
2345 3374 2491 3426 enim
2523 3374 2593 3426 ab
2624 3370 3043 3440 generalissimo
3089 3383 3290 3437 genere
3325 3383 3425 3436 per

1852 3466 2192 3534 generaliora
2225 3479 2427 3533 genera
2467 3464 2520 3515 in
2547 3463 2764 3531 species
2812 3477 2911 3529 per
2942 3475 3079 3528 quas
3109 3471 3166 3512 et
3207 3457 3260 3510 in
3295 3472 3432 3526 quas

1852 3555 2165 3618 dividitur,
2224 3549 2588 3623 progrediens
2640 3566 2816 3620 usque
2877 3550 2944 3602 ad
2999 3545 3430 3616 specialissimas

1853 3647 2067 3717 species
2092 3645 2302 3714 quibus
2337 3646 2666 3698 terminatur
2715 3642 2988 3702 dilatatio,
3018 3648 3271 3693 naturam
3303 3637 3423 3705 ejus

1853 3739 1919 3794 ad
1965 3738 2230 3792 inferiora
2278 3736 2602 3790 deﬁniens:
2651 3735 2780 3787 item
2841 3731 3194 3786 contrahitur
3234 3742 3435 3782 rursus

1854 3849 1882 3885 a
1912 3828 2329 3899 specialissimis
2364 3826 2663 3896 speciebus
2695 3841 2803 3893 per.
2844 3821 3222 3892 generaliorcs
3269 3833 3427 3872 revoc

1853 3933 1971 3976 cata
2001 3936 2174 3989 usque
2201 3921 2266 3974 ad
2307 3918 2784 3989 generalissimum
2811 3929 3004 3985 genus,
3045 3927 3156 3982 quo
3206 3919 3431 3964 contra-

1854 4014 1963 4068 ctio
2009 4013 2369 4074 terminatur,
2427 4019 2683 4064 naturam
2719 4009 2839 4077 ejus
2883 4006 2950 4059 ad
2984 4004 3244 4072 superius
3293 4000 3433 4054 deli—

1854 4107 2012 4158 niens
2063 4124 2072 4156 :
2129 4114 2186 4158 et
2238 4103 2500 4170 deinceps
2555 4101 2820 4166 utrinque
2868 4095 3312 4162 circumscripta,
3361 4092 3434 4146 de

1854 4195 2149 4264 superiori,
2174 4194 2419 4262 inquam,
2455 4191 2606 4245 etde
2645 4187 2918 4251 inferiori,
2966 4186 3047 4241 sic
3090 4183 3430 4254 principium

1854 4299 2018 4356 atque
2065 4285 2227 4339 tinent
2277 4285 2480 4338 habere
2511 4283 2962 4342 demonstratur,
3004 4275 3298 4330 inﬁnitatis
3339 4289 3430 4327 ra-

1858 4376 2023 4429 tionis
2071 4374 2494 4442 haudquaquam
2554 4387 2743 4441 capax.
2798 4370 3012 4424 Pariter
3065 4381 3202 4420 vero
3259 4365 3437 4419 etiam.

1856 4467 2137 4535 quantitas
2164 4481 2273 4518 non
2303 4465 2481 4518 solum
2523 4478 2719 4518 eorum
2758 4477 2883 4530 quae
2915 4457 3260 4528 generationi
3305 4464 3437 4508 sunt

179 4556 308 4607 σθαι
336 4557 454 4606 κατ’
489 4554 720 4624 αὔξησιν
760 4561 992 4610 κινεῖται
1026 4559 1119 4610 καὶ
1153 4559 1397 4627 μείωσιν,
1426 4559 1563 4613 ἀλλὰ
1593 4562 1687 4612 καὶ
1715 4562 1745 4630 ἠ

1851 4573 2018 4630 atque
2047 4559 2296 4614 interitui
2323 4560 2539 4628 objecta
2573 4560 2722 4612 omni
2756 4571 2868 4626 quo
2891 4553 3238 4622 conspicitur
3269 4549 3434 4603 modo

176 4645 337 4698 πᾶσα
368 4647 457 4698 καὶ
483 4646 699 4700 πάντων
729 4646 808 4716 τῷ
831 4648 950 4700 κατ’
978 4648 1163 4702 ἄνεσιν
1209 4650 1301 4702 καὶ
1333 4649 1585 4703 ἐπίτασιν
1611 4649 1745 4718 λόγῳ

1851 4653 2157 4707 secundant
2188 4652 2596 4704 incrementum
2629 4655 2872 4702 motatur
2901 4654 2961 4700 et
2991 4644 3434 4702 decrementum,

177 4735 478 4805 κινουμένη
532 4735 628 4788 καὶ
671 4738 794 4796 ταῖς
859 4737 1003 4789 κατᾶ
1061 4737 1227 4806 μέρος
1277 4738 1560 4807 διαφοραῖς
1613 4740 1745 4790 κατά

1853 4745 1947 4799 sed
1979 4745 2145 4798 etiam
2169 4744 2433 4796 universa
2460 4750 2516 4795 et
2563 4740 2958 4794 universorum
3002 4733 3345 4788 remissionis
3378 4737 3436 4782 et

175 4823 468 4895 διαστολὴν
494 4824 904 4896 είδοποιουμένη
923 4827 1344 4896 περιγράφεται,
1361 4826 1424 4879 τὸ
1437 4829 1662 4897 ἄπειρον
1686 4828 1754 4858 ¹·²

176 4916 395 4986 χεῖσθαι
423 4917 527 4970 οὐκ
573 4917 794 4986 ἔχουσα,
836 4917 930 4970 καὶ
977 4919 1268 4986 συνάγεται
1303 4919 1470 4974 πάλιν
1500 4920 1756 4972 ἀναποδί-

179 5009 376 5073 ζουσα,
433 5010 495 5060 τὸ
547 5007 668 5061 κατ’
717 5009 906 5073 αὑτὰς,
958 5009 1073 5062 ἀλλ’
1125 5011 1187 5064 οὐ
1224 5011 1284 5063 τὸ
1319 5012 1564 5080 συμφυὲς
1617 5009 1758 5072 εἶδος

180 5098 521 5154 ἀπολύουσα,
570 5099 802 5170 Ὁμοίως
841 5101 898 5154 δὲ
943 5103 1037 5155 καὶ
1078 5104 1110 5173 ἠ
1151 5103 1393 5173 ποιότης,
1424 5105 1485 5156 οῦ
1533 5101 1693 5172 μόνον
1720 5105 1753 5172 ἡ

177 5190 298 5243 τῶν
326 5193 386 5244 ὲν
434 5191 647 5259 γενέσει
681 5194 774 5246 καὶ
818 5193 995 5265 φθορᾷ
1031 5197 1260 5267 κινεῖται
1301 5198 1422 5249 κατ’
1451 5194 1758 5256 ἀλλοίωσιν,

181 5285 327 5340 ἀλλά
367 5285 460 5340 καὶ⁵
516 5289 549 5357 ὴ
597 5290 746 5340 πᾶσα
776 5289 871 5341 καὶ
921 5289 1161 5355 πάντων,
1203 5289 1283 5358 τῷ
1323 5288 1544 5361 τρεπτῷ
1573 5304 1633 5340 τε
1668 5287 1761 5339 καλ⁵

186 5375 471 5446 σκεδαπῷ
506 5376 609 5448 τῆς
643 5379 766 5430 κατ’
804 5380 974 5447 αὐτὴν
999 5379 1260 5450 διαφορᾶς
1296 5378 1615 5448 κινουμένη,
1642 5379 1758 5430 δια-

189 5465 388 5536 στολὴν
416 5467 512 5521 καὶ
533 5467 796 5538 συστολὴν
825 5469 1156 5540 ἐπιδέχεται.
1187 5469 1378 5533 Οῦδεὶς
1404 5469 1462 5522 δὲ
1491 5468 1552 5522 τὸ
1582 5485 1756 5536 πεφυ-

1856 4835 2183 4890 intentionis
2216 4835 2432 4888 ratione
2460 4843 2608 4887 mota
2648 4841 2706 4886 et
2736 4828 3141 4884 vicissitudinis
3169 4823 3438 4879 dilieren-

1859 4929 1950 4983 tiis
2018 4927 2328 4982 secundum
2381 4927 2770 4980 dilatationem
2833 4920 3150 4991 specilicata
3194 4916 3437 4968 circum-

1862 5020 2145 5084 scribitur,
2178 5019 2344 5088 inque
2379 5019 2657 5072 intinitum
2689 5014 2901 5069 elIundi
2927 5009 3139 5077 nequit,
3173 5003 3266 5059 sed
3301 5018 3439 5056 con-

1865 5111 2099 5164 trahitur
2147 5125 2342 5163 rursus
2393 5114 2691 5162 revocata,
2734 5103 2866 5156 dum
2930 5100 3144 5152 illarum
3208 5091 3438 5160 quidem

1860 5197 2096 5265 species,
2127 5205 2183 5250 at
2213 5211 2321 5248 non
2367 5195 2610 5248 innatam
2657 5192 2898 5261 speciem
2935 5185 3184 5241 dimittit.
3220 5181 3435 5236 Pariter

1865 5301 1994 5339 vero
2042 5286 2207 5340 etiam
2244 5285 2483 5353 qualitas
2511 5324 2526 5343 ,
2564 5298 2677 5337 non
2722 5282 2898 5335 solum
2943 5290 3136 5332 eorum
3171 5287 3293 5342 quae
3331 5285 3432 5323 na-

1861 5388 2094 5432 scuntur
2124 5388 2182 5431 et
2220 5377 2504 5431 intereunt
2550 5383 2836 5429 metantur
2885 5367 3189 5425 secundum
3235 5365 3409 5418 immu

1866 5466 2151 5527 tationem,
2186 5465 2281 5519 sed
2311 5466 2481 5520 etiam
2512 5465 2693 5518 onmis
2715 5459 3038 5516 etomnium
3073 5498 3088 5523 ,
3129 5469 3241 5509 suae
3271 5450 3436 5506 dilic-

1491 5601 1726 5659 ΥΑΒΙΑΞ
1768 5601 2163 5656 Η·11ΤΙ()ΝΙΞ8.

269 5715 317 5750 ⁹⁹
347 5715 492 5769 ἕλκει
530 5717 654 5771 cod.
688 5717 830 5771 Gud.

930 5719 997 5749 1.2
1035 5719 1118 5771 ἐπ’
1167 5717 1295 5785 ἄρον
1349 5718 1470 5771 cotl.
1528 5717 1670 5771 Gud.
1722 5719 1745 5772 Ξ

1880 5719 1930 5770 in
1972 5733 2140 5786 marg.
2177 5714 2365 5769 eadem
2419 5729 2610 5768 manus
2641 5709 2876 5766 correxit
2908 5710 3151 5776 ἄπειρον)
