4192 6434
760 356 895 421 1179

1875 360 1934 419 S.
1976 359 2263 419 MAXIM!
2304 360 2812 423 CONFESSORIS

3784 402 3801 415 π
3864 362 4005 425 1180

758 468 949 522 rentia:
1006 460 1371 520 mutabilitate
1427 474 1593 532 atque
1645 463 2068 533 dissipabilitate
2137 473 2317 527 mota,

2425 467 2516 529 κὸς
2546 468 2934 523 σκεδάννυσοαί
2980 487 3035 524 τε
3084 472 3178 524 καὶ
3213 469 3542 537 συνάγεσθαι
3576 469 3723 539 λόγῳ
3767 470 3795 539 ἢ
3844 470 4005 539 ἐνερ-

756 557 1167 613 distractionem
1192 557 1411 626 capitet
1442 557 1898 612 contractionem.
1933 556 2105 612 Nemo
2135 566 2316 612 autem

756 663 887 702 sana
916 656 1096 701 mente
1137 647 1399 716 praeditus
1438 648 1573 702 illud
1602 646 1750 716 quod
1798 646 2062 716 dissipari
2098 658 2155 702 et
2184 662 2320 702 con-

757 739 899 792 trahi
941 739 1152 792 ratione
1182 746 1277 791 aut
1300 739 1353 792 vi
1385 740 1560 808 possit
1599 738 1883 794 immobile
1922 754 2046 792 esse
2092 740 2321 792 omnino

756 827 974 881 dixerit.
1008 826 1066 880 Id
1092 843 1221 881 vero
1249 828 1294 881 si
1318 838 1469 882 motu
1503 842 1614 881 non
1644 836 1816 892 caret,
1851 843 1953 882 nec
1976 836 2131 881 caret
2166 826 2321 895 prin-

752 919 926 987 cipio;
975 920 1019 973 si
1048 934 1180 973 vero
1216 936 1324 974 non
1356 920 1644 989 principio,
1680 935 1785 973 nec
1809 918 2078 989 genitura:
2107 924 2211 980 est,
2256 925 2315 970 ut

750 1021 998 1078 apparet,
1028 1026 1248 1079 expers,
1282 1010 1379 1064 sed
1431 1010 1510 1063 uti
1550 1010 1604 1064 id
1636 1011 1781 1080 quod
1821 1018 2071 1063 movetur
2101 1006 2315 1061 moveri

751 1100 986 1167 coepisse
1026 1100 1200 1165 novit,
1254 1100 1323 1153 ita
1348 1100 1514 1154 etiam
1547 1101 1797 1171 generari
1818 1109 1879 1154 ut
1906 1106 2053 1154 esset
2081 1098 2316 1166 coepisse

752 1188 807 1243 id
836 1191 982 1258 quod
1011 1190 1211 1245 factum
1239 1199 1325 1245 est
1359 1191 1636 1263 intelligit,
1682 1202 1846 1260 atque
1871 1190 1938 1244 de
1963 1190 2082 1245 solo
2116 1198 2173 1243 et
2206 1202 2318 1241 uno

749 1295 860 1333 non
891 1281 1033 1335 facto
1070 1298 1174 1336 nec
1220 1293 1371 1336 moto
1401 1298 1525 1338 esse
1557 1293 1722 1351 atque
1768 1283 1970 1336 molari
2014 1279 2311 1348 accepisse.

746 1371 903 1435 Quod
939 1387 1070 1426 vero
1105 1387 1204 1441 per
1247 1373 1584 1427 exsistentia:
1612 1371 1880 1441 originem
1910 1371 2100 1440 coepit,
2126 1369 2180 1425 id
2211 1382 2314 1423 ne-

746 1476 1019 1530 quaquam
1048 1470 1229 1530 potest
1260 1463 1531 1532 principio
1568 1478 1780 1517 carere.

743 1637 1152 1692 Demonstratur
1194 1638 1329 1708 quod
1382 1648 1575 1707 prazter
1633 1638 1797 1692 Deum
1840 1638 2080 1709 quaelibet
2130 1637 2309 1691 omnia

2424 558 2548 629 γείᾳ
2575 560 2719 613 εἴποι
2745 562 2811 614 ἂν
2837 561 3115 632 εὑφρονῶν
3154 562 3413 632 ἀκίνητον
3436 560 3577 615 εἶναι
3626 562 4000 616 παντάπασιν.

2424 649 2488 701 El
2516 649 2572 702 δὲ
2600 651 2674 720 μὴ
2701 650 2980 721 ἀκίνητον,
3019 652 3140 705 οὐδὲ
3164 655 3399 723 ἄναρχον
3418 669 3438 682 ⁸
3460 654 3509 706 εἰ
3545 653 3601 706 δὲ
3636 652 3712 723 μὴ
3736 652 4000 721 ἄναρχον,

2423 739 2545 792 οὐδὲ
2571 741 2837 811 ἀγένητον
2861 743 3125 811 δηλονότι,
3158 744 3274 798 ἀλλ’
3304 744 3494 814 ὥσπερ
3533 741 3675 796 οἶδεν
3718 744 4001 813 ἠργμένον

2427 831 2692 899 κινήσεως
2734 832 2797 886 τὸ
2849 835 3187 903 κινούμενον,
3241 833 3417 898 οὕτως
3463 837 3555 889 καὶ
3604 835 3703 904 τῆς
3746 834 3887 902 πρὸς
3937 832 4003 884 τδ

2424 915 2562 973 εἶναι
2610 923 2874 987 γενέσεως
2917 921 3116 995 ἧρχθαι
3161 926 3224 979 τὸ
3260 927 3627 997 γεγενημένον
3681 925 3998 985 ἐπίσταται,

2422 1015 2517 1066 καὶ
2543 1014 2607 1065 ὲκ
2629 1014 2723 1067 τοῦ
2761 1016 2923 1085 μόνου
2955 1019 3049 1069 καὶ
3076 1017 3195 1080 ἑνὸς
3221 1018 3490 1088 ἁγενήτου
3520 1033 3579 1068 τε
3610 1016 3704 1068 καὶ
3732 1014 3999 1082 ἀκινήτου

2420 1102 2483 1153 τὸ
2528 1097 2667 1156 εἷναί
2705 1122 2765 1157 τε
2812 1106 2907 1157 καὶ
2943 1106 3004 1158 τὺ
3043 1107 3309 1161 κινεῖσθαι
3337 1107 3519 1159 λαϐόν.
3552 1106 3625 1158 Τὸ
3643 1105 3700 1158 δὲ
3722 1103 3868 1157 κατὰ
3895 1103 4000 1171 τὴν

2421 1192 2514 1247 τοῦ
2554 1191 2694 1249 εἶναι
2729 1198 2942 1264 γένεσιν
2970 1199 3245 1270 ἠργμένον
3286 1198 3539 1270 οὐδαμῶς
3584 1198 3818 1266 ἄναρχον
3848 1190 4001 1248 εἶναι

2419 1284 2661 1340 δύναται.

2348 1569 2419 1582 ἦ

2438 1633 2765 1700 Ἀπόδειξις
2809 1636 2934 1701 τοῦ,
2980 1636 3108 1691 Πᾶν
3132 1635 3340 1690 ὁτιοῦν
3381 1636 3528 1689 ἄνευ
3559 1635 3723 1691 ’Θεοῦ
3751 1634 3996 1697 πάντως

813 1727 973 1798 plane
1002 1730 1057 1782 in
1087 1728 1197 1782 loco
1224 1730 1349 1792 sint,
1378 1737 1427 1781 et
1460 1739 1735 1798 propterea
1762 1731 2047 1783 necessario
2074 1728 2311 1781 etiamin

2481 1725 2552 1777 ἐν
2598 1727 2777 1792 τόπῳ,
2834 1728 2933 1780 καὶ
2972 1728 3069 1782 διὰ
3114 1728 3289 1782 τοῦτο
3341 1727 3410 1791 ἐξ
3464 1727 3734 1795 ἀνάγκης
3775 1726 3876 1779 καὶ
3917 1725 3997 1779 ἐν

813 1827 1064 1887 tempore,
1096 1828 1145 1870 et
1173 1819 1311 1888 quod
1337 1818 1390 1871 id
1414 1820 1551 1887 quod
1605 1821 1659 1871 in
1712 1818 1821 1872 loco
1852 1822 1941 1884 sit,
1994 1821 2050 1872 id
2098 1820 2311 1873 omnino

805 1907 1093 1960 secundum
1129 1915 1330 1975 tempus
1354 1922 1463 1958 esse
1500 1908 1769 1976 inceperit.

814 2017 885 2076 Ut
912 2026 1097 2074 autem
1139 2020 1388 2075 omittam
1434 2021 1609 2089 ipsam
1654 2038 1877 2092 quoque
1928 2022 2306 2079 exsistentiam
2358 2058 2363 2063 ‹

743 2122 951 2172 rerum,
983 2124 1111 2163 cum
1145 2109 1307 2163 simul
1338 2119 1399 2163 ut
1424 2110 1611 2179 aliquo
1634 2111 1799 2166 modo
1830 2112 2132 2166 exsistatur
2157 2131 2310 2167 com-
2345 2157 2348 2161 .

744 2200 1070 2268 prehendat,
1112 2210 1166 2254 at
1200 2216 1307 2255 non
1333 2202 1689 2271 simpliciter,_
1728 2218 1851 2271 quae
1873 2203 2098 2272 quidem
2128 2197 2335 2274 prima'

744 2290 1274 2360 circumscriptionis
1310 2292 1521 2360 species
1553 2293 1646 2357 sit,
1683 2293 1846 2347 valde
1888 2305 2054 2363 atque
2086 2296 2340 2372 egregie

746 2382 981 2449 probare
1014 2381 1146 2435 illud
1182 2422 1197 2446 ,
1234 2384 1381 2450 quod
1424 2399 1512 2437 res
1557 2384 1863 2437 secundum
1917 2386 2211 2440 essentiam
2254 2397 2309 2442 et

743 2474 1155 2541 generationem
1183 2474 1517 2541 inceperint,
1548 2474 1678 2542 quis
1702 2477 1917 2542 ignorat
1952 2477 2197 2544 qualibet
2251 2495 2309 2533 re

742 2562 1131 2631 quoquomodo
1159 2563 1476 2627 exsistente,
1501 2574 1699 2633 praeter
1726 2566 1860 2619 illud
1886 2568 2032 2634 quod
2058 2568 2307 2622 divinum

741 2663 799 2707 et
849 2653 1129 2723 singulare
1192 2663 1282 2708 est
1329 2655 1613 2724 ipsamque
1666 2657 2040 2712 exsislcntiam
2089 2659 2310 2728 proprie

741 2753 985 2813 superat,
1038 2746 1194 2813 prius
1246 2745 1478 2816 intelligi
1528 2746 1621 2801 ubi
1671 2748 1985 2813 exsistatur,
2036 2766 2158 2804 cum
2202 2768 2310 2820 quo

741 2849 850 2887 una
875 2850 937 2889 ac
971 2834 1132 2887 simul
1168 2845 1225 2888 ut
1254 2836 1422 2890 etiam
1445 2836 1665 2905 quando
1686 2838 1981 2892 exsistatur
2035 2840 2309 2907 intelliga—

739 2942 863 2980 mus
893 2928 1191 2982 necessitas
1218 2930 1486 2997 postulat.
1514 2929 1632 2982 Non
1663 2932 1811 2983 enim
1846 2930 1916 2983 ab
1957 2950 1974 2981 ι
2011 2930 2309 2999 aliquando

2482 1817 2698 1884 χρόνῳ,
2726 1820 2821 1872 καί
2850 1820 2936 1872 ὅτι
2967 1822 3029 1873 τὸ
3050 1820 3119 1872 ἐν
3141 1820 3301 1887 τόπῳ
3332 1818 3565 1881 πάντως
3590 1816 3739 1872 κατὰ
3765 1817 3995 1886 χρόνον

2480 1909 2577 1961 καὶ
2600 1906 2807 1977 ἦρκται
2827 1911 2933 1965 τοῦ
2963 1908 3137 1965 εἶναι.

2479 2019 2668 2090 (169
2681 2026 2734 2093 (ι)
2749 2021 2862 2075 ’Ίνα
2890 2024 2945 2076 δὲ
2972 2024 3117 2076 ἐάσω
3146 2024 3323 2096 λέγειν
3350 2025 3432 2076 ὅτι
3459 2023 3554 2077 καὶ
3595 2023 3727 2076 αὐτὸ
3755 2021 3815 2074 τὸ
3846 2015 3995 2072 εἶναι

2409 2109 2519 2163 τῶν
2542 2111 2731 2174 ὄντων,
2763 2114 2824 2166 τὸ
2843 2115 2958 2178 πῶς
3004 2112 3142 2168 εἶναι
3179 2115 3320 2184 ἔχον,
3347 2115 3460 2168 ἀλλ’
3483 2115 3581 2184 οὐχ
3603 2113 3806 2177 ἁπλῶς,
3848 2114 3995 2179 ὅπερ

2410 2201 2527 2254 ἐστὶ
2556 2204 2770 2272 πρῶτον
2802 2201 2940 2267 εἶδος
2961 2207 3333 2276 περιγραφῆς,
3371 2207 3593 2276 ἰσχυρόν
3626 2221 3688 2257 τε
3719 2205 3813 2257 καὶ
3837 2202 3992 2273 μέγα

2411 2292 2550 2362 πρὸς
2598 2294 2871 2361 ἀπόδειξιν
2916 2297 3010 2349 τοῦ
3036 2295 3236 2368 ἦρχοαι
3266 2299 3385 2350 κατ’
3412 2297 3602 2349 οὐσίαν
3644 2296 3737 2348 καὶ
3771 2294 3997 2361 γένεσιν

2412 2382 2480 2434 τὰ
2508 2383 2659 2447 ὄντα,
2689 2386 2772 2448 τίς
2802 2387 2988 2453 ἀγνοεῖ
3012 2388 3111 2454 ,ὃτι
3151 2388 3355 2451 παντὸς
3390 2387 3489 2440 τοῦ
3533 2386 3782 2440 ὁπωσοῦν
3807 2385 3993 2447 ὄντος,

2413 2472 2551 2543 πλὴν
2582 2474 2676 2526 τοῦ
2729 2474 2871 2529 θείου
2924 2479 3017 2531 καὶ
3059 2479 3246 2547 μόνου,
3283 2479 3377 2531 τοῦ
3426 2479 3522 2531 καὶ
3569 2478 3707 2547 ὑπὲρ
3752 2475 3883 2528 αὐτὸ
3927 2474 3998 2525 τὶ»

2410 2559 2549 2618 εἶναι
2601 2568 2805 2637 κυρίως
2854 2569 3210 2639 ὑπάρχοντος,
3244 2571 3650 2641 προεπινοεὴαι
3687 2566 3749 2618 τδ
3773 2564 3898 2627 ποῦ,

2380 2657 2590 2726 ηπάντη
2638 2675 2698 2709 τε
2727 2659 2821 2712 καὶ
2851 2660 3070 2723 πάντως
3102 2661 3164 2725 ἐξ
3213 2661 3462 2730 ἀνάγκης
3498 2650 3893 2711 συνεπινοεῑται
3928 2654 3997 2706 τὸ

2412 2748 2564 2801 πότε.
2609 2750 2685 2800 Οὐ
2716 2749 2824 2818 γὰρ
2851 2749 2946 2803 τοῦ
2992 2753 3120 2806 ποτὲ
3143 2751 3507 2822 διωρισμένον
3545 2748 3689 2801 κατὰ
3728 2747 3999 2817 στέρησιν

2410 2838 2634 2893 δυνατόν
2683 2841 2829 2894 ἐστιν
2885 2843 3170 2911 ἐπινοῆσαι
3217 2842 3279 2895 τὸ
3337 2842 3441 2895 ποῦ
3504 2841 3648 2911 (τῶν
3700 2839 3808 2909 γὰρ
3870 2838 4004 2907 ἅμα

2410 2932 2581 2982 ταῦτὰ
2610 2935 2777 2997 ἐστιν,
2818 2933 3005 3001 ἐπειδὴ
3045 2933 3139 2985 καὶ
3171 2933 3284 2985 τῶν
3314 2932 3413 2985 οὐκ
3447 2933 3575 2986 ἄνευ
3604 2930 3999 2998 τυγχάνουσιν)

736 3031 861 3071 esse
894 3035 912 3068 ι
939 3018 1209 3085 privative
1232 3029 1550 3087 separatum
1580 3038 1598 3071 ι
1632 3036 1754 3075 esse
1776 3021 1976 3074 alicubi
2012 3042 2028 3073 ι
2078 3023 2307 3092 cogitari

2415 3020 2525 3089 ἣδὲ
2559 3022 2579 3053 ³
2601 3022 2693 3074 τοῦ
2738 3022 2842 3075 ποῦ
2874 3022 2935 3075 τὸ
2959 3022 3114 3089 ποτὲ,
3156 3017 3200 3091 ᾧ
3245 3022 3681 3076 συνεπινοεῖσθαι
3720 3022 3997 3090 πέφυκεν,

736 3110 887 3177 capit
927 3114 1073 3179 (nam
1128 3111 1244 3164 haec
1299 3110 1463 3164 simul
1519 3120 1669 3173 sunt,
1728 3112 2181 3181 quandoquidem
2207 3131 2306 3170 nec

737 3201 974 3271 disjungi
1004 3201 1351 3269 patiuntur);
1388 3216 1491 3255 nec
1527 3217 1719 3255 rursus
1748 3203 1819 3256 ab
1848 3223 1867 3253 ι
1899 3217 2020 3257 esse
2040 3204 2299 3264 alicubi,»

736 3305 1083 3359 nequaquam
1134 3290 1402 3358 privative
1462 3301 1775 3359 separatum
1822 3300 1907 3347 est
1937 3311 1955 3343 ι
2012 3294 2307 3362 aliquando

736 3395 880 3443 esse,
917 3398 934 3429 ›
971 3394 1211 3449 quocum
1243 3379 1380 3431 illud
1419 3394 1527 3432 una
1574 3381 1868 3447 cogitatur.
1920 3381 2033 3435 Sub
2070 3384 2171 3437 loci
2207 3399 2310 3437 no-

739 3471 889 3526 tione
912 3478 1093 3524 aulem
1121 3470 1323 3533 omnia,
1346 3485 1470 3523 cum
1493 3469 1547 3523 in
1570 3470 1690 3523 loco
1712 3471 1843 3533 sint,
1867 3480 2152 3540 apparent.
2192 3475 2307 3529 Non

737 3561 886 3616 enim
918 3560 1236 3615 universum
1266 3569 1490 3628 supcrat
1518 3560 1837 3614 universum
1862 3560 2040 3629 ipsum
2066 3563 2308 3619 universi

743 3654 871 3723 (hoc
902 3654 1048 3706 enim
1077 3660 1133 3706 et
1162 3652 1416 3720 ineptum
1445 3660 1502 3705 et
1549 3651 1916 3720 impossibile,
1963 3653 2142 3722 ipsum
2187 3657 2310 3709 uni-

739 3761 959 3800 versum
996 3761 1262 3814 superare
1319 3745 1402 3799 sui
1451 3745 1626 3821 ipsius
1682 3746 2007 3800 universum
2055 3763 2309 3816 pronun-

741 3836 923 3898 tiare},
960 3834 1054 3889 sed
1086 3850 1117 3887 a
1152 3850 1209 3888 se
1245 3834 1363 3903 ipso
1397 3834 1453 3888 in
1485 3851 1544 3889 se
1590 3834 1710 3905 ipso
1758 3835 1925 3889 habet
1959 3837 2312 3893 circumscri-

740 3925 1021 3994 ptionem,
1075 3935 1200 3995 post
1250 3941 1369 3981 eam
1414 3943 1537 3995 quae
1592 3927 1853 3981 universa
1902 3928 2313 3998 circumscribit

742 4016 1012 4071 inﬁnitam
1044 4019 1165 4087 ejus
1192 4018 1284 4087 qui
1318 4018 1703 4071 universorum
1754 4034 1921 4073 causa
1954 4029 2011 4073 et
2057 4003 2181 4074 fons
2225 4031 2311 4076 est

742 4114 1089 4174 potestatem,
1141 4107 1322 4175 ipsum
1378 4107 1462 4160 sui
1516 4107 1850 4161 exteriorem
1914 4107 2098 4163 ﬁnem.
2148 4110 2306 4177 Quod

742 4194 897 4247 locus
927 4195 1091 4249 etiam
1117 4196 1362 4249 universi
1386 4204 1509 4261 est;
1543 4196 2009 4264 quemadmodum
2039 4198 2313 4254 deﬁniunt

743 4284 966 4354 quidam
1001 4286 1208 4349 locum,
1245 4286 1532 4341 dicentes:
1562 4287 1743 4342 Locus
1782 4297 1868 4343 est
1915 4291 2159 4345 exterior
2190 4294 2314 4346 uni-

2413 3112 2663 3181 οὺδαμῶς
2691 3113 2972 3183 διώρισται
3021 3115 3162 3166 κατὰ
3204 3116 3478 3185 στέρησιν.
3536 3111 3674 3165 Ὑπὸ
3702 3113 3762 3164 τὸ
3795 3110 3898 3163 ποῦ
3934 3112 4000 3164 δὲ

2415 3205 2614 3266 πάντα,
2645 3204 2719 3265 ὼς
2749 3206 2808 3257 ὲν
2840 3206 2992 3274 τόπῳ
3030 3206 3180 3269 ὄντα,
3218 3206 3515 3259 δείκνυται.
3565 3206 3641 3257 Οὐ
3686 3204 3795 3273 γὰρ
3849 3204 3998 3272 ὑπὲρ

2413 3293 2474 3346 τὸ
2496 3295 2604 3346 πᾶν
2635 3294 2766 3346 αὐτὸ
2785 3294 2846 3346 τὸ
2879 3297 2986 3347 πᾶν
3018 3295 3112 3348 τοῦ
3143 3296 3342 3359 παντὸς
3383 3295 3402 3359 (
3423 3294 3583 3348 τοῦτο
3613 3296 3720 3365 γάρ
3752 3311 3869 3357 πως
3894 3296 3999 3347 καὶ

2415 3382 2608 3449 ἄλογον
2634 3372 2641 3381 ’
2669 3384 2764 3437 καὶ
2814 3383 3077 3438 ἀδύνατον
3106 3385 3238 3438 αὐτὸ
3275 3385 3336 3437 τὸ
3375 3387 3483 3437 πᾶν
3522 3386 3664 3453 ὑπὲρ
3700 3384 3760 3436 τὺ
3795 3384 3998 3436 ἑαυτοῦ

2416 3476 2525 3527 πᾶν
2553 3470 2694 3528 εἶναι
2730 3474 3057 3547 θεσπίζειν),
3101 3476 3220 3530 ἀλλ’
3247 3477 3337 3546 ὑφ’
3363 3476 3558 3529 ἑαυτοῦ
3586 3478 3643 3528 ὲν
3684 3475 3861 3546 ἑαυτῷ
3890 3476 4000 3546 τὴν

2417 3573 2765 3640 περιγραφὴν
2813 3569 2957 3639 έχον,
3006 3569 3147 3638 μετὰ
3178 3570 3279 3640 τὴν
3320 3570 3499 3623 πάντα
3540 3568 4000 3639 περιγράφουσαν

2414 3660 2509 3714 τοῦ
2539 3663 2823 3715 παναιτίου
2854 3662 3082 3731 ἄπειρον
3107 3661 3358 3731 δύναμιν,
3399 3661 3531 3715 αὐτὸ
3558 3661 3618 3713 τὸ
3654 3661 3831 3730 πέρας
3862 3660 4002 3713 ἑαυ-

2414 3753 2509 3806 τοῦ
2536 3752 2595 3805 τὸ
2617 3752 2896 3825 ἐξώτερον.
2941 3746 3255 3823 ,Ὅπερίκαὶ
3295 3752 3460 3815 τόπος
3494 3752 3612 3804 ἐστὶ
3636 3752 3731 3804 τοῦ
3770 3750 3997 3813 παντὸς,

2416 3844 2599 3909 καθὼς
2632 3846 2727 3900 καὶ
2754 3830 3025 3917 ὁρίζονται
3055 3864 3202 3909 τινες
3230 3845 3322 3898 τὸν
3345 3844 3511 3897 τόπον
3525 3842 3795 3911 λέγοντες,
3817 3842 4000 3904 Τόπος

2416 3934 2564 3987 ἐστὶν
2596 3937 2630 4005 ἠ
2663 3935 2767 3999 ἔξω
2795 3935 2889 3989 τοῦ
2937 3936 3134 4008 παντὸς
3186 3934 3533 4005 περιφέρεια,
3585 3933 3619 4003 ἢ
3668 3934 3702 4002 ή
3746 3933 3852 3999 ἔξω
3898 3932 3999 3987 τοῦ

2417 4025 2619 4088 παντὸς
2653 4026 2820 4090 θέσις,
2849 4028 2883 4098 ἢ
2919 4028 2980 4080 τὸ
3000 4028 3176 4097 πέρας
3194 4026 3287 4099 τοῦ
3317 4026 3666 4097 περιέχοντος
3687 4027 3747 4078 έν
3770 4018 3814 4093 ᾧ
3846 4042 4001 4095 περι-

2416 4114 2596 4185 έχεται
2644 4117 2704 4169 τὸ
2755 4119 3162 4188 περιεχόμενον.
3219 4120 3329 4172 Καὶ
3379 4118 3483 4171 ὑπὸ
3523 4118 3583 4169 τὸ
3632 4118 3786 4182 ποτὲ,
3821 4118 3897 4179 ὡς
3928 4120 3991 4169 ἐν

2416 4209 2593 4278 χρόνῳ
2620 4210 2835 4273 πάντως
2862 4210 3011 4275 ὄντα,
3061 4208 3644 4278 συναποδειχθήσεται,
3688 4208 3877 4277 ἐπειδὴ
3920 4208 3997 4277 μὴ

2419 4299 2624 4362 ἁπλῶς,
2654 4299 2788 4353 ἀλλὰ
2826 4299 2943 4363 πῶς
2974 4300 3036 4352 τὸ
3070 4295 3213 4353 εἶναι
3259 4299 3468 4368 ἔχουσι,
3504 4299 3682 4352 πάντα
3713 4300 3815 4351 ὅσα
3856 4299 4000 4369 μετὰ

746 4389 961 4428 versum
991 4376 1433 4430 circumcurrens
1465 4377 1637 4441 orbis,
1668 4379 1751 4431 vel
1786 4381 2031 4433 exterior
2060 4384 2306 4438 universi

2415 4391 2544 4446 Θεὸν
2578 4391 2639 4443 τὸ
2665 4387 2807 4445 εἶναι
2840 4391 2973 4460 ἔχει.
3017 4392 3128 4445 Καὶ
3157 4390 3248 4444 διὰ
3279 4390 3441 4443 τοῦτο
3480 4391 3581 4442 οὐκ
3606 4391 3842 4461 ἄναρχα.
3877 4390 3998 4443 Πᾶν

744 4468 967 4535 positio,
1003 4467 1087 4520 vel
1116 4468 1388 4521 terminus
1408 4468 1917 4536 circumplectentis
1961 4472 2015 4525 in
2068 4489 2179 4542 quo
2224 4489 2314 4531 res

741 4557 1145 4624 comprehensa
1174 4559 1689 4627 comprehenditur.
1724 4561 1900 4614 Etiam
1921 4563 2023 4615 sub
2048 4567 2315 4634 temporis

743 4649 991 4711 notione,
1023 4648 1152 4718 quia
1178 4650 1230 4703 in
1265 4660 1511 4721 tempore
1530 4653 1755 4706 omnino
1773 4662 1924 4717 sunt,
1955 4670 2063 4708 una
2088 4656 2316 4712 demon-

744 4740 1097 4806 strabuntur;
1121 4743 1567 4813 quandoquidem
1591 4760 1703 4798 non
1726 4746 2071 4814 simpliciter,
2098 4748 2191 4802 sed
2217 4750 2316 4803 ali-

745 4845 856 4898 quo
870 4832 1033 4886 modo
1049 4848 1170 4887 esse
1195 4834 1420 4900 habent,
1445 4852 1803 4906 quacumque
1828 4848 1952 4906 post
1971 4839 2139 4893 Deum
2162 4851 2313 4905 sunt,

745 4922 1123 4977 exsistentiam
1174 4941 1327 4980 suam
1374 4927 1601 4981 habent.
1643 4929 1939 4997 Propterea
1999 4939 2183 4985 autem
2216 4948 2316 4986 nec

747 5012 867 5067 sine
907 5014 1182 5084 principio
1224 5028 1372 5072 sunt.
1400 5019 1783 5090 Quodcunque
1817 5023 1963 5075 cnim
2012 5025 2315 5101 secundum

751 5100 1034 5169 quidpiam
1060 5102 1207 5156 modi
1235 5105 1381 5172 capit
1412 5106 1708 5170 rationem,
1746 5110 1962 5164 etiamsi
1995 5122 2103 5174 est,
2136 5122 2315 5166 tamen

751 5208 858 5247 non
888 5203 1027 5247 erat.
1077 5196 1229 5251 Unde
1263 5198 1434 5251 Deum
1460 5214 1582 5252 esse
1625 5199 1875 5254 dicentes
1923 5210 2033 5255 non
2078 5206 2315 5273 aliquam

750 5284 1129 5339 exsistentiam
1160 5287 1438 5353 dicimus;
1491 5299 1544 5343 et
1594 5298 1891 5359 pr0pterea
1922 5292 2077 5356 illud,
2113 5313 2129 5343 ι
2160 5296 2254 5348 Est
2293 5316 2311 5347 ι

753 5387 975 5443 quoque
999 5383 1077 5439 et,
1111 5394 1129 5426 ι
1166 5378 1296 5431 Erat
1328 5397 1344 5427 ι
1376 5379 1703 5448 simpliciter
1737 5390 1793 5436 et
1820 5381 2104 5438 indeﬁnite
2134 5396 2188 5439 et
2226 5387 2321 5439 ab-

755 5465 933 5520 solute
963 5465 1033 5519 de
1057 5481 1125 5521 eo
1155 5468 1408 5524 dicimus.
1457 5456 1671 5525 Nullam
1707 5472 1856 5527 enim
1890 5489 1993 5529 nec
2046 5477 2317 5532 rationem

2414 4484 2524 4553 γὰρ
2548 4483 2684 4552 ὅπερ
2713 4482 2833 4534 καθ’
2859 4480 3037 4534 ὁτιοῦν
3074 4481 3165 4534 τὸν
3195 4480 3289 4534 τοῦ
3321 4480 3439 4542 πῶς
3469 4479 3784 4549 ἐπιδέχεται
3814 4480 3997 4545 λόγον,

2416 4573 2518 4627 κᾶν
2571 4575 2619 4625 εί
2656 4572 2825 4635 ἐστιν,
2890 4572 3005 4627 ἀλλ’
3057 4572 3157 4625 οὐκ
3209 4567 3298 4641 ἦν.
3336 4570 3500 4624 Ὅθεν
3531 4573 3592 4623 τὸ
3646 4571 3804 4624 Θεῖον
3856 4566 4001 4624 εἶναι

2415 4664 2667 4730 λέγοντες
2686 4663 2748 4713 οὐ
2770 4662 2831 4713 τὸ
2854 4661 2968 4725 πῶς
2993 4658 3133 4714 εἶναι
3179 4661 3413 4730 λέγομεν
3650 4659 3714 4726 b)
3742 4676 3756 4690 ·
3784 4660 3882 4711 καὶ
3912 4660 4005 4713 διὰ

2414 4752 2573 4804 τοῦτο
2619 4752 2713 4804 καὶ
2758 4751 2821 4803 τὸ
2861 4770 2879 4801 ι
2913 4752 3070 4803 Ἐστι
3107 4769 3127 4801 ι
3180 4752 3275 4802 καὶ
3330 4751 3392 4803 τὸ
3431 4767 3450 4799 ι
3477 4747 3588 4801 Ἦν
3618 4768 3637 4800 ι
3676 4749 3871 4812 ἁπλῶς
3907 4750 4005 4823 καὶ

2415 4846 2682 4915 ἀορίστως
2731 4845 2826 4897 καὶ
2884 4844 3298 4914 ἀπολελυμένως
3359 4844 3448 4896 ἐπ’
3512 4842 3675 4896 αὐτοῦ
3742 4842 4001 4911 λέγομεν.

2374 4956 2387 4962 υ
2431 4936 2805 4989 Ἀνεπίδεκτον
2854 4936 2962 5005 γὰρ
3014 4936 3213 4998 παντὸς
3259 4934 3419 5002 λόγου
3469 4934 3564 4987 καὶ
3620 4935 3894 5003 νοήματος
3948 4933 4009 4985 τὸ

2418 5027 2571 5080 Θεῖόν
2600 5028 2736 5090 ἐστι,
2764 5026 2884 5079 καθ’
2908 5026 2935 5079 ὃ
2960 5026 3083 5079 οὔτε
3119 5025 3557 5095 κατηγοροῦντες
3574 5023 3739 5077 αὐτοῦ
3761 5025 3825 5075 τὸ
3852 5020 3998 5077 εἶναι

2418 5119 2648 5189 λέγομεν
2670 5098 2801 5171 αὐτὸ
2825 5115 2985 5174 εἶναι.
3014 5119 3116 5183 ,Ἐξ
3148 5118 3313 5170 αὑτοῦ
3346 5118 3458 5187 γὰρ
3485 5118 3545 5170 τὸ
3566 5113 3725 5176 εἶναι,
3759 5116 3880 5169 ἀλλ’
3905 5117 4007 5168 οὐκ

2426 5212 2558 5266 αὐτὸ
2583 5212 2643 5265 τὸ
2666 5207 2825 5265 εἶναι.
2866 5211 3041 5281 Ὑπὲρ
3079 5211 3185 5278 γάρ
3214 5211 3329 5262 ἐστι
3372 5210 3467 5262 καὶ
3506 5208 3671 5262 αὑτοῦ
3707 5207 3801 5260 τοῦ
3838 5203 4003 5270 εἶναι,

2426 5299 2521 5353 τοῦ
2552 5317 2610 5352 τε
2640 5302 2755 5363 πῶς
2778 5302 2870 5352 καὶ
2908 5299 3096 5363 ἁπλῶς
3124 5300 3418 5368 λεγομένου
3464 5316 3522 5352 τε
3552 5299 3646 5351 καὶ
3685 5297 4003 5366 νοουμένου.

2430 5393 2491 5444 Εἰ
2526 5391 2583 5444 δὲ
2617 5390 2753 5453 πῶς,
2788 5390 2904 5444 ἀλλ’
2942 5392 3040 5461 οὐχ
3071 5390 3278 5454 ἁπλῶς,
3326 5388 3439 5458 ἔχει
3469 5389 3536 5442 τὰ
3576 5387 3707 5440 ὄντα
3747 5384 3811 5440 τὸ
3842 5381 4003 5450 εἶναι,

2428 5482 2616 5548 ὥσπερ
2650 5481 2753 5533 ὑπὸ
2786 5481 2845 5534 τὺ
2878 5481 2980 5535 ποῦ
3009 5477 3149 5535 εἶναι
3180 5481 3266 5535 διὰ
3299 5481 3399 5551 τὴν
3428 5478 3579 5533 θέσιν
3612 5476 3707 5531 καὶ
3738 5474 3801 5528 τὸ
3831 5474 4005 5546 πέρας

2035 5610 2267 5667 VARI/li
2312 5617 2709 5673 LECTIONES.

832 5718 852 5749 ³
886 5718 919 5789 ἢ
948 5718 999 5772 ιι
1030 5716 1241 5776 restitui
1275 5737 1374 5792 pro
1405 5724 1455 5775 εἰ
1481 5723 1536 5777 δὲ
1569 5725 1712 5794 quod
1747 5726 1801 5779 in
1830 5730 2141 5799 apograplio
2176 5743 2374 5789 exstat.
