4192 6434
219 389 350 453 1181
1451 405 1959 467 AMBIGUORUM
1997 411 2245 471 LIBElz.
3301 417 3322 478 ι
3340 419 3437 480 132

211 501 320 552 τῶν
348 501 434 554 ἐπ’
465 504 816 569 αὺτοῖς-κατὰ
849 506 1011 574 φύσιν
1037 508 1232 575 λόγων,
1274 510 1368 564 καὶ
1402 514 1504 565 ὑπὸ
1547 517 1606 566 τὺ
1651 517 1769 567 ποτέ

1882 533 1983 571 nec
2019 519 2356 575 intellectum
2397 524 2542 592 capit
2571 525 2846 590 divinum;
2897 541 3065 595 quare
3108 541 3209 580 nec
3235 527 3439 593 prmdi-

211 592 430 656 πάντως
451 589 590 646 εἶναι
627 594 718 648 διὰ
750 596 850 664 τὴν
879 599 1054 668 ἀρχὴν
1088 599 1412 663 ἑπιδέξεται.

1884 618 2070 662 cautes
2098 611 2268 677 ipsius
2294 615 2677 668 exsistentiam
2704 616 2940 670 dicimus
2985 619 3155 685 ipsam
3188 631 3307 668 esse
3341 631 3436 668 es-

208 683 538 737 sisteutiam.
592 685 712 752 Ipse
750 686 898 739 enim
943 688 1277 742 exsistentia:
1330 691 1484 759 origo
1526 701 1650 754 est,
1695 692 1790 745 sed
1851 710 1959 749 non
2020 697 2134 764 ipsa
2168 702 2506 756 exsistentia.
2562 703 2826 770 Superior
2859 713 2942 756 est
2990 683 3138 756 cnim
3186 703 3269 754 vel
3322 702 3442 770 ipsa

207 775 552 838 exsisteutia,
583 791 706 845 quze
734 776 1088 846 aliquomodo
1121 787 1174 832 et
1200 779 1523 848 simpliciter
1566 797 1624 834 se
1671 783 1869 837 habere
1891 797 1946 838 et
1977 787 2181 842 dicitur
2238 801 2293 844 et
2358 792 2695 862 intelligitur.
2764 793 2820 847 Si
2882 807 3016 846 vero
3065 792 3438 859 aliquomodo,

205 867 305 918 sed
349 880 457 918 non
489 867 835 936 simpliciter.
892 883 980 922 res
1022 868 1229 922 habent
1263 885 1407 933 esse,
1463 871 1608 924 sicut
1653 872 1756 926 sub
1792 874 1894 926 loci
1930 877 2149 931 notione
2183 894 2301 934 esse
2366 892 2587 950 propter
2655 881 2983 951 positionem
3021 891 3077 933 et
3145 881 3440 933 terminum

207 957 565 1012 naturalium
613 958 669 1012 in
715 959 800 1013 eis
850 961 1128 1015 rationum
1162 1000 1178 1027 ,
1253 962 1330 1016 ita
1367 962 1532 1017 etiam
1594 961 1698 1016 sub
1747 968 2011 1034 temporis
2053 975 2364 1027 necessarie
2405 985 2524 1027 esse
2575 982 2798 1043 propter
2863 971 3195 1042 principium
3239 972 3438 1041 capiet.

219 1189 548 1286 ‘Aizd6stEfc
581 1191 694 1245 τοῦ
726 1191 812 1260 μὴ
847 1192 1144 1250 δύνασθαι
1181 1197 1427 1266 ἄπειρον
1469 1197 1640 1266 εἶναι,
1676 1206 1769 1260 καὶ

1867 1211 2263 1268 Demonstratm
2304 1217 2437 1270 nihil
2471 1233 2618 1286 posse
2648 1216 2916 1284 inﬁnitum
2949 1232 3078 1280 esse,
3123 1224 3172 1268 et
3201 1224 3441 1285 propter-

277 1278 374 1330 διὰ
407 1278 582 1332 τοῦτο
619 1281 758 1334 οὔτε
786 1283 1052 1352 ἄναρχον
1073 1285 1218 1350 πᾶν,
1241 1289 1296 1340 ετ
1324 1305 1377 1342 τι
1400 1292 1546 1344 κατὰ
1573 1292 1773 1360 τήνέν

279 1366 495 1434 πλήθει
516 1371 820 1436 ποσότητα
851 1372 974 1440 ἔχει
1004 1373 1069 1428 τὸ
1094 1371 1263 1430 εἶναι.

278 1479 389 1532 Καὶ
417 1480 576 1534 πάλιν
621 1484 670 1535 εἰ
720 1484 753 1552 ή
798 1485 1017 1539 πάντων
1053 1489 1206 1541 οὐσία
1236 1490 1444 1545 πολλῶν
1474 1492 1638 1546 ὄντων
1658 1495 1766 1548 τῶν

1938 1321 2000 1358 ea
2028 1323 2118 1358 nec
2145 1312 2258 1359 sine
2289 1310 2461 1371 initia,
2495 1311 2543 1361 si
2575 1309 2701 1376 quid
2722 1309 3007 1360 secundum
3031 1307 3240 1360 numeri
3259 1322 3436 1376 quan-

1937 1396 2138 1449 titatem
2174 1400 2342 1451 habet
2365 1399 2741 1452 exsistentiam.

1937 1500 2114 1568 Atque
2177 1517 2388 1565 rursus,
2448 1503 2491 1555 si
2551 1504 2928 1554 universorum
2991 1497 3258 1560 essentia,
3312 1510 3436 1550 cum

203 1571 422 1623 πάντων
451 1573 673 1643 ἄπειρος
703 1570 843 1628 εἶναι
881 1577 939 1629 οὐ
986 1578 1203 1633 δύναται
1259 1583 1469 1652 (πέρας
1508 1587 1616 1655 γὰρ
1653 1589 1764 1657 ἔχει

1861 1591 2028 1643 multa
2049 1592 2445 1653 sintuniversa,
2463 1591 2675 1646 inﬁnita
2694 1605 2815 1645 esse
2830 1605 2938 1642 non
2955 1596 3131 1658 potest
3150 1587 3440 1646 (terminus

203 1663 388 1715 αὐτῶν
418 1664 525 1716 τῶν
557 1665 766 1718 πολλῶν
795 1667 964 1732 ρντων
1011 1672 1112 1739 τὴν
1153 1675 1210 1724 ἐν
1247 1674 1439 1744 πλήθει
1472 1679 1761 1746 ποσότητα.

201 1756 654 1824 περιγράφουσαν
683 1758 854 1827 αὐτῆς
876 1758 966 1811 τόν
990 1777 1048 1813 τε
1083 1762 1176 1815 τοῦ
1210 1758 1350 1818 εἶναι
1387 1767 1477 1818 καὶ
1515 1760 1605 1819 τοῦ
1651 1771 1766 1827 πῶς

202 1841 348 1898 εἶναι
391 1846 566 1914 λόγον,
596 1848 656 1899 οὐ
687 1848 797 1919 γὰρ
829 1851 1026 1916 ἄφετος
1072 1855 1105 1921 ἡ
1153 1853 1262 1905 τῶν
1299 1855 1516 1909 πάντων
1553 1859 1706 1910 οὐσία
1728 1863 1765 1925 ),

201 1937 328 1991 οὐδὲ
361 1941 395 2008 η
426 1938 520 1992 τοῦ
550 1937 672 1992 καθ’
710 1939 938 1994 ἕκαστον
977 1942 1133 2012 δῆλον
1161 1945 1454 2008 ὑπόστασις
1481 1949 1620 2001 ἔσταί
1649 1949 1770 2018 δίχα

203 2031 578 2102 περιγραφῆς,
607 2031 865 2102 ἀλλήλαις
886 2033 964 2104 τῷ
990 2035 1210 2107 ἀριθμῷ
1232 2037 1326 2090 καὶ
1353 2041 1417 2108 τῇ
1447 2041 1602 2109 οὐσίᾳ
1633 2041 1771 2092 κατὰ

200 2121 364 2189 λόγον
393 2125 888 2196 περιγεραμμέναι.
936 2127 998 2179 Εἰ
1035 2127 1090 2180 δὲ
1111 2133 1457 2198 περιγραφῆς
1487 2131 1636 2183 οὐδὲν
1665 2133 1770 2183 τῶν

201 2214 376 2268 ὄντων
405 2215 708 2286 ἐλεύθερον,
742 2217 921 2272 πάντα
961 2222 1030 2272 τὰ
1058 2219 1187 2273 ὄντα
1221 2220 1456 2289 δηλονότι
1495 2222 1770 2290 ἀναλόγως

201 2305 419 2368 ἑαυτοῖς
457 2308 548 2359 καὶ
577 2306 638 2360 τὸ
669 2307 801 2360 ποτὲ
831 2304 969 2362 εἶναι
1000 2310 1094 2362 καὶ
1121 2310 1181 2362 τὸ
1206 2310 1338 2364 ιποῦ
1360 2307 1529 2364 εἶναι»
1561 2312 1766 2381 εἴληφε.

202 2395 427 2450 Τούτων
455 2397 562 2468 γὰρ
589 2398 717 2452 ἄνευ
744 2400 808 2452 τὸ
839 2401 1100 2470 παράπαν
1126 2402 1279 2457 οὐδὲν
1296 2397 1432 2456 εἶναι
1460 2403 1766 2474 δυνήσεται,

201 2491 307 2542 οὐκ
351 2491 528 2555 οὐσία,
567 2493 628 2545 οὑ
675 2495 932 2564 ποσότης,
978 2496 1039 2548 οὐ
1069 2497 1310 2565 ποιότης,
1345 2498 1405 2550 οὐ
1456 2499 1657 2568 σχέσις,
1706 2501 1767 2552 οὐ

117 2617 122 2619 Α
202 2583 446 2652 ποίησις,
480 2584 541 2636 οὑ
569 2585 762 2649 πάθος,
791 2586 854 2639 οὐ
897 2590 1128 2656 κίνησις,
1157 2590 1252 2658 οὐχ
1293 2589 1424 2654 ἕξις,
1463 2590 1560 2658 οὐχ
1586 2589 1769 2660 ἕτερον

200 2691 259 2725 τι
319 2675 426 2728 τῶν
479 2671 560 2737 οἷς
604 2677 667 2728 τὸ
705 2680 812 2730 πᾶν
866 2677 1263 2748 περικλειουσιν
1323 2681 1371 2732 οι
1424 2682 1552 2750 περὶ
1597 2681 1768 2734 ταῦτα

198 2763 386 2817 δεινοί.
433 2764 599 2818 Οὐδὲν
645 2765 740 2818 οὖν
774 2766 884 2818 τῶν
924 2767 1092 2820 όντων
1121 2769 1370 2838 ἄναρχον,
1418 2763 1464 2837 ᾧ
1498 2788 1549 2823 τι
1584 2771 1769 2842 ἕτερον

201 2857 648 2925 προεπινοεῖσθαι.
691 2857 886 2926 (170
921 2861 1014 2925 α),
1050 2859 1170 2911 οὐδὲ
1212 2859 1587 2930 ἀπερίγραφον
1636 2855 1681 2929 ᾧ
1713 2880 1768 2915 τι

199 2943 392 3012 ἕτερον
444 2946 874 2998 συνεπινοεῖσθαι
921 2946 1165 2999 δύναται.
1223 2948 1286 3001 Εἰ
1333 2949 1391 3001 δὲ
1431 2949 1540 3002 τῶν
1603 2950 1768 3004 ὅντων

197 3033 357 3086 οὐδὲν
384 3035 616 3106 ἄναρχον
661 3036 696 3104 ἢ
746 3035 823 3088 ἀπ
835 3034 1151 3106 ερξγραφον,
1183 3037 1256 3100 ὡς
1284 3036 1450 3103 ἔδειξε
1467 3039 1768 3106 ἀκολούθως

197 3129 270 3198 τῆ
306 3127 465 3196 φύσει
489 3131 596 3180 τῶν
618 3127 787 3180 ὄντων
821 3129 1090 3198 ἑπόμενος
1144 3131 1174 3181 ὁ
1215 3129 1391 3198 λόγος,
1440 3126 1508 3201 ἦν
1554 3133 1768 3198 πάντως

201 3217 337 3268 ποτὲ
362 3217 450 3268 Ετε
471 3233 524 3268 τι
544 3217 653 3268 τῶν
672 3216 843 3268 ὄντων
873 3217 973 3268 οὐκ
1007 3213 1076 3285 ἦν
1100 3232 1115 3248 ’
1145 3220 1191 3269 ει
1220 3218 1277 3270 δὲ
1296 3219 1395 3270 οὐκ
1425 3214 1515 3287 ἦν,
1552 3221 1768 3282 πάντως

1861 1679 2006 1731 enim
2028 1680 2270 1747 ipsorum
2289 1680 2583 1734 multorum
2602 1694 2723 1748 qua:
2739 1679 3011 1733 exsistunt
3031 1675 3243 1730 numeri
3260 1688 3435 1742 quan-

1864 1770 2072 1822 titatem
2121 1780 2287 1834 tenet,
2313 1787 2434 1838 qua:
2478 1772 2622 1824 illius
2673 1780 2783 1824 tam
2818 1767 3116 1823 exsistendi
3146 1780 3305 1834 quam
3337 1763 3437 1817 ali-

1863 1857 2138 1923 quomodo
2188 1858 2486 1911 exsistendi
2537 1858 2830 1921 rationem;
2861 1870 3043 1924 neque
3077 1853 3224 1906 enim
3269 1851 3435 1904 abso-

1869 1946 1982 1999 luta
2011 1956 2093 2000 est
2124 1947 2506 2000 universorum
2534 1947 2815 2014 essentia),
2848 1961 2951 2000 nec
2978 1945 3341 2013 singulorum,
3374 1949 3437 1994 ut

1872 2043 2038 2105 patet,
2070 2037 2371 2091 substantia
2399 2036 2518 2091 sine
2548 2034 3058 2104 circumscriptione
3087 2033 3212 2093 erit,
3246 2046 3438 2084 nume-

1874 2141 1934 2178 ro
1987 2133 2040 2177 et
2069 2127 2307 2180 essentia
2340 2135 2534 2180 mutuo
2563 2124 2866 2180 secundum
2897 2124 3164 2176 rationem
3197 2122 3434 2175 circum.

1871 2217 2090 2285 scripta.
2124 2217 2180 2270 Si
2203 2226 2384 2270 autem
2399 2217 2909 2284 circumscriptione
2940 2231 3130 2268 eorum
3160 2229 3280 2282 quae
3308 2227 3438 2267 sunt

1868 2308 2164 2376 quidquam
2196 2322 2306 2362 non
2335 2316 2511 2370 vacat,
2545 2308 2800 2360 universa
2843 2307 3103 2359 nimirum
3145 2319 3266 2372 quae
3296 2313 3427 2356 sunt

1869 2400 1971 2453 sibi
1995 2401 2125 2468 ipsis
2136 2400 2524 2454 convenienter
2539 2410 2596 2454 et
2621 2417 2640 2449 ι
2659 2398 2952 2468 aliquando
2967 2414 3085 2451 esse
3107 2410 3180 2450 net
3197 2415 3214 2443 ι
3235 2394 3437 2450 alicubi

1868 2507 2015 2545 esse:
2051 2501 2336 2561 ceperunt.
2369 2493 2465 2546 llis
2491 2492 2638 2546 enim
2669 2505 2865 2544 vacare
2894 2490 3030 2544 nihil
3061 2487 3290 2542 omnino
3326 2499 3428 2556 po-

1871 2583 2014 2645 terit,
2047 2599 2153 2636 non
2172 2584 2427 2644 essentia,
2451 2598 2560 2637 non
2576 2583 2874 2652 quantitas,
2900 2595 3007 2634 non
3041 2578 3294 2648 qualitas.
3317 2591 3430 2629 non

1870 2675 2080 2733 relatio.
2098 2690 2206 2727 non
2219 2675 2378 2734 actio.
2393 2689 2500 2726 non
2525 2673 2726 2741 passio,
2743 2687 2853 2726 non
2867 2670 3167 2733 motio,uon
3188 2667 3430 2729 habitus,

1867 2781 1972 2818 nec
1999 2764 2147 2817 aliud
2178 2765 2346 2818 ullum
2377 2778 2486 2832 quo
2516 2764 2833 2817 universum
2863 2759 3305 2815 circumcludunt
3331 2761 3428 2826 qui

1870 2855 1956 2907 his
1986 2855 2152 2908 rebus
2180 2864 2308 2908 sunt
2333 2854 2554 2908 eruditi.
2588 2854 2776 2922 Itaque
2806 2867 2995 2906 eorum
3025 2865 3144 2917 quas
3167 2863 3294 2902 sum.
3324 2864 3433 2916 quo

1867 2945 1998 3013 quid
2029 2944 2176 2999 aliud
2208 2945 2363 3014 prius
2397 2944 2623 3014 cogitari
2658 2953 2856 3012 potest,
2915 2942 2969 2994 id
3014 2941 3283 3009 principio
3312 2954 3422 2991 non

1868 3048 2039 3096 caret,
2065 3035 2144 3089 uti
2175 3050 2278 3088 nec
2305 3034 2812 3101 circumscriptione
2841 3047 3076 3101 quocum
3110 3031 3241 3097 quid
3278 3031 3432 3084 aliud

1867 3129 2027 3182 simul
2059 3128 2289 3197 cogitari
2321 3135 2518 3195 potest.
2552 3127 2672 3181 Jam
2703 3127 2747 3180 si
2782 3140 2966 3178 rerum
2993 3139 3115 3191 quae
3135 3131 3261 3176 sunt
3291 3122 3430 3176 nihil

1869 3220 2138 3288 principio
2165 3227 2426 3271 carctnec
2455 3217 3058 3285 circumscriptione,ut
3090 3215 3430 3267 demonstra~

197 3307 447 3373 γέγονεν,
477 3305 634 3374 εῐπερ
666 3305 767 3358 οὐκ
792 3301 878 3375 ἦν.
927 3308 1001 3358 Οὐ
1032 3306 1139 3376 γὰρ
1174 3307 1339 3375 ἄμφω
1356 3309 1627 3379 ἐνδέχεται
1666 3313 1758 3363 καὶ

1861 3314 1938 3366 vit
1957 3317 2356 3378 consequenter
2383 3317 2632 3361 naturam
2665 3323 2848 3361 rerum
2881 3321 3118 3374 sequens
3137 3305 3296 3369 ratio,
3315 3304 3430 3357 lieri

198 3393 341 3449 εἶναι
379 3395 471 3447 καὶ
511 3394 759 3456 γίνεσθαι
810 3395 978 3464 χωρὶς
1020 3399 1228 3466 τροπῆς
1273 3397 1365 3449 καὶ
1400 3397 1756 3461 ἀλλοιώσεως.

198 3487 267 3539 Et
311 3484 420 3554 γὰρ
461 3481 530 3555 ἦν
571 3485 667 3538 καὶ
707 3485 947 3553 γέγονεν,
997 3487 1346 3558 ὲτράπη,.εἰς
1372 3489 1508 3559 ὅπερ
1544 3491 1646 3544 οὐκ
1692 3488 1758 3562 ἦν

201 3575 598 3646 μεταχωρῆσαν
633 3576 772 3628 κατὰ
812 3576 908 3646 τὴν
937 3577 1166 3644 γένεσιν,
1205 3577 1237 3648 ἢ
1271 3579 1561 3650 ἠλλοιώθη,
1594 3597 1761 3650 προε-

199 3670 380 3740 θήκην
431 3661 494 3722 οὗ
539 3667 800 3738 ἐστέρητο
853 3669 1084 3732 κάλλους
1129 3671 1532 3740 ἐπιδεξάμενον.
1565 3673 1679 3727 Πᾶν
1704 3673 1760 3725 δὲ

195 3759 610 3830 τρεπόμενον,ῆ
643 3757 1040 3828 ἀλλοιούμενον,
1064 3758 1098 3828 ἢ
1130 3759 1344 3824 ἐλλιπὲς
1375 3757 1571 3823 εἴδους,
1603 3761 1760 3814 αὐτο-

196 3846 352 3909 τελὲς
397 3847 420 3878 δ
455 3842 594 3900 εἶναι
635 3846 697 3899 οὐ
736 3845 979 3900 δύναται.
1029 3847 1104 3900 Τὸ
1144 3846 1203 3901 δὲ
1237 3848 1310 3918 μὴ
1352 3851 1413 3901 ὃν
1455 3848 1759 3912 αὐτοτελὲς,

197 3941 392 4010 ἐτέρου
451 3939 670 4000 πάντως
714 3937 1203 4008 προσδεηθήσεται,
1275 3939 1370 3992 τοῦ
1431 3941 1762 4010 παρέχοντος

197 4029 348 4100 αὐτῷ
373 4029 473 4100 τὴν
495 4028 830 4098 τελειότητα,
862 4029 956 4081 καὶ
990 4028 1105 4081 ἔστι
1133 4029 1339 4083 τέλειον
1381 4031 1478 4100 μὲν
1497 4031 1558 4084 τὸ
1577 4030 1760 4084 ’τοιοῦ-

196 4138 313 4184 τον,
355 4119 470 4171 ἀλλ’
516 4119 615 4171 οὐκ
657 4117 962 4180 αὐτοτελὲς,
1005 4117 1093 4172 διὰ
1133 4118 1192 4170 τὸ
1222 4119 1297 4189 μὴ
1325 4118 1507 4187 φύσει,
1546 4119 1759 4189 μεθέξει

195 4211 258 4265 δὲ
283 4209 346 4263 τὸ
375 4209 577 4262 τέλειον
601 4208 766 4279 ἔχειν.
795 4208 871 4260 Τὸ
891 4208 948 4262 δὲ
975 4210 1161 4281 ἐτέρου
1206 4211 1596 4281 προσδεόμενον
1624 4213 1759 4282 πρὸς

195 4302 478 4357 τελείωσιν
535 4299 632 4354 κο)⁸
690 4301 824 4372 πρὸς
883 4301 1014 4354 αὐτὸ
1055 4301 1118 4354 τὸ
1158 4296 1297 4354 εἶναι
1343 4301 1524 4371 πολλῷ
1563 4302 1760 4373 μᾶλλον

198 4392 684 4465 προσδεηθήσεται.
735 4394 796 4445 Εἰ
823 4392 933 4462 γὰρ
958 4391 1127 4456 εἴδους
1158 4393 1439 4461 κρείττων,
1473 4393 1548 4456 ὥς
1575 4411 1756 4461 φασιν,

193 4488 231 4555 ἠ
268 4485 426 4538 οὐσία
453 4483 778 4551 καθέστηκε,
806 4481 1010 4554 ταύτην
1053 4484 1109 4535 δὲ
1154 4483 1330 4554 ἐαυτῷ
1371 4488 1673 4554 παρασχεῖν
1723 4486 1756 4557 ἢ

197 4576 386 4639 ἁπλῶς
443 4575 586 4645 ἔχειν
610 4575 894 4643 δεδύνηται
944 4577 1119 4629 ἐκεῖνο
1162 4575 1225 4628 τὸ
1277 4575 1359 4640 ὃν,
1417 4577 1558 4646 ὅπερ
1603 4577 1759 4630 αὐτοὶ

1861 3419 1969 3457 non
1997 3412 2179 3471 potest
2207 3402 2338 3471 quin
2383 3398 2678 3468 aliquando
2733 3412 2918 3451 rerum
2956 3395 3253 3464 quidquam
3319 3409 3431 3448 non

1861 3495 2044 3555 fuerit,
2069 3502 2123 3546 et
2149 3495 2193 3548 si
2225 3507 2332 3546 non
2364 3491 2486 3553 fuit,
2519 3489 2635 3545 ﬁeri
2667 3504 2780 3542 non
2812 3497 2994 3557 potest
3040 3489 3173 3556 quin
3219 3486 3423 3541 factum

1860 3586 1950 3647 sit,
1983 3583 2251 3651 siquidem
2289 3597 2400 3635 non
2432 3580 2553 3634 l'uit.
2585 3579 2888 3647 Utrumque
2918 3580 3086 3638 enim,
3145 3587 3252 3631 tam
3307 3590 3428 3631 esse

1858 3691 2021 3745 quam
2063 3675 2204 3737 ﬁeri,
2238 3689 2344 3727 non
2375 3673 2522 3741 capit
2550 3672 2668 3726 sine
2695 3671 3058 3726 conversione
3088 3679 3143 3723 et
3171 3669 3430 3722 immuta—

1860 3768 2027 3822 tione.
2058 3767 2302 3835 Namque
2341 3765 2386 3818 si
2427 3764 2528 3818 fuit
2565 3773 2622 3818 et
2671 3762 2871 3817 factum
2928 3769 3032 3824 est,
3099 3774 3429 3814 conversum

1858 3869 1960 3924 est,
1985 3867 2270 3928 postquam
2303 3857 2356 3910 in
2390 3854 2444 3909 id
2474 3853 2620 3924 quod
2650 3869 2758 3907 non
2789 3852 2890 3904 fuit
2911 3865 3010 3921 per
3038 3859 3220 3902 ortum
3254 3861 3429 3903 trans—

1861 3951 1944 4012 iit,
2002 3957 2093 4003 aut
2145 3949 2490 4001 immutatum
2521 3954 2625 4005 est,
2659 3951 2947 4012 postquam
2995 3939 3428 3994 additamentum

1857 4043 1978 4110 ejus
2025 4056 2131 4109 qua
2161 4039 2370 4108 privata
2398 4045 2517 4090 erat
2545 4033 2958 4105 pulchritudine
2985 4033 3216 4100 recepit.
3244 4029 3424 4095 Quid-

1859 4132 1990 4200 quid
2039 4141 2222 4183 autem
2278 4129 2618 4184 convertitur
2661 4135 2753 4180 aut
2782 4127 3128 4184 immutatur,
3163 4131 3255 4177 aut
3309 4124 3424 4176 for-

1859 4237 1944 4274 ma
1975 4234 2224 4273 mancum
2267 4228 2372 4281 est,
2421 4218 2475 4271 id
2509 4217 2819 4270 absolutum
2858 4231 2954 4283 per
2985 4230 3043 4269 se
3073 4229 3424 4268 consumma-

1857 4323 2082 4380 tumque
2122 4326 2243 4365 esse
2273 4311 2481 4378 nequit.
2537 4310 2694 4375 Quod
2726 4318 2909 4362 autem
2945 4323 3053 4362 non
3111 4322 3210 4377 per
3243 4323 3300 4360 se
3331 4308 3426 4360 ab-

1856 4405 2093 4458 solutum
2139 4412 2244 4462 est,
2274 4403 2326 4455 id
2358 4404 2529 4455 altero
2562 4401 2788 4454 omnino
2817 4398 3086 4468 indigebit
3127 4399 3271 4467 quod
3318 4398 3423 4451 sibi

1857 4492 2254 4547 absolutionem
2287 4499 2529 4561 praestet,
2575 4501 2740 4560 atque
2761 4499 2847 4544 cst
2867 4491 3177 4544 absolutum
3202 4489 3425 4557 quidem

1859 4583 1986 4643 tale,
2020 4583 2114 4636 sed
2140 4597 2250 4636 non
2287 4597 2387 4651 per
2415 4596 2472 4635 se
2513 4581 2846 4641 absolutum,
2883 4579 3147 4648 quoniam
3181 4594 3289 4631 non
3325 4594 3424 4631 na-

198 4669 366 4737 φὰναι
389 4667 687 4738 βούλονται,
719 4667 837 4728 πῶς
875 4667 1010 4736 πρὸς
1036 4667 1098 4719 τὸ
1125 4667 1270 4736 ἔχειν
1299 4667 1486 4731 ἁπλῶς
1517 4667 1550 4738 ῆ
1586 4685 1761 4739 παρα-

1865 4681 2006 4737 tura,
2035 4674 2128 4727 sed
2159 4672 2656 4726 communicatione
2687 4671 2999 4725 absolutum
3032 4671 3216 4724 habet.
3268 4669 3420 4741 Quod

197 4761 349 4829 σχεῖν
382 4757 558 4827 ἑαυτῷ
585 4758 647 4810 τὸ
670 4753 853 4830 ἦττον,
887 4758 1029 4828 φημὶ
1057 4758 1113 4811 δὲ
1152 4759 1214 4811 τὸ
1244 4753 1402 4822 εἶδος,
1445 4760 1546 4812 οὐκ
1589 4761 1758 4830 ἐπήρ-

193 4865 367 4914 κεσες
409 4850 472 4903 Εἰ
500 4849 558 4902 δὲ
584 4847 721 4918 πρὸς
772 4848 834 4900 τὸ
877 4851 1178 4919 παρασχεῖν
1215 4849 1392 4918 ἑαυτῷ
1423 4849 1483 4901 τὸ
1509 4845 1690 4922 ἦττον,
1723 4851 1755 4922 ἢ

193 4941 384 5004 ἁπλῶς
428 4941 570 5011 ἔχειν
612 4942 786 4993 ἐκεῖνο
819 4939 881 4992 τὸ
919 4940 998 5004 ὃν,
1033 4941 1168 5010 ὅπερ
1189 4942 1241 4993 εἴ
1276 4958 1337 4994 τε
1383 4941 1588 5008 οὐσίαν,
1621 4943 1675 4994 εἴ
1697 4960 1756 4996 τε

192 5035 332 5104 ὓλην
356 5034 539 5086 καλεῖν
572 5033 847 5103 βούλονται
881 5034 929 5083 οἱ
956 5033 1018 5085 τὸ
1043 5032 1278 5102 ἄναρχον
1309 5035 1419 5096 τοῖς
1461 5035 1600 5103 μετὰ
1624 5033 1756 5088 Θεὸν

190 5127 292 5181 καὶ
319 5128 382 5178 ὲκ
411 5125 545 5179 Θεοῦ
591 5125 928 5195 προσάπτειν
964 5125 1272 5195 τολμῶντες
1334 5125 1430 5195 (οὐ
1475 5126 1583 5197 γὰρ
1621 5128 1752 5197 περὶ

188 5217 386 5272 τούτου
411 5218 809 5288 διαφερόμεθα)
843 5219 944 5270 οὐκ
981 5218 1275 5286 ἐπήρκεσε,
1319 5215 1439 5278 πῶς
1474 5216 1536 5268 τὸ
1567 5221 1750 5288 κρεῖτ-

188 5328 307 5372 τον,
342 5309 473 5362 αὐτὸ
521 5310 581 5362 τὸ
623 5305 761 5362 εἶναι
800 5327 963 5379 φημι,
1002 5309 1033 5378 ἢ
1072 5307 1254 5370 ἁπλῶς
1300 5308 1333 5378 ἢ
1385 5308 1518 5378 παρ’
1562 5306 1753 5359 ἑαυτοῦ

191 5400 342 5469 ἔχειν
369 5399 672 5467 δεδύνηται,
700 5398 760 5451 τὸ
807 5399 940 5467 πρὸς
977 5397 1036 5448 τὸ
1077 5397 1220 5466 ἔχειν
1253 5395 1316 5449 τὸ
1350 5392 1512 5466 ἦττον
1559 5397 1754 5448 ἀδυνα-

189 5489 396 5556 τῆσανς
431 5491 493 5544 El
519 5491 577 5542 δὲ
602 5490 733 5558 παρ’
773 5487 1030 5557 ἑαυτῆςῆ
1062 5487 1245 5550 ἁπλῶς
1293 5486 1437 5555 ἔχειν
1488 5487 1550 5538 τὸ
1592 5482 1753 5554 ἦττον

190 5581 442 5652 οὐδαμῶς
481 5585 514 5654 ἡ
555 5582 655 5652 ὕλη
921 5581 971 5650 b)
1001 5579 1300 5649 δεδύνηται,
1334 5578 1513 5648 πολλῷ
1553 5576 1751 5646 μᾶλλον

1861 4771 2044 4816 autem
2102 4763 2277 4815 altero
2309 4761 2514 4830 indiget
2541 4760 2606 4813 ad
2659 4773 2778 4814 sese
2801 4759 3312 4820 consummandum,
3367 4759 3422 4813 id

1857 4853 2022 4904 etiam
2081 4852 2254 4904 multo
2298 4852 2470 4921 magis
2495 4850 2760 4920 indigebit
2791 4850 2859 4904 ad
2890 4851 2994 4904 hoc
3032 4850 3209 4919 ipsum
3239 4857 3298 4904 ut
3329 4849 3418 4902 sit.

1858 4943 1991 4997 Nam
2017 4943 2060 4995 si
2089 4942 2280 5001 forma.
2315 4954 2376 4998 ut
2405 4943 2579 5004 aiunt,
2608 4943 2848 4996 essentia
2899 4952 3140 5009 prazstat,
3186 4957 3422 5008 eamque

1859 5033 1960 5086 sibi
2013 5031 2114 5100 ipsi
2166 5041 2427 5100 praestare
2471 5032 2556 5085 vel
2611 5031 2937 5099 simpliciter
2989 5032 3192 5083 habere
3244 5037 3422 5097 potest

1857 5123 1990 5178 illud
2030 5138 2150 5182 ens,
2197 5122 2343 5189 quod
2387 5123 2488 5190 ipsi
2544 5120 2731 5173 dicere
2778 5120 2991 5178 volunt,
3017 5117 3291 5184 quomodo
3350 5119 3417 5172 ad

1855 5214 2168 5267 habendum
2185 5213 2507 5278 simpliciter
2523 5209 2606 5261 vel
2626 5206 2992 5275 praestandum
3012 5208 3114 5260 sibi
3134 5209 3288 5275 pejus
3307 5208 3417 5261 for-

1853 5317 1994 5355 mam
2013 5301 2158 5358 dico.
2183 5315 2290 5352 non
2317 5297 2646 5352 sulliciebat?
2673 5297 2727 5350 Si
2751 5307 2932 5351 autem
2955 5297 3020 5350 ad
3048 5299 3414 5365 pmslandum

1850 5391 1952 5446 sibi
1975 5391 2128 5459 pejus
2155 5389 2238 5442 vel
2272 5386 2596 5454 simpliciter
2625 5385 2955 5449 habendum,
2981 5385 3113 5438 illud
3133 5387 3414 5454 ens,quod

1850 5485 1935 5537 vel
1949 5483 2236 5537 essentiam
2256 5480 2340 5532 vel
2360 5478 2644 5532 materiam
2660 5492 2856 5532 vocare
2874 5479 3051 5546 placet
3069 5476 3149 5531 eis
3163 5478 3255 5546 qui
3269 5478 3414 5546 quod

1852 5575 2009 5630 initio
2045 5582 2191 5628 caret
2223 5572 2391 5626 rebus
2435 5585 2554 5640 qum
2583 5579 2704 5640 post
2736 5571 2904 5623 Deum
2937 5579 2992 5623 et
3033 5586 3098 5623 ex
3141 5571 3250 5624 Deo
3282 5576 3413 5625 sunt

1463 5707 1697 5762 VAIll/E
1725 5705 2119 5762 LECTIONES.

266 5808 288 5841 ⁸
322 5807 596 5871 ἁνελλιπὶς
629 5807 750 5862 cod.
791 5806 929 5862 Gud.
955 5805 1106 5872 Quod
1139 5804 1191 5860 in
1225 5819 1393 5870 marg.
1430 5803 1501 5856 al:
1537 5803 1727 5857 eadem
1756 5817 1919 5860 manu
1952 5799 2297 5853 emendatum
2334 5807 2415 5852 est
2447 5798 2498 5850 in
2527 5794 2830 5856 αὐτοτελές.
