4192 6434
768 377 904 444 1183
1922 371 1982 429 S.
2022 368 2306 429 MAXIMI
2347 368 2363 426 (

2462 362 2855 426 iFESSORIS
3886 357 4030 422 1184

763 498 1052 547 annectere
1078 490 1345 541 conantur
1377 482 1575 552 (neque
1600 482 1748 536 enim
1780 483 1847 538 de
1873 483 1977 536 hoc
2008 480 2334 550 litigamus),

2462 491 2576 543 ιύτδ
2601 491 2660 543 τὸ
2690 486 2827 542 εἶναι
2853 487 3059 549 ἁπλῶς,
3101 487 3135 556 ἢ
3187 486 3304 550 πῶς
3348 486 3479 556 παρ’
3524 487 3724 555 ἑαυτῆς
3772 486 3926 555 ἒχειν
3964 486 4027 539 αὖ

769 578 914 633 haud
944 574 1265 637 suﬁiciebat,
1292 571 1569 642 quomodo
1598 572 1814 635 melius,
1845 570 2018 640 ipsam
2066 569 2339 624 cxsisten-

2462 580 2819 650 ῖυνηθησεται.
2846 573 3075 648 Ἀρ⁹οῦν
3105 578 3138 647 ἡ
3163 578 3299 649 πρὸς
3338 578 3400 631 τὺ
3430 576 3597 647 ἔχειν,
3619 577 3697 639 ὡς
3725 576 4027 639 δέδεικται,

766 668 899 723 tiam
928 666 1074 729 dico,
1106 663 1189 718 vel
1235 662 1560 731 simpliciter
1592 662 1675 714 vel
1715 676 1745 715 a
1770 675 1827 713 se
1862 661 1985 729 ipso
2010 658 2215 712 habere
2245 671 2341 725 po-

2462 671 2506 725 τδ
2529 666 2711 742 ἧττον,
2742 669 2887 737 λέγω
2910 669 2965 721 δὲ
2986 669 3048 722 τὸ
3076 663 3236 734 εἶδος,
3260 668 3572 737 ἀτονήσασα
3601 669 3723 722 οὐδὲ
3751 668 3817 723 τὸ
3846 670 4029 732 κρεῖτ-

768 757 897 817 ιυίι,
925 752 1070 824 qnod
1092 752 1157 806 ad
1186 752 1339 821 pejus
1366 750 1678 804 habendum
1709 764 1817 803 non
1831 747 2041 801 valuit?
2073 746 2130 801 Si
2158 755 2340 799 autem

2462 777 2561 822 εον,
2593 758 2725 812 αὐτὸ
2750 757 2811 810 τὸ
2834 752 2974 810 εἶναι
3018 774 3185 827 φημι,
3233 757 3337 811 κᾶν
3379 757 3628 811 ὁπωσοῦν
3675 757 3826 827 ἔχειν
3858 758 4027 827 δυνη-

765 863 796 901 a
828 862 884 900 se
930 845 1049 914 ipsa
1072 844 1159 898 vel
1204 843 1529 913 simpliciter
1559 839 1789 895 materia
1820 841 1977 911 pejus
1999 838 2211 893 habere
2246 852 2342 891 ne-

2462 850 2565 920 iatrj
2599 849 2750 902 ποτέ.
2780 849 2842 901 Et
2860 848 2918 902 δὲ
2941 848 3123 912 τοῦτο,
3158 848 3376 910 πάντως
3405 848 3470 900 ὲκ
3491 846 3629 901 Θεοῦ
3656 848 3718 900 τὸ
3738 843 3882 899 εἶναι
3914 848 4029 908 τοῖς

765 951 1040 1004 ηιιειαιιειηι
1075 936 1281 1004 potuit.
1313 935 1487 988 multo
1520 933 1694 1003 ωαεῑε
1733 933 1904 1003 ipsam
1959 930 2338 986 θιείεῑεηιίθω
2447 938 2566 995 οὖσι
2591 940 2688 995 καὶ⁵
2718 937 2779 992 τὺ
2808 934 2947 1001 εἶδος
2967 938 3289 1007 δεδώρηται,
3323 938 3555 1006 ἐπείπερ
3587 936 3759 990 εἰσινο
3793 936 3845 988 εἰ
3869 936 3931 987 δὲ
3962 936 4030 987 ὲκ

766 1024 1114 1092 simpliciter,
1144 1023 1229 1077 vel
1264 1022 1447 1089 aliquo
1479 1021 1643 1075 modo
1664 1036 1695 1075 a
1723 1036 1782 1076 se
1814 1021 2017 1075 habere
2048 1035 2154 1073 non
2185 1026 2342 1088 pote-

2462 1029 2579 1084 Beoﬁ
2610 1032 2765 1083 πᾶσα
2791 1029 2973 1093 οὐσία,
3009 1028 3107 1083 καὶ
3165 1027 3267 1097 ῦλη
3316 1029 3414 1081 καὶ
3463 1024 3606 1090 εἶδος
3656 1028 3807 1080 ἄπαν
3852 1025 4025 1087 ἐστὶν,

767 1115 858 1168 rit.
897 1114 1040 1183 Ergo
1069 1129 1191 1183 qute
1212 1113 1279 1166 ad
1316 1112 1653 1176 habendum,
1687 1121 1750 1166 ut
1775 1112 2209 1166 demonstratum
2236 1118 2341 1175 est,

2462 1120 2621 1181 nasi;
2647 1120 2712 1173 ἂν
2737 1119 2811 1189 μὴ
2836 1118 3011 1188 πάντη
3054 1117 3331 1188 σώφρονος
3365 1115 3633 1187 λογισμοῦ
3658 1114 4031 1185 ἐστερημένος

766 1206 946 1275 pejus,
1001 1203 1254 1268 formam,
1290 1204 1538 1272 inquam,
1578 1204 1721 1257 haud
1762 1204 1954 1266 valuit,
1993 1218 2059 1258 ea
2130 1218 2235 1256 nec
2274 1200 2344 1256 ad

2462 1213 2625 1264 εἰπεῖν
2645 1211 2937 1280 ἀνάσχοιτο
2965 1209 3201 1281 ἄναρχον
3226 1209 3259 1280 ἢ
3282 1209 3549 1276 ἀγένητον
3574 1207 3675 1279 τὴν
3705 1207 3863 1277 ῦλην,
3895 1204 4031 1259 Θεὸν

767 1294 987 1358 melius,
1016 1295 1187 1364 ipsam
1208 1294 1586 1349 exsistentiam
1629 1295 1873 1363 inquam,
1893 1294 2198 1349 habendam
2223 1295 2345 1348 nul-

2462 1299 2612 1363 εἰδὼς
2640 1300 2752 1355 τῶν
2781 1300 2952 1355 δντων
2988 1300 3221 1371 ποιητὴν
3248 1300 3345 1354 καὶ
3370 1297 3728 1370 δημιουργόν.

769 1395 820 1450 ιιι
870 1400 934 1440 ex
969 1395 1124 1454 parte
1168 1386 1431 1439 valuerit.
1460 1384 1515 1438 Si
1550 1399 1681 1438 vero
1723 1385 1798 1437 ita
1846 1393 1950 1446 est,
2007 1399 2075 1439 ex
2142 1386 2253 1439 Deo
2303 1388 2531 1447 omnino
2599 1390 2765 1445 rebus
2795 1390 2982 1445 datum
3024 1398 3108 1444 est
3142 1396 3204 1443 ut
3232 1390 3343 1444 sint
3382 1398 3440 1443 et
3471 1387 3707 1441 formam
3747 1386 4026 1445 habeant.

769 1491 893 1530 cum
924 1476 1034 1529 sint
1067 1494 1080 1529 :
1113 1476 1160 1531 si
1201 1491 1333 1531 vero
1368 1490 1435 1529 ex
1465 1475 1576 1528 Deo
1608 1475 1788 1528 omnis
1802 1474 2057 1539 essentia,
2085 1484 2141 1529 et
2156 1476 2404 1543 materia,
2443 1488 2500 1534 et
2524 1479 2700 1535 forma
2727 1480 2907 1535 omnis
2941 1490 3044 1547 est,
3089 1494 3271 1542 nemo,
3304 1478 3570 1549 profecto,
3602 1478 3648 1532 si
3683 1492 3819 1532 sana
3846 1484 4029 1532 mente

766 1582 879 1621 non
912 1572 995 1618 est
1024 1564 1291 1633 privatus,
1332 1562 1617 1617 materiam
1676 1562 1934 1616 intactam
1972 1570 2069 1617 aut
2123 1564 2403 1636 principio
2453 1580 2731 1626 carentem
2758 1570 2940 1626 dicere
2970 1569 3288 1635 sustinebit,
3325 1584 3450 1624 cum
3479 1570 3653 1625 Deum
3706 1568 4031 1624 meminerit

770 1671 954 1712 rerum
986 1665 1194 1710 natura:
1233 1654 1501 1709 factorem
1535 1661 1590 1707 et
1609 1651 1896 1706 artiﬁcem.

770 1809 1176 1864 Demonstratur
1212 1809 1352 1881 quod
1386 1806 1640 1877 quidquid
1669 1814 1939 1858 moveatur
1995 1805 2076 1858 vel
2104 1822 2222 1858 cum
2248 1805 2336 1859 al-

2462 1810 2789 1876 Ἀπόδειξις
2817 1807 2908 1864 ὅτι
2931 1808 3056 1865 πᾶν
3073 1809 3454 1877 κινούμενον,
3496 1806 3536 1875 ἢ
3560 1806 3731 1870 ἄλλῳ
3767 1806 4033 1875 διαφόρῳ

841 1911 951 1954 tero
980 1899 1263 1953 secundum
1287 1898 1567 1950 essentiam
1592 1896 1863 1964 iii/ferente
1886 1910 1951 1947 ea:
1974 1904 2170 1950 (sterno
2184 1896 2344 1949 simul

839 1997 1109 2049 cernatur,
1165 1986 1435 2054 inﬁnitum
1476 2000 1588 2038 esse
1628 2002 1732 2038 non
1766 2002 1936 2052 posse,
1981 1995 2031 2039 et
2052 1987 2192 2056 quod
2214 1988 2346 2057 dyas

840 2094 1007 2147 neque
1033 2078 1241 2130 initium
1262 2077 1350 2137 sit,
1377 2091 1544 2145 neque
1562 2077 1672 2128 sine
1696 2077 1869 2138 initio,
1910 2086 1958 2129 et
1992 2077 2128 2146 quod
2164 2094 2348 2131 manas

838 2166 953 2220 sola
979 2167 1188 2236 proprie
1202 2167 1272 2218 sit
1302 2166 1512 2218 initium
1540 2174 1588 2217 et
1609 2166 1722 2218 sine
1756 2167 1928 2230 initio,

838 2279 1020 2348 Atque
1050 2295 1265 2344 rursus,
1298 2279 1343 2334 si
1374 2286 1515 2343 erat,
1550 2288 1611 2333 ut
1640 2279 1866 2347 quidam
1899 2280 2115 2345 dicunt,
2174 2291 2349 2337 mate-

772 2372 876 2435 ria,
909 2387 1018 2425 non
1050 2370 1194 2425 facta
1222 2381 1310 2426 est
1340 2370 1535 2440 igitur;
1569 2371 1613 2425 si
1644 2386 1783 2425 vero
1810 2388 1923 2426 non
1953 2372 2094 2427 facta
2115 2383 2223 2439 est,
2248 2389 2351 2429 nec

772 2472 1059 2529 motatur;
1092 2464 1138 2519 si
1198 2478 1331 2518 vero
1360 2478 1471 2517 non
1515 2472 1779 2529 metatur,
1825 2480 1949 2520 esse
1993 2466 2145 2521 nullo
2189 2467 2352 2521 modo
2387 2479 2389 2482 ‘

772 2555 1015 2625 incepit;
1071 2555 1117 2609 si
1149 2570 1283 2610 vero
1312 2569 1433 2609 esse
1464 2570 1573 2610 non
1622 2556 1849 2624 incepit,
1882 2556 2158 2626 principio
2197 2567 2351 2612 caret

772 2647 1033 2711 omnino;
1079 2648 1123 2701 si
1155 2655 1470 2701 vero'caret
1500 2647 1797 2716 principio,
1830 2656 1981 2701 caret
2008 2648 2175 2721 etiam
2207 2648 2351 2713 ﬁne;

773 2739 819 2793 si
853 2738 959 2792 ﬁne
988 2748 1160 2803 caret,
1194 2738 1496 2793 immobilis
1515 2739 1743 2792 omnino
1772 2748 1857 2792 est
1879 2738 2183 2809 (immobile
2206 2740 2353 2792 enim

774 2844 940 2883 omne
974 2828 1249 2883 inﬁnitum
1277 2836 1363 2884 est
1383 2846 1397 2892 ;
1420 2843 1604 2898 neque
1632 2830 1779 2883 enim
1814 2829 1982 2883 habet
2013 2830 2104 2883 ubi
2137 2845 2355 2885 movea-

778 2925 869 2971 tur
898 2919 1045 2987 quod
1104 2935 1213 2972 non
1257 2920 1555 2971 limitatum
1608 2918 1737 2986 est),
1789 2919 1833 2973 si
1896 2935 2028 2973 vero
2070 2916 2213 2982 hoc,
2244 2920 2355 2974 duo

776 3009 1005 3061 omnino
1037 3008 1250 3061 inﬁnita
1279 3017 1335 3062 et
1364 3008 1643 3076 principio
1672 3015 1729 3061 et
1784 3018 1937 3061 motu
1984 3010 2228 3063 carentia
2260 3024 2357 3063 e1-

777 3098 1128 3162 stant,~DeuS'
1148 3104 1311 3167 atque
1340 3097 1593 3159 materia,
1612 3097 1665 3151 id
1685 3098 1830 3166 quod
1866 3098 1981 3153 ﬁeri
2013 3114 2121 3153 non
2152 3108 2352 3169 potest.

775 3190 1033 3243 Binarins
1060 3190 1210 3243 enim
1248 3204 1518 3243 numerus
1546 3203 1727 3256 neque
1758 3187 2009 3243 inﬁnitus
2037 3198 2142 3251 est,
2176 3206 2356 3259 neque

778 3280 900 3334 sine
935 3279 1116 3340 initio.
1166 3292 1345 3349 neque
1395 3281 1516 3335 sine
1554 3290 1729 3344 motu,
1782 3296 1962 3349 neque
2023 3283 2357 3351 principium

779 3369 1006 3425 omnino
1040 3369 1207 3422 ullius
1238 3369 1317 3423 rei
1348 3385 1469 3424 esse
1502 3369 1726 3437 poterit,
1745 3385 1869 3438 qua:
1899 3372 2204 3426 secundum
2236 3374 2360 3427 uni-

780 3457 988 3511 tionem
1030 3465 1089 3511 et
1135 3457 1563 3526 disjunctionem
1608 3460 2066 3527 circumscriptus
2111 3462 2203 3524 sit,
2269 3480 2359 3519 se-

781 3548 1023 3603 cundum
1057 3548 1364 3603 nnitionem
1396 3549 1621 3618 quidem
1654 3558 1714 3603 ut
1769 3552 2097 3605 exstantiam
2151 3554 2360 3613 habens

782 3636 1079 3689 monadum
1110 3638 1589 3706 compositionem,
1622 3654 1651 3692 a
1685 3640 1887 3708 quibus
1918 3650 2175 3709 tanquam
2232 3657 2361 3709 par-

732 3784 735 3785 ν
784 3724 938 3780 tibus
971 3727 1290 3781 continetur
1321 3737 1376 3781 et
1405 3727 1459 3782 in
1491 3744 1630 3798 quas
1660 3729 1828 3782 veluti
1860 3742 2045 3799 partes
2074 3730 2247 3785 secari
2267 3746 2363 3799 po-

783 3826 889 3873 test
923 3818 1081 3888 (nihil
1113 3830 1296 3874 autem
1328 3821 1476 3889 quod
1507 3821 1848 3892 disjunctum
1877 3838 1999 3877 esse
2030 3833 2124 3877 aut
2153 3823 2364 3894 disjun—

783 3909 859 3979 gi,
891 3910 1006 3964 sive
1057 3910 1426 3979 compositum
1457 3927 1581 3967 esse
1620 3920 1717 3965 aut
1745 3914 2023 3981 componi,
2057 3914 2361 3968 secundum

783 4009 1059 4065 naturam,
1092 4002 1178 4055 vel
1216 4002 1567 4070 positionem,
1601 4004 1687 4058 vel
1720 4004 1886 4057 alium
1922 4006 2093 4059 ullum
2140 4007 2361 4060 modum

784 4091 1011 4159 cogitari
1043 4100 1247 4160 queat,
1281 4094 1531 4160 quinimo
1562 4108 1633 4147 ne
1665 4094 1779 4162 ipsa
1808 4096 2033 4165 quidem
2078 4112 2198 4164 qua:
2229 4098 2364 4151 sim-
2417 4098 2421 4103 ’

784 4182 1003 4251 pliciter
1030 4183 1236 4237 dicitur
1259 4183 1557 4253 disjunctio
1588 4186 1674 4239 vel
1703 4187 2054 4255 compositio,
2088 4187 2361 4243 inﬁnitum

785 4287 905 4328 esse
930 4274 1155 4341 poterit,
1186 4274 1318 4342 quia
1358 4290 1538 4344 neque
1571 4276 1799 4345 simplex
1836 4285 1893 4331 et
1923 4278 2123 4339 solum,
2184 4295 2361 4348 neque

787 4363 1130 4416 numerabile
1161 4372 1257 4416 aut
1287 4375 1636 4419 numeratum
1669 4375 2197 4423 connumeratnmve
2222 4410 2234 4431 ,
2268 4378 2363 4422 aut

786 4454 936 4508 omni
968 4454 1293 4522 simpliciter
1335 4456 1709 4525 qualicunque
1743 4457 1935 4511 habitu
1964 4458 2199 4513 liberum
2242 4468 2358 4524 est;

787 4545 903 4599 hare
922 4547 1069 4599 enim
1100 4547 1283 4600 omnia
1314 4548 1369 4600 in
1392 4548 1588 4601 habitu
1609 4549 2055 4618 conspiciuntur,
2088 4550 2361 4604 inﬁnitum

787 4643 972 4690 autem
1002 4643 1087 4688 est
1117 4635 1237 4689 sine
1268 4637 1561 4697 relatione,
1620 4654 1744 4691 cum
1780 4638 1917 4690 nihil
1977 4638 2204 4691 relative
2260 4640 2365 4693 sibi

787 4725 1143 4794 conjunctunt
1188 4726 1415 4780 omnino
1463 4727 1684 4795 habeat)
1736 4744 1750 4780 :
1798 4727 2101 4782 secundum
2151 4728 2367 4799 disjun-

788 4816 1027 4871 ctionem
1059 4825 1264 4880 autem,
1296 4826 1355 4870 ut
1384 4833 1615 4872 numero
1644 4828 1847 4873 motata
1868 4860 1883 4883 ,
1918 4835 1984 4873 ex
2015 4835 2126 4887 quo
2157 4821 2364 4890 incepit

789 4913 846 4958 et
874 4921 905 4957 a
935 4920 1047 4972 quo
1077 4905 1398 4959 continetur
1421 4946 1436 4970 ,
1467 4909 1916 4977 quandoquidem
1947 4925 2059 4963 non
2087 4919 2284 4964 natura
2313 4918 2368 4966 et

788 5003 987 5063 prater
1044 4998 1367 5050 relationem
1424 4999 1807 5053 exsistentiam
1867 5001 2053 5055 habet.
2129 5000 2366 5056 Numero

792 5082 942 5139 enim
973 5085 1154 5137 omnis
1185 5083 1390 5139 L-lnitas
1410 5089 1664 5139 etomnis
1695 5091 1900 5155 unitas,
1932 5092 1989 5145 in
2020 5101 2231 5160 partem
2249 5092 2368 5161 ejus

681 5212 688 5221 .
793 5174 1175 5238 contribuens,
1207 5183 1443 5237 constat,
1474 5189 1585 5243 quo
1614 5192 1847 5231 numero
1876 5182 1997 5249 ejus
2028 5186 2269 5237 unitates
2298 5182 2367 5237 de

794 5264 1370 5334 ineircumscriptione
1430 5265 1665 5321 invicem
1732 5268 1963 5338 singulze
2006 5272 2361 5325 eximuntur.

794 5356 992 5410 Nullus
1020 5363 1202 5408 autem
1231 5356 1317 5409 vel
1349 5355 1847 5427 quomodocunque
1877 5360 2241 5416 ratiocinandi
2273 5378 2371 5431 pe-

795 5448 939 5501 ritus
969 5444 1243 5500 inﬁnitum
1273 5462 1395 5501 esse
1425 5447 1630 5502 dixerit
1655 5464 1895 5519 quocum
1916 5467 1982 5506 ex
2009 5461 2219 5508 aeterno
2234 5454 2367 5523 quid

796 5553 907 5592 una
951 5537 1036 5591 vel
1092 5537 1337 5591 additum
1393 5540 1765 5609 conspiciatur
1794 5543 2032 5598 essentia
2062 5545 2366 5613 diversum,

798 5643 923 5680 cum
954 5628 1263 5683 meminerit
1292 5631 1341 5683 ei
1379 5632 1469 5699 qtti
1506 5632 1574 5685 ita
1608 5634 1846 5687 senserit
1878 5635 2166 5690 inﬁnitatis
2199 5638 2365 5691 ratio‘

804 5732 926 5773 nam
957 5735 1180 5788 prorsus
1233 5734 1481 5774 eversum
1514 5722 1598 5777 iri.
1663 5725 1908 5794 Namque
1970 5727 2245 5783 inﬁnitum
2277 5744 2365 5784 sc-

2517 1900 2670 1956 κατὰ
2722 1900 2837 1967 τὴν
2875 1900 3097 1953 οὐσίαν
3134 1899 3204 1963 ἐξ
3242 1898 3441 1953 ἀϊδίου
3478 1900 4029 1968 συν-θεωρούμενον,

2519 1990 2767 2057 ἄπειρον
2790 1986 2945 2045 εἶναι
2976 1990 3049 2043 οὺ
3081 1988 3353 2052 δύναται,
3375 1989 3475 2042 καὶ
3503 1987 3593 2042 ὅτι
3626 1988 3665 2056 ἠ
3703 1986 3859 2053 δυὰς
3895 1987 4032 2040 οὔτε

2520 2085 2678 2154 ἀρχή
2716 2085 2906 2146 ἐστιν,
2957 2081 3095 2135 οὔτε
3142 2080 3427 2149 ἄναρχος,
3461 2080 3563 2135 καὶ
3616 2080 3707 2134 ὅτι
3746 2080 3788 2148 ἠ
3834 2079 4033 2148 μονὰς

2514 2175 2670 2243 μόνη
2699 2172 2915 2240 κυρίως
2942 2170 3101 2240 ἀρχὴ
3131 2170 3230 2223 καὶ
3259 2170 3543 2239 ἄναρχος.

2522 2283 2633 2337 Καὶ
2669 2281 2850 2345 πάλιν,
2901 2283 2949 2334 εἰ
2992 2277 3082 2350 ἦν,
3115 2280 3190 2344 ὥς
3223 2282 3370 2343 τινές
3408 2283 3654 2352 φασιν,ἠ
3688 2280 3814 2351 ῦλη,
3841 2282 3905 2335 οὐ
3942 2282 4035 2349 γέ-

2450 2391 2578 2443 γονε
2610 2374 2876 2444 δηλονότι,
2901 2376 2951 2427 εἰ
2979 2373 3037 2426 δὲ
3067 2374 3142 2445 μὴ
3175 2374 3420 2442 γέγονεν,
3445 2374 3567 2427 οὐδὲ
3598 2378 3853 2439 κινεῖται,
3896 2375 3951 2426 ει
3980 2376 4033 2427 δὲ

2455 2464 2531 2534 μὴ
2568 2467 2817 2528 κινεῖται,
2848 2463 2973 2517 οῦτε
3006 2463 3100 2517 τοῦ
3136 2460 3277 2517 εἶναι
3312 2462 3538 2534 ἤρξατο,
3579 2466 3629 2517 ιι
3659 2464 3716 2517 δὲ
3752 2465 3850 2518 τοῦ
3891 2460 4033 2519 εἶναι

2457 2556 2532 2627 μὴ
2588 2556 2812 2627 ἧρξατο,
2862 2556 3078 2619 πάντως
3108 2557 3367 2625 ἄναρχον,
3417 2557 3468 2608 εἰ
3516 2555 3573 2608 δὲ
3623 2557 3884 2627 ἄναρχον,
3944 2557 4040 2610 καὶ

2409 2691 2414 2696 .
2453 2648 2701 2716 ἄπειρον,
2730 2648 2780 2699 εἰ
2823 2646 2881 2699 δὲ
2912 2645 3158 2715 ἄπειρον,
3186 2646 3407 2708 πάντως
3467 2648 3563 2699 καὶ
3590 2646 3850 2717 ἀκίνητον
3880 2644 4039 2715 (ἀκί-

2454 2753 2613 2807 νητον
2636 2736 2746 2808 γάρ
2771 2737 2992 2800 πάντως
3016 2735 3075 2789 τὸ
3102 2736 3350 2806 ἄπειρον,
3390 2738 3450 2790 οὐ
3479 2738 3586 2808 γὰρ
3609 2737 3723 2807 ἔχει
3752 2737 3858 2791 ποῦ
3887 2754 4044 2805 κινη-

2455 2828 2613 2898 θῆναι
2641 2825 2703 2878 τὸ
2729 2826 2802 2895 μὴ
2834 2826 3207 2897 ὁριζόμενον),
3237 2826 3362 2877 εἰδὲ
3386 2826 3565 2890 τοῦτο,
3595 2826 3689 2881 δύο
3718 2828 3941 2890 πάντως
3975 2826 4043 2880 τὰ

2454 2918 2658 2986 ἄπειρα
2684 2918 2779 2969 καὶ
2802 2917 3014 2985 ἄναρχα
3042 2918 3137 2969 καὶ
3171 2918 3426 2985 ἀκίνητα,
3458 2918 3591 2980 Θεὸς
3616 2919 3713 2972 καὶ
3739 2918 3863 2987 ῦλη,
3903 2919 4043 2987 ὅπερ

2455 3002 2594 3060 εἶναι
2620 3007 2921 3076 ἀμήχανον.
2959 3007 3101 3070 Δυάς
3128 3008 3237 3078 γὰρ
3275 3007 3399 3061 οῦτε
3443 3008 3689 3078 ἄπειρος,
3722 3008 3849 3062 οὔτε
3875 3010 4045 3079 ἄναρ-

2461 3113 2572 3165 χος,
2611 3094 2738 3147 οὕτε
2792 3083 3067 3165 ἀκίνητος.
3115 3095 3241 3149 οὔτε
3290 3096 3397 3166 μὴν
3429 3097 3572 3165 ἀρχὴ
3618 3097 3851 3150 καθόλου
3899 3099 4045 3162 τινὸς

2461 3184 2599 3239 εἶναι
2620 3185 2929 3253 δυνήσεται,
2964 3186 3087 3237 καθ’
3122 3185 3316 3237 ἕνωσίν
3348 3202 3408 3238 τε
3451 3186 3548 3238 καὶ
3586 3186 3854 3257 διαίρεσιν
3886 3206 4046 3258 περι-

2460 3276 2805 3348 γραφομένη,
2850 3275 2972 3328 καθ’
3022 3276 3215 3328 ἕνωσιν
3274 3276 3373 3344 μὲν
3420 3275 3497 3338 ὡς
3560 3275 3797 3347 ὓπαρξιν
3842 3279 4046 3348 ἔχουσα

2458 3371 2568 3425 τῶν
2607 3364 2851 3438 μονάδων
2877 3368 2978 3437 τὴν
3013 3366 3283 3430 σύνθεσιν,
3311 3367 3400 3435 ὑφ’
3446 3360 3520 3421 ὧν
3550 3366 3627 3431 ὡς
3662 3368 3846 3438 μερῶν
3889 3387 4049 3440 περι-

2467 3462 2652 3530 έχεται
2687 3459 2779 3513 καὶ
2808 3459 2886 3522 εὶς
2918 3457 2985 3521 ἃς
3014 3458 3089 3520 ὡς
3121 3458 3260 3527 μέρη
3297 3457 3591 3526 τέμνεσθαι
3620 3458 3843 3513 δύναται
3863 3461 4047 3528 (οὐδὲν

2461 3552 2518 3604 δὲ
2566 3550 2837 3620 διαιρετὸν
2877 3549 2910 3619 ἢ
2943 3549 3139 3618 (171
3170 3549 3234 3616 a)
3278 3548 3677 3617 διαιρούμενον,
3720 3550 3752 3619 ἢ
3790 3551 4049 3605 σύνθετον

2461 3642 2495 3711 ἢ
2530 3641 2929 3711 συντιθέμενον,
2962 3640 3103 3692 κατά
3156 3640 3320 3708 φύσιν
3371 3639 3405 3710 ἢ
3455 3639 3606 3693 θέσιν
3644 3641 3677 3711 ἢ
3733 3641 3897 3696 ἄλλον
3926 3646 4051 3697 τινὰ

2462 3728 2823 3799 ἐπινοηθῆναι
2874 3729 3175 3797 δυνάμενον
3216 3729 3445 3799 τρόπον,
3504 3729 3620 3781 ἀλλ’
3664 3730 3786 3783 οὐδὲ
3832 3733 3978 3801 αὑτὴ
4015 3736 4047 3801 ἠ

2464 3822 2650 3885 ἁπλῶς
2676 3820 2946 3889 λεγομένη
2983 3819 3247 3889 διαίρεσις
3284 3818 3317 3888 ἢ
3355 3819 3626 3882 σύνθεσις,
3655 3820 3886 3890 ἄπειρον
3909 3820 4048 3876 εἶναι

2462 3913 2769 3981 δυνήσεται,
2824 3910 2906 3963 ὅτι
2965 3908 3039 3978 μὴ
3085 3909 3180 3962 καὶ
3231 3908 3437 3962 ἁπλοῦν
3474 3910 3567 3961 καὶ
3607 3910 3791 3978 μόνον,
3834 3910 3931 3965 καὶ
3974 3912 4047 3981 μὴ

2463 4000 2768 4071 ἀριθμητὸν
2813 3999 2845 4068 ἢ
2898 3998 3305 4069 ἀριθμούμενον
3353 3999 3386 4067 ἢ
3436 3999 3964 4070 συναριθμούμενον,
4013 4004 4044 4072 ἢ

2468 4091 2646 4160 πάσης
2686 4089 2874 4152 ἁπλῶς
2926 4087 3213 4158 ἐλεύθερον
3258 4090 3356 4157 τῆς
3397 4089 3721 4158 οἱασδήποτε
3760 4092 4004 4158 σχέσεως
4031 4109 4044 4120 ·

2465 4183 2641 4235 πάντα
2667 4182 2776 4251 γὰρ
2801 4179 2973 4234 ταῦτα
3015 4182 3072 4232 ὲν
3111 4180 3295 4249 σχέσει
3337 4180 3648 4250 θεωρεῖται.
3690 4182 3754 4235 τὸ
3790 4182 3848 4235 δὲ
3889 4184 4049 4237 ἄπειο

2469 4290 2559 4343 ρον
2596 4273 2845 4341 ἄσχετον,
2875 4272 2937 4325 οὐ
2966 4272 3076 4339 γὰρ
3098 4270 3214 4340 ἔχει
3255 4288 3309 4324 τι
3352 4272 3491 4324 κατά
3527 4272 3713 4341 σχέσιν
3762 4276 4050 4343 συνημμὲ-

2463 4382 2553 4417 νον
2577 4362 2947 4432 παντάπασι),
2980 4361 3122 4414 κατά
3140 4360 3406 4431 διαίρεσιν
3432 4362 3488 4413 δὲ
3522 4361 3599 4424 ὡς
3622 4362 3845 4432 ἀριθμῷ
3870 4381 4049 4417 κινου-

2470 4456 2626 4524 μένη,
2677 4455 2734 4517 ἐξ
2786 4448 2956 4523 οὗπερ
3000 4452 3205 4522 ἢρξατό
3229 4470 3289 4505 τε
3338 4452 3433 4505 καὶ
3471 4452 3561 4519 ὑφ’
3604 4446 3665 4504 οὗ
3703 4453 4045 4523 περιέχεται,

2474 4546 2705 4614 ἐπείπερ
2737 4545 2799 4596 οὐ
2823 4543 2981 4612 φύσει
3004 4543 3064 4595 τὸ
3094 4538 3232 4596 εἶναι
3257 4544 3351 4596 καί¹
3383 4544 3609 4613 ἄσχετον
3629 4543 3762 4613 ἔχει.
3804 4544 4048 4615 Ἀριθμῷ

2472 4634 2580 4703 γὰρ
2613 4635 2763 4686 πᾶσα
2806 4632 2937 4694 δυάς
2986 4633 3081 4685 καὶ
3132 4633 3284 4685 πᾶσα
3338 4633 3504 4701 μονὰς
3540 4634 3619 4695 εἰς
3669 4634 3838 4702 μέρος
3881 4634 4049 4703 αὐτῆς

2474 4723 2807 4776 συντελοῦσα
2855 4720 2996 4776 εἶναι
3047 4723 3383 4792 καθέστηκε,
3438 4722 3561 4775 καθ’
3606 4724 3665 4776 ὃν
3699 4725 3953 4792 ἀλλήλων
3997 4727 4048 4777 αἱ

2473 4815 2591 4865 κατ’
2620 4813 2791 4881 αὐτὴν
2836 4811 3086 4883 μονάδες,
3128 4809 3489 4880 ἀφαιροῦνται
3539 4811 3601 4863 τδ
3641 4811 4045 4879 ἀπερίγραφον.

2474 4903 2663 4966 Οὐδεὶς
2697 4903 2755 4955 δὲ
2792 4903 3201 4973 μεμοιραμένος
3225 4903 3321 4955 καὶ
3337 4901 3584 4954 ὁπωσοῦν
3608 4900 3702 4954 τοῦ
3735 4901 4048 4969 λογίζεσθαι

2473 4997 2619 5049 εἴποι
2638 4994 2704 5048 ἂν
2743 4994 2971 5064 ἄπειρον
3000 4989 3140 5047 εἶναι
3174 4988 3219 5062 ᾧ
3271 4992 3331 5058 ἐξ
3362 4994 3535 5046 ἀῖδίου
3567 4992 3963 5062 συνθεωρεῖται
3996 5010 4049 5047 τι

2472 5087 2506 5157 ἢ
2570 5085 3055 5155 συνεπιθεωρεῖται
3115 5084 3238 5136 κατ’
3290 5082 3479 5135 οὐσίαν
3538 5082 3820 5152 διάφορον,
3894 5080 4050 5146 εἰδὼς

2473 5175 2849 5230 διαπεσεῖσθαι
2911 5175 3125 5235 πάντως
3169 5172 3319 5241 αὑτῷ
3370 5172 3464 5225 τὸν
3506 5171 3636 5242 περὶ
3680 5171 3775 5224 τοῦ
3816 5172 4047 5241 ἀπείρου

2472 5269 2632 5336 λόγον
2663 5267 2807 5321 οὓτω
2841 5265 3141 5336 φρονοῦντι.
3180 5264 3253 5317 Τὸ
3279 5264 3390 5336 γὰρ
3428 5265 3657 5335 ἄπειρον
3686 5262 3835 5315 κατά
3869 5263 4047 5317 πάντα

2474 5362 2571 5413 καὶ
2624 5359 2781 5426 λόγον
2828 5361 2924 5411 καὶ
2966 5358 3163 5427 τρόπον
3201 5358 3348 5410 ἐστὶν
3390 5356 3642 5426 ἄπειρον,
3686 5356 3811 5407 κατ’
3838 5355 4045 5417 οὐσίαν,

2474 5450 2617 5504 κατά
2642 5450 2891 5519 δύναμιν,
2924 5450 3045 5503 κατ’
3067 5449 3367 5519 ἐνέργειαν,
3391 5448 3511 5501 κατ’
3533 5447 3700 5516 ἄμφω
3725 5445 3795 5497 τά
3816 5444 4045 5515 πέρατα,

2474 5544 2535 5596 τὸ
2565 5544 2677 5597 ἄνω
2706 5559 2768 5595 τε
2804 5542 2946 5611 λέγω
2986 5542 3077 5594 καὶ
3128 5540 3188 5593 τὸ
3234 5540 3405 5603 κάτω,
3463 5538 3709 5591 τουτέστι
3755 5536 3902 5588 κατὰ
3954 5537 4048 5605 τὴν

2475 5636 2651 5706 ἀρχὴν
2670 5634 2763 5687 καὶ
2789 5634 2849 5685 τὸ
2866 5634 3036 5696 τέλος.
3076 5631 3386 5701 ’Λχώρητον
3409 5630 3519 5699 γὰρ
3548 5628 3689 5681 κατὰ
3718 5628 3818 5697 τὴν
3840 5628 4046 5690 οὔσίαν,

2478 5727 2568 5781 καὶ
2597 5725 2952 5796 ἀπερινὸητον
2996 5722 3135 5777 κατὰ
3178 5721 3275 5793 τὴν
3322 5720 3572 5791 δύναμιν,
3629 5720 3719 5773 καὶ
3758 5718 3905 5772 κατά
3956 5718 4049 5790 τὴν
