4192 6434
182 385 319 453 1185

1416 374 1935 436 AMBIGUORUM
1976 377 2224 435 LIBER.

3285 374 3420 440 1-135

179 499 464 567 ἐνέργειαν
510 493 907 565 ἀπερίγραιξον,
963 489 1059 542 καὶ
1109 488 1342 558 ἄναρχον
1387 487 1613 546 ἄνωθεν,
1656 484 1751 536 καὶ

1858 485 2094 538 cundum
2126 500 2343 539 onmem
2378 494 2485 540 tam
2530 488 2798 543 rationem
2848 502 3014 556 quam
3054 486 3273 540 modum
3330 490 3417 542 in-

176 587 545 654 ἀτελεύτητον
588 581 834 636 κάτωθέν
864 582 980 632 ὲστι
1022 577 1085 629 τὸ
1120 577 1369 641 ἄπειρον,
1422 576 1516 628 καὶ
1560 574 1748 634 ἁπλῶς

177 680 363 731 εἰπεῖν
385 674 769 744 ἀληθέστερον,
817 668 961 723 κατά
988 668 1165 721 πάντα
1193 666 1464 735 ἀόριστον,
1493 663 1570 726 ὡς
1600 663 1751 715 οὐδε-

178 769 270 830 νὸς
296 768 360 820 τδ
389 765 652 833 παράπαν
677 762 801 815 καθ’
832 762 930 813 ἕνα
972 758 1081 812 τῶν
1119 755 1593 828 ἀπηριθμημένων
1624 755 1751 824 τρό-

181 877 303 913 πων
331 857 509 926 (1⁵11
530 854 605 925 b.)
625 851 1081 922 συνεπινοηθῆναι
1104 847 1251 918 αὐτῷ
1267 847 1594 916 δυναμένου.
1614 845 1753 898 Καθ’

174 950 242 1003 ὃν
260 948 372 1019 γάρ
397 947 461 1001 ἂν
494 947 746 1015 εἴποιμεν
774 944 931 1012 λόγον
955 941 1204 1012 ἢτρόπον
1231 937 1551 992 δύνασθαίτι
1570 937 1756 1006 ἕτερον

176 1040 334 1108 αὐτῷ
361 1035 477 1090 κατ’
509 1035 696 1088 οὐσίαν
733 1034 988 1104 διάφορον
1019 1028 1484 1099 παραϐάλλεσθαι,
1513 1028 1605 1080 τὸν
1633 1028 1753 1079 ὅλον

177 1126 282 1193 τῆς
316 1124 444 1191 ὅλης
473 1120 727 1190 ἀπειρίας
767 1118 917 1188 αὐτῷ
948 1116 1425 1188 συναφαιρούμεθα
1469 1116 1643 1183 λόγον.
1690 1116 1753 1167 Εἰ

177 1213 239 1267 δὲ
264 1214 491 1285 ἄπειρόν
520 1229 576 1265 τι
600 1208 738 1264 εἶναι
778 1212 839 1263 οὐ
866 1210 1087 1263 δύναται
1116 1203 1161 1277 ᾧ
1187 1209 1246 1273 ἐξ
1275 1209 1445 1261 ἀϊδίου
1477 1206 1753 1276 συνυπάρο

176 1322 265 1375 χει
321 1304 506 1375 ἕτερόν
549 1320 602 1356 τι
647 1302 767 1356 κατ’
809 1301 1001 1355 οὐσίαν
1056 1300 1331 1371 διάφορον,
1359 1297 1582 1368 ἄπειρον
1617 1294 1753 1350 εἶναι

176 1393 436 1463 οὐδαμῶς
466 1392 739 1460 ἐνδέχεται
770 1390 959 1443 δυάδα.
991 1390 1058 1443 Δί
1090 1390 1199 1458 γάρ
1232 1387 1351 1441 κατ’
1386 1388 1557 1458 αὐτὴν
1588 1387 1755 1458 μονά-

174 1485 269 1546 δες
310 1483 565 1552 ἀλλήλαις
597 1483 739 1535 κατὰ
772 1480 1074 1552 παράθεσιν
1110 1482 1549 1550 συνυπάρχουσαι
1591 1480 1756 1549 ἀλλή-

174 1569 282 1633 λας
323 1568 622 1639 ὁρίζουσιν,
650 1569 943 1640 οὐδετέρας
976 1570 1075 1640 τὴν
1101 1569 1294 1639 ἑτέραν
1328 1570 1596 1639 ἀορίστως
1626 1570 1755 1637 ὁρᾶ-

176 1658 310 1711 σθαι
344 1657 756 1729 συγχωρούσης,
775 1659 1210 1729 παρακειμένην,
1230 1657 1344 1711 ἀλλ’
1363 1659 1459 1727 οὐχ
1489 1656 1755 1726 ὑπερϐαί-

174 1767 378 1803 νουσαν
401 1749 651 1820 ἐχούσης,
671 1750 873 1803 καὶτὸν
890 1749 989 1816 τῆς
1006 1749 1259 1821 ἀπειρίας
1273 1749 1496 1812 εἰκότως
1512 1748 1753 1818 ἀλλήλων

1855 576 2068 628 ﬁnitum
2120 585 2224 638 est,
2259 576 2562 630 secundum
2607 579 2928 639 essentiam,
2977 576 3280 630 secundum
3317 592 3419 644 po-

1852 674 2129 727 testatem,
2150 669 2452 722 secundum
2472 668 2770 733 actionem,
2801 668 3103 723 secundum
3125 678 3421 735 utrumque

1852 758 2174 821 terminum,
2231 762 2613 829 superiorem,
2668 759 2911 829 inquam,
2967 767 3025 814 et
3079 758 3418 819 inferiorem,

1852 849 1958 903 hoc
1987 859 2074 904 est
2102 852 2404 904 secundum
2436 852 2654 906 initium
2677 861 2736 906 et
2763 851 2949 905 ﬁnem.
2978 850 3419 919 lmperceptibile

1853 944 2000 997 enim
2033 944 2338 999 secundum
2394 947 2689 999 essentiam
2727 953 2783 1000 et
2832 944 3163 1013 cogitatione
3195 944 3422 996 imcom-

1854 1034 2229 1101 prehensibile
2280 1035 2582 1088 secundum
2626 1042 2956 1104 potestatem
3004 1042 3061 1086 et
3118 1030 3419 1085 secundum

1852 1122 2124 1175 actionem
2153 1123 2719 1191 ineircumscriptum,
2772 1132 2829 1189 et
2857 1121 2977 1176 sine
3034 1120 3305 1189 principio
3329 1134 3422 1171 su-

1854 1226 1972 1281 pra,
2026 1222 2082 1266 et
2116 1213 2235 1267 sine
2265 1214 2373 1266 ﬁne
2424 1213 2565 1267 infra
2620 1221 2707 1267 est
2766 1212 3043 1266 inﬁnitum
3079 1210 3235 1273 illud,
3275 1216 3330 1262 ct
3364 1218 3425 1263 ut

1854 1300 2177 1369 simpliciter
2207 1303 2396 1356 verius
2425 1302 2627 1366 dicam,
2662 1317 2729 1356 ex
2755 1302 3012 1355 omnibus
3041 1300 3292 1369 partibus
3337 1299 3424 1352 in-

1854 1388 2228 1451 terminatum,
2262 1406 2388 1444 cum
2421 1390 2558 1443 nihil
2615 1390 2842 1442 omnino
2899 1388 3201 1441 secundum
3255 1402 3425 1440 unum

1853 1494 2044 1534 eorum
2078 1496 2218 1549 quos
2255 1470 2509 1536 recensui
2537 1482 2823 1534 modorum
2856 1495 2963 1533 una
2995 1496 3119 1533 cum
3178 1494 3244 1532 eo
3275 1477 3425 1548 cogi-

1858 1573 1961 1625 tari
1992 1574 2185 1641 possit.
2215 1574 2550 1642 Quacunque
2584 1574 2733 1627 enim
2764 1574 2977 1625 ratione
3008 1571 3091 1624 vel
3130 1570 3293 1623 modo
3348 1570 3429 1623 al-

1857 1672 2036 1718 terum
2092 1663 2225 1731 quid
2279 1665 2518 1717 essentia
2574 1680 2672 1717 sua
2726 1664 3007 1717 diversum
3056 1661 3106 1713 ei
3164 1659 3425 1729 applicari

1856 1769 2016 1822 posse
2072 1756 2452 1818 statuerimus,
2508 1764 2619 1808 tota
2652 1756 2821 1808 totius
2878 1754 3169 1807 inﬁnitatis
3216 1750 3425 1802 ratione

176 1840 640 1909 συναφαιροῧνται
680 1840 940 1909 λόγον.Εί
981 1841 1038 1894 δὲ
1081 1840 1328 1911 ἄπειρον,
1369 1840 1443 1904 ὡς
1459 1840 1745 1904 δέδεικται,

1864 1845 2041 1914 ipsum
2079 1847 2438 1915 privabinms.
2467 1844 2624 1911 Quod
2654 1846 2698 1900 si
2736 1844 3012 1899 inﬁnitum
3044 1840 3250 1910 aliquid
3307 1854 3431 1893 esse

178 1930 259 2001 μὴ
278 1930 552 2000 ἐνδέχεται
569 1928 714 1985 εἶναι
728 1931 917 1997 δυάδα,
932 1929 1055 1985 οὔτε
1071 1931 1303 2002 ἄναρχον
1332 1930 1595 1999 δηλονότι,
1610 1933 1754 2001 ἀρχὴ

172 2021 294 2091 γάρ
324 2022 503 2092 πάσης
528 2021 718 2085 δυάδος
761 2022 928 2092 μονάς
958 2039 974 2053 ·
1030 2024 1080 2076 εί
1126 2024 1183 2076 δὲ
1230 2026 1304 2095 μὴ
1337 2023 1569 2093 ἄναρχον
1634 2021 1754 2074 οὐδὲ

177 2110 463 2181 ἀκίνητον,
506 2111 744 2162 κινεῖται
791 2111 899 2180 γάρ
925 2108 1001 2179 τῷ
1023 2109 1242 2181 ἀριθμῷ
1274 2112 1338 2162 ὲκ
1368 2108 1609 2179 μονάδων
1637 2106 1753 2159 κατ’

178 2202 396 2262 ἕνωσιν,
418 2202 513 2251 καὶ
535 2200 614 2261 είς
640 2198 782 2251 αὐτά
809 2198 950 2251 κατὰ
985 2199 1251 2269 διαίρεσιν
1282 2198 1343 2251 τὸ
1377 2194 1514 2250 εἶναι
1539 2195 1753 2265 λαμϐά-

179 2306 349 2343 νουσα
382 2305 397 2319 °
422 2291 471 2342 εἰ
498 2288 554 2342 δὲ
582 2288 656 2359 μὴ
682 2287 959 2357 ἀκίνητον,
1007 2288 1129 2341 οὐδὲ
1170 2287 1332 2342 ἄλλου
1382 2287 1527 2349 τινος
1577 2285 1753 2357 ἀρχὴν

181 2374 343 2433 εῖναι.
367 2378 441 2431 Τὸ
472 2377 581 2450 γάρ
615 2378 933 2453 κινούμενον
965 2377 1065 2431 οὐκ
1100 2378 1266 2448 ἀρχὴ,
1302 2376 1420 2429 ἀλλ’
1455 2375 1513 2442 ἐξ
1555 2376 1751 2445 ἀρῂς,

177 2468 381 2539 δηλαδὴ
408 2468 505 2522 τοῦ
539 2468 832 2530 κινοῦντος.
869 2467 1053 2531 Μονὰς
1077 2466 1135 2520 δὲ
1168 2467 1305 2538 μόνη
1329 2466 1533 2537 κυρίως
1559 2467 1750 2533 ἀκίνη-

174 2576 295 2623 τος,
325 2560 407 2612 ὅτι
440 2559 579 2628 μήτε
603 2558 831 2628 ἀριθμός
855 2560 996 2623 ἂστι,
1030 2558 1169 2628 μήτε
1201 2556 1505 2628 ἀριθμητὸν
1537 2556 1569 2626 ἢ
1596 2555 1751 2625 ἀριθ-

178 2650 456 2721 μούμενον
517 2647 661 2719 (οὔτε
689 2662 799 2719 γαρ
833 2648 999 2720 μέρος
1025 2648 1058 2718 ἢ
1088 2647 1210 2701 ὅλον
1249 2647 1284 2717 ἢ
1330 2647 1511 2716 σχέσις
1541 2646 1687 2696 ἐστὶν
1719 2645 1753 2712 ἡ

181 2741 398 2809 μονάς),
430 2738 524 2794 καὶ
557 2738 762 2809 κυρίως
790 2739 1024 2808 ἄναρχος
1053 2738 1095 2802 ⁸,
1122 2737 1206 2790 ὅτι
1230 2736 1528 2807 μηδέτερον
1557 2732 1755 2800 ἑαυτῆς

176 2829 300 2901 ἔχει
351 2826 744 2898 πρεσϐύτερον,
774 2826 833 2891 ἐξ
868 2820 930 2881 οὐ
956 2824 1251 2895 κινουμένη
1280 2823 1496 2893 δέχεται
1525 2821 1587 2874 τὸ
1615 2815 1754 2872 εἶναι

183 2918 377 2989 μονὰς,
402 2917 497 2971 καὶ
520 2917 747 2989 ἄπειρον
772 2916 999 2987 κυρίως,
1031 2916 1111 2969 ὅτι
1141 2914 1305 2984 μηδὲν
1333 2913 1447 2982 ἔχει
1479 2912 1755 2980 συνυπάρ-

179 3024 282 3079 χον
326 3007 360 3077 ῆ
392 3005 915 3076 συναριθμούμενον,
943 3006 1038 3057 καὶ
1075 3005 1219 3074 ἀρχὴ
1248 3002 1475 3072 κυρίως,
1506 3004 1585 3053 ὅτι
1619 3018 1755 3052 παν-

180 3096 278 3160 τὸς
300 3098 396 3150 καὶ
423 3095 661 3167 ἀριθμοῦ
690 3096 787 3149 καὶ
842 3093 1248 3165 ἀριθμουμένου
1301 3093 1395 3145 καὶ
1448 3087 1754 3162 ἀριθμητοῦ

183 3189 337 3242 αἰτία
405 3190 660 3258 τυγχάνει
678 3228 694 3252 ,
746 3188 820 3249 ὡς
887 3187 1067 3257 πάσης
1108 3185 1345 3255 σχέσεως
1407 3185 1501 3236 καὶ
1561 3183 1759 3245 παντὸς

186 3280 390 3350 μέρους
415 3280 506 3332 καὶ
530 3278 651 3331 ὅλου
676 3278 1008 3349 ἐξῃρημένη,
1036 3278 1132 3331 καὶ
1160 3277 1363 3346 κυρίως
1393 3275 1487 3327 καὶ⁸
1511 3273 1750 3343 άληθῶς,

183 3370 373 3440 (172
402 3370 457 3439 α)
497 3368 730 3439 πρώτως
755 3367 775 3397 ⁸
813 3382 873 3418 τε
917 3366 1012 3419 και
1042 3365 1217 3435 μόνως
1246 3364 1343 3418 καὶ
1381 3362 1586 3425 ἁπλῶς,
1635 3361 1751 3415 ἀλλ’

180 3461 391 3524 οὔπως,
427 3457 621 3530 πρώτη
651 3476 711 3511 τε
760 3457 928 3528 μονὰς
964 3457 1284 3527 ὑπάρχουσα
1322 3456 1417 3509 καὶ
1461 3454 1618 3525 μόνη.
1649 3454 1762 3507 Καὶ

181 3550 346 3606 τοῦτο
393 3549 645 3619 λέγοντες
684 3549 786 3603 οὐκ
824 3548 991 3619 αὐτὴν
1018 3547 1093 3611 ὼς
1130 3546 1247 3600 ἐστι
1283 3545 1621 3617 σημαίνομεν
1664 3544 1761 3615 τὴν

187 3643 466 3715 μακαρίαν
486 3642 733 3713 θεότητα,
757 3642 1001 3713 ἀπείρως
1016 3640 1160 3695 κατὰ
1179 3641 1353 3694 πάντα
1376 3640 1471 3692 καὶ
1488 3638 1646 3708 λόγον
1670 3639 1762 3692 καὶ
1783 3632 1789 3638 ’

184 3731 390 3801 τρόπον
416 3730 509 3784 καὶ
531 3728 605 3800 νῷ
635 3730 728 3783 καὶ
760 3729 903 3800 λόγῳ
939 3729 1105 3783 παντὶ
1131 3729 1229 3783 καὶ
1269 3729 1492 3798 ὀνόματι
1535 3729 1764 3797 ἀπρόσι-

184 3838 282 3874 τον
315 3820 481 3876 οὒσαν
508 3819 789 3884 παντελῶς
822 3821 919 3873 καὶ
961 3820 1437 3890 ἀπροσπέλαστον,
1477 3820 1592 3873 ἀλλ’
1632 3821 1763 3872 ἑαυ-

185 3912 302 3973 τοῖς
322 3910 452 3980 ὅρον
484 3909 585 3979 τῆς
609 3910 690 3974 είς
718 3910 890 3981 αὐτὴν
918 3910 1157 3973 πίστεως
1183 3909 1499 3981 παρέχομεν
1531 3908 1762 3980 βάσιμον

188 4003 290 4056 καὶ
323 4003 453 4072 ἡμῖν
480 4002 702 4072 ἐφικτόν
731 4019 793 4056 τε
821 4001 916 4056 καὶ
936 4002 1269 4073 πρόσφορον.
1303 4000 1380 4056 Οὐ
1411 4000 1521 4071 γάρ
1549 4000 1625 4062 ὡς
1656 4018 1762 4053 πα-

191 4089 519 4160 ραστατικὸν
546 4089 761 4153 πάντως
786 4089 966 4154 τοῦτο,
989 4088 1135 4159 φημὶ
1178 4089 1237 4142 δὲ
1283 4087 1344 4140 τὸ
1388 4088 1488 4158 τῆς
1538 4088 1764 4157 μονάδος

188 4178 385 4249 ὅνομα,
416 4178 518 4248 τῆς
548 4176 699 4243 θείας
727 4180 820 4232 καί
848 4180 1127 4249 μακαρίας
1150 4178 1388 4243 οὐσίαςὸ
1411 4176 1551 4241 θεῖος
1577 4178 1764 4246 διαγο-

195 4269 346 4340 ρεύει
378 4269 556 4339 λόγος,
589 4269 706 4324 ἀλλ’
737 4270 812 4334 ὡς
839 4270 1169 4324 ἐνδεικτικὸν
1196 4269 1296 4340 τῆς
1338 4268 1636 4334 παντελοῦς
1666 4270 1763 4322 αὐ-

189 4361 295 4432 τῆς
326 4359 629 4432 ἁπλότητος
655 4361 758 4431 τῆς
804 4361 1064 4415 ἐπέκεινα
1116 4361 1301 4432 πάσης
1356 4361 1653 4430 ποσότητός
1704 4378 1763 4412 τε

1860 1953 1969 1992 non
1998 1947 2180 2007 potest
2206 1952 2335 1991 eum
2360 1952 2475 2004 quo
2512 1952 2580 1989 ex
2603 1946 2808 1989 aeterno
2834 1934 3067 1988 alterum
3096 1932 3227 2000 quid
3265 1931 3429 1984 simul

1858 2038 2041 2083 exstet
2098 2028 2344 2084 essentia
2379 2026 2683 2087 diversum,
2728 2024 3011 2078 binitatem
3066 2037 3187 2074 esse
3246 2021 3433 2073 inﬁni-

1863 2131 1970 2175 tam
2006 2119 2433 2187 haudquaquam
2460 2117 2627 2186 capit.
2656 2115 2824 2185 Cujus
2870 2112 3136 2165 monatles
3181 2111 3416 2163 invicem

1860 2210 1965 2264 sibi
2020 2210 2288 2278 appositae
2333 2222 2459 2262 cum
2514 2206 2677 2260 simul
2723 2210 2960 2264 exstent,
3015 2200 3253 2254 invicem
3311 2213 3430 2253 sese

1860 2299 2257 2360 determinant.
2298 2307 2354 2353 et
2386 2299 2557 2352 altera
2586 2296 2815 2349 alteram
2848 2292 3197 2346 interminate
3251 2289 3432 2344 videri

1860 2391 2134 2459 prohibet,
2166 2389 2475 2459 appositam
2530 2384 2754 2455 quidem
2805 2381 2934 2445 sibi,
2985 2380 3080 2433 sed
3131 2393 3241 2431 non
3270 2392 3434 2445 supe-

1859 2490 2072 2537 rantem
2100 2482 2329 2545 habens,
2360 2479 2609 2546 adeoque
2638 2473 2900 2529 videlicet
2958 2470 3250 2526 inﬁnitatis
3307 2485 3431 2525 sese

1860 2574 2094 2628 invicem
2127 2572 2338 2626 ratione
2367 2569 2629 2638 spoliant.
2651 2566 2771 2621 Jam
2801 2565 2869 2629 si,
2916 2572 2978 2618 ut
3031 2562 3431 2626 demonstravi,

1861 2663 2128 2717 inﬁnitam
2159 2676 2281 2715 esse
2304 2660 2592 2713 binitatem
2624 2656 2769 2711 haud
2798 2656 2965 2725 capit,
3005 2671 3107 2709 nec
3151 2655 3309 2708 initio
3338 2670 3433 2709 ea-

1863 2768 1983 2807 rere
2019 2753 2189 2820 capit,
2212 2766 2337 2805 cum
2368 2750 2585 2804 initium
2615 2750 2796 2803 omnis
2824 2747 3076 2802 binitatis
3105 2747 3176 2800 sit
3204 2762 3429 2810 monas;

1861 2844 1907 2897 si
1937 2859 2071 2898 vero
2104 2844 2264 2896 initio
2310 2856 2422 2895 non
2472 2847 2645 2904 caret,
2701 2855 2805 2892 nec
2829 2839 3074 2892 motione
3105 2846 3277 2900 caret,
3306 2852 3432 2890 cum

1808 2962 1817 2971 -
1861 2949 2096 2988 numero
2126 2941 2414 2987 moveatur
2434 2946 2504 2985 ex
2527 2929 2856 2985 monadibus
2881 2942 2979 2997 per
3011 2926 3431 2989 adunationeni,

1860 3034 1919 3078 et
1962 3024 2019 3077 in
2068 3039 2161 3077 eas
2212 3024 2518 3079 secundum
2576 3022 3003 3092 dlsjunctionem
3054 3019 3433 3073 exsistentiam

1865 3113 2216 3178 transducat;
2274 3114 2321 3168 si
2352 3128 2488 3167 vero
2529 3128 2638 3166 non
2671 3111 2914 3166 motione
2945 3118 3115 3171 caret,
3166 3123 3271 3163 nec
3298 3108 3437 3161 alte-

1865 3206 1984 3259 rius
2012 3205 2246 3273 alicujus
2271 3204 2488 3258 initium
2520 3218 2643 3259 esse
2674 3210 2875 3272 potest.
2932 3199 3088 3267 Quod
3118 3198 3266 3253 enim
3316 3214 3437 3254 mo-

1867 3306 2029 3350 vetur
2057 3296 2276 3349 initium
2297 3311 2406 3349 non
2435 3304 2539 3359 est,
2564 3295 2662 3349 sed
2692 3309 2761 3349 ex
2784 3292 2966 3354 initio,
3000 3290 3261 3345 videlicet
3315 3292 3438 3359 ejus

1865 3384 2017 3455 quod
2046 3394 2253 3439 movet.
2285 3385 2471 3439 Menas
2497 3393 2681 3439 autem
2713 3383 2829 3437 sola
2868 3378 3170 3434 immobilis
3192 3384 3277 3431 est
3310 3393 3439 3446 pro-

1864 3478 2007 3547 prie,
2029 3477 2154 3546 quia
2185 3492 2363 3547 neque
2392 3491 2659 3531 numerus
2685 3482 2770 3530 est
2792 3514 2809 3535 ,
2840 3486 3021 3540 neque
3050 3468 3435 3531 numerabilis.

1867 3581 2049 3635 neque
2102 3576 2390 3621 numerata
2444 3567 2646 3637 (neque
2674 3564 2821 3619 enim
2851 3575 2979 3631 pars
3006 3568 3101 3613 aut
3134 3567 3309 3612 totum
3340 3568 3439 3612 aut.

1868 3658 2066 3714 relatio
2093 3668 2181 3713 est
2218 3657 2454 3729 monas),
2513 3666 2571 3713 et
2597 3654 2821 3725 proprie
2864 3652 3026 3706 initio
3062 3666 3276 3715 carens,
3308 3653 3438 3718 quia

1864 3747 2108 3801 alterum
2163 3762 2222 3801 se
2249 3747 2534 3816 antiquius
2581 3760 2692 3798 non
2718 3742 2904 3803 habet,
2931 3741 3077 3795 unde
3102 3755 3293 3794 monas
3316 3754 3439 3794 esse

1870 3837 2127 3906 accipiat,
2158 3846 2216 3895 et
2238 3836 2451 3892 inﬁnita
2476 3836 2726 3904 proprie,
2758 3832 2895 3885 nihil
2924 3831 3135 3885 habens
3163 3828 3311 3898 quod
3351 3844 3442 3883 se-

1869 3943 1994 3984 cum
2041 3928 2208 3984 simul
2258 3937 2438 3982 exstet
2462 3926 2552 3981 vel
2583 3924 2747 3979 simul
2799 3930 3114 3985 censeatur,
3132 3928 3190 3976 et
3219 3920 3438 3975 initium

1869 4020 2115 4089 proprie,
2142 4020 2272 4091 quia
2300 4019 2481 4076 omnis
2510 4027 2622 4075 tam
2645 4014 3047 4086 ωωιωὶιετιηιη
3077 4018 3439 4073 numerabiiis

1868 4117 1923 4163 et
1968 4111 2242 4165 numerati
2288 4125 2455 4164 causa
2495 4118 2600 4171 est,
2649 4117 2712 4162 ut
2749 4123 2870 4177 qua:
2897 4109 3050 4161 omni
3086 4108 3354 4162 relatione
3381 4116 3441 4164 et

1867 4199 2019 4253 omni
2049 4208 2203 4267 parte
2237 4207 2295 4252 et
2325 4206 2440 4252 tcto
2463 4198 2677 4268 privata
2700 4206 2805 4260 est,
2829 4206 2885 4251 et
2931 4198 3157 4267 proprie
3187 4213 3252 4252 ac
3280 4213 3435 4255 vere.

1870 4291 2130 4360 primarie
2156 4297 2321 4359 atque
2343 4290 2519 4343 solum
2548 4288 2964 4358 etsimpliciter,
2994 4288 3091 4344 sed
3108 4290 3258 4343 nullo
3274 4288 3438 4344 modo

1869 4380 2087 4443 aﬂecta,
2106 4379 2279 4448 prima
2308 4387 2365 4434 et
2392 4379 2507 4432 sola
2536 4387 2715 4433 exstat
2743 4387 2801 4433 et
2830 4394 3040 4432 monas.
3065 4378 3221 4443 Quod
3250 4378 3436 4433 dicen~

194 4450 291 4507 καὶ
346 4453 655 4524 ποιότητος,
702 4452 797 4505 καὶ
851 4452 952 4522 τῆς
999 4452 1320 4522 οίασδήποτε
1376 4450 1633 4521 σχέσεως,
1677 4452 1756 4504 ἵνα

1872 4481 1955 4528 tes
1983 4486 2094 4525 non
2116 4484 2245 4523 eam
2276 4476 2337 4522 ut
2363 4478 2449 4523 est
2482 4467 2853 4538 signiﬁcamus
2881 4468 3096 4523 beatam
3152 4470 3436 4533 deitatem,

191 4543 411 4614 γνῶμεν
462 4544 544 4600 δτι
595 4544 672 4617 μὴ
725 4544 847 4600 ὅλον
900 4543 955 4597 τί
1001 4545 1149 4597 ἑστιν
1175 4542 1251 4607 ὡς
1270 4544 1334 4597 ὲκ
1370 4542 1554 4615 μερῶν
1583 4560 1756 4605 ’τινων1

1874 4561 2090 4617 inﬁnite
2110 4559 2411 4615 secundum
2436 4574 2655 4613 omnem
2703 4568 2759 4614 et
2792 4560 3062 4614 rationem
3108 4569 3165 4615 et
3212 4561 3436 4615 modum

196 4636 334 4708 μηδέ
351 4654 403 4690 τι
430 4635 596 4707 μέρος
613 4636 762 4690 ἔστὶν
782 4635 841 4703 ἐξ
863 4638 984 4690 ὅλου
1003 4635 1170 4699 τινός.
1204 4634 1493 4706 ’Υπεράνω
1521 4633 1628 4705 γάρ
1664 4636 1756 4689 πά-

1874 4662 1984 4707 tam
2008 4650 2178 4706 menti
2239 4665 2405 4720 quam
2448 4649 2646 4703 rationi
2704 4649 2853 4703 omni
2882 4660 2939 4704 et
2966 4650 3233 4704 vocabulo
3277 4651 3438 4719 plane

193 4743 298 4794 σης
316 4726 633 4796 διαιρέσεώς
646 4742 705 4779 τε
723 4726 818 4780 καὶ
839 4726 1140 4801 συνθέσεως
1157 4725 1253 4778 καὶ
1264 4726 1465 4799 μέρους
1482 4724 1578 4778 καὶ
1593 4725 1712 4778 ὅλου
1732 4726 1756 4794 ἡ

1866 4743 2141 4799 diﬂicilem
2168 4750 2335 4810 atque
2384 4741 2845 4804 inaccessibilem,
2879 4740 2975 4795 sed
3006 4742 3285 4795 nobismet
3308 4742 3447 4811 ipsis

214 4815 430 4885 θεότης,
448 4816 529 4868 ὅτι
545 4815 770 4883 ἄποσον,
789 4817 883 4869 καὶ
899 4816 1080 4885 πάσης
1107 4816 1207 4886 τῆς
1234 4816 1376 4869 κατά
1406 4814 1557 4868 θέσιν
1591 4815 1756 4885 ὐπάρ·

1868 4836 2101 4891 limitem
2133 4833 2259 4887 ﬁdei
2290 4834 2345 4888 in
2379 4847 2499 4887 eam
2524 4832 2803 4895 stabilem,
2835 4832 3105 4901 nobisque
3139 4843 3327 4901 aptum
3361 4843 3446 4885 a1-

197 4907 333 4972 ξεως
354 4908 557 4978 καὶτῆς
570 4908 687 4972 πῶς
702 4903 841 4962 εἶναι
859 4908 1027 4979 αὐτὴν
1041 4907 1365 4979 ὁριζομένης
1382 4906 1588 4970 ἑννοίας
1611 4907 1756 4975 ἀπῳ-

1869 4940 1977 4995 que
2035 4907 2292 4977 idoneum
2349 4931 2693 4992 praestamus.
2741 4922 2929 4991 Neque
2960 4922 3106 4976 enim
3154 4929 3214 4975 ut
3244 4937 3445 4991 reprae-

197 4998 456 5068 κισμένη,
472 4999 553 5051 ὅτι
567 4999 782 5064 ἄποιον,
798 4999 893 5053 καὶ
910 4999 1012 5068 τῆς
1029 4999 1165 5067 πρὸς
1182 4997 1309 5051 ἄλλο
1326 4998 1433 5050 πάν
1449 4998 1627 5066 πάσης
1643 5015 1756 5049 συν-

1872 5018 2204 5074 sentativum
2230 5016 2357 5079 hoc,
2390 5015 2663 5078 monadis,
2697 5015 2943 5085 inquam,
2973 5031 3196 5075 nomen,
3245 5014 3447 5065 divinre

197 5090 394 5157 αφείας
414 5107 473 5142 τε
488 5090 583 5143 καὶ
600 5090 932 5159 οἰκειότητος
948 5089 1208 5159 ἐλευθέρα
1235 5092 1329 5141 καὶ
1360 5088 1580 5157 ἄφετος,
1612 5088 1756 5158 ἄσχε-

1871 5116 1928 5163 et
1950 5108 2120 5162 beata:
2147 5106 2403 5161 essentia:
2432 5106 2654 5159 divinus
2676 5110 3070 5158 commemorat
3112 5117 3314 5164 sermo,
3343 5101 3441 5155 εει]

195 5197 292 5233 τον
310 5179 514 5251 γάρ,τὸ
532 5181 637 5251 πρὸ
660 5182 831 5251 αὐτῆς
848 5181 881 5250 ἢ
897 5181 1013 5251 μετ’
1033 5180 1248 5250 αὐτῆςῆ
1272 5179 1389 5249 μετ’
1409 5179 1578 5248 αὐτὴν
1600 5179 1699 5231 οὐκ
1726 5179 1756 5230 ἐ·

1872 5199 1939 5253 ad
1963 5195 2373 5252 monstrandam
2404 5196 2699 5263 perfectam
2722 5193 2842 5259 ejus
2872 5191 3299 5259 simplicitatem,
3323 5205 3444 5257 qua:

198 5272 489 5341 χουσα,ὼς
521 5274 740 5327 πάντων
760 5275 779 5305 ⁷
817 5273 1098 5339 ἐπέκεινα,
1129 5271 1225 5325 καὶ
1253 5270 1441 5341 μηδενὶ
1464 5270 1574 5324 τῶν
1606 5270 1756 5323 ὅντωι

1876 5303 2093 5342 omnem
2146 5285 2511 5353 quantitatem
2562 5290 2618 5336 et
2647 5282 2967 5351 qualitatem
3006 5289 3062 5334 ct
3120 5281 3441 5333 relationem

1493 5426 1729 5482 VARIE
1774 5422 2174 5480 LECTIONES.

279 5550 302 5620 ξ
331 5550 562 5620 ἄναρχον
588 5550 711 5605 cod.
737 5549 877 5605 Gud.
908 5564 986 5603 m.
1011 5564 1097 5618 pr.
1194 5549 1215 5578 ⁸
1245 5546 1375 5620 Inde
1400 5545 1468 5599 ab
1510 5545 1615 5620 hoc
1654 5543 1793 5620 folio.
1832 5556 2003 5609 usque
2057 5537 2120 5592 ad
2157 5537 2250 5591 fol.
2278 5536 2426 5620 32$,
2458 5535 2512 5587 in
2541 5534 2842 5620 eod._Gud:
2879 5532 3439 5620 exstant_scliolia,‘at

203 5602 532 5683 eadem,'tfti
562 5602 816 5681 videtur:
832 5602 1081 5674 nianu'in
1116 5617 1362 5687 margine
1398 5614 1654 5687 ascripta.
1698 5612 1868 5670 Doleo
1904 5602 1988 5664 me
2012 5624 2079 5687 eo
2124 5623 2243 5687 quo
2278 5604 2645 5687 libri_copia‘m
2682 5606 2948 5687 habebam
2977 5614 3222 5687 tempore
3252 5602 3443 5680 oculo-

208 5670 681 5743 ἱᾶὦὲίιέῶάῖὶῐέ
698 5670 1575 5759 ρτὸιι-ἱᾙίίυιιῖίυίεεου(μιοωίωὴ
1602 5699 1666 5738 ea
1702 5696 1942 5752 quoque,
1975 5670 2342 5731 minutissima
2381 5670 2697 5732 charactere
2740 5682 2977 5737 exarata,
3006 5672 3139 5726 mihi
3176 5670 3443 5725 transcri-

209 5759 415 5813 berem.
498 5760 516 5789 ⁷
534 5756 751 5823 πάντως
780 5759 942 5813 habet
970 5756 1359 5828 apographum.
