4192 6434
792 390 925 458 1187

1954 390 2016 447 S.
2056 386 2347 447 MAXIMI
2385 386 2894 448 CONFESSORIS

3906 396 4045 463 1188

786 500 1021 567 excedit,
1047 508 1106 554 ut
1138 515 1314 569 neque
1352 506 1526 554 totum
1561 494 1770 564 aliquid
1804 494 1955 548 velut
1979 508 2047 547 ex
2098 493 2353 562 partibus

2459 494 2577 547 κατ⁹
2612 495 2800 548 οὐδένα
2838 495 3047 564 λόγονῆ
3069 497 3269 566 τρόπον
3297 502 3728 573 συντεταγμένη.
3753 504 3867 559 Καὶ
3884 506 4045 559 τοῦτο

718 582 729 591 ’
787 590 1065 660 aliquibus
1086 605 1265 659 neque
1298 597 1507 658 partem
1526 588 1765 656 aliquam
1801 600 1867 639 ex
1888 594 2002 638 toto
2034 586 2221 653 aliquo
2240 598 2361 638 esse

785 694 907 732 eam
930 678 1448 733 animadvertamus.
1477 677 1572 730 Est
1591 675 1737 730 enim
1753 671 2194 741 deitassuperior
2212 670 2360 724 omni

788 772 1154 841 disjunctione
1172 778 1230 823 et
1256 768 1643 839 conjunctione
1675 774 1732 819 et
1750 772 1903 833 parte
1920 772 1976 816 et
2003 771 2139 827 toto,
2173 770 2363 830 utpote

787 876 910 932 quae
922 869 1072 914 extra
1086 859 1447 928 quantitatem
1470 871 1688 911 omnem
1705 864 1811 918 εει,
1829 864 1883 907 ει
1900 853 2089 922 procul
2114 853 2183 905 ab
2208 853 2360 907 omni

787 952 1021 1021 positiva
1036 950 1304 1004 exstantia
1330 958 1386 1003 et
1409 948 1690 1003 intellectu
1710 960 1830 1000 eam
1854 946 2041 1013 aliquo
2060 943 2223 997 modo
2239 958 2362 997 esse

787 1041 1110 1103 deﬁniente,
1144 1051 1331 1109 utpote
1356 1054 1478 1108 quae
1500 1039 1619 1093 sine
1645 1038 1911 1107 qualitate
1940 1044 2045 1099 est,
2100 1044 2158 1089 et
2208 1036 2360 1090 omni

786 1135 856 1188 ad
896 1133 1132 1203 quodvis
1162 1135 1397 1186 alterum
1425 1146 1643 1186 annexu
1667 1130 1837 1184 libera
1862 1138 2027 1197 atque
2057 1128 2363 1191 soluta,est

790 1226 940 1280 enim
964 1225 1085 1279 sine
1117 1224 1408 1286 relatione,
1439 1238 1560 1291 quae
1616 1232 1741 1276 ante
1798 1236 1857 1275 se
1908 1220 2233 1289 quidquam,
2266 1229 2363 1273 aut

790 1330 918 1369 cum
945 1330 1003 1369 se
1032 1322 1129 1367 aut
1150 1321 1274 1382 post
1305 1329 1365 1367 se
1393 1328 1504 1367 non
1534 1313 1752 1375 habeat,
1796 1320 1857 1365 ut
1905 1311 2151 1363 omnium
2208 1322 2364 1377 supe-

791 1404 927 1467 rior,
956 1417 1133 1471 neque
1155 1416 1281 1455 cum
1304 1401 1417 1454 ullo
1442 1416 1633 1454 eorum
1660 1414 1779 1467 quae
1830 1406 1960 1452 sunt
1994 1397 2105 1450 ulla
2148 1396 2362 1449 ratione

790 1504 886 1549 aut
912 1493 1075 1547 modo
1109 1494 1434 1561 composita.
1465 1490 1619 1556 Quod
1652 1489 2098 1543 animadvertens
2128 1487 2362 1542 fortasse

789 1600 1019 1655 magnus
1047 1593 1105 1639 et
1131 1585 1352 1639 divinus
1391 1583 1707 1653 Dionysius,
1738 1600 1758 1632 ι
1802 1580 2096 1647 Quocirca,
2159 1580 2359 1648 inquit,

788 1692 982 1731 monas
1009 1689 1229 1745 quoque
1264 1674 1545 1728 celebrata
1566 1681 1623 1726 et
1658 1672 1811 1735 trias,
1870 1670 2131 1725 divinitas
2176 1672 2361 1723 omnia

788 1784 1076 1839 superans,
1110 1782 1217 1821 non
1244 1780 1433 1819 monas
1460 1773 1566 1824 est,
1595 1778 1776 1832 neque
1805 1762 1959 1823 trias,
1983 1762 2100 1815 sive
2134 1775 2164 1813 a
2200 1759 2363 1813 nobis

786 1863 904 1917 sive
934 1862 1003 1915 ab
1042 1862 1149 1916 alio
1178 1860 1436 1930 quopiam
1484 1859 1688 1928 agnita,
1718 1854 1814 1909 sed
1854 1862 1915 1907 ut
1956 1852 2103 1921 quod
2136 1852 2191 1905 in
2218 1851 2361 1919 -ipsa

786 1962 873 2009 est
899 1969 1063 2022 supra
1097 1967 1262 2020 quam
1303 1951 1357 2002 in
1389 1964 1558 2001 unum
1588 1945 1904 2013 copulatum
1955 1951 2011 1996 et
2040 1943 2135 1997 Dei
2168 1942 2362 1997 fecun-

788 2043 921 2096 dum
943 2056 1068 2095 vere
1101 2038 1486 2108 praedicemus,
1513 2036 1719 2090 trinum
1750 2042 1807 2088 et
1834 2048 2003 2087 unum
2055 2033 2227 2086 Deum
2259 2046 2361 2086 no-

788 2134 1063 2187 minamus
1085 2130 1237 2183 illum
1268 2127 1361 2196 qui
1411 2142 1575 2196 supra
1598 2139 1759 2181 omne
1796 2138 1997 2177 nomen
2044 2131 2151 2187 est,
2182 2131 2239 2177 et
2272 2138 2362 2176 re-

788 2223 893 2277 bus
922 2222 1005 2275 vel
1060 2218 1347 2273 vocabulis
1400 2217 1608 2270 utimur
1635 2214 1747 2285 ,in‘
1772 2212 2110 2283 designanda
2152 2226 2221 2266 eo
2264 2212 2359 2281 qui

787 2315 939 2369 omni
963 2312 1198 2367 essentia
1229 2320 1313 2365 est
1341 2310 1613 2378 superior.
1648 2326 1667 2359 ι
1708 2276 1880 2362 ἀειηο
1912 2306 2101 2376 igitur,
2132 2306 2226 2374 qui
2272 2321 2361 2360 re-

787 2405 979 2474 ligiose
1002 2419 1099 2471 per
1130 2402 1415 2456 veritatem
1432 2397 1653 2452 vivendi
1682 2396 1963 2453 studiosus
1990 2396 2221 2467 dyadem
2262 2402 2359 2447 aut

790 2508 1085 2548 numerum
1118 2490 1389 2561 principio
1417 2498 1699 2543 carentem
1754 2497 1850 2541 aut
1874 2488 2207 2557 principium
2245 2501 2362 2540 om-

789 2583 925 2637 nino
953 2581 1259 2650 cujuspiam
1288 2594 1412 2633 esse
1442 2578 1631 2631 dicere
1665 2576 1979 2631 conabitur.
2035 2576 2188 2631 Unus
2210 2576 2359 2628 enim

789 2689 889 2743 per
922 2672 1238 2729 universam
1258 2680 1365 2723 tam
1395 2669 1721 2723 rationalem
1745 2683 1909 2737 quam
1932 2666 2359 2720 intellectualem

789 2762 1269 2830 contcniplativam
1306 2767 1632 2829 potestatem
1658 2764 1716 2812 et
1775 2755 2065 2811 scientiam
2091 2756 2169 2809 illi
2216 2755 2362 2817 Deus

790 2851 1101 2921 apparebit,
1129 2849 1311 2904 omnis
1343 2847 1635 2902 infinitatis
1676 2846 1929 2908 ulterior,
1974 2859 2079 2898 nec
2100 2844 2361 2914 cuiquam

790 2943 1019 2995 omnino
1052 2957 1247 2995 eorum
1288 2954 1409 3009 qua:
1441 2947 1572 2993 sunt
1602 2953 1669 2991 ex
1688 2937 1799 2990 ulla
1826 2944 2004 3005 parte,
2042 2942 2242 3005 praeter
2274 2949 2363 2988 εοο

790 3035 897 3089 lam
914 3046 1013 3101 per
1033 3032 1194 3086 fidem
1216 3029 1611 3099 cognitionem,
1639 3035 1697 3079 et
1716 3027 1821 3079 hoc
1846 3040 1913 3077 ex
1935 3025 2202 3092 operibus
2216 3025 2357 3101 ejus,

790 3089 939 3191 quod
976 3129 1081 3183 est,
1122 3134 1232 3172 non
1256 3089 1400 3187 quod
1428 3114 1724 3184 aliquando
1745 3124 1851 3177 est,
1878 3089 2171 3182 perceptus
2193 3089 2359 3180 atqtie

792 3212 1037 3281 agnitus,
1066 3216 1123 3263 et
1151 3209 1331 3262 omnis
1353 3205 1454 3259 aevi
1489 3220 1553 3259 ac
1588 3202 1851 3273 temporis
1880 3211 1936 3255 et
1959 3202 2207 3255 omnium
2238 3215 2359 3269 qua:

2460 585 2620 655 τυχὸν
2646 588 2903 658 ἐννοήσας
2928 588 2957 639 ὁ
2982 588 3154 657 μέγας
3175 591 3269 641 καὶ
3285 589 3428 653 θεῖος
3463 593 3738 654 Διονύσιός
3769 612 3904 664 φησι
3940 598 4041 665 (1)·

2468 694 2487 728 ι
2520 679 2610 729 Διὸ
2638 680 2731 731 καὶ
2754 679 2921 747 μονάς
2950 680 3265 749 ὑμνουμένη
3299 680 3396 733 καὶ
3419 682 3596 751 τριάς,
3625 685 3660 752 ἡ
3688 685 3831 757 ὑπὲρ
3866 690 4042 741 πάντα

2462 767 2673 838 θεότης,
2713 770 2811 821 οὐκ
2846 769 2993 823 ἐστιν
3023 769 3146 823 οὔτε
3179 772 3368 841 μονὰς,
3410 770 3535 825 οὔτε
3580 775 3760 843 τριὰς,
3815 775 3849 846 ἢ
3907 783 4044 846 πρὸς

2462 861 2621 933 ἡμῶν
2668 861 2701 930 ἢ
2753 861 2913 914 ἄλλου
2957 862 3103 924 τινὸς
3153 862 3550 933 διεγνωσμένη,
3590 865 3709 917 ἀλλ’
3740 867 3827 919 ἵνα
3853 868 3953 919 καὶ
3984 870 4044 921 τὸ

2462 953 2885 1023 ὑπερηνωμένον
2921 952 2944 985 ⁸
2988 952 3160 1022 αὐτῆς
3192 953 3285 1005 καὶ
3315 953 3378 1006 τδ
3410 953 3661 1023 θεογόνον
3682 956 3903 1027 ἀληθῶς
3941 960 4042 1027 ὐμ-

2460 1043 2735 1113 νήσωμεν,
2764 1043 2945 1112 (172
2980 1043 3030 1113 ι)
3062 1045 3127 1113 τῇ
3159 1044 3409 1114 τριαδικῇ
3448 1045 3543 1097 καὶ
3600 1047 3774 1117 ἑνιαίτ
3841 1046 4041 1100 θεωνυο

2467 1134 2567 1202 μιᾳ
2600 1132 2698 1203 τὴν
2730 1132 3090 1203 ὐπερὼνυμον
3121 1132 3508 1203 ὠνομάσαμεν,
3537 1135 3763 1200 καὶτοῖς
3796 1132 3917 1190 οὖσι
3946 1135 4041 1207 tif;

2462 1222 2807 1291 ὑπερούσιον.
2846 1239 2865 1271 ι
2921 1222 3190 1291 Οὐδαμῶς
3244 1218 3340 1275 οὖν
3380 1238 3468 1286 τις
3520 1226 3693 1277 δυάδα
3750 1226 3783 1294 ἢ
3839 1226 4040 1295 πλῆθος

2462 1311 2719 1381 ἄναρχον,
2742 1311 2775 1379 ἢ
2802 1310 2977 1380 ἀρχὴν
3006 1311 3067 1362 τὸ
3101 1310 3321 1364 σύνολόν
3350 1328 3498 1377 τινος
3527 1308 3666 1367 εἶναι
3713 1314 3900 1381 λέγειν
3946 1316 4039 1367 δυ-

2463 1404 2709 1471 νήσεται,
2748 1400 2849 1470 ζῇν
2883 1401 3125 1464 εὐσεϐῶς
3174 1401 3243 1454 δι’
3302 1402 3561 1471 ἀληθείας
3620 1403 4035 1474 βεϐουλημένος.

2464 1488 2558 1555 Εἷς
2579 1492 2690 1560 γὰρ
2714 1490 2804 1544 διὰ
2838 1492 3019 1561 πάσης
3042 1491 3142 1559 τῆς
3167 1490 3310 1543 κατά
3340 1491 3499 1559 λόγον
3531 1493 3628 1544 καὶ
3660 1473 3785 1545 νοῦν
3831 1473 4039 1565 θεωρη-

2462 1582 2619 1650 τικῆς
2648 1581 2929 1650 δυνάμεως
2956 1581 3052 1633 καὶ
3072 1581 3268 1650 ιπιστή
3279 1598 3385 1649 μης
3412 1581 3563 1651 αὑτῷ
3590 1582 3724 1645 Θεὸς
3752 1585 4038 1653 ἀναφανή·

2464 1690 2636 1733 σεται,
2672 1673 2854 1741 πάσης
2884 1671 3142 1740 ἀπειρίας
3184 1672 3448 1741 ὑπάρχων
3478 1673 3757 1740 ἐπέκεινα,
3804 1675 3906 1726 καὶ
3941 1692 4040 1745 μη-

2463 1762 2575 1816 δενὶ
2604 1761 2835 1815 καθόλου
2867 1760 2978 1813 τῶν
3010 1760 3181 1814 ὄντων
3215 1761 3343 1815 καθ’
3382 1756 3592 1827 ὁτιοῦν,
3626 1763 3767 1834 πλὴν
3804 1763 3905 1817 τοῦ
3956 1763 4041 1817 διὶι

2463 1853 2716 1923 πίστεως⁴
2737 1852 2897 1921 μόνον
2917 1850 3306 1921 γινώσκεσθαι,
3336 1854 3439 1906 καὶ⁹
3454 1852 3617 1906 τοῦτο
3651 1855 3714 1906 ἐκ
3735 1854 3848 1906 τῶν
3873 1854 4041 1908 αὐτοῦ

2415 1991 2422 2003 ,
2462 1943 2786 2013 ποιημάτων
2823 1944 2907 1997 ὅτι
2947 1944 3120 2007 ἔστὶν,
3154 1944 3253 2014 οὐχ
3294 1944 3376 1997 δτι
3410 1944 3539 1997 ποτὲ
3562 1945 3677 1997 ἔστι
3710 1944 4043 2015 διεγνωσμέ-

2462 2055 2572 2100 νος.
2604 2028 2925 2100 καὶπαντδς
2956 2028 3281 2101 αίῶνοςκαὶ
3318 2036 3513 2107 χρόνου
3545 2036 3642 2089 καὶ
3676 2037 3900 2089 πάντων
3933 2035 4039 2087 τῶν

2460 2130 2518 2183 ἐν
2547 2129 2703 2181 αἰῶνι
2725 2130 2817 2181 καὶ
2836 2129 3014 2198 χρόνῳ
3040 2130 3278 2199 ποιητής
3300 2146 3359 2181 τε
3382 2128 3478 2182 καὶ
3501 2128 3858 2198 δημιουργὸς,
3889 2126 4041 2179 οὐδὲν

2458 2218 2520 2271 τὸ
2562 2220 2834 2289 παράπαν
2871 2217 2931 2282 ἐξ
2964 2218 3135 2271 ἀῖδξου
3181 2217 3303 2271 καθ’
3338 2216 3614 2271 ὁντιναοῦν
3640 2217 3841 2287 τρόπον
3896 2216 4044 2284 αὐτῷ

2402 2378 2414 2387 ν
2462 2308 2818 2373 συνεπινοῶν,
2848 2308 3005 2372 εἰδὼς
3031 2310 3111 2362 δτι
3149 2309 3445 2378 μηδέτερον
3478 2308 3586 2360 τῶν
3608 2307 3724 2377 ἅμα
3751 2308 3903 2361 κατὰ
3937 2306 4043 2377 τὴν

2462 2400 2698 2471 ὓπαρξιν
2729 2400 2985 2469 ἀλλήλοις
3018 2399 3079 2464 ἐξ
3106 2400 3277 2452 ἀϊδίου
3313 2398 3582 2451 συνόντων
3621 2392 3761 2451 εἶναι
3814 2396 4045 2450 δύναται

2459 2494 2553 2546 τοῦ
2586 2493 2776 2562 ἐτέρου
2803 2492 3107 2561 ποιητικόν.
3152 2490 3570 2557 ’Δσυλλόγιστον
3598 2489 3705 2561 γὰρ
3730 2488 3891 2541 τοῦτο
3915 2504 4045 2540 παν-

2460 2584 2665 2637 τάπασι
2692 2584 2789 2636 καὶ
2813 2582 3153 2645 ἀνένδεκτον,
3180 2582 3275 2635 καὶ
3298 2584 3412 2644 τοῖς
3442 2579 3568 2633 νοῦν
3592 2582 3772 2649 ἔχουσι
3797 2578 4042 2647 καταγι-

2459 2675 2659 2727 λαστον
2688 2674 2909 2727 ἐπὶτῶν
2942 2674 3176 2743 ἐχόντων
3201 2672 3317 2743 ἃμα
3346 2672 3407 2724 τὸ
3437 2666 3576 2725 εἶναι
3613 2670 3888 2724 ποιεῖσθαι
3916 2670 4046 2723 ἄλλο

2460 2764 2622 2819 ἄλλου
2650 2763 2958 2835 ποιητικόν.
3002 2764 3147 2817 Ἀλλ’
3192 2765 3256 2816 ιιι
3305 2762 3441 2815 Θεοῦ
3489 2762 3581 2815 τοῦ
3634 2761 3721 2816 ἀεὶ
3771 2761 3933 2824 ὄντος
3976 2762 4046 2814 τὰ

2462 2852 2640 2907 πάντα
2677 2853 2739 2903 ἐκ
2765 2852 2857 2905 τοῦ
2892 2851 2969 2922 μὴ
2989 2852 3143 2915 ὄντος
3190 2851 3450 2919 γενέσθαι
3512 2849 3795 2913 παντελῶς
3836 2867 3900 2902 τε
3955 2852 4048 2902 καὶ

2459 2940 2676 3004 ὑλικῶς,
2713 2940 2830 2993 ἀλλ’
2863 2941 2924 2992 οὐ
2957 2957 3022 3009 με
3031 2940 3278 3010 ρικῶςτε
3303 2941 3399 2992 καὶ
3420 2939 3647 3001 ἀτελῶς,
3680 2939 3757 3002 ὼς
3779 2938 3841 3002 ἐξ
3862 2940 4047 3000 αίτίας

2458 3019 2899 3097 ἀπειρογνώστου
2940 3030 3035 3081 καὶ
3082 3029 3525 3099 ἀπειροδυνάμου
3578 3027 3755 3095 σοςῶς
3813 3044 4044 3097 παρηγ-

2465 3119 2620 3188 μὲνα,
2651 3117 2900 3188 δέξηται,
2931 3120 3026 3173 καὶ
3050 3118 3107 3171 ὲν
3127 3119 3278 3188 αὑτῷ
3299 3119 3687 3189 συνεστηκέναι
3710 3119 3732 3150 '
3752 3115 3823 3171 ’Ξά
3840 3120 4043 3179 πάντα,

2465 3209 2542 3271 ὼς
2580 3210 2647 3285 ὲν.
2673 3209 3157 3279 παντοκρατορικῷ
3181 3210 3419 3279 πυθμένι
3448 3194 3836 3279 φρουρούμενά
3865 3226 3927 3260 τε
3954 3210 4050 3261 καὶ

798 3304 855 3356 in
882 3316 1001 3356 aavo
1029 3307 1157 3353 sunt
1187 3314 1261 3352 ac.
1281 3308 1529 3365 tempore
1560 3295 1737 3348 factor
1757 3304 1921 3362 atque
1957 3291 2178 3355 artifex,
2217 3291 2355 3344 nihil

2464 3298 2923 3367 διακρατούμενα,
2969 3300 3068 3351 καὶ
3099 3300 3179 3361 είς
3207 3299 3370 3351 αὑτὸν
3396 3299 3465 3351 τὰ
3498 3301 3679 3353 πάντα
3709 3302 4048 3369 ἑπιστρέεξε-

798 3405 1028 3461 prorsus
1063 3402 1395 3458 quocunque
1412 3393 1497 3440 est
1524 3385 1687 3439 modo
1715 3384 1768 3437 ei
1795 3385 2026 3438 alterum
2058 3381 2128 3435 de
2151 3390 2360 3437 aeterno

2468 3384 2615 3448 σθαι,
2648 3385 2904 3455 καθάπερ
2934 3387 3013 3448 εἰς
3060 3386 3262 3438 οἰκεῖον
3325 3386 3534 3439 ἕκαστα
3583 3386 3777 3456 πέρας,
3821 3387 3905 3449 ὡς
3942 3386 4045 3438 πού

798 3482 1021 3551 afiigens
1055 3480 1387 3550 cogitatione
1407 3518 1421 3541 ,
1464 3491 1677 3531 memor
1702 3475 1848 3544 quod
1880 3484 2136 3528 neutrum
2166 3472 2360 3537 ett'um

2468 3489 2632 3544 φησιν
2664 3475 2692 3527 ό
2724 3477 2896 3545 μὲγας
2926 3477 3320 3548 ’Λρεοπαγίτης
3356 3478 3628 3539 Διονύσιος
3656 3478 3756 3545 (2).

790 3589 914 3643 qua:
942 3572 1394 3627 exsistentialiter
1409 3570 1477 3624 de
1499 3577 1707 3623 artemo
1735 3567 1895 3621 simul
1911 3574 2041 3619 sunt
2059 3565 2543 3622 neutrumeflicerc
2569 3564 2762 3637 possit.
2784 3570 2974 3638 Neque
2988 3571 3136 3625 enim
3165 3570 3633 3640 cogitariomnino
3650 3570 3703 3623 id
3726 3577 4047 3638 potest,ne-

791 3678 899 3732 que
916 3664 1057 3726 fieri,
1074 3663 1265 3732 eisque
1290 3662 1384 3730 qui
1402 3667 1582 3713 mente
1598 3667 1832 3720 utuntur
1852 3656 2145 3711 ridiculum
2167 3666 2274 3721 est,
2291 3673 2477 3711 rerum
2494 3658 2728 3712 duarum
2749 3675 2869 3729 qua:
2886 3660 3339 3714 simul'exsistunt
3354 3660 3578 3713 alteram
3600 3659 3831 3712 alterius
3856 3657 4046 3711 facere

792 3757 1141 3812 creatricent.
1176 3754 1283 3809 Sed
1310 3769 1378 3808 ex
1426 3753 1539 3806 Deo
1574 3760 1782 3805 aeterno
1833 3749 2247 3803 universitatem
2272 3764 2342 3803 ex
2376 3750 2555 3804 nihilo
2582 3752 2779 3806 factam
2802 3767 2925 3806 esse
2944 3753 3001 3806 in
3027 3761 3203 3806 totum
3234 3766 3299 3806 ac
3322 3752 3506 3821 plene,
3533 3760 3587 3804 at
3608 3767 3716 3804 non
3737 3749 4045 3819 particula.

795 3849 893 3903 tim
910 3856 967 3902 et
998 3846 1343 3916 imperfecte,
1372 3853 1511 3897 utex
1563 3857 1729 3897 causa
1768 3840 1997 3895 inﬁnite
2035 3849 2091 3894 et
2120 3841 2450 3909 cognitionis
2507 3850 2565 3896 et
2598 3844 2893 3910 potestatis
2918 3844 3202 3912 sapienter
3227 3842 3544 3904 deductam,
3574 3840 4041 3910 approbationem

701 4002 707 4011 δ
795 3939 984 4004 habet,
1012 3938 1177 4005 inque
1207 3951 1273 3989 eo
1294 3934 1550 3988 universa
1568 3941 1823 3986 constare
1838 3932 1971 3985 utin
1998 3930 2377 4000 omnipotente
2392 3930 2574 3985 radice
2597 3932 2872 3985 custodita
2903 3942 3067 4000 atque
3105 3942 3448 3995 conservata,
3466 3939 3521 3984 et
3542 3931 3597 3984 in
3623 3930 3883 3983 eumdem
3912 3929 4046 3983 uni-

793 4045 956 4087 versa
990 4029 1172 4084 redire
1196 4027 1349 4082 velut
1380 4026 1433 4079 in
1452 4024 1737 4095 proprium
1758 4037 1917 4077 suum
1933 4020 2192 4092 quodque
2215 4020 2535 4086 terminum,
2599 4024 2681 4077 uti
2700 4023 2905 4078 alicubi
2923 4024 3059 4079 dicit
3106 4038 3334 4094 magnus
3359 4021 3652 4092 Dionysius
3680 4020 4039 4091 Areopagita.

794 4205 1179 4275 Contemplatio
1225 4221 1331 4274 qua
1380 4204 1779 4257 demonstratur
1828 4204 1923 4257 Dei
1975 4206 2360 4275 providentiam

2461 4208 2644 4281 (173
2688 4205 2743 4277 a)
2805 4208 3021 4273 Θεωρία
3065 4203 3451 4270 ἀποδεικτικὴ
3506 4201 3613 4256 τοῦ
3672 4197 3830 4255 εἶναι
3888 4202 4044 4255 κατὰ

949 4296 1236 4349 secundum
1266 4306 1522 4348 naturam
1546 4311 1705 4349 suam
1734 4296 1911 4349 omnia
1944 4299 2211 4366 prosequi.

864 4406 1043 4461 Etiam
1072 4405 1413 4475 provisorem
1449 4418 1631 4458 rerum
1665 4413 1875 4459 natura:
1904 4420 2025 4459 esse
2063 4408 2362 4475 persuade-

2566 4299 2756 4365 φύσιν
2782 4297 2881 4349 ἐπὶ
2906 4295 3148 4349 πάντων
3167 4296 3282 4363 τὴν
3309 4295 3417 4350 τοῦ
3436 4294 3583 4349 Θεοῦ
3611 4295 3927 4361 πρόνοιαν.

2530 4406 2641 4462 Καὶ
2678 4406 2981 4477 προνοητήν
3024 4406 3186 4459 αὐτὸν
3229 4402 3371 4459 εἶναι
3417 4405 3782 4475 πεισθήσεται
3807 4406 3923 4460 τῶν
3952 4409 4040 4462 δν-

794 4496 949 4551 bitur
971 4496 1045 4558 ei,
1074 4510 1171 4564 per
1192 4508 1332 4563 quas
1362 4502 1420 4546 et
1458 4493 1629 4547 Deum
1661 4508 1784 4546 esse
1813 4492 2029 4555 didicit,
2057 4495 2265 4565 justum
2297 4514 2361 4553 ac

2466 4513 2595 4564 των,
2631 4497 2699 4551 δι’
2733 4492 2807 4551 ὧν
2832 4498 2913 4551 ὅτι
2946 4498 3041 4551 καὶ
3067 4497 3376 4571 Θεόςηέστιν
3404 4495 3677 4565 ἐδιδάχθη,
3713 4496 3929 4551 δίκαιον
3956 4496 4037 4552 εῖ-

796 4584 994 4641 rationi
1028 4592 1457 4639 consentaneum
1486 4598 1607 4638 esse
1638 4597 1823 4637 rerum
1851 4585 2134 4639 custodem
2197 4595 2362 4655 atque

795 4684 1109 4731 curatorem
1135 4690 1297 4743 quam
1355 4673 1534 4743 ipsum
1587 4688 1772 4727 rerum
1815 4673 2183 4729 conditorem.
2243 4676 2362 4745 Ipsa

794 4766 942 4819 enim
975 4779 1158 4819 rerum
1198 4763 1515 4833 perennitas
1538 4773 1595 4817 et
1615 4763 1751 4817 ordo
1781 4773 1837 4817 et
1861 4765 2064 4832 positio
2089 4774 2147 4819 et
2191 4766 2363 4829 motio

791 4865 850 4911 et
885 4864 1070 4909 mutua
1100 4870 1199 4923 per
1231 4852 1445 4907 medias
1483 4862 1667 4921 partes
1712 4855 1985 4909 connexio
2039 4856 2364 4925 extremita:

792 4955 933 5008 tum,
965 4944 1102 4997 nihil
1131 4959 1250 4998 sese
1284 4943 1521 4996 invicem
1550 4958 1865 5011 quanquam
1910 4946 2204 5000 contraria:
2230 4959 2361 5001 sunt

792 5034 1195 5094 infestantium,
1213 5044 1270 5088 et
1300 5034 1536 5102 partium
1557 5034 1611 5086 in
1636 5042 1810 5087 totum
1825 5036 2254 5104 conspiratio,et
2275 5044 2359 5091 to-

792 5131 976 5176 torum
1008 5122 1291 5189 aequabilis
1337 5140 1401 5175 ac
1462 5124 1620 5189 plena
1676 5140 1776 5193 per
1821 5134 2005 5194 partes
2064 5142 2357 5197 coagmen-

793 5213 951 5275 tatio,
975 5222 1031 5266 et
1057 5212 1299 5280 ipsarum
1326 5212 1564 5280 partium
1592 5213 1735 5266 inter
1753 5230 1811 5267 se
1849 5226 2111 5271 constans
2153 5218 2359 5274 discre-

2461 4604 2549 4641 vat
2583 4588 2788 4657 κρίνων
2825 4588 2919 4640 καὶ
2957 4587 3199 4656 εῦλογον,
3232 4587 3305 4657 μὴ
3336 4587 3496 4641 ἄλλον
3531 4582 3673 4639 εἶναι
3700 4588 3925 4654 φύλακα
3944 4594 4040 4644 καὶ

2460 4678 2797 4751 ἐπιμελητὴν
2826 4680 2935 4731 τῶν
2961 4679 3188 4748 ὃντωνῆ
3228 4679 3387 4749 μόνον
3424 4680 3516 4732 τὸν
3563 4677 3674 4730 τῶν
3715 4680 3892 4732 ὄντων
3944 4682 4039 4751 δη-

2465 4772 2745 4847 μιουργόνζ
2776 4771 2923 4847 Αὐτὴ
2952 4771 3060 4841 γὰρ
3086 4771 3120 4841 ἡ
3152 4770 3258 4823 τῶν
3282 4770 3451 4823 ὄντων
3482 4768 3712 4839 διαμονὴ
3736 4770 3832 4824 καὶ
3871 4774 3905 4842 ἡ
3937 4774 4039 4825 τά-

2463 4863 2545 4927 ξις
2561 4846 2654 4915 καὶ
2676 4846 2894 4925 ἠθὲσις
2918 4862 3012 4914 καὶ
3046 4863 3079 4932 ἡ
3106 4861 3342 4933 κίνησις,
3372 4862 3465 4914 καὶ
3494 4863 3528 4930 ἡ
3558 4863 3616 4913 ἐν
3646 4861 3905 4932 ἀλλήλοις
3930 4865 4039 4917 τῶν

2465 4938 2770 5022 ἄκρωνιδιά
2796 4943 2904 5004 τῶν
2929 4952 3110 5022 μέσων
3140 4951 3360 5021 συνοχὴ,
3382 4951 3547 5021 μηδὲν
3581 4951 3720 5005 κατά
3748 4953 3849 5022 τὴν
3884 4956 4041 5008 ὲνανο

2464 5034 2686 5110 τιότητα
2714 5035 3123 5111 λυμαινομένων
3161 5041 3431 5111 ἀλλήλοις,
3482 5042 3519 5108 ἦ
3567 5059 3627 5095 τε
3685 5042 3797 5095 τῶν
3850 5045 4039 5115 μερῶν

2466 5132 2601 5201 πρὸς
2625 5133 2691 5184 τά
2719 5132 2815 5185 ὅλα
2844 5132 3151 5196 σύννευσις,
3183 5132 3277 5185 καὶ
3302 5131 3410 5184 τῶν
3442 5130 3576 5185 ὅλων
3607 5133 3742 5203 πρὸς
3772 5133 3845 5185 τὰ
3895 5135 4038 5206 μέρη

2464 5222 2529 5276 δι’
2558 5222 2679 5275 ὅλου
2702 5222 2916 5291 ἓνωσις,
2941 5211 3034 5276 ita!
3056 5222 3235 5277 αὐτῶν
3264 5222 3401 5297 πρὸς
3443 5222 3649 5294 ἄλληλα
3691 5223 3800 5277 τῶν
3850 5225 4037 5296 μερῶν

2086 5347 2321 5403 VARIJE
2362 5351 2767 5410 LECTIONES.

862 5437 885 5470 ³
916 5438 1317 5509 ὑπερηνομὲνον
1348 5438 1473 5493 cod.
1499 5437 1642 5494 Gud.

1736 5440 1758 5472 '
1792 5439 2177 5493 συνεστακὲναι
2218 5442 2340 5496 cod.
2366 5443 2510 5497 Gud.

2293 5551 2523 5608 NOTAE.

864 5641 1209 5717 (0)_Dionys._
1240 5641 1505 5717 A_rcopag_.
1544 5640 1620 5717 De
1652 5643 1839 5698 divinis
1890 5618 2034 5699 dom.
2090 5660 2213 5717 cap.
2269 5645 2355 5713 15,

794 5711 929 5791 tog).
961 5711 1001 5775 l,
1029 5727 1083 5781 p.
1109 5711 1233 5767 535.
1262 5711 1398 5782 Opp.
1434 5712 1523 5767 ed.
1557 5712 1694 5768 Ven.
1904 5778 1907 5785 η
1992 5742 1995 5745 »

2537 5646 2613 5773 ξ.)
2645 5648 2727 5703 Cf.
2760 5648 2983 5721 Dionys.
3037 5649 3305 5739 A,rcopag.
3338 5649 3412 5706 De
3444 5650 3608 5705 divin.
3650 5664 3792 5704 nom.
3823 5662 3947 5720 cap.
3976 5647 4031 5713 ι,

2458 5732 2514 5787 p.
2575 5718 2664 5784 97,
2693 5727 2823 5773 tom.
2861 5720 2902 5785 Ι,
2929 5720 3018 5775 ed.
3050 5722 3242 5776 Venet.

2575 5718 2664 5784 97,
2693 5727 2823 5773 tom.
2861 5718 3018 5785 l,'ed.
3050 5718 3242 5776 Venet.
