4192 6434
164 361 185 425 l
200 358 291 426 189

1396 350 1916 412 AMBIGUORUM
1958 353 2207 413 LIBER.

3268 357 3405 422 1190

160 474 445 546 ήῑμικτος
478 469 751 536 διάκρισις
799 460 941 519 κατὰ
989 462 1089 532 τήν
1140 461 1450 526 ἰδιάζουσαν
1500 463 1731 516 ἑκάστου

1851 463 1938 526 Lio,
1982 464 2290 518 secundum
2350 478 2505 519 suam
2532 466 2967 537 uniuscujusque
3010 465 3399 529 differentiam.

151 561 439 632 διαφοράν,
467 559 563 611 καὶ
589 557 901 625 άσύγχυτος
931 553 1127 615 ἓνωσις
1152 557 1295 605 κατά
1335 551 1437 620 τὴν
1486 551 1732 621 ἀπαράλ-

156 638 352 706 λακτδν
384 652 441 703 ὲν
498 650 643 727 ὅλοις
704 647 1036 715 ταυτότητά,
1095 644 1192 698 καὶ
1237 645 1273 713 ἡ
1325 644 1543 697 πάντων
1596 645 1733 711 πρὸς

156 744 359 805 πάντα,
386 741 476 793 ἶνα
504 738 581 809 μὴ
604 738 675 791 τά
722 736 846 789 καθ’
881 736 1113 788 ἕκαστον
1142 734 1309 801 λέγω,
1347 733 1635 804 σύγκρισις
1675 750 1732 784 τε

158 834 251 888 καὶ
277 834 573 903 διάκρισις,
604 828 700 883 καὶ
727 830 759 897 ἡ
797 831 1017 881 πάντων
1062 826 1161 879 καὶ
1186 827 1419 879 ἑκάστου
1450 824 1573 878 κατ’
1597 820 1735 885 εἶδος

154 924 377 992 διαδοχὴ
426 920 514 975 ἀεὶ
568 918 973 989 φυλαττομένη,
1007 918 1238 989 μηδενζις
1259 918 1321 970 τὸ
1346 917 1610 987 παράπαν
1638 916 1734 969 τοῦ

141 1014 362 1070 ,οἰκείου
377 1009 477 1079 τῆς
498 1010 715 1079 φύσεως
737 1007 899 1075 λόγου
930 1005 1450 1076 παραφθειρομένου
1481 1007 1576 1057 καὶ
1600 1004 1737 1075 πρὸς

153 1104 291 1159 ἄλλο
309 1104 672 1174 συγχεομένου
692 1118 751 1154 τε
776 1102 868 1154 καὶ
902 1099 1249 1170 συγχέοντος,
1283 1098 1526 1151 δείκνυσι
1551 1097 1737 1165 σαφῶς

153 1198 227 1251 τά
256 1197 438 1250 πάντα
470 1198 536 1265 τῇ
590 1193 821 1264 προνοέᾳ
863 1189 1182 1260 συνέχεσθαι
1226 1188 1321 1243 τοῦ
1377 1189 1737 1257 πεποιηκότος

154 1288 321 1342 Θεοῦ.
347 1268 426 1340 bo
452 1288 559 1356 γὰρ
582 1279 695 1338 οἷόν
724 1283 783 1336 τέ
813 1284 965 1335 ἐστιν
1006 1280 1211 1348 ἀγαθὸν
1228 1280 1360 1332 οντα
1383 1280 1473 1331 τὸν
1498 1279 1630 1331 Θεὸν
1661 1280 1736 1348 μὴ

154 1378 256 1432 καὶ
284 1374 627 1447 εδεργετικδν
649 1373 866 1435 πάντως
894 1367 1059 1433 εἶναι,
1081 1371 1216 1441 μηδὲ
1240 1370 1587 1440 εὐεργετικὸν
1609 1368 1738 1421 ὄντα

157 1469 248 1538 μὴ
274 1467 370 1520 καὶ
398 1451 756 1538 προνοητικὸν
776 1463 997 1525 πάντως
1022 1457 1184 1515 εἶναι.
1213 1462 1306 1514 καὶ
1334 1460 1422 1513 διά
1443 1459 1603 1511 τοῦτο
1630 1458 1739 1511 τῶν

155 1561 337 1612 ὄντων
371 1549 692 1626 θεοπρεπῶς
751 1550 1183 1622 ἐπιμελούμενον
1234 1548 1413 1618 σοφῶς
1459 1549 1501 1579 ¹⁹
1554 1548 1739 1612 αὐτοῖς

154 1649 351 1719 ὥσπερ
401 1647 464 1700 τὸ
518 1644 654 1699 εἶναι
705 1644 800 1697 καὶ
868 1644 968 1713 τὴν
1016 1634 1341 1713 κηδεμονίαν
1393 1639 1736 1711 χαρίζεσθαι.

155 1739 401 1809 Πρόνοια
453 1737 563 1807 γάρ
608 1737 721 1789 ἐστι
764 1734 904 1788 κατὰ
950 1734 1077 1796 τοὺς
1099 1730 1393 1803 θεοφόρους
1423 1732 1738 1802 Πατέρσςὴ

156 1832 230 1883 ἐκ
248 1828 387 1882 Θεοῦ
426 1830 505 1891 εις
536 1829 605 1881 τὰ
634 1828 763 1880 ὄντα
788 1826 1057 1895 γινομένη
1080 1824 1393 1894 ἐπιμέλεια.
1432 1822 1735 1893 Ὀρίζονται

154 1921 221 1975 δὲ
250 1921 422 1992 αὐτὴν
448 1920 543 1974 καὶ
590 1918 786 1982 οὕτως,
849 1916 1085 1989 Πρόνοιά
1132 1918 1249 1969 ἔστι
1306 1914 1558 1985 βούλησις
1599 1914 1735 1967 Θεοῦ

154 2013 233 2066 δι’
266 2013 335 2082 ην
359 2012 537 2065 πάντα
566 2010 635 2064 τά
663 2009 792 2062 ὅντα
818 2006 916 2077 τὴν
948 1996 1131 2076 (1’73
1155 2005 1206 2074 b)
1234 2006 1544 2076 πρόσφορον
1562 2005 1741 2069 διεξα-

154 2104 358 2172 γωγὴν
387 2100 678 2173 λαμδάνει.
712 2100 775 2153 El
815 2098 872 2151 δὲ
921 2097 1058 2150 Θεοῦ
1114 2096 1367 2166 βούλησις
1428 2098 1596 2159 ἐστιν,
1654 2096 1740 2148 ἵνα

154 2196 356 2258 αὐτοῖς
379 2192 488 2247 τῶν
514 2189 856 2245 διδασκάλων
883 2189 1178 2257 χρήσωμαι
1214 2189 1329 2250 τοῖς
1360 2186 1560 2254 λόγοις,
1588 2189 1739 2239 πᾶσα

154 2287 384 2356 ἀνάγκη
409 2284 553 2340 κατὰ
576 2285 667 2339 τὸν
700 2282 863 2353 ὀρθὸν
899 2282 1058 2350 λόγον
1086 2281 1336 2349 γίνεσθαι
1359 2280 1427 2333 τά
1455 2282 1737 2350 γινόμενα,

155 2378 271 2450 τὴν
302 2376 538 2449 κρείττω
566 2376 645 2446 μὴ
686 2374 1051 2445 ὶπιδεχόμενα
1085 2372 1258 2437 τάξιν,
1288 2373 1452 2427 αὐτὸν
1482 2368 1574 2426 οὖν
1603 2368 1739 2426 εἶναι

157 2470 479 2542 προνοητὴν
529 2468 595 2521 ὲκ
633 2467 831 2529 παντὸς
874 2465 1075 2535 τρόπον
1107 2465 1281 2517 εἰπεῖν
1321 2463 1681 2533 ἑναχθήσεται
1712 2464 1741 2517 ό

154 2561 272 2631 τὴν
310 2558 573 2631 ἀλήθειαν
601 2558 795 2627 ὁδηγὸν
829 2556 916 2627 ἔχε
927 2574 975 2608 ιν
999 2556 1277 2625 ἑλόμενος,
1302 2555 1363 2608 δν
1390 2558 1483 2611 καὶ
1511 2557 1741 2627 ποιητὴν

156 2652 314 2719 ἔγνω
346 2650 453 2704 τῶν
476 2650 646 2703 ὄντων
683 2648 922 2717 άληθῶς,
944 2646 1093 2718 ἢτοῦ
1119 2648 1479 2716 πεποιηκότος
1502 2648 1571 2701 τά
1592 2647 1740 2712 ὄντα,

157 2742 332 2812 εἰπερ
356 2742 459 2796 κάν
486 2745 598 2805 τοῖς
626 2740 805 2805 ζώοις,
836 2739 965 2794 ὅταν
998 2740 1120 2802 ταῖς
1151 2737 1297 2792 κατὰ
1342 2737 1501 2807 λόγον
1531 2740 1742 2808 ἐφόδοις

158 2837 290 2898 τοῖς
312 2830 467 2887 οὖσιν
510 2832 843 2903 ὲμὸαλόντες
886 2829 1044 2901 ἡμῶν
1094 2830 1155 2882 τὸ
1192 2828 1381 2899 νοερὸν
1414 2830 1743 2900 εὑρίσκομεν

160 2925 432 2995 ἔμφασιν,
486 2926 588 2977 οὐκ
622 2923 837 2990 άγενῶς
887 2920 959 2974 τὰ
1010 2921 1149 2991 ὑπὲρ
1202 2919 1361 2988 λόγον
1400 2921 1742 2985 εἰκάζουσαν.

176 3012 401 3066 Ἔκεῖνά
421 3029 480 3065 τε
512 3013 623 3081 1&9
656 3011 891 3080 ὁρῶντες
919 3009 1065 3062 κατὰ
1096 3008 1255 3075 γένος
1296 3008 1405 3061 τῶν
1460 3010 1520 3071 ἐξ
1564 3009 1743 3062 αὐτῶν

1833 564 1890 607 et
1923 556 2182 610 mistione
2214 572 2413 626 expers
2439 557 2773 613 coadunatio
2797 599 2811 622 ,
2848 559 3154 613 secundum
3208 562 3388 613 imum

1835 654 2001 699 tatam
2053 648 2110 700 in
2162 650 2294 702 totis
2341 648 2723 713 identitatem,
2780 658 2837 705 et
2901 653 3285 706 universorum
3334 652 3405 706 ad

1836 736 2111 800 universa,
2156 754 2225 791 ne
2270 739 2482 808 sin'gula
2529 755 2865 803 recenseam,
2912 743 3194 797 concretio
3241 754 3406 812 atque

1834 831 2114 895 discretio,
2141 833 2635 903 universorumque
2666 842 2722 887 et
2765 834 2966 903 singuli
3012 838 3277 905 cujusque
3314 854 3404 890 se-

1835 924 2073 978 cundum
2098 925 2339 991 speciem
2370 925 2627 980 inviolata
2661 925 2956 989 successio,
2987 941 3095 997 qua
3127 928 3263 980 nihil
3288 943 3406 980 om-

1836 1016 1967 1069 nino
2008 1016 2328 1095 de‘hpropria
2359 1030 2424 1070 ac
2455 1016 2719 1084 peculiari
2748 1028 2959 1069 natura:
2995 1017 3204 1093 ratione
3237 1018 3404 1085 perit,

1837 1116 1932 1161 aut
1963 1123 2087 1162 cum
2130 1109 2306 1162 altero
2346 1107 2705 1161 confunditur
2738 1107 3064 1196 sive’ipsum
3086 1107 3405 1172 ‘cont'undit,

1838 1196 1954 1251 hate
2021 1198 2332 1252 luculenter
2406 1197 2758 1251 manifestam
2819 1199 3005 1251 omnia
3062 1197 3405 1265 providentia

1836 1290 2108 1343 contineri
2149 1290 2455 1344 conditoris
2500 1290 2617 1344 Dei.
2663 1289 2808 1343 Fieri
2842 1290 2988 1343 enim
3038 1304 3146 1343 non
3192 1298 3408 1359 potest,

1837 1379 1970 1447 quin
2002 1380 2166 1443 Deus,
2202 1380 2295 1448 qui
2327 1380 2504 1434 bonus
2533 1386 2637 1444 est,
2672 1393 2782 1432 non
2810 1380 2976 1432 etiam
3010 1378 3292 1433 beneﬁcus
3316 1378 3409 1442 sit,

1837 1482 1934 1527 aut
1960 1472 2055 1541 qui
2088 1473 2367 1527 beneﬁcus
2391 1479 2495 1536 est,
2523 1487 2633 1525 non
2657 1448 2814 1535 _item
2859 1470 3157 1538 providens
3190 1472 3262 1524 sit
3291 1485 3411 1523 om-

1839 1561 1991 1626 nino,
2017 1569 2073 1615 et
2094 1562 2229 1631 quin
2270 1545 2561 1631 propterea
2599 1554 2809 1625 rerum,
2840 1569 2901 1614 ut
2931 1574 3030 1629 par
3057 1560 3179 1629 ejus
3202 1561 3412 1615 natura“:

1838 1663 1943 1716 est,
1965 1660 2113 1707 tutor
2130 1652 2411 1722 sapienter
2427 1653 2510 1708 eis
2529 1652 2992 1722 quemadmodum
3012 1652 3412 1715 exsistentiam,

1842 1743 1915 1798 ita
1947 1744 2112 1798 etiam
2146 1760 2335 1799 curam
2372 1744 2596 1799 tribuat.
2640 1742 2992 1798 Providentia
3034 1744 3180 1797 enim
3214 1759 3414 1798 secun-

1843 1835 1972 1888 dum
2016 1835 2208 1888 Patres
2248 1835 2437 1889 divino
2486 1834 2697 1904 Spiritu
2744 1834 2953 1889 amatos
2999 1833 3187 1889 divina
3230 1849 3414 1888 rerum

1843 1923 2160 1995 procuratio
2189 1934 2296 1979 est.
2324 1924 2601 1978 Deﬁniunt
2630 1939 2761 1979 vero
2787 1940 2905 1979 eam
2938 1925 3103 1980 etiam
3138 1926 3211 1979 ita
3245 1943 3258 1979 :
3289 1925 3417 1979 Pro-

1843 2016 2069 2068 videntia
2096 2014 2192 2067 Dei
2222 2013 2466 2067 voluntas
2495 2022 2572 2066 est
2598 2029 2705 2083 qua
2736 2029 2914 2067 omnes
2943 2029 3026 2067 res
3056 2015 3419 2068 convenienter

1844 2113 2191 2176 peraguntur.
2220 2105 2376 2187 Quod
2417 2105 2464 2161 si
2499 2105 2595 2159 Dei
2624 2112 2710 2160 est
2734 2105 3007 2167 voluntas,
3038 2112 3097 2157 ut
3140 2104 3274 2173 ipsis
3318 2102 3419 2157 do-

1843 2206 2057 2251 ctorum
2087 2198 2275 2252 verbis
2299 2206 2444 2261 utar,
2485 2210 2710 2250 necesse
2742 2203 2825 2249 est
2852 2195 3080 2249 omnino
3108 2202 3168 2247 ut
3191 2209 3256 2248 ea
3292 2210 3416 2263 qua:

1845 2290 1987 2343 ﬁunt
2013 2298 2158 2342 recta
2183 2288 2394 2341 ratione
2431 2286 2581 2349 ﬁant,
2606 2286 2743 2340 adeo
2774 2295 2834 2339 ut
2859 2287 3140 2340 meliorem
3166 2285 3417 2339 ordinem

1846 2395 1956 2434 non
1985 2387 2322 2448 exspectent,
2356 2386 2417 2431 ut
2447 2377 2625 2447 ipsum
2660 2378 2828 2447 igitur
2858 2378 3198 2447 provisorem
3232 2378 3417 2434 dicere

1846 2472 1996 2527 omni
2018 2470 2181 2525 modo
2204 2471 2468 2525 invitetur
2486 2470 2581 2538 qui
2605 2470 2837 2524 veritate
2863 2470 2963 2523 viae
2982 2469 3120 2524 duce
3143 2471 3220 2523 uti
3247 2471 3416 2532 volet,

1848 2579 2013 2634 quem
2042 2572 2100 2617 et
2125 2562 2467 2616 conditorem
2504 2575 2711 2625 rerum,
2746 2568 2842 2614 aut
2879 2560 3035 2628 cujus
3075 2575 3200 2615 esse
3230 2561 3419 2615 condi-

1850 2652 1984 2706 toris
2017 2651 2112 2704 Dei
2147 2664 2233 2704 res
2261 2657 2408 2710 recte
2436 2649 2728 2719 cognovit;
2772 2648 3219 2717 quandoquidem
3248 2649 3331 2704 vel
3362 2649 3418 2704 in

1848 2722 2199 2804 animalibus,
2227 2753 2351 2794 cum
2380 2738 2725 2792 rationalium
2751 2738 3243 2792 instrumentorum
3266 2754 3421 2792 men-

1850 2834 1921 2887 tis
1959 2847 2063 2900 ope
2115 2832 2171 2885 in
2218 2845 2308 2884 res
2358 2829 2698 2899 inquirentes
2737 2828 3082 2882 inveniamus
3126 2828 3419 2899 imaginem

1820 2922 1997 2976 haud
2044 2921 2267 2991 indigne
2300 2935 2364 2974 ea
2408 2936 2531 2989 quae
2573 2934 2737 2989 supra
2784 2919 3051 2974 rationem
3094 2929 3223 2974 sunt
3253 2934 3424 2973 remu-

1850 3014 2073 3067 lantem.
2111 3013 2205 3065 llla
2249 3012 2395 3065 enim
2427 3012 2560 3064 dum
2591 3026 2691 3080 pro
2736 3027 2936 3079 genere
2968 3027 3079 3066 suae
3120 3012 3292 3080 prolis
3326 3028 3420 3066 na—

164 3103 420 3167 φυσικῶς
472 3098 902 3177 ἐπιμελούμενα,
964 3096 1294 3169 θαρροῦντες
1338 3096 1434 3151 καὶ
1467 3099 1627 3167 ἡμεῖς
1651 3099 1742 3151 τὸν

1853 3101 2102 3155 turaliter
2151 3115 2338 3153 curam
2390 3099 2595 3153 habere
2645 3099 2931 3161 videmus,
2986 3102 3164 3155 securi
3217 3109 3275 3156 et
3320 3116 3423 3156 nos

165 3195 308 3264 περὶ
335 3191 445 3244 τοῦκ
475 3192 783 3261 προνοητὴν
816 3189 1128 3259 μονώτατον
1160 3184 1300 3241 εἶναι
1325 3188 1416 3241 τὸν
1445 3188 1580 3241 Θεὸν
1610 3191 1747 3243 πάν-

164 3303 287 3339 των
341 3284 448 3337 τῶν
490 3284 656 3335 ὄντων
713 3281 831 3349 μετ’
871 3280 1129 3343 εὐσεϐοῦς
1163 3281 1479 3351 παρρησίας
1511 3281 1749 3344 εὒσιὸὦς

170 3378 393 3439 ἑαυτοῖς
425 3376 580 3442 λόγον
609 3373 978 3443 διορίζομεθα,
1011 3373 1108 3424 καὶ
1137 3371 1200 3425 οὑ
1232 3371 1342 3424 τῶν
1375 3372 1495 3440 μὲν,
1541 3371 1649 3426 τῶν
1692 3373 1750 3426 δὲ

167 3468 264 3533 οὓ,
318 3469 571 3539 καθάπερ
624 3469 766 3530 τινὲς
818 3466 927 3519 τῶν
972 3466 1041 3519 τά
1097 3465 1203 3530 ἔξω
1250 3465 1749 3535 φιλοσοφησάντων,

172 3561 318 3615 ἀλλὰ
348 3563 567 3614 πάντων
588 3559 747 3630 ὁμοῦ,
779 3559 921 3611 κατὰ
948 3558 1077 3628 μίαν
1126 3558 1225 3625 τῆς
1276 3556 1611 3626 ἀγαθότητος
1657 3558 1753 3612 καὶ

171 3653 606 3723 ἀπαράλλακτον
639 3650 923 3720 βούλησιν,
956 3649 1064 3702 τῶν
1094 3665 1154 3700 τε
1204 3648 1436 3701 καθόλου
1493 3648 1590 3701 καὶ
1645 3649 1754 3701 τῶν

173 3745 307 3800 καθ’
336 3745 587 3809 ἕκαστον,
629 3742 829 3804 ειδότες
855 3742 940 3811 ζὼς
974 3740 1083 3794 τῶν
1128 3740 1273 3795 κατὰ
1321 3741 1486 3810 μέρος
1538 3740 1755 3794 πάντων

172 3835 264 3905 τῷ
292 3834 648 3905 μὴ-προνοίας
671 3827 967 3901 τυγχάνεῶ
996 3830 1090 3883 καὶ
1116 3829 1365 3899 φυλακῆς
1386 3829 1485 3899 τῆς
1514 3829 1757 3901 πρεπού-

177 3943 289 3997 σης
327 3911 790 3995 διαῲθειρομένων
834 3923 928 3974 καὶ
974 3921 1039 3973 τὰ
1076 3920 1306 3973 καθόλου
1352 3919 1758 3990 συνδιαφθαρήο

179 4035 341 4073 σεται
362 4018 449 4087 (ἐκ
470 4016 578 4086 1&9
604 4015 714 4067 τῶν
746 4014 888 4067 κατὰ
923 4013 1093 4083 μέρος
1131 4012 1200 4064 τά
1238 4012 1467 4064 καθόλου
1509 4012 1757 4065 συνίστα-

178 4109 313 4163 σθαι
351 4109 603 4176 πέφυκε),
636 4110 734 4177 τὴν
787 4105 916 4174 περὶ
957 4104 1149 4157 τούτου
1195 4102 1418 4172 λογικὴν
1464 4102 1754 4166 ἀπόδειξιν,

175 4182 278 4255 διά
300 4199 399 4269 τῆς
419 4199 642 4267 εὐλόγου
667 4198 1029 4266 άντιστροφῆς
1077 4195 1212 4265 πρὸς
1246 4194 1344 4264 τὴν
1372 4192 1629 4263 ἀλήθειαν
1661 4192 1758 4264 δρ-

179 4291 300 4353 θῶς
325 4290 686 4360 ⁴ιτοδηγοῖισαν,
718 4288 931 4349 ἑαυτοῖς
957 4283 1409 4356 προϐαλλόμενοι.
1447 4284 1509 4336 El
1540 4284 1649 4354 1&9
1690 4283 1759 4337 τὰ

178 4383 420 4438 καθόλου
455 4383 513 4434 ὲν
535 4383 650 4443 τοῖς
676 4380 820 4433 κατὰ
853 4378 1015 4449 μέρος
1043 4378 1369 4447 ὑφέστηκεν,
1406 4375 1658 4445 οὐδαμῶς
1697 4376 1759 4428 τὸ

1853 3192 1998 3262 quod
2041 3205 2182 3245 unus
2212 3191 2355 3243 Deus
2400 3189 2566 3243 rebus
2593 3190 2850 3243 omnibus
2880 3200 3099 3259 praestet
3134 3193 3426 3261 providen-

1857 3286 1983 3339 tiam
2029 3298 2154 3337 cum
2201 3285 2288 3350 pia
2323 3282 2578 3335 libertate
2626 3282 2713 3349 pie
2767 3282 2928 3335 nobis
2976 3282 3109 3350 ipsis
3154 3284 3424 3337 rationem

1854 3376 2169 3439 deﬁnimus,
2207 3374 2371 3441 idque
2424 3387 2534 3426 non
2600 3373 2739 3440 parti
2800 3373 2997 3435 solum,
3057 3374 3270 3427 caeteris
3314 3391 3424 3429 non

1857 3468 2024 3531 item,
2074 3465 2350 3536 quomodo
2395 3463 2616 3533 quidam
2668 3464 2738 3517 de
2793 3464 3032 3519 ethnicis
3079 3465 3427 3534 philosophis

1856 3570 2124 3626 statuunt,
2155 3560 2251 3614 sed
2280 3558 2584 3614 secundum
2617 3557 2831 3610 unicam
2860 3556 3122 3611 bonitatis
3145 3565 3203 3611 et
3230 3558 3429 3611 immu-

1861 3653 2084 3707 tabilem
2130 3652 2490 3711 voluntatem,
2527 3648 2742 3703 cunctis
2786 3647 3075 3716 aequaliter
3122 3650 3176 3701 in
3209 3649 3430 3702 univer-

1860 3761 1978 3799 sum
2007 3751 2064 3798 et
2095 3743 2430 3812 singulatim,
2462 3740 2601 3794 bene
2643 3740 2796 3807 gnari
2821 3740 2990 3807 quod,
3025 3740 3069 3793 si
3101 3755 3210 3793 non
3241 3756 3425 3809 parem

1860 3836 2072 3905 singula
2099 3849 2326 3903 quaique
2349 3831 2749 3902 providentiam
2775 3840 2938 3900 atque
2971 3831 3222 3887 idoneam
3249 3842 3431 3887 custo-

1862 3927 2005 3980 diam
2042 3927 2354 3987 habuerint,
2390 3923 2701 3977 necessario
2738 3937 2845 3976 una
2876 3923 3043 3976 etiam
3091 3933 3285 3978 cuncta
3333 3939 3431 3992 pe-

1864 4019 2034 4070 ritura
2065 4017 2175 4069 sint
2205 4016 2351 4084 (nam
2379 4028 2445 4067 ex
2472 4012 2702 4082 singulis
2729 4012 3058 4066 universitas
3081 4017 3340 4083 constat),
3375 4023 3431 4067 et

1862 4107 2183 4160 rationalem
2241 4105 2403 4173 hujus
2455 4102 2533 4155 rei
2588 4102 3129 4164 demonstrationem,
3168 4118 3289 4170 qua:
3336 4118 3465 4171 per-

1864 4198 2113 4250 idoneam
2163 4194 2528 4249 inversionem
2576 4192 2642 4245 ad
2696 4191 2982 4246 veritatem
3038 4192 3141 4247 rite
3187 4194 3431 4257 dedunt,

1863 4289 1966 4343 sibi
2003 4296 2388 4357 proponentes.
2416 4285 2552 4338 Nam
2588 4284 2632 4338 si
2668 4284 2923 4337 universa
2960 4284 3014 4337 in
3044 4284 3274 4352 singulis
3299 4302 3433 4340 con—

1863 4388 2030 4441 stant,
2060 4392 2239 4447 neque
2268 4377 2381 4430 ullo
2412 4375 2574 4429 modo
2603 4390 2700 4443 per
2729 4390 2787 4427 se
2820 4374 2935 4443 ipsa
2964 4390 3083 4429 esse
3116 4385 3278 4444 atque
3306 4392 3436 4430 eon-

182 4474 455 4543 σιαράπαν
478 4471 570 4523 τὸν
595 4470 690 4523 τοῦ
721 4468 846 4521 καθ’
870 4467 1011 4521 αὐτὰ
1040 4462 1178 4518 εἶναι
1212 4482 1272 4517 τε
1318 4464 1412 4517 καὶ
1460 4464 1747 4532 ὑφεστάναι

1863 4480 2026 4533 stare,
2056 4477 2347 4538 postquam
2378 4467 2589 4536 singula
2620 4466 2952 4527 interierint,
2985 4466 3209 4533 cogitari
3240 4469 3432 4521 admit-

182 4567 349 4631 λόγον
379 4562 562 4634 (ιῚΑ
593 4565 647 4625 a)
680 4559 1040 4629 ὲπιδεχόμενα
1086 4557 1197 4610 τῶν
1245 4557 1385 4609 κατὰ
1422 4556 1586 4626 μέρος
1643 4555 1760 4608 δια-

186 4657 587 4727 φθειρομένων,
610 4652 771 4705 παντί
794 4669 895 4703 που
923 4650 1080 4717 δῆλόν
1108 4652 1253 4702 ἐστιν
1279 4648 1355 4710 ὡς
1383 4648 1503 4699 οὐδὲ
1533 4648 1601 4699 τά
1631 4647 1764 4700 καθ·

188 4749 321 4801 ὀλου
354 4747 630 4817 ἅτήσεται.
662 4744 746 4797 Τὰ
787 4743 929 4813 μέρη
965 4743 1073 4811 γὰρ
1111 4742 1167 4792 ὲν
1212 4742 1333 4801 ταῖς
1382 4740 1617 4808 όλότησι,
1668 4740 1763 4791 καὶ

185 4842 250 4894 at
284 4839 541 4909 δλότητες
580 4838 639 4889 ἐν
661 4839 771 4898 τοῖς
804 4835 996 4903 μέρεσι
1028 4832 1119 4884 καὶ
1145 4832 1251 4883 εἶσὶ
1283 4833 1375 4884 καὶ
1403 4832 1760 4901 ὺφεστήκασι.

185 4933 308 4985 Καὶ
339 4932 510 4993 οὐδεὶς
533 4930 750 4998 ἀντερεῖ
769 4927 928 4993 λόγος
948 4944 962 4957 ·
992 4925 1131 4993 πλὴν
1158 4925 1239 4977 ὅτι
1260 4924 1365 4976 ὑπὸ
1384 4924 1483 4992 τῆς
1508 4922 1764 4992 ἀληθείας

186 5027 382 5094 ὥσπερ
406 5023 604 5093 δεσμού
615 5038 765 5091 μενοι
794 5022 1020 5081 ἄκοντες
1051 5019 1146 5070 καὶ
1176 5017 1330 5069 αὐτοὶ
1362 5016 1464 5085 τῆς
1509 5016 1763 5085 προνοίας

185 5116 294 5185 τὴν
320 5113 547 5181 δύναμιν
567 5109 951 5177 ὲξαγγέλλουσι
974 5106 1070 5160 καὶ
1092 5105 1178 5158 διὰ
1203 5105 1422 5158 πάντων
1442 5105 1648 5174 διήκειν
1663 5121 1764 5158 κα-

186 5201 592 5265 τασκευάζουσι
618 5202 686 5254 δι’
718 5193 793 5253 ὧν
822 5199 1007 5256 αὐτοῖς
1052 5194 1522 5249 κατεσπούδασαν.
1564 5196 1764 5261 Λέγον-

185 5305 288 5357 τες
320 5293 428 5366 γὰρ
460 5293 567 5346 ὑπὸ
595 5292 691 5363 τῆς
718 5292 975 5363 προνοίας
997 5288 1222 5357 ἄγεσθαι
1252 5288 1387 5357 μόνα
1419 5287 1487 5339 τὰ
1513 5286 1762 5351 καθόλου,

187 5386 487 5456 λελήθασιν
519 5385 749 5447 ἑαυτοὺς
779 5384 872 5437 καὶ
912 5382 1020 5435 τῶν
1060 5381 1201 5436 κατὰ
1245 5380 1411 5450 μέρος
1452 5382 1589 5431 εἶναι
1632 5378 1763 5447 πρό-

188 5496 347 5534 νοιαν
373 5477 645 5545 λέγοντες,
674 5476 733 5539 ἐξ
764 5477 1013 5543 ἀνάγκης
1040 5474 1176 5544 πρὸς
1226 5473 1325 5541 τὴν
1369 5470 1647 5541 ἀλήθειαν,
1702 5469 1768 5538 ἢν

190 5571 422 5639 φεύγειν
469 5568 882 5632 σπουδάζουσιν,
913 5566 1283 5636 ὑπαγόμενοι.
1341 5565 1402 5617 Εἰ
1452 5562 1560 5632 1&9
1606 5561 1768 5631 χάριν

1868 4570 2009 4625 tunt,
2045 4576 2226 4622 nemo,
2260 4567 2411 4627 puto,
2440 4574 2548 4611 non
2584 4557 2793 4611 videbit
2822 4572 2923 4610 nec
2966 4558 3080 4625 ipsa
3115 4575 3271 4627 posse
3315 4566 3440 4613 uni-

1865 4667 2020 4705 versa
2055 4661 2218 4704 stare.
2252 4650 2443 4703 Partes
2472 4649 2618 4701 enim
2658 4647 2711 4700 in
2759 4647 2989 4710 totitate,
3019 4657 3075 4701 et
3109 4649 3351 4702 tmitates
3383 4653 3437 4704 in
3492 4702 3495 4705 λ

1868 4742 2112 4809 partibus
2135 4750 2241 4793 tam
2270 4746 2397 4791 sunt
2420 4751 2583 4806 quam
2609 4735 2936 4790 subsistunt.
2958 4736 3145 4803 Neque
3168 4737 3274 4790 ulla
3300 4737 3437 4791 ratio

1868 4835 2223 4900 obloquetur;
2253 4829 2358 4882 nisi
2387 4828 2530 4897 quod
2559 4843 2588 4879 a
2610 4828 2841 4880 veritate
2872 4835 3126 4894 tanquam
3155 4828 3438 4883 constricti

1866 4927 2023 4980 inviti
2056 4925 2139 4977 vel
2176 4923 2280 4992 ipsi
2325 4920 2683 4990 providentiae
2716 4919 2825 4971 vim
2862 4919 3162 4987 praedicant
3195 4935 3293 4987 per
3324 4935 3443 4972 om-

1867 5018 1956 5072 nia
1987 5030 2209 5071 currere
2236 5022 2399 5082 atque
2433 5019 2685 5064 astruunt
2715 5025 2814 5077 per
2839 5024 2902 5062 ea
2933 5009 3135 5076 quibus
3169 5008 3271 5059 sibi
3299 5016 3444 5059 sata-

1866 5117 2021 5178 gunt.
2060 5106 2316 5159 Dicentes
2343 5102 2489 5156 enim
2517 5116 2545 5153 a
2578 5099 2923 5167 providentia
2948 5096 3290 5147 solummodo
3321 5100 3442 5149 uni-

1869 5213 2025 5251 versa
2073 5194 2235 5258 duci,
2283 5185 2640 5259 providentia:
2686 5184 2741 5236 in
2799 5184 3324 5237 commemoratione
3384 5200 3442 5238 se

1870 5290 2018 5357 ipsos
2058 5298 2178 5338 esse
2214 5279 2513 5350 particulas
2555 5276 2976 5339 obliviscuntur,
3014 5276 3339 5329 necessitate
3373 5276 3441 5329 ad

1865 5378 2172 5436 veritatem,
2204 5386 2365 5439 quam
2399 5367 2646 5422 devitarc
2676 5365 2919 5425 student,
2954 5364 3197 5419 deducti.
3230 5366 3364 5419 Nam
3394 5366 3441 5419 si

1866 5465 2224 5539 perennitatis
2256 5461 2427 5532 gratia
2463 5459 2718 5513 universa
2767 5466 2994 5510 censent
3040 5456 3441 5526 providentiam

1866 5558 2088 5619 mereri,
2121 5570 2237 5610 eam
2270 5553 2442 5606 multo
2485 5550 2649 5604 citius
2690 5548 2889 5601 mereri
2932 5547 3143 5618 singula
3170 5556 3441 5613 statuunt,

1480 5678 1713 5733 VARUE
1757 5674 2159 5734 LECTIONES.

274 5757 319 5789 ¹³
350 5760 533 5826 σννροῖς
571 5754 695 5810 cod.
727 5755 871 5811 Gud.
