4192 6434
206 378 342 445 υθἹ

1440 362 1954 442 ΑΜΒΙῧυΟΒΠΜ
1997 380 2245 440 LIBER.

3308 374 3442 438 1194

197 486 408 560 χρείαις
440 488 531 541 καὶ
556 489 950 563 ἐπιτηδεύμασι
974 489 1068 544 καὶ
1100 489 1287 552 αὑτοῖς
1322 495 1432 554 τοῖς
1475 493 1617 547 κατὰ
1659 492 1764 561 ψυ-

1879 500 1922 546 :t
1950 491 2055 544 alia
2103 489 2361 543 accidunt
2411 505 2516 542 una
2562 496 2936 543 commutatur
2986 486 3264 559 (versatile
3296 492 3444 545 enim

194 578 303 650 χὴν
332 580 613 651 λογισμοῖς
640 582 890 654 ἀπείροις
916 577 1037 634 οὖσι
1074 581 1281 654 σχεδὸν,
1330 582 1426 634 καὶ
1471 584 1606 635 πᾶσι
1658 586 1767 645 τοῖς

193 672 323 724 καθ’
348 672 591 742 ἑκάστην
613 674 826 743 ἡμέραν
856 674 948 726 καί
969 673 1120 744 ὥραν
1149 673 1610 744 ὲπισυμϐαίνουσι
1635 689 1770 742 συμ-

196 763 678 833 μεταϐαλλομένου
723 764 1116 835 (ἀγχίστροφον
1158 763 1269 833 γὰρ
1300 762 1463 816 τοῦτο
1491 763 1554 815 τὸ
1574 762 1714 827 ζῶον
1741 763 1770 815 ό

191 856 504 926 ἄνθρωπος,
528 855 701 919 ὀξέως
733 857 849 919 τοῖς
877 858 1090 926 καιροῖς
1118 856 1211 908 καὶ
1237 857 1358 917 ταῖς
1389 852 1601 925 χρείαις
1630 869 1770 923 συμ-

194 946 719 1016 μεταϐαλλόμενον),
767 947 981 1017 ἀνάγκη
1025 948 1176 1000 πᾶσα
1216 948 1308 999 καὶ
1348 945 1451 1017 τὴν
1488 946 1769 1016 πρόνοιαν,

190 1040 623 1111 προγνωστικῶς
649 1041 829 1095 πάντα
858 1041 1243 1109 πνειληφυίαν
1264 1040 1409 1094 κατὰ
1427 1038 1773 1111 περιγραφὴν

188 1134 261 1184 τὰ
294 1132 416 1185 καθ’
448 1131 681 1198 ἕκαστα,
712 1133 969 1203 διάφορόν
997 1150 1057 1185 τε
1084 1136 1180 1186 καὶ
1207 1132 1459 1202 ποικίλην
1486 1131 1771 1201 φαίνεσθαι

190 1225 289 1275 καὶ
323 1223 639 1293 πολυσχιδῆ,
672 1224 768 1278 καὶΙ
788 1228 856 1294 τῇ
887 1225 994 1276 τῶν
1015 1223 1478 1294 πεπληθυσμένων
1497 1224 1766 1293 ἀκαταλη-

189 1312 299 1383 et;
330 1314 818 1385 συνεκτεινομένην
856 1313 1075 1384 ἑκάστῳ
1113 1313 1444 1385 προσφόρως
1479 1311 1601 1366 καθ’
1640 1311 1771 1366 ἐκα-

195 1420 326 1456 στον
355 1404 449 1457 καὶ
478 1406 713 1476 πρᾶγμα
754 1404 851 1458 καὶ
887 1404 1086 1475 νόημα,
1132 1406 1295 1476 μέχρι
1336 1406 1434 1458 καὶ
1463 1403 1571 1458 τῶν
1601 1403 1772 1472 ψιλῶν

194 1497 517 1566 κινημάτων
546 1496 656 1551 τῶν
685 1497 825 1550 κατὰ
848 1497 1029 1568 ψυχὴν
1056 1498 1330 1567 καὶσῶμα
1346 1497 1769 1566 συνισταμένων,

189 1584 555 1654 ἁρμόζεσθαι.
597 1582 775 1639 Eia-5v
820 1587 930 1640 τῶν
982 1590 1124 1641 κατὰ
1174 1587 1338 1658 μέρος
1387 1587 1773 1658 ἀκατάληπτός

186 1678 344 1728 ἐστιν
368 1679 401 1747 ἡ
434 1677 689 1748 διαφορὰ,
724 1679 820 1731 καὶ
842 1679 940 1749 τῆς
969 1678 1317 1751 ἁρμοζούσης
1343 1679 1526 1743 αὐτοῖς
1552 1678 1774 1743 εἰκότως

185 1772 454 1839 προνοίας
482 1770 716 1839 ἄπειρος⁸
749 1771 778 1823 ό
803 1770 980 1838 λόγος,
1016 1770 1134 1823 ἀλλ’
1166 1771 1288 1833 οὐκ,
1330 1771 1518 1841 ἐπειδὴ
1549 1770 1773 1841 ἄπειρός

184 1877 252 1911 τε
288 1860 381 1913 καὶ
407 1861 684 1929 ἄγνωστος
718 1861 851 1932 ἡμῖν
878 1862 978 1930 τῆς
1009 1861 1120 1914 τῶν
1147 1860 1288 1915 κατὰ
1318 1862 1482 1932 μέρος
1519 1863 1775 1934 προνοίας

184 1951 216 2001 ὁ
254 1949 414 2018 λόγος
441 1951 724 2021 τυγχάνει,
770 1952 868 2024 τὴν
914 1953 1051 2006 ἰδίαν
1085 1953 1309 2022 ἄγνοιαν
1343 1953 1622 2023 ἀναίρεσιν
1653 1971 1774 2007 ποι-

186 2040 376 2094 εῖσθαι
399 2040 501 2111 τῆς
537 2042 816 2110 πανσόφου
847 2043 957 2096 τῶν
984 2043 1155 2096 ὄντων
1194 2043 1531 2114 κηδημονίας
1573 2042 1778 2112 ὀφείλο-

191 2150 321 2204 μεν,
354 2134 531 2186 πάντα
559 2133 619 2186 δὲ
658 2133 849 2197 ἁπλῶς
883 2134 981 2187 καὶ
1020 2135 1415 2202 ἀνεξετάστως,
1456 2133 1776 2205 θεοπρεπῶς

186 2241 255 2277 τε
285 2226 377 2276 καὶ
399 2224 808 2295 συμφερόντως,
838 2224 906 2276 τὰ
937 2223 1037 2292 τῆς
1058 2225 1315 2292 προνοίας
1355 2223 1539 2293 (175
1566 2225 1617 2290 ὁ)
1681 2227 1777 2291 ὲφ-

191 2318 390 2385 υμνεῖν
420 2314 559 2386 ἔργα
586 2315 680 2369 καὶ
709 2312 1088 2384 ἀποδέχεσθαι,
1110 2314 1207 2367 καὶ
1235 2312 1413 2377 καλῶς
1446 2312 1688 2381 γίνεσθαι
1711 2313 1778 2367 τὰ

190 2409 458 2477 γινόμενα
491 2408 793 2470 πιστεύειν,
844 2406 949 2461 κᾶν
988 2407 1120 2476 ἡμῖν
1160 2406 1188 2459 ὁ
1225 2405 1383 2473 λόγος
1412 2407 1561 2460 ἐστὶν
1586 2405 1779 2474 ἀνέφι-

192 2517 348 2563 κτος.
373 2501 560 2553 Πάντα
579 2499 634 2552 δὲ
657 2498 833 2567 λέγων
868 2499 939 2552 τά
969 2499 1067 2569 τῆς
1097 2498 1359 2569 προνοίας
1392 2499 1555 2567 φημὶ,
1581 2497 1642 2550 οὑ
1671 2497 1779 2567 γὰρ

190 2590 270 2643 τὰ
293 2590 477 2653 κακῶς
508 2589 598 2658 ὑφ’
632 2589 791 2659 ἡμῶν
819 2590 963 2644 κατὰ
990 2589 1082 2642 τὸν
1114 2588 1209 2642 τοῦ
1247 2588 1293 2621 ¹³
1328 2588 1415 2657 ἐφ’
1456 2589 1589 2658 ἡμῖν
1622 2588 1781 2655 λόγον

190 2680 462 2749 γινόμενα
485 2695 498 2707 ο
535 2677 711 2731 ταῦτα
739 2678 850 2748 γὰρ
882 2679 976 2731 τοῦ
1001 2677 1144 2731 κατὰ
1172 2676 1274 2747 τὴν
1320 2676 1582 2747 πρόνοιαν
1622 2674 1780 2741 λόγου

191 2768 479 2831 παντελῶς
500 2768 777 2840 ἀλλότρια.
804 2768 907 2821 Τὸν
927 2768 1026 2839 μὲν
1049 2767 1147 2820 οῦν
1170 2766 1569 2837 σημαινόμενον
1584 2764 1781 2835 τρόπον

192 2862 330 2932 περὶ
357 2860 461 2931 τῆς
488 2860 599 2914 τῶν
623 2860 795 2928 ἁγίων
821 2858 963 2913 κατὰ
996 2858 1089 2912 τὸν
1120 2856 1281 2926 λόγον
1304 2856 1399 2910 καὶ
1431 2854 1529 2926 τὴν
1545 2856 1780 2924 θεωρίαν

190 2952 479 3023 δυνάμεώς
525 2969 587 3007 τε
636 2952 732 3006 καὶ
780 2952 1002 3021 χάριτος
1045 2950 1152 3004 ὑπὸ
1179 2948 1272 3003 τοῦ
1314 2940 1552 3020 μεγάλου
1586 2946 1780 2999 τούτου

190 3045 520 3102 διδασκάλου
555 3045 699 3100 κατὰ
724 3046 786 3098 τὸ
821 3044 1047 3097 δυνατὸν
1090 3041 1485 3113 στοχαπικῶς,
1530 3039 1643 3093 ἀλλ’
1680 3040 1781 3092 οὑκ

194 3136 592 3205 ἀποφαπικῶς
616 3135 820 3208 (πολλῷ
844 3135 955 3216 γάρ
974 3134 1330 3189 ἀπολείπεται
1358 3134 1437 3203 τῷ
1470 3134 1653 3203 μέτρῳ
1682 3132 1780 3199 τῆς

196 3228 322 3279 κατ’
378 3226 540 3280 αὑτὸν
584 3225 845 3297 ἀληθείας
882 3226 911 3276 ὁ
943 3224 1214 3295 ἡμέτερος
1249 3222 1418 3292 νοῦς),
1456 3223 1541 3274 διὰ
1568 3222 1674 3272 τῶν
1704 3222 1781 3273 εἰ·

197 3313 457 3382 ρημένων
486 3311 816 3383 ὑποδραμὼν
848 3312 928 3383 τῷ
957 3312 1123 3383 λόγῳ,
1156 3313 1251 3366 καὶ
1279 3312 1469 3381 ὥσπερ
1494 3309 1781 3381 ἰχνηλατή-

198 3422 324 3468 σας,
359 3404 560 3459 τοιόνδε
587 3403 710 3459 καθ’
743 3406 1003 3459 ὑπόνοιαν
1041 3405 1202 3475 μόνον
1227 3406 1390 3475 φημί.

199 3588 425 3655 Θεωρία
457 3586 743 3656 διάφορος
798 3585 909 3652 τῆς
952 3585 1339 3652 διαϐαθείσης
1386 3584 1506 3639 ὑπὸ
1538 3584 1655 3637 τῶν
1713 3586 1779 3638 ἀ·

272 3683 419 3753 τίων
472 3682 693 3750 ὑλικῆς
740 3681 987 3748 δυάδος,
1023 3682 1121 3735 καὶ
1176 3682 1269 3747 τίς
1298 3680 1336 3749 ή
1366 3680 1436 3732 ἐν
1477 3678 1550 3747 τῇ
1591 3676 1781 3745 Τριάδι

270 3773 575 3843 νοουμένη
607 3773 821 3842 ἑνότης
855 3774 950 3843 (ο).

276 3887 377 3940 Διὰ
400 3888 456 3941 δὲ
485 3883 579 3940 τοῦ
616 3887 757 3958 ὑπὲρ
784 3886 884 3958 τὴν
909 3887 1103 3958 ὑλικὴν
1146 3887 1313 3941 δυάδα
1358 3886 1633 3956 γενέσθαι,
1691 3888 1783 3942 διὰ

195 3979 300 4049 τὴν
328 3979 385 4030 ὲν
412 3979 479 4048 τῇ
509 3976 701 4044 Τριάδι
734 3977 1030 4047 νοουμένην
1068 3977 1316 4047 ἑνότητα,
1376 3977 1439 4029 τὸ
1491 3976 1632 4045 ὑπὲρ
1681 3977 1781 4046 τὴν

205 4068 345 4138 ὑλην
376 4066 633 4137 γενέσθαι
660 4065 756 4119 καὶ
778 4065 839 4118 τὸ
868 4061 1029 4130 εἶδος,
1068 4066 1129 4131 ἐξ
1156 4062 1231 4119 ὧν
1262 4066 1333 4120 τὰ
1363 4064 1611 4136 σώματα,
1656 4066 1783 4128 τοὺς

195 4161 396 4229 ἁγίους
424 4158 609 4227 λέγειν
645 4153 859 4213 ὑπονοῶ
885 4158 1069 4223 αὑτὸν,
1109 4158 1143 4228 ἦ
1173 4161 1272 4229 τὴν
1317 4159 1497 4230 σάρκα
1549 4157 1645 4211 καὶ
1684 4157 1783 4228 τὴν

198 4254 364 4322 ὓλην,
389 4252 570 4324 ἇσπερ
595 4253 917 4324 διασχόντας
949 4251 1053 4322 εφη
1104 4250 1225 4322 Θεῷ
1280 4251 1640 4318 συγγενέσθαι
1689 4249 1784 4302 καὶ

1871 584 1994 647 hoc,
2051 582 2139 636 cui
2200 582 2366 634 homo
2417 596 2618 636 nomen
2671 588 2777 646 est,
2848 581 3074 643 animal,
3144 581 3257 635 cito
3308 591 3449 635 tom-

1870 673 2098 742 poribus
2125 680 2289 741 atque
2321 670 2738 727 necessitatibus
2756 671 3199 744 commutatum),
3224 688 3449 728 necesse

1868 772 1954 817 est
2000 763 2227 817 omnino
2258 762 2661 833 providentiam
2702 777 2945 834 quoque,
2978 766 3204 833 przescie
3251 774 3449 820 cuncta

1871 870 1971 923 per
2008 855 2219 923 singula
2264 855 2473 909 ambitu
2521 864 2624 909 suo
2666 856 3144 924 complectentem,
3174 858 3448 911 diversam

1868 958 1926 999 et
1956 946 2164 1000 variam
2205 954 2260 999 et
2304 946 2663 1015 multiplicem
2692 947 2889 1011 videri,
2937 957 3123 1016 atque,
3169 964 3294 1003 cum
3343 965 3451 1004 una

1870 1052 1997 1092 cum
2032 1039 2200 1093 rebus
2225 1038 2363 1094 adeo
2395 1040 2775 1108 multiplicatis
2821 1045 2882 1093 ut
2922 1054 3157 1095 numero
3196 1053 3450 1110 compre-

1872 1129 2038 1184 hendi
2059 1138 2336 1199 nequeant
2356 1130 2706 1195 extendatur,
2729 1127 3035 1187 secundum
3056 1131 3261 1187 factum
3278 1129 3454 1202 quod-

1870 1234 1978 1290 que
2019 1227 2076 1274 et
2118 1220 2437 1290 cogitatum,
2470 1220 2553 1273 vel
2592 1234 2764 1289 usque
2792 1221 2846 1275 in
2886 1229 3081 1276 tenues
3111 1237 3235 1292 quas
3280 1218 3451 1276 menti

1871 1320 1966 1365 aut
1988 1311 2204 1380 corpori
2229 1310 2553 1365 oboriantur
2584 1315 2766 1366 motus
2793 1311 3089 1382 unicuique
3118 1312 3452 1368 convenien-

1868 1412 1956 1459 ter
1998 1403 2423 1457 accommodari.
2461 1400 2619 1468 Quod
2666 1402 2713 1458 si
2760 1402 3101 1473 singulorum
3139 1402 3454 1461 diﬁ‘erentla

1872 1496 2152 1549 notionem
2193 1495 2430 1558 excedit,
2462 1498 2519 1549 et
2551 1493 2765 1550 inﬁnita
2809 1502 2895 1549 est
2928 1496 3068 1549 ratio
3098 1494 3457 1565 providentiae

1874 1586 1984 1641 illis
2033 1600 2091 1640 se
2121 1587 2515 1642 convenienter
2555 1587 3044 1652 accommodantis,
3091 1586 3320 1643 minime
3374 1596 3457 1643 ta.

1874 1692 2021 1741 men,
2051 1690 2176 1731 cum
2213 1677 2424 1732 inﬁnita
2458 1684 2513 1733 et
2546 1679 3005 1749 iiiipereeptibilis
3035 1678 3197 1735 nobis
3223 1676 3295 1735 sit
3324 1692 3457 1751 proe

1874 1768 2131 1823 videmiae
2176 1769 2419 1839 singulas
2461 1773 2642 1839 partes
2685 1770 3037 1840 procvrantis
3084 1766 3264 1835 ratio,
3327 1766 3458 1827 inde

1876 1860 2099 1930 prOpria
2148 1860 2455 1929 ignorantia
2504 1860 2964 1930 sapientissimam
3016 1872 3200 1917 rerum
3248 1864 3457 1921 natura

1876 1952 2322 2020 procurationem
2360 1951 2553 2007 tollere
2579 1951 2866 2015 debemus,
2903 1952 2997 2008 sed
3034 1953 3218 2009 omnia
3247 1948 3461 2024 simpli-

1877 2042 2016 2097 citer
2045 2052 2103 2099 et
2127 2044 2246 2098 sine
2274 2045 2547 2110 examine,
2573 2046 2686 2101 Deo
2712 2046 3107 2102 convenienter
3133 2055 3191 2102 et
3224 2046 3456 2111 utiliter,

1876 2132 2235 2203 providentia:
2281 2135 2508 2190 laudare
2540 2150 2707 2205 opera
2756 2145 2814 2190 et
2854 2140 3079 2207 accepta
3128 2136 3357 2204 referre,
3401 2146 3461 2194 et

1876 2239 1999 2292 qua:
2037 2224 2175 2278 ﬁunt
2217 2225 2360 2280 bene
2395 2226 2513 2280 ﬁeri
2559 2226 2862 2293 conﬁdere,
2924 2228 3140 2283 etiamsi
3190 2227 3461 2285 rationem

1877 2328 2068 2367 eorum
2099 2330 2207 2367 non
2237 2330 2529 2382 possumus
2554 2319 2794 2387 assequi.
2828 2318 3035 2375 CunCta
3064 2333 3199 2375 vero
3224 2315 3273 2376 si
3311 2317 3459 2387 dico,

1881 2406 2237 2474 providentiae
2276 2421 2366 2461 res
2404 2406 2551 2471 dico,
2578 2407 2834 2464 videlicet
2862 2425 2971 2464 non
3000 2425 3064 2465 ea
3097 2420 3221 2481 qua:
3243 2429 3275 2467 a
3301 2408 3462 2470 nobis

1879 2496 2179 2550 secundum
2244 2505 2445 2551 nostra:
2493 2497 2793 2553 voluntatis
2841 2502 2898 2554 et
2946 2497 3144 2556 indolis
3190 2503 3462 2561 rationem

1880 2604 2045 2657 prave
2090 2588 2261 2653 ﬁunt;
2290 2588 2406 2643 ιιωο
2432 2587 2581 2642 enim
2605 2602 2635 2643 a
2660 2589 3022 2658 providentiae
3054 2593 3268 2649 ratione
3301 2595 3463 2665 plane

1881 2680 2107 2733 absona.
2144 2679 2364 2733 Modum
2411 2679 2579 2749 igitur
2611 2680 2896 2737 rationalis
2935 2688 2992 2736 et
3023 2685 3464 2756 contemplatin

1882 2779 2197 2824 sanctorum
2231 2769 2520 2839 potestatis
2548 2778 2605 2825 et
2648 2770 2839 2841 gratia:
2870 2771 2940 2827 ab
2982 2784 3180 2845 magno
3209 2774 3317 2832 hoc
3344 2792 3463 2834 ma-

1880 2861 2051 2929 gistro
2075 2859 2443 2930 signiﬁcatum
2476 2869 2769 2931 postquam
2799 2863 3138 2933 conjectura,
3168 2881 3280 2921 non
3311 2875 3466 2923 certa

1882 2953 2337 3022 interpretatione
2363 2952 2619 3023 (multum
2643 2954 2792 3009 enim
2817 2955 2974 3011 abest
3000 2959 3063 3011 ut
3089 2970 3249 3014 mens
3274 2968 3464 3016 nostra

1883 3043 2029 3097 illius
2054 3042 2342 3097 veritatem
2365 3042 2711 3114 mquiparet),
2737 3060 2837 3114 per
2856 3044 3000 3101 bane
3033 3045 3465 3116 disputationem

1882 3134 2053 3188 verbo
2083 3133 2305 3203 assequi
2343 3134 2573 3205 ejusque
2616 3136 2776 3205 quasi
2806 3137 3037 3208 vestigia
3069 3138 3330 3211 indagare
3367 3157 3464 3199 co-

1884 3235 2046 3281 natus
2068 3241 2212 3291 sum,
2241 3226 2404 3282 talem
2437 3242 2559 3283 esse
2588 3227 2853 3282 duntaxat
2882 3229 3153 3299 suspicor.

1882 3581 2269 3651 Contemplatio
2331 3582 2534 3635 diversa
2604 3593 2874 3653 superata:
2939 3604 2973 3640 a
3036 3593 3234 3647 sanctis
3296 3605 3465 3650 mate-

1952 3671 2101 3726 rialis
2134 3673 2341 3743 dyadis,
2375 3683 2425 3726 et
2471 3690 2719 3744 quwnam
2760 3678 2816 3731 in
2841 3678 3100 3735 Trinitate
3137 3681 3468 3758 intelligatur

1953 3766 2146 3819 unitas.

1951 3879 2108 3946 Quod
2128 3890 2311 3935 autem
2344 3883 2683 3938 matcrialem
2713 3883 2945 3955 dyudem
2978 3900 3243 3959 superent
3268 3898 3467 3963 sancti,

1881 3984 2107 4044 propter
2128 3976 2396 4029 unitatem
2421 3975 2477 4030 in
2494 3976 2766 4033 Trinitate
2791 3980 3152 4049 intellectam,
3170 3986 3467 4056 signiﬁcari

1881 4064 1951 4119 ab
1981 4080 2047 4120 eo
2075 4065 2327 4135 suspicor
2354 4068 2640 4123 materiam
2669 4080 2834 4140 atque
2865 4071 3120 4140 formam,
3164 4077 3311 4133 unde
3340 4089 3470 4135 sunt

1880 4168 2133 4223 corpora,
2161 4164 2445 4224 superatas
2468 4165 2564 4211 aut
2591 4172 2813 4214 carnem
2838 4169 2896 4215 et
2923 4165 3235 4229 materiam,
3265 4170 3470 4238 quibus

1882 4245 2147 4315 disruptis
2174 4262 2298 4301 cum
2328 4247 2440 4302 Deo
2465 4252 2745 4320 congressi
2775 4254 3070 4321 purissima
3100 4258 3226 4312 luce
3258 4270 3469 4329 tempe-

195 4346 282 4415 τῷ
340 4346 794 4417 ἀκραιφνεστάτῳ
846 4344 1119 4415 κραθῆναι
1163 4343 1304 4412 φωτὶ
1356 4342 1778 4412 καταξιωθῆναι,

1886 4338 1997 4392 rari
2033 4346 2199 4407 atque
2231 4338 2488 4408 perfundi
2522 4343 2746 4407 mereri,
2781 4344 2886 4399 hoc
2915 4354 3002 4400 est
3025 4347 3222 4403 animae
3246 4349 3315 4404 ad
3346 4366 3470 4404 car-

196 4437 455 4490 τουτέστι
480 4439 581 4508 τὴν
603 4437 743 4507 πρὸς
787 4434 885 4506 τὴν
944 4437 1125 4505 σάρκα
1184 4435 1286 4504 τῆς
1340 4434 1523 4504 ψυχῆς
1576 4434 1783 4504 σχέσιν,

198 4531 301 4583 καὶ
324 4528 412 4582 διὰ.
441 4528 544 4599 τῆς
578 4528 783 4603 σαρκὸς
814 4527 952 4599 πρὸς
984 4528 1082 4598 τὴν
1116 4526 1271 4597 ὓλην,
1330 4526 1362 4596 ἢ
1422 4526 1650 4580 καθόλου
1704 4528 1784 4579 εἰ·

200 4623 350 4685 πεῖν,
380 4620 563 4691 πάσης
578 4619 679 4690 τῆς
694 4618 1018 4689 αἰσθητικῖμς
1038 4618 1227 4680 οὐσίας
1242 4617 1379 4688 πρὸς
1396 4618 1494 4688 τὴν
1522 4617 1787 4689 αἰσθητὴν

197 4715 577 4786 ἀποθεμένους
620 4714 857 4785 φυσικὴν
902 4714 1234 4783 οἰκειότητα,
1271 4712 1370 4784 τῆς
1404 4713 1460 4765 δὲ
1497 4712 1647 4775 θείας
1692 4711 1788 4782 μό-

197 4825 305 4879 νης
331 4807 571 4878 γνησίως
604 4807 1038 4878 ἐπιλαϐομένους
1094 4806 1357 4873 ἐφέσεως,
1407 4804 1496 4858 διὰ
1542 4804 1663 4873 τὴν,
1710 4802 1785 4865 ὼς

197 4900 366 4969 ἔφην,
398 4900 695 4971 νοουμένην
724 4900 783 4953 ὲν
812 4901 880 4969 τῇ
909 4898 1100 4970 Τριάδι
1140 4897 1388 4965 ἑνότητα.
1437 4894 1628 4964 Μέσην
1676 4893 1787 4963 γὰρ

196 4992 467 5061 κειμένην
513 4990 649 5044 Θεοῦ
702 4989 799 5045 καὶ
846 4989 978 5061 ὕλης
1004 4988 1102 5061 τὴν
1126 4987 1304 5059 ψυχὴν
1332 4985 1657 5053 ἐγνωκότες,
1693 4986 1787 5036 καὶ

196 5083 308 5145 τὰς
328 5082 462 5152 πρὸς
488 5082 658 5153 ἄμφω
686 5082 965 5145 ἑνοποιοὺς
992 5082 1250 5150 δυνάμεις
1275 5079 1522 5149 ἔχουσαν,
1547 5076 1642 5128 τὸν
1662 5075 1787 5129 νοῦν

200 5175 354 5244 λέγω
385 5177 523 5246 πρὸς
541 5176 631 5229 τὸν
652 5176 786 5229 Θεὸν
813 5175 908 5230 καὶ
934 5175 1071 5246 πρὸς
1094 5174 1198 5245 τὴν
1232 5170 1364 5243 ὕλην
1386 5170 1485 5241 τὴν
1510 5167 1783 5239 αἴσθησιν,

197 5268 311 5340 τὴν
360 5268 460 5338 μὲν
514 5268 768 5339 αἴσθησιν
831 5268 971 5339 μετὰ
1015 5267 1123 5321 τῶν
1181 5263 1458 5334 αἰσθητῶν
1506 5261 1784 5325 παντελῶς

204 5359 400 5432 (176
431 5362 487 5424 a)
510 5361 922 5426 άπετινάξαντο,
951 5359 1095 5414 κατὰ
1118 5358 1215 5430 τὴν
1250 5359 1308 5411 ἐν
1339 5354 1581 5411 διαθέσει
1608 5371 1785 5424 σχετι-

203 5454 317 5525 κὴν
347 5453 646 5524 ἐνέργειαν,
675 5454 817 5508 κατὰ
845 5454 901 5507 δὲ
930 5452 1021 5506 τὸν
1047 5452 1171 5505 νοῦν
1198 5450 1508 5522 μονώτατον
1529 5447 1783 5518 ἀρρήτως

1884 4444 2035 4493 nem,
2066 4439 2122 4484 et
2152 4446 2250 4499 per
2278 4446 2501 4487 carnem
2526 4433 2593 4487 ad
2619 4436 2866 4490 materiae
2890 4438 3239 4504 relationem,
3274 4441 3383 4505 vel,
3410 4450 3473 4495 ut

1887 4520 1945 4576 in
1973 4522 2291 4579 universum
2329 4525 2542 4595 loquar,
2577 4528 2728 4582 omni
2774 4530 3018 4585 seusuali
3056 4534 3298 4588 essentia
3343 4550 3470 4590 eum

1887 4612 2136 4668 sensibili
2191 4616 2343 4671 exuti
2388 4619 2695 4673 naturalem
2750 4622 3171 4688 necessitatem,
3220 4625 3470 4680 divinum

1887 4706 2154 4761 duntaxat
2185 4721 2334 4764 recte
2368 4712 2673 4778 appetitum
2709 4716 2908 4775 secuti,
2943 4724 3174 4783 propter
3201 4718 3470 4772 unitatem

1887 4810 2029 4862 quae,
2062 4802 2124 4848 ut
2161 4795 2295 4861 dixi,
2342 4798 2397 4851 in
2428 4798 2697 4856 Trinitate
2744 4802 3093 4874 intelligitur.
3138 4799 3276 4861 Cum
3320 4810 3471 4863 enim

1889 4886 2125 4940 mediam
2169 4888 2314 4943 inter
2347 4890 2520 4945 Deum
2562 4901 2620 4946 et
2649 4895 2938 4949 materiam
2982 4897 3307 4953 collocatam
3353 4902 3473 4954 ani-

1888 4994 2031 5032 mam
2080 4996 2202 5036 esse
2253 4982 2657 5049 intellexerint,
2711 4997 2771 5041 et
2815 4987 3018 5043 habere
3062 4990 3118 5043 in
3174 4998 3471 5062 utrumque

1887 5072 2117 5127 uniendi
2164 5089 2284 5129 sese
2316 5074 2699 5147 conﬁandique
2734 5088 3057 5149 potestates,
3105 5082 3468 5148 intellectum,

1889 5168 2135 5237 inquam,
2182 5168 2238 5222 in
2265 5168 2435 5221 Deum
2481 5179 2537 5224 et
2569 5171 2622 5223 in
2662 5174 2947 5227 materiam
2976 5188 3219 5239 sensum,
3248 5184 3471 5231 sensum

1890 5260 2114 5329 quidem
2142 5276 2249 5314 una
2273 5276 2396 5313 cum
2428 5262 2787 5317 scnsibilibus
2816 5265 2974 5333 plane
3000 5265 3344 5336 abjecerunt,
3374 5284 3475 5338 per

1891 5352 2174 5407 relativam
2224 5352 2277 5405 in
2324 5352 2619 5408 aliectione
2650 5356 3044 5424 operationem,
3072 5361 3130 5413 et
3160 5371 3261 5428 per
3294 5360 3473 5414 scium

1890 5442 2231 5499 intellectum
2262 5443 2530 5500 ineﬁ‘abili
2567 5447 2731 5502 modo
2771 5458 2893 5504 eam
2936 5450 3006 5505 ad
3039 5450 3211 5507 Deum
3253 5464 3472 5508 accom-

1524 5555 1758 5611 V'ARUE
1791 5552 2086 5610 LECTIUN
2096 5554 2193 5609 ES.

282 5662 330 5696 ¹⁸
361 5662 459 5717 Hic
491 5661 840 5728 vocabulum,
870 5660 1017 5730 quod
1049 5674 1176 5714 cum
1202 5656 1294 5711 τοῦ
1323 5658 1605 5727 jungatur,
1631 5652 1903 5710 excidisse
1929 5651 2200 5722 suspicor.

282 5778 360 5850 (0)
386 5778 469 5834 Cf.
497 5778 658 5848 Greg.
690 5780 821 5834 Naz.
859 5778 1010 5833 Orat.
1059 5779 1149 5843 lll,
1190 5778 1264 5831 De
1296 5795 1443 5848 pare,
1476 5794 1595 5849 cap.
1632 5776 1685 5844 8,
1725 5793 1783 5846 p.
1824 5777 1949 5845 430,
1984 5785 2115 5832 ιοιη.
2149 5776 2190 5843 l,
2218 5775 2356 5847 Opp.
2389 5777 2479 5835 ed.
2517 5778 2649 5833 Ben.

533 5872 803 5932 PATROL.
837 5874 953 5933 Gn.
994 5874 1151 5932 XCI.

3120 5875 3196 5935 38
