4192 6434
775 387 908 454 1195

2025 389 2309 449 ΜΛΧΙΜῘ
2346 387 2852 449 CONFESSORIS

3884 391 4020 457 1196

773 508 1152 561 mactaverunt.
1184 512 1418 569 quocum
1463 507 1651 562 totum,
1689 508 1945 568 tanquam
1992 499 2180 555 forma:
2225 498 2340 568 pri-

2445 498 2610 569 αύτὴν
2635 497 2713 568 τῷ
2736 497 2855 569 Θεῷ
2882 502 3327 571 προσῳκείωσιν,
3378 499 3512 571 πρὸς
3567 502 3627 554 ὃν
3675 502 3797 555 ὅλον
3840 503 4019 570 άγνὼν

774 591 1024 661 migenim
1072 591 1358 661 imaginem
1423 599 1529 643 tam
1575 599 1755 645 mente
1803 605 1966 661 quam
2020 589 2230 644 ratione
2277 603 2340 643 ac

772 681 990 751 Spiritu,
1025 678 1564 749 incomprehensibili
1609 678 1773 734 modo
1818 679 2062 741 unitam,
2112 687 2173 732 ut
2220 692 2341 747 qua:

771 774 1188 830 similitudinem
1221 773 1461 827 humano
1507 771 1692 842 captui
1739 785 1926 841 parem
1972 769 2219 834 haberet,
2263 767 2341 823 vi-

769 865 982 930 dentes,
1021 863 1285 919 nuitatcm
1330 863 1384 917 in
1427 861 1696 916 Trinitate
1739 860 2069 916 intellectam
2113 860 2340 931 mystice

771 957 1105 1010 didicerunt.
1140 954 1389 1010 Fortasse
1412 967 1544 1009 vero
1571 952 1737 1008 etiam
1767 954 2010 1008 animum
2049 963 2104 1008 et
2139 967 2341 1007 concu-

769 1047 1090 1116 piscentiam
1125 1046 1457 1101 materialem
1482 1042 1710 1115 dyadem
1741 1044 2036 1114 appellavit
2062 1042 2340 1111 magister,

770 1147 1063 1207 propterea
1098 1135 1243 1205 quod
1279 1134 1522 1191 materiae
1558 1131 1874 1189 adhereaht
1911 1133 2129 1202 sintque
2172 1131 2344 1202 passi-

768 1245 850 1284 va:
878 1229 1072 1284 animae
1097 1228 1268 1298 partis
1298 1234 1618 1298 potestates,
1652 1239 1774 1296 qua:
1807 1240 1930 1281 eum
1959 1223 2170 1279 ratione
2202 1221 2346 1278 sedi-

769 1323 910 1377 tiose
951 1320 1288 1377 contendant
1336 1329 1683 1389 mentemque
1730 1320 1785 1374 in
1820 1317 1990 1372 multa
2037 1314 2345 1371 distrahere

771 1414 1005 1484 possint,
1026 1412 1134 1468 nisi
1159 1412 1229 1467 ab
1253 1411 1413 1467 initio
1444 1411 1547 1466 sibi
1575 1409 1880 1466 coercuerit
1907 1424 2000 1464 eas
2031 1418 2195 1478 atque
2217 1406 2348 1462 sub-

766 1505 1063 1578 jugaverit.
1091 1504 1238 1572 Quas
1261 1504 1307 1559 si
1334 1503 1459 1574 quis
1483 1503 1753 1559 devicerit
1780 1512 1839 1558 et
1863 1516 2087 1558 currere
2111 1516 2223 1572 quo
2247 1501 2345 1556 dc-

771 1598 905 1652 beat
930 1595 1012 1650 eis
1039 1593 1394 1665 persuaserit,
1429 1593 1566 1648 adeo
1595 1602 1654 1648 ut
1696 1592 1927 1648 rationis
1953 1593 2185 1664 imperio
2218 1593 2346 1647 sub-

767 1690 924 1758 jecta:
951 1692 1272 1757 appareant,
1309 1693 1405 1739 aut
1435 1684 1600 1740 etiam
1644 1685 1872 1740 omnino
1917 1685 2206 1754 reliquerit
2229 1700 2343 1747 eas,

2442 604 2580 652 στως
2611 588 2906 642 ἀνωθεῐσαν
2933 590 3062 657 ὅλην
3085 590 3162 650 ὼς
3187 589 3497 660 ἀρχετύπου
3521 591 3707 644 εἰκόνα
3727 592 3870 645 κατά
3897 593 4020 645 νοῦν

2441 675 2535 730 καὶ
2572 675 2729 744 λόγον
2759 676 2857 730 καὶ
2889 675 3129 746 πνεῦμα,
3186 677 3262 741 ὡς
3315 678 3534 747 ἑφικτδν
3579 678 3706 732 καθ’
3758 680 4022 750 ὁμοίωσιν

2441 764 2672 836 ῐχουσαν
2714 767 2775 819 τδ
2807 767 3046 837 ἐμφερὲς
3081 766 3432 839 θεασάμενοι,
3468 770 3570 839 τὴν
3610 771 3668 823 ἐν
3706 774 3773 840 τῇ
3825 772 4021 842 Τριάδι

2442 859 2741 930 νοουμένην
2785 860 3009 929 ἑνότητα
3045 858 3322 930 μυστικῶς
3353 859 3734 932 ἐδιδάχθησαν.
3763 861 3942 931 ’τυχὸν
3969 864 4024 916 δὲ

2443 950 2537 1004 καὶ
2559 949 2649 1004 τὸν
2678 949 2849 1020 θυμὸν
2881 951 2976 1004 καὶ
3001 949 3099 1021 τὴν
3127 949 3424 1019 ιπιθυμίαν
3439 949 3632 1021 ύλικὴν
3649 951 3818 1005 δυάδα
3841 967 4020 1022 προσ-

2447 1041 2749 1113 ηγόρευσεν
2786 1045 2814 1095 ό
2845 1041 3188 1106 διδάσκαλος,
3223 1042 3313 1095 διὰ
3340 1044 3402 1096 τὸ
3458 1043 3764 1114 προσύλους
3801 1046 3900 1097 καὶ
3929 1043 4024 1096 τοῦ

2445 1131 2749 1202 παθητικοῦ
2771 1131 2872 1203 τῆς
2897 1133 3079 1204 ψυχῆς
3111 1134 3311 1204 μέρους
3357 1133 3528 1195 αύτάς
3564 1129 3704 1187 εἶναι
3736 1135 4025 1204 δυνάμεις,

2445 1226 2692 1296 καὶπρὸς
2715 1224 2808 1280 τὸν
2832 1224 2991 1294 λόγον
3015 1229 3435 1292 στασιαζούσας,
3468 1226 3562 1278 καὶ
3589 1226 3668 1289 εἰς
3692 1227 3864 1280 πολλὰ
3896 1244 4025 1279 σκε-

2445 1316 2604 1372 δάσαι
2622 1316 2714 1371 τὸν
2734 1315 2858 1371 νοῦν
2873 1317 3199 1388 δυναμένας,
3217 1320 3265 1371 εἰ
3286 1319 3360 1388 μὴ
3378 1317 3435 1383 ἐξ
3455 1319 3630 1387 ἀρχῆς
3642 1317 3839 1387 ἑπιστη
3850 1317 4028 1387 μόνως

2446 1409 2629 1478 ἄγχων
2663 1407 2842 1478 ἑαυτῷ
2869 1408 3238 1475 ύποζεύξειεν.
3270 1403 3372 1461 Ὧν
3396 1409 3450 1462 ετ
3479 1426 3564 1466 τις
3595 1410 3899 1479 κρατήσειε
3935 1411 4028 1461 καὶ

2447 1500 2532 1567 ἐφ’
2584 1497 2732 1552 asa
2787 1500 3104 1571 πρεπόντως
3159 1500 3420 1570 φέρεσθαι
3481 1501 3713 1562 πείσειε,
3759 1499 4030 1561 δουλικῶς

2448 1588 2860 1658 ύπιζευγμάνας
2892 1591 2960 1660 τῇ
2991 1588 3286 1660 δυναστείᾳ
3314 1589 3410 1643 τοῦ
3441 1590 3624 1658 λόγου,
3668 1590 3702 1661 ἢ
3743 1591 3840 1642 καὶ
3885 1606 4029 1643 παν-

2445 1679 2615 1743 τελῶς
2641 1680 2815 1745 αὑτάς
2849 1681 3136 1735 ἀπολιπὼν
3165 1681 3445 1743 ἀπολίποι,
3478 1683 3577 1736 καὶ
3606 1684 3764 1752 μόνος
3795 1681 3898 1751 τῆς
3933 1683 4031 1750 ἀρ·

770 1789 827 1834 et
857 1779 1009 1834 solus
1039 1785 1292 1834 teneatur
1320 1776 1570 1832 rationali
1599 1786 1659 1833 et
1683 1776 2104 1846 contemplativa
2140 1789 2261 1845 quae
2285 1775 2340 1829 in

2449 1770 2649 1841 ρεποῦς
2677 1771 2800 1825 κατ’
2828 1773 3052 1843 ἀγάπην
3091 1773 3402 1842 γνωστικῆς
3443 1774 3530 1828 διὰ
3568 1773 3726 1842 λόγου
3763 1775 3860 1826 καὶ
3897 1776 4032 1825 θεω-

769 1878 1026 1927 neutram
1066 1877 1276 1940 partem
1304 1877 1491 1940 vergat
1522 1868 1826 1924 secundum
1851 1868 2172 1924 charitatem
2210 1881 2343 1939 gno-

2450 1861 2571 1933 ρίας
2615 1861 2799 1932 ἔχεται
2850 1861 3103 1928 θέλξεως,
3155 1865 3250 1917 καὶ
3296 1865 3431 1934 πρὸς
3481 1863 3608 1934 μίαν
3640 1863 3737 1918 καὶ
3764 1863 3941 1934 μόνην
3969 1865 4031 1915 ὲκ

773 1963 906 2017 stice
933 1959 1215 2023 illecebra,
1241 1957 1310 2013 ad
1337 1974 1498 2013 unam
1529 1968 1586 2013 et
1611 1960 1783 2015 solam
1812 1974 1880 2015 ex
1904 1959 2090 2015 multis
2113 1972 2344 2028 eamque

772 2065 961 2119 puram
992 2060 1050 2105 et
1092 2047 1394 2118 simplicem
1426 2059 1483 2102 et
1531 2047 1824 2103 indivisam
1866 2048 1951 2102 vis
1997 2048 2065 2104 de
2097 2047 2342 2117 appetitu

769 2140 1081 2195 fortissima:
1131 2138 1427 2194 motionem
1474 2146 1810 2202 contractus,
1845 2151 1953 2207 qua
1992 2137 2134 2192 circa
2170 2136 2342 2191 Deum

772 2240 1035 2302 perpetuo
1079 2230 1137 2285 in
1182 2229 1467 2286 identitate
1497 2229 1757 2301 perennis
1781 2230 2055 2301 appetitus
2084 2228 2345 2285 motionis

772 2323 877 2382 sibi
929 2322 1284 2379 stabilitatem
1320 2323 1699 2394 philosophice
1749 2322 2020 2384 firmavit,
2056 2323 2103 2375 is
2152 2334 2342 2375 revera

772 2415 962 2471 beatus
994 2424 1098 2478 est,
1134 2425 1191 2469 et
1223 2413 1407 2483 attigit
1437 2427 1548 2468 non
1591 2426 1775 2467 veram
1819 2411 1994 2467 solum
2043 2420 2099 2466 et
2129 2411 2342 2466 beatam

770 2505 1078 2562 unitionein
1132 2518 1256 2560 cum
1311 2509 1497 2560 sancta
1563 2502 1867 2570 Trinitate,
1923 2502 2017 2558 sed
2075 2503 2342 2558 unitatem

771 2613 989 2669 quoque
1015 2597 1068 2652 in
1096 2607 1284 2654 sancta
1313 2595 1582 2652 Trinitate
1608 2595 1916 2660 intellectae,
1944 2595 2172 2665 simplex
2194 2595 2344 2650 vide-

773 2692 898 2745 licet
931 2697 988 2744 et
1035 2687 1307 2744 indivisus
1337 2697 1395 2743 et
1425 2687 1713 2743 uniformis
1757 2687 2056 2744 secundum
2106 2695 2345 2757 potesta-

773 2791 881 2836 tem
929 2794 1050 2834 cum
1097 2778 1333 2850 simplici
1366 2777 1670 2834 secundum
1706 2780 1996 2834 essentiam
2025 2787 2082 2834 et
2112 2778 2342 2834 indivisa

772 2869 862 2924 illa
889 2883 1234 2939 congressus,
1260 2877 1319 2923 et
1347 2867 1650 2924 secundum
1682 2867 1930 2924 habitum
1958 2869 2223 2924 virtutum
2247 2869 2345 2925 bo-

771 2962 1001 3016 nitatem
1033 2958 1138 3014 sibi
1184 2973 1402 3029 semper
1446 2967 1786 3014 constantem
1835 2975 1934 3030 pro
1970 2959 2182 3016 viribus
2228 2960 2343 3016 suis

768 3050 1076 3112 tumulatus,
1110 3048 1442 3119 proprietate
1472 3057 1802 3119 potestatum
1844 3051 2167 3107 naturaliter
2197 3052 2340 3108 divi-

771 3140 1013 3197 sibilium
1049 3154 1146 3210 per
1170 3140 1395 3208 gratiam
1427 3140 1566 3195 uniti
1593 3140 1688 3196 Dei
1723 3142 1988 3212 deposita.

776 3336 1169 3394 Eusrrano.ci¢
1214 3335 1448 3399 possibili
1488 3338 1711 3399 animm,
1751 3337 1912 3407 deque
1959 3340 2337 3396 uuivcrsalibus

1038 3426 1148 3495 ejus
1181 3425 1515 3480 divisionibus
1546 3435 1596 3478 et
1632 3426 2075 3483 subdivisionibus.

844 3626 1114 3684 Dividitur
1155 3624 1324 3688 cnim,
1377 3631 1436 3678 ut
1481 3624 1692 3687 dicunt,
1739 3626 1935 3682 auium
1984 3628 2238 3698 passibile
2285 3630 2341 3686 in

768 3731 886 3773 eam
920 3726 1129 3786 partem
1157 3729 1278 3786 quae
1307 3714 1506 3770 rationi
1548 3714 1737 3772 obedit
1761 3725 1818 3773 et
1848 3716 1902 3773 in
1931 3733 2052 3774 eam
2073 3734 2199 3791 quae
2232 3736 2344 3778 non

768 3808 955 3862 obedit
1002 3805 1222 3862 rationi.
1252 3805 1432 3876 Atque
1474 3821 1594 3861 eam
1639 3808 1734 3878 qui
1780 3824 1889 3864 non
1933 3810 2120 3868 obedit
2143 3815 2341 3871 rationi

770 3895 1023 3956 dividunt
1051 3896 1105 3952 in
1139 3912 1259 3952 eam
1285 3897 1377 3966 qui
1421 3897 1516 3951 aiit
1560 3907 1616 3952 et
1644 3899 1836 3964 nutrit,
1863 3917 2025 3970 quam
2061 3903 2340 3976 physicam

768 3990 1066 4072 appellant,
1093 3997 1148 4042 et
1187 3988 1240 4042 in
1270 3987 1570 4060 physicam,
1603 4005 1766 4060 quam
1798 3994 2072 4062 appellant
2102 3996 2339 4062 vitalem,

768 4093 1001 4152 quarum
1035 4091 1230 4136 neutra
1265 4079 1462 4135 rationi
1504 4080 1770 4137 obediens
1815 4083 2014 4152 agitur,
2061 4101 2170 4141 non
2213 4087 2343 4142 obe-

768 4177 925 4230 diens
947 4190 1080 4231 vero
1109 4174 1304 4229 rationi
1333 4173 1456 4229 ideo
1485 4175 1813 4245 appellatur.
1844 4177 1969 4247 quia
1997 4192 2104 4233 non
2133 4180 2341 4236 ratione

768 4265 968 4336 agitur.
993 4263 1254 4320 Crescere
1284 4264 1454 4328 enim,
1485 4266 1568 4320 vel
1615 4265 1755 4321 bona
1785 4268 2098 4324 valetudine
2126 4271 2226 4334 uti,
2256 4272 2341 4327 vel

767 4354 979 4417 vivere,
1005 4367 1114 4406 non
1159 4366 1329 4422 penes
1369 4367 1470 4407 nos
1509 4362 1613 4408 est.
1642 4353 1738 4409 Illa
1780 4363 1962 4410 autem
1991 4373 2112 4426 quae
2142 4360 2337 4415 rationi

768 4443 956 4501 obedit
974 4443 1027 4496 in
1045 4441 1155 4498 duo
1172 4441 1457 4508 dividitur,
1476 4442 1531 4496 in
1558 4458 1732 4498 concu
1742 4444 2101 4515 pisccntivum
2125 4458 2181 4503 et
2207 4448 2344 4504 iudi-

766 4536 1068 4608 gnativum.
1097 4531 1372 4590 Obediens
1387 4548 1517 4589 vero
1539 4534 1737 4590 rationi
1758 4547 1953 4592 vocant
1979 4540 2107 4608 quia
2141 4541 2338 4596 rationi

2445 1953 2554 2005 τῶν
2588 1950 2800 2006 πολλῶν
2831 1953 3078 2024 καθαράν
3119 1971 3178 2007 τε
3202 1956 3296 2008 καὶ
3345 1953 3523 2026 ἁπλῆν
3569 1955 3662 2008 καὶ
3718 1954 4033 2025 ἀδιαίρετον

2445 2046 2543 2114 τῆς
2574 2045 2690 2098 κατ’
2715 2043 2902 2114 ιφεσιν
2923 2045 3307 2117 άρρενωτάτης
3339 2045 3620 2115 δυνάμεως
3651 2045 3867 2116 κίνησιν
3909 2060 4033 2096 συν-

2446 2137 2665 2208 εστάλη,
2691 2136 2814 2190 καθ’
2855 2138 2922 2207 ἢν
2953 2137 3083 2208 περὶ
3111 2137 3242 2190 Θεὸν
3293 2138 3690 2207 ἀκαταλήκτως
3738 2139 3800 2190 ιν
3837 2139 4032 2191 ταυτός

2445 2244 2567 2295 τητι
2617 2227 2720 2297 τῆς
2767 2228 2884 2283 κατ’
2917 2228 3101 2296 ἔφεσιν
3127 2229 3468 2299 ἀεικινησίας
3498 2229 3676 2300 ἑαυτῷ
3720 2230 4033 2300 φιλοσόφως

2447 2317 2685 2388 mem
2729 2318 2829 2390 τὴν
2863 2319 3224 2390 μονιμότητα,
3275 2321 3546 2391 μακάριος
3576 2322 3746 2386 δντως
3772 2323 3896 2376 ἐστὶ
3933 2323 4031 2392 τῆς

2447 2406 2678 2480 ἀληθοῦς
2703 2425 2764 2462 τε
2795 2410 2891 2464 καὶ
2931 2410 3207 2481 μακαρίας
3235 2410 3412 2481 τυχὼν
3459 2413 3519 2464 οὐ
3573 2413 3736 2482 μόνον
3777 2415 4031 2476 ενὼσεως

2445 2500 2546 2569 τῆς
2574 2498 2710 2571 πρὸς
2739 2501 2837 2570 τὴν
2869 2500 3029 2568 ἁγίαν
3052 2501 3278 2571 Τριάδα,
3311 2501 3446 2556 ἀλλά
3495 2505 3590 2557 καὶ
3635 2505 3890 2577 ἑνότητας
3929 2507 4030 2576 τῆς

2447 2591 2503 2642 δν
2522 2592 2588 2660 τῇ
2619 2591 2751 2661 ἁγίᾳ
2774 2591 2966 2663 Τριάδι
2993 2592 3311 2664 νοουμένης,
3349 2594 3423 2657 ὡς
3448 2595 3654 2660 ἁπλοῦς
3708 2599 3802 2651 καὶ
3851 2599 4031 2652 datal-

2449 2697 2600 2751 ρετος
2631 2683 2722 2735 καὶ
2740 2682 3016 2753 μονοειδὴς
3040 2686 3178 2736 κατά
3193 2683 3532 2756 τὴνδύναμιν
3555 2686 3690 2756 πρὸς
3715 2688 3814 2758 τὴν
3842 2689 4030 2759 ἁπλῆν

2446 2774 2541 2827 καὶ
2566 2774 2873 2846 ἀδιαίρετον
2921 2775 3063 2829 κατά
3103 2775 3202 2846 τὴν
3251 2776 3440 2830 οὐσίαν
3478 2781 3872 2849 γεγενημένος,
3935 2784 4030 2834 και

2445 2869 2587 2924 κατά
2609 2868 2710 2938 τὴν
2743 2867 2856 2934 ῐξιν
2911 2868 3021 2922 τῶν
3074 2868 3286 2941 ἀρετῶν
3330 2869 3432 2943 τὴν
3483 2870 3748 2936 ὡσαύτως
3793 2874 4029 2944 ιχουσαν

2445 2955 2756 3028 ἀγαθότητα
2780 2957 2922 3012 κατά
2965 2957 3028 3012 τὸ
3065 2959 3286 3028 ἐφικτὸν
3321 2961 3751 3032 ἐκμιμούμενος,
3795 2966 3894 3018 καὶ
3927 2966 4030 3037 τὴν

2447 3049 2686 3121 ἰδιότητα
2708 3049 2815 3104 τῶν
2837 3051 2976 3105 κατά
3000 3050 3161 3122 φύσιν
3191 3053 3464 3122 μεριστῶν
3491 3053 3780 3125 δυνάμεων
3807 3057 3899 3110 διά
3926 3059 4027 3129 τὴν

2369 3160 2412 3216 c
2444 3142 2538 3196 τοῦ
2565 3142 2856 3207 ἑνωθέντός
2880 3143 3014 3198 Θεοῦ
3051 3145 3094 3176 ⁸⁸
3115 3143 3273 3216 χάριν
3307 3143 3664 3218 ἀποθέμενος.

2459 3337 2780 3409 ἐξήτησις
2823 3341 2954 3409 περὶ
2983 3341 3087 3396 τοῦ
3114 3343 3447 3410 παθητικοῦ
3478 3343 3589 3413 τῆς
3612 3323 3824 3414 ψυχῆς
3847 3387 3863 3413 ,
3924 3353 4025 3404 καὶ

2513 3428 2631 3483 τῶν
2666 3428 2852 3483 αὑτοῦ
2883 3431 3216 3486 καθολικῶν
3263 3431 3612 3502 διαιρέσεών
3637 3451 3701 3490 τε
3746 3439 3843 3493 καὶ
3875 3443 4028 3496 ὐπο-

2512 3519 2876 3588 διαιρέσεων.

2515 3623 2702 3700 (176
2724 3627 2776 3698 ὁ)
2808 3631 3106 3700 Διαιρεῖται
3148 3633 3276 3704 γάρ,
3312 3634 3388 3698 ῶς
3419 3651 3585 3703 φασι,
3621 3639 3684 3692 τὸ
3721 3641 4030 3712 παθητικὸν

2443 3718 2540 3790 τῆς
2564 3718 2742 3791 ψυχῆς
2768 3721 2847 3784 εῐς
2868 3737 2929 3774 τε
2955 3720 3016 3774 τδ
3042 3723 3325 3789 επιπειθὶς
3347 3725 3514 3798 λόγῳ,
3539 3729 3632 3783 καὶ
3655 3731 3717 3784 τὸ
3744 3731 3823 3804 μὴ
3844 3734 4030 3789 πειθό-

2447 3827 2606 3882 μενον
2649 3811 2815 3882 λόγῳ.
2873 3813 2983 3867 Καὶ
3021 3813 3081 3866 τὸ
3115 3813 3213 3884 μὲν
3245 3815 3387 3887 λόγῳ
3425 3818 3500 3888 μὴ
3532 3820 3855 3893 πειθόμενον
3885 3823 4027 3881 διαι-

2446 3903 2632 3974 ροῦσιν
2681 3905 2763 3967 ei;
2810 3904 2871 3958 τὸ
2919 3905 3241 3976 θρεπτικὸν,
3291 3908 3319 3961 δ
3364 3909 3588 3964 καλοῦσι
3621 3915 3884 3983 φυσικὸν,
3937 3920 4030 3971 καὶ

2443 3995 2524 4058 εἰς
2554 3995 2616 4048 τὸ
2643 3995 2898 4064 φυσικὸν,
2949 3995 2976 4049 ὃ
3011 3997 3234 4051 καλοῦσι
3265 3997 3528 4067 ζωτικὸν,
3571 3997 3645 4058 ὦν
3674 4005 3968 4077 οὐδέτερον
3987 4011 4026 4041 ’⁸

2443 4083 2586 4156 λόγῳ
2639 4085 2958 4156 πειθόμενον
3012 4090 3208 4157 ἄγεται
3238 4107 3250 4121 ·
3317 4093 3417 4146 ούκ
3466 4094 3748 4160 ἐπιπειθὲς
3784 4097 3841 4152 δὲ
3886 4100 4029 4173 λόγῳ

2444 4175 2720 4242 καλεῖται,
2765 4177 2954 4248 ἐπειδὴ
2991 4179 3064 4249 μὴ
3093 4181 3334 4249 πέφυκεν
3364 4182 3592 4251 ἄγεσθαι
3619 4185 3782 4257 λόγῳ.
3820 4188 3898 4242 Τὸ
3926 4191 3988 4257 γὸ
3999 4209 4028 4261 ρ

2444 4268 2695 4334 αὐξάνειν
2721 4309 2735 4333 ,
2791 4269 2823 4340 ἢ
2863 4270 3128 4339 ὑγιαίνειν
3151 4311 3166 4335 ,
3218 4274 3250 4344 ἢ
3288 4273 3424 4345 ζῇν,
3473 4277 3573 4330 οὐκ
3603 4277 3751 4331 ἐστιν
3785 4281 3842 4332 εν
3873 4283 4024 4353 ἡμῖν.

2444 4360 2518 4413 Τὸ
2557 4359 2612 4412 δὲ
2641 4361 2917 4425 ὲπιπειθὲς
2958 4361 3100 4432 λόγῳ
3127 4362 3417 4434 διαιρεῖται
3461 4369 3540 4430 εἰς
3566 4368 3682 4432 δύο,
3717 4370 3778 4423 τό
3812 4387 3876 4424 τε
3906 4375 4027 4426 tm-

2446 4449 2745 4520 θυμητικὸν
2773 4451 2866 4505 καὶ
2890 4451 2952 4504 τὸ
2976 4451 3226 4521 θυμικόν.
3247 4455 3560 4520 Ἐπιπειθὲς
3579 4458 3634 4512 δι
3659 4459 3805 4530 λόγῳ
3829 4463 4026 4516 καλοῦ·

2447 4558 2530 4594 σιν
2580 4541 2743 4605 αύτδ,
2797 4542 2932 4596 διότι
2979 4542 3123 4613 λόγῳ
3164 4545 3408 4613 πέφυκεν
3454 4549 3512 4598 ἐν
3557 4551 3669 4612 τοῖς
3711 4553 4029 4619 σπουδαίοις

770 4630 822 4682 in
847 4627 1006 4681 bonis
1031 4633 1222 4695 agatur
1248 4634 1304 4679 et
1325 4625 1669 4696 subjiciatur.
1710 4628 1921 4685 Rursus
1943 4631 2338 4701 concupiscen-

2445 4631 2673 4700 ἄγεσθαί
2700 4649 2757 4686 τε
2789 4635 2882 4686 καὶ
2913 4634 3337 4690 ὑποτάσσεσθαι.
3376 4637 3543 4693 Πάλιν
3571 4639 3627 4694 δὲ
3661 4641 3720 4694 τδ
3752 4643 4030 4716 ἐπιθυμηο

768 4719 938 4772 tivum
965 4714 1220 4771 dividunt
1251 4715 1304 4768 iu
1329 4715 1661 4784 voluptatem
1689 4727 1746 4773 et
1768 4719 2034 4774 dolorem.
2069 4720 2341 4792 Concupi-

766 4809 971 4864 scentia
1023 4806 1170 4862 enim
1224 4806 1335 4860 voti
1371 4805 1456 4861 sui
1498 4821 1721 4878 compos
1767 4808 2103 4880 voluptatem
2149 4810 2337 4875 eﬂlcit,

767 4912 876 4952 non
905 4910 1152 4966 compos,
1193 4894 1463 4950 dolorem.
1493 4895 1561 4950 Et
1602 4911 1791 4952 rursus
1823 4899 2124 4954 secundum
2171 4901 2338 4956 alium

767 4984 988 5040 modum
1022 4984 1524 5054 concupiscentiam
1570 4985 1794 5042 tradunt
1822 4986 2056 5043 divisam
2101 4998 2340 5058 quatuor

767 5091 874 5131 una
905 5091 1028 5132 cum
1058 5091 1116 5132 se
1159 5077 1274 5147 ipsa
1303 5076 1505 5132 formas
1537 5075 1754 5133 edicere
1789 5078 2092 5144 universas,
2139 5096 2342 5137 concu-

766 5168 1108 5236 piscentiam,
1140 5168 1498 5239 voluptatem,
1533 5179 1763 5235 metum,
1793 5169 2061 5228 dolorem.
2093 5171 2342 5245 Cumque

767 5274 950 5313 rerum
980 5274 1105 5329 pars
1135 5261 1276 5315 bona
1306 5259 1398 5322 sit,
1427 5275 1551 5329 pars
1582 5261 1742 5325 mala,
1777 5261 1892 5317 haec
1919 5277 2048 5318 vero
2081 5274 2176 5320 aut
2205 5281 2344 5336 prae-

769 5351 946 5406 sentia
989 5352 1100 5406 sint
1143 5362 1236 5405 aut
1281 5352 1489 5416 futura,
1540 5351 1745 5407 bonum
1791 5352 1937 5423 quod
1987 5365 2344 5425 exspectatur

772 5441 1270 5511 concupiscentiam
1303 5440 1538 5507 vocavit,
1589 5442 1732 5512 quod
1782 5459 2044 5514 presens,
2089 5448 2341 5518 νοιυρω.

774 5536 908 5591 lem:
942 5539 998 5587 et
1041 5544 1232 5582 rursus
1277 5531 1476 5585 malum
1510 5533 1656 5601 quod
1705 5545 2071 5604 exspectatur,
2109 5547 2339 5605 metum,

2448 4727 2597 4779 τικδν
2638 4725 2936 4796 διαιροῦσιν
2982 4729 3060 4791 εἰς
3097 4727 3291 4800 ἡδονήν
3338 4731 3432 4785 καὶ
3455 4730 3655 4803 λύπην.
3697 4735 4030 4811 Ἐπιτυγχάο

2451 4829 2617 4864 νουσα
2657 4813 2781 4882 γὰρ,
2813 4814 3075 4885 ἐπιθυμία
3107 4816 3300 4889 ἡδονὴν
3325 4819 3618 4891 ἐργάζεται
3641 4861 3656 4887 ,
3706 4825 4029 4899 ἀποτυγχάο

2449 4919 2614 4957 νουσα
2638 4903 2695 4956 δι
2725 4903 2922 4975 λύπην.
2982 4906 3093 4961 Καὶ
3125 4909 3280 4964 πάλιν
3310 4910 3430 4964 καθ’
3453 4912 3639 4984 ἓτερον
3663 4917 3872 4989 τρόπον
3901 4924 4032 4990 φασὶ

2449 4995 2547 5065 τὴν
2605 4994 2900 5066 επιουμῐαν
2955 4997 3336 5074 διαιρουμένην
3393 5003 3634 5077 τέσσαρα
3699 5012 3800 5064 σὺν
3860 5013 4028 5085 ἑαυτῇ

2447 5086 2514 5139 τὰ
2565 5087 2739 5141 πάντα
2785 5087 2900 5161 εῐδη
2946 5094 3147 5158 ποιεῖν,
3204 5093 3525 5165 ἀπιθυμιαν,
3575 5097 3788 5168 ἡδονὴν,
3840 5104 4030 5171 φόϐον,

2449 5177 2542 5230 καὶ
2557 5175 2752 5250 λύπην.
2783 5180 2892 5234 Καὶ
2912 5181 3100 5251 ιπειδὴ
3121 5181 3230 5235 τῶν
3252 5183 3422 5239 όντων
3443 5188 3512 5240 τά
3535 5189 3636 5259 μεν
3652 5191 3803 5246 εστιν
3823 5195 4027 5264 ἀγαθά,

2446 5270 2514 5324 τά
2536 5269 2592 5322 δὲ
2621 5270 2800 5339 φαῦλα
2825 5309 2840 5332 ,
2871 5272 3039 5326 ταῦτα
3079 5273 3134 5326 δὲ
3180 5275 3212 5344 ἢ
3251 5277 3492 5348 παρόντα
3533 5281 3565 5351 ἢ
3599 5283 3867 5351 μέλλοντά
3890 5287 4024 5352 ἔστι,

2450 5361 2897 5431 προσδοκώμενον
2963 5365 3060 5434 μὲν
3125 5366 3335 5434 ἀγαθὸν
3403 5371 3698 5442 ἐπιθυμίαν
3759 5376 4025 5441 ἐκάλεσε,

2451 5457 2623 5525 παρὸν
2642 5456 2698 5509 δὲ
2725 5456 2936 5528 ἡδονὴν,
2966 5461 3055 5513 καὶ
3077 5461 3240 5515 πάλιν
3273 5463 3717 5537 προσδοκώμενον
3743 5471 3917 5524 κακδν
3939 5476 4029 5540 φό-

2447 5543 2540 5596 ϐον
2565 5583 2580 5610 ,
2632 5547 2804 5618 παρὸν
2832 5547 2887 5602 δὲ
2921 5549 3094 5621 λύπην
3120 5569 3132 5583 ο
3189 5552 3264 5616 ὼς
3312 5549 3451 5608 εἶναι
3475 5571 3532 5608 τε
3569 5557 3663 5610 καὶ
3696 5555 4025 5630 θεωρεῖσθαι

2033 5676 2269 5733 νΑῘῖΙίΕ
2315 5678 2716 5742 LECTIONES.

831 5780 876 5817 ’δ
913 5781 1145 5852 Χριττοῦ
1176 5786 1294 5841 cod.
1326 5783 1445 5841 (iud
1507 5805 1576 5844 ni.
1611 5804 1689 5862 pr.
1775 5792 1814 5824 ’⁵
1844 5792 1905 5846 ού
1935 5791 2186 5865 δεύτερον
2216 5793 2336 5847 cod.
2374 5793 2514 5849 Gud.
