4192 6434
204 378 342 446 1!.97

1454 380 1972 441 AhiBiGUORUIlI
2010 382 2260 443 LIBER.

3313 380 3450 448 1198

197 498 333 569 περὶ
359 498 457 568 μὲν
489 497 557 550 τὰ
585 496 724 550 καλά
746 534 761 558 ,
813 494 923 547 είτε
975 493 1043 546 τὰ
1070 494 1238 555 ὅντως
1268 491 1425 553 ὅντα,
1460 494 1567 545 εἴτε
1600 491 1670 545 τὰ
1691 511 1773 550 νο-

1883 509 2120 563 praesens
2146 511 2298 557 vero,
2326 494 2566 551 dolorem
2595 512 2607 547 :
2638 493 2777 555 adeo
2804 503 2862 548 ut
2893 492 3141 563 voluptas
3166 502 3221 548 et
3244 509 3453 551 concu-

201 591 472 660 μιζόμενα
495 627 510 651 ,
563 589 663 657 τὴν
701 588 895 658 ἡδονὴν
930 586 1024 639 καὶ
1051 585 1151 655 τὴν
1181 582 1501 653 ἐπιθυμίαν
1570 586 1692 654 περῖ
1723 586 1777 637 δὲ

195 684 266 735 τὰ
297 680 477 749 φαῦλα
502 680 599 749 τὴν
626 679 803 748 λύπην
836 678 930 732 καὶ
958 678 1049 732 τὸν
1079 677 1264 744 φόϐον.
1295 675 1463 731 Πάλιν
1485 676 1539 728 δὲ
1567 676 1662 746 τὴν
1691 676 1780 727 λύε-

194 790 313 840 πην
360 770 659 841 διαιροῦσιν
706 772 787 833 είς
833 769 1097 839 τέσσαρα,
1157 768 1239 829 εἰς
1283 768 1434 838 ἄχος,
1479 769 1558 831 εἰς
1592 768 1774 836 ἄχθος,

196 865 281 924 είς
322 860 517 931 φθόνον
540 901 555 926 ,
606 862 688 923 είς
715 860 883 914 ἔλεον.
939 860 1050 919 Καὶ
1088 860 1150 918 τὸ
1183 858 1283 929 μὲν
1310 859 1442 928 ἀχος
1476 854 1613 910 εἷναί
1646 875 1776 927 φασι

193 953 259 1003 λύ
272 971 375 1022 πην
402 952 646 1022 ἀφωνίαν
674 949 1015 1021 ἐμποιοῦσαν
1044 944 1125 1013 οἷς
1150 949 1216 1003 ἂν
1239 950 1553 1019 ἐγγένηται,
1574 949 1661 1002 διὰ
1678 949 1778 1018 τὴν

193 1046 278 1105 είς
308 1043 469 1113 βάθος
496 1042 733 1112 πάροδον
761 1040 856 1103 τοῦ
883 1038 1213 1107 λογιστικοῦ
1245 1039 1306 1093 τὸ
1330 1040 1385 1092 δὲ
1412 1039 1574 1111 ἄχθος
1601 1040 1777 1108 λύπην

194 1135 474 1205 βαροῦσάν
503 1151 563 1188 τε
609 1134 703 1189 καὶ
732 1132 1046 1203 διοχλοῦσαν
1098 1131 1185 1192 ἐπ’
1210 1132 1530 1201 ἀϐουλήτοις
1562 1132 1777 1200 συμϐά-

194 1244 353 1278 σεσι·
404 1226 496 1285 τὸν
540 1225 598 1278 δὲ
646 1224 841 1295 φθόνον
880 1225 1055 1297 λύπην
1081 1225 1169 1276 ἐπ’
1192 1222 1492 1292 ἀλλοτρίοις
1518 1223 1773 1290 ἀγαθοῖς·

188 1317 255 1369 τὸ
292 1317 349 1370 δὲ
391 1317 540 1381 ἕλεος
587 1315 765 1384 λύπην
797 1316 884 1369 ἐπ’
907 1316 1211 1386 ἀλλοτρίοις
1244 1318 1455 1380 κακοῖς,
1508 1314 1695 1368 Κακὸν
1720 1314 1776 1367 δὲ

194 1406 379 1457 πᾶσαν
416 1403 605 1474 ’λύπην
650 1403 858 1472 ἔφασαν
912 1406 977 1475 τῇ
1028 1405 1228 1475 ἑαυτῆς
1276 1404 1458 1472 φύσει.
1518 1404 1639 1468 Κᾶν
1668 1405 1777 1475 γὰρ

190 1497 221 1548 ὁ
248 1494 536 1558 σπουδαῖος
557 1495 647 1547 ἐπ’
674 1494 979 1565 ἀλλοτρίοις
1004 1494 1186 1574 (177
1209 1494 1261 1563 α)
1286 1493 1521 1564 λυπῆται
1563 1496 1774 1561 κακοῖς,

192 1587 272 1648 ὡς
303 1586 580 1657 ἐλεήμων,
631 1585 745 1647 ἀλλ’
766 1586 828 1639 οὐ
858 1586 1285 1656 προηγουμένως
1328 1585 1469 1647 κατὰ
1497 1586 1774 1656 πρόθεσιν,

192 1679 313 1741 ἀλλ’
336 1677 689 1748 ἐφεπομένως
720 1677 862 1730 κατά
888 1677 1229 1747 περίστασιν,
1269 1676 1328 1730 '0
1356 1678 1413 1731 δὲ
1443 1677 1777 1748 θεωρητικὸς

189 1772 300 1833 κάν
344 1767 557 1831 τούτοις
601 1768 817 1839 ἀπαθὴς
859 1767 1147 1837 διαμένει,
1208 1769 1449 1838 συνάψας
1476 1768 1668 1822 ἑαυτὸν
1700 1768 1777 1838 τῷ

1882 588 2143 655 piscentia
2178 588 2244 640 ad
2281 587 2421 643 bona
2450 588 2757 655 pertineant
2786 597 2842 642 ct
2866 587 3011 642 circa
3041 601 3106 639 ea
3131 597 3451 656 appareant,

1880 675 1997 728 sive
2041 692 2227 730 revera
2277 684 2424 740 sunt,
2469 678 2584 730 sive
2627 686 2909 745 putantur,
2955 678 3103 732 circa
3139 678 3281 733 mala
3323 694 3453 733 vero

1881 767 2037 821 dolor
2068 779 2126 825 et
2170 780 2367 824 metus.
2402 771 2615 825 Rursus
2643 771 2887 827 dolorem
2922 771 3175 826 dividunt
3222 771 3276 825 in
3320 786 3456 841 qua-

1880 868 2028 922 tuor,
2064 858 2115 911 in
2167 876 2477 927 mqarorem,
2530 862 2582 914 in
2618 860 2945 925 molestiam,
2984 860 3037 913 in
3079 861 3362 929 invidiam,
3396 858 3452 919 in

1881 947 2334 1011 misericordiam.
2366 952 2543 1020 Atque
2586 966 2876 1009 maerorem
2916 950 3108 1013 dicunt
3134 966 3255 1008 esse
3295 951 3450 1005 dolo-

1881 1054 1993 1097 rem
2019 1040 2398 1101 obmutescere
2423 1042 2709 1103 facientem
2735 1059 2831 1097 eos
2848 1042 2939 1112 qui
2965 1042 3076 1097 sint
3106 1043 3223 1112 ipso
3245 1043 3451 1108 affecti,
3516 1034 3519 1039 ’

1880 1140 2172 1201 propterea
2197 1134 2344 1204 quod
2368 1150 2433 1188 ea
2459 1136 2652 1189 animae
2678 1150 2805 1204 pars
2828 1151 2948 1205 qua:
2972 1134 3200 1191 rationis
3231 1150 3296 1190 ao
3322 1148 3454 1190 COl'lr

1879 1223 1990 1277 silii
2030 1225 2190 1284 sedes
2230 1236 2335 1291 est,
2383 1226 2487 1280 hoc
2518 1236 2603 1281 est
2646 1226 2973 1291 λογιστικὸν,
3016 1227 3069 1289 in
3117 1224 3451 1295 profundum

1880 1315 2347 1385 transgrediatur;
2386 1317 2689 1380 molestiam
2724 1327 2906 1373 autem
2943 1316 3186 1373 dolorem
3216 1331 3453 1385 gravant-

1882 1412 1991 1458 tem
2021 1414 2075 1459 et
2112 1406 2424 1470 turbantem
2466 1408 2519 1473 in
2555 1408 2775 1465 casibus
2805 1407 3154 1477 injucundis;
3190 1407 3450 1465 invidiam

1879 1511 2007 1550 vero
2041 1496 2284 1563 dolorem
2316 1498 2369 1551 in
2396 1499 2536 1561 laetis
2567 1499 2732 1554 rebus
2760 1498 2985 1564 alienis;
3019 1498 3449 1561 misericordiam

1879 1586 2115 1658 denique
2156 1588 2400 1655 dolorem
2454 1589 2509 1643 in
2552 1589 2719 1655 rebus
2755 1590 2951 1653 alienis
2994 1590 3240 1646 adversis
3287 1598 3453 1659 atque

1880 1679 2114 1743 miseris.
2163 1680 2361 1741 Malum
2409 1695 2540 1734 vero
2588 1694 2805 1745 omnem
2850 1681 3094 1735 dolorem
3140 1690 3455 1741 statuerunt

1879 1783 1975 1822 sua
2019 1768 2191 1838 ipsius
2228 1778 2442 1823 natura.
2470 1768 2695 1822 Etiamsi
2724 1769 2871 1834 enim
2916 1769 2999 1831 vir
3028 1768 3204 1822 bonus
3229 1770 3282 1822 in
3318 1769 3454 1825 alio-

184 1826 336 1930 ὸεῷ,
356 1826 458 1912 an.
478 1826 587 1911 .55..
607 1826 732 1931 τῇδε
759 1826 1041 1929 ἑτᾷράνὲων
1060 1826 1447 1929 mmet“;
1472 1860 1576 1912 Τὸν
1603 1860 1657 1913 δὲ
1682 1826 1773 1932 φάζ

1883 1875 2002 1921 rum
2028 1860 2195 1915 rebus
2217 1860 2464 1915 adversis
2485 1860 2653 1924 dolet,
2684 1868 2744 1913 ut
2768 1860 3103 1925 misericors,
3132 1868 3313 1913 tamen
3344 1874 3450 1914 non

184 1953 291 2005 σον
319 1952 481 2005 πάλιν
504 1950 808 2022 διαιροῦσιν
838 1954 918 2015 είς
940 1950 1000 2016 ἓξ
1019 1992 1033 2016 ,
1079 1952 1159 2014 είς
1183 1951 1359 2017 ὄκνον,
1397 1952 1477 2014 είς
1502 1950 1656 2017 αἰδὼ,
1693 1952 1773 2020 είς

183 2043 480 2114 αἰσχύνην,
508 2043 588 2107 είς
612 2041 969 2113 κατάπληξιν,
998 2043 1079 2105 είς
1102 2041 1383 2113 ἔκπληξιν,
1409 2045 1489 2106 είς
1509 2045 1770 2112 ἀγωνίαν,

186 2135 306 2188 Καὶ
351 2133 444 2199 τὸν
490 2132 590 2203 μὲν
636 2132 794 2186 ϐκνον
843 2127 986 2186 εἶναί
1026 2150 1199 2202 φασι,
1259 2133 1425 2208 φόϐον
1471 2134 1773 2207 μελλούσης

184 2226 473 2297 ἐνεργείας
496 2264 511 2289 ,
545 2223 646 2296 τὴν
676 2221 809 2276 αίδὼ
837 2223 896 2275 δὲ
925 2221 1093 2293 φόϐον
1134 2223 1228 2275 ἐπὶ
1256 2223 1553 2295 προσδοκίᾳ
1579 2226 1770 2301 ψόγου,

184 2316 292 2394 τὴν
339 2316 395 2369 δὲ
449 2313 712 2387 αἰσχύνην
756 2314 920 2382 φόϐον
972 2312 1058 2367 ἐπ’
1103 2314 1313 2383 αἰσχρῷ
1364 2315 1770 2390 πεπραγμένῳ,

185 2411 293 2479 τὴν
338 2407 395 2461 δὲ
445 2404 787 2475 κατάπληξιν
835 2404 1000 2473 φόϐον
1047 2406 1112 2457 ὲκ
1163 2404 1406 2475 μεγάλης
1449 2406 1771 2473 φαντασίας,

183 2503 294 2572 τὴν
344 2500 399 2553 δὲ
453 2497 716 2571 ἔκπληξιν
766 2497 932 2568 φόϐον
988 2498 1054 2551 ὲκ
1106 2496 1360 2569 μεγάλων
1410 2498 1773 2567 ἀκουσμάτων

185 2593 291 2665 τὴν
338 2591 589 2664 αἴσθησιν
628 2589 1032 2662 ἀφαιρούμενον
1055 2629 1073 2656 ,
1123 2589 1223 2658 τὴν
1251 2588 1491 2656 ἀγωνίαν
1515 2588 1571 2651 δὲ
1609 2590 1772 2657 φόϐον

185 2682 577 2747 διαπτώσεως,
622 2682 901 2738 τουτέστιν
930 2679 1253 2751 ἀποτυχίας.
1304 2680 1633 2751 Φοϐούμενοι
1662 2683 1772 2759 γὰρ

186 2779 484 2845 ἀποτυχεῖν
515 2774 858 2845 ἀγωνιῶμεν.
920 2771 1163 2833 Καλοῦσι
1194 2773 1251 2825 δέ
1296 2790 1442 2834 τινες
1473 2775 1644 2845 αὐτὴν
1677 2778 1770 2837 καὶ

187 2869 417 2922 δειλίαν.
477 2867 583 2921 Τὸν
633 2868 691 2921 δὲ
740 2866 912 2937 θυμὸν
959 2865 1122 2919 πάλιν
1168 2859 1309 2919 εἶναι
1354 2865 1573 2933 λέγουσι
1624 2866 1770 2929 ζέσιν

186 2962 290 3015 τοῦ
338 2961 691 3033 περικαρδίου
742 2961 975 3030 αἵματος
1024 2959 1092 3012 δι’
1116 2958 1295 3028 ὄρεξιν
1337 2959 1765 3029 ἀντιλυπήσεως.
1806 3013 1812 3019 ,

188 3053 471 3123 Διαιροῦσι
499 3053 555 3105 δὲ
590 3053 681 3106 καὶ
707 3051 896 3105 τοῦτον
925 3052 1003 3115 είς
1028 3051 1173 3122 τρία,
1210 3053 1290 3113 είς
1314 3052 1503 3122 ὀργὴν,
1536 3052 1602 3122 ἦν
1627 3068 1771 3112 τινες

191 3147 461 3200 ἐκάλεσαν
489 3145 652 3217 χολὴν
681 3144 777 3198 καὶ¹
807 3143 982 3214 χόλον,
1014 3142 1108 3196 καὶ
1137 3143 1215 3205 είς
1247 3143 1429 3212 μῆνιν,
1458 3144 1551 3196 καὶ
1574 3144 1653 3204 εἰς
1677 3142 1769 3195 κό-

186 3253 307 3290 τον.
341 3238 450 3290 Καὶ
476 3236 575 3305 τὴν
608 3237 705 3304 μὲν
733 3234 903 3307 ὀργὴν
926 3230 1069 3288 εἷναί
1096 3251 1227 3303 φασι
1258 3232 1429 3302 θυμὸν
1462 3234 1595 3303 πρὸς
1625 3233 1771 3302 ὲνέρ⁶

187 3346 351 3398 γειαν
378 3327 554 3398 ἀρχὴν
596 3327 691 3386 καὶ
724 3324 939 3395 κίνησιν
968 3324 1160 3395 ἔχοντα
1180 3363 1197 3387 ,
1247 3324 1280 3393 ἦ
1318 3322 1487 3393 θυμὸν
1518 3322 1772 3391 ἐνεργού-

193 3433 378 3488 μενον·
414 3416 512 3488 τὴν
544 3415 598 3473 δὲ
631 3414 791 3487 χολὴν
822 3416 922 3484 τὴν
949 3416 1017 3474 δι’
1040 3414 1201 3468 ἄλλου
1233 3414 1448 3483 ἄμυναν
1474 3412 1567 3466 τοῦ
1596 3413 1775 3483 λυπή-

189 3524 387 3571 σαντος
412 3524 425 3537 ·
480 3506 570 3560 τὸν
598 3506 656 3558 δὲ
686 3505 843 3575 χόλον
873 3506 974 3575 τὴν
1003 3505 1072 3563 δι’
1091 3505 1284 3559 ἑαυτοῦ
1314 3504 1409 3557 τοῦ
1437 3504 1773 3575 λυπηθέντος

187 3581 544 3665 ἐπεξελευσιν
572 3598 652 3660 εἰς
678 3598 772 3650 τὸν
797 3596 1114 3668 λυπήσαντα
1134 3614 1149 3627 ⁸
1203 3597 1303 3668 τὴν
1326 3598 1383 3650 δὲ
1414 3599 1573 3667 μῆνιν
1602 3597 1773 3667 θυμὸν

184 3691 275 3752 εἰς
306 3687 608 3749 παλαίωσιν
663 3686 914 3758 (εἴρηται
962 3688 1019 3751 δὲ
1071 3687 1222 3758 παρὰ
1264 3689 1324 3741 τὸ
1358 3690 1538 3757 μένειν
1583 3690 1678 3747 καὶ
1704 3692 1770 3760 τῇ

192 3781 391 3853 μνήμῃ
420 3780 896 3851 παρακατέχεσθαι
918 3778 935 3849 )
956 3820 972 3844 ,
1034 3779 1127 3834 τὸν
1164 3779 1220 3832 δὲ
1266 3780 1424 3840 κότον
1450 3779 1621 3849 θυμὸν
1650 3782 1772 3832 ἐπι-

187 3870 465 3942 τηροῦντα
494 3870 688 3941 καιρὸν
729 3872 809 3935 εἰς
837 3871 1111 3941 τιμωρίαν
1135 3886 1148 3899 ·
1202 3870 1420 3941 εἴρηται
1446 3872 1504 3926 δὲ
1536 3872 1688 3941 παρά
1713 3871 1773 3924 τὸ

187 3966 408 4031 κεῖσθαι
444 3966 538 4019 καὶ
568 3959 741 4027 οὗτος.
784 3964 1059 4035 Διαιροῦσι
1092 3965 1148 4019 δὲ
1186 3966 1279 4017 καὶ
1306 3964 1511 4019 τούτων
1542 3964 1773 4024 ἕκαστον

188 4059 274 4120 είς
306 4057 441 4111 ἀλλα
471 4055 665 4116 πολλά.
697 4056 876 4127 Ἀπερ
906 4057 956 4108 εί
996 4055 1285 4124 βουληθείη
1312 4073 1393 4119 τις
1423 4055 1491 4112 δι’
1512 4053 1773 4124 ἀκριϐοῦς

188 4149 495 4215 ἐξετάσεως
523 4147 862 4221 παραδοῦναι
888 4149 1074 4218 γραφῇ
1098 4187 1115 4214 ,
1152 4147 1320 4208 πολὺν
1346 4146 1592 4216 ἀθροίσει
1618 4145 1773 4212 λόγον

189 4244 291 4307 καὶ
336 4242 526 4313 χρόνον
572 4240 913 4311 δαπανήσει,
964 4239 1037 4302 ὼς
1071 4239 1269 4309 (177
1297 4239 1347 4310 b)
1384 4237 1516 4307 μηδὲ
1548 4238 1773 4290 ἀνεκτὸν

186 4332 333 4388 εἶναι
361 4336 474 4397 τοῖς
501 4332 892 4402 ἐντυγχάνουσι
918 4331 1009 4385 διὰ
1036 4331 1097 4384 τὸ
1124 4329 1349 4398 πλῆθος.
1374 4329 1534 4397 Μέγα
1557 4328 1649 4380 οὖν
1681 4328 1773 4385 καὶ

186 4426 504 4496 θαυμαστὸν
552 4426 720 4488 ὅντως
768 4424 887 4477 ἐστὶ
940 4423 1037 4476 καὶ
1085 4421 1286 4491 πολλῆς
1319 4422 1573 4490 δεόμενον
1602 4436 1771 4491 προσ-

1880 1964 1945 2003 ex
1975 1951 2223 2020 professo
2247 1959 2302 2005 et
2329 1950 2630 2015 secundum
2673 1950 3035 2020 propositum,
3063 1950 3158 2005 sed
3188 1950 3455 2016 secunda.

1882 2045 1966 2098 rio
1998 2061 2096 2117 per
2138 2046 2505 2111 occasionem,
2533 2046 3000 2120 Contemplativus
3028 2057 3218 2119 contra
3262 2048 3346 2111 vel
3397 2048 3452 2108 in

1881 2132 1967 2186 his
2000 2145 2156 2189 vacat
2200 2135 2421 2201 aﬂ‘cctu,
2465 2137 2578 2192 Deo
2603 2146 2984 2215 congregatus,
3022 2146 3077 2191 et
3103 2138 3189 2193 his
3217 2139 3453 2200 terrenis

1882 2225 2046 2279 rebus
2070 2227 2356 2282 alienatus.
2383 2229 2584 2295 Melum
2610 2244 2746 2282 vero
2774 2243 2966 2282 rursus
2993 2227 3249 2295 dividunt
3281 2230 3334 2283 in
3359 2246 3453 2287 sex

1882 2326 2085 2383 partes,
2110 2318 2162 2370 in
2182 2320 2709 2388 tergiversationem,
2730 2319 3141 2383 verecundiam,
3162 2321 3452 2395 pudorem,

1880 2414 2178 2476 stuporem,
2204 2407 2730 2471 consternationem,
2762 2418 3058 2477 torporem.
3094 2410 3161 2467 Et
3191 2410 3451 2481 tergiver-

1879 2497 2144 2551 sationem
2173 2497 2394 2567 quidem
2429 2498 2698 2563 deﬁniunt
2733 2506 2938 2561 metum
2974 2500 3205 2557 actionis
3232 2501 3450 2572 futurae,

1878 2590 2269 2645 verecundiam
2304 2606 2431 2647 vero
2459 2603 2664 2652 metum
2695 2590 2763 2645 de
2802 2591 3209 2661 exspectatione
3234 2594 3451 2665 vitupe-

1880 2680 1976 2745 rii;
2015 2681 2277 2750 pudorem
2306 2682 2432 2736 dein
2481 2690 2687 2743 metum
2723 2681 2791 2736 de
2823 2698 2881 2751 re
2912 2683 3057 2753 turpi
3106 2695 3448 2757 perpetrata;

1878 2756 2156 2839 stuporem
2203 2782 2408 2830 metum
2437 2771 2505 2826 dc
2551 2772 2739 2841 grandi
2774 2779 2828 2825 et
2855 2756 3162 2827 vehementi
3192 2774 3453 2845 imagina-

1880 2860 2027 2913 tione
2070 2869 2427 2929 conceptum;
2477 2862 2973 2919 consternationem
3005 2870 3211 2919 metum
3251 2878 3318 2925 ex
3352 2863 3454 2918 im-

1879 2952 2134 3007 manibus
2161 2954 2471 3007 rumoribus
2500 2954 2592 3022 qui
2626 2968 2845 3007 sensum
2883 2953 3168 3018 auferunt;
3201 2956 3452 3026 agoniam

1877 3044 2134 3112 denique,
2182 3045 2264 3097 vel
2299 3052 2597 3114 torporem.
2638 3053 2843 3098 metum
2875 3042 3078 3113 lapsus,
3118 3046 3169 3099 id
3207 3056 3292 3100 est
3330 3063 3455 3103 suet-

1878 3150 2063 3189 eessus
2100 3135 2336 3190 infelicis
2358 3144 2522 3204 atque
2556 3135 2670 3203 spei
2705 3134 2995 3191 frustratae.
3019 3137 3154 3190 Nam
3182 3138 3311 3191 dum
3341 3154 3457 3193 me.-

1877 3226 2081 3279 luimus
2124 3242 2193 3280 ne
2222 3226 2333 3280 voti
2382 3236 2664 3295 compotes
2697 3227 2913 3290 ﬁamus,
2945 3237 3248 3297 torpemus.
3277 3230 3452 3297 Quam

1875 3331 2003 3375 sunt
2047 3323 2214 3375 etiam
2261 3323 2353 3392 qui
2406 3321 2753 3376 timiditatem
2802 3333 3001 3377 vocant
3028 3342 3043 3377 :
3072 3324 3289 3393 Θυμδν,
3335 3326 3453 3383 sive

1876 3412 2329 3481 indignationem,
2376 3429 2509 3467 vero
2554 3430 2744 3469 rursus
2789 3414 3222 3483 interpretantur
3270 3415 3455 3471 fervo,

1875 3518 1988 3557 rem
2039 3504 2318 3574 sanguinis
2366 3506 2573 3559 circum
2625 3504 2926 3573 praecordia
2967 3515 3193 3574 propter
3234 3506 3455 3563 deside-

1876 3596 2016 3655 rium
2048 3594 2255 3648 doloris
2282 3592 2523 3652 vicissim
2557 3593 2859 3664 inﬂigendi.
2903 3594 3081 3650 Etiam
3128 3596 3271 3651 hanc
3312 3598 3456 3652 divi-

1875 3683 2015 3747 dunt
2040 3684 2204 3739 modo
2244 3684 2471 3753 triplici,
2496 3684 2548 3738 in
2587 3684 2778 3755 ὀργὴν,
2807 3700 2970 3753 quam
3010 3694 3139 3739 sunt
3166 3686 3259 3754 qui
3288 3688 3453 3758 χολὴν

1874 3784 1930 3833 et
1955 3776 2109 3845 χόλον
2141 3776 2510 3845 appellarunt,
2542 3784 2598 3829 et
2640 3776 2695 3829 in
2734 3774 2918 3845 μῆνιν,
2959 3784 3016 3829 et
3054 3776 3109 3830 in
3154 3779 3329 3832 κότον.
3359 3778 3454 3833 At—

1874 3884 1980 3936 que
2025 3867 2193 3937 ὀργὴν
2243 3866 2466 3937 quidem
2517 3866 2788 3923 deﬁniunt
2849 3865 3281 3936 indignationem
3330 3884 3454 3938 qua

1876 3961 2204 4030 principium
2231 3971 2288 4015 et
2320 3968 2527 4015 motum
2558 3958 2724 4014 habet
2747 3959 2812 4017 ad
2845 3959 3139 4029 agendum,
3170 3961 3287 4015 sive
3313 3960 3454 4015 indi-r

1873 4053 2183 4118 gnationem
2233 4053 2522 4120 agitatam;
2574 4051 2735 4121 χολὴν
2784 4060 2966 4105 autem
3010 4052 3308 4107 vindictam
3354 4069 3454 4124 per

1873 4144 2107 4196 alterum
2148 4148 2419 4208 sumptam
2447 4139 2515 4197 de
2541 4155 2607 4194 eo
2637 4140 2731 4209 qui
2762 4140 3017 4210 iniuriam
3049 4140 3263 4207 intulit;
3297 4144 3454 4211 χόλον

1874 4243 2064 4287 contra
2092 4232 2136 4286 si
2176 4232 2300 4301 quis
2338 4247 2434 4303 per
2465 4232 2729 4300 seipsum,
2779 4231 2869 4287 cui
2912 4232 3062 4298 illata
3105 4243 3191 4293 est
3230 4233 3449 4309 iniuria,

1874 4346 1999 4385 eum
2026 4330 2117 4400 qui
2149 4328 2334 4393 intulit
2370 4328 2720 4401 persequitur
2747 4347 2761 4383 ς
2791 4329 2955 4399 μῆνιν
2996 4342 3167 4399 porro
3204 4331 3455 4403 indignas

1876 4429 2080 4495 tionem
2110 4425 2604 4479 inveterascentem
2640 4424 2851 4493 (vocata
2885 4434 2971 4479 est
3001 4424 3147 4491 enim
3192 4430 3354 4496 μῆνις
3382 4430 3452 4499 de

183 4517 323 4587 οχῆς
348 4532 407 4567 τε
438 4515 535 4569 καὶ
564 4514 822 4589 σπουδῆς,
855 4514 950 4567 καὶ
980 4512 1086 4580 πρὸ
1114 4511 1321 4565 τούτων
1354 4512 1450 4591 τῆς
1477 4510 1627 4575 θείας
1652 4512 1768 4562 ἑπι-

1877 4530 1940 4569 eo
1968 4513 2113 4583 quod
2149 4512 2413 4575 memoria
2458 4512 2784 4583 retinetur);
2832 4511 3072 4594 denique
3114 4516 3273 4571 κότον
3313 4517 3456 4583 indi.

186 4608 417 4679 κουρίας
438 4647 453 4671 ,
507 4608 568 4659 τὸ
594 4606 888 4675 δυνηθῆναι
920 4604 1134 4675 πρῶτον
1165 4604 1261 4673 μὲν
1292 4603 1390 4672 τῆς
1419 4602 1613 4671 ὑλικῆς
1638 4602 1768 4655 δυά-

184 4700 277 4761 δος
321 4700 431 4751 τῶν
459 4698 719 4768 ἐμφύτων
744 4696 1018 4768 κρατῆσαι
1045 4695 1327 4764 δυνάμεων
1350 4735 1365 4757 ,
1419 4694 1592 4763 θυμοῦ
1626 4693 1772 4761 λέγω

186 4794 288 4848 καὶ
330 4793 659 4863 ἐπιθυμίας,
717 4791 812 4844 καὶ
859 4789 954 4843 τοῦ
984 4791 1107 4843 κατ’
1133 4788 1304 4851 αὺτάς
1334 4787 1641 4857 μερισμοῦ,
1677 4789 1772 4839 καὶ

186 4887 458 4957 μακάριος
512 4886 572 4949 ὃς
620 4885 777 4953 ἀγειν
827 4885 1062 4955 ἑτοίμως
1105 4882 1308 4945 ταύτας
1353 4882 1477 4934 ὅποι
1523 4879 1600 4948 τῷ
1628 4879 1770 4947 λόγῳ

181 4979 338 5030 δοκεῖ
363 4975 648 5046 δεδύνηται
670 5014 687 5040 ,
743 4975 937 5046 μέχρις
972 4975 1039 5028 ἂν
1062 4976 1175 5036 τοῖς
1203 4975 1527 5042 πρακτικοῖς
1555 4971 1644 5023 διά
1671 4972 1769 5037 τῆς

181 5068 389 5138 ἠθικῆς
446 5068 763 5135 φιλοσοφίας
822 5066 929 5120 τῶν
975 5066 1256 5137 προτέρων
1307 5064 1633 5132 καθαίρηται
1681 5062 1768 5113 λο-

185 5177 430 5230 γισμων.

1876 4607 2185 4676 gnationem
2236 4612 2452 4673 tempus
2484 4604 2739 4658 vindicta:
2779 4604 3098 4671 observans,
3145 4608 3454 4676 qui-dictus

1875 4708 1960 4752 est
2000 4700 2127 4750 item
2173 4696 2299 4749 inde
2343 4682 2487 4764 quod
2516 4696 2671 4764 quasi
2700 4696 3018 4751 reconditus
3035 4698 3184 4766 jacet
3223 4699 3373 4766 intus
3403 4710 3457 4755 et

1878 4797 2079 4841 manet.
2108 4786 2368 4840 Dividunt
2400 4801 2529 4839 vero
2568 4787 2764 4839 horum
2793 4790 3225 4867 unumquodque
3258 4790 3313 4843 in
3349 4791 3456 4845 alia

1878 4880 2075 4942 multa;
2112 4894 2235 4946 quae
2264 4879 2307 4931 si
2343 4877 2475 4947 quid
2520 4887 2771 4932 accurate
2815 4870 3141 4947 perquirere.
3170 4888 3228 4934 et
3255 4880 3454 4935 litteris

1880 4969 2095 5023 tradere
2125 4970 2383 5034 voluerit,
2415 4984 2723 5023 sermonem
2768 4970 2999 5023 nimium
3043 4971 3353 5026 cumulabit
3398 4981 3455 5027 et

1881 5068 2094 5127 tempus
2120 5060 2378 5121 insumet,
2410 5075 2532 5128 qum
2556 5059 2891 5113 abundantia
2918 5075 2947 5114 a
2984 5060 3283 5116 lectoribus
3320 5063 3452 5117 ferri

1880 5166 1986 5202 non
2024 5152 2214 5217 possit.
2255 5150 2501 5219 Magnum
2546 5150 2728 5219 itaque
2752 5161 2915 5221 atque
2945 5153 3325 5217 admirandum
3369 5170 3455 5210 τερ

188 5270 325 5307 vera
375 5261 479 5315 est,
524 5261 580 5313 et
630 5251 778 5320 quod
822 5252 991 5305 multa
1061 5249 1366 5303 attentione
1425 5256 1480 5301 et
1524 5245 1729 5304 studio,
1778 5257 1840 5294 ac
1895 5242 2077 5295 divina
2125 5242 2425 5310 praesertim
2476 5257 2577 5309 ope
2630 5242 2897 5311 indigeat,
2946 5245 3185 5312 primum
3228 5247 3452 5316 quidem

188 5361 356 5416 posse
407 5346 746 5400 materialem
792 5346 1101 5401 innatarum
1150 5350 1481 5411 potestatum
1535 5338 1766 5409 dyadem
1806 5351 2089 5407 superare,
2152 5334 2601 5404 indignationem,
2647 5336 2890 5403 inquam,
2937 5344 2993 5389 et
3056 5338 3454 5407 concupiscens

188 5442 352 5499 tiam,
385 5451 685 5506 earumque
716 5438 767 5490 in
813 5452 950 5505 quas
992 5442 1181 5505 patent
1207 5433 1398 5487 divisae
1426 5432 1660 5502 species,
1694 5438 1857 5497 atque
1889 5430 2082 5482 beatus
2133 5438 2215 5482 est
2261 5426 2354 5495 qui
2420 5426 2673 5495 expedite
2707 5427 2804 5481 has
2858 5427 3060 5481 dueere
3122 5445 3452 5499 quocunque

192 5531 395 5587 rationi
446 5529 684 5599 placebit
726 5528 985 5598 potuerit,
1033 5541 1208 5595 usque
1243 5524 1372 5580 dum
1417 5522 1697 5594 practieis,
1731 5520 1781 5573 id
1846 5528 1929 5574 est
1996 5519 2207 5584 activis,
2273 5519 2342 5572 ab
2377 5517 2458 5572 eis
2492 5534 2628 5589 quas
2661 5527 2787 5573 ante
2824 5518 3014 5583 habuit
3059 5531 3324 5601 purgetur
3354 5536 3453 5595 per

195 5622 602 5693 philosophiam
644 5620 931 5677 moralem.
