4192 6434
740 402 874 464 1199

1915 397 1974 453 S.
2018 392 2303 453 MAXIMI
2347 392 2859 451 CONFESSORIS

3879 383 4013 448 1200

734 513 1124 583 Contemplatio
1157 526 1218 562 et?
1256 510 1535 577 Scriptura
1562 508 1625 559 tle
1683 522 1741 559 eo
1806 509 1943 577 quod
1986 508 2077 575 qui
2113 520 2304 575 cogno-

2417 505 2636 571 Θςωρία
2665 505 2732 556 ἐκ
2765 502 2873 569 τῆς
2903 501 3152 570 Γραφῆς
3179 500 3312 570 περὶ
3340 500 3445 554 τοῦ
3468 501 3555 569 μὴ
3580 500 4013 568 deiraret-71".;-

803 605 982 657 scendi
1016 603 1273 672 facultate
1296 600 1549 669 prwditns
1576 610 1787 652 ostrum
1826 600 1935 667 lege
1968 605 2177 649 natura:
2206 611 2310 648 non

805 696 987 748 debeat
1016 694 1339 761 conjungere
1400 691 1568 761 legem
1615 694 1915 761 sapientia’,
1960 699 2009 743 et
2042 688 2171 759 quid
2213 688 2314 742 sibi

802 787 923 842 relit
967 786 1145 840 littera
1171 784 1335 854 alpha
1358 785 1651 839 Αὑταὴαωὶ
1684 784 1887 837 nomini
1911 781 2115 836 addita.

806 901 1015 957 Deinde
1067 917 1199 957 vero
1250 902 1418 957 etiam
1468 916 1730 971 superare
1779 915 1873 955 eas
1923 906 2226 970 potestates
2248 911 2312 951 ac

732 1009 963 1065 prorsus
987 1004 1275 1059 excutere,
1316 1003 1574 1064 tanquam
1628 993 1858 1064 Agarem
1895 1000 1951 1046 et
2007 990 2309 1055 lsmaelem,

741 1086 1091 1142 Abrahamus
1121 1086 1214 1141 ille
1244 1100 1495 1155 magnus,
1528 1100 1657 1140 cum
1683 1086 1804 1155 ejus
1833 1098 1988 1137 mens
2009 1083 2119 1152 jam
2155 1090 2216 1135 ut
2256 1081 2309 1135 in

736 1178 903 1234 Isaaci
938 1177 1088 1232 illius
1106 1174 1381 1230 sacrificio
1404 1176 1549 1231 circa
1586 1174 1774 1231 divina
1802 1172 2114 1245 spectacula
2150 1187 2309 1226 excr-

732 1271 846 1327 ceri
878 1270 1046 1332 norit,
1071 1285 1101 1324 a
1126 1283 1261 1323 voce
1288 1268 1475 1322 divina
1524 1285 1624 1340 per
1648 1268 2035 1339 cogitationem
2084 1265 2314 1320 descen-

730 1360 950 1415 dentem
974 1360 1231 1415 eruditus
1262 1359 1505 1413 divinam
1566 1358 1755 1413 liberae
1791 1357 2095 1427 spiritualis
2123 1357 2311 1428 cogni-

730 1452 897 1507 tionis
921 1453 976 1505 in
1003 1459 1189 1506 mente
1218 1452 1559 1521 progeniem,
1605 1466 1728 1520 quae
1752 1464 1877 1505 cum
1918 1450 2103 1504 servili
2131 1450 2314 1505 carnis

729 1542 939 1597 semine
965 1543 1267 1612 conjuncta
1302 1552 1407 1605 est,
1462 1541 1677 1596 beatam
1703 1542 2183 1596 annuntiationem
2215 1542 2311 1594 im-

728 1644 947 1704 petrare
991 1650 1100 1688 non
1158 1649 1357 1703 posse,
1412 1649 1536 1703 qua:
1590 1642 1676 1688 est
1722 1633 2089 1689 dciticationis
2139 1633 2312 1704 gratia

726 1743 919 1781 eorum
944 1744 1064 1796 qua:
1095 1727 1390 1780 Dominum
1415 1726 1654 1797 diligunt
1678 1727 1797 1796 spei
1834 1726 2105 1796 exposita,
2143 1742 2309 1796 quam

2487 594 2705 648 στικὸν
2728 593 2808 659 τῷ
2832 594 2942 663 τῆς
2964 595 3206 663 φύσεως
3228 595 3394 663 νόμῳ
3411 596 3521 647 τὸν
3538 592 3653 661 τῆς
3668 595 3899 661 σοφίας
3914 596 4013 645 λό-

2485 704 2597 757 γον
2622 687 2987 752 συνάπτειν,
3042 686 3141 739 καὶ
3170 686 3263 751 τίς
3292 686 3333 753 ἠ
3360 684 3680 753 προσθήκη
3710 683 3819 738 τοῦ
3849 683 4017 751 (1.15:0

2486 779 2794 848 στοιχείου
2821 782 2907 845 εις
2932 779 3000 833 τὸ
3028 778 3218 848 ὄνομα
3247 778 3355 832 τοῦ
3385 778 3663 847 Ἀϐραάμ.

2490 892 2721 945 Ἔπειτα
2748 891 2805 944 δὲ
2835 890 2931 945 καὶ
2959 890 3101 963 ὑπὲρ
3134 890 3303 955 αὐτας
3326 890 3580 961 γενέσθαι
3607 890 3701 944 καὶ
3726 888 4016 951 παντελῶς

2418 981 2768 1045 ἀπώσασθαι,
2796 981 2872 1045 ὼς
2894 982 2992 1049 τὴν
3008 983 3191 1051 Ἅγαρ
3216 982 3311 1035 καὶ
3334 981 3427 1035 τὸν
3451 981 3697 1052 Ίσμαὴλ,
3713 980 4018 1048 ὁἈὸραὰμ

2417 1077 2624 1135 ἐκεῖνος
2660 1076 2687 1126 ὁ
2718 1074 2893 1144 μέγας
2918 1115 2933 1139 ,
2988 1070 3081 1125 τοῦ
3117 1070 3429 1141 λογιστικοῦ
3480 1073 3582 1145 ήδη
3634 1071 3769 1141 περὶ
3798 1072 3870 1123 τὰ
3900 1070 4021 1122 θεῖα

2418 1167 2559 1220 κατὰ
2612 1167 2703 1219 τὸν
2750 1165 2940 1219 Ἰσαὰκ
2989 1165 3198 1217 ἐκεῖνον
3260 1163 3648 1233 γυμνασθῆναι
3706 1159 4020 1229 δυναμένου

2416 1260 2690 1330 θεάματα,
2725 1258 2830 1311 ὑπὸ
2857 1258 2957 1329 τῆς
2985 1257 3129 1310 κατὰ
3159 1257 3258 1326 τὴν
3285 1256 3490 1325 γνῶσιν
3519 1255 3837 1325 φερομένης
3868 1254 4022 1313 θείας

2419 1351 2606 1422 φωνῆς
2656 1351 3084 1420 διδασκόμενος,
3150 1349 3224 1419 μὴ
3272 1347 3537 1401 δύνασθαι
3588 1347 3649 1400 τὸ
3703 1345 3853 1398 κατὰ
3898 1343 4025 1395 νοῦν

2417 1444 2560 1497 θεῖον
2591 1443 2689 1512 τῆς
2720 1442 3015 1512 ἐλευθέρας
3046 1441 3188 1494 κατὰ
3216 1439 3436 1510 πνεῦμα
3460 1438 3715 1507 γνώσεως
3742 1438 4021 1505 γέννημα,

2414 1534 2492 1605 τῷ
2539 1534 2773 1603 δουλικῷ
2819 1535 2918 1604 τῆς
2968 1534 3171 1603 σαρκός
3222 1530 3668 1601 ἐπισυνημμένον
3711 1528 4021 1596 σπέρματι,

2415 1629 2515 1697 τῆς
2545 1626 2824 1698 μακαρίας
2858 1629 3043 1696 τυχεῖν
3074 1624 3441 1694 ἐπαγγελίας,
3489 1623 3612 1694 ῆτις
3643 1622 3795 1674 ἐστὶν
3826 1621 3864 1689 ὴ
3902 1617 4022 1671 κατ’

2416 1719 2640 1782 ἐλπίδας
2691 1720 3032 1790 προκειμένη
3082 1720 3193 1781 τοῖς
3236 1716 3497 1786 ἀγαπῶσι
3540 1714 3633 1767 τδν
3664 1712 3880 1783 Κύριον
3924 1710 4023 1778 τῆς

729 1820 908 1890 typice
936 1820 1049 1890 jam
1079 1818 1501 1887 anticipaverat,
1521 1818 1773 1874 monadis
1791 1818 1989 1873 rationi
2021 1834 2119 1889 per
2148 1818 2304 1873 fidem

2416 1810 2667 1874 θεὼσεως
2720 1814 2917 1882 χάρις,
2988 1812 3054 1882 ῆν
3104 1812 3207 1881 ήδη
3270 1808 3517 1871 τυπικῶς
3562 1807 3781 1877 ὑπῆρχε
3826 1820 4021 1873 προει·

733 1909 963 1980 mystice
997 1908 1311 1979 adjunctus,
1337 1925 1444 1979 qua
1475 1909 1767 1965 uniformis
1799 1910 1997 1970 factus.
2022 1910 2105 1963 vel
2130 1909 2304 1979 potius

2416 1902 2622 1974 ληφὼς,
2658 1904 2733 1975 τῷ
2764 1906 2893 1975 περὶ
2924 1903 3154 1975 μονάδος
3177 1903 3320 1974 λόγῳ
3348 1902 3437 1955 διὰ
3465 1901 3701 1962 πίστεως
3733 1901 4023 1967 μυστικῶς

726 1999 794 2053 de
820 1997 1010 2052 multis
1037 2014 1201 2063 unus,
1255 1998 1408 2053 solus
1452 2002 1519 2054 ad
1583 2000 1761 2055 solum
1787 2001 1949 2070 plane
1982 2001 2154 2054 Deum
2192 2016 2308 2054 ma-

728 2091 931 2161 gnifice
962 2102 1329 2164 congregatus
1351 2102 1458 2159 est,
1496 2093 1644 2147 nulla
1680 2094 1908 2148 omnino
1965 2093 2115 2148 circa
2159 2092 2307 2147 aliud

726 2185 858 2254 quid
880 2200 1075 2239 eorum
1100 2200 1222 2255 quae
1268 2184 1533 2255 dissipata
1584 2194 1713 2240 sunt
1767 2185 2167 2255 qualiscunque
2211 2199 2307 2238 co-

726 2274 993 2345 gnitionis
1039 2275 1279 2347 imagine
1343 2276 1507 2331 simul
1538 2276 1707 2340 illata,
1750 2276 1803 2329 id
1830 2277 1977 2345 quod
2026 2275 2189 2346 alpha
2218 2275 2308 2328 lit-

727 2374 878 2429 teraz,
924 2381 1048 2434 quas
1109 2366 1317 2418 nomini
1363 2367 1484 2435 ejus
1537 2366 1725 2419 addita
1768 2376 1873 2431 est,
1912 2367 1965 2420 vi
2008 2365 2304 2437 signiﬁcari

726 2464 880 2523 puto.
924 2452 1106 2519 Quare
1156 2453 1322 2507 etiam
1355 2468 1551 2507 eorum
1596 2454 1714 2522 qui,
1747 2454 2009 2509 omnibus
2032 2471 2155 2524 quzc
2182 2462 2307 2524 post

727 2544 898 2599 Deum
918 2552 1049 2599 sunt
1077 2543 1369 2607 abdicatis,
1403 2559 1501 2614 per
1546 2542 1709 2599 fidem
1740 2544 1806 2598 ad
1858 2545 2029 2599 Deum
2083 2544 2307 2601 adducti

726 2645 876 2701 sunt,
908 2645 1066 2705 pater
1091 2634 1398 2705 appellatus
1441 2643 1527 2690 est
1552 2644 1598 2700 P,
1630 2645 1818 2707 utpote
1843 2637 1937 2706 qui
1964 2637 2173 2693 eisdem
2210 2654 2309 2707 per

729 2727 889 2782 fidem
917 2726 972 2780 in
996 2726 1194 2796 spiritu
1222 2724 1553 2796 imaginibus
1582 2727 1723 2796 patri
1756 2728 1965 2783 similes
1986 2744 2108 2785 esse
2142 2729 2305 2785 liberi

729 2828 973 2888 possent.

849 3129 1236 3201 Contemplatio
1258 3133 1313 3186 in
1359 3128 1573 3203 Moysen
1592 3135 1654 3187 de
1684 3136 1934 3189 detractis
1963 3136 2172 3191 calceis.

794 3331 953 3398 Quod
989 3332 1043 3385 in
1079 3332 1357 3402 principio
1393 3334 1657 3403 gnosticze
1687 3334 1810 3388 vitae
1862 3333 2092 3388 fortasse
2134 3335 2302 3390 etiam

730 3422 939 3494 Moyses
971 3423 1083 3488 ille,
1117 3440 1241 3479 cum
1267 3426 1557 3481 accederet
1580 3426 1647 3480 ad
1675 3434 2029 3495 conspectum
2086 3425 2226 3483 lucis
2249 3426 2305 3481 in

726 3517 870 3571 rubo
897 3516 1131 3586 mystice
1153 3518 1493 3586 apparentis,
1527 3533 1557 3572 a
1580 3517 1766 3572 divina
1792 3533 1960 3574 voce:
1994 3517 2147 3575 Solve
2186 3520 2305 3573 cal-

724 3623 838 3661 ceos
870 3608 933 3660 de
956 3608 1173 3677 pedibus
1210 3610 1337 3672 tuis,
1362 3626 1488 3662 nam
1525 3608 1615 3663 ubi
1636 3619 1746 3663 stas
1770 3620 1914 3664 terra
1937 3619 2123 3664 sancta
2157 3622 2230 3664 est
2253 3621 2302 3675 ει,

723 3698 920 3753 didicit
967 3699 1206 3754 animam
1230 3701 1299 3754 ab
1348 3700 1610 3765 omnibus
1661 3702 2047 3771 corporalibus
2100 3718 2300 3756 secun-

722 3790 853 3844 dum
876 3790 1229 3847 an‘ectionem
1253 3792 1499 3863 perfecte
1551 3793 1787 3847 solutam
1819 3825 1822 3828 ~
1847 3810 1989 3857 esse,
2032 3811 2153 3851 eam
2183 3812 2306 3865 quae

723 3884 1211 3953 contemplationis
1252 3886 1338 3939 via
1385 3883 1453 3940 ad
1487 3901 1576 3940 res
1622 3887 1877 3943 caelestes
1925 3888 2309 3957 intelligendas

722 3975 1025 4043 guosticam
1059 3976 1454 4044 perfectionem
1490 3978 1563 4032 sit
1594 3978 1865 4041 instituta,
1909 3995 1973 4034 ac
2002 3978 2303 4049 perfectam

721 4065 969 4132 pristina:
1003 4066 1057 4120 in
1085 4067 1268 4121 carnis
1296 4068 1486 4123 habitu
1520 4070 1647 4124 vitae
1677 4070 2067 4125 alienationem
2116 4079 2305 4128 tenere

722 4170 820 4224 per
842 4157 1055 4214 calceos
1080 4158 1388 4228 depositos.

960 4563 1347 4636 Contemplatio
1365 4570 1419 4622 in
1446 4580 1623 4640 partes
1653 4572 2055 4640 sacriﬁciorum.

792 4676 904 4731 lloc
955 4694 1147 4734 rursus
1180 4681 1411 4737 fortasse
1452 4684 1599 4737 idem
1647 4684 1970 4753 perdivinus
1997 4687 2212 4758 Moyses
2242 4688 2298 4743 in

2418 1994 2715 2063 συναφθεὶς
2737 2032 2753 2057 ,
2821 1994 2944 2048 καθ’
2965 1994 3025 2047 δν
3073 1993 3310 2064 ἐνοειδὴς
3344 1993 3638 2062 γενόμενος
3658 2029 3673 2050 ,
3726 1988 3938 2061 μᾶλλον
3966 1986 4021 2039 δὲ

2418 2088 2482 2140 ἐκ
2514 2085 2725 2139 πολλῶν
2754 2080 2833 2149 εἷς
2855 2125 2871 2151 ,
2923 2087 3084 2157 μόνος
3136 2086 3274 2155 πρὸς
3314 2087 3474 2155 μόνον
3521 2084 3587 2136 δι’
3610 2083 3735 2135 ὅλου
3767 2082 3864 2134 τὸν
3887 2079 4021 2132 Θεὸν

2420 2174 2859 2247 μεγαλοπρεπῶς
2910 2174 3186 2244 συνήχθη,
3249 2174 3457 2243 μηδένα
3506 2174 3567 2226 τὸ
3614 2174 3887 2243 παράπαν
3922 2172 4019 2237 τῆς

2415 2263 2638 2317 οἱασοῦν
2669 2265 2798 2335 περί
2826 2282 2879 2318 τι
2904 2264 3035 2318 ἄλλο
3065 2266 3174 2317 τῶν
3206 2265 3521 2319 σκεδαστῶν
3549 2263 3811 2333 γνώσεως
3844 2262 4021 2315 τύπον

2406 2352 2585 2425 ἐαυτῷ
2647 2355 3190 2426 συνεπιφερὸμενος,
3256 2356 3394 2425 ὅπερ
3452 2351 3607 2424 οἶμαι
3660 2353 3863 2423 δηλοῦν
3921 2354 4021 2422 τὴν

2406 2448 2503 2502 τοῦ
2528 2448 2777 2511 δοθέντος
2805 2449 2883 2511 εἱς
2910 2448 3235 2518 προσθήκην
3257 2447 3352 2499 τοῦ
3377 2448 3645 2517 ὀνόματος
3670 2446 3815 2514 ἄλφα
3833 2445 4019 2513 γράμ-

2410 2557 2582 2611 ματος
2603 2540 2853 2610 δύναμιν.
2886 2540 2976 2592 Διὸ
2999 2541 3093 2592 καὶ
3118 2538 3301 2610 πατὴρ
3329 2539 3438 2591 τῶν
3459 2540 3549 2592 διὰ
3570 2538 3812 2601 πίστεως
3839 2554 4012 2607 προσ-

2378 2708 2382 2713 ,
2409 2633 2697 2704 αγομένων
2941 2633 2997 2703 α)
3024 2631 3143 2702 Θεῷ
3169 2633 3314 2686 κατὰ
3360 2634 3619 2703 στέρησιν
3654 2632 3881 2684 πάντων
3908 2630 4019 2681 τῶν

2416 2726 2558 2795 μετὰ
2583 2725 2715 2777 Θεὸν
2744 2724 3139 2796 ἐχρημάτισεν,
3172 2725 3247 2787 ὡς
3278 2726 3406 2787 τοὺς
3433 2725 3633 2793 αὐτοὺς
3661 2721 3808 2775 κατὰ
3830 2720 4019 2773 πίστιν

2412 2818 2471 2871 ἐν
2502 2817 2776 2888 πνεύματι
2826 2817 3031 2882 τύπους
3065 2816 3143 2887 τῷ
3173 2817 3346 2888 πατρὶ
3376 2817 3487 2870 τῶν
3516 2819 3723 2871 τέκνων
3751 2816 4017 2887 ἐμφερῶς

2411 2909 2557 2980 ἔχειν
2585 2911 2926 2980 δυναμένων.

2415 3133 2637 3202 Θεωρία
2681 3136 2763 3199 εἰς
2803 3133 2912 3186 τὸν
2942 3130 3211 3197 Μωῦσῆν
3242 3132 3375 3201 περὶ
3402 3129 3523 3185 τῶν
3547 3129 4016 3200 ἀφαιρουμένων

2992 3223 3417 3292 ὑποδημάτων.

2480 3336 2653 3391 Τοῦτο
2684 3337 2849 3407 τυχὸν
2897 3339 2955 3391 ἐν
2987 3338 3131 3409 ἀρχῇ
3164 3338 3261 3407 τῆς
3292 3338 3608 3407 γνωστικῆς
3633 3336 3867 3405 ἀγωγῆς
3918 3337 4014 3388 καὶ

2408 3432 2437 3484 ὁ
2464 3430 2638 3500 μέγας
2666 3429 2911 3499 Μωῡσῆς
2942 3431 3148 3493 ἐκεῖνος
3174 3430 3565 3499 διδασκόμενος
3595 3428 3704 3481 ὑπὸ
3724 3428 3829 3491 τῆς
3853 3426 4013 3489 θείας

2413 3519 2595 3589 φωνῆς
2633 3518 2972 3583 ἐπαιδεύετο,
3002 3518 3164 3588 ἡνίκα
3192 3521 3473 3589 προσῆγεν
3502 3518 3631 3571 ἰδεῖν
3654 3518 3718 3570 τὺ
3740 3518 3800 3570 ἐν
3820 3520 3891 3588 τῇ
3918 3517 4010 3587 βά-

2410 3629 2487 3681 τῳ
2520 3612 2797 3681 μυστικῶς
2828 3612 3240 3682 φανταζόμενον
3272 3613 3387 3680 φῶς
3418 3611 3762 3680 φασκούσης,
3795 3613 4014 3664 Λύσω·

2411 3704 2484 3757 τὰ
2514 3704 2866 3774 ὑποδήματα
2898 3705 3017 3758 ἀπὸ
3050 3704 3169 3758 τῶν
3193 3705 3396 3760 ποδῶν
3422 3722 3541 3759 σου
3563 3746 3579 3770 ,
3613 3707 3649 3759 ὁ
3675 3703 3791 3773 τὰρ
3821 3706 4009 3770 τύπος

2408 3799 2478 3851 ἐν
2497 3792 2547 3865 ᾧ
2577 3798 2841 3867 ἕστηκας
2870 3796 2943 3867 γῆ
2969 3798 3108 3866 ἁγία
3132 3799 3285 3860 ἐστὶ,
3323 3798 3383 3851 τὸ
3408 3796 3619 3862 δεινῶς,
3666 3792 3849 3868 οἶμαι,
3899 3797 4011 3850 τῶν

2412 3889 2744 3959 σωματικῶν
2802 3890 3062 3943 ἁπάντων
3118 3890 3485 3943 ἀπολελύσθαι
3563 3890 3706 3944 κατὰ
3760 3891 4009 3944 διάθεσιν

2410 3980 2510 4050 τὴν
2534 3979 2736 4050 ψυχὴν,
2770 3980 3073 4052 μέλλουσαν
3100 3981 3197 4052 τὴν
3223 3982 3314 4035 διὰ
3341 3984 3577 4055 θεωρίας
3607 3984 3747 4054 πρὸς
3767 3984 3871 4055 τὴν
3897 3984 4007 4036 τῶν

2417 4071 2804 4142 ὑπερκοσμίων
2852 4073 3039 4141 νόησιν
3084 4077 3395 4145 γνωστικὴν
3438 4075 3711 4130 ποιεῖσθαι
3751 4076 4001 4146 πορείαν,

2416 4163 2510 4216 καὶ
2555 4162 2769 4215 τελείαν
2822 4163 2919 4217 τοῦ
2964 4166 3024 4217 ἐν
3070 4165 3254 4236 σχέσει
3309 4168 3511 4239 σαρκὸς
3559 4168 3836 4239 προτέρου
3888 4169 4004 4239 βίου

2410 4256 2765 4326 ἀλλοτρίωσιν
2818 4256 2906 4310 διὰ
2944 4256 3044 4327 τῆς
3075 4259 3190 4312 τῶν
3215 4261 3582 4333 ὑποδημάτων
3612 4261 3765 4333 ἔχειν
3795 4264 4004 4318 ἀποθέο

2414 4362 2568 4410 σεως.

2732 4576 2951 4642 θεωρία
2981 4578 3067 4641 εἰς
3090 4573 3244 4645 μέρη
3279 4573 3399 4628 τῶν
3421 4574 3669 4630 θυσιῶν.

2476 4683 2648 4738 Τοῦτο
2702 4686 2864 4740 πάλιν
2922 4688 3052 4747 ἴσως
3112 4689 3145 4739 ἁ
3198 4686 3363 4752 αὐτὸς
3422 4688 3697 4754 θειότατος
3749 4692 3999 4765 Μωῦσῆς

642 4786 645 4787 ⁷
718 4770 1120 4826 sacrificiorum
1175 4774 1382 4843 regulis
1429 4775 1795 4844 significabat,
1856 4777 2077 4846 adipem
2119 4786 2177 4833 et
2215 4794 2301 4833 re-

2409 4780 2462 4830 ἐν
2491 4782 2608 4842 ταῖς
2637 4780 2746 4832 τῶν
2773 4778 2978 4833 θυσιῶν
3003 4779 3276 4845 διατάξεσι
3306 4784 3613 4854 παρεδήλου
3640 4784 3754 4839 τῶν
3777 4788 3996 4857 ἱερείων

718 4879 817 4918 nes
842 4872 898 4917 et
941 4874 1137 4934 pectus
1163 4872 1220 4920 et
1241 4865 1508 4936 jecinoris
1528 4867 1723 4921 fibram
1757 4867 1827 4922 de
1858 4868 2055 4922 hostiis
2096 4869 2299 4939 jubens

718 4956 941 5025 praecidi
978 4967 1027 5023 τ,
1060 4958 1207 5027 ipsas
1232 4958 1496 5012 nimirum
1516 4960 1806 5029 generales
1830 4966 2148 5015 nostrarum
2177 4976 2302 5031 pas-

716 5051 934 5104 sionum
957 5058 1282 5119 potestates,
1313 5050 1749 5122 indignationem
1784 5051 1910 5106 dico
1954 5062 2012 5107 et
2037 5054 2300 5123 concupi-

716 5142 1004 5202 scentiam,
1033 5157 1159 5212 quze
1188 5157 1322 5197 vera
1363 5151 1448 5197 est
1474 5140 1778 5198 materialis
1805 5141 1959 5214 dyas,
1993 5158 2298 5213 earumque

716 5235 863 5290 vires
902 5235 1110 5291 activas
1159 5249 1282 5291 esse
1345 5234 1721 5306 praecidendas
1770 5243 1828 5289 et
1892 5235 2297 5290 comburendas

715 5326 906 5380 divino
958 5327 1066 5397 igni
1117 5329 1403 5397 potestatis
1452 5326 1698 5397 mystica:
1743 5342 1842 5396 per
1892 5326 2290 5397 cognitionem,

715 5420 1167 5489 concupiscentia
1194 5420 1419 5490 quidem
1453 5436 1553 5490 per
1582 5434 1764 5483 rencs,
1811 5419 1989 5475 activa
2020 5436 2155 5476 vero
2175 5421 2297 5491 ejus

713 5511 790 5579 vi,
831 5512 937 5568 hoc
958 5521 1047 5569 est
1068 5512 1367 5582 voluptate,
1386 5526 1485 5582 per
1525 5510 1885 5582 pinguedinis
1940 5521 2144 5581 partes,
2176 5513 2295 5567 sive

714 5603 954 5675 adipem,
982 5605 1357 5674 indignatione
1386 5620 1483 5674 per
1529 5614 1741 5674 pectus,
1767 5614 1823 5659 et
1866 5606 2042 5659 activa
2083 5596 2215 5675 eius
2242 5608 2291 5660 vi

785 5789 814 5831 Ρ
841 5781 973 5836 Gen.
1004 5798 1134 5843 χιιι,
1168 5784 1217 5834 .‘i.
1298 5794 1322 5832 ει
1361 5783 1529 5837 Exod.
1569 5801 1647 5849 ιιι,
1686 5786 1737 5838 ὅ.
1822 5785 2052 5857 {Le-.‘it.
2089 5803 2177 5849 ιιι,
2211 5788 2297 5840 50.

2404 4871 2659 4940 ἀφαιρεῖν
2692 4868 2753 4921 τὸ
2782 4871 2972 4939 στέαρ,
3010 4871 3106 4923 καὶ
3134 4872 3262 4937 τοὺς
3289 4875 3544 4945 νεφροὺς,
3576 4876 3672 4929 καὶ
3698 4878 3766 4930 τὸ
3792 4879 3995 4949 στηθύο

2404 4978 2537 5024 νιον,
2576 4964 2669 5015 καὶ
2704 4962 2795 5015 τὸν
2826 4962 2987 5016 λοϐὸν
3014 4962 3113 5017 τοῦ
3142 4966 3375 5035 ῆπατος,
3412 4969 3749 5032 ἐπιτάσσων,
3784 4972 3851 5023 τὸ
3881 4973 3994 5025 δεῖν

2404 5053 2576 5117 αὑτάς
2604 5072 2663 5107 τε
2707 5055 2807 5118 τὰς
2832 5040 3056 5124 γενικὰς
3089 5056 3207 5109 τῶν
3229 5061 3293 5110 ἐν
3311 5060 3444 5128 ἡμῖν
3476 5059 3669 5116 παθῶν
3698 5061 3989 5133 δυνάμεις,

2402 5146 2495 5201 τὸν
2524 5146 2693 5217 θυμὸν
2718 5147 2861 5217 λέγω
2891 5150 2985 5201 καὶ
3008 5148 3108 5221 τὴν
3133 5150 3455 5221 ἐπιθυμίαν,
3478 5153 3577 5223 τὴν
3598 5153 3772 5218 ἆντως
3795 5156 3992 5227 ὑλικὴν

2400 5237 2604 5306 δυάδα,
2668 5241 2764 5292 καὶ
2821 5240 2920 5303 τὰς
2970 5242 3251 5311 ἐνεργείας
3305 5243 3488 5298 αὐτῶν
3538 5246 3826 5317 ἀφαιρεῖν,
3895 5248 3990 5301 καὶ

2400 5328 2478 5400 τῷ
2523 5329 2655 5401 θείῳ
2698 5332 2833 5402 πυρὶ
2886 5334 2986 5402 τῆς
3031 5333 3173 5387 κατὰ
3210 5336 3415 5404 γνῶσιν
3457 5338 3729 5408 μυστικῆς
3760 5339 3988 5410 ἐκτῆξαι

2397 5421 2702 5493 δυνάμεως,
2730 5423 2830 5493 τῆς
2856 5426 2955 5495 μὲν
2982 5426 3279 5498 ἐπιθυμίας
3305 5415 3396 5482 διὰ
3416 5430 3524 5484 τῶν
3549 5433 3785 5501 νεφρῶν,
3811 5434 3911 5503 τῆς
3929 5434 3989 5487 ὃς

2399 5514 2681 5586 ἐνεργείας
2709 5516 2882 5586 αὐτῆς
2900 5556 2915 5582 ,
2971 5521 3221 5573 τουτέστι
3253 5521 3356 5592 τῆς
3386 5521 3616 5593 ἡδονῆς,
3665 5523 3755 5577 διὰ
3779 5524 3879 5577 τοῦ
3904 5524 3987 5577 λξ-

2400 5625 2535 5671 πους
2561 5649 2574 5673 ,
2633 5610 2753 5679 ἦτοι
2780 5609 2877 5664 τοῦ
2906 5611 3125 5677 στέατος
3159 5612 3526 5685 δηλουμένης,
3568 5618 3662 5670 καὶ
3687 5617 3782 5671 τοῦ
3810 5614 3986 5685 θυμοῦ
