4192 6434
184 382 316 446 Mil

1407 394 1642 453 AMBIG
1655 395 1923 456 UORUM
1966 400 2212 459 LIBER.

3299 387 3432 473 1202

176 497 270 549 διὰ
318 497 411 548 τοῦ
463 496 748 565 στηθυνίου
775 540 790 561 ,
843 496 946 566 τῆς
993 498 1052 552 δὲ
1107 501 1225 552 κατ’
1252 501 1416 553 αὐτὸν
1460 501 1765 572 ἐνεργείας,

1899 520 1972 559 ter
2004 507 2195 560 ﬁbram
2227 510 2511 579 jecinoris,
2541 528 2666 567 cum
2691 531 2796 583 qua
2840 530 3024 568 amara
3063 523 3120 570 et
3149 509 3293 571 acris
3334 517 3432 573 bi-

172 587 270 638 sta
317 587 412 638 τοῦ
457 586 614 639 λοεοῦ
657 587 751 641 τοῦ
781 589 988 657 ἥπατος
1017 631 1031 654 ,
1098 592 1155 641 ἐν
1258 593 1290 660 ἡ
1323 592 1496 662 πικρὰ
1525 592 1618 645 καὶ
1645 592 1761 662 δρι-

180 677 398 743 μυτάτη
432 677 649 750 πέπηγε
681 678 833 749 χολὴ,
874 682 1310 750 σημαινομένων.

1876 596 1944 647 lis
1967 597 2229 661 cohaeret,
2255 598 2594 669 signiﬁcatis.

180 857 404 924 Θεωρία
449 859 754 928 σύντομος
789 863 878 926 εἰς
922 860 1039 930 τὴν
1070 864 1216 918 κατὰ
1244 866 1433 934 νόμον
1467 864 1756 936 διάφορον

1899 862 2251 932 'ontemplatio
2309 868 2476 921 brevis
2528 870 2584 921 in
2632 870 2896 922 diversam
2941 873 3224 926 secundant
3273 873 3439 944 legem

831 950 1080 1019 λέπραν.

254 1063 427 1117 Τοῦτο
474 1063 639 1116 πάλιν
681 1065 785 1116 κάν
823 1064 904 1134 τῷ
957 1067 1087 1136 περὶ
1132 1067 1342 1137 λέπρας
1382 1071 1534 1142 τόπῳ
1578 1075 1757 1143 σοφῶς

178 1152 340 1225 οἵμαι
405 1155 810 1225 παρεμφαίνειν
869 1155 938 1208 δι’
989 1159 1333 1227 αἰνιγμάτων
1385 1163 1758 1232 συμϐολικῶν,

2518 960 2718 1030 lepram
2745 976 2766 1003 ³
2778 1002 2790 1015 .

1936 1063 2052 1119 Hoc
2085 1079 2278 1121 rursus
2300 1067 2468 1121 etiam
2513 1069 2568 1123 in
2592 1070 2714 1124 loco
2744 1072 2811 1125 de
2847 1073 2998 1141 lepra
3029 1071 3312 1141 sapienter
3343 1087 3442 1142 per

1867 1153 2193 1223 symbolicas
2235 1155 2503 1225 imagines
2566 1158 2880 1228 signiﬁcare
2930 1159 3214 1227 arbitror,
3275 1161 3442 1231 lepra:

181 1248 288 1318 τὴν
332 1247 478 1316 ἁφὴν
519 1246 620 1316 τῆς
659 1246 869 1317 λέπρας
920 1249 1002 1312 είς
1047 1250 1294 1322 τέσσαρα
1325 1254 1515 1325 (178
1547 1258 1597 1326 b)
1628 1259 1761 1330 γένη

1899 1243 2206 1301 ﬂ‘ectionem
2228 1247 2281 1301 in
2302 1255 2538 1317 quatuor
2553 1263 2755 1319 genera
2774 1249 3059 1317 discernit,
3089 1253 3144 1307 in
3164 1251 3370 1317 album,
3387 1261 3447 1306 et

187 1337 512 1408 μερίσαντα,
555 1339 637 1400 εἰς
685 1337 878 1394 λευκὸν
920 1340 1014 1393 καὶ
1055 1340 1264 1412 χλωρὸν
1310 1345 1404 1398 καὶ
1450 1347 1641 1411 ξανθὸν
1673 1351 1767 1402 καὶ

1903 1334 2065 1402 iride,
2091 1345 2148 1392 ct
2167 1338 2418 1406 rubrum,
2438 1347 2494 1394 et
2512 1353 2738 1405 caecum,
2754 1356 2853 1411 per
2868 1357 2989 1411 qua:
3009 1344 3448 1412 concupiscenti-

185 1428 460 1498 ἀμαυρὸν,
498 1428 566 1481 δι’
601 1422 676 1482 ὧν
710 1430 771 1482 τό
798 1446 856 1483 τε
899 1429 1132 1502 θυμικὸν
1162 1434 1258 1488 καὶ
1287 1435 1348 1489 τὸ
1371 1437 1769 1508 ἐπιθυμητικὸν

1905 1443 1996 1481 um
2024 1429 2492 1499 etindignativum
2527 1431 2580 1485 in
2616 1432 2830 1500 species
2871 1448 2999 1487 suas
3025 1434 3197 1488 divisa
3243 1443 3445 1489 osten-

186 1521 274 1582 είς
303 1520 371 1573 τὰ
393 1519 484 1572 ὑπ’
509 1520 648 1572 αὐτὰ
681 1520 795 1591 εῐδη
833 1521 1191 1594 διαιρούμενα
1213 1525 1513 1592 δείκνυται,
1543 1529 1643 1599 τῆς
1671 1529 1772 1598 μὲν

1899 1518 2102 1586 lnntur,
2121 1521 2564 1591 concupiscentia
2593 1521 2816 1592 quidem
2849 1537 2948 1592 per
2988 1523 3172 1577 album
3194 1531 3249 1577 et
3274 1523 3451 1578 viride

188 1609 494 1680 ἐπιθυμίας
540 1612 632 1666 διὰ
682 1611 777 1666 τοῦ
820 1611 1020 1668 λευκοῦ
1069 1615 1165 1668 καὶ
1197 1617 1430 1690 χλωροῦ,
1465 1622 1546 1682 εἰς
1572 1620 1773 1692 ἡδονὴν

1902 1627 1935 1665 n
1958 1611 2291 1680 voluptatem
2320 1619 2376 1667 et
2404 1612 2649 1667 dolorem
2679 1613 3056 1684 indignatione
3084 1628 3216 1667 vero
3240 1613 3452 1683 perru-

189 1703 294 1765 καὶ
328 1703 507 1772 λύπην
538 1703 862 1774 μερίζεσθαι
883 1705 1242 1778 δηλουμένης,
1269 1708 1364 1762 τοῦ
1405 1709 1462 1764 δὲ
1487 1711 1660 1782 θυμοῦ
1688 1712 1776 1767 διὰ

1899 1717 2038 1757 )rum
2052 1711 2108 1757 et
2119 1717 2321 1757 meum
2335 1702 2390 1758 in
2403 1703 2539 1758 iram
2551 1712 2607 1759 et
2621 1703 3450 1774 succensionem,occultamque

187 1794 291 1847 τοῦ
318 1793 510 1859 ξανθοῦ
538 1797 634 1849 καὶ
659 1795 752 1849 τοῦ
790 1797 1042 1869 ἀμαυροῦ
1068 1800 1147 1865 είς
1172 1801 1343 1872 ὀργὴν
1368 1803 1462 1856 καὶ
1497 1804 1658 1874 μῆνιν
1682 1808 1776 1860 καὶ

1899 1792 2250 1849 ςίηιυΙειίοῐιίε
2272 1794 2534 1849 malitiam
2551 1794 2808 1851 discreta.
2837 1794 2965 1850 Haec
3001 1794 3152 1850 enim
3191 1795 3454 1866 primaria

186 1885 297 1956 τὴν
327 1885 727 1958 κεκρυμμένην
767 1889 1112 1959 κακουργίαν
1137 1871 1240 1961 τῆς
1260 1871 1603 1966 ὑποκρίσεως
1639 1916 1777 1970 τεμ-

1899 1895 2011 1944 sunt
2035 1901 2234 1958 genera
2264 1901 2478 1952 earum,
2506 1894 2568 1942 ut
2598 1886 2811 1952 dicunt,
2847 1887 3205 1943 aﬂ‘ectionum
3231 1895 3288 1942 et
3339 1901 3458 1942 om-

186 1978 444 2048 νομένου.
479 1979 666 2033 Ταῦτα
701 1981 812 2052 γὰρ
857 1982 1049 2054 πρῶτα
1091 1985 1223 2058 γένη
1249 1987 1360 2041 τῶν
1383 1991 1476 2044 ὑπ’
1503 1991 1644 2047 αὐτὰ
1672 2012 1778 2047 πα·

188 2069 330 2133 θῶν,
361 2069 438 2135 ὥς
465 2089 620 2140 φασι.
661 2075 758 2127 καὶ
803 2076 1024 2130 πάντων
1071 2079 1501 2154 ἀρχηγικώτερα
1541 2086 1650 2138 τῶν
1683 2087 1777 2142 τοῦ

190 2157 374 2249 θύμου
406 2159 504 2212 καὶ
544 2161 643 2231 τῆς
675 2161 974 2233 ιπιθυμίας
1011 2169 1351 2239 γεννήματα,
1381 2167 1464 2236 οἷς
1492 2173 1593 2245 τὴν
1621 2193 1780 2249 νοση-

189 2248 497 2321 λευομένην
525 2251 703 2324 ψυχὴν
718 2253 816 2324 οὐχ
857 2248 971 2307 οἷόν
997 2272 1078 2320 τε,
1113 2257 1219 2321 ἕως
1251 2258 1357 2312 ὑπὸ
1383 2261 1592 2314 τούτων
1637 2280 1778 2316 κατ·-

192 2343 472 2409 ἑστικται,
519 2346 633 2408 τοῖς
697 2345 799 2418 τῆς
847 2345 998 2412 θείας
1049 2348 1372 2422 ἠξιωμένοις
1433 2354 1782 2426 παρεμϐολῆς

193 2433 519 2505 ἐναρίθμιον
547 2431 707 2490 εἶναι.

198 2613 426 2682 Θεωρία
469 2615 559 2681 εις
602 2613 714 2670 τὸν
761 2617 970 2683 Φινεὲς
1025 2623 1124 2672 καὶ
1176 2619 1318 2686 τοὺς
1367 2621 1788 2692 ἀναιρεθέντας

831 2709 935 2764 ὑπ’
963 2710 1173 2765 αὑτοῦ.

276 2821 448 2874 Τοῦτο
499 2823 596 2876 καὶ
641 2822 734 2876 τὸν
773 2825 1088 2896 θαυμαστὸν
1131 2822 1285 2897 οἶμαι
1335 2830 1522 2894 Φινεὲς
1569 2833 1784 2886 ἐκεῖνον

198 2912 286 2982 τῷ
316 2914 437 2967 καθ’
467 2915 660 2968 ἑαυτὸν
693 2914 841 2986 ζήλῳ
873 2917 1347 2987 παραινίττεσθαι.
1379 2921 1490 2991 Τὴν
1524 2921 1634 2992 γὰρ
1663 2924 1785 2976 Μα-
1837 2962 1840 2966 ι

201 3005 434 3058 διανίτιν
471 3005 550 3076 τῷ
593 3007 902 3079 Ἰσραηλίτῃ
939 3011 1428 3080 συγκαταιχμάσας
1451 3051 1465 3075 ,
1508 3014 1790 3083 μυστικῶς

204 3093 298 3145 διὰ
329 3093 425 3146 τοῦ
456 3093 680 3163 δόρατος
706 3095 808 3165 τὴν
842 3095 976 3166 ὓλην
999 3095 1077 3168 τῷ
1105 3096 1255 3162 εῐδει,
1291 3099 1385 3152 καὶ
1407 3099 1484 3170 τῷ
1512 3101 1667 3172 θυμῷ
1693 3102 1792 3174 τὴν

214 3183 528 3253 Ξπιθυμίαν,
548 3185 640 3238 καὶ
658 3184 758 3257 τὴν
775 3186 1070 3256 ἀλλόφυλον
1096 3188 1289 3261 ἡδονὴν
1308 3190 1385 3262 τῷ
1403 3193 1639 3262 ὲμπαθεῖ
1654 3195 1796 3262 λογι-

213 3275 338 3346 σμῷ
369 3275 456 3331 διὰ
496 3277 596 3348 τῆς
636 3278 732 3331 τοῦ
771 3279 1076 3351 ἀρχιερέως
1119 3280 1282 3350 λόγου
1345 3284 1628 3356 δυνάμεως
1671 3303 1796 3341 συν-

1885 1980 2036 2034 nium
2068 1978 2488 2049 principaliores
2540 1977 2932 2049 indignationis
2967 1987 3025 2034 et
3056 1977 3457 2048 concupiscen-

1888 2070 1975 2124 tiae
1999 2069 2311 2140 progenies,
2373 2069 2578 2139 quibus
2638 2085 2760 2139 quae
2818 2069 2999 2123 anima
3059 2063 3459 2138 comprehensa

1884 2171 2048 2230 atque
2075 2161 2294 2224 infecta,
2332 2160 2576 2230 quandiu
2598 2161 2666 2215 ab
2717 2161 2801 2216 eis
2856 2159 3247 2230 compungitur
3294 2158 3350 2212 in
3375 2157 3462 2212 di-

1885 2252 2025 2307 vinae
2049 2251 2334 2326 phalangis
2361 2267 2592 2310 numero
2626 2251 2842 2308 censeri
2874 2266 2986 2307 non
3017 2258 3221 2322 potest.

1894 2631 2278 2701 Contemplatio
2330 2629 2386 2680 in
2436 2626 2680 2688 Phinees,
2747 2631 2794 2677 et
2849 2623 2940 2694 qui
2989 2621 3053 2675 ab
3098 2637 3157 2674 eo
3203 2620 3467 2690 interfecti

2566 2726 2688 2771 sunt
2736 2720 2777 2769 ι.

1962 2839 2076 2894 Hoc
2107 2837 2274 2893 etiam
2315 2831 2694 2889 admirabilem
2742 2829 2898 2884 illum
2921 2829 3161 2886 Phinees
3198 2829 3316 2883 zelo
3365 2843 3467 2884 suo

1894 2931 2205 3004 signiﬁcare
2245 2929 2503 2984 arbitror.
2557 2924 2967 2980 Madianitidem
3021 2923 3170 2979 enim
3209 2937 3318 2977 una
3345 2936 3469 2977 curn

1894 3022 2141 3079 Israelita
2165 3017 2594 3092 mysticejaculo
2643 3014 2995 3086 transﬁgens,
3055 3015 3338 3070 materiam
3363 3027 3482 3067 una.

1896 3130 2024 3171 cum
2058 3113 2253 3176 forma,
2289 3119 2345 3165 et
2395 3106 2898 3179 concupiscentiam
2930 3122 3040 3161 una
3060 3120 3184 3162 cum
3225 3105 3473 3176 indigna-

1901 3203 2072 3267 tione,
2097 3209 2153 3255 et
2177 3198 2543 3269 alienigenam
2568 3197 2903 3266 voluptatem
2934 3210 3043 3250 una
3076 3210 3202 3251 cum
3259 3195 3471 3266 cogita-

1903 3294 2050 3348 tione
2077 3291 2275 3346 aﬂ‘ectu
2291 3290 2504 3345 irretita
2526 3303 2623 3359 per
2639 3285 2916 3358 pontiﬁcis
2935 3285 3164 3341 rationis
3183 3285 3294 3340 vim
3308 3286 3470 3342 simul

214 3369 559 3424 απωθεῖσθαι
595 3370 737 3442 χρῆν
769 3373 1086 3428 παντάπασι
1123 3375 1225 3445 τῆς
1265 3375 1445 3448 ψυχῆς
1496 3378 1794 3447 ἐνέφαινεν.

1901 3382 2267 3439 excutiendas
2285 3381 2516 3437 omnino
2551 3395 2620 3435 ex
2669 3379 2852 3434 anima
2880 3394 3002 3435 esse
3028 3379 3314 3433 indicavit.
3337 3377 3476 3434 For-

214 3456 435 3523 Εἷδοςη
464 3463 575 3534 γὰρ
626 3462 765 3533 πρὸς
811 3463 945 3535 ὓλην
989 3464 1193 3537 τρόπον
1233 3466 1439 3538 ἐπέχει,
1473 3470 1500 3522 ὃ
1537 3486 1596 3521 τε
1629 3469 1800 3540 θυμὸς

218 3552 358 3624 πρὸς
391 3552 490 3621 τὴν
529 3552 848 3624 ἐπιθυμίαν,
877 3553 956 3626 τῷ
1003 3559 1402 3629 προσεγγισμῷ
1445 3559 1619 3622 διδοὺς
1659 3561 1800 3631 αὐτῇ

217 3643 457 3713 κίνησιν,
493 3643 616 3698 καθ’
641 3646 843 3717 ἑαυτὴν
872 3641 1041 3700 οὖσαν
1071 3648 1352 3718 ἀκίνητον,
1382 3650 1411 3703 ὃ
1445 3666 1505 3703 τε
1542 3651 1802 3722 λογισμὸς

217 3736 362 3805 πρὸς
390 3737 489 3807 τὴν
534 3738 748 3809 ἡδονὴν,
781 3739 1071 3794 εἰδοποιεῖν
1111 3741 1282 3810 αὐτὴν
1321 3742 1604 3812 πεφυκὼς,
1653 3743 1801 3797 ἀνεί-

215 3826 339 3882 δεον
369 3827 462 3881 καὶ
485 3827 734 3898 ἄμορφον
758 3829 901 3890 κατὰ
935 3830 1028 3883 τὸν
1058 3830 1188 3884 ῐδιον
1231 3830 1388 3900 λόγον
1426 3833 1801 3904 ὑπάρχουσαν.

217 3919 384 3989 Δηλοῖ
428 3919 486 3973 δὲ
533 3921 692 3978 τοῦτο
729 3923 826 3975 καὶ
881 3921 1020 3993 αὑτὴ
1047 3923 1157 3976 τῶν
1185 3924 1468 3994 ὀνομάτων
1493 3926 1526 3996 ή
1553 3925 1800 3995 δύναμις.

216 4013 415 4081 Χασδὴ
442 4012 550 4085 γὰρ
574 4015 607 4084 ἡ
637 4014 957 4077 Μαδιανίτις
981 4015 1328 4086 ὀνομάζεται,
1355 4017 1494 4086 ὅπερ
1519 4017 1638 4071 ἐστὶ
1655 4018 1805 4085 Γαρ-

218 4104 519 4175 ταλισμός
565 4123 708 4173 μου,
760 4105 859 4159 καλ⁹
910 4106 1131 4177 Ζαμϐρὶ
1176 4109 1204 4160 ό
1251 4107 1617 4179 Ἰσραηλίτης,
1668 4109 1803 4173 ὅπερ

217 4193 373 4248 ἐστὶν
410 4189 612 4266 ᾊσμα
639 4197 680 4226 "
718 4213 860 4265 μου,
910 4197 1158 4251 τουτέστι
1226 4200 1608 4270 μετεωρισμός
1678 4217 1802 4268 μου.

233 4285 492 4340 Ἐπειδὰν
539 4281 633 4340 οὖν
670 4288 770 4359 τῆς
821 4287 972 4351 θείας
1019 4289 1326 4344 ἀπονεῦσαν
1368 4291 1598 4362 μελέτης
1622 4309 1680 4345 τε
1715 4294 1806 4347 καὶ

217 4377 580 4441 ἑνατενίσεως
616 4378 679 4431 τὸ
713 4379 1021 4448 λογιστικὸν
1055 4381 1155 4452 τῆς
1194 4381 1373 4453 ψυχῆς
1419 4384 1513 4436 καὶ
1544 4399 1807 4453 μετεωρι-

222 4470 354 4523 σθὲν
513 4470 683 4541 ὑλικῷ
727 4472 828 4541 τῆς
897 4471 1100 4541 σαρκὸς
1145 4473 1508 4544 γαργαλισμῷ
1537 4473 1725 4544 (179
1751 4475 1805 4543 α)

223 4560 527 4633 συμπλακῇ
598 4562 739 4618 κατὰ
784 4561 885 4632 τὴν
936 4563 1167 4633 κάμινον
1216 4563 1316 4634 τῆς
1367 4565 1664 4635 ἁμαρτίας,
1711 4563 1804 4616 τοῦ

1904 3492 1990 3532 ma
2021 3475 2169 3531 enim
2210 3472 2279 3528 ad
2333 3471 2615 3528 materiam
2651 3471 2890 3541 applicat
2917 3470 3167 3535 modum,
3221 3479 3278 3524 et
3327 3469 3475 3524 indi-

1902 3567 2088 3638 gnatio
2113 3565 2180 3620 ad
2213 3562 2742 3634 concupiscentiam,
2782 3561 3276 3632 appropinquando
3323 3575 3476 3615 com-

1903 3674 2133 3714 movens
2161 3672 2283 3727 quae
2332 3670 2430 3726 per
2468 3669 2528 3708 se
2559 3652 2860 3708 immobilis
2904 3660 3009 3718 est,
3034 3661 3091 3707 ct
3119 3651 3382 3721 cogitatio
3408 3650 3476 3704 ad

1904 3741 2266 3819 voiuptatem,
2302 3745 2391 3800 cui
2429 3744 2662 3799 formam
2709 3742 2937 3812 praabet,
2968 3756 3095 3810 cum
3128 3741 3262 3795 alias
3302 3739 3478 3793 forma

1905 3857 1969 3894 ae
2011 3838 2192 3908 specie
2243 3834 2546 3891 secundum
2599 3832 2880 3903 propriam
2939 3830 3217 3891 rationem-
3253 3838 3476 3898 careat.

1906 3929 2117 3986 lndicat
2151 3930 2257 3982 hoc
2289 3927 2374 3980 vel
2433 3927 2550 3996 ipsa
2595 3925 2882 3979 nominum
2928 3923 3012 3978 vis
3037 3930 3090 3978 et
3131 3921 3478 3994 signiﬁcatio.

1904 4009 2106 4078 Cliasbi
2130 4020 2277 4075 enim
2304 4016 2616 4073 Madianitis
2649 4015 2740 4070 illa
2785 4015 3112 4086 appellatur,
3169 4013 3316 4084 quod
3374 4023 3478 4076 est,

1909 4111 2399 4174 Titillatiomci,et
2449 4107 2668 4161 Zambri
2728 4103 3164 4174 lsraelita,quod
3203 4111 3290 4158 est
3339 4101 3480 4158 Can-

1909 4207 2072 4260 ticum
2121 4204 2245 4267 mei,
2310 4201 2364 4256 id
2391 4208 2478 4256 est
2529 4197 2766 4254 elevatio
2817 4197 2927 4252 mei
2957 4196 3012 4250 in
3038 4195 3295 4251 sublime.
3344 4191 3481 4248 Cum

1910 4298 2074 4369 igitur
2099 4295 2342 4350 divinam
2368 4291 2785 4348 meditationem
2814 4282 2874 4343 et
2926 4288 3282 4342 intuitionem
3320 4301 3483 4339 aver-

1910 4398 2027 4446 sata
2054 4389 2250 4444 animze
2304 4401 2432 4457 pars
2479 4381 2783 4447 rationalis,
2815 4381 2932 4436 sive
2959 4379 3287 4448 λογιστικὸν,
3321 4384 3485 4445 atque

1911 4481 1966 4534 in
1999 4477 2234 4534 sublime
2254 4483 2445 4531 evecta
2475 4487 2600 4528 cum
2632 4470 2903 4526 materiali
2946 4468 3258 4523 titillatione
3294 4467 3403 4522 coit
3429 4465 3486 4519 in

1912 4569 2122 4641 peccati
2154 4567 2371 4631 ardore,
2405 4566 2517 4620 acri
2562 4563 2790 4619 omnino
2817 4559 3078 4632 pontiﬁce
3111 4559 3321 4612 ratione
3347 4572 3488 4626 opus

223 4653 469 4725 ζηλωτοῦ
513 4655 730 4718 πάντως
750 4654 920 4709 δεῖται
945 4655 1245 4728 ἀρχιερέως
1275 4656 1457 4726 λόγου,
1487 4656 1624 4728 πρὸς
1652 4657 1795 4711 ἀναι-

1911 4669 2018 4723 est,
2041 4668 2151 4714 tam
2173 4657 2242 4712 ad
2265 4655 2564 4712 tollendum
2593 4669 2716 4723 quae
2737 4662 2848 4707 tam
2887 4650 3138 4720 improbe
3174 4649 3484 4711 coivernnt,

228 4763 385 4818 ρεσιν
417 4747 518 4818 μὲν
549 4747 660 4800 τῶν
687 4747 829 4802 οὕτω
859 4749 1043 4815 κακῶς
1095 4751 1345 4823 ἀλλήλοις
1385 4751 1807 4822 συμπεπλεγμέ-

226 4855 359 4901 νων,
395 4840 748 4913 ἀποστροφὴν
776 4841 834 4894 δὲ
861 4842 961 4913 τῆς
993 4843 1304 4916 φερομένης
1335 4843 1482 4908 θείας
1499 4843 1803 4914 ἀγανακτή-

227 4940 392 4994 σεως.

238 5115 457 5183 Θεωρία
480 5115 567 5183 εις
584 5115 674 5183 τὸ,
697 5134 715 5169 ι
740 5117 837 5185 Μὴ
862 5115 1010 5172 δῶτε
1031 5118 1104 5172 τὰ
1136 5118 1271 5188 ἅγια
1291 5117 1415 5184 τοῖς
1447 5117 1610 5180 κυσὶ,
1643 5116 1739 5170 καὶ
1765 5117 1808 5148 ’⁸

306 5213 395 5278 εις
427 5210 519 5274 τὸ,
550 5210 704 5280 μήτε
726 5208 954 5278 ῥάϐδον
987 5208 1139 5278 μήτε
1178 5209 1379 5278 πήραν
1401 5207 1554 5277 μήτε
1584 5207 1810 5275 ὑποδή-

307 5320 468 5374 ματα
500 5301 720 5373 χρῆναι
748 5302 892 5370 τοὺς
917 5302 1303 5368 ἀποστόλους
1322 5299 1666 5365 βαστάζειν.
1684 5318 1700 5348 ι

312 5418 485 5473 Τοῦτο
529 5419 626 5472 καὶ
658 5419 687 5471 ὁ
717 5417 922 5488 Κύριος
952 5416 1135 5480 αὐτὸς,
1170 5415 1245 5478 ὡς
1287 5415 1476 5486 ἔμοιγε
1518 5413 1687 5476 δοκεῖ,
1722 5430 1816 5465 τυ-

1913 4765 2077 4822 quam
2097 4749 2163 4804 ad
2194 4745 2548 4804 avertendam
2571 4743 2772 4799 divina:
2803 4743 2899 4798 irze
2947 4741 3308 4797 invasionem.

1908 5110 2298 5182 Contemplatio
2318 5110 2374 5162 in
2397 5107 2532 5161 illud
2553 5123 2570 5160 :
2614 5124 2632 5157 ι
2656 5104 2734 5160 Ne
2765 5105 2888 5158 date
2914 5119 3072 5157 sacra
3122 5102 3338 5156 canibus
3363 5107 3393 5139 ι
3416 5143 3433 5167 ,
3460 5119 3484 5155 ι

1979 5205 2109 5260 Item
2138 5205 2190 5258 in
2208 5201 2376 5256 illud:
2411 5220 2428 5250 ι
2452 5197 2603 5264 Quod
2627 5213 2794 5268 neque
2815 5195 3083 5258 baculum,
3102 5209 3267 5264 neque
3281 5207 3487 5263 peram,

1985 5313 2149 5368 neque
2187 5293 2385 5349 calceos
2448 5289 2675 5362 apostoli
2703 5289 2926 5342 debeant
2944 5287 3082 5358 ferre
3111 5294 3162 5339 ν.
3189 5303 3207 5336 ι

1985 5410 2101 5465 Hoc
2123 5408 2287 5463 etiam
2333 5407 2449 5476 ipse
2490 5403 2790 5466 Dominus,
2843 5410 2902 5454 ut
2941 5399 3076 5454 mihi
3103 5398 3344 5462 videtur,
3372 5397 3487 5452 lor-

242 5512 334 5585 χδν
367 5511 694 5582 παρεδήλου,
718 5509 877 5563 τοῦτο
908 5509 1008 5578 μὲν
1037 5507 1094 5558 ὲν
1120 5499 1201 5568 οἷς
1241 5521 1397 5574 φησι,
1428 5504 1525 5572 Μὴ
1565 5502 1715 5556 δῶτε
1751 5519 1795 5555 τι

1917 5515 2059 5557 tasse
2082 5498 2432 5570 signiﬁcavit,
2471 5495 2670 5566 partim
2711 5493 2803 5548 ubi
2835 5491 3002 5546 dicit:
3028 5489 3108 5544 Ne
3129 5490 3251 5544 date
3275 5506 3487 5544 sacrum

315 5643 337 5670 ι·
373 5630 550 5686 chit.
578 5645 694 5695 xm,
726 5629 947 5698 passim.
1031 5629 1046 5662 ί
1079 5625 1238 5679 Num.
1272 5639 1394 5686 xxv,
1423 5625 1454 5676 7
1482 5637 1634 5692 seqq.

1716 5632 1740 5658 υ
1771 5619 1960 5674 Matth.
1989 5635 2082 5681 vn,
2119 5619 2169 5671 (5.

2253 5626 2276 5652 "
2313 5617 2446 5669 an.
2484 5630 2558 5674 Ix,
2595 5612 2646 5664 ὅ.

1530 5739 1757 5792 νΛΙῖΙίΕ
1799 5736 2196 5793 LICC'I'IUNICS.

321 5843 360 5873 "‘
395 5842 562 5904 δῖὀους
589 5838 710 5894 C(nl.
740 5837 857 5893 Gud
965 5837 1000 5867 "
1032 5834 1179 5906 ἆσμα
1217 5835 1333 5888 cod.
1367 5833 1504 5884 llud.

1590 5836 1626 5863 “‘
1661 5834 1747 5885 xit
1779 5831 2120 5886 desideratur
2160 5831 2209 5881 in
2241 5829 2358 5879 (νά.
2406 5827 2542 5880 (iud.
