4192 6434
796 386 931 450 ma
1954 384 2015 442 S.
2056 378 2343 442 MAXIMI
2382 406 2383 421 ι

2487 382 2891 444 NFESSORIS
3919 377 4056 446 12οι

792 503 1179 567 eanibu,n¢u
1225 501 1466 573 proiicit:
1523 500 1850 569 margaritas
1901 502 2097 569 porcis,
2124 514 2367 563 sacrum,

2487 500 2645 567 Ξγιον
2668 501 2793 568 τοῖς
2835 499 2998 564 κυσί,
3022 498 3176 569 μηδὲ
3196 499 3466 564 βάλλετε
3514 502 3658 564 τοὺς
3684 498 4050 567 μαργαρίτας

791 595 851 649 ni
886 594 1066 658 fallor,
1095 606 1297 647 vocans
1343 590 1717 645 intellectuale
1759 590 1816 643 in
1851 588 2034 650 nobis,
2068 597 2129 641 ut
2166 586 2367 641 divinae

2487 591 2818 660 ἔμπροσθεν
2862 591 2983 645 τῶν
3028 592 3267 660 χοΙρωοο,
3316 590 3472 658 ἅγιον
3521 591 3652 653 ίσως
3694 590 3880 642 καλῶν
3905 590 3967 641 τὸ
3999 592 4054 640 ἐν

793 685 982 754 gloria:
1012 684 1325 752 imaginem,
1362 681 1509 750 quod
1544 697 1612 736 ne
1658 678 1905 749 improbe
1935 678 2004 732 ab
2036 676 2370 747 indignatio»

796 777 886 829 nis
918 770 1157 828 molibtls
1176 773 1419 827 allatrari
1447 788 1511 825 ac
1564 769 1877 840 perturbari
1929 768 2239 824 sineremus
2272 782 2369 821 ve-

798 867 924 931 tuit,
979 865 1303 935 margaritas
1365 879 1496 918 vero
1548 863 1765 917 divinas
1787 864 1909 933 ejus
1944 871 2000 917 et
2057 859 2372 932 splendidas

797 956 1176 1027 cogitationes,
1207 956 1412 1027 quibus
1447 970 1611 1011 omne
1649 954 1876 1025 dignum
1922 961 2150 1007 ornatur
2196 959 2372 1005 etno-

796 1035 930 1114 bile,
957 1064 1093 1115 quas
1133 1048 1492 1117 cogitationes
1554 1046 1906 1101 intaminatas
1927 1054 1983 1099 et
2019 1045 2089 1098 ab
2138 1041 2373 1113 impuris

799 1139 1102 1194 materialis
1143 1137 1609 1209 concupiscentia:
1648 1132 1994 1206 passionibus
2022 1136 2228 1189 liberas
2259 1150 2375 1188 ser-

798 1228 1006 1283 vandas
1034 1220 1294 1297 praecepit
1317 1244 1330 1279 :
1357 1222 1556 1295 partim
1581 1226 1673 1280 ubi
1696 1226 1763 1280 ad
1795 1234 2015 1280 sanctos
2052 1240 2183 1279 suos
2210 1225 2377 1279 disci-

799 1320 959 1388 pulos
979 1315 1046 1371 ad
1080 1310 1495 1387 praedicandum
1521 1317 1775 1376 emissos.
1800 1310 1931 1369 dum
1993 1323 2053 1368 ut
2106 1315 2373 1369 succincti

799 1410 1059 1476 omnique
1083 1422 1492 1477 supervacaneo
1542 1408 1699 1462 liberi
1733 1417 1919 1462 essent
1953 1405 2211 1460 informat
2235 1408 2378 1461 inter

799 1500 904 1553 alia
937 1496 1043 1552 hoc
1080 1514 1300 1568 quoque
1325 1497 1497 1553 dicit:
1548 1496 1626 1551 Ne
1654 1505 1832 1551 autem
1875 1508 2061 1567 peram
2112 1496 2281 1549 tollite
2321 1498 2376 1549 in

799 1591 962 1653 olant,
995 1598 1090 1642 aut
1109 1586 1376 1654 baculum,
1402 1596 1496 1643 aut
1525 1582 1725 1642 calceos
1749 1590 1803 1642 in
1831 1587 1984 1658 pedes
2007 1596 2228 1653 vestros,
2251 1604 2376 1641 cum

800 1680 1061 1734 nimirum
1079 1681 1149 1735 sit
1180 1696 1403 1735 necesse
1437 1687 1497 1733 ut
1517 1680 1611 1750 qui
1630 1695 1751 1735 sese
1780 1670 1848 1735 ad
1871 1680 2162 1735 sublimem
2186 1679 2377 1750 cogni—

801 1771 1089 1825 tionisiter
1120 1770 1423 1825 accinxerit
1443 1764 1595 1825 omni
1619 1770 1890 1825 materiali
1921 1770 2169 1840 pondere
2194 1775 2373 1830 vacet,

2477 686 2610 755 ἡμῖν
2645 685 2853 755 νοερὸν,
2888 684 2965 747 ὡς
2997 684 3149 747 θείας
3197 685 3565 753 άπεικόνισμα
3589 683 3772 751 δόξης,
3804 683 3949 751 ὅπερ
3980 684 4051 751 μή

2479 777 2666 841 κακῶς
2716 776 2812 848 ἐᾷν
2853 776 2959 829 ὑπὸ
3003 776 3113 829 τῶν
3166 774 3414 845 θυμικῶν
3454 775 3773 843 κινημάτων
3816 772 4059 826 καθυλα-

2479 867 2781 938 κτοὺμενον
2814 868 3249 937 ἐκταράσσεσθαι
3290 865 3673 938 παρηγγύησε,
3708 866 4063 937 μαργαρίτας

2477 960 2535 1013 δέ
2572 960 2641 1013 τὰ
2684 960 2805 1014 θεία
2847 960 2943 1013 καὶ
2988 959 3218 1031 λαμπρά
3244 959 3435 1012 τούτου
3478 959 3745 1029 νοήματα,
3773 954 3857 1020 οἷς
3881 958 4062 1025 τίμιον

2481 1051 2628 1105 am»;
2658 1050 2983 1121 κοσμεῖσθαι
3019 1052 3283 1117 πέφυκεν,
3310 1051 3457 1119 άπερ
3500 1050 3892 1119 διαφυλάττειν
3930 1048 4064 1118 ἁμό-

2481 1140 2647 1193 λυντα
2685 1140 2782 1194 καὶ
2840 1140 2949 1192 τῶν
3000 1140 3327 1209 ἀκαθάρτων
3378 1139 3476 1209 τῆς
3524 1140 3717 1210 ὑλικῆς
3762 1139 4065 1207 ἐπιθυμίας

2484 1229 2673 1283 παθῶν
2715 1228 2977 1299 ἐλεύθερα
3022 1228 3134 1281 δεῖν
3183 1226 3660 1298 παρεκελεύσατο·
3703 1226 3866 1280 τοῦτο
3910 1225 3970 1278 δὲ
4012 1227 4067 1277 ἐν

2482 1315 2564 1384 οἷς
2594 1318 2729 1389 πρὸς
2767 1318 2894 1383 τοὺς
2940 1320 3130 1388 ἁγίους
3158 1319 3326 1373 αὑτοῦ
3374 1318 3623 1389 μαθητάς
3662 1316 4069 1385 ἀποστελλομέ-

2483 1433 2607 1477 νους
2638 1415 2730 1467 ἐπὶ
2762 1413 2825 1466 τὸ
2845 1413 3108 1483 κήρυγμα
3142 1411 3271 1482 περὶ
3292 1410 3386 1463 τοῦ
3412 1410 3529 1472 πῶς
3558 1408 3842 1472 εὐσταλεῖς
3868 1408 4067 1469 αὐτοὺς

2485 1503 2628 1560 εἶναι
2657 1506 2752 1560 καὶ⁵
2783 1503 3110 1574 άπερίττους
3138 1499 3414 1554 διατυπῶν
3442 1500 3534 1552 καὶ
3567 1500 3728 1553 τοῦτο
3774 1500 3919 1569 πρὸς
3961 1501 4069 1560 τοῖς

2484 1600 2663 1662 ἄλλοις
2686 1599 2840 1668 φησὶ,
2872 1597 2969 1664 Μὴ
3006 1595 3075 1648 δὲ
3116 1595 3316 1663 πήραν
3358 1593 3557 1659 αἴρετε
3616 1594 3703 1657 είς
3732 1591 3854 1657 τὴν
3901 1590 4065 1653 ὁδὸν,

2479 1693 2634 1761 μήτε
2664 1690 2915 1760 ῥάϐδον,
2943 1688 3097 1760 μήτε
3142 1687 3500 1756 ὑποδήματα
3542 1687 3630 1751 εις
3681 1684 3826 1751 τοὺς
3875 1683 4067 1749 πόδας

2485 1784 2675 1853 ὑμῶν,
2713 1783 2791 1847 ὡς
2837 1781 2958 1836 δέον
3014 1780 3109 1834 τὸν
3151 1780 3252 1850 τῆς
3292 1777 3503 1848 ὑψηλῆς
3546 1777 3691 1831 κατὰ
3727 1776 3830 1849 τὴν
3858 1776 4065 1845 γνῶσιν

800 1872 857 1917 et
887 1854 1035 1915 omni
1067 1860 1282 1932 patibili
1308 1861 1377 1915 de
1420 1856 1867 1945 concupiscentia
1907 1870 1964 1917 et
1999 1861 2372 1932 indignatione

2487 1870 2710 1945 πορείας
2766 1872 3170 1944 ἐπειλημμένον
3219 1872 3419 1934 παντὸς
3470 1870 3568 1941 μὲν
3614 1870 3807 1924 ὑλικοῦ
3864 1870 4067 1940 βάρους

800 1950 1092 2007 allectione
1136 1950 1436 2016 liberetur,
1503 1942 1964 2023 quemadmodum
2035 1952 2379 2006 demonstrat

801 2059 931 2112 pera
953 2052 1009 2096 et
1063 2043 1311 2109 bacuIUS,
1336 2054 1573 2114 quorum
1626 2044 1798 2098 altera
1846 2042 2376 2113 concupiscentiam,

801 2133 941 2188 alter
964 2130 1398 2204 indignationem
1449 2126 1744 2204 signiﬁcat,
1793 2133 1849 2187 in
1897 2130 2093 2203 primis
2134 2147 2268 2187 vero
2320 2142 2381 2186 ut

802 2223 985 2277 nudus
1014 2224 1085 2277 sit
1117 2222 1471 2296 hypocriseos
1490 2214 2013 2292 improbitate,quae
2027 2220 2381 2277 calceamenti

802 2315 976 2370 instar
1009 2312 1137 2369 vitae
1201 2312 1491 2383 vestigium
1551 2308 1762 2384 obtegit
1807 2321 1864 2368 et
1914 2312 2111 2367 animae
2155 2311 2382 2380 patibile

802 2401 1081 2475 mquitatis
1146 2407 1406 2473 ligmento
1462 2402 1759 2469 obscurat;
1829 2418 1996 2473 quam
2064 2401 2383 2473 hypocrisin

806 2496 1067 2551 Pharisaei
1097 2496 1296 2558 induti,
1326 2496 1564 2565 speciem
1612 2495 1853 2564 pietatis,
1886 2510 1995 2549 non
2057 2494 2232 2564 ipsam
2260 2494 2380 2564 pie-

806 2595 972 2640 tatem
1030 2586 1336 2650 habentes,
1410 2585 1625 2639 etiamsi
1679 2585 1851 2639 latere
1892 2586 1995 2640 sibi
2036 2586 2384 2648 videbantur,

809 2673 991 2730 tamen
1020 2687 1051 2731 a
1087 2674 1300 2732 ratione
1332 2674 1603 2730 confutati
1628 2690 1749 2731 esse
1764 2674 2100 2730 didicerunt.

1231 3046 1619 3121 Contemplatio
1648 3050 1712 3103 de
1734 3047 1986 3103 lunatico.

876 3158 994 3233 Qua
1025 3165 1294 3220 materiali
1347 3163 1543 3235 dyade,
1578 3160 1996 3233 indignationis,
2042 3161 2285 3229 inquam,
2331 3168 2388 3215 et

809 3256 1289 3326 concupiscentiae,
1345 3268 1539 3308 rursus
1595 3251 1883 3315 Dominus,
1917 3251 1972 3303 ni
2023 3249 2387 3313 failor,luna-

812 3346 980 3403 licum
1040 3342 1294 3401 liberavit
1329 3349 1375 3410 ³,
1414 3344 1501 3397 vel
1534 3342 1741 3411 potius,
1767 3356 1920 3406 _cum
1961 3341 2139 3395 malus
2173 3340 2386 3394 dannon

813 3426 921 3505 igni
954 3435 1330 3505 indignatione
1363 3443 1421 3488 et
1445 3445 1585 3502 aqua
1616 3431 2071 3501 concupiscentia
2102 3445 2228 3484 eum
2262 3446 2386 3499 per-

809 3524 942 3583 ilcre
978 3528 1163 3589 vellet,
1186 3525 1453 3588 coercuit,
1477 3532 1641 3593 atque
1690 3519 1917 3577 sustulit
1960 3522 2167 3576 rabiem
2210 3521 2388 3575 furio-

810 3620 925 3672 sam
954 3617 1118 3685 (luna:
1157 3618 1304 3669 enim
1342 3614 1711 3669 increscendo
1766 3613 2247 3683 decrescendoque
2294 3614 2390 3666 lia-

811 3705 960 3762 bitus
994 3706 1132 3759 nihil
1163 3695 1351 3758 (litiert
1384 3704 1454 3756 ab
1479 3702 2046 3756 hominibusmateria
2066 3701 2386 3771 superatis);

810 3805 918 3868 'qua
953 3796 1158 3853 abusus
1183 3795 1395 3849 daemon
1428 3794 1737 3848 concitator
1768 3793 2085 3861 passionum
2129 3802 2388 3861 tanquam

813 3892 869 3943 in
898 3905 1095 3959 aquam
1120 3897 1175 3941 et
1213 3887 1393 3957 ignem
1430 3886 1486 3940 in
1524 3884 2033 3955 concupiscentiam
2056 3892 2115 3938 et
2142 3880 2391 3953 indigna-

812 3984 1015 4035 tionem
1054 3980 1279 4048 injicere
1314 3985 1554 4033 mentem
1579 3986 1637 4032 et
1688 3971 1961 4031 sullocare
2002 3992 2110 4029 non
2162 3970 2387 4038 desinit,

813 4074 1122 4145 usquedum
1151 4075 1243 4128 Dei
1292 4070 1531 4128 Verbum
1567 4074 1625 4128 et
1654 4072 1795 4126 ratio
1844 4071 2130 4126 advenerit
2175 4080 2231 4125 et
2274 4086 2387 4125 ma-

811 4169 1061 4222 tcrialem
1120 4178 1285 4236 atque
1336 4166 1543 4219 malum
1593 4164 1897 4218 damonem
1940 4163 2215 4231 expulerit
2272 4163 2393 4233 (per

814 4277 981 4331 quem
1016 4270 1173 4313 vetus
1214 4267 1270 4313 et
1305 4267 1562 4311 terrenus
1589 4255 1756 4310 homo
1806 4252 2182 4323 exprimitur),
2227 4260 2392 4307 vexa-

814 4364 931 4406 tum
971 4366 1104 4405 vero
1152 4350 1311 4404 illum
1363 4364 1395 4403 a
1453 4348 1597 4403 mala
1645 4346 2019 4402 dominatione
2066 4346 2389 4407 asseruerit,

813 4445 946 4498 dum
978 4442 1279 4497 naturalem
1305 4440 1353 4495 ei
1389 4439 1816 4493 moderationem
1843 4438 2017 4508 gratia
2040 4454 2139 4491 sua
2183 4437 2385 4499 reildil,

814 4538 913 4604 per
946 4549 1110 4603 quam
1147 4547 1324 4585 novus
1346 4538 1402 4584 et
1424 4530 1493 4583 ad
1517 4528 1614 4583 Dei
1652 4529 1945 4599 imaginem
1984 4534 2205 4583 creatus
2226 4524 2409 4583 homo“

811 4628 1152 4697 designatur.
1181 4625 1271 4678 Sic
1296 4624 1463 4694 igitur
1489 4625 1683 4676 omnes
1716 4620 1891 4675 sancti
1948 4621 2093 4675 hanc
2130 4618 2379 4675 divinam

810 4722 863 4771 et
893 4733 1000 4771 non
1034 4712 1281 4769 fallacem
1306 4713 1575 4767 rationem
1604 4712 1709 4764 rite
1740 4706 1980 4781 aggressi
2003 4712 2109 4765 hoc
2128 4712 2388 4766 saaculum

819 4807 1216 4868 transivcrunt,
1249 4805 1303 4858 in
1344 4803 1493 4857 nulla
1527 4818 1719 4857 earum
1751 4814 1889 4871 quas
1942 4802 2109 4855 habet
2138 4803 2391 4871 volupta-

818 4909 935 4952 tum
991 4895 1282 4962 vestigium
1323 4893 1520 4947 animae
1574 4892 1972 4961 imprimentes.
2028 4893 2089 4946 In
2149 4907 2393 4946 summas

818 4991 966 5046 enim
995 5002 1187 5043 earum
1216 5000 1353 5055 quas
1382 4985 1593 5039 homini
1641 4985 1859 5053 assequi
1888 4984 2021 5039 licet
2057 4984 2125 5037 de
2157 4984 2270 5037 Deo
2301 4999 2389 5037 ra-

815 5080 1017 5143 tiones,
1076 5077 1365 5139 bonitatis,
1419 5077 1681 5145 inquam.
1729 5083 1787 5130 et
1841 5076 2147 5138 charitatis,
2199 5076 2391 5129 oculos

815 5172 1121 5228 rectissime
1154 5163 1401 5239 ligentes,
1444 5169 1646 5239 quibus
1708 5168 1876 5223 Deum
1918 5177 2255 5223 commotum
2311 5168 2393 5223 eis

719 5251 725 5257 ’
814 5280 936 5333 qua:
961 5272 1089 5317 sunt
1136 5260 1520 5315 exsistentiam
1543 5272 1776 5329 eamque
1825 5259 2025 5314 bonam
2083 5259 2261 5329 gratia
2295 5274 2393 5313 sua

821 5355 1013 5426 largiri
1068 5349 1382 5407 didicerunt
1447 5349 1739 5421 (siquidem
1826 5350 2033 5406 moveri
2082 5347 2251 5407 Deum
2301 5351 2395 5420 qui

2480 1954 2766 2034 ἐλεύθερον
2804 1958 2964 2029 εἶναι,
3016 1964 3198 2033 πάσης
3243 1962 3301 2017 δέ
3341 1962 3442 2033 τῆς
3488 1960 3608 2016 κατ’
3636 1961 3943 2031 ἐπιθυμίαν
3974 1962 4065 2013 καὶ

2482 2055 2652 2124 θυμὸν
2702 2044 2983 2126 ἐμπαθοῦς
3020 2044 3316 2116 διαθέσεως
3355 2053 3615 2123 καθαρὸν,
3644 2053 3719 2116 ὡς
3747 2052 3906 2123 δηλοῖ
3945 2055 3981 2123 ἦ
4009 2066 4063 2106 τε

2484 2148 2640 2217 πήρα
2681 2147 2773 2200 καὶ
2882 2147 3097 2218 ῥάϐδος.
3132 2147 3164 2216 ἠ
3199 2146 3299 2214 μέν
3332 2145 3429 2215 τὴν
3474 2144 3796 2213 ἐπιθυμίαν,
3822 2146 3857 2212 ἡ
3889 2144 3949 2195 δέ
3980 2145 4066 2196 τὸν

2485 2235 2656 2307 θυμὸν
2687 2237 3148 2307 ἐπισημαίνουσα,
3183 2237 3420 2305 μάλιστα
3453 2236 3512 2289 δὲ
3550 2235 3649 2305 τῆς
3679 2235 3802 2289 καθ’
3832 2236 4069 2305 ὑπόκρι-

2487 2342 2571 2380 σιν
2601 2325 2808 2397 γυμνδν
2861 2328 3221 2397 κακουργίας,
3248 2326 3348 2396 τῆς
3375 2321 3487 2379 οἷον
3518 2326 3869 2396 ὑποδήματος
3907 2326 4068 2392 δίκην

2487 2416 2583 2471 τοῦ
2618 2418 2737 2487 βίου
2778 2418 2839 2472 τὸ
2876 2418 3024 2489 ῐχνος
3056 2419 3556 2490 ἐπικαλυπτοὺσης,
3584 2418 3679 2472 καὶ
3726 2418 3791 2471 τὸ
3820 2418 4068 2488 ἐμπαθὲς

2485 2506 2587 2577 τῆς
2610 2505 2792 2577 ψυχῆς
2814 2506 3260 2579 ἐπικρυπτούσης
3289 2507 3478 2579 (179
3508 2509 3560 2580 ὑ)
3594 2508 3903 2571 ἐπιεικείας
3934 2506 4070 2560 πλά-

2491 2614 2693 2668 σματι·
2746 2599 2814 2669 ἢν
2868 2598 3273 2670 ὑποδησάμενοι
3348 2601 3601 2670 ἀφρόνως
3653 2600 3705 2653 οί
3753 2600 4066 2669 Φαρισαῖοι,

2496 2686 2778 2757 μόρφωσιν
2832 2685 3138 2747 εὐσεϐείας,
3187 2688 3430 2741 ἀλλὀὐκ
3485 2689 3771 2742 εὑσέδειαν
3826 2689 4069 2759 ἔχοντες,

2491 2777 2584 2828 καὶ
2630 2779 2679 2829 εἰ
2723 2777 2905 2830 λαθεῖν
2947 2776 3218 2848 ἐνόμιζον,
3250 2779 3354 2831 ὑπὸ
3388 2778 3479 2833 τοῦ
3512 2778 3669 2845 λόγου
3719 2780 4069 2850 ἐλεγχθέντες

2487 2865 2847 2938 ἐδιδάχθησαν
2871 2870 2934 2925 ⁸⁸.

2736 3049 2957 3118 Θεωρία
2989 3048 3121 3117 περὶ
3154 3049 3263 3105 τοῦ
3302 3049 3833 3120 cannarum-ev.

2563 3160 2779 3229 Ταύτης
2815 3162 2913 3231 τῆς
2945 3160 3140 3231 ὑλικῆς
3180 3161 3394 3227 δυάδος,
3422 3165 3523 3233 τῆς
3543 3162 3684 3216 κατὰ
3716 3162 3894 3232 θυμὸν
3928 3162 4075 3229 λέγω

2491 3253 2583 3304 καὶ
2634 3250 2954 3323 ἐπιθυμίαν,
3006 3252 3167 3305 πάλιν
3231 3254 3259 3305 ὁ
3302 3252 3508 3321 Κύριος
3552 3252 3949 3325 ἐλευθέρωσεν,
3994 3248 4073 3314 ὦς

2488 3342 2664 3413 οἶμαι,
2703 3344 2795 3396 τὸν
2832 3343 3309 3413 σεληνιαζόμενον,
3345 3346 3544 3413 μᾶλλον
3576 3345 3630 3398 δέ
3682 3345 3781 3399 τοῦ
3817 3348 3961 3416 πυρὶ
3990 3342 4073 3419 τῷ

2488 3437 2647 3507 θυμῷ
2706 3436 2800 3491 καὶ
2857 3436 3009 3490 ὕδατι
3068 3438 3135 3505 τῇ
3193 3436 3459 3507 ἐπιθυμίᾳ
3502 3437 3663 3490 αὑτὸν
3712 3438 4072 3508 βουληθέντος

2490 3530 2754 3582 ἀπολέσαι
2797 3528 3034 3600 πονηροῦ
3088 3527 3365 3597 δαίμονος,
3409 3529 3605 3599 ἐπέσχε
3632 3546 3692 3582 τε
3737 3531 3833 3583 καὶ
3863 3534 4045 3601 κατήρ

2490 3638 2625 3691 γησε
2660 3620 2761 3689 τὴν
2797 3618 3034 3689 μανιώδη
3081 3618 3289 3673 λύσσαν
3333 3618 3590 3690 (σελήνης
3632 3619 3742 3689 γάρ
3797 3620 3956 3672 οὐδὲν
3995 3622 4071 3672 δι-

2493 3713 2749 3782 ενήνοχεν
2769 3714 2803 3781 ἡ
2832 3711 2967 3781 πρὸς
2990 3712 3057 3764 τά
3085 3712 3344 3780 γινόμενα
3372 3712 3467 3764 καὶ
3487 3711 3859 3783 ἁπογινόμενα
3888 3713 4074 3782 σχέσις

2490 3802 2601 3855 τῶν
2632 3802 2958 3871 ἡττημένων
2991 3803 3104 3864 τοῖς
3149 3801 3353 3865 ὑλικοῖς
3382 3802 3707 3873 ἀνθρώπιον)
3734 3820 3747 3832 ·
3779 3798 3849 3875 ἦς
3881 3804 4071 3858 ἐπιλα-

2493 3891 2723 3959 ϐόμενος
2754 3893 2781 3943 ό
2809 3889 2879 3942 τά
2912 3891 3063 3957 πάθη
3095 3891 3382 3960 διεγείρων
3423 3890 3635 3963 δαίμων
3680 3892 3873 3964 ῶσπερ
3924 3894 4069 3947 ῦδατι

2494 3976 2589 4036 καὶ
2626 3984 2759 4054 πυρὶ
2796 3985 2862 4052 τῇ
2914 3982 3183 4053 ἐπιθυμίᾳ
3225 3984 3320 4037 καὶ
3355 3982 3431 4068 τῷ
3477 3983 3635 4055 θυμῷ
3661 3984 3954 4054 ἐμϐάλλων
3987 3989 4071 4039 τὸν

2493 4073 2621 4127 νοῦν
2660 4075 2755 4128 καὶ
2810 4074 3191 4143 ὲναποπνίγων
3238 4076 3300 4128 οὑ
3348 4074 3606 4136 παύεται,
3654 4077 3761 4139 ἓως
3797 4075 3899 4129 τοῦ
3942 4077 4071 4129 Θεοῦ

2495 4163 2668 4231 Λόγος
2720 4163 3173 4232 παραγενόμενος
3213 4148 3277 4217 τὸ
3318 4164 3417 4233 μὲν
3459 4163 3644 4216 ὑλικὸν
3693 4166 3787 4217 καὶ
3833 4168 4075 4235 πονηρὸν

2495 4254 2762 4308 άπελάσει
2801 4252 3019 4323 πνεῦμα
3059 4254 3149 4319 (δι’
3192 4243 3275 4309 οῦ
3306 4257 3335 4308 ό
3381 4254 3610 4317 παλαιός
3656 4273 3717 4307 τε
3753 4258 3854 4308 καὶ
3891 4260 4074 4325 χοῑκὸς

2496 4340 2962 4411 χαρακτηρίζεται
2988 4341 3321 4411 ἄνθρωπος),
3340 4342 3432 4395 τὸν
3466 4343 3523 4396 δὲ
3554 4344 3955 4415 ἐνεργούμενον
3979 4346 4071 4413 τῆς

2502 4436 2742 4504 πονηρᾶς
2782 4434 3137 4504 ἐλευθερώσει
3168 4435 3502 4505 τυραννίδος,
3534 4436 3633 4506 τὴν
3665 4436 3905 4507 φυσικὴν
3932 4438 4074 4507 αὑτῷ

2494 4526 2851 4593 σωφροσύνην
2890 4525 3123 4588 ἀποδοὺς
3160 4526 3253 4578 καὶ
3304 4527 3693 4597 χαρισάμενος,
3723 4523 3884 4598 δι’ἦς
3907 4531 3937 4582 ό
3962 4530 4073 4593 νέος

2491 4617 2583 4668 καὶ
2632 4617 2768 4670 κατὰ
2817 4618 2951 4669 Θεὸν
2991 4616 3313 4687 κτιζόμενος
3364 4617 3649 4689 ἄνθρωπος
3686 4618 4069 4676 διαδείκνυται.

2490 4706 2649 4762 Οὕτω
2691 4707 2791 4776 μὲν
2837 4703 2931 4760 οὖν
2964 4707 3163 4768 πάντες
3192 4708 3242 4759 οἱ
3273 4707 3419 4775 ἅγιοι
3449 4708 3543 4762 τοῦ
3581 4708 3725 4763 θείου
3775 4713 3876 4765 καὶ
3911 4713 4073 4766 ἀπλα-

2490 4799 2619 4862 νοῦς
2650 4800 2810 4867 λόγου
2842 4784 3082 4868 γνησίως
3119 4799 3517 4869 ἐπειλημμένοι
3561 4801 3655 4854 τὸν
3693 4800 3875 4854 αίῶνα
3892 4793 4072 4857 τοῦτον

2489 4883 2769 4959 διέόησαν,
2800 4890 2974 4943 οὐδενὶ
3000 4891 3107 4944 τῶν
3136 4894 3194 4946 ἐν
3218 4892 3366 4963 αὑτῴ
3385 4891 3635 4963 τερπνῶν
3677 4891 3738 4946 τὸ
3763 4892 3870 4964 τῆς
3904 4895 4070 4964 ψυχῆς

2499 4981 2644 5049 ἴχνος
2682 4982 3158 5053 ἐναπερείσαντες.
3200 4983 3344 5053 Πρὸς
3397 4984 3509 5055 γάρ
3549 4984 3676 5048 τοὺς
3722 4984 3938 5055 ἄκρους
3972 4987 4070 5038 τῶν

2495 5076 2803 5149 ἀνθρώποις
2832 5080 3069 5147 ἐφικτῶν
3104 5082 3233 5149 περὶ
3258 5079 3395 5133 Θεοῦ
3420 5081 3633 5150 λόγους,
3668 5083 3771 5151 τῆς
3806 5082 4068 5152 ἀγαθόςπ-

2495 5168 2589 5233 τός
2634 5169 2694 5222 τέ
2726 5187 2869 5241 φημι
2901 5173 2996 5225 καὶ
3042 5171 3144 5240 τῆς
3190 5172 3433 5243 ἀγάπης,
3470 5173 3615 5243 μάλα
3639 5190 3702 5241 γε
3733 5174 3968 5237 εἰκότως
3989 5175 4066 5225 ἐν·

2499 5260 2877 5326 ατενίσαντες,
2910 5259 2992 5326 οἷς
3026 5264 3315 5333 κινηθέντα
3344 5263 3436 5318 τὸν
3463 5264 3597 5317 Θεὸν
3624 5264 3687 5316 τὸ
3709 5260 3855 5317 εἶναί
3874 5281 3935 5316 τε
3962 5262 4067 5315 δοῦ-

2498 5370 2589 5405 ναι
2622 5352 2734 5415 τοῖς
2757 5349 2878 5405 οὖσι
2903 5354 2994 5407 καὶ
3026 5353 3090 5406 τὸ
3121 5349 3179 5408 εὗ
3217 5349 3358 5407 εἶναι
3386 5353 3717 5425 χαρίσασθαι
3750 5352 4065 5419 ἐπαιδευθῃο

812 5447 965 5501 Solus
982 5443 1277 5511 immobilis
1307 5452 1391 5497 est
1425 5443 1614 5497 dicere
1645 5441 1729 5496 l‘as
1768 5452 1875 5508 est,
1940 5452 2001 5498 et
2044 5458 2156 5497 non
2214 5442 2383 5512 potius

2503 5460 2603 5497 σαν
2633 5442 2833 5515 (εἰπερ
2879 5444 3094 5515 κίνησιν
3134 5444 3228 5499 ἐπὶ
3280 5443 3420 5500 Θεοῦ
3463 5443 3559 5499 τοῦ
3607 5445 3770 5497 μόνον
3813 5442 4066 5512 ἀκινήτου

892 5597 915 5623 ι
958 5579 1151 5635 Matth.
1188 5592 1262 5639 Iv,
1291 5576 1381 5631 24.

2083 5672 2317 5732 VARUS
2359 5673 2760 5732 LECTIONES.

902 5744 944 5769 δ’
982 5738 1063 5800 An
1092 5742 1496 5815 ᾶεδείχθησανῖ
