4192 6434
185 383 348 450 1205

1443 384 1960 445 AMBIGUORUM
2005 387 2233 445 LIBER

3323 384 3454 447 1206

179 500 200 564 ί
233 497 412 566 180
438 494 500 564 ιι)
541 495 700 562 θέμις
747 496 945 558 εἰπεῖν,
975 492 1116 547 ἀλλὰ
1148 495 1224 564 μὴ
1271 494 1472 563 μᾶλλον
1504 496 1780 568 βούλησιν,

1894 496 2050 559 velle,
2083 497 2239 566 cujus
2298 495 2578 548 voluntate
2619 495 2799 547 omnia
2853 503 2906 546 ct.
2970 505 3258 548 morentur
3315 508 3371 550 et
3402 500 3451 550 iu

175 589 299 659 τὴν
358 591 533 642 πάντα
575 587 834 640 κινοῦσαν
869 604 929 639 τε
984 587 1082 639 καὶ
1113 588 1191 648 εἰς
1231 586 1293 638 τὸ
1333 582 1474 641 εἶναι
1509 588 1605 642 καὶ
1641 605 1786 658 παρ-

180 681 454 748 άγουσαν
482 681 578 733 καὶ
607 680 962 750 συνέχουσαν,
985 678 1310 749 κινουμένην
1331 679 1387 732 δὲ
1415 681 1666 751 οὐδαμῶς
1697 683 1786 734 οὐ·

174 773 453 844 δέποτε),
474 773 688 836 τούτοις
715 773 812 826 καὶ
849 772 1003 826 αὐτοὶ
1029 772 1208 840 σοφῶς
1236 773 1466 835 ἑαυτοὺς
1488 773 1782 826 ἀπετύπω-

183 883 338 930 σαν,
381 865 476 918 τοῦ
517 863 779 932 ἀφανοῦς
812 862 1178 934 καὶ-ἀοράτου
1223 864 1455 927 κάλλους
1505 865 1605 934 τῆς
1641 864 1787 928 Θείας

181 954 688 1026 μεγαλοπρεπείας
760 955 1086 1028 εὐμιμὴτως
1140 955 1401 1026 φέροντες
1446 957 1784 1027 φαινομένην

176 1049 290 1102 διὰ
323 1049 437 1101 τῶν
458 1049 672 1118 ἀρετῶν
695 1047 798 1119 τὴν
837 1047 1109 1119 ἰδιότητα.-
1134 1049 1233 1102 Διὰ
1267 1047 1428 1102 τοῦτο
1457 1049 1656 1116 ἁγαθοὶ
1693 1051 1788 1104 καί¹

182 1138 450 1205 φιλόθεοι
497 1141 594 1193 καὶ
639 1139 1037 1211 φιλάνθρωποι,
1067 1137 1433 1211 εὔσπλαγχνοι
1465 1157 1526 1193 τε
1569 1141 1665 1194 καὶ
1713 1143 1786 1194 ot-

191 1229 512 1300 κτίρμονες
544 1231 830 1298 γεγόνασι,
868 1232 969 1286 καὶ·
997 1232 1128 1300 μίαν
1169 1233 1308 1302 πρὸς
1352 1232 1498 1286 ἆπσν
1527 1232 1587 1286 τὸ
1633 1233 1789 1301 γένος

176 1320 453 1374 διάθεσιν
474 1321 692 1392 ἔχοντες
726 1322 949 1392 ἀγάπης
982 1322 1324 1395 ιδείχθησαν,
1355 1323 1446 1392 ὐφ’
1471 1318 1540 1395 ἧς
1567 1325 1629 1377 τὸ
1657 1326 1791 1378 πάν-

181 1423 325 1462 των
366 1411 644 1482 ἐξαίρετον
698 1407 841 1476 εἶδος
882 1413 993 1467 τῶν
1041 1414 1276 1484 ἀρετῶν,
1305 1415 1407 1484 τὴν
1460 1399 1790 1470 ταπείνωσιν

183 1497 376 1568 λέγω,
399 1501 490 1555 διὰ
511 1501 697 1572 πάσης
727 1502 911 1556 αὐτῶν
944 1503 1043 1573 τῆς
1067 1504 1212 1575 ζωῆς
1236 1504 1462 1572 βεϐαίαν
1490 1507 1791 1575 κατασχόν-

183 1607 304 1654 τες
331 1592 431 1664 τὴν
455 1591 795 1662 φυλακτικὴν
825 1592 924 1662 μὲν
952 1594 1062 1648 τῶν
1095 1593 1341 1663 ἀγαθῶν,
1384 1596 1690 1666 φθαρτικὴν
1734 1597 1791 1650 δὲ

184 1683 323 1736 τῶν
352 1683 627 1747 ἐναντίων,
662 1685 842 1738 οὐδενὶ
868 1686 930 1739 τὸ
965 1687 1234 1757 παράπαν
1276 1686 1544 1759 ἁλώσιμοι
1568 1689 1676 1740 τῶν
1714 1690 1792 1741 δι-

179 1768 511 1840 οχλούντων
529 1771 788 1841 γεγόνασι
817 1776 1165 1847 πειρασμῶν,
1193 1778 1302 1832 τῶν
1322 1796 1379 1833 τε
1411 1780 1672 1833 ἑκουσίων
1695 1781 1789 1833 καὶ

187 1861 306 1914 ⁸τοῦ
345 1863 432 1931 ἐφ’
459 1864 594 1933 ἡμῖν
630 1863 818 1934 λόγου,
856 1845 956 1922 καὶ
982 1845 1093 1922 τῶν
1135 1869 1409 1923 ἀκουσίων
1434 1870 1526 1925 καὶ
1556 1873 1657 1924 οὐκ
1698 1872 1784 1938 ἐφ’
1822 1845 1861 1902 Β

190 1956 370 2024 ἡμῖν,
401 1947 490 2024 τῷ
520 1956 634 2020 τοίς
666 1957 764 2028 μὲν
796 1959 864 2013 δι’
889 1959 1219 2031 ἐγκρατείας
1266 1962 1666 2032 ἀπομαραίνειν
1687 1963 1785 2026 τὰς

191 2047 636 2114 ἐπαναστάσεις,
671 2047 782 2101 τῶν
821 2048 879 2102 δὲ
927 2046 995 2104 δι’
1023 2051 1300 2122 ὑπομονῆς
1343 2051 1444 2114 τὰς
1479 2051 1786 2122 προσϐολὰς

192 2137 587 2194 ἀποσείεσθαι.
617 2139 840 2208 Διχόθεν
870 2139 982 2211 γὰρ
1025 2140 1366 2213 βαλλόμενοι,
1398 2143 1504 2197 ὐπό
1532 2161 1590 2197 τε
1630 2142 1786 2211 δόξης

194 2229 310 2282 καὶ
347 2229 596 2300 ἀτιμίας,
641 2230 887 2302 διέμενον
925 2232 1194 2297 ἄσειστοι,
1228 2233 1364 2303 πρὸς
1396 2233 1563 2305 ἄμφω
1596 2236 1788 2306 ἀκινὴ-

193 2336 319 2383 τως
367 2319 606 2392 ἔχοντες,
658 2321 796 2394 μήτε
845 2321 1038 2392 ὐδρεσι
1079 2324 1512 2396 τιτρωσκόμενοι
1559 2326 1645 2380 διὰ
1689 2326 1787 2396 τὴν

194 2412 469 2467 ἑκουσίαν
497 2413 710 2484 ὕφεσιν,
740 2415 880 2486 μήτε
907 2414 1066 2480 δόξαν
1115 2416 1492 2488 προσιέμενοι,
1526 2418 1595 2470 δι’
1628 2419 1790 2489 ὑπερ-

197 2501 518 2560 ϐάλλουσαν
568 2506 846 2577 πτωχείας
879 2507 1177 2577 οίκείωσιν,
1217 2509 1344 2563 ὅθεν
1387 2511 1448 2563 οὐ
1497 2510 1686 2580 θυμὸς,
1725 2513 1785 2564 οὐ

198 2593 430 2659 φθόνος,
465 2596 567 2650 οὐκ
610 2596 750 2668 ιρις,
791 2598 892 2668 οὐχ
927 2598 1234 2672 ὑπόκρισις,
1274 2601 1335 2654 οὐ
1383 2601 1554 2664 δόλος,
1585 2603 1684 2655 οὐκ
1716 2605 1788 2655 εί-

208 2688 525 2758 ρωνευτική
578 2703 665 2751 τις
722 2689 820 2742 καὶ
871 2689 1167 2754 ἐπίκλοπος
1192 2689 1271 2761 τῷ
1302 2692 1610 2763 φαινομένῳ
1652 2693 1789 2746 πλά-

204 2789 386 2841 σματι
413 2775 482 2828 δι’
512 2775 726 2847 ἀπάτης
765 2777 1113 2848 ὐποσύρουσα
1137 2779 1274 2852 πρὸς
1300 2779 1428 2836 ἄλλο
1471 2783 1693 2854 στοργὴ,
1730 2783 1789 2835 τὸ

203 2863 436 2918 πάντων
501 2866 695 2920 παθῶν
760 2867 1173 2938 ὀλεθριώτατον,
1225 2872 1327 2926 οὐκ
1373 2871 1640 2944 ἐπιθυμία
1683 2875 1791 2927 τῶν

205 2953 361 3005 κατὰ
409 2955 504 3007 τὸν
556 2956 671 3026 βίον
722 2957 1024 3012 δοκούντων
1063 2957 1202 3014 εἶναι
1245 2962 1537 3033 λαμπρῶν,
1565 2963 1684 3018 οὐτε
1735 2977 1828 3018 τι·

202 3042 407 3113 ἕτερον
440 3046 540 3117 τῆς
564 3050 810 3117 πονηρᾶς
850 3050 958 3103 τῶν
991 3051 1180 3105 παθῶν
1222 3051 1483 3124 πληθύος,
1511 3054 1611 3108 οὐκ
1640 3058 1791 3110 ἀπει-

1887 587 2264 641 exsistentiam
2290 586 2588 648 ducuntur,
2615 586 2782 653 inque
2823 601 2884 638 ea
2917 586 3292 647 etmtinentur,
3326 587 3452 640 dum

1891 681 2005 746 ipsa
2039 679 2300 732 nimirum
2330 677 2438 731 lion
2481 677 2592 729 ullo
2643 692 2880 744 unquam
2913 677 3075 730 modo
3106 687 3357 731 movetur
3383 685 3452 744 η,

1890 771 1978 824 his
2002 772 2168 825 etiam
2203 772 2304 839 ipsi
2339 771 2617 840 sapienter
2673 782 2792 820 sese
2823 769 3207 829 reformaruut.
3271 771 3458 823 invisi-

1889 863 2014 918 bilis
2041 879 2104 918 ac
2133 879 2232 918 nos
2263 862 2485 916 latentis
2519 859 2946 931 pulchritudinis
2974 861 3174 914 divina:
3205 862 3457 930 magnifi-

1891 955 2086 1010 centia:
2114 954 2641 1024 proprietatemqua:
2670 967 2769 1020 per
2797 952 3030 1006 virtutes
3059 966 3118 1006 se
3146 953 3460 1007 manifestat

1891 1045 2128 1102 feliciter
2155 1045 2466 1099 zemulatam
2525 1042 2786 1097 ferentes.
2820 1042 3056 1111 ideoque
3110 1043 3240 1095 boni
3276 1051 3332 1096 et
3361 1045 3455 1096 Dei

1892 1143 2140 1191 amantes
2168 1144 2222 1187 et
2256 1132 2506 1186 benevoli
2535 1148 2663 1202 erga
2692 1131 2962 1194 homines,
3001 1133 3460 1186 etmisericordes

1892 1227 2019 1281 facti
2050 1234 2197 1288 sunt,
2232 1239 2503 1292 unamque
2535 1224 2601 1277 ad
2647 1226 2962 1280 universum
2999 1240 3172 1293 genus
3207 1223 3458 1277 all‘ectio-

1891 1333 2016 1372 nem
2074 1317 2354 1371 cliaritatis
2387 1315 2590 1371 habere
2636 1317 2735 1370 visi
2781 1325 2941 1374 sunt:
2977 1331 3007 1368 a
3054 1331 3160 1384 qua
3213 1315 3458 1367 ninnium

1893 1411 2155 1464 virtutmn
2187 1407 2676 1476 exquisitissimum
2706 1423 2901 1477 genus,
2922 1408 3288 1460 humilitatem
3313 1405 3458 1466 dico,

1891 1515 2012 1568 quae
2053 1499 2194 1552 bona
2224 1508 2426 1562 servat,
2449 1490 2679 1552 inimica
2711 1498 2953 1568 perimit,
2985 1513 3084 1567 per
3109 1507 3276 1551 totam
3307 1515 3460 1552 suam

1891 1591 2060 1645 vitam
2106 1590 2337 1646 firmiter
2383 1600 2624 1655 tuentes,
2681 1590 3039 1645 molestarum
3096 1590 3461 1644 tentatiouum

1891 1683 2026 1738 nulli
2084 1681 2310 1736 omnino
2357 1683 2792 1746 succubuerunt,
2859 1691 2966 1736 tam
3021 1681 3462 1736 voluntariarum

1889 1789 2121 1845 quaeque
2178 1781 2381 1826 nostra:
2417 1783 2547 1828 sunt
2582 1774 2832 1835 rationis,
2866 1788 3030 1842 quam
3065 1771 3463 1826 involuutaria-

1891 1884 2010 1921 rtnn
2041 1881 2274 1936 quaeque
2303 1881 2409 1919 non
2438 1874 2641 1920 nostra:
2658 1876 2806 1930 sunt,
2825 1867 2956 1920 dum
2991 1868 3182 1920 harum
3211 1867 3459 1934 eruptio-

1891 1975 1992 2014 nes
2026 1957 2370 2014 continentia
2401 1957 2771 2028 reprimimus,
2813 1959 3029 2012 illarmn
3061 1968 3255 2012 contra
3286 1959 3460 2026 impe-

1892 2058 1980 2106 tus
2007 2050 2333 2105 fortitudine
2369 2050 2698 2104 excutimus.
2727 2049 2997 2120 Utrinque
3022 2051 3182 2104 enim
3222 2052 3402 2121 petiti,
3432 2067 3461 2104 a

1895 2140 2068 2209 gloria
2123 2140 2272 2195 etab
2331 2139 2698 2210 ignobilitate,
2753 2140 3069 2195 inconcussi
3133 2157 3458 2211 persevera-

1891 2241 2126 2295 verunt,
2179 2240 2236 2287 et
2285 2231 2607 2286 immobiles
2634 2239 2826 2286 contra
2844 2242 3133 2302 utramque
3162 2240 3458 2294 steterunt,

1891 2333 2070 2388 neque
2094 2318 2315 2388 injuriis
2336 2319 2632 2384 vulnerati,
2665 2328 2892 2389 propter
2927 2321 3290 2376 voluntariam
3325 2321 3459 2375 sub-

1893 2411 2231 2472 missionem,
2299 2425 2477 2480 neque
2511 2412 2742 2481 gloriam
2789 2411 3168 2476 admittentes,
3234 2422 3464 2482 prepter

1891 2512 2310 2572 exsuperantem
2348 2503 2684 2573 paupertatis
2716 2501 3164 2569 familiaritatem,
3196 2503 3342 2561 unde
3360 2519 3464 2558 nec

1892 2593 2220 2663 indignatio,
2256 2594 2687 2656 ncclivor,.nee
2738 2594 3030 2658 diSSensio,
3067 2610 3170 2650 nec
3210 2595 3462 2666 hypocri-

1891 2683 1987 2746 sis,
2013 2699 2116 2738 uee
2159 2683 2342 2748 dolus,
2401 2697 2504 2738 nec
2550 2683 2929 2740 cavillatorius
2962 2695 3018 2740 et
3066 2684 3335 2739 subdolus
3365 2685 3458 2752 qui

1893 2777 2144 2846 specioso
2176 2776 2436 2846 ﬁgmento
2471 2775 2854 2831 fraudulenter
2905 2777 2972 2831 ad
3024 2777 3174 2832 aliud
3218 2778 3462 2847 pelliciat

1893 2885 2070 2931 amor,
2093 2885 2216 2939 qua:
2273 2868 2524 2924 omnium
2556 2872 2876 2939 passionum
2924 2873 3316 2929 exitiosissima
3353 2884 3460 2936 est,

1893 2977 1997 3016 nec
2030 2962 2482 3030 concupiscentia
2529 2977 2721 3016 carum
2757 2979 2944 3018 rerum
2976 2971 3098 3033 qua:
3145 2965 3465 3018 lautissima:

1895 3052 2154 3106 videntur
2211 3052 2265 3105 in
2311 3052 2423 3105 vita
2461 3068 2605 3116 esse,
2669 3070 2771 3108 nec
2832 3054 2981 3110 aliud
3038 3055 3338 3125 quidquam
3395 3057 3464 3110 dc

205 3135 305 3189 λαὶ
334 3138 466 3209 παρ’
494 3139 706 3210 ἐχθρῶν
737 3144 1249 3216 ἐπανατεινόμεναι,
1275 3147 1396 3200 οὐδέ
1424 3166 1512 3212 τις
1536 3147 1720 3219 (180
1741 3150 1789 3218 ὁ)

1896 3145 2084 3214 iniquo
2132 3144 2452 3214 passionum
2487 3160 2674 3214 grege,
2711 3161 2891 3214 neque
2917 3147 3078 3202 mina;
3123 3148 3192 3202 ab
3229 3148 3467 3202 inimicis

207 3227 455 3282 θανάτου
487 3231 689 3302 τρόπος
719 3234 900 3287 αὐτῶν
932 3237 1243 3307 ἐκυρίευσε.
1276 3239 1368 3291 Διὸ
1398 3241 1492 3292 καὶ
1524 3241 1790 3311 μακάριοι

205 3321 446 3385 δικαίως
474 3324 630 3396 παρά
655 3342 716 3377 τε
743 3326 865 3398 Θεῷ
896 3327 988 3381 καὶ
1017 3329 1328 3400 ἀνθρώποις
1359 3331 1679 3404 ἐκρίθησαν,
1708 3334 1791 3386 ὃτι

202 3413 314 3481 τῆς
360 3415 746 3487 φανησομένης
794 3418 1036 3490 άρῤήτου
1091 3423 1187 3474 καὶ
1240 3422 1572 3491 περιφανοῦς
1633 3424 1792 3494 δόξης

208 3506 361 3558 κατὰ
390 3505 491 3576 τὴν
514 3507 682 3578 χάριν
711 3507 808 3562 τοῦ
844 3511 1082 3579 μεγάλου
1131 3512 1306 3583 δώρου
1346 3512 1482 3567 Θεοῦ
1531 3518 1792 3586 ἐμφανεῖς

203 3597 430 3660 εἰκόνας
460 3599 689 3664 ἑαυτοὺς
725 3602 1090 3673 κατέστησαν,
1123 3604 1210 3657 ἵνα
1239 3603 1520 3676 χαίροντες
1541 3606 1617 3672 ὡς
1647 3623 1790 3675 γνω-

207 3687 400 3756 ρίμοις
427 3692 539 3754 τοῖς
563 3691 744 3762 λόγοις
770 3692 879 3747 τῶν
906 3695 1140 3765 ἀρετῶν,
1175 3697 1376 3766 μᾶλλον
1401 3697 1457 3751 δὲ
1480 3698 1622 3770 Θεῷ,
1647 3699 1788 3770 ὑπὲρ

205 3775 272 3834 οῦ
307 3783 405 3835 καὶ
437 3782 560 3838 καθ’
587 3785 827 3854 ἑκάστην
855 3785 1068 3856 ἡμέραν
1102 3786 1544 3859 ἀποθνήσκοντες
1563 3790 1786 3863 διεκαρ-

201 3873 471 3944 τέρησαν,
507 3875 807 3940 ὲνωθῶσιν,
839 3878 899 3930 ὲν
925 3871 971 3945 ᾧ
1004 3878 1218 3932 πάντων
1248 3880 1299 3933 oi
1338 3880 1484 3949 λόγοι
1517 3881 1625 3936 τῶν
1657 3883 1789 3950 ἀγα-

203 3963 344 4030 θῶν,
400 3965 590 4036 ῶσπερ
633 3970 785 4038 πηγῇ
835 3968 1161 4039 ἀειδλύστῳ,
1223 3973 1676 4044 προῦφεστήκασί
1735 3992 1792 4028 τε

205 4056 355 4110 κατὰ
393 4057 541 4127 μίαν,
566 4058 747 4128 ἁπλῆν
766 4059 860 4114 καὶ
885 4061 1095 4115 ἑνιαίαν
1123 4061 1234 4114 τῶν
1263 4063 1482 4117 πάντων
1513 4064 1791 4134 περιοχὴν,

208 4148 313 4202 καὶ
344 4149 482 4222 πρὸς
511 4149 569 4203 ὃν
600 4151 820 4204 ἕλκουσι
867 4151 1078 4216 πάντας
1110 4152 1237 4216 τοὺς
1282 4154 1464 4218 καλῶς
1510 4157 1604 4209 καὶ
1652 4157 1793 4210 κατά

206 4240 377 4310 φύσιν
424 4243 544 4306 ταῖς
587 4243 681 4297 ἐπὶ
731 4241 908 4314 τούτῳ
951 4243 1218 4309 δοθείσαις
1263 4247 1581 4317 χρωμένους
1631 4247 1791 4302 δυνά-

205 4348 364 4401 μεσι.

1897 3237 2199 3300 intentatae,
2232 3251 2413 3305 neque
2441 3237 2616 3290 ullum
2650 3238 2848 3294 mortis
2877 3255 3051 3309 genus
3080 3255 3176 3295 eos
3237 3240 3460 3294 devicit.

1896 3326 2023 3380 Ideo
2053 3327 2218 3380 etiam
2267 3326 2415 3380 beati
2449 3339 2556 3382 tam
2591 3328 2736 3397 apud
2792 3330 2964 3384 Deum
2985 3345 3150 3399 quam
3191 3331 3334 3400 apud
3370 3331 3469 3385 ho-

1894 3415 2072 3469 mines
2097 3415 2296 3470 merito
2323 3427 2452 3471 sunt
2477 3417 2734 3488 judicati,
2760 3419 2909 3488 quod
2960 3422 3298 3490 appariturte
3323 3422 3465 3477 inef-

1893 3505 2074 3561 fabilis
2096 3517 2153 3562 et
2173 3507 2634 3575 Splendidissimae
2662 3509 2850 3579 gloriae
2875 3527 2975 3580 per
3013 3513 3244 3582 gratiam
3284 3514 3466 3583 magni

1895 3596 1990 3650 Dei
2039 3595 2359 3651 manifestas
2414 3598 2680 3668 imagines
2715 3616 2836 3656 sese
2888 3603 3218 3666 effecerunt,
3251 3615 3309 3658 ut
3338 3621 3469 3675 gau-

1895 3686 2094 3742 dentes
2143 3695 2405 3758 tanquam
2444 3691 2594 3746 notis
2648 3702 2706 3748 et
2759 3693 3128 3750 familiaribus
3199 3698 3468 3752 virtutum

1895 3783 2223 3847 rationibus,
2255 3786 2340 3839 vel
2369 3785 2556 3854 potius
2580 3788 2711 3851 Deo,
2739 3803 2842 3857 pro
2879 3805 2990 3858 quo
3020 3792 3188 3845 etiam
3221 3793 3469 3860 quotidie

1895 3875 2030 3928 mori
2075 3888 2543 3944 perseverassent,
2601 3879 2917 3944 unirentur,
2972 3883 3026 3936 in
3057 3899 3166 3952 quo
3219 3886 3467 3940 omnium

1898 3967 2167 4022 bonorum
2214 3969 2477 4036 rationes,
2545 3980 2804 4040 tanquam
2873 3973 2928 4026 in
2992 3973 3143 4030 fonte
3198 3979 3468 4045 perenni,

1896 4062 2345 4130 prtcexstiterunt
2375 4078 2477 4133 per
2500 4080 2688 4128 unam,
2716 4066 3023 4136 simplicem
3048 4077 3105 4123 et
3133 4071 3470 4140 singularem

1897 4168 2081 4206 rerum
2140 4154 2526 4209 universarum
2585 4158 3047 4226 complexionem,
3101 4173 3159 4216 et
3188 4162 3256 4216 ad
3305 4179 3470 4232 quem

1896 4259 2090 4299 omnes
2150 4246 2438 4300 attrahunt
2494 4247 2812 4316 quicunque
2869 4249 3012 4305 bene
3051 4261 3108 4306 et
3165 4255 3469 4308 secundum

1899 4346 2146 4389 naturam
2177 4335 2536 4391 facultatibus
2553 4339 2619 4392 ad
2655 4340 2759 4394 hoc
2795 4341 2938 4398 datis
2966 4352 3220 4398 utuntur.

215 4512 328 4566 Ἐκ
380 4514 488 4568 τοῦ
517 4513 617 4584 μβ
643 4516 832 4584 λόγου
857 4517 965 4571 τοῦ
997 4517 1293 4586 Θεολόγου
1323 4518 1456 4585 περὶ
1486 4511 1574 4571 ὧν
1605 4518 1784 4587 ἐμνή-

1902 4517 1982 4570 Ex
2029 4519 2435 4586 (malh'agesimo
2479 4522 2706 4574 secundo
2734 4522 2977 4592 Theologi
3020 4540 3259 4577 sermone
3306 4527 3368 4577 de
3412 4529 3472 4578 iis

280 4611 404 4676 σθη
438 4611 546 4666 τοῦ
563 4613 858 4681 μακαρίου
888 4611 1027 4678 Ἰὼϐ,
1053 4615 1142 4679 είς
1169 4613 1258 4677 τὸ,
1293 4631 1312 4664 ι
1342 4613 1419 4667 Τὰ
1437 4611 1506 4665 δὲ
1531 4611 1679 4680 ἑξῆς
1698 4630 1793 4682 μι-

283 4703 414 4770 κρὰ,
444 4704 546 4758 καὶ
577 4707 807 4774 μικρῶν
828 4705 1039 4759 ἕνεκεν
1069 4703 1537 4774 οίκονομηθέντα
1566 4703 1666 4774 (6).
1698 4723 1716 4754 ι

281 4903 364 4973 Τῇ
393 4903 663 4978 γενομένῃ
696 4905 848 4975 παρὰ
876 4905 971 4960 τοῦ
1000 4906 1136 4960 Θεοῦ
1178 4905 1258 4976 τῷ
1291 4905 1415 4960 Ἰὼϐ
1451 4904 1780 4976 ἀναῤῥήσει,

1965 4622 2080 4674 qua:
2109 4608 2171 4660 de
2197 4610 2349 4662 beato
2370 4610 2498 4664 Ιοὺο
2525 4617 2950 4668 commemoravit
2973 4618 3028 4668 in
3056 4615 3190 4669 illud
3227 4634 3244 4669 :
3287 4637 3304 4664 ‹
3342 4619 3471 4681 Qua:

1967 4707 2142 4751 autent
2165 4699 2352 4753 deinde
2375 4712 2550 4755 secuta
2578 4715 2721 4764 sunt,
2747 4723 2938 4771 parva,
2965 4715 3014 4759 et
3036 4724 3321 4775 parvorum
3349 4726 3472 4778 gra-

1965 4788 2038 4838 tia
2065 4790 2346 4842 constituta
2375 4799 2445 4841 ῖ.ι

1964 4901 2057 4954 hri
2107 4900 2160 4955 in
2200 4903 2396 4957 Jobum
2447 4907 2825 4973 pronuntiato,
2861 4917 2918 4961 ut
2962 4918 3117 4978 puto,
3153 4911 3469 4978 temporalia

201 4995 286 5056 ὡς
315 4991 494 5062 οἶμαι,
527 4995 835 5066 συγκρίνων
867 4996 936 5050 τὰ
973 4996 1111 5067 μετὰ
1131 4996 1258 5060 τούς
1281 4994 1497 5062 ἀγῶνας
1521 4991 1631 5046 τῶν
1662 5009 1783 5048 πει-

1894 5007 1948 5046 ea
1984 5008 2106 5062 quae
2143 5005 2265 5064 post
2298 4996 2601 5051 certamina
2639 4999 3008 5054 tentationum
3041 5016 3300 5055 concessa
3342 5017 3471 5055 sunt

205 5084 440 5155 ρασμῶν
488 5085 712 5139 δοθέντα
757 5088 1048 5154 σωματικὰ
1095 5086 1272 5158 μικρὰ
1319 5085 1783 5156 προσηγόρευσεν,

199 5176 285 5237 ὡς
317 5175 438 5228 κατ’
461 5175 654 5230 οὐδένα
695 5177 897 5248 τρόπον
937 5179 1050 5240 τοῖς
1103 5177 1343 5239 αἰωνίοις
1389 5173 1662 5245 δυνάμενα
1688 5192 1791 5228 πα-

207 5265 602 5338 ραϐάλλεσθαι.
651 5267 889 5336 Μικρῶν
943 5270 999 5321 δὲ
1049 5269 1260 5323 ἕνεκεν
1327 5267 1795 5338 οίκονομηθέντα

204 5358 368 5428 φησὶ,
390 5358 500 5412 τῶν
525 5377 592 5412 πε
603 5361 651 5431 pi
682 5361 922 5414 διάνοιαν
943 5363 1252 5431 γνωστικὴν
1278 5361 1522 5430 δηλονότι
1555 5359 1784 5430 μικρῶν,

203 5447 322 5500 τῶν
361 5451 604 5521 εὐχερῶς
651 5453 711 5505 ὲν
744 5455 858 5516 τοῖς
908 5453 1039 5522 περὶ
1089 5453 1350 5520 προνοίας
1397 5453 1493 5507 καὶ
1554 5451 1788 5523 κρίσεως

203 5541 392 5609 λόγοις
425 5543 947 5614 σκανδαλιζομένων,
987 5545 1083 5598 καὶ
1115 5547 1246 5616 περὶ
1289 5545 1458 5617 αὐτὴν
1511 5544 1610 5615 τὴν
1635 5545 1788 5598 εὐσέ-

283 5682 311 5720 .'
347 5674 466 5728 Act.
502 5691 629 5738 ιιι-ιι,
662 5676 749 5729 ‘28.
831 5687 851 5713 κ
886 5678 989 5733 .lol)
1021 5695 1135 5743 vui,
1172 5681 1224 5732 7.

1888 5099 2216 5156 comparans
2262 5103 2430 5157 parva
2481 5090 2807 5158 appellavit,
2843 5106 2967 5160 quae
3011 5091 3269 5146 nimirum
3319 5092 3472 5146 nullo

1891 5178 2056 5233 modo
2082 5193 2206 5232 cum
2235 5181 2454 5235 aeternis
2481 5180 2720 5237 conferri
2759 5194 3006 5252 possent.
3034 5182 3325 5236 Parcarum
3351 5201 3470 5254 qm»

1896 5271 1969 5324 tia
2008 5273 2292 5325 constituta
2327 5281 2510 5328 autem
2543 5274 2682 5329 dicit
2715 5291 3004 5344 parvorum
3037 5274 3298 5328 videlicet
3325 5277 3468 5328 circa

1895 5364 2202 5431 gnosticum
2235 5364 2436 5419 mentis
2470 5373 2694 5427 statum,
2723 5367 2813 5436 qui
2849 5366 3004 5420 facile
3041 5367 3092 5419 in
3126 5366 3470 5434 providentia
3506 5429 3511 5434 ι

1895 5455 2178 5524 etjudicio
2203 5456 2618 5512 considerandis
2646 5457 3023 5521 oﬂ'cnduntur,
3043 5468 3097 5513 et
3122 5459 3265 5511 circa
3297 5457 3469 5525 ipsum

1897 5547 2149 5616 pietatem
2179 5547 2463 5600 fluctuant.
2493 5549 2564 5601 De
2594 5548 2793 5615 quibus
2821 5549 3111 5602 Dominum
3146 5547 3195 5600 in
3229 5548 3476 5618 Evange-

279 5791 359 5861 (G)
390 5791 551 5861 Grcg.
593 5793 719 5847 Naz.
757 5795 850 5849 0r.
893 5795 946 5850 iu
983 5796 1198 5852 laudem
1245 5798 1300 5854 S.
1343 5797 1624 5853 Athanasii
1654 5812 1774 5867 cap.
1825 5795 1904 5857 l8,
1936 5812 1988 5866 p.
2016 5795 2137 5860 2397,
2172 5805 2298 5848 tom.
2337 5796 2376 5861 l,
2406 5793 2544 5864 Opp.
2575 5793 2661 5847 ed.
2699 5793 2901 5848 Brncd.
