4192 6434
768 390 902 457 1207

1949 388 2011 450 S.
2055 391 2110 450 Μ
2124 388 2338 449 ιΧιΜΙ
2383 385 2900 457 CONFESSOHIS

3911 386 4045 452 l208

765 507 855 562 liis
878 504 1086 562 dixisse
1112 506 1354 563 arbitror
1385 523 1397 559 :
1436 503 1538 572 Qui
1571 505 1783 577 offendit
1818 521 1983 558 imum
2015 520 2079 558 ex
2111 501 2348 576 parvulis
2382 551 2384 558 λ

2485 505 2609 555 ἔειαν
2635 501 3035 573 σαλευομένων.
3055 503 3192 569 Περὶ
3217 495 3293 557 ὧν
3314 498 3469 570 οἶμαι
3498 502 3590 556 τὸν
3619 502 3829 574 Κύριον
3852 504 3915 555 ἐν
3938 508 4050 570 τοῖς

768 600 846 653 his
868 610 917 653 ι.
951 597 1056 665 Qui
1094 599 1534 668 quotiescunque
1588 597 1800 668 justum
1849 595 2042 651 vident
2075 593 2352 649 inﬁrmum

772 692 857 746 vel
892 704 1211 761 pauperem,
1239 690 1325 745 vel
1357 690 1471 745 alio
1500 689 1667 745 modo
1700 689 2041 745 laborantem
2075 686 2263 759 (atque
2297 686 2355 741 hi

774 783 1108 839 inﬁrmiores
1133 783 1353 853 plenam
1380 782 1495 841 fere
1522 789 1878 852 peccatorum
1904 779 2150 836 omnium
2178 780 2358 850 impu-

779 877 1005 930 nitatem
1039 882 1323 939 statuunt,
1358 884 1567 945 quanto
1600 874 1774 945 magis
1808 873 1864 928 in
1898 873 2206 944 multiplice
2234 873 2357 928 Jobi

777 967 1182 1032 vicissitudine,
1204 970 1299 1038 qui
1328 984 1396 1023 ex
1423 967 1674 1022 confesso
1697 966 1768 1021 ab
1793 967 2052 1022 omnibus
2072 974 2157 1021 est
2177 967 2360 1036 justus

775 1060 1160 1130 mstimatus?),
1194 1060 1249 1116 id
1284 1063 1396 1129 pati
1439 1060 1685 1128 possint,
1716 1059 1763 1113 si
1803 1073 1913 1113 non
1956 1058 2023 1113 ad
2064 1057 2360 1127 pristinum

777 1162 981 1206 statum
1030 1154 1195 1208 rediit
1237 1153 1287 1207 ei
1335 1152 1756 1222 conduplicatus
1797 1151 2058 1221 splendor
2096 1158 2153 1204 et
2195 1150 2356 1205 fama.

779 1244 855 1299 De
885 1246 973 1299 his
1003 1245 1172 1316 igitur
1198 1245 1462 1315 magister
1490 1244 1630 1298 dixit
1664 1262 1677 1297 :
1708 1244 2006 1298 Parvorum
2035 1243 2211 1314 gratia
2240 1260 2362 1296 con-

777 1338 985 1390 alitum.

784 1599 867 1655 lix.
894 1602 1073 1661 eodem
1096 1619 1336 1657 sermone
1360 1605 1413 1657 in
1438 1603 1573 1657 illud
1597 1620 1614 1657 :
1647 1622 1665 1658 ι
1696 1603 1903 1676 Purgat
1926 1604 2178 1673 templum
2203 1605 2368 1657 sacri-

857 1693 984 1764 legis
1019 1705 1068 1748 et
1099 1694 1195 1749 Dei
1224 1703 1275 1748 et
1306 1694 1501 1752 Christi
1540 1697 1986 1753 nundinatoribus
2006 1698 2057 1761 δ,
2091 1698 2191 1751 nisi
2230 1697 2369 1768 quod

857 1801 962 1837 non
1001 1786 1213 1855 ﬂagello
1252 1794 1509 1850 contorto,
1536 1787 1627 1840 sed
1658 1803 1901 1842 sermone
1937 1790 2009 1843 ad
2042 1788 2368 1859 persuaden-
2404 1823 2444 1877 Β

858 1877 987 1929 dum
1016 1878 1409 1938 accommodato
1432 1880 1529 1934 hoc.
1554 1879 1701 1949 facit.
1737 1898 1757 1932 ι

861 1989 1051 2058 Neque
1084 1990 1424 2045 acerbiorem
1457 1993 1512 2046 in
1544 1992 1652 2057 his,
1682 2000 1741 2049 ut
1768 1993 1993 2063 quidam
2026 1994 2371 2051 existimave-

792 2089 944 2142 runt,
980 2082 1141 2136 beato
1173 2083 1334 2139 Patre
1366 2084 1666 2140 Athanasio
1698 2086 1994 2142 Dominum
2029 2097 2280 2143 nostrum
2316 2100 2373 2142 ct

793 2172 966 2225 Deum
1023 2174 1363 2230 clarissimus
1418 2177 1509 2232 hic
1559 2177 1821 2247 magister
1870 2180 2146 2247 ostendit,
2195 2180 2368 2235 absit!

793 2278 973 2332 neque
1013 2264 1259 2332 profecto
1292 2276 1485 2321 sancto
1516 2267 1820 2324 Athanasio
1858 2270 2214 2339 gratiﬁcatur,
2241 2272 2371 2326 dum

796 2358 952 2413 illum
990 2359 1232 2429 ﬂagello,
1260 2360 1408 2415 hunc
1439 2376 1692 2417 sermone
1728 2377 1887 2416 usum
1921 2378 2043 2419 esse
2077 2365 2132 2419 in
2168 2365 2374 2435 templo

795 2463 826 2501 a
854 2448 1136 2519 sacrilegis
1160 2448 1626 2513 nundinatoribus
1650 2451 1935 2522 purgando
1957 2453 2093 2509 dicit
2121 2472 2135 2508 :
2162 2464 2225 2509 ut
2247 2456 2377 2511 hinc

796 2554 1024 2595 necesse
1064 2540 1154 2603 sit,
1192 2540 1497 2595 secundum
1538 2541 1917 2612 proverbium,
1954 2551 2015 2597 nt
2049 2559 2117 2600 ex
2157 2543 2377 2600 duobus

798 2632 1124 2687 alterutrum
1170 2642 1509 2699 statuamus,
1545 2643 1640 2690 aut
1682 2644 1744 2690 ut
1784 2636 2052 2692 Dominus
2092 2646 2281 2691 noster
2321 2644 2378 2692 et

799 2725 947 2780 Deus
981 2726 1256 2790 mitiorem
1290 2726 1580 2783 medicinae
1610 2728 1755 2782 viam
1797 2728 2160 2798 ignoraverit,
2191 2739 2285 2785 aut
2319 2740 2379 2784 ut
2441 2737 2448 2745 ‘

800 2826 1025 2872 sanctus
1048 2817 1383 2873 Athanasius
1410 2818 1699 2875 modorum
1730 2819 2029 2890 spiritualis
2054 2837 2202 2877 cura:
2227 2821 2381 2893 igna-

800 2922 919 2971 rus,
946 2907 1348 2976 intempestiva!
1382 2907 1717 2963 humanitati
1757 2908 2070 2963 indulserit.
2105 2909 2213 2964 Sed
2253 2925 2379 2965 cum

803 3000 946 3055 ratio
978 3013 1173 3053 eorum
1207 3016 1330 3069 quae
1358 3001 1573 3070 egimus
1602 3000 1772 3071 judex
1805 2999 1863 3055 in
1894 3000 2054 3055 nobis
2083 3009 2379 3065 commota,

804 3100 1061 3160 tanquam
1106 3091 1159 3145 in
1198 3093 1323 3146 vivo
1356 3093 1541 3163 aliquo
1576 3094 1781 3163 templo
1814 3100 1870 3147 et
1902 3093 2172 3156 animato,
2206 3093 2380 3164 poeni-

806 3181 1030 3235 tentiam
1055 3181 1272 3237 delictis
1299 3197 1487 3252 parem
1517 3190 1793 3244 exerceat,
1816 3198 1917 3251 per
1939 3198 2101 3252 quam
2130 3182 2384 3238 Christus
2412 3179 2457 3238 C

804 3274 950 3329 Deus
987 3285 1045 3329 et
1073 3289 1253 3329 sermo
1293 3289 1511 3345 semper
1543 3290 1644 3329 nos
1683 3273 1845 3328 caedit
1874 3282 2187 3343 peccantes,
2215 3275 2385 3330 veluti

806 3374 954 3420 torto
995 3364 1210 3436 ﬂagello
1257 3382 1418 3432 usus,
1460 3366 1579 3436 ipsa
1625 3365 1887 3420 videlicet
1931 3367 2271 3420 conscientia
2321 3383 2387 3422 ex

806 3473 974 3526 prave
997 3473 1062 3512 ac
1084 3474 1373 3527 perperam
1400 3458 1652 3529 cogitatis
1674 3466 1731 3512 et
1753 3457 2093 3513 facinoribus
2115 3467 2386 3523 contorta,

807 3558 1030 3604 sanctus
1062 3566 1194 3605 vero
1226 3550 1562 3611 Athanasius
1599 3549 1800 3610 leniter
1837 3549 1904 3605 ad
1945 3550 2387 3609 emendationem

806 3642 1116 3697 deducebat
1155 3652 1475 3711 peccantes,
1511 3641 1713 3711 quippe
1751 3641 1847 3711 qui
1889 3641 2007 3711 ipse
2048 3642 2386 3698 inﬁrmitatis

805 3747 901 3786 car
926 3748 973 3787 ne
1001 3733 1227 3788 indutus
1247 3742 1416 3798 esset,
1439 3741 1731 3803 propterea
1752 3732 2003 3788 divinum
2027 3734 2176 3789 hunc
2200 3735 2387 3789 docto—

808 3839 925 3879 rem
955 3825 1163 3896 tropice
1186 3835 1241 3882 et
1264 3840 1362 3895 per
1389 3824 1617 3892 ﬁguram
1638 3825 1757 3882 haec
1776 3826 1941 3888 verba
1967 3826 2207 3882 arbitror
2230 3843 2391 3885 usur-

805 3931 990 3988 passo.

809 4212 1064 4283 Ejusdem
1094 4228 1158 4266 ex
1189 4226 1430 4266 sermonr
1457 4211 1805 4280 extemporali
1832 4211 1902 4264 ad
1924 4210 2311 4278 Eunomianos,
2336 4213 2392 4265 in

881 4306 1017 4359 illud
1049 4323 1066 4359 :
1104 4324 1122 4356 ι
1158 4303 1295 4359 Sunt
1323 4304 1483 4369 enim,
1506 4312 1632 4358 sunt
1659 4304 1845 4375 quibus
1878 4304 2091 4359 auditus
2125 4313 2174 4358 et
2208 4305 2391 4376 lingua

881 4396 1130 4464 pruriunt
1153 4404 1198 4447 ο.
1234 4413 1252 4444 ι

2462 594 2815 663 Εὐαγγελίοις
2839 594 3026 663 φάναι,
3054 595 3107 647 Ὁ
3129 593 3545 654 datumSat/(cor
3560 595 3669 647 ἕνα
3692 594 3811 647 τῶν
3822 594 4050 663 μικρῶν

2462 686 2719 740 τούτων’
2749 686 2945 740 οιόταν
2976 686 3129 739 ῐδωσι
3142 685 3350 740 δίκαιον
3373 685 3725 750 ἀσθενοῦντα,
3747 687 3783 755 ἢ
3806 687 4051 754 πτωχεύο

2462 794 2615 843 οντα,
2633 776 2668 848 ἢ
2686 777 2863 840 ἄλλως
2882 777 3158 848 κακουχού
3165 794 3324 848 μενον
3341 778 3457 848 (καὶ
3473 778 3661 848 σχεδὸν
3688 778 3807 846 οῖγε
3832 778 4052 831 ἀσθενέ-

2466 886 2649 941 στεροι
2677 870 2865 926 ἄδειαν
2885 869 2982 925 τοῦ
3018 870 3225 935 παντὸς
3268 870 3687 941 κατακρίνουσι,
3722 871 3882 941 πόσῳ
3922 871 4053 941 μᾶλ-

2465 956 2556 1010 λον
2580 957 2640 1010 ὲν
2671 960 2738 1029 τῇ
2771 957 2947 1029 ἀθρόᾳ
2982 958 3258 1029 μεταϐολῇ
3285 956 3383 1012 τοῦ
3426 958 3569 1024 Ἰὼὸ,
3610 959 4053 1029 ὡμολογημέναις

2461 1048 2674 1105 δίκαιον
2718 1053 2887 1106 πᾶσιν
2918 1052 3331 1123 ὑπειλημμένου
3359 1051 3421 1121 ;)
3455 1049 3601 1121 εἶχον
3644 1053 3807 1105 τοῦτο
3840 1051 4051 1115 παθεῖν,

2462 1144 2512 1194 εἰ
2572 1142 2649 1213 μὴ
2701 1143 2840 1215 πρὸς
2886 1143 2949 1199 τὸ
2992 1145 3225 1215 ἀρχαῖον
3252 1143 3403 1214 αὐτῷ
3456 1144 3792 1215 σωματικῶς
3822 1144 3973 1197 κατά
4003 1145 4055 1197 τὸ

2458 1235 2743 1291 διπλάσιον
2817 1235 3096 1307 ἐπανῆλθε
3150 1236 3215 1291 τὸ
3266 1237 3568 1309 περιφανὲς
3641 1237 3740 1290 καὶ
3789 1233 4053 1300 ἐπίδοξον.

2460 1330 2480 1390 (
2506 1328 2659 1406 181
2697 1328 2763 1395 α)
2793 1329 2932 1399 Περὶ
2962 1328 3174 1381 τούτων
3228 1324 3324 1382 οὖν
3371 1328 3589 1400 εἴρηται
3618 1327 3697 1399 τῷ
3728 1327 4055 1394 διδασκάλῳ,

2460 1418 2704 1488 Μικρῶν
2727 1420 2944 1476 ἕνεκεν
2978 1421 3472 1489 οικονομηθέντα.

2391 1542 2460 1552 σε..

2488 1603 2584 1657 Ἐκ
2625 1604 2735 1658 τοῦ
2771 1605 2962 1659 αὑτοῦ
2987 1606 3199 1674 λόγου,
3228 1610 3315 1673 εὶς
3359 1608 3449 1668 τὸ,
3488 1625 3510 1658 ι
3540 1608 3816 1675 Καθαίρει
3852 1606 3973 1677 μὲν
3999 1606 4060 1662 τὸ

2549 1694 2713 1763 ἱερὸν
2763 1695 2885 1749 τῶν
2940 1697 3337 1766 θεσκαπήλων
3408 1698 3509 1752 καὶ
3588 1701 4059 1770 χριστεμπόριιιγ,

2546 1786 2715 1854 πλὴν·
2767 1786 2920 1842 ὅσον
2963 1791 3037 1843 οὐ
3073 1791 3416 1859 φραγελιίῳ
3463 1790 3725 1859 πλεκτῷ,
3787 1794 3956 1863 λόγῳ
3999 1792 4064 1845 δὲ

2552 1878 2777 1944 τιθανῷ
2793 1878 2969 1933 τοῦτο
2997 1880 3295 1951 ἐργάζεται
3318 1883 3414 1954 (7).
3427 1902 3446 1936 ι

2549 2011 2685 2067 Οὔτε
2726 2011 3168 2084 πυπτικώτερον
3201 2016 3260 2069 έν
3286 2015 3519 2081 τούτοις,
3551 2016 3625 2081 ὥς
3655 2035 3803 2081 τινες
3833 2019 4066 2088 ὑπειλή-

2479 2125 2633 2176 φασι,
2662 2107 2757 2161 τοῦ
2805 2107 3081 2178 μακαρίου
3130 2107 3344 2179 Πατρὸς
3381 2109 3701 2164 Ἀθανασίου
3733 2111 3826 2165 τὸν
3860 2111 4068 2181 Κύριον

2479 2198 2510 2267 ἡ
2521 2196 2638 2265 μῶν
2670 2198 2763 2250 καὶ
2795 2194 2928 2249 Θεὸν
2980 2197 3370 2251 ἀποδείκνυσιν
3390 2200 3418 2253 ό
3448 2200 3696 2269 ἀοίδιμος
3724 2195 3885 2263 οὗτος
3918 2202 4066 2254 διδά-

2482 2288 2698 2351 σκαλος,
2758 2287 2833 2359 μὴ
2883 2287 3113 2355 γένοιτο,
3162 2287 3285 2344 οὔτε
3335 2290 3445 2362 μὴν
3510 2294 3952 2364 καταχαρίζεται
3992 2295 4067 2363 τῷ

2480 2380 2622 2450 ἁγίῳ
2656 2379 2963 2450 Ἀθανασίῳ
2992 2380 3070 2449 τῷ
3091 2381 3184 2435 τὸν
3212 2382 3311 2450 μὲν
3343 2384 3680 2456 φραγελλίῳ,
3709 2386 3803 2440 τὸν
3842 2386 3904 2441 δὲ
3924 2386 4072 2456 λόγῳ

2482 2469 2857 2541 χρησάμενον,
2893 2469 3182 2540 καθαίρειν
3230 2470 3292 2525 τὸ
3347 2472 3493 2544 ἱερὸν
3546 2474 3658 2527 τῶν
3708 2475 4073 2546 θεοκαπήλων

2483 2564 2678 2617 εἰπεῖν.
2715 2562 2805 2626 Ὦς
2851 2563 3104 2634 ἀνάγκην
3151 2566 3217 2618 ὲκ
3257 2567 3466 2622 τούτων
3515 2562 3689 2633 εἶναι,
3738 2568 3891 2623 κατά
3944 2571 4074 2633 τοὺς

2483 2660 2763 2728 λέγοντας,
2798 2660 2945 2714 δυοῖν
2975 2659 3205 2732 θάτερον
3239 2662 3643 2734 ὑποληφθῆναι,
3673 2664 3705 2734 ἢ
3738 2665 3834 2718 τὸν
3864 2666 4076 2738 Κύριον

2485 2749 2642 2821 ἡμῶν
2664 2749 2760 2804 κα)⁸
2799 2749 2933 2804 Θεὸν
2956 2749 3055 2821 τὴν
3090 2753 3533 2824 προσηνεστέραν
3571 2755 3914 2825 ἠγνοηκέναι
3952 2758 4079 2826 μέθυ

2490 2843 2611 2897 οδον
2666 2843 2768 2914 τῆς
2797 2844 3064 2916 ἰατρείας,
3090 2844 3124 2914 ἢ
3149 2845 3242 2898 τὸν
3270 2846 3427 2915 ἅγιον
3457 2830 3886 2919 Ἀθανάσιοννμὴ
3917 2849 4079 2916 γινώ-

2490 2952 2689 2989 σκοντα
2734 2935 2835 3007 τῆς
2877 2937 3256 3007 πνευματικῆς
3299 2938 3621 3008 ἐπιμελείας
3660 2940 3788 3003 τοὺς
3836 2942 4079 3010 τρόπους

2490 3026 2906 3096 φιλανθρωπίαν
2937 3027 3169 3100 ἄκαιρον
3207 3028 3472 3099 μετιέναι.
3514 3031 3656 3084 Ἀλλ’
3684 3033 3882 3102 ἐπειδὴ
3906 3036 3936 3088 6
3969 3034 4079 3087 δια-

2489 3117 2795 3186 γνωστικὸς
2818 3116 2976 3187 λόγος
3000 3112 3076 3172 ὧν
3124 3120 3494 3192 πεπράχαμεν
3529 3124 3587 3175 ὲν
3621 3125 3759 3191 ἡμῖν
3784 3125 4078 3179 ἀνακινού-

2492 3226 2674 3278 μενος,
2704 3203 2817 3261 οἷον
2847 3208 2978 3280 ἱερῷ
3007 3216 3113 3263 τινι
3141 3210 3375 3283 ἐμψύχῳ
3412 3229 3474 3266 τε
3516 3214 3612 3267 καὶ
3645 3215 3837 3279 ζῶντι,
3883 3217 4080 3271 ἀναλο-

2486 3295 2695 3365 γοῦσαν
2724 3299 2838 3362 τοῖς
2870 3298 3313 3367 πλημμεληθεῖσι
3349 3303 3723 3374 μεταμέλειαν
3754 3306 4079 3375 ἐργάζεται.

2487 3387 2555 3440 δι’
2585 3381 2655 3458 ἦς
2687 3386 2924 3459 Χριστὸς
2952 3391 2981 3442 ὁ
3013 3389 3150 3454 Θεὸς
3191 3389 3288 3445 καὶ
3332 3391 3505 3461 Λόγος
3555 3395 3643 3450 ἀεὶ
3688 3396 3889 3450 τύπτει
3933 3402 4079 3469 ἡμεῖς

2489 3487 2922 3559 ἁμαρτάνοντας,
2954 3487 3186 3543 πλεκτὸν
3211 3487 3404 3561 ὥσπερ
3428 3488 3569 3559 ἔχων
3601 3490 3965 3560 φραγέλλιον,
3987 3492 4081 3546 αὗ-

2491 3579 2592 3647 τὴν
2623 3579 2781 3651 ἡμῶν
2812 3579 2911 3653 τὴν
2954 3580 3013 3646 ἐξ
3061 3579 3283 3635 ἀτόπων
3314 3580 3537 3634 ἱννοιιῖιν
3571 3581 4083 3652 συμπεπλεγμένην

2492 3672 2587 3723 καὶ
2614 3670 2792 3741 ἔργων
2822 3671 3147 3744 συνείδησιν,
3181 3674 3210 3725 ὀ
3249 3671 3306 3727 δὲ
3345 3673 3502 3742 am;
3540 3671 3868 3736 Ἀθανάσιος
3900 3674 4083 3743 ἠπίως

2492 3761 2620 3824 τοὺς
2654 3761 2947 3826 πταίοντας
2990 3763 3155 3833 ἐνῆγε
3182 3762 3321 3835 πρὸς
3346 3763 3656 3836 διόρθωσιν,
3687 3765 3764 3829 ὡς
3790 3765 3895 3819 καὶ
3922 3764 4084 3828 αὐτὸς

2491 3852 2778 3916 ἀσθενείας
2802 3854 2982 3925 σάρκα
3013 3856 3416 3928 περικείμενος,
3441 3855 3634 3911 τούτου
3656 3856 3821 3926 χάριν
3848 3855 3934 3925 τῷ
3962 3856 4085 3926 τρό-

2490 3957 2580 4011 πῳ
2628 3940 2805 4013 τούτῳ
2850 3943 2929 4013 τῷ
2975 3943 3120 4015 λόγῳ
3157 3945 3398 4019 χρῦσθαι
3431 3945 3524 4000 τὸν
3567 3944 3847 4016 θεόφρονα
3887 3947 4081 4001 τοῦτον

2486 4027 2638 4103 οἶμαι
2671 4034 3010 4113 διδάσκαλον,

2500 4211 2614 4266 Τοῦ
2644 4214 2835 4269 αὐτοῦ
2860 4215 2931 4269 ἐκ
2968 4215 3077 4270 τοῦ
3104 4216 3581 4286 σχεδιασθέντος
3602 4217 3757 4286 πρὸς
3779 4220 4085 4288 Εὐνομία-

2562 4305 2712 4371 γοὺς
2748 4308 2960 4375 λόγου,
3011 4310 3101 4375 εἰς
3148 4308 3237 4374 τὸ,
3275 4327 3295 4357 σ
3326 4309 3464 4364 Εἰσὶ
3502 4308 3637 4378 γὰρ,
3683 4310 3813 4363 εισι
3838 4328 4009 4376 τινες
4034 4314 4087 4365 οἱ

2564 4396 2679 4465 τὴν
2713 4398 2911 4467 ἀκοὴν
2937 4400 3299 4470 κνηθόμενοι
3337 4400 3435 4454 καί
3475 4398 3592 4468 τὴν·
3620 4400 3901 4469 γλῶτταν
3932 4403 4033 4472 (8).
4063 4422 4081 4453 ι

880 4506 981 4573 Qui
1018 4505 1164 4561 circa
1201 4506 1467 4560 vocabula
1500 4515 1870 4562 exercuerunt
1900 4506 2101 4571 studia,
2138 4522 2241 4562 nec
2273 4508 2384 4561 vul-

2566 4510 2735 4563 Φασὶν
2766 4511 2814 4562 οἱ
2845 4510 2975 4581 περὶ
3007 4510 3203 4578 λόγους
3252 4508 3614 4579 ἑσχολακότες
3642 4511 3736 4564 καὶ
3762 4510 3870 4574 re;
3904 4513 4088 4566 αὐτῶν

809 4612 995 4665 mrem
1035 4595 1139 4650 sibi
1182 4595 1309 4654 inde
1349 4596 1581 4667 gloriam
1623 4604 1979 4667 pepererunt,
2008 4607 2065 4652 et
2102 4606 2392 4653 accuratus

809 4699 1001 4737 eorum
1043 4683 1384 4754 signiﬁcatus
1421 4687 1834 4755 pernoscendos
1868 4696 1925 4741 et
1956 4687 2035 4741 rei
2070 4703 2233 4741 suum
2268 4689 2391 4742 cui-

811 4792 917 4844 que
968 4784 1025 4829 et
1064 4777 1403 4831 conveniens
1438 4777 1766 4831 vocabulum
1809 4778 2222 4835 attribuendum
2270 4796 2393 4839 esse

811 4876 1082 4931 statuunt,
1108 4867 1256 4937 quod
1288 4868 1684 4939 proprietatem
1718 4879 1909 4924 contra
1941 4871 2175 4942 quodvis
2204 4873 2395 4929 aliena:

812 4960 1253 5031 signiﬁcationis,
1285 4976 1511 5031 quoquo
1545 4960 1709 5016 modo
1738 4962 1945 5017 dictum
1978 4964 2073 5031 sit,
2108 4981 2305 5035 puram
2339 4975 2395 5021 et

814 5053 1198 5106 intaminatam
1238 5062 1480 5116 tueatur,
1518 5053 1575 5106 hi
1620 5053 1762 5110 bene
1806 5054 1940 5109 illud
1985 5072 2045 5110 se
2090 5056 2295 5113 habere
2339 5070 2396 5114 et

814 5142 1111 5210 prurientes
1138 5141 1323 5194 auditu
1349 5149 1399 5195 et
1425 5140 1608 5213 lingua
1636 5157 1758 5199 esse
1781 5143 1877 5213 qui
1906 5146 2035 5199 novi
2065 5146 2273 5219 aliquid
2299 5164 2397 5203 au-

814 5230 935 5285 dire
962 5229 1048 5284 vel
1076 5229 1264 5285 dicere
1295 5230 1541 5300 cupiant,
1567 5230 1773 5302 quique
1804 5249 2021 5303 semper
2044 5235 2202 5291 novis
2232 5238 2398 5293 rebus

816 5322 1110 5375 moliendis
1133 5321 1425 5391 gaudeant,
1445 5332 1501 5377 et
1526 5325 1809 5389 terminos,
1829 5334 1890 5379 ut
1912 5342 2169 5397 expresse
2192 5329 2394 5395 dicam,

818 5420 1180 5480 transponant
1209 5428 1350 5481 quos
1380 5421 1563 5483 patres
1598 5415 1681 5469 sui
1716 5416 2160 5484 collocaverunt,
2193 5421 2399 5491 quique

820 5504 1138 5558 recentibus
1185 5514 1242 5558 et
1284 5504 1562 5560 inusitatis
1602 5506 1946 5563 delectentur
1988 5523 2290 5584 contraque
2337 5532 2399 5570 ea

891 5651 916 5678 ο
962 5640 1123 5695 Marc.
1159 5656 1231 5705 Ix,
1266 5643 1351 5697 l2.
1427 5642 1454 5682 δ
1488 5644 1678 5699 Matth.
1706 5662 1815 5710 χχι,
1849 5646 1933 5701 12.

823 5828 861 5881 Β
890 5749 1152 5882 ςυάιιιριη
1192 5760 1322 5814 ibid.
1364 5778 1482 5833 cap.
1526 5764 1612 5823 3i.
1653 5779 1703 5832 p.
1742 5765 1861 5826 406,
1901 5775 2032 5820 tom.
2062 5766 2102 5831 l,
2132 5766 2268 5837 Opp.
2306 5769 2391 5823 ed.

871 5844 913 5880 ιδ.
941 5846 994 5882 c

871 5844 994 5882 CilCt

2495 4600 2746 4672 ἀκριϐεῖς
2794 4601 3074 4671 σημασίας
3129 4599 3448 4669 γινώσκειν.
3491 4600 3649 4663 κλέος
3699 4602 3761 4655 οὐ
3811 4603 3877 4655 τὸ
3927 4605 4087 4673 τυχὸν

2496 4691 2879 4763 ποιησάμενοι,
2920 4694 3018 4747 καὶ
3052 4693 3269 4763 ἑκάστῳ
3298 4693 3592 4764 πράγματι
3621 4692 3811 4761 φωνὴν
3840 4694 4087 4763 πρόσφο-

2500 4798 2592 4851 ρον
2645 4782 2756 4834 δεῖν
2820 4782 3217 4851 ἀπονέμεσθαι,
3278 4781 3696 4853 παραστατικὴν
3766 4782 3874 4852 τῆς
3958 4784 4089 4854 πρὸς

2497 4872 2677 4927 ὁτιοῦν
2719 4874 2915 4944 (181
2953 4873 3015 4945 ὁ)
3042 4874 3206 4928 ἄλλου
3239 4873 3335 4927 τοῦ
3375 4874 3813 4945 σημαινομένου,
3849 4874 3981 4927 καθ’
4007 4877 4088 4927 ὂν-

2500 4984 2624 5022 τινα
2673 4968 2876 5039 τρόπον
2928 4968 3080 5039 τύχοι
3132 4968 3446 5040 λεγόμενον,
3499 4968 3735 5039 ἀμιγοῦς
3799 4968 4086 5039 ἰδιότητος,

2503 5058 2685 5124 καλῶς
2726 5060 2874 5130 ἔχειν
2940 5060 3376 5130 ἀποφηνάμενοι,
3424 5058 3840 5128 κνηθομένους
3883 5060 3950 5113 δὲ
3984 5061 4090 5125 τὴν

2503 5150 2700 5219 ἀκοὴν
2733 5151 2831 5205 καὶ
2860 5150 2975 5218 τὴν
3003 5150 3295 5222 γλῶσσαν
3333 5147 3474 5206 εἶναι
3520 5151 3649 5213 τοὺς
3678 5149 4013 5221 καινότερον
4042 5168 4088 5203 τι

2508 5243 2801 5313 μανθάνειν
2828 5242 2862 5313 ἦ
2894 5242 3075 5311 λέγειν
3095 5243 3401 5309 ἐθέλοντας,
3455 5244 3548 5297 καὶ
3571 5243 3659 5296 ἀεὶ⁸
3688 5245 3811 5306 ταῖς
3844 5260 4089 5297 καινοτο-

2509 5336 2663 5407 μίαις
2697 5336 3013 5406 χαίροντας,
3064 5338 3159 5391 καὶ
3198 5337 3324 5408 ὅρια
3371 5337 3855 5407 μετατιθεμένους,
3892 5356 4089 5409 γραφι-

2506 5430 2620 5493 κῶς
2669 5431 2866 5496 εἰπεῖν,
2898 5429 2934 5484 ἀ
2983 5430 3168 5485 ἔθεντο
3218 5432 3270 5484 οἱ
3313 5432 3552 5501 πατέρες
3595 5430 3802 5495 αὐτῶν,
3855 5434 3959 5485 καὶ
3986 5435 4087 5493 rei;

2508 5520 2841 5589 προσφάτοις
2881 5521 2975 5575 καὶ
3020 5520 3191 5586 ξένοις
3220 5522 3539 5593 ἡδομένους,
3572 5524 3666 5575 καὶ
3697 5523 3810 5575 τῶν
3842 5525 4085 5596 συνήθων

2014 5659 2033 5687 π
2075 5650 2116 5703 ll
2152 5651 2291 5704 Tim.
2332 5669 2402 5716 iv,
2434 5657 2484 5709 5.

2578 5770 2650 5835 (8)
2676 5770 2839 5839 Greg.
2867 5770 2995 5824 Nat.
3031 5772 3120 5824 0r.
3159 5770 3444 5840 theologica
3478 5770 3517 5832 1,
3557 5770 3680 5823 adv.
3711 5770 4078 5825 Eunomianos

2507 5857 2603 5908 cur
2666 5841 2769 5910 1,]:
2830 5840 2950 5895 497.
2986 5850 3111 5894 tom.
3155 5841 3172 5895 l
3210 5841 3342 5912 Opp.
3381 5841 3513 5896 edit.
3547 5840 3752 5895 Bened.
