4192 6434
222 389 363 457 1209

1458 397 1980 460 AMBIGUORUM
2021 400 2272 462 LIBER.

3341 403 3478 469 1210

217 513 316 566 καὶ
343 509 510 565 πάλαι
532 512 825 584 γνωρίμων
849 509 944 565 καὶ
973 510 1237 576 ὡσαύτως
1259 511 1495 583 ἐχόντων
1521 513 1597 576 ὡς
1621 512 1805 567 ἑώλων

1915 530 2031 585 qua:
2064 516 2301 587 vulgaris
2339 532 2473 570 usus
2515 525 2644 571 sunt
2675 526 2733 572 et
2765 517 2978 589 pridem
3021 517 3237 588 cognita
3277 528 3332 572 et
3369 534 3479 573 non

221 601 320 654 καὶ
365 600 770 671 πεπατημένων
808 601 906 654 καὶ
932 600 1163 670 μηδενὸς
1190 599 1380 666 ἀξίων,
1412 600 1801 668 κατεξανιστα-

224 688 443 758 μένους,
485 688 584 742 καὶ
632 688 833 759 μᾶλλον
884 687 957 742 τά
987 687 1303 759 νεαρώτερα
1335 688 1804 760 προσδεχομένους

221 780 535 844 ἀσπασίως,
582 779 688 833 κᾶν
728 778 904 850 ψευδῆ
947 778 1164 850 τύχοιεν
1196 779 1350 846 δντα,
1396 779 1492 833 καὶ
1531 780 1804 850 μηδεμίαν

221 873 306 935 είς
332 872 512 943 ψυχὴν
541 871 928 926 διαϐαίνουσαν
959 870 1229 942 ὠφέλειαν
1268 870 1480 941 ἔχοντα.
1520 869 1692 941 Ὑπὲρ
1734 867 1806 942 ἧς

225 963 466 1032 μάλιστα
521 964 633 1026 πᾶς
677 960 909 1033 εὐσεϐὴς
970 961 1127 1031 λόγος
1165 963 1264 1015 καὶ
1316 961 1478 1024 πόνος
1527 962 1803 1032 σωτήριος

221 1054 411 1124 ᾅδεται
433 1071 492 1108 τε
518 1055 614 1107 καὶ
646 1055 914 1124 γράφεται
929 1054 1026 1107 καὶ
1051 1053 1452 1125 ἐπιτηδεύεται,
1477 1055 1507 1106 ό
1537 1057 1637 1123 μὲν
1662 1056 1806 1109 κατά

220 1147 325 1215 τῆς
350 1145 656 1214 ἀγνωσίας,
681 1147 712 1199 ό
737 1145 794 1199 δὲ
825 1144 970 1200 κατά
997 1145 1098 1215 τῆς
1131 1145 1328 1216 ἡδονῆς
1369 1144 1754 1214 όπλιζόμενος,
1777 1147 1806 1198 ό

224 1239 330 1308 μὲν
357 1239 444 1294 ἴνα
463 1239 562 1308 τῆς
591 1237 816 1306 ἀγνοίας
844 1236 1095 1308 ἐκτεμὼν
1133 1237 1202 1292 τά
1235 1236 1550 1308 πηρώματα
1577 1237 1676 1305 τῆς
1703 1238 1809 1305 ψυσ

219 1331 330 1400 χῆς
354 1330 616 1400 οίκειώσῃ
643 1329 765 1400 Θεῷ
800 1329 890 1383 διὰ
927 1327 1184 1397 γνώσεως
1234 1328 1334 1402 τὴν
1364 1329 1624 1398 ἀλήθειαν
1653 1329 1808 1399 ἕχον..

218 1438 348 1485 τας.
394 1422 524 1485 τοὺς
573 1421 662 1475 διὰ
693 1419 854 1475 τοῦτο
880 1422 994 1485 τοῖς
1031 1420 1319 1492 μαθήμασι
1367 1421 1680 1492 χαίροντας,
1712 1420 1809 1473 καὶ

220 1512 339 1564 τῶν
370 1511 667 1582 ὁρωμένων
697 1527 759 1564 τε
787 1511 886 1564 καὶ
925 1511 1234 1581 νοουμένων
1275 1511 1530 1582 ὑπεράνω
1559 1511 1650 1564 τὸν
1681 1511 1810 1565 νοῦν

223 1602 609 1674 παραπέμψας
654 1602 820 1675 θέλξῃ
841 1603 920 1673 τῷ
953 1603 1178 1674 ἀρρήτῳ
1208 1603 1308 1672 τῆς
1350 1601 1502 1665 θείας
1548 1601 1810 1672 καλλονῆς

223 1695 420 1765 ἔρωτι,
461 1695 558 1751 καὶ
603 1694 938 1768 προσηλώσῃ
962 1694 1047 1766 τῷ
1078 1695 1230 1765 πόθῳ
1259 1694 1514 1766 μηδαμοῦ
1545 1695 1810 1767 φέρεσθαι

223 1786 554 1855 δυνάμενον,
597 1786 801 1857 μᾶλλον
832 1786 891 1840 δὲ
924 1785 1225 1858 δυνηθῆναι
1266 1786 1341 1858 μὴ
1391 1786 1720 1856 ἀνεχόμενον
1739 1802 1752 1815 ·
1782 1787 1812 1840 ό

223 1878 290 1931 δὲ
322 1877 410 1932 ἵνα
437 1878 539 1949 τῆς
555 1878 679 1934 καθ’
700 1879 895 1951 ἡδονὴν
925 1878 1166 1949 σχέσεως
1189 1879 1315 1942 τοὺς
1328 1879 1490 1950 ⁴ἥλους
1507 1879 1812 1951 ἐκκρούση-

225 1986 324 2023 ται
351 1964 430 2033 οἷς
466 1971 497 2024 ό
525 1970 654 2040 περὶ
682 1969 816 2024 Θεὸν
855 1969 956 2041 τῆς
978 1971 1157 2041 ψυχῆς
1179 1970 1340 2035 πόθος
1361 1988 1418 2025 τε
1449 1971 1543 2024 καὶ
1563 1972 1715 2034 τόνος
1746 1972 1812 2024 ἐκ

229 2059 335 2128 τῆς
361 2059 595 2131 ἀρχαίας
618 2060 900 2132 παρακοῆς
921 2060 1059 2132 πρὸς
1071 2061 1175 2131 τὴν
1198 2060 1329 2128 ὓλην
1358 2060 1600 2130 ὲνεπάγη
1629 2060 1814 2114 καὶτὰ

229 2153 590 2225 φθειρόμενα.
621 2155 717 2209 καὶ
743 2154 1037 2225 ἀπαλλάξῃ
1084 2154 1282 2218 κακίας
1323 2153 1450 2218 τοὺς
1505 2153 1810 2223 ὲνεσχημέ-

227 2261 358 2308 νους
375 2243 442 2309 ⁸⁸,
479 2245 572 2298 καὶ
591 2245 792 2317 ἀρετῆς
823 2246 1069 2314 ποιήσειε
1093 2244 1355 2314 φοιτητὰς
1391 2244 1673 2311 γνησίους,
1718 2244 1814 2296 καὶ

229 2340 484 2393 ἄσειστον
513 2339 649 2409 πρὸς
679 2337 857 2392 πάντα
881 2337 951 2392 τά
974 2336 1205 2392 κωλύειν
1227 2335 1496 2390 δοκοῦντα
1516 2336 1611 2406 τῆς
1636 2335 1812 2404 ψυχῆς

230 2434 335 2504 τὴν
359 2432 495 2504 πρὸς
529 2431 592 2486 τὸ
621 2429 788 2485 καλὸν
834 2429 1110 2484 οίκείωσιν
1151 2429 1560 2500 ἀπεργάσηται,
1594 2425 1812 2490 διδάξας

233 2523 374 2596 πρὸς
412 2525 510 2595 μὲν
549 2522 901 2595 ἀποστροφὴν
951 2521 1164 2593 ἡδονῆς,
1213 2521 1420 2592 (182
1450 2519 1525 2588 a)
1574 2516 1665 2570 διὰ
1704 2516 1812 2569 τῶν

235 2618 326 2686 ἐφ’
353 2616 483 2688 ἡμῖν
522 2615 742 2669 ἀτόπων
785 2613 1083 2684 ἀωτηλῶς
1137 2611 1431 2680 σαινούσης
1477 2610 1572 2663 καὶ
1604 2607 1813 2678 μαλασ-

241 2709 444 2781 σούσης
505 2709 568 2762 τὺ
641 2706 868 2778 στερρὸν
904 2705 1006 2776 τῆς
1057 2704 1306 2775 γνώμης,
1365 2703 1462 2756 καλ⁵
1518 2698 1814 2769 πειθούσης

241 2799 626 2873 προαιρεῖσθαι
663 2799 734 2852 τὰ
783 2797 1032 2870 παρόντα
1067 2796 1176 2849 τῶν
1221 2794 1549 2866 μελλόντων,
1598 2793 1692 2844 καὶ
1745 2791 1814 2843 τὰ

242 2891 499 2965 δρώμενα
544 2892 654 2946 τῶν
699 2889 1033 2960 νοουμένων,
1065 2887 1419 2958 δγκράτειαν,
1467 2885 1601 2954 πρὸς
1633 2883 1689 2936 δὲ
1720 2881 1812 2951 $6-

243 2984 341 3036 ϐου
375 2981 469 3037 καὶ
492 2981 689 3044 δειλίας
717 2979 1006 3050 ἀπόθεσιν,
1035 2978 1102 3033 δι’
1129 2976 1314 3034 αὐτῶν
1335 2977 1380 3008 ⁸⁸
1413 2975 1515 3028 οὐκ
1557 2972 1643 3042 ἐφ’
1681 2974 1815 3043 ἡμῖν

243 3076 315 3130 τά
356 3076 637 3147 ἀνήκεστα
669 3073 764 3127 καὶ
790 3070 1141 3143 ἀνθρωπίνης
1177 3063 1318 3122 εἶναι
1349 3067 1610 3120 δοκοῦντα
1643 3064 1820 3136 κρείτ.-

245 3185 374 3222 τονα
404 3167 690 3236 δυνάμεως
725 3163 1156 3234 ὑποτιθεμένων,
1183 3161 1277 3215 καὶ
1324 3161 1417 3232 βία
1461 3161 1682 3230 κρατεῖν
1729 3158 1818 3212 διὰ

242 3260 347 3332 τῆς
376 3259 488 3313 τῶν
521 3255 770 3330 φοϐερῶν
809 3254 1109 3324 ἀπαγωγῆς
1136 3251 1232 3308 τοῦ
1256 3250 1530 3322 σώφρονος
1554 3248 1817 3321 λογισμοῦ

248 3350 685 3424 μηχανωμένων,
721 3347 1001 3418 ὑπομονὴν
1045 3346 1140 3403 καὶ
1187 3344 1286 3414 τὴν
1335 3345 1402 3399 ὲκ
1439 3342 1646 3397 τούτων
1678 3359 1820 3412 συμ-

246 3445 632 3518 πληρουμένην
666 3443 942 3515 ἀνδρείαν,
986 3441 1086 3512 τὴν
1122 3440 1259 3510 πρὸς
1292 3440 1478 3494 πᾶσαν
1499 3437 1692 3510 ἡδονὴν
1715 3436 1824 3489 τῶν

245 3539 337 3606 ἐφ’
365 3537 498 3606 ἡμῖν
520 3534 617 3588 καὶ
646 3532 843 3603 ὀδύνην
864 3531 976 3584 τῶν
1010 3530 1114 3584 οὐκ
1148 3530 1234 3599 ἐφ’
1261 3530 1392 3599 ἡμῖν
1419 3527 1702 3580 ἁνένδοτον
1729 3526 1824 3580 καὶ

242 3627 518 3701 ἀήττητον
543 3623 677 3689 ἕξιν.
698 3620 1120 3691 Κνηθομένους
1147 3619 1204 3674 δὲ
1228 3618 1342 3686 τὴν
1368 3617 1566 3686 ἀκοὴν
1591 3617 1690 3670 καί
1711 3615 1827 3684 τὴν

243 3715 544 3788 γλῶσσαν
594 3713 852 3767 ἐκάλεσεν
897 3714 927 3765 ό
977 3710 1298 3773 διδάσκαλος
1344 3709 1471 3771 τοὺς
1519 3708 1648 3778 περὶ
1695 3701 1769 3760 ὧν
1797 3709 1828 3761 ό

243 3811 428 3877 λόγος,
457 3807 648 3878 ἐπειδὴ
680 3808 788 3870 πᾶς
822 3806 981 3874 λόγος
1011 3804 1101 3858 διά
1139 3801 1392 3872 γλώσσης
1435 3800 1723 3856 καλεῖσθαί
1766 3817 1826 3852 τε

246 3903 349 3960 καὶ
391 3898 764 3972 προφέρεσθαι
811 3898 908 3953 καὶ
957 3897 1026 3952 δι’
1060 3897 1234 3967 ἀκοῆς
1278 3893 1576 3948 ἀκούεσθαί
1624 3909 1685 3946 τε
1731 3892 1827 3945 καὶ

251 3991 625 4063 μανθάνεσθαι
669 3990 940 4058 πέφυκεν.
970 3987 1038 4042 Εἰ
1075 3987 1133 4041 δὲ
1166 3986 1261 4040 καὶ
1293 3984 1415 4040 κατ’
1445 3984 1614 4053 ἀλλην
1647 3983 1829 4037 ἐπιϐο-

245 4085 351 4154 λὴν
371 4081 690 4153 ἐκδέχεσθαι
741 4081 1044 4152 θελήσομεν
1078 4079 1139 4132 τὸ
1177 4078 1493 4148 λεγόμενον,
1527 4076 1828 4143 Κνηθόμε-

245 4194 347 4231 νοι
376 4176 492 4244 τὴν
523 4178 721 4243 ἀκοὴν
763 4174 859 4230 καί
905 4171 1022 4241 τὴν
1049 4170 1360 4242 γλῶσσαν,
1388 4170 1552 4239 τυχὸν
1585 4169 1635 4221 οἱ
1669 4169 1831 4237 μόνον

247 4265 393 4336 πρὸς
432 4265 601 4334 ψόγον
637 4263 732 4320 καὶ
774 4263 874 4332 τῆς
909 4261 1030 4319 κατ’
1067 4259 1245 4315 ἄλλων
1292 4258 1549 4328 διαϐολῆς
1589 4257 1623 4328 ἢ
1668 4256 1831 4310 λοιδο·

253 4358 383 4427 ρίας
426 4355 650 4430 ἀκούειν
682 4371 744 4408 τε
787 4355 880 4408 καὶ
912 4352 1098 4408 καλεῖν
1142 4349 1606 4422 προθυμούμενοι,
1641 4350 1736 4402 καὶ
1769 4349 1830 4401 τὸ

248 4452 399 4505 κατά
434 4448 636 4512 παντὸς
678 4445 907 4518 ἀμαθῶς
953 4443 1276 4515 ἐπαίρεσθαι
1309 4442 1468 4510 λόγου
1505 4459 1565 4495 τε
1616 4442 1714 4494 καὶ
1743 4443 1832 4494 ἀν-

1904 618 2104 663 novata
2129 611 2280 664 velut
2308 617 2499 664 contra
2534 611 2779 665 obsoleta
2811 621 2868 667 et
2898 612 3028 666 trita
3058 619 3114 666 et
3138 611 3267 665 vilia
3302 614 3472 665 insur-

1903 713 2052 772 gant,
2082 703 2219 758 adeo
2253 711 2313 757 ut
2345 701 2676 765 recentiora,
2702 703 2788 756 vel
2821 703 2867 757 si
2903 704 3188 759 mendacia
3222 705 3354 766 sint,
3386 719 3482 758 ne-

1895 809 2012 863 que
2049 794 2160 848 ulla
2195 793 2323 849 inde
2357 795 2414 848 in
2449 793 2688 849 animam
2724 793 2935 848 utilitas
2970 794 3264 858 redundet,
3297 803 3481 848 tamen

1903 886 2160 940 lubenter
2214 885 2500 955 recipiant.
2554 886 2766 940 Animas
2815 886 3121 954 praesertim
3182 885 3478 940 commodo

1904 978 2088 1032 omnis
2132 978 2258 1047 pius
2303 986 2360 1031 et
2401 993 2586 1031 sermo
2630 986 2688 1032 et
2727 977 2884 1032 labor
2925 977 3181 1031 salutaris
3223 978 3484 1047 przedica-

1906 1073 2016 1130 tur,
2049 1066 2439 1131 conscribitur,
2471 1075 2792 1131 accuratur;
2832 1080 3068 1134 quorum
3112 1065 3250 1119 alter
3292 1075 3483 1120 contra

1907 1155 2307 1225 ignorantiam,
2362 1153 2504 1208 alter
2555 1162 2747 1208 contra
2801 1155 3141 1223 voluptatem
3205 1163 3482 1218 armatur,

1907 1246 2047 1298 alter
2078 1254 2138 1298 ut
2170 1244 2406 1299 infirmis
2437 1254 2495 1298 et
2525 1243 2737 1297 mutilis
2771 1243 2966 1298 animae
2996 1245 3247 1312 partibus
3285 1245 3488 1299 excisis

1907 1351 2005 1391 eos
2033 1336 2132 1404 qui
2166 1351 2266 1405 per
2295 1335 2668 1406 cognitionem
2697 1333 2987 1388 veritatem
3020 1335 3227 1389 habent
3253 1335 3487 1404 ideoque

1909 1428 1964 1482 in
1998 1429 2310 1497 disciplinis
2331 1426 2542 1482 versari
2573 1425 2846 1496 gaudent,
2872 1425 2985 1479 Deo
3017 1426 3303 1488 conciliet,
3335 1439 3490 1478 men—

1911 1530 2133 1590 temque
2171 1535 2392 1574 sursum
2431 1535 2598 1589 supra
2637 1533 2702 1573 ea
2742 1534 2863 1588 quae
2901 1518 3162 1572 videntur
3201 1526 3258 1571 et
3291 1517 3493 1573 intelli-

1909 1621 2116 1685 guntur
2164 1611 2419 1665 emissam
2473 1610 2744 1664 ineffabili
2801 1608 3006 1664 divinae
3061 1607 3493 1677 pulchritudinis

1909 1719 2095 1759 amore
2124 1702 2455 1766 demulceat,
2480 1710 2646 1772 atque
2677 1701 2752 1756 ita
2780 1698 2962 1770 alligat
2985 1707 3051 1754 ut
3081 1699 3237 1753 nullo
3259 1713 3490 1767 usquam

1911 1795 2187 1851 desiderio
2233 1792 2504 1849 stimulari
2553 1793 2755 1861 possit,
2789 1791 2906 1846 sive
2952 1790 3136 1860 potius
3179 1804 3340 1859 posse
3379 1803 3492 1844 non

1845 1863 1886 1919 Β
1912 1889 2184 1944 sustineat
2217 1905 2230 1940 :
2267 1887 2407 1940 alter
2436 1893 2498 1938 ut
2527 1884 2825 1954 voluptatis
2854 1884 3076 1938 habitus
3106 1883 3290 1937 clavos
3329 1896 3494 1936 excu-

1915 1980 2016 2036 tiat
2035 1979 2239 2050 quibus
2267 1977 2466 2033 anima:
2491 1976 2637 2031 circa
2663 1977 2835 2030 Deum
2863 1975 3202 2030 desiderium
3231 1982 3288 2028 et
3313 1975 3496 2028 inten-

1915 2075 1990 2127 tio
2019 2073 2088 2127 de
2119 2079 2304 2126 vetere
2341 2067 2730 2124 inobedientias
2761 2066 2964 2120 delicto
3003 2066 3072 2120 ad
3113 2065 3401 2119 materiam
3438 2073 3494 2119 et

1912 2181 1977 2220 ea
2005 2181 2126 2236 quae
2148 2162 2399 2219 interitui
2422 2163 2707 2232 subjacent
2731 2160 3002 2230 applicata
3027 2169 3178 2222 sunt,
3204 2167 3261 2213 et
3286 2158 3496 2228 impro-

1914 2253 2082 2306 bitate
2112 2251 2334 2306 indutos
2363 2251 2584 2316 liberet,
2605 2257 2661 2303 et
2688 2249 2916 2303 virtutis
2939 2264 3103 2303 veros
3128 2249 3292 2303 faciat
3316 2250 3495 2302 culto-

1914 2358 2034 2406 res,
2065 2350 2122 2397 et
2161 2342 2475 2396 immobiles
2514 2355 2618 2395 nos
2655 2349 2713 2395 et
2755 2341 3113 2394 inconcussos
3151 2349 3296 2394 stare
3335 2339 3497 2394 faciat

1913 2443 2106 2490 contra
2150 2432 2334 2488 omnia
2365 2447 2488 2503 quae
2516 2431 2714 2487 animas
2747 2447 2874 2486 cum
2906 2432 3140 2486 honesto
3171 2441 3228 2486 et
3255 2433 3496 2502 pulchro

1913 2525 2340 2582 familiaritatem
2386 2523 2685 2579 iucundam
2730 2524 3027 2593 prohibere
3067 2524 3383 2588 videantur,
3421 2523 3488 2577 ad

1913 2617 2294 2673 declinandam
2321 2617 2543 2686 quidem
2571 2616 2932 2684 voluptatem,
2961 2630 3084 2684 qua:
3115 2629 3213 2684 per
3242 2614 3499 2668 absurdi-

1918 2717 2056 2762 tates
2078 2715 2298 2761 nostras
2322 2703 2707 2759 fraudulenter
2729 2705 2947 2759 consilii
2973 2704 3276 2760 duritatem
3307 2704 3500 2760 adula-

1916 2805 2006 2852 tur
2027 2805 2084 2852 et
2114 2796 2310 2859 mollit,
2333 2802 2390 2850 et
2416 2794 2709 2864 praesentia
2738 2794 2960 2858 futuris,
2983 2809 3215 2864 qnazque
3237 2794 3499 2849 videntur

1915 2890 1998 2945 eis
2026 2905 2149 2958 qua:
2181 2887 2518 2957 cogitatione
2551 2885 2940 2956 percipiuntur
2971 2887 3234 2956 pratferre
3267 2887 3497 2950 suadet,

1918 2983 2198 3038 instruens
2231 2978 2592 3043 continentia,
2627 2977 2694 3031 ad
2736 2977 3128 3046 deponendum
3166 2993 3300 3032 vero
3343 2978 3506 3033 timo-

1918 3091 2035 3132 rem
2066 3085 2230 3144 atque
2258 3080 2488 3136 metum,
2513 3070 2606 3140 qui
2639 3071 2741 3140 ipsi
2772 3069 3092 3139 gravissima
3122 3085 3355 3138 quaeque
3382 3086 3490 3124 non

1922 3169 1977 3224 in
2020 3177 2210 3222 nostra
2257 3181 2422 3220 manu
2464 3165 2559 3218 sed
2604 3163 2901 3218 humanam
2948 3172 3277 3233 potestatem
3324 3163 3498 3217 videri

1922 3269 2185 3328 superare
2246 3251 2586 3322 persuadent
2632 3251 3018 3320 violenterque
3076 3266 3176 3320 per
3225 3261 3500 3305 terrorum

1924 3346 2265 3404 invasionem
2301 3344 2530 3399 rationis
2559 3341 2887 3414 consiliique
2921 3343 3276 3398 sobrietatem
3313 3344 3505 3411 oppri-

1922 3454 2074 3495 mere
2106 3448 2401 3496 conantnr.
2436 3437 2718 3490 instruens
2753 3435 3061 3490 constantia
3094 3443 3149 3488 et
3181 3433 3505 3488 fortitudine

1923 3529 2052 3584 inde
2081 3537 2480 3586 consummata.
2509 3527 2699 3581 habitu
2729 3527 2796 3581 ad
2830 3526 3135 3595 quamlibet
3160 3541 3352 3580 eorum
3385 3541 3508 3595 quae

1924 3618 1986 3672 in.
2008 3617 2173 3672 nobis
2198 3625 2328 3671 sunt
2356 3616 2714 3684 voluptatem,
2742 3624 2799 3669 et
2825 3614 3128 3683 quemlibet
3157 3627 3351 3668 eorum
3381 3631 3508 3684 qua:

1923 3720 2080 3765 extra
2100 3725 2203 3764 nos
2225 3719 2354 3764 sunt
2374 3708 2622 3762 dolorem
2647 3705 3024 3776 imperterrito
3043 3715 3100 3760 et
3119 3705 3342 3759 invicto.
3370 3705 3510 3759 Pru-

1928 3803 2116 3856 rientes
2151 3809 2330 3854 autem
2365 3799 2551 3852 auditu
2586 3806 2635 3851 et
2669 3796 2854 3866 lingua
2887 3795 3147 3866 magister
3170 3797 3387 3850 vocavit
3414 3812 3510 3850 eos

1927 3894 1995 3949 ad
2025 3909 2166 3962 quos
2203 3900 2414 3961 spectat
2440 3904 2645 3954 sermo,
2676 3888 2953 3958 siquidem
2985 3888 3166 3942 omnis
3195 3903 3378 3942 sermo
3411 3903 3512 3956 per

1928 3987 2168 4056 linguam
2199 3993 2254 4039 ct
2282 3984 2592 4054 appellatur
2615 3991 2673 4038 et
2699 3981 3000 4051 profertur,
3030 3989 3194 4050 atque
3224 3993 3323 4048 per
3354 3979 3512 4034 audi-

1930 4088 2045 4133 tum
2072 4076 2415 4131 auscultator
2438 4084 2496 4129 et
2521 4074 2808 4129 ediscitur.
2837 4073 2956 4128 Jam
2991 4073 3038 4126 si
3072 4074 3238 4127 etiam
3277 4073 3342 4127 ad
3375 4074 3508 4127 alle-

1931 4185 2054 4224 rum
2097 4183 2320 4238 quoque
2362 4167 2706 4236 propositum
2748 4165 3007 4235 excipere
3047 4166 3303 4220 volumus
3352 4165 3508 4228 illud,

1929 4263 2238 4318 Prurientes
2263 4260 2449 4314 auditu
2475 4269 2523 4312 et
2545 4259 2749 4329 lingua,
2769 4257 3000 4312 fortasse
3021 4266 3187 4312 erunt
3207 4258 3301 4327 qui
3333 4259 3508 4312 solum

1930 4354 1999 4409 ad
2039 4351 2374 4421 vituperium
2419 4350 2652 4403 aliorum
2699 4357 2758 4404 et
2797 4348 3258 4404 obtrectationem
3302 4349 3510 4402 calum-

1933 4445 2195 4514 niamque
2238 4442 2570 4497 audiendam
2610 4451 2668 4496 et
2706 4440 3094 4510 proferendam
3134 4440 3422 4501 inclinant,
3455 4447 3512 4492 ct

249 4539 379 4612 δρός
411 4536 796 4608 σεμνολόγημα
835 4534 1133 4604 κρίνοντες.
1163 4531 1256 4584 καὶ
1290 4530 1399 4601 πρὸ
1431 4529 1523 4582 τοῦ
1564 4545 1616 4582 τι
1662 4529 1815 4596 φάναι

1934 4545 2127 4593 contra
2160 4534 2411 4603 quemvis
2445 4534 2560 4589 sive
2593 4548 2908 4588 sermonem
2943 4533 3058 4586 sive
3087 4531 3369 4585 hominem
3407 4531 3512 4584 im-

251 4630 346 4682 τὸν
382 4627 623 4682 ὕποπτον
667 4627 850 4689 αὐτοῖς
904 4624 996 4676 καὶ
1040 4620 1408 4692 φθονούμενον
1459 4618 1815 4686 σφαδάζοντες

1930 4628 2107 4700 perite
2145 4637 2201 4681 et
2234 4625 2438 4680 rustice
2479 4621 2812 4680 insolescere
2843 4633 3136 4678 venustum
3175 4637 3232 4678 et
3265 4623 3509 4692 lepidum

251 4721 335 4791 τῷ
362 4718 631 4789 πνεύματι
664 4718 758 4771 καὶ
803 4711 914 4770 οἷον
950 4715 1049 4786 τὴν
1081 4713 1261 4783 ψυχὴν
1305 4711 1702 4782 προωθοῦντες.
1732 4712 1815 4766 καὶ

1926 4719 2198 4791 iudicant,
2230 4732 2294 4772 ac
2329 4717 2650 4786 priusquam
2696 4715 2741 4768 is
2779 4715 2873 4784 qui
2911 4714 3016 4769 sibi
3055 4714 3192 4783 ipsis
3225 4722 3514 4782 suspectus

256 4811 357 4883 τὴν
392 4809 564 4880 ἀκοὴν
619 4804 999 4878 ἑτοιμάζοντες
1029 4805 1125 4858 καὶ
1148 4803 1247 4874 τὴν
1284 4802 1538 4874 γλῶσσαν
1560 4803 1697 4872 πρὸς
1731 4801 1815 4874 θή-

1930 4820 2036 4876 est,
2057 4811 2144 4865 vel
2173 4810 2262 4864 cui
2287 4808 2556 4871 invident,
2580 4807 2786 4875 aliquid
2814 4806 2984 4870 dicat,
3008 4806 3204 4876 spiritu
3235 4805 3515 4858 exsultant

260 4917 358 4970 ραν
393 4899 536 4963 τινὸς
578 4896 847 4967 συλλαϐῆς
879 4895 913 4966 ἢ
959 4894 1177 4961 λέξεως,
1213 4893 1312 4963 οὐχ
1365 4892 1453 4946 ἵνα
1490 4891 1815 4962 εὐθύμωσιν,

1930 4914 1988 4960 et
2010 4903 2178 4959 veluti
2205 4901 2444 4956 animam
2473 4899 2791 4968 prepellunt
2814 4899 3174 4967 auditumque
3202 4904 3512 4966 prmparant

257 4991 374 5047 ἀλλ’
420 4992 506 5046 ἵνα
543 4991 814 5044 κακίσωσι
859 4985 953 5041 καὶ
1000 4984 1134 5058 ὓλην
1185 4984 1350 5057 ἔχωσι
1382 4983 1483 5055 τῆς
1517 4985 1638 5038 κατ’
1668 4982 1815 5037 αύτοῐ

1939 5004 1997 5052 et
2043 4994 2286 5064 linguam
2337 4992 2404 5046 ad
2451 4992 2713 5063 syllabam
2759 4991 3000 5062 aliquam
3046 4991 3130 5044 vel
3182 4989 3516 5043 locutionem

258 5083 664 5155 γλωσσαλγίας.
694 5081 874 5150 Ὅπερ
905 5076 1188 5132 ἐποιοῦντο
1212 5075 1291 5146 τῷ
1317 5076 1458 5147 ἁγίῳ
1481 5075 1656 5147 τούτῳ
1679 5076 1815 5144 ἀνδρ¹

1936 5081 2266 5166 venandam.
2299 5099 2408 5139 non
2438 5099 2550 5153 quo
2585 5083 2774 5138 laetitia
2809 5092 2865 5138 et
2893 5082 3169 5137 hilaritate
3203 5079 3371 5134 animi
3402 5079 3518 5131 alii-

256 5179 308 5230 οί
341 5176 462 5229 κατ’
493 5175 668 5229 ἐκεῖνο
720 5168 914 5243 καιροῦ
946 5169 1044 5241 τῆς
1073 5167 1334 5239 ἀληθείας
1377 5166 1583 5238 ἐχθροὶ,
1613 5183 1815 5238 προπη-

1943 5176 2110 5241 ciant,
2137 5169 2244 5231 'sed
2285 5183 2346 5230 ut
2385 5174 2642 5245 injuriam
2687 5174 2926 5229 inferant
2962 5173 3359 5240 materiamque
3403 5185 3516 5224 sua:

256 5267 479 5331 δῶντες,
521 5265 616 5320 καὶ
649 5262 1194 5336 προεξανιστάμενοι,
1239 5260 1335 5316 καὶ
1377 5261 1509 5332 πρὶν
1551 5259 1808 5331 λεχθῆναι

1943 5265 2260 5336 petulantiae
2288 5263 2544 5318 habeant.
2577 5264 2634 5318 Id
2669 5264 2815 5333 quod
2846 5264 2976 5318 huic
3011 5249 3348 5318 sancto'viro
3373 5260 3518 5314 acci-

261 5358 371 5412 τῶν
406 5355 751 5429 λεγομένωνο
786 5353 1042 5424 καθάπερ
1085 5351 1195 5405 τῶν
1240 5351 1423 5405 ἵππων
1445 5352 1572 5416 τοὺς
1607 5342 1815 5420 πολεμι·

1943 5358 2024 5413 dit
2051 5359 2146 5413 illo
2178 5368 2423 5427 tempore
2452 5356 2522 5411 ab
2553 5357 2801 5412 veritatis
2833 5356 3094 5421 inimicis,
3119 5351 3391 5426 ejusmodi
3419 5349 3516 5420 qui

1942 5451 2254 5520 prosiliunt,
2292 5456 2348 5503 et
2388 5449 2475 5502 vel
2521 5449 2841 5518 priusquam
2883 5447 3030 5502 dicta
3074 5447 3204 5508 sint,
3238 5445 3291 5498 in
3329 5442 3514 5496 verbis

1941 5555 2130 5595 ansam
2158 5547 2214 5594 et
2241 5537 2590 5595 occasionem
2625 5553 2684 5594 se
2721 5536 2987 5593 incitandi
3019 5529 3264 5606 arripere
3299 5532 3511 5593 solent;

1530 5670 1763 5725 VARI/[5
1801 5673 2198 5730 LECTIOSES.

337 5790 386 5824 ’°
418 5789 807 5861 ὲνισχημένους
837 5786 960 5844 cod.
990 5787 1134 5844 Gud.
1208 5787 1249 5818 ²¹
1285 5784 1370 5840 διὰ
1403 5784 1510 5837 τῶν
1546 5783 1663 5840 cotl.
1695 5785 1836 5856 Gud.

263 5451 451 5522 στηρίο
464 5468 518 5513 ις
548 5466 611 5504 τε
637 5449 730 5503 καὶ
759 5446 1033 5519 (182ὁ)
1057 5445 1496 5517 ἀμιλλητηρίους,
1531 5445 1580 5498 οἳ
1608 5446 1701 5498 καὶ⁹
1731 5445 1836 5516 πρὸ

261 5541 374 5597 τῶν
420 5542 648 5609 ἀγώνων
688 5541 786 5595 καὶ
821 5540 918 5610 τῆς
964 5539 1263 5607 σάλπιγγος
1299 5537 1560 5606 εὐθυτενῆ
1605 5536 1673 5589 τὰ
1717 5531 1835 5592 ὦτα
