4192 6434
733 390 861 458 1311

1899 396 1961 454 S.
2002 390 2288 451 ΜᾹΧΙΜΙ
2323 387 2832 449 CONFESSORIS

3857 369 3996 434 1212

722 506 778 561 in
824 506 1046 561 modum
1093 517 1361 576 equorum
1407 504 1735 559 bellatorum
1778 504 2169 571 celetumque,
2208 501 2291 569 qui

2406 496 2643 560 ποιοῦσι,
2685 498 2779 550 καὶ
2820 496 2945 557 τοὺς
2991 493 3161 554 πόδας
3187 492 3252 561 τῇ
3288 491 3358 559 γῇ
3398 484 3874 559 πῳσαράσσουσι,
3903 486 3997 536 καὶ

720 601 806 655 vel
840 610 966 654 ante
997 607 1275 655 certamen
1301 605 1357 651 et
1381 597 1566 651 tubam
1598 613 1767 652 aures
1790 596 2043 666 arrigunt
2069 602 2124 648 et
2148 592 2303 663 pedi.

720 691 825 746 bus
859 701 1055 745 terram
1081 691 1301 759 pulsant
1323 698 1381 744 et
1405 691 1623 759 ungulis
1649 689 1885 751 fodiunt,
1906 695 1962 741 et
1984 686 2051 740 ad
2076 700 2300 740 cursum

717 794 778 834 se
819 780 1048 833 incitant
1083 789 1139 833 et
1173 779 1445 850 ﬂagellum
1486 779 1753 849 instigans
1787 778 1934 833 haud
1979 794 2103 833 raro
2145 788 2300 831 ante-

718 881 973 935 vertunt;
1028 871 1133 925 nisi
1182 873 1327 941 quod
1377 873 1587 925 nullum
1636 887 1843 940 equos,
1888 870 2018 940 quia
2071 868 2301 923 rationis

722 972 1150 1030 sunt'expertes,
1182 963 1518 1032 vituperium
1554 963 1744 1033 tangit,
1772 964 1817 1016 si
1854 962 2095 1032 legitima
2125 968 2304 1014 certa-

725 1052 934 1105 minum
980 1060 1223 1120 tempora
1264 1067 1373 1105 non
1409 1058 1731 1120 exspectant
1771 1068 1891 1121 qua:
1927 1050 2071 1105 tuba:
2116 1048 2299 1103 sonitu

723 1149 779 1195 et
811 1141 1005 1211 ﬂagelli
1044 1144 1151 1196 ictu
1187 1140 1586 1212 signiﬁcantur,
1617 1144 1751 1197 tales
1784 1151 1972 1197 contra
2008 1141 2112 1195 viri
2147 1140 2300 1195 nullo

722 1232 995 1301 vituperio
1034 1241 1267 1302 possunt
1300 1233 1366 1287 ad
1403 1249 1554 1289 suam
1591 1233 1891 1303 nequitiam
1920 1231 2297 1287 aestimandam

716 1324 1071 1377 commoveri.
1101 1324 1390 1394 Negotium
1425 1325 1505 1379 eis
1539 1334 1595 1379 et
1627 1325 1870 1377 studium
1909 1334 1995 1378 est
2023 1323 2295 1379 mendacii

716 1414 1003 1468 meditatio
1053 1424 1109 1468 et
1157 1416 1411 1470 veritatis
1462 1416 1813 1484 expugnatio.
1863 1415 2043 1481 Quare
2099 1414 2297 1467 merito

714 1504 1006 1572 ejusmodi,
1034 1508 1329 1573 prurientes
1351 1506 1536 1558 auditu
1561 1515 1606 1557 et
1635 1505 1839 1574 lingua,
1868 1505 2143 1567 dicantur,
2174 1517 2299 1571 pro-

714 1600 903 1661 pterea
937 1594 1084 1662 quod
1118 1604 1177 1647 ut
1206 1594 1408 1663 aliquis
1440 1610 1639 1649 succus
1653 1595 2045 1649 acerbissimus
2066 1603 2121 1647 et
2150 1608 2299 1646 cras-

714 1683 988 1749 sissimus,
1016 1685 1108 1753 qui
1148 1684 1200 1737 in
1235 1686 1484 1753 corporis
1516 1686 1791 1755 profundo
1825 1685 2117 1747 delitescit,
2150 1684 2295 1737 haud

714 1789 839 1827 raro
874 1790 972 1842 per
997 1776 1336 1845 pruriginem
1374 1778 1624 1833 irritatus
1656 1778 1711 1831 in
1744 1786 1992 1846 apertum
2030 1791 2293 1845 provoca-

714 1873 824 1927 tur,
856 1841 929 1918 ita
964 1841 1127 1920 etiam
1162 1841 1264 1920 hos
1295 1867 1565 1921 bonorum
1606 1841 1924 1922 sermonum
1966 1841 2294 1920 obtrectato—
2332 1841 2370 1894 Β

712 1970 801 2007 res
829 1956 1042 2009 occulta
1069 1957 1318 2026 quaedam
1345 1957 1591 2021 aﬂ‘ectio,
1620 1967 1910 2027 postquam
1938 1973 2127 2011 ansam
2159 1959 2298 2011 arri-

708 2055 973 2114 puerunt,
999 2047 1068 2102 ad
1104 2049 1302 2105 anima:
1332 2050 1729 2120 malignitatem
1765 2050 1820 2104 in
1856 2049 2136 2119 publicum
2167 2063 2296 2103 evo-

709 2138 967 2191 mendum
1011 2140 1287 2209 praecipue
1331 2140 1528 2205 irritat,
1555 2155 1678 2210 qua:
1716 2139 1935 2194 affectio
1973 2146 2126 2193 tanto
2167 2155 2295 2209 pro-

708 2230 934 2286 fundius
963 2232 1119 2286 sedet
1147 2243 1354 2302 quanto
1386 2248 1649 2301 proecssu
1682 2248 1784 2287 suo
1813 2232 2067 2287 videatur
2095 2232 2294 2287 debili-

706 2325 829 2377 tari.
859 2325 1073 2378 Etenim
1109 2342 1215 2379 non
1256 2326 1472 2381 excedit
1501 2327 1567 2380 de
1602 2324 1882 2395 profundo
1914 2340 2012 2393 per
2043 2324 2286 2378 facinora

703 2415 850 2467 edita
903 2415 1283 2484 improborum
1334 2416 1619 2469 hominum
1670 2414 1924 2480 allectio,
1973 2414 2069 2468 sed
2118 2414 2286 2467 etiam

702 2516 927 2559 externa
978 2507 1164 2561 omnia
1214 2508 1398 2562 furore
1444 2523 1545 2562 suo
1587 2508 1933 2576 depascitur,
1959 2516 2015 2562 et
2044 2522 2195 2561 suam
2231 2507 2284 2560 in

700 2600 885 2654 anima
914 2600 1101 2655 sedem
1127 2601 1550 2671 haudquaquam
1580 2600 1865 2670 relinquit.

702 2866 786 2922 Ex
817 2868 993 2921 eodem
1023 2884 1292 2932 sermone,
1319 2870 1375 2922 in
1408 2867 1543 2921 illud
1580 2884 1598 2922 :
1641 2887 1660 2918 ι
1701 2867 2157 2933 Quemadmodum
2189 2872 2285 2940 flos

772 2962 826 3012 in
861 2962 1029 3014 Iu'eme
1063 2960 1221 3030 plane
1258 2963 1671 3031 intempestiuus,
1699 2970 1748 3013 et
1780 2961 2083 3015 mulieribus
2118 2960 2286 3017 virilis

772 3059 990 3104 ornatus
1023 3050 1105 3104 vel
1132 3053 1258 3104 viris
1294 3050 1584 3114 muliebris,
1615 3057 1708 3104 aut
1746 3052 1956 3104 maerori
1987 3050 2286 3121 geometria:

770 3142 1023 3194 studium.
1064 3160 1081 3192 ι

775 3246 1161 3303 llederationis
1186 3249 1238 3303 in
1268 3250 1419 3304 omni
1447 3266 1714 3305 sermone-
1731 3248 1992 3318 omnique
2026 3248 2280 3319 negotio,

703 3352 811 3404 qua
856 3334 1291 3407 uniuscujusque
1339 3348 1395 3393 et
1439 3340 1829 3394 universorum
1879 3338 2099 3393 decoris
2146 3338 2286 3392 ratio

705 3426 917 3495 integra
949 3443 1012 3481 ac
1039 3444 1176 3498 pura
1203 3430 1609 3495 manifestatur,
1642 3448 1741 3502 per
1770 3430 2124 3485 dissimilium
2152 3445 2288 3484 enu-

702 3520 1065 3573 merationem
1101 3523 1413 3591 exemplum
1446 3538 1764 3593 proponens
1796 3524 1915 3577 haec
1946 3510 2288 3593 dicit'magi-

702 3616 838 3667 ster,
865 3609 1069 3676 quibus
1112 3620 1171 3663 ut
1214 3611 1476 3665 moderati
1521 3627 1645 3667 esse
1683 3621 1737 3667 et
1772 3613 1919 3667 cauti
1953 3612 2128 3666 velint
2163 3627 2290 3683 pro-

703 3702 841 3754 tervi
878 3710 934 3755 et
968 3702 1312 3756 immoderati
1348 3705 1663 3773 nulliusque
1697 3705 1844 3759 modi
1874 3704 2053 3775 gnari,
2080 3706 2290 3758 nullius

701 3792 923 3860 quidem
961 3794 1061 3858 rei,
1092 3794 1185 3848 sed
1225 3795 1279 3848 in
1309 3797 1504 3865 primis
1532 3797 1851 3866 disputandi
1879 3799 1946 3852 de
1974 3800 2086 3853 Deo
2115 3799 2285 3865 modi,

700 3901 893 3938 verum
925 3887 1191 3942 audacter”
1210 3898 1409 3944 cuneta
1432 3890 1805 3960 discrepantia
1830 3893 1974 3947 inter
1999 3910 2057 3947 se
2084 3901 2289 3950 temere

700 3978 1124 4034 commiscentcs
1151 3990 1315 4050 atque
1345 3982 1751 4038 confundentes
1785 3985 2042 4039 instruat.
2071 3986 2286 4041 Etenim

700 4068 744 4120 si
786 4078 984 4135 praeter
1020 4080 1273 4124 naturam
1315 4083 1401 4126 est
1444 4073 1868 4143 legitimumque
1908 4091 2093 4129 rerum
2134 4077 2287 4131 ordi-

701 4173 825 4211 nem
856 4159 955 4214 llos
985 4161 1039 4213 in
1069 4161 1250 4217 hieme
1276 4174 1576 4232 spectatus,
1605 4180 1669 4219 ac
1702 4166 2030 4221 mulieribus
2058 4178 2287 4224 ornatus

698 4251 874 4305 virilis
906 4254 1130 4309 indutus
1154 4266 1250 4311 aut
1272 4257 1407 4311 viris
1433 4258 1743 4323 muliebris,
1769 4266 1819 4312 et
1846 4259 2072 4314 maerori
2104 4271 2284 4330 aptam

699 4348 1055 4414 geometriam
1090 4348 1279 4403 dicere
1314 4348 1437 4419 (ille
1472 4350 1621 4403 enim
1656 4360 1874 4421 tempus
1907 4360 2073 4407 novat
2104 4368 2287 4409 suam.

701 4451 808 4504 que
857 4437 1186 4506 positionem
1238 4448 1295 4494 ct
1341 4441 1595 4495 ordinem
1645 4443 1924 4509 destituit,
1968 4445 2108 4500 alter
2152 4460 2286 4500 vero

2408 590 2841 661 προσκνήθονται
2864 586 3069 654 ταύτην
3100 586 3220 647 ταῖς
3247 582 3460 643 ὁπλαῖς,
3498 580 3590 634 καὶ
3624 578 3761 648 πρὸς
3792 577 3997 645 δρόμον

2407 682 2635 744 ἑαυτοὺς
2687 680 3057 749 διεγείρουσι,
3111 676 3207 729 καὶ⁹
3272 674 3373 743 τὴν
3427 670 3675 725 ὠθοῦσαν
3729 669 3995 730 πολλάκις

2408 773 2889 843 προλαμϐάνοντες
2934 769 3211 840 μάστιγα·
3244 765 3384 836 πλὴν
3424 765 3506 816 ὅτι
3535 762 3647 815 τῶν
3677 761 3864 815 ἵππων
3900 761 3994 811 οὑ-

2404 863 2516 926 δεὶς
2555 864 2787 915 ἅπτεται
2834 858 3002 927 ψόγος
3046 855 3153 909 ὑπὸ
3194 855 3294 923 τῆς
3342 851 3579 920 φυσικῆς
3622 846 3869 914 ἀλογίας,
3920 846 3996 915 μὴ

2405 954 2786 1023 ἀναμενόντων
2838 952 2963 1014 τοὺς
3008 949 3268 1010 coemo;
3310 945 3419 998 τῶν
3465 942 3692 1011 ἀγώνων
3738 939 3992 1008 καιροὺς,

2405 1045 2499 1109 οὓς
2544 1044 2896 1115 διασημαίνει
2930 1043 2965 1113 η
3005 1058 3065 1096 τε
3107 1040 3261 1108 φωνὴ
3306 1036 3407 1106 τῆς
3458 1034 3763 1101 σάλπιγγος
3813 1032 3912 1083 καὶ
3961 1030 3995 1098 ἡ

2402 1138 2502 1207 τῆς
2540 1137 2807 1207 μάστιγος
2833 1134 3040 1206 πληγὴ,
3066 1134 3181 1195 τοίς
3214 1130 3271 1183 δὲ
3297 1128 3563 1191 τοιούτοις
3599 1126 3863 1196 ἀνδράσιν
3903 1124 3995 1177 οὗ·

2401 1228 2512 1291 δείς
2546 1230 2694 1281 ἐστιν
2732 1229 2761 1279 ό
2795 1227 2932 1298 πρὸς
2955 1223 3114 1289 ἀξίαν
3146 1221 3250 1291 τῆς
3298 1220 3477 1274 αὐτῶν
3514 1218 3715 1280 κακίας
3762 1218 3990 1286 ἐπινοη-

2404 1319 2561 1380 θῆναι
2589 1319 2886 1389 δυνάμενος
2918 1317 3106 1387 ψόγος.
3142 1315 3347 1384 Ἔργον
3379 1311 3568 1383 ἔχουσι
3607 1310 3705 1362 καὶ
3749 1308 3991 1360 σπούδα-

2403 1424 2517 1476 σμα
2553 1409 2655 1479 τὴν
2693 1408 2925 1476 μελέτην
2969 1404 3066 1459 τοῦ
3118 1403 3371 1471 ψεύδους,
3432 1400 3529 1453 καὶ
3575 1399 3675 1469 τὴν
3713 1398 3857 1450 κατὰ
3892 1397 3990 1463 τῆς

2402 1500 2662 1571 ἀληθείας
2697 1501 2973 1552 ἔνστασιν.
3020 1497 3260 1556 Είκότως
3289 1495 3340 1547 οἱ
3368 1492 3605 1545 τοιοῦτοι
3630 1492 3991 1557 κνηθόμενοι

2401 1588 2517 1655 τὴν
2570 1588 2765 1654 ἀκοὴν
2819 1587 2915 1641 καί
2964 1586 3080 1652 τὴν
3126 1583 3401 1654 γλῶτταν
3455 1581 3825 1650 λεγέσθω-ταν,
3855 1579 3992 1632 διότι

2401 1680 2652 1750 καθάπερ
2699 1698 2783 1742 τις
2821 1678 2995 1749 χυμὸς
3032 1675 3366 1747 δριμύτατός
3411 1692 3472 1727 τε
3504 1675 3598 1727 καὶ
3645 1673 3989 1743 παχύτατος,

2398 1774 2475 1843 τῷ
2514 1773 2669 1842 βάθει
2698 1770 2792 1824 τοῦ
2821 1770 3073 1839 σώματος
3100 1766 3460 1837 ὲμφωλεύων,
3493 1764 3763 1827 πολλάκις
3786 1763 3992 1815 ars-.05

2399 1865 2695 1936 κνήθεσθαι
2733 1864 2869 1934 πρὸς
2896 1864 2995 1932 τὴν
3022 1864 3346 1929 ἐπιφάνειαν
3370 1858 3757 1929 ἐρεθιζόμενος
3783 1857 3990 1909 ἐκδίδοο

2392 1974 2507 2021 ται,
2539 1957 2712 2019 οὕτως
2734 1956 2829 2009 καὶ
2858 1956 2986 2018 τοὺς
3017 1953 3367 2024 ἐπηρεαστάς
3394 1950 3504 2005 τῶν
3533 1950 3715 2012 καλῶς
3749 1948 3986 2018 λεγομέ-

2392 2068 2500 2104 νων
2552 2049 2790 2121 ἐρεθίζει
2839 2047 3175 2117 λαϐομένους
3218 2044 3475 2114 ἀφορμῆς
3533 2043 3771 2113 μάλιστα
3815 2043 3989 2110 δημο-

2393 2141 2597 2195 σιεύειν
2627 2142 2729 2209 τὴν
2759 2141 2900 2193 κατὰ
2942 2139 3123 2210 ψυχὴν
3170 2136 3517 2206 κακουργίαν
3543 2138 3577 2206 ἡ
3612 2134 3983 2205 κεκρυμμένη

2388 2232 2649 2297 διάθεσις,
2688 2231 2813 2301 ἥτις
2853 2230 3109 2283 τοσοῦτον
3150 2228 3213 2283 τό
3265 2228 3427 2298 βάθος
3461 2228 3722 2299 κατέχειν
3766 2227 3985 2295 πέφυκε

2397 2326 2620 2394 μᾶλλον,
2672 2326 2795 2378 ὅσον
2834 2323 3126 2377 κενοῦσθαι
3163 2325 3233 2393 τῇ
3273 2321 3488 2392 προόδῳ
3536 2321 3684 2374 κατὰ
3723 2322 3787 2373 τὺ
3834 2318 3984 2381 εἰκὸς

2392 2416 2592 2481 ἔδοξεν.
2630 2418 2704 2471 Ui:
2754 2417 2862 2487 γὰρ
2894 2417 3176 2480 ἐξίσταται
3205 2415 3301 2468 τοῦ
3344 2414 3547 2485 βάθους
3590 2412 3987 2483 προφερομένη

2390 2508 2480 2562 διὰ
2508 2510 2613 2561 τῶν
2636 2510 2813 2581 ἔργων
2845 2510 2879 2578 ἡ
2909 2509 3020 2561 τῶν
3054 2506 3346 2578 μοχθηρῶν
3372 2505 3681 2578 ἀνθρώπων
3709 2503 3983 2565 διάθεσις,

2394 2601 2526 2653 ἀλλά
2559 2601 2651 2653 καὶ
2696 2600 2766 2653 τὰ
2810 2601 2967 2663 ἐκτὸς
3005 2601 3187 2653 πάντα
3222 2598 3468 2669 μανικῶς
3512 2597 3859 2666 ἐπινέμεται,
3888 2596 3986 2647 καὶ

2394 2691 2491 2761 τῆς
2513 2692 2653 2745 κατὰ
2677 2691 2856 2762 ψυχὴν
2886 2690 3140 2763 οὐδαμῶς
3170 2689 3449 2756 ἐξίσταται
3484 2688 3691 2759 χώρας.

2408 2870 2503 2923 Ἐκ
2532 2869 2639 2923 τοῦ
2676 2868 2864 2922 αὐτοῦ
2893 2869 3103 2936 λόγου,
3137 2868 3227 2933 εὶς
3256 2867 3347 2932 τὸ,
3385 2886 3403 2920 ι
3428 2868 3659 2934 Ὥσπερ
3696 2866 3886 2931 ἄνθος
3910 2867 3988 2920 ἐν

2464 2958 2705 3027 χειμῶνι
2733 2957 3046 3021 παντελῶς
3076 2955 3292 3023 ἄωρον,
3340 2954 3439 3008 καί
3478 2952 3719 3023 γυναιξὶ
3752 2954 3989 3022 κόσμος

2464 3049 2741 3115 ἀνδρεῖος
2767 3048 2803 3115 ἢ
2844 3046 3103 3116 ἀνδράσι
3130 3046 3492 3116 γυναικεῖος,
3518 3045 3557 3113 ἢ
3586 3044 3795 3099 πένθει
3838 3061 3986 3114 γεω-

2458 3144 2671 3212 μετρία
2695 3143 2767 3211 (9)
2780 3183 2791 3193 .
2828 3160 2844 3191 ι

2458 3255 2571 3327 Τὴν
2597 3256 2688 3307 ἐπὶ
2716 3254 2919 3316 παντὸς
2945 3252 3108 3321 λόγου
3137 3268 3197 3306 τε
3224 3250 3319 3307 καὶ
3340 3250 3669 3322 πράγματος
3700 3249 3985 3315 εὐταξίαν,

2390 3344 2510 3399 καθ’
2543 3345 2611 3415 ἢν
2642 3343 2743 3412 τῆς
2777 3342 3009 3395 ἑκάστου
3049 3342 3146 3395 καὶ
3198 3342 3420 3395 πάντων
3460 3341 3801 3410 εὐπρεπείας
3833 3342 3861 3393 ό
3891 3340 3986 3393 λό-

2393 3453 2484 3505 γος
2535 3434 2930 3504 ἀναφαίνεσθαι
2979 3435 3231 3504 πέφυκεν
3529 3434 3598 3502 α)
3642 3433 3985 3503 ἀκραιφνὴς,

2387 3528 2476 3583 διὰ
2526 3530 2623 3599 τῆς
2700 3528 2808 3580 τῶν
2868 3526 3327 3597 ἀπεμφαινόντων
3395 3524 3831 3595 ἀπαριθμήσεως
3868 3527 3986 3577 εἰσ-

2389 3621 2717 3691 ηγούμενος,
2748 3619 2925 3674 ταῦτά
2966 3635 3132 3689 φησιν
3159 3619 3189 3670 ό
3226 3617 3567 3683 διδάσκαλος,
3612 3618 3696 3670 ἵνα
3722 3617 3811 3670 διὰ
3855 3618 3984 3670 τού-

2386 3733 2494 3768 των
2538 3715 2833 3776 εὐτάκτους
2876 3711 3018 3767 εἶναι
3052 3711 3147 3765 καὶ
3189 3708 3441 3773 εὐλαϐεῖς
3471 3710 3597 3773 τοὺς
3624 3710 3850 3780 θρασεῖς
3890 3713 3987 3765 καὶ

2388 3808 2665 3869 ἀτάκτους
2695 3806 2792 3859 καὶ
2826 3806 3099 3877 μηδεμίαν
3134 3803 3292 3870 τάξιν
3328 3801 3561 3864 εἰδότας,
3610 3803 3830 3864 οὐδενος
3861 3803 3983 3871 μὲν,

2393 3898 2628 3967 μάλιστα
2671 3896 2727 3949 δέ
2775 3897 2876 3965 τῆς
2919 3895 3047 3967 περὶ
3092 3892 3226 3947 Θεοῦ
3262 3892 3576 3959 διαλέξεως,
3616 3893 3753 3946 ἀλλὰ
3794 3895 3980 3946 πάντα

2388 3988 2678 4058 τολμηρῶς
2721 3988 2975 4058 ἀλλήλοις
3021 3986 3332 4057 παμμιγῶς
3364 3986 3435 4038 τὰ
3477 3985 3741 4038 διεστῶτα
3773 3984 3981 4054 φύρον-

2388 4080 2488 4144 vi;
2516 4098 2575 4133 τε
2614 4082 2709 4133 καὶ
2756 4080 3089 4150 συγχέοντας
3137 4078 3423 4143 διδάξειεν.
3466 4078 3531 4131 El
3576 4078 3685 4148 γὰρ
3738 4078 3847 4130 τῶν
3878 4079 3983 4131 οὐκ

2388 4174 2623 4243 ἐχόντων
2650 4172 2812 4241 φύσιν
2841 4173 2981 4237 ἐστὶ,
3010 4170 3107 4224 καὶ
3137 4170 3225 4223 διὰ
3253 4169 3418 4223 τοῦτο
3459 4170 3583 4223 οὐδὲ
3606 4170 3785 4236 τάξιν,
3819 4172 3880 4224 τό
3914 4189 3979 4223 τε

2388 4264 2549 4325 ἄνθος
2610 4265 2668 4316 ἐν
2714 4262 2948 4333 χειμῶνι
2997 4262 3302 4333 ὁρώμενον,
3351 4263 3449 4315 καὶ
3492 4262 3715 4331 γυναιξὶ
3770 4262 3984 4330 κόσμος

2388 4356 2631 4427 ἀνδρεῖος
2681 4353 3136 4425 ἐπιϐεϐλημένος,
3188 4353 3286 4407 καὶ
3353 4354 3582 4425 ἀνδράσι
3644 4358 3984 4421 γυναικεῖος.

2388 4449 2482 4501 καὶ
2512 4447 2695 4500 πένθει
2739 4446 3095 4517 συνημμένην
3117 4445 3468 4516 γεωμετρίαν
3505 4445 3688 4513 λέγειν
3725 4446 3827 4515 (τὸ
3879 4448 3986 4515 μὲν

701 4527 934 4583 invicem
969 4530 1021 4583 in
1050 4531 1170 4584 viro
1199 4539 1258 4584 et
1282 4533 1515 4586 muliere
1546 4526 1815 4603 apparens
1845 4544 2097 4590 naturam
2130 4537 2285 4592 adul-

2393 4541 2497 4610 γὰρ
2538 4541 2855 4608 καινοτομεῖ
2897 4537 2987 4591 τὸν
3028 4539 3224 4608 χρόνον
3254 4540 3352 4591 καὶ
3386 4537 3487 4605 τῆς
3519 4537 3656 4599 ἰδίας
3698 4538 3985 4602 ἐξίσταται

701 4628 838 4674 terat
858 4630 914 4675 et
936 4622 1158 4676 modum
1182 4639 1249 4677 ex
1277 4633 1471 4678 natura
1505 4627 1586 4679 eis
1614 4628 2033 4683 convenientem
2061 4646 2123 4683 ac
2155 4646 2282 4699 pro-

700 4711 880 4778 prium
914 4713 1074 4775 tollit,
1105 4715 1266 4768 tertia
1297 4716 1426 4769 dum
1458 4732 1581 4786 qua:
1609 4721 1945 4773 coexsistcre
1976 4730 2280 4790 nequeunt,

698 4802 991 4871 gaudium,
1027 4803 1281 4874 inquam,
1310 4816 1370 4861 et
1409 4822 1733 4871 mmrorem,
1770 4808 1822 4863 in
1870 4825 2040 4864 unum
2085 4828 2281 4883 cogere

700 4898 894 4954 tentat,
917 4892 1169 4962 inquinat
1190 4911 1253 4950 ea
1282 4912 1511 4966 prorsus
1535 4910 1589 4952 et
1614 4900 1876 4968 perimit),
1902 4918 2083 4956 nonne
2108 4904 2281 4958 multo

698 4983 885 5051 potius
919 5000 1101 5039 sermo
1128 4987 1195 5042 de
1228 4989 1342 5042 Deo
1378 5000 1585 5045 temere
1620 5001 1675 5045 et
1702 5008 1732 5046 a
1765 4994 2013 5061 quolibet
2042 4994 2196 5049 fusus
2227 5005 2285 5050 et

698 5087 809 5139 quo
841 5072 988 5128 haud
1024 5075 1183 5131 decet
1222 5088 1471 5147 tempore
1508 5090 1565 5135 et
1598 5085 1720 5135 loco
1756 5083 1980 5152 insuper
2015 5086 2280 5153 prolatus,

699 5163 951 5220 informis
975 5175 1031 5221 et
1054 5168 1455 5225 inconveniens
1482 5174 1610 5237 erit,
1633 5183 1688 5228 et
1712 5190 2059 5244 nequaquam
2086 5177 2284 5246 dignus

695 5255 793 5323 qui
834 5255 1111 5321 audiatur,
1144 5273 1268 5312 cum
1289 5300 1303 5323 ,
1333 5270 1394 5315 ut
1425 5276 1526 5330 ego
1555 5264 1766 5328 sentio,
1798 5272 1948 5317 tanto
1979 5265 2160 5334 potius
2189 5281 2287 5319 nc-

696 5364 853 5403 cesse
892 5350 965 5404 sit
999 5350 1259 5405 idoneum
1298 5353 1365 5407 de
1404 5354 1514 5407 Deo
1549 5354 1858 5409 disserendi
1896 5362 2113 5425 tempus
2148 5356 2286 5410 deli-

698 5451 831 5510 gant
858 5443 1181 5512 prudentes,
1208 5454 1414 5513 quanto
1448 5448 1500 5500 in
1539 5448 1704 5502 rebus
1737 5449 1894 5516 plane
1924 5448 2283 5518 discrepanti-

697 5532 806 5587 bus
843 5535 1167 5605 nullumque
1210 5539 1599 5593 commercium
1644 5540 1787 5594 inter
1825 5556 1882 5594 se
1928 5541 2280 5604 habentibus,

699 5639 839 5692 quas
876 5623 1331 5683 commemoravit
1366 5629 1648 5701 magister.
1678 5632 2031 5701 geometriam
2074 5647 2101 5685 a
2148 5648 2283 5688 mu:-

2388 4633 2612 4695 θέσεως,
2650 4631 2679 4683 ὀ
2710 4630 2766 4683 δὲ
2792 4630 3211 4701 παραχαράττει
3242 4629 3343 4701 τὴν
3383 4630 3547 4698 φύσιν
3590 4630 3842 4697 ἐναλλὰξ,
3886 4635 3981 4685 ἀν-

2386 4723 2473 4794 δρί
2519 4740 2581 4775 τε
2634 4724 2729 4777 καὶ
2781 4723 3003 4791 γυναικὶ
3052 4722 3494 4791 ἐπιφαινόμενος,
3530 4723 3625 4776 καὶ
3666 4723 3766 4793 τὴν
3791 4726 3984 4789 αὐτοῖς

2387 4813 2702 4882 προσοῦσαν
2744 4814 2810 4865 ὲκ
2843 4810 3061 4880 φύσεως
3090 4812 3246 4878 τάξιν
3275 4812 3572 4882 ἐξίστησιν,
3600 4814 3632 4882 ἡ
3666 4813 3724 4865 δὲ
3764 4816 3837 4866 τὰ
3873 4832 3980 4884 μη-

2387 4903 2534 4956 δέπω
2562 4903 2927 4973 συνυπάρχειν
2950 4900 3200 4971 ἀλλήλοις
3230 4901 3528 4972 δυνάμενα,
3547 4903 3722 4971 χαράν
3743 4902 3806 4955 τὲ
3835 4920 3985 4973 φημι

2388 4997 2481 5047 καὶ
2511 4994 2727 5058 πένθος,
2762 4996 2842 5057 εἰς
2869 4993 2927 5047 ἓν
2959 4995 3191 5062 ἀγαγεῖν
3228 4993 3527 5064 βιαζομένη
3558 4992 3721 5063 φύρει
3751 4994 3987 5057 πάντως

2388 5087 2483 5139 καὶ
2514 5086 2769 5155 ἀφανίζει
2789 5086 2829 5156 ),
2861 5087 2920 5139 οὐ
2954 5085 3136 5156 πολλῷ
3170 5085 3372 5156 μᾶλλον
3402 5087 3431 5138 ό
3456 5086 3585 5154 ’περί⁵
3630 5084 3767 5137 Θεοῦ
3798 5084 3985 5153 λόγος,

2389 5179 2461 5241 ὡς
2490 5178 2647 5248 ἔτυχε
2677 5179 2771 5231 καὶ
2798 5178 2905 5231 ὑπὸ
2934 5177 3026 5231 τοῦ
3062 5178 3344 5248 τυχόντος,
3373 5178 3465 5230 καὶ
3491 5176 3655 5247 ἡνίκα
3687 5178 3782 5229 καὶ
3814 5172 3875 5230 οὗ
3910 5179 3987 5247 μὴ

2391 5270 2631 5340 καθῆκον
2672 5270 2750 5322 ἔτι
2785 5271 3220 5341 προφερόμενος,
3258 5268 3446 5339 ἀειδὴς
3484 5268 3639 5323 ἔσται
3675 5270 3771 5323 καὶ
3800 5271 3984 5337 ἀπρεο

2393 5361 2517 5431 ττὴς,
2553 5362 2645 5415 καὶ
2678 5362 2787 5414 οὐδ’
2814 5363 2955 5425 ὅλως
2983 5363 3315 5435 ἀκουσθῆναι
3354 5361 3485 5434 περὶ
3523 5363 3657 5416 Θεοῦ
3690 5362 3862 5428 ἄξιος,
3896 5363 3986 5431 ἐφ’

2388 5450 2449 5506 οὗ
2484 5453 2683 5523 μᾶλλον
2719 5453 2974 5508 τοσοῦτον
3012 5455 3220 5509 τιθέναι
3268 5455 3382 5508 δεῖν
3423 5452 3579 5524 οἶμαι
3624 5455 3684 5507 τὸ
3716 5455 3985 5525 εὔκαιρον

2387 5543 2515 5603 τοὺς
2568 5542 2693 5595 νοῦν
2736 5542 2979 5611 ἔχοντας,
3012 5543 3137 5596 ὅσον
3185 5544 3406 5597 πάντων
3453 5543 3807 5612 ἀσυγκρίτως
3842 5560 3985 5615 προ-

2385 5635 2758 5705 ϐεϐλημένων,
2791 5635 2975 5690 πένθει
2999 5636 3055 5690 δὲ
3082 5636 3428 5707 γεωμετρίαν
3465 5636 3821 5708 ἁνὶρμοττόν
3856 5652 3983 5705 φη-

772 5786 847 5853 (9)
891 5786 1037 5841 Idem
1091 5788 1214 5842 ibid.
1258 5802 1377 5859 cap.
1418 5790 1472 5858 -1,
1515 5806 1568 5861 p.
1604 5791 1724 5844 illi).
1772 5802 1900 5847 tom.
1945 5792 1984 5859 Ι,
2017 5789 2153 5861 Opp.
2191 5791 2279 5847 ed.
2322 5791 2529 5848 llened.
