4192 6434
223 347 363 415 1218

1459 354 1973 422 AMBIGUORUM
2012 364 2261 426 LIBER.

3331 369 3468 438 1216

218 486 304 521 σιν
333 471 362 521 ὁ
390 466 729 532 διδάσκαλος.
776 468 836 521 '0
885 465 941 518 δὲ
990 466 1191 537 μᾶλλον
1240 469 1468 541 άπορεῖν
1517 474 1662 541 ὑμᾶς
1707 490 1803 525 πε-

1907 490 2025 530 rore
2064 474 2333 531 dissidere
2373 478 2470 531 ait.
2504 477 2604 532 llic
2643 486 2829 535 autem
2871 492 3042 551 magis
3082 480 3355 550 hesitare,
3388 487 3463 541 uti

217 557 475 628 ποίηκεν,
521 557 596 620 ὡς
645 554 817 629 οἶμαι,
868 559 1011 612 κατά
1054 558 1295 612 τοιούσδε
1344 562 1666 633 τρόπους,ἢ
1712 566 1794 616 ὅτι

214 665 326 719 περ
370 651 419 702 οἱ
461 648 645 719 χώρας
690 650 840 713 τινὸς
867 649 954 701 διὰ
992 651 1388 720 στρατιωτικῆς
1420 654 1797 723 κρατήσαντες

210 744 402 814 χειρὸς
443 744 757 815 γεωμετρίᾳ
802 744 1008 813 ταύτην
1090 746 1590 817 καταδιαιροῦνται,
1632 750 1797 821 ἡνίκα

217 836 499 907 βασιλείας
527 837 677 907 νόμῳ
709 840 932 907 κρατεῖν
972 840 989 906 (
1019 837 1177 906 183
1209 837 1277 907 ὁ)
1317 838 1569 903 ἐθέλωσι,
1622 842 1796 911 χαρᾶς

216 932 275 984 δὲ
303 932 401 985 καὶ
428 932 619 1001 χρῆμα
655 933 933 1002 μέγιστον,
956 934 1152 1002 χαρᾶς,
1183 936 1297 995 τοῖς
1334 935 1471 1002 μόνα
1491 935 1562 987 τά
1590 936 1795 1006 παρόνο

216 1038 290 1075 τα
326 1021 748 1091 μεταδιώκουσιν
787 1024 992 1089 ἀγαθὰ,
1020 1024 1113 1075 καὶ
1139 1024 1200 1075 τὸ
1226 1024 1452 1093 νικητὰς
1480 1026 1679 1089 αὐτοὺς
1706 1043 1798 1092 γε·

218 1114 432 1177 νέσθαι,
468 1114 561 1167 καὶ
590 1113 818 1166 πλοῦτον
851 1113 1046 1184 ἀθρόον
1078 1114 1406 1184 κτήσασθαι,
1443 1110 1525 1178 οἷς
1565 1118 1627 1170 τὸ
1657 1118 1797 1169 οίον-

216 1204 315 1257 οὖν
360 1204 555 1267 πένθος
602 1207 838 1259 συνεῖναι
890 1206 1206 1275 ἀμήχανον·
1243 1206 1277 1275 ἢ
1308 1207 1491 1278 ἐπειδή
1542 1200 1705 1276 φασιν
1747 1210 1797 1261 oi

216 1296 352 1367 περὶ
385 1294 559 1349 ταῦτα
586 1296 753 1350 δεινοὶ
789 1296 914 1357 τοὺς
956 1297 1396 1364 άναγκαστικοὺς
1441 1298 1581 1361 ἰδίως
1610 1298 1799 1351 συλλο-

213 1390 455 1459 γισμοὺς
491 1390 732 1460 άνῆφθαι
766 1393 833 1460 τῇ
874 1393 1212 1463 γεωμετρίᾳ,
1245 1394 1501 1463 φορτικός
1531 1411 1614 1456 τις
1652 1393 1796 1447 εικό-

214 1499 330 1544 τως
370 1481 691 1551 ὀφθήσεται,
750 1482 844 1535 καὶ
882 1482 941 1534 τὸ
986 1482 1227 1552 καθῆκον
1268 1483 1343 1553 μὴ
1400 1483 1663 1553 συνορῶν,
1708 1485 1798 1537 τὸν

216 1572 522 1625 πενθοῦντα
559 1573 1007 1643 συλλογιζόμενος
1062 1575 1156 1627 καὶ
1212 1574 1422 1642 ἀλόγως
1464 1574 1628 1627 αὑτὸν
1672 1592 1800 1627 πεν-

216 1663 418 1716 θοῦντα
456 1664 627 1728 δεῖξαι
683 1662 1054 1733 πειρώμενος·
1102 1665 1134 1733 ἢ
1184 1664 1346 1735 τυχὸν
1402 1665 1497 1718 καὶ
1524 1664 1672 1733 αὐτῴ
1718 1664 1797 1734 τῷ

216 1754 507 1808 πενθοῦντι
546 1754 679 1825 φαίη
720 1771 806 1817 τις
841 1755 1183 1828 ἀνάρμοστον
1227 1751 1367 1808 εἶναι
1397 1756 1457 1809 τὸ
1497 1756 1799 1823 συλλογίζε-

216 1846 364 1907 σθαι,
399 1846 714 1918 πιθανότητι
768 1847 939 1915 λόγων
994 1848 1185 1901 ἑαυτὸν
1252 1848 1644 1918 μηχανώμενος
1677 1848 1795 1900 πεί-

217 1936 339 1990 θειν
364 1937 442 2001 ὡς
470 1938 530 1991 οὐ
564 1938 801 1991 πέπονθε
837 1940 937 2006 τὴν
969 1937 1116 2007 ἔργῳ
1143 1937 1238 1990 καὶ
1266 1939 1555 2010 πράγματι
1588 1935 1797 2005 συμϐάν

218 2046 320 2082 σαν
350 2029 499 2098 αύτῷ
527 2030 836 2101 συμφορὰν,
877 2030 910 2100 ἢ
946 2030 1038 2081 καὶ
1068 2029 1218 2099 αύτῷ
1244 2029 1321 2098 τῷ
1348 2029 1556 2091 πένθει,
1585 2030 1703 2098 ἢτοι
1731 2030 1794 2096 τῇ

214 2120 415 2173 τούτου
452 2120 633 2189 φύσει,
678 2120 958 2182 παντελῶς
1007 2119 1270 2172 ἐναντίον.
1313 2117 1663 2189 Ἐκκρούεται
1691 2117 1796 2189 γάρ

222 2211 417 2282 ὥσπερ
460 2212 521 2265 τὸ
578 2211 774 2273 πένθος
806 2213 834 2264 ὀ
873 2210 1089 2263 πενθῶν
1125 2210 1599 2280 συλλογιζόμενος,
1657 2209 1799 2261 οὕτω

218 2306 321 2357 καὶ
346 2304 406 2357 τὸ
435 2303 631 2365 πένθος
654 2302 745 2357 τοῦ
796 2300 933 2357 εἶναι
963 2303 1158 2366 πένθος
1192 2302 1473 2366 ἐκπίπτει,
1502 2301 1639 2372 πρὸς
1674 2300 1799 2353 συλ-

217 2395 481 2464 λογισμὸν
547 2395 990 2466 μετατιθέμενος.
1034 2393 1351 2447 Ἀποῦαλὼν
1408 2393 1520 2464 γάρ
1565 2410 1651 2455 τις
1703 2391 1795 2443 τὸν

220 2488 302 2547 εἱς
336 2487 393 2537 ὃν
421 2485 521 2548 τὰς
556 2485 776 2545 ἐλπίδας
816 2481 929 2555 εἶχε
964 2485 1061 2555 τῆς
1099 2484 1375 2554 διαδοχῆς,
1414 2482 1652 2553 περιττὰ
1691 2482 1801 2535 λοι-ι

222 2578 325 2629 πον
360 2579 575 2647 ἡγεῖται
605 2578 672 2629 τὰ
704 2577 828 2647 τῇδε
868 2577 1066 2631 πάντα.
1109 2576 1221 2629 Καὶ
1256 2574 1401 2629 κατὰ
1439 2573 1627 2628 τοῦτον
1676 2574 1805 2637 ἴσως

220 2670 315 2721 τὸν
338 2668 539 2739 τρόπον
565 2668 664 2720 οὐκ
690 2668 792 2733 ἔξω
822 2668 982 2735 λόγου
1014 2667 1147 2737 φαίη
1195 2685 1277 2728 τις
1309 2663 1447 2719 εἷναι
1480 2667 1551 2719 τὰ
1594 2666 1804 2738 θεωρη-

224 2762 409 2825 θέντα,
446 2763 608 2830 γνοὺς
643 2763 719 2831 μή
739 2761 1001 2815 δύνασθαι
1036 2760 1358 2830 συμϐαίνειν
1390 2759 1641 2830 ἀλλήλοις
1666 2757 1809 2811 κατά

222 2853 284 2905 τὺ
300 2853 432 2906 αὐτὸ
450 2854 551 2923 τὴν
571 2854 747 2924 χαράν
760 2853 852 2907 καὶ
874 2853 935 2906 τὸ
957 2852 1169 2916 πένθος,
1188 2852 1286 2921 τῆς
1304 2850 1573 2922 ἑκατέρου
1599 2868 1809 2920 ποιητι-

225 2945 330 3012 κῆς
358 2945 535 3007 αἰτίας
563 2946 663 2998 οὐκ
682 2947 744 2997 ἐκ
777 2945 884 2997 τῶν
907 2943 1085 2997 αὐτῶν
1116 2942 1544 3014 άρχῶνέχούσης
1569 2942 1808 3011 δηλονότι

226 3036 326 3096 τὰς
380 3035 653 3103 ἀφορμάς.
680 3033 789 3086 Καὶ
828 3033 1033 3087 τούτων
1066 3035 1275 3103 μάρτυς
1313 3032 1571 3102 ἐχέγγυος
1597 3032 1627 3083 δ
1661 3032 1810 3099 ἅγιος

1896 568 2135 632 videtur,
2169 584 2265 623 vos
2289 568 2420 624 fecit
2451 570 2600 625 hisce
2632 572 2807 626 modis
2838 590 2851 625 :
2885 574 2994 639 vel,
3018 574 3167 644 quod
3198 575 3292 645 qui
3322 576 3470 630 mili-

1898 660 1999 713 tari
2046 676 2208 715 ntanu
2256 662 2535 732 regionem
2581 664 2821 733 aliquam
2863 675 3306 736 occupaverunt,
3337 683 3469 737 geo-

1896 748 2105 817 metria!
2146 764 2247 817 ope
2289 750 2653 819 dispertiunt,
2693 767 2819 806 eum
2864 755 3013 823 regni
3057 755 3176 825 lege
3215 756 3467 811 obtinere

1895 836 2189 901 voluerint,
2220 832 2418 891 sumini
2454 839 2637 910 gaudii
2669 856 2801 895 vero
2831 843 3109 910 negotium
3144 860 3286 908 esse,
3314 854 3465 901 certe

1895 926 2079 997 gaudii
2120 929 2201 983 eis
2240 929 2334 999 qui
2375 930 2491 985 sola
2532 933 2822 1000 praesentia
2866 943 3167 1005 sequantur
3201 937 3373 1004 bona,
3410 945 3467 992 et

1896 1021 2208 1089 superiores
2238 1021 2375 1087 fieri,
2401 1030 2457 1076 et
2485 1021 2705 1079 divitias
2733 1025 2938 1095 spissas
2966 1039 3310 1098 comparare,
3340 1044 3466 1084 cum

1896 1111 2098 1180 quibus
2123 1112 2426 1167 commodis
2447 1114 2842 1185 qualiscunque
2872 1132 3078 1173 maror
3098 1118 3326 1190 junctus
3345 1135 3467 1176 esse

1897 1220 2005 1259 non
2031 1207 2243 1275 possit:
2268 1206 2377 1271 vel,
2399 1222 2525 1261 cum
2553 1207 2647 1277 qui
2676 1208 2733 1262 in
2757 1207 2859 1264 bac
2881 1226 2939 1266 re
2966 1210 3132 1281 periti
3157 1220 3288 1266 sunt
3306 1211 3469 1283 syllo-

1896 1296 2099 1365 gismos
2134 1298 2355 1367 proprie
2390 1298 2669 1354 coactivos
2709 1300 2876 1355 tribui
2910 1303 3225 1372 geometria:
3259 1303 3465 1368 dicant,

1897 1389 2079 1444 fatuus
2100 1391 2296 1444 merito
2317 1389 2617 1456 videbitur,
2640 1398 2695 1445 et
2718 1392 2850 1462 quid
2879 1392 3071 1447 deceat
3093 1409 3283 1463 parum
3308 1395 3470 1449 intel-

1896 1483 2089 1553 ligens,
2108 1483 2200 1552 qui
2224 1482 2290 1536 ad
2316 1482 2493 1552 ipsum
2517 1492 2839 1556 maerentem
2863 1483 3137 1553 applicato
3156 1485 3468 1555 syllogismo

1897 1576 2078 1643 inepte
2117 1590 2242 1628 eum
2287 1589 2522 1629 mmrcre
2564 1575 2799 1643 probare
2841 1584 3072 1629 conatus
3111 1573 3275 1629 fuerit
3325 1593 3337 1627 :
3382 1575 3465 1628 vel

1898 1666 2127 1719 fortasse
2167 1665 2330 1718 etiam
2378 1665 2447 1717 ah
2499 1666 2618 1734 ipso
2660 1682 2929 1730 maerore,
2963 1666 3014 1720 id
3062 1676 3146 1722 est
3191 1682 3223 1721 a
3272 1675 3467 1721 natura

1897 1759 2047 1828 ejus,
2078 1757 2378 1811 abhorrere
2423 1757 2619 1825 aliquis
2662 1757 2893 1822 dixerit,
2926 1772 3030 1811 nec
3067 1756 3362 1812 convenire
3409 1766 3471 1811 ut

1898 1848 1989 1917 qui
2045 1854 2245 1902 mcerct
2298 1846 2639 1915 syllogismos
2694 1848 2914 1919 colligat
2972 1864 3036 1902 ac
3095 1848 3472 1917 probabilibus

1898 1938 2204 1994 rationibus
2237 1938 2341 1993 sibi
2379 1939 2707 2009 persuadere
2738 1947 2911 1993 tentet
2936 1956 3125 1994 casum
3153 1939 3246 2009 qui
3280 1953 3470 1993 revera

1896 2030 2161 2085 acciderit
2187 2031 2291 2085 sibi
2324 2046 2432 2085 non
2462 2030 2747 2085 accidisse.
2772 2029 3060 2097 Quomodo
3087 2030 3236 2085 enim
3264 2044 3473 2086 maeror

1898 2140 1963 2177 ex
1978 2140 2044 2178 eo
2066 2123 2487 2194 expelliturqui,
2511 2123 2640 2178 dum
2659 2132 2876 2184 niteret.
2905 2123 3261 2178 ratiocinatur
3287 2133 3343 2178 et
3365 2123 3473 2194 syl-

1901 2215 2146 2284 logismis
2174 2230 2395 2284 operam
2426 2215 2540 2277 dat,
2569 2215 2643 2268 ita
2676 2216 2840 2268 etiam
2880 2230 3082 2269 maeror
3118 2230 3324 2271 maeror
3353 2230 3472 2269 esse

1902 2305 2132 2367 desinit,
2160 2320 2285 2359 cum
2330 2304 2395 2357 ad
2441 2305 2814 2374 syllogismum
2850 2320 2909 2360 se
2949 2304 3225 2359 transfert.
3256 2304 3393 2359 Nam
3429 2305 3475 2360 si

1903 2398 2029 2466 quis
2055 2411 2183 2449 cum
2214 2394 2396 2448 amisit
2432 2394 2488 2448 in
2522 2409 2632 2463 quo
2664 2409 2816 2464 spem
2852 2394 3216 2449 successionis
3243 2394 3477 2449 colloca-

1905 2498 2086 2552 vcrat,
2129 2487 2402 2558 superflua
2446 2487 2550 2541 sibi
2595 2496 2651 2541 et
2688 2502 2823 2541 vana
2866 2486 2982 2542 haec
3029 2495 3247 2541 terrena
3292 2486 3475 2540 omnia

1907 2581 2152 2636 habebit.
2186 2581 2253 2634 Et
2291 2580 2396 2633 hoc
2436 2578 2668 2633 fortasse
2706 2578 2870 2633 modo
2916 2578 3062 2633 haud
3106 2578 3404 2632 abhorrere
3445 2594 3475 2631 a

1909 2674 2119 2727 ratione
2157 2672 2357 2740 aliquis
2392 2670 2593 2724 dixerit
2626 2686 2690 2724 ea
2725 2686 2846 2739 qua:
2879 2668 3230 2738 contemplati
3265 2683 3475 2732 sumus,

1908 2766 1952 2820 si
1988 2763 2303 2818 meminerit
2328 2778 2437 2816 non
2467 2776 2627 2832 posse
2655 2776 2763 2814 una
2792 2759 3109 2831 contingere
3136 2759 3394 2830 gaudium
3422 2766 3480 2812 et

1912 2870 2234 2917 maerorem,
2266 2869 2390 2908 cum
2437 2853 2725 2921 utriusque
2770 2850 3011 2905 efﬁciens
3049 2866 3212 2905 causa
3256 2866 3365 2904 non
3411 2865 3479 2903 ex

1912 2948 2115 3003 eisdem
2140 2945 2427 3016 principiis
2459 2944 2703 3014 profecta
2735 2943 2824 2998 sit.
2850 2941 3020 3013 Cujus
3057 2942 3134 2996 rei
3168 2956 3397 3011 sponsor
3422 2949 3479 2996 et

1921 3040 2076 3095 testis
2106 3037 2266 3091 nobis
2294 3044 2378 3090 est
2403 3042 2624 3089 sanctus
2650 3042 2707 3088 et
2731 3033 2915 3088 divina
2947 3033 3163 3102 sapiens
3192 3031 3482 3104 Dionysius

228 3126 325 3178 καὶ
353 3125 595 3209 θεύφρων
635 3126 906 3188 Διονύσιος
934 3127 963 3179 ὁ
1014 3125 1429 3195 ’Λρεοπαγίτης,
1494 3124 1691 3177 οὑτωσὶ
1732 3124 1803 3176 δι-

1916 3130 2264 3201 Areopagita,
2290 3129 2383 3199 qui
2411 3128 2478 3182 de
2507 3127 2753 3198 angelica
2783 3126 3154 3196 descriptione
3182 3126 3255 3179 ita
3278 3124 3483 3179 edissen

227 3216 388 3280 ιξιὼν
408 3218 651 3288 περὶτῆς
670 3218 967 3287 ἀγγελικῆς
989 3216 1402 3287 είκονογραφίας
1424 3233 1466 3266 ἰ
1496 3216 1578 3268 Τά
1608 3216 1663 3268 δὲ
1684 3232 1817 3283 γεω-

234 3310 469 3380 μετρικά
522 3309 614 3362 καὶ
661 3308 950 3362 τεκτονικά
992 3308 1184 3379 σκεύη,
1215 3307 1276 3359 τὸ
1304 3306 1691 3376 θεμελιωτικὸν
1723 3320 1816 3373 καὶ

226 3400 567 3470 οἰκοδομικὸν
588 3401 682 3454 καὶ
704 3400 1067 3463 τελειωτικδν,
1086 3400 1180 3452 καὶ
1196 3399 1295 3451 ὅσα
1321 3398 1456 3451 ἄλλα
1482 3398 1581 3467 τῆς
1597 3398 1813 3464 ἀναγω-

228 3491 329 3559 γοῦ
364 3493 455 3547 καὶ
477 3492 905 3563 ἐπιστρεπτικῆς
957 3495 1071 3544 ἐστι
1115 3491 1222 3543 τῶν
1242 3489 1545 3560 δευτέρων(
1568 3488 1726 3560 184,
1748 3489 1809 3558 a)

230 3585 491 3655 προνοίας
519 3584 652 3652 (l0).
678 3604 696 3636 ι
726 3583 913 3638 Ταῦτα
953 3583 1009 3635 δὲ
1043 3584 1221 3636 πάντα
1263 3583 1495 3653 φαιδρὰν
1544 3582 1813 3636 ἐνδείκνυ-

229 3692 323 3727 ται
360 3674 659 3745 διαγωγὴν,
700 3669 844 3747 ᾗτινι
878 3673 1094 3736 πάντως
1119 3673 1181 3725 τὸ
1208 3673 1401 3735 πένθος
1426 3674 1687 3737 ἐναντίον,
1718 3674 1809 3725 καὶ

229 3764 324 3816 διά
361 3764 518 3816 τοῦτο
555 3763 921 3833 ἀνάρμοστον.
955 3763 1016 3814 Ei
1050 3760 1107 3814 δὲ
1142 3761 1238 3815 καὶ
1267 3762 1443 3825 ἄλλως
1474 3761 1622 3814 ἔστιν
1652 3762 1810 3813 ἐκλα-

232 3855 351 3907 ϐεῖν
391 3856 480 3907 τὸν
531 3856 714 3918 τόπον,
766 3856 867 3908 ούκ
919 3855 1169 3925 ἄκαιρον,
1193 3850 1332 3907 εἶναι
1362 3855 1588 3925 νομίζω,
1624 3855 1717 3906 καὶ
1750 3854 1810 3905 τὸ

230 3946 328 3998 τοῦ
366 3946 535 4018 Σιράχ
576 3944 752 4016 Ἰησοῦ
799 3943 1117 4016 προσθεῖναι
1148 3948 1263 4007 τοῖς
1294 3946 1620 4015 εἰρημένοις.
1655 3946 1808 3997 Ἐστι

230 4036 290 4087 δὲ
327 4037 483 4089 τοῦτο
503 4052 515 4065 ·
545 4038 823 4090 Μουσικὰ
855 4037 925 4089 ἐν
956 4035 1192 4099 πένθει,
1224 4035 1467 4104 ἄκαιρος
1508 4035 1805 4105 διήγησις.

245 4129 333 4190 Ὠς
364 4124 458 4180 οὖν
490 4129 589 4198 τῆς
636 4128 902 4197 μουσικῆς
951 4129 1129 4193 πάσας
1164 4128 1523 4198 περιεχούσης
1551 4127 1649 4189 τὰς
1678 4143 1806 4179 παι-

232 4220 465 4282 δεύσεις,
490 4214 565 4272 ὧν
592 4220 722 4289 μίαν
754 4220 889 4287 φασὶ
929 4220 1026 4291 τὴν
1060 4220 1403 4291 γεωμετρίαν
1437 4220 1484 4271 οί
1516 4218 1644 4289 περὶ
1671 4218 1803 4271 ταῦ-

233 4329 305 4364 τα
344 4311 440 4381 τὴν
476 4311 713 4380 σπουδὴν
738 4312 1053 4381 ἐσχηκότες,
1081 4312 1273 4365 τούτου
1299 4313 1479 4381 χάριν,
1519 4310 1594 4373 ὡς
1627 4306 1803 4378 οἶμαι,

240 4402 651 4472 συμφερόμενος
681 4401 756 4471 τῷ
785 4402 883 4472 τὴν
906 4402 1313 4472 προρρηθεῖσαν
1342 4402 1621 4472 ὲκθεμένῳ
1645 4402 1806 4471 ῥῆσιν

239 4495 266 4546 ὁ
295 4494 613 4555 διδάσκαλος
660 4494 1001 4563 ἀνάρμοστον
1053 4496 1157 4561 ἔφη
1193 4494 1271 4563 τῷ
1314 4493 1499 4547 πένθει
1538 4493 1635 4563 τὴν
1670 4509 1809 4561 γεωο

242 4584 487 4655 μετρίαν.
542 4586 600 4636 Εἰ
656 4586 711 4637 δέ
756 4601 838 4646 τις
902 4584 1070 4652 φαίη,
1119 4585 1183 4637 Τί
1223 4584 1423 4655 δήποτε
1470 4583 1568 4645 τὰς
1619 4582 1809 4644 λοιπάς

239 4677 434 4748 παρεὶς
463 4678 771 4740 παιδεύσεις
802 4676 1005 4746 ταύτην
1055 4678 1221 4747 μόνην
1249 4676 1322 4739 ὡς
1370 4676 1706 4745 ἀνάρμοστον
1738 4674 1813 4743 τῷ

239 4768 424 4822 πένθει
460 4770 795 4841 παρείληφες
829 4769 1007 4838 φαμὲν
1030 4771 1111 4822 ὃτι
1146 4768 1348 4835 ταύτην
1378 4767 1647 4835 ἐσκόπησε
1686 4781 1815 4818 κατ-

239 4860 466 4930 άλληλον
501 4856 639 4914 εἶναι
678 4861 879 4922 πάσαις
935 4863 1055 4923 ταῖς
1082 4858 1490 4930 προλεχοείσαις
1521 4856 1814 4917 ἐπιϐολαῖς.

245 4953 475 5005 Ἔπειτα
516 4952 571 5004 δὲ
624 4952 717 5004 καὶ
753 4950 842 5003 διὰ
885 4951 1086 5020 ταύτης
1120 4951 1218 5018 τῆς
1256 4951 1384 5020 μιᾶς
1428 4950 1521 5001 καὶ
1555 4951 1610 5001 αἱ
1639 4949 1818 4999 λοιπαὶ

245 5041 635 5112 συνεκδοχικῶς
682 5041 1240 5111 συμπαρεὶήφοησαν.
1286 5040 1469 5093 Ταῦτα
1528 5040 1645 5110 μὲν,
1694 5039 1814 5088 κατ’

242 5134 343 5204 ἐμὲ
375 5135 560 5204 φάναι,
596 5135 855 5206 λελέχθω.
904 5137 965 5189 ΕΞ
1002 5135 1057 5188 δέ
1088 5152 1169 5197 τις
1201 5134 1258 5187 τὸ
1300 5137 1547 5204 κρεῖττον
1578 5130 1810 5201 ἐξεύροι,

244 5226 564 5295 ὁμολογήσω
610 5227 770 5297 χάριν
806 5228 912 5281 τῶν
948 5226 1301 5297 ἠγνοημένων
1347 5225 1476 5296 παρ’
1507 5223 1671 5279 αὐτοῦ
1715 5223 1814 5294 τὴν

248 5318 447 5388 γνῶσιν
480 5319 678 5373 λαϐὼν.

328 5595 357 5635 δ
395 5595 560 5650 Eccli.
595 5613 722 5659 χχιι,
753 5598 803 5651 6.

1919 3224 1989 3277 rit
2019 3239 2032 3274 :
2068 3241 2085 3271 ι
2117 3219 2460 3275 Geometricn
2488 3227 2668 3274 autem
2695 3225 2857 3287 atque
2881 3216 3093 3272 fabrilia
3121 3216 3483 3271 instrumenta

1917 3313 2179 3368 fundandi
2205 3319 2262 3366 et
2283 3309 2589 3366 aedificandi
2616 3307 3044 3378 absolvendique
3070 3307 3405 3370 facultatem,
3428 3316 3486 3361 et

1916 3418 2257 3473 quaecunque
2306 3401 2412 3456 alia
2456 3398 2826 3454 subductricis
2873 3406 2929 3452 et
2974 3396 3311 3452 deductricis
3356 3405 3484 3450 sunt

1916 3497 2238 3550 inferiorum
2270 3492 2648 3565 providentiae.
2684 3510 2699 3540 ι
2742 3489 2872 3555 Qua:
2906 3488 3090 3561 omnia
3124 3488 3297 3542 hilare
3332 3502 3488 3541 mon-

1915 3597 2092 3647 strant
2130 3588 2464 3649 institutum,
2491 3584 2578 3639 cui
2617 3584 2776 3653 plane
2818 3581 3146 3636 adversatur
3183 3595 3407 3643 maeror,
3431 3589 3488 3633 et

1912 3682 2163 3736 dissidet.
2194 3678 2302 3733 Sed
2339 3677 2504 3731 etiam
2540 3675 2585 3730 si
2622 3675 2783 3728 aliter
2818 3672 2998 3726 locum
3031 3670 3279 3739 accipere
3308 3676 3484 3739 potes,

1913 3772 2057 3828 haud
2101 3782 2278 3825 tamen
2322 3769 2754 3837 inopportunum
2788 3779 2907 3818 esse
2941 3777 3063 3816 reor
3092 3761 3256 3815 etiam
3295 3758 3485 3814 Sirach

1909 3866 2039 3921 Jcsu
2085 3864 2166 3919 eis
2208 3877 2329 3931 qua:
2375 3858 2737 3913 disseruimus
2782 3870 3060 3925 apponere
3110 3852 3340 3908 dictum.
3388 3851 3488 3906 Est

1911 3965 2091 4010 autem
2152 3950 2255 4007 hoc
2312 3969 2327 4005 :
2387 3950 2586 4005 Husica
2645 3949 2699 4001 in
2760 3945 2901 4000 luctu
2956 3954 3031 4000 est
3091 3944 3486 4015 intempestivus

1909 4065 2080 4102 sermo
2099 4046 2149 4101 ἀ.
2176 4045 2315 4100 Cum
2355 4043 2518 4113 igitur
2554 4041 2762 4095 musica
2796 4054 2989 4093 omnes
3023 4037 3343 4107 disciplinas
3374 4036 3487 4090 cir-

1909 4138 2327 4207 cumpleclatur,
2360 4148 2591 4203 quarum
2635 4147 2800 4185 nnam
2838 4147 2959 4185 esse
3000 4130 3355 4201 geometriam
3396 4127 3484 4182 die

1909 4239 2044 4284 cunt
2074 4229 2168 4298 qui
2190 4228 2243 4281 in
2267 4228 2332 4280 i’s
2348 4226 2512 4279 rebus
2542 4224 2785 4278 studium
2805 4230 3132 4292 posuerunt,
3166 4228 3478 4290 propterea,

1912 4332 1971 4378 ut
2008 4333 2163 4392 puto,
2195 4319 2455 4390 magister
2491 4316 2818 4392 supradictae
2854 4315 3004 4368 vocis
3047 4314 3491 4383 interpretationi

1911 4414 2214 4469 assentiens
2253 4408 2609 4481 geometriam
2654 4424 2682 4460 a
2728 4421 2966 4460 mmrore
3011 4403 3280 4459 dissidere
3326 4404 3487 4457 dixit.

1917 4503 2023 4558 Sed
2052 4503 2096 4557 si
2124 4496 2250 4571 quis
2280 4500 2425 4553 dicat
2459 4518 2470 4551 :
2505 4498 2643 4564 Quid
2684 4496 2903 4550 tandem
2939 4495 3153 4550 cazteris
3186 4492 3494 4563 disciplinis

1917 4594 2137 4649 omissis
2175 4593 2316 4646 hanc
2356 4591 2525 4669 solam
2566 4598 2823 4657 tanquam
2866 4587 3321 4656 incongruentem
3366 4600 3491 4640 cum

1922 4702 2157 4741 maerore
2205 4682 2541 4753 composuit,
2578 4680 2977 4750 respondemus
3017 4678 3159 4732 hanc
3200 4694 3327 4733 eum
3370 4686 3494 4748 apte

1924 4778 2127 4832 vidisse
2172 4791 2333 4845 posse
2368 4773 2521 4844 jungi
2563 4788 2687 4827 cum
2732 4787 2897 4842 supra
2942 4770 3256 4841 propositis.
3289 4771 3495 4825 Deinde

1923 4885 2054 4922 vero
2099 4866 2265 4921 etiam
2308 4866 2410 4920 hac
2453 4879 2560 4918 una
2605 4864 2829 4933 reliquae
2869 4878 3088 4933 quoque
3132 4861 3325 4917 eadem
3367 4856 3497 4917 sunt

1924 4959 2337 5030 comprehensae
2370 4967 2534 5027 atque
2568 4957 2893 5028 conjunctae.
2919 4957 3097 5025 Atque
3130 4955 3246 5010 haec
3283 4970 3367 5008 me
3401 4969 3494 5008 ex-

1918 5052 2167 5123 posuisse
2203 5048 2456 5104 sutliciat.
2487 5048 2686 5101 Verum
2720 5048 2765 5101 si
2804 5047 2929 5117 quis
2969 5045 3166 5100 melius
3200 5045 3494 5114 investiga-

1921 5141 2082 5206 verit,
2110 5140 2155 5194 si
2185 5155 2377 5194 eorum
2410 5153 2531 5207 qua:
2562 5136 2878 5207 ignorabam
2904 5136 2973 5191 ab
2997 5151 3063 5191 eo
3090 5132 3496 5205 interpretatio.

1922 5250 2045 5290 nem
2077 5247 2373 5303 accepero,
2398 5229 2600 5301 gratias
2623 5228 2860 5283 habebo.

334 5753 443 5821 {i0}
482 5751 699 5821 Diunj‘s.
736 5750 979 5821 Areopag
1034 5749 1105 5803 De
1143 5748 1330 5805 cwlt'sti
1363 5750 1657 5804 luerarchia
1701 5764 1819 5817 cap.
1870 5747 1951 5813 15,
1985 5762 2038 5816 p.
2070 5746 2184 5813 liii,
2220 5754 2348 5800 tom.
2382 5744 2421 5809 l,
2454 5742 2589 5815 Opp.
2632 5744 2720 5799 ed.
2749 5745 2936 5799 Venet.
