4192 6434
781 363 915 431 19215

1917 369 1978 430 S.
2023 369 2207 428 ΜΑΧΙ
2224 369 2308 427 .llI
2352 367 2860 428 CONFESSOMIS

3894 361 4037 424 1216

777 473 1032 543 Ejusdem
1073 492 1137 530 ex
1175 493 1367 546 magno
1399 475 1810 544 Theologico,in
1856 474 1989 528 illud
2029 491 2046 528 :
2091 495 2109 524 ι
2156 475 2358 528 Etenim

2476 475 2584 529 Τοῦ
2615 472 2825 537 αὐτοῦ,
2861 471 2930 525 ἐκ
2966 471 3074 524 τοῦ
3113 471 3386 540 μεγάλου
3422 468 3793 538 θεολογικοῦ.
3823 472 3913 532 εις
3949 471 4036 534 τὸ,

847 562 987 630 quod
1033 562 1170 616 Deus
1211 565 1306 626 sit,
1344 579 1406 615 ac
1450 563 1690 632 princeps
1735 563 1976 632 quredam
2014 579 2210 626 causa,
2241 578 2358 633 qua:

849 667 933 704 res
979 669 1157 706 omnes
1203 654 1493 722 procrearit
1538 662 1697 722 atque
1739 661 2038 715 conservet,
2072 660 2182 705 tum
2222 655 2358 708 oculi

849 744 968 813 ipsi,
1005 752 1116 796 tum
1156 742 1240 796 lea:
1278 745 1544 799 naturalis
1580 747 1784 808 docent,
1815 744 1916 805 illi,
1949 745 2073 797 dum
2109 746 2260 798 rebus
2302 748 2358 799 in

849 835 1430 904 aspectumcadeutibus
1450 838 1614 890 aciem
1628 835 2063 907 aﬂigunt,easque
2085 846 2132 891 et
2146 839 2358 909 pulchre

847 927 984 992 ﬁxas
1018 937 1066 981 et
1099 925 1314 981 stabiles
1345 944 1455 981 esse
1487 937 1537 979 et
1568 928 1833 998 progredi,
1859 937 2017 998 atque
2047 931 2280 990 immote,
2301 939 2358 983 ut

849 1021 923 1073 ita
952 1021 1146 1084 dicam,
1177 1022 1368 1075 moveri
1401 1021 1641 1089 uolvique
1674 1024 2012 1092 perspiciunt,
2044 1025 2152 1077 haec
2183 1033 2360 1079 autem

846 1112 974 1164 dum
1005 1127 1100 1180 per
1126 1129 1204 1164 res
1235 1112 1399 1164 oculis
1430 1112 1691 1182 subjectus
1726 1131 1786 1166 ac
1819 1122 1956 1166 recto
1984 1117 2165 1168 ordine
2193 1116 2351 1170 collo-

848 1210 995 1254 catas
1035 1212 1304 1254 auctorem
1343 1219 1528 1256 eorum
1565 1213 1706 1256 certo
1746 1204 1954 1272 quidem
1993 1207 2359 1262 ratiocinando

847 1296 1162 1359 assequitur.
1196 1313 1214 1344 ι

848 1406 951 1472 Qui
1007 1423 1198 1462 eorum
1259 1426 1381 1479 qua:
1426 1411 1680 1464 videntur
1728 1410 2193 1480 pulchritudinis,
2239 1430 2361 1484 qua:

779 1508 970 1553 ornata
1006 1514 1165 1564 sunt,
1195 1512 1250 1557 et
1284 1514 1490 1557 naturae
1524 1503 1942 1572 amplitudinem
1979 1521 2106 1560 cum
2142 1509 2360 1562 ratione

782 1591 1111 1645 sensualiter
1153 1593 1487 1662 aggreditur,
1522 1593 1666 1646 haud
1711 1610 1832 1649 eam
1874 1611 1972 1666 per
2011 1613 2070 1651 se
2117 1609 2358 1652 creatam

783 1679 998 1734 enieere
1021 1683 1320 1751 quidquam
1379 1685 1646 1738 concedet
1688 1694 1743 1740 et
1783 1701 1812 1739 a
1859 1687 2224 1742 moderatrice
2273 1690 2359 1742 sui

788 1770 995 1822 ratione
1029 1771 1379 1839 disjuuclum,
1404 1789 1506 1827 nec
1541 1774 1712 1843 ipsam
1747 1775 2015 1830 rationem
2051 1776 2362 1832 intellectus

785 1861 1136 1930 simplicitate
1169 1863 1434 1930 liberam,
1465 1881 1572 1934 qua
1611 1867 1822 1922 ratione
1860 1876 1968 1921 tam
2006 1883 2204 1922 sensus
2239 1885 2362 1939 spe-

781 1949 894 2002 cies
933 1961 988 2003 et
1025 1950 1210 2007 forma:
1255 1970 1355 2022 per
1392 1956 1627 2009 mediam
1673 1966 1996 2025 potestatem
2038 1958 2360 2014 rationalem

781 2039 834 2092 in
869 2042 1189 2097 omnifarias
1225 2046 1470 2101 rationes
1502 2047 1834 2116 diriguntur,
1871 2064 2037 2117 quam
2076 2050 2361 2105 rationalis

774 2134 1066 2199 potestatis
1096 2135 1416 2191 diversitate
1449 2139 1689 2194 varietas
1718 2141 2136 2195 omniiariarum
2166 2159 2360 2198 eorum

774 2237 899 2289 quae
932 2236 1062 2282 sunt
1097 2229 1374 2284 rationum
1411 2231 1464 2284 in
1503 2230 1837 2286 uniformem
1871 2241 1927 2286 et
1962 2233 2271 2303 simplicem
2306 2245 2362 2290 et

776 2315 1186 2373 indiderentem
1237 2321 1675 2376 intellectionem
1723 2322 1962 2391 cogitur,
1997 2339 2106 2392 qua
2154 2325 2362 2379 indivi-

776 2403 916 2466 dua.
958 2415 1017 2460 ut
1060 2407 1290 2474 dicitur,
1327 2421 1383 2465 et
1421 2411 1748 2480 quantitatis
1787 2426 1986 2480 expers
2031 2421 2088 2467 et
2130 2415 2361 2484 simplex

777 2497 1019 2564 cognitio
1045 2510 1283 2565 constat,
1307 2501 1353 2555 is
1379 2518 1570 2558 revera
1592 2512 1861 2571 quantum
1890 2503 1942 2558 id
1971 2505 2182 2559 homini
2211 2507 2358 2570 licet,

777 2603 877 2656 per
909 2588 1151 2645 visibilia
1185 2607 1490 2663 eorumque
1523 2595 1778 2650 ordinem
1811 2595 2076 2650 factorem
2114 2596 2361 2666 ipsorum

775 2687 828 2732 et
857 2691 1304 2738 conservatorem
1333 2695 1392 2738 et
1415 2686 1724 2756 principem
1750 2689 1938 2742 animo
1964 2689 2068 2742 sibi
2102 2689 2364 2744 informa-

775 2771 879 2834 vit,
909 2783 1073 2843 atque
1105 2776 1276 2829 Deum
1309 2780 1551 2848 agnovit,
1587 2795 1694 2832 non
1729 2796 1839 2850 quo
1871 2781 2002 2850 quid
2035 2782 2277 2836 essentia
2307 2790 2364 2836 et

775 2867 1085 2922 substantia
1131 2871 1243 2924 sint
1281 2871 1428 2937 (nam
1471 2872 1578 2925 hoc
1617 2870 1735 2925 ﬁeri
1780 2888 1890 2926 non
1932 2875 2167 2942 potest),
2200 2883 2255 2928 at
2293 2875 2363 2930 de

776 2959 1160 3027 singularitate
1207 2963 1546 3017 exsistentize
1591 2963 1714 3033 ejus
1759 2963 1973 3018 doctus.
2021 2965 2199 3034 Atque
2248 2967 2364 3021 luec

775 3061 900 3120 post
925 3066 1144 3107 omnem
1177 3055 1450 3109 sensualis
1479 3057 1533 3110 in
1565 3059 1750 3126 Specie
1782 3058 2071 3126 positionis
2099 3068 2154 3110 et
2179 3058 2364 3127 ﬁgurae

2537 583 2554 616 ι
2585 564 2694 618 Τοῦ
2735 563 2852 632 μὲν
2887 563 2999 630 γὰρ
3058 557 3212 614 εἶναι
3273 561 3422 615 Θεὸν
3481 562 3580 614 καὶ
3629 559 3748 613 τῶν
3798 560 4044 614 πάντων

2529 653 2850 718 ποιητικήν
2869 669 2932 706 τε
2967 653 3065 706 καὶ
3100 651 3470 718 συνεκτικὴν
3498 653 3717 716 σιτίον,
3755 653 3854 704 καὶ
3901 652 4042 718 ὄψις

2528 743 2898 808 διδάσκαλος
2943 742 3040 797 καὶ
3085 745 3119 796 ὁ
3157 744 3416 812 φυσικὸς
3452 745 3656 812 νόμος,
3692 744 3730 809 ἠ
3765 743 3888 812 μὲν
3923 743 4044 808 τοῖς

2531 835 2852 904 δρωμένοις
2880 834 3357 903 προσϐάλλουσα
3379 835 3476 888 καὶ
3504 838 3808 902 πεπηγόσι
3842 833 4044 899 καλῶς

2530 927 2627 980 καὶ
2675 928 2981 990 ὁδεύουσι,
3023 928 3123 982 καὶ
3173 928 3490 996 ἀκινήτως,
3527 929 3604 980 ἵν’
3638 929 3830 993 οὕτως
3869 927 4039 987 εἴπω,

2532 1020 2912 1089 κινουμένοις
2950 1037 3014 1074 τε
3043 1020 3140 1074 καί
3174 1020 3546 1090 φερομένοις,
3590 1024 3624 1074 ό
3674 1020 3744 1073 δὲ
3782 1020 3887 1074 διὰ
3929 1019 4043 1072 τῶν

2534 1111 2849 1180 ὁρωμένων
2897 1113 2995 1165 καί
3054 1111 3430 1182 τεταγμένων
3469 1112 3578 1167 τὸν
3603 1112 3883 1182 ἀρχηγὸν
3913 1112 4044 1164 τού-

2532 1220 2650 1258 των
2673 1202 3185 1274 συλλογιζόμενος
3204 1203 3340 1275 (Η).
3377 1223 3398 1257 ι

2544 1399 2602 1452 '0
2630 1399 2691 1452 τὺ
2723 1398 2950 1468 μέγεθος
2979 1397 3086 1451 τῶν
3115 1399 3412 1469 ὁρωμένων
3434 1399 3512 1463 ὡς
3542 1401 3656 1470 ἔχει
3682 1399 3924 1461 κάλλους
3953 1401 4044 1452 καὶ

2461 1489 2699 1559 φύσεως,
2754 1490 2852 1543 σὺν
2895 1491 3043 1560 λόγῳ
3078 1491 3224 1544 κατὰ
3249 1491 3350 1560 τὴν
3378 1491 3636 1560 αἴσθησιν
3662 1490 3934 1554 ἐπελθὼν,
3973 1491 4045 1560 μὴ

2463 1581 2764 1651 συγχωρῶν
2808 1582 2947 1651 αὐτῇ
2991 1581 3272 1644 παντελῶς
3313 1581 3434 1634 καθ’
3483 1582 3692 1651 ἑαυτὴν
3739 1580 4046 1648 γενομένην

2461 1675 2710 1743 ἐνεργεῖν
2740 1673 2836 1726 τοῦ
2869 1673 3216 1744 ἡνιοχοῦντος
3247 1672 3419 1743 αὐτὴν
3457 1671 3620 1740 λόγου
3664 1673 4045 1742 ὲχωρισμένην

2461 1767 2632 1832 οὐδὲν,
2648 1765 2835 1839 (184
2851 1768 2904 1829 b)
2924 1765 3060 1836 μηδὲ
3075 1765 3166 1818 τὸν
3182 1765 3341 1835 λόγον
3357 1766 3521 1819 αὑτὸν
3542 1765 3747 1834 τῆςτοῦ
3764 1765 3858 1817 νοῦ
3879 1765 4044 1817 ἁπλό-

2460 1875 2624 1929 τητος
2652 1844 2875 1928 ἄφετον,
2911 1858 3034 1912 καθ’
3057 1857 3116 1912 ὃν
3141 1858 3246 1928 τῆς
3278 1858 3377 1928 μὲν
3403 1859 3710 1927 αἰσθήσεως
3734 1857 3808 1910 τά
3838 1874 3901 1910 τε
3932 1857 4044 1925 εἴδη

2462 1949 2559 2003 καὶ
2586 1951 2654 2003 τὰ
2688 1951 2945 2022 σχήματα
2984 1950 3074 2004 διὰ
3111 1951 3283 2020 μέσης
3319 1950 3420 2020 τῆς
3449 1950 3590 2002 κατὰ
3630 1950 3722 2001 τὸν
3757 1949 3919 2016 λόγον
3954 1949 4044 2000 δυ-

2462 2043 2681 2112 νάμεως
2725 2044 2806 2105 είς
2842 2043 3036 2111 λόγους
3091 2043 3470 2106 παντοδαποὺς
3516 2042 3748 2111 ἄγεσθαι
3806 2042 4044 2109 πέφυκε.

2461 2133 2559 2203 τῆς
2610 2133 2668 2186 δὲ
2724 2133 2821 2186 τοῦ
2875 2133 3035 2202 λόγου
3075 2133 3361 2204 δυνάμεως
3400 2135 3434 2205 ὴ
3465 2135 3610 2188 κατὰ
3640 2134 3742 2205 τὴν
3775 2134 4048 2202 διαφορδν

2462 2221 2708 2277 ποικιλία
2757 2221 2866 2278 τῶν
2913 2226 2972 2276 ὲν
3009 2226 3122 2287 τοῖς
3173 2219 3292 2277 οὖσι
3341 2223 3701 2277 παντοδαπῶν
3751 2221 3932 2288 λόγων
3970 2225 4050 2275 εἰς

2462 2314 2668 2384 ὲνοειδῆ
2715 2315 2812 2367 καὶ
2845 2313 3024 2384 ἁπλῆν
3077 2317 3172 2368 καὶ
3215 2315 3513 2386 ἀδιάφορον
3557 2313 3898 2382 συνάγεσθαι
3927 2314 4052 2380 νόη-

2463 2422 2570 2468 σιν,
2602 2405 2728 2458 καθ’
2759 2405 2826 2476 ἦν
2875 2407 2909 2476 ἡ
2964 2406 3178 2478 ἀμερὴς
3229 2405 3500 2477 λεγομένη
3559 2407 3655 2460 καὶ
3688 2405 3903 2467 ἄποπτος
3958 2406 4052 2456 καὶ

2463 2497 2638 2554 ένιαία
2687 2497 2891 2567 γνῶσις
2944 2499 3296 2569 συνέστηκεν,
3354 2493 3509 2562 οὗτος
3560 2498 3779 2568 ἀληθῶς
3825 2500 3917 2553 διὰ
3940 2499 4054 2551 τῶν

2461 2592 2758 2663 ὁρωμένων
2787 2593 2882 2646 καὶ
2909 2593 3008 2661 τῆς
3061 2594 3119 2646 ὲν
3154 2593 3341 2656 αὐτοῖς
3396 2591 3656 2656 εὐταξίας
3686 2591 3782 2644 τὸν
3813 2591 4055 2661 ποιητὴν

2461 2683 2670 2737 τούτων
2707 2685 2802 2737 καὶ
2831 2687 3060 2752 συνοχέα
3083 2683 3460 2753 καὶάρχηγὸν,
3498 2683 3575 2745 ὡς
3601 2683 3882 2753 ἀνθρώπῳ
3901 2683 4060 2734 δυνα-

2460 2775 2575 2838 τὸν,
2603 2775 3008 2837 ἅνετυπώσατο,
3033 2774 3130 2828 καὶ
3153 2774 3294 2844 ἔγνω
3323 2774 3477 2838 Θεὸν,
3500 2775 3562 2826 οὐ
3586 2775 3730 2827 κατὰ
3753 2776 3814 2828 τὸ
3837 2774 3892 2826 τί
3922 2791 4056 2826 ποτε

2461 2868 2560 2938 τὴν
2589 2868 2776 2922 οὐσίαν
2806 2862 2945 2920 εἶναι
2973 2868 3066 2920 καὶ
3100 2867 3198 2937 τὴν
3237 2867 3540 2920 ὑπόστασιν
3561 2866 3741 2935 (τοῦτο
3769 2867 3883 2938 γὰρ
3911 2869 4053 2936 ἁμή·

2462 2978 2626 3029 χανον
2657 2961 2753 3014 καὶ
2801 2960 3264 3032 ἀνεπιχείρητον),
3301 2959 3439 3013 ἀλλὰ
3479 2959 3610 3012 κατ’·
3631 2959 3769 3013 αὐτὸ
3793 2959 3860 3012 τδ
3893 2960 4058 3028 μόνον

2464 3048 2602 3105 εἶναι
2663 3051 2874 3123 μαθών.
2938 3052 3046 3104 Καὶ
3121 3051 3293 3104 ταῦτα
3345 3051 3483 3122 μετὰ
3531 3053 3715 3105 πᾶσαν
3774 3052 3881 3122 τὴν
3932 3052 4058 3103 κατ’

775 3147 833 3191 et
862 3139 1212 3197 l‘ormationis
1244 3155 1300 3196 et
1329 3144 1581 3214 imaginis
1616 3146 1928 3210 transitum,
1962 3156 2037 3207 et,
2066 3146 2109 3199 si
2139 3147 2224 3199 cui
2253 3164 2358 3201 non

2464 3143 2716 3214 αἴσθησιν
2747 3148 2803 3197 ὲν
2831 3145 3071 3214 σχήματι
3103 3143 3303 3208 Θέςεώς
3332 3161 3390 3197 τε
3431 3145 3533 3198 καὶ
3591 3145 3816 3215 μορφῆς
3844 3145 3945 3197 καὶ
3974 3162 4061 3197 zu—

778 3231 984 3286 nimius
1032 3249 1154 3288 esse
1200 3235 1464 3299 videbor,
1507 3247 1658 3291 extra
1708 3237 1879 3306 ipsam
1931 3254 2151 3307 quoque
2196 3239 2355 3307 plane

778 3336 963 3374 rerum
991 3339 1112 3391 qure
1137 3335 1266 3378 sunt
1292 3325 1570 3379 rationum
1601 3326 1970 3380 dill‘erentiam
2001 3328 2353 3392 constitutus,

775 3423 831 3466 et
857 3415 1010 3482 quasi
1041 3419 1450 3470 conterminum
1483 3434 1604 3472 sese
1634 3419 1990 3488 interponens
2017 3419 2160 3472 inter
2185 3421 2355 3474 Deum

775 3513 829 3559 et
866 3505 1249 3560 universorum
1283 3525 1404 3577 qua:
1431 3520 1553 3578 post
1579 3511 1748 3564 Deum
1780 3521 1929 3576 sunt,
1953 3528 2188 3581 quorum
2221 3515 2360 3568 alter

775 3599 1154 3664 supereminet
1177 3609 1234 3654 et
1260 3601 1501 3654 intactus
1523 3611 1728 3657 :elerne
1755 3615 1957 3666 manet,
1982 3621 2160 3672 neque
2186 3607 2355 3660 ullum

774 3690 868 3758 qui
908 3707 966 3745 se
1012 3702 1342 3763 assequatur
1382 3703 1476 3748 aut
1515 3696 1749 3766 attingat
1789 3697 2129 3752 intellectum
2170 3698 2354 3764 habet,

775 3783 948 3835 altera
985 3783 1174 3837 relicta
1212 3794 1342 3839 sunt
1373 3795 1428 3839 et
1464 3786 1718 3840 mentalis
1751 3787 2094 3856 cognitionis
2121 3804 2356 3858 exsupe-

777 3873 954 3927 rantia
987 3887 1268 3944 superata,
1301 3885 1357 3930 et
1389 3881 1572 3932 mente
1610 3877 1874 3932 inferiora
1905 3879 2042 3942 visa,
2069 3896 2191 3933 cum
2224 3882 2357 3950 quid

775 3967 1033 4034 superius
1068 3968 1150 4021 eis
1185 3968 1256 4021 sit
1291 3969 1522 4022 ﬁrmiter
1551 3978 1698 4023 esset
1730 3985 1794 4024 ac
1824 3986 1954 4024 vere
1991 3970 2352 4038 intellectum,

776 4055 892 4110 haec
928 4058 1061 4112 mihi
1099 4061 1362 4128 magister
1396 4077 1494 4128 per
1527 4060 1704 4114 visum
1743 4070 1799 4115 et
1833 4064 2139 4117 naturalem
2181 4064 2356 4134 legem

775 4148 1078 4200 secundum
1113 4149 1382 4203 rationem
1420 4151 1693 4204 redditam
1728 4151 2061 4221 signiﬁcare,
2089 4169 2197 4206 non
2225 4170 2358 4209 vero

776 4247 836 4290 ut
871 4239 1092 4306 quidam
1127 4242 1618 4305 existimaverunt,
1653 4259 1753 4309 pro
1791 4259 1901 4297 uno
1935 4253 1991 4298 et
2022 4244 2215 4299 eodem
2257 4261 2356 4314 po-

774 4345 908 4384 nere
957 4333 1136 4385 visum
1195 4341 1250 4386 et
1303 4334 1478 4403 legem
1533 4335 1858 4390 naturalem.
1910 4335 2154 4405 Uterque
2207 4337 2356 4392 enim

774 4420 921 4474 circa
948 4423 1138 4478 eadem
1166 4425 1275 4478 vim
1305 4441 1457 4479 suam
1486 4441 1751 4480 exercens
1778 4427 2056 4495 quomodo
2085 4427 2154 4481 ab
2183 4426 2357 4482 altero

2457 3235 2684 3299 πώσεως
2698 3237 2792 3289 καὶ
2809 3235 3110 3306 φαντασίας
3127 3235 3398 3298 διάϐασιν,
3418 3236 3509 3289 καὶ
3533 3238 3581 3289 εἰ
3601 3237 3676 3307 μή
3698 3253 3777 3307 τῳ
3795 3236 4059 3306 περιττὸς

2454 3325 2593 3382 εἶναι
2623 3329 2786 3391 δοκῶ,
2823 3329 2918 3380 καὶ
2950 3328 3120 3396 αὐτῆς
3149 3326 3252 3393 ἔξω
3284 3327 3565 3390 παντελῶς
3595 3327 3701 3392 τῆς
3736 3331 3792 3380 ὲν
3821 3331 3940 3390 τοῖς
3967 3328 4057 3380 ivi-

2457 3436 2576 3487 γοις
2605 3419 2714 3472 τῶν
2741 3418 2914 3472 ὄντων
2944 3418 3211 3488 διαφορᾶς
3240 3419 3565 3488 γενόμενος,
3617 3418 3714 3472 καὶ
3774 3413 3892 3472 οἷον
3924 3419 4057 3489 p20-

2457 3509 2608 3580 όριον
2658 3508 2852 3562 ἑαυτὸν
2879 3507 3179 3578 παρενθεὶς
3225 3506 3362 3560 Θεοῦ
3412 3525 3473 3561 τε
3531 3508 3627 3562 καὶ
3678 3507 3902 3561 πάντων
3952 3511 4058 3560 τιτιν

2460 3600 2597 3670 μετὰ
2639 3601 2771 3653 Θεὸν
2795 3640 2810 3664 ,
2863 3599 2956 3652 τὸν
2993 3599 3092 3670 μὲν
3138 3599 3214 3663 ὡς
3245 3598 3610 3669 ὑπερέχοντος
3645 3601 3740 3652 καὶ
3765 3601 3919 3668 ἁψαύ
3933 3618 4055 3652 στου

2457 3692 2524 3744 δι’
2562 3692 2685 3745 ὅλου
2740 3691 2997 3761 μένοντος
3062 3691 3158 3743 καὶ
3205 3689 3480 3761 μηδεμίαν
3528 3691 3843 3759 φθάνουσαν
3891 3691 4057 3744 αὐτὸν

2459 3783 2672 3852 ἔχοντος
2700 3781 2907 3850 νόησιν,
2931 3779 3041 3834 τῶν
3061 3780 3119 3834 δὲ
3145 3779 3656 3850 καταλελειμμένων
3687 3781 3779 3832 καὶ
3803 3783 3872 3850 τῇ
3901 3798 4059 3849 ρια

2458 3874 2617 3945 ουσία
2645 3872 2746 3942 τῆς
2777 3872 2920 3926 κατὰ
2964 3870 3090 3924 νοῦν
3133 3870 3388 3938 γνώσεως
3411 3870 3778 3924 διαεαθὲντων
3827 3873 3926 3924 καὶ
3959 3889 4055 3924 κα-

2457 3964 2716 4033 τωτέρων
2741 3962 2950 4026 ἐννοίας
2985 3961 3264 4031 φανέντων
3300 3960 3380 4030 τῷ
3409 3960 3463 4013 τί
3485 3977 3614 4012 ποτε
3641 3954 3787 4014 εἶναι
3817 3961 4055 4028 βεϐαίως

2459 4055 2601 4125 ὑπὲρ
2637 4055 2777 4108 αὐτὰ
2828 4054 2926 4109 καὶ
2965 4052 3184 4124 ἀληθῶς
3225 4053 3514 4122 ἐννοῆσαι,
3567 4052 3743 4105 ταῦτά
3781 4071 3876 4121 μοι
3911 4053 4060 4105 δοκεῖ

2456 4146 2544 4200 διὰ
2571 4149 2669 4215 τῆς
2695 4144 2872 4213 ὅψεως
2903 4144 2997 4197 καὶ⁵
3023 4142 3120 4196 τοῦ
3149 4142 3384 4212 φυσικοῦ
3411 4143 3580 4212 νόμου
3611 4142 3754 4195 κατὰ
3785 4144 3889 4211 τὴν
3925 4144 4058 4195 ἀπο-

2457 4237 2706 4290 δοθεῖσαν
2748 4235 2930 4289 αἰτίαν
2963 4235 2992 4286 ὁ
3019 4234 3340 4297 διδάσκαλος
3389 4234 3882 4304 παραινίττεσθαι,
3945 4223 4056 4287 ἀλλ’

2457 4327 2518 4381 οὐ
2542 4328 2740 4381 ταύτὺν
2763 4325 3030 4392 τίθεσθαι,
3057 4325 3242 4389 καθώς
3265 4343 3408 4390 τινες
3429 4326 3709 4396 ᾠήθησαν,
3725 4327 3832 4396 τὴν
3853 4329 3983 4396 ὄψιν
4002 4345 4054 4379 τε

2458 4421 2556 4475 καὶ
2607 4421 2698 4474 τὸν
2745 4418 2972 4488 φυσικὸν
3020 4418 3207 4488 νόμον.
3243 4417 3446 4488 Ἀμφω
3481 4418 3590 4486 γὰρ
3640 4418 3772 4487 περὶ
3813 4418 3880 4470 τὰ
3915 4419 4056 4470 αὐτὶ

774 4508 998 4562 diﬁ'erat
1036 4511 1331 4582 cogitando
1373 4521 1553 4582 potest
1593 4514 1835 4583 percipi,
1871 4530 1996 4568 cum
2036 4515 2176 4569 alter
2213 4517 2352 4571 irra-

2460 4511 2557 4581 τὴν
2587 4511 2870 4580 ἐνέργειαν
2903 4508 3096 4580 ἔχοντα
3142 4509 3240 4579 τὴν
3272 4508 3365 4561 ἀπ’
3391 4508 3638 4578 ἀλλήλων
3665 4507 3900 4560 δύναται
3938 4491 4054 4562 κατ’

775 4602 1059 4657 tionaliter
1112 4605 1418 4659 visibilium
1475 4615 1625 4661 tactu
1681 4608 1855 4660 solum
1912 4609 2065 4663 nisus
2122 4609 2357 4663 ulterius

776 4693 1033 4760 progredi
1068 4709 1174 4746 non
1210 4696 1411 4762 possit,
1445 4697 1621 4763 altera
1649 4706 1704 4750 ct
1734 4697 1947 4751 ratione
1979 4697 2126 4751 socia
2162 4699 2357 4766 adjun-

777 4792 864 4835 cta
901 4783 968 4836 tle
1005 4783 1088 4838 eis
1121 4783 1417 4855 diligenter
1447 4781 1767 4855 inquirit'ct
1799 4798 1980 4842 mente
2016 4789 2157 4843 bene
2193 4802 2356 4860 atque

778 4872 1083 4940 prudenter
1127 4875 1496 4938 transcendit,
1533 4892 1642 4945 quo
1686 4878 1919 4930 maxime
1961 4879 2356 4946 cogitationem

776 4973 834 5017 et
862 4963 1022 5018 ﬁdem
1053 4965 1121 5018 de
1155 4966 1247 5019 Dei
1279 4967 1598 5021 exsistentia
1631 4967 1902 5022 naturalis
1933 4984 2031 5038 per
2063 4970 2240 5023 visum
2273 4972 2356 5026 lex

779 5053 1101 5110 insinuavit.
1130 5056 1317 5111 Visum
1350 5057 1520 5128 igitur
1551 5058 1852 5128 appellavit
1884 5075 2106 5114 sensum
2145 5061 2359 5130 simpli-

690 5218 696 5224 _
775 5145 940 5212 citer,
964 5163 1074 5202 non
1103 5147 1291 5218 aliquo
1317 5151 1504 5214 modo,
1531 5150 1817 5206 sensibilia
1845 5161 2122 5221 petentem
2154 5153 2356 5222 (neque

774 5241 925 5294 enim
977 5257 1174 5296 sensus
1224 5244 1503 5312 peculiare
1543 5252 1629 5299 est
1672 5244 2001 5314 simpliciter
2040 5245 2246 5314 aliquid
2289 5260 2353 5299 ex

775 5333 962 5402 aliquo
1011 5333 1160 5388 aliud
1209 5334 1536 5406 colligere),
1575 5346 1631 5391 et
1675 5336 1848 5407 legem
1898 5336 2203 5391 naturalem
2247 5339 2356 5391 vim

775 5425 1085 5479 naturalem
1128 5442 1251 5495 qua:
1291 5427 1743 5482 intellectualiter
1780 5444 1842 5481 ac
1881 5429 2224 5482 rationaliter
2258 5445 2358 5496 per

776 5527 1000 5567 sensum
1043 5513 1157 5578 ﬁat,
1191 5515 1497 5570 secundum
1538 5532 1702 5586 quam
1743 5533 1771 5570 a
1816 5519 2005 5586 pcjore
2042 5517 2101 5571 ﬁt
2147 5517 2358 5573 idonea:

772 5604 1170 5672 explorationis
1204 5622 1308 5676 ope
1339 5606 1408 5661 ad
1443 5607 1641 5662 melius
1675 5623 1958 5662 ascensus.
1994 5607 2357 5662 lunuobiliter

2463 4604 2702 4656 ἐπίνοιαν
2729 4601 2984 4671 δέχεσθαι
3009 4602 3286 4671 διάκρισιν
3307 4643 3322 4664 ,
3379 4599 3460 4670 τῷ
3490 4601 3588 4670 τὴν
3620 4600 3720 4670 μὲν
3755 4600 3967 4670 (185
4008 4603 4057 4669 α)

2462 4696 2672 4764 ἀλόγως
2719 4698 2786 4765 τῇ
2835 4692 3179 4765 προσψαύσει
3231 4692 3341 4744 τῶν
3388 4690 3602 4763 ὁρατῶν
3650 4693 3818 4761 μόνον
3861 4695 4058 4764 στηρὶ-

2463 4786 2653 4850 ζεσοαι
2688 4785 3002 4856 περαιτέρω
3029 4783 3234 4853 βαίνειν
3265 4784 3370 4837 οὐκ
3399 4783 3651 4854 ἔχουσαν,
3684 4784 3777 4836 τὸν
3806 4784 3864 4837 δὲ
3897 4786 3979 4854 τῷ
4003 4804 4058 4838 τε

2464 4878 2799 4949 συνημμένῳ
2825 4876 2970 4946 λόγῳ
3019 4876 3192 4930 ταῦτα
3223 4875 3706 4946 πολυπραγμονεῖν
3747 4878 3848 4929 καὶ
3875 4877 3962 4948 τῷ
3987 4878 4059 4945 νῷ

2458 4965 2638 5028 καλῶς
2665 4981 2725 5017 τε
2754 4965 2848 5018 καὶ
2871 4964 3049 5030 σοφῶς
3081 4964 3450 5036 ὑπερϐαίνειν,
3479 4963 3644 5018 καθ’ὃ
3677 4965 3930 5034 μάλιστα

2462 5058 2590 5121 περὶ
2623 5055 2716 5108 τοῦ
2745 5050 2885 5107 εἶναι
2915 5054 3048 5107 Θεὸν
3096 5053 3305 5108 ἔννοιάν
3334 5072 3393 5108 τε
3423 5055 3520 5108 καὶ
3547 5055 3731 5106 πίστιν
3765 5056 3796 5106 ὁ
3823 5057 4055 5122 φυσικὸς

2460 5148 2549 5200 διὰ
2594 5148 2691 5216 τῆς
2739 5146 2914 5214 ὄψεως
2959 5147 3251 5217 εἰσαγήοχε
3293 5147 3477 5217 νόμος.
3506 5145 3670 5215 Ὀψιν
3694 5140 3794 5199 οὖν
3823 5147 4054 5200 ἐκάλεσε

2462 5239 2560 5310 τὴν
2590 5238 2778 5302 ἁπλῶς
2796 5279 2812 5304 ,
2871 5238 2985 5292 ἀλλ’
3005 5239 3067 5291 οὐ
3097 5239 3198 5309 τὴν
3228 5238 3344 5302 πῶς
3363 5277 3377 5302 ,
3428 5237 3564 5309 πρὸς
3590 5236 3660 5291 τὰ.
3686 5237 3937 5306 αἰσθητὰ
3966 5244 4056 5307 τῆς

2463 5334 2772 5404 αἰσθήσεως
2824 5331 3134 5403 προσϐολὴν
3194 5332 3295 5400 (οὐ
3345 5329 3454 5400 γὰρ
3505 5328 3819 5401 αἰσθήσεως
3868 5331 4053 5390 ἁπλῶς

2463 5426 2524 5476 τὸ
2581 5423 2645 5476 ἐκ
2695 5440 2840 5485 τινος
2895 5422 3082 5492 ἔτερόν
3133 5439 3187 5474 τι
3239 5421 3654 5488 συλλογίζεσθαι
3706 5420 4054 5490 καθέστηκεν

2467 5515 2597 5568 ἴδιον
2624 5516 2678 5582 ),
2744 5514 2908 5583 νόμον
2957 5513 3015 5566 δὲ
3071 5513 3301 5582 φυσικὸν
3347 5512 3447 5583 τὴν
3487 5512 3574 5566 διὰ
3609 5513 3711 5581 τῆς
3740 5511 4053 5582 αἰσθήσεως

2465 5606 2759 5677 γινομένην
2789 5605 2932 5658 κατὰ
2969 5605 3096 5660 νοῦν
3143 5606 3238 5660 καὶ
3267 5604 3424 5674 λόγον
3460 5602 3700 5674 φυσικὴν
3727 5603 4049 5675 ἐνέργειαν,

843 5783 959 5855 (ιι)
993 5783 1152 5855 Grcg.
1188 5785 1312 5839 Nat.
1345 5785 1436 5842 0r.
1465 5786 1618 5840 t/wol.
1655 5787 1715 5851 ll,
1743 5803 1860 5855 cap.
1890 5788 1944 5852 ti,
1975 5803 2026 5856 p.
2058 5786 2180 5849 499,
2209 5797 2339 5840 tom.
2383 5787 2419 5847 Ι,
2453 5786 2589 5854 (ipp.
2626 5783 2759 5839 edit.
2795 5782 2994 5838 Bcncd.
