  <div class='ocr_page' id='page_1' title='image "/cluster/home/n/w/nwhite01/storage/ocr_20150623/91/nnc1.0038446014/620.png"; bbox 0 0 4192 6434; ppageno 0'>
   <div class='ocr_carea' id='block_1_1' title="bbox 162 382 287 451">
    <p class='ocr_par' dir='ltr' id='par_1_1' title="bbox 162 382 287 451">
     <span class='ocr_line' id='line_1_1' title="bbox 162 382 287 451; baseline -0.016 0"><span class='ocrx_word' id='word_1_1' title='bbox 162 382 287 451; x_wconf 78' lang='lat'><strong>1217</strong></span> 
     </span>
    </p>
   </div>
   <div class='ocr_carea' id='block_1_2' title="bbox 1389 381 2196 444">
    <p class='ocr_par' dir='ltr' id='par_1_2' title="bbox 1389 381 2196 444">
     <span class='ocr_line' id='line_1_2' title="bbox 1389 381 2196 444; baseline 0.005 -5"><span class='ocrx_word' id='word_1_2' title='bbox 1389 381 1837 443; x_wconf 59' lang='lat' dir='ltr'><strong>Aftl&#39;lllG&#39;UDRU</strong></span> <span class='ocrx_word' id='word_1_3' title='bbox 1852 388 1899 441; x_wconf 77' lang='grc' dir='ltr'><strong>Μ</strong></span> <span class='ocrx_word' id='word_1_4' title='bbox 1948 383 2196 444; x_wconf 75' lang='lat' dir='ltr'><strong>LIBER.</strong></span> 
     </span>
    </p>
   </div>
   <div class='ocr_carea' id='block_1_3' title="bbox 3278 395 3413 460">
    <p class='ocr_par' dir='ltr' id='par_1_3' title="bbox 3278 395 3413 460">
     <span class='ocr_line' id='line_1_3' title="bbox 3278 395 3413 460; baseline 0.015 -2"><span class='ocrx_word' id='word_1_5' title='bbox 3278 395 3413 460; x_wconf 78' lang='lat'><strong>1218</strong></span> 
     </span>
    </p>
   </div>
   <div class='ocr_carea' id='block_1_4' title="bbox 158 492 1718 574">
    <p class='ocr_par' dir='ltr' id='par_1_4' title="bbox 158 492 1718 569">
     <span class='ocr_line' id='line_1_4' title="bbox 158 492 1718 569; baseline -0.01 -11"><span class='ocrx_word' id='word_1_6' title='bbox 158 499 271 552; x_wconf 76' lang='grc' dir='ltr'>καθ’</span> <span class='ocrx_word' id='word_1_7' title='bbox 297 501 363 569; x_wconf 78' lang='grc' dir='ltr'>ἦν</span> <span class='ocrx_word' id='word_1_8' title='bbox 394 498 427 567; x_wconf 81' lang='grc' dir='ltr'>ἡ</span> <span class='ocrx_word' id='word_1_9' title='bbox 460 497 591 565; x_wconf 73' lang='grc' dir='ltr'>πρὸς</span> <span class='ocrx_word' id='word_1_10' title='bbox 619 496 681 549; x_wconf 62' lang='grc' dir='ltr'>τὸ</span> <span class='ocrx_word' id='word_1_11' title='bbox 708 496 956 567; x_wconf 86' lang='grc' dir='ltr'>κρεῖττον</span> <span class='ocrx_word' id='word_1_12' title='bbox 991 494 1103 563; x_wconf 82' lang='grc' dir='ltr'>μετ’</span> <span class='ocrx_word' id='word_1_13' title='bbox 1129 492 1403 564; x_wconf 76' lang='grc' dir='ltr'><strong>ἐμμελοῦς</strong></span> <span class='ocrx_word' id='word_1_14' title='bbox 1434 494 1718 557; x_wconf 61' lang='grc' dir='ltr'>ἐξετάσεως</span> 
     </span>
    </p>
   </div>
   <div class='ocr_carea' id='block_1_5' title="bbox 1817 492 3414 574">
    <p class='ocr_par' dir='ltr' id='par_1_5' title="bbox 1839 495 3414 574">
     <span class='ocr_line' id='line_1_5' title="bbox 1839 495 3414 574; baseline 0.01 -28"><span class='ocrx_word' id='word_1_15' title='bbox 1839 509 1969 547; x_wconf 79' lang='lat' dir='ltr'><strong>vero</strong></span> <span class='ocrx_word' id='word_1_16' title='bbox 2018 496 2226 548; x_wconf 71' lang='lat' dir='ltr'><strong>moveri</strong></span> <span class='ocrx_word' id='word_1_17' title='bbox 2278 495 2520 565; x_wconf 78' lang='lat' dir='ltr'><strong>ferrique</strong></span> <span class='ocrx_word' id='word_1_18' title='bbox 2569 513 2634 551; x_wconf 82' lang='lat' dir='ltr'><strong>ea</strong></span> <span class='ocrx_word' id='word_1_19' title='bbox 2683 515 2804 567; x_wconf 62' lang='lat' dir='ltr'><strong>qure</strong></span> <span class='ocrx_word' id='word_1_20' title='bbox 2846 499 3109 556; x_wconf 82' lang='lat' dir='ltr'><strong>videntur</strong></span> <span class='ocrx_word' id='word_1_21' title='bbox 3153 507 3414 574; x_wconf 78' lang='lat' dir='ltr'><strong>magister</strong></span> 
     </span>
    </p>
   </div>
   <div class='ocr_carea' id='block_1_6' title="bbox 154 589 1734 663">
    <p class='ocr_par' dir='ltr' id='par_1_6' title="bbox 154 589 1734 663">
     <span class='ocr_line' id='line_1_6' title="bbox 154 589 1734 663; baseline -0.004 -16"><span class='ocrx_word' id='word_1_22' title='bbox 154 593 273 648; x_wconf 77' lang='grc' dir='ltr'>καθ’</span> <span class='ocrx_word' id='word_1_23' title='bbox 296 595 413 647; x_wconf 73' lang='grc' dir='ltr'>ὁδὸν</span> <span class='ocrx_word' id='word_1_24' title='bbox 442 594 548 646; x_wconf 70' lang='grc' dir='ltr'><strong>ἀπὺ</strong></span> <span class='ocrx_word' id='word_1_25' title='bbox 575 594 682 645; x_wconf 81' lang='grc' dir='ltr'><strong>τῶν</strong></span> <span class='ocrx_word' id='word_1_26' title='bbox 709 592 947 663; x_wconf 81' lang='grc' dir='ltr'><strong>ἡττόνων</strong></span> <span class='ocrx_word' id='word_1_27' title='bbox 973 590 1146 645; x_wconf 73' lang='grc' dir='ltr'>ἀνὰὁα</span> <span class='ocrx_word' id='word_1_28' title='bbox 1158 606 1239 651; x_wconf 86' lang='grc' dir='ltr'><strong>σις</strong></span> <span class='ocrx_word' id='word_1_29' title='bbox 1264 589 1495 656; x_wconf 78' lang='grc' dir='ltr'>γίνεται.</span> <span class='ocrx_word' id='word_1_30' title='bbox 1522 589 1734 657; x_wconf 79' lang='grc' dir='ltr'>Ἀκινή-</span> 
     </span>
    </p>
   </div>
   <div class='ocr_carea' id='block_1_7' title="bbox 151 680 1732 751">
    <p class='ocr_par' dir='ltr' id='par_1_7' title="bbox 151 680 1732 751">
     <span class='ocr_line' id='line_1_7' title="bbox 151 680 1732 751; baseline -0.003 -14"><span class='ocrx_word' id='word_1_31' title='bbox 151 701 254 747; x_wconf 90' lang='grc' dir='ltr'><strong>τως</strong></span> <span class='ocrx_word' id='word_1_32' title='bbox 303 685 359 736; x_wconf 80' lang='grc' dir='ltr'>δὲ</span> <span class='ocrx_word' id='word_1_33' title='bbox 416 683 682 737; x_wconf 77' lang='grc' dir='ltr'>κινεῖσθαί</span> <span class='ocrx_word' id='word_1_34' title='bbox 725 701 783 735; x_wconf 86' lang='grc' dir='ltr'><strong>τε</strong></span> <span class='ocrx_word' id='word_1_35' title='bbox 835 683 931 736; x_wconf 72' lang='grc' dir='ltr'>καὶ</span> <span class='ocrx_word' id='word_1_36' title='bbox 974 682 1239 751; x_wconf 82' lang='grc' dir='ltr'>φέρεσθαι</span> <span class='ocrx_word' id='word_1_37' title='bbox 1270 681 1340 732; x_wconf 79' lang='grc' dir='ltr'>τὰ</span> <span class='ocrx_word' id='word_1_38' title='bbox 1371 680 1625 751; x_wconf 71' lang='grc' dir='ltr'>ὁρώμενα</span> <span class='ocrx_word' id='word_1_39' title='bbox 1653 680 1732 732; x_wconf 82' lang='grc' dir='ltr'>εῐ-</span> 
     </span>
    </p>
   </div>
   <div class='ocr_carea' id='block_1_8' title="bbox 154 768 1730 845">
    <p class='ocr_par' dir='ltr' id='par_1_8' title="bbox 154 768 1730 845">
     <span class='ocr_line' id='line_1_8' title="bbox 154 768 1730 845; baseline -0.003 -18"><span class='ocrx_word' id='word_1_40' title='bbox 154 792 312 845; x_wconf 76' lang='grc' dir='ltr'>ρηται</span> <span class='ocrx_word' id='word_1_41' title='bbox 340 775 417 845; x_wconf 80' lang='grc' dir='ltr'><strong>τῷ</strong></span> <span class='ocrx_word' id='word_1_42' title='bbox 445 775 752 843; x_wconf 78' lang='grc' dir='ltr'>διδασκάλῳ</span> <span class='ocrx_word' id='word_1_43' title='bbox 781 774 859 843; x_wconf 80' lang='grc' dir='ltr'><strong>τῷ</strong></span> <span class='ocrx_word' id='word_1_44' title='bbox 886 775 983 843; x_wconf 82' lang='grc' dir='ltr'><strong>μὲν</strong></span> <span class='ocrx_word' id='word_1_45' title='bbox 1010 774 1152 843; x_wconf 81' lang='grc' dir='ltr'>λόγῳ</span> <span class='ocrx_word' id='word_1_46' title='bbox 1177 813 1192 835; x_wconf 89' lang='grc'><strong>,</strong></span> <span class='ocrx_word' id='word_1_47' title='bbox 1239 768 1283 839; x_wconf 77' lang='grc' dir='ltr'>ᾧ</span> <span class='ocrx_word' id='word_1_48' title='bbox 1313 772 1503 840; x_wconf 83' lang='grc' dir='ltr'>γέγονε</span> <span class='ocrx_word' id='word_1_49' title='bbox 1535 770 1730 832; x_wconf 80' lang='grc' dir='ltr'>ταῦτα,</span> 
     </span>
    </p>
   </div>
   <div class='ocr_carea' id='block_1_9' title="bbox 152 865 1731 937">
    <p class='ocr_par' dir='ltr' id='par_1_9' title="bbox 152 865 1731 937">
     <span class='ocr_line' id='line_1_9' title="bbox 152 865 1731 937; baseline -0.004 -16"><span class='ocrx_word' id='word_1_50' title='bbox 152 870 291 923; x_wconf 86' lang='grc' dir='ltr'>κατά</span> <span class='ocrx_word' id='word_1_51' title='bbox 329 886 387 921; x_wconf 87' lang='grc' dir='ltr'><strong>τε</strong></span> <span class='ocrx_word' id='word_1_52' title='bbox 435 868 597 937; x_wconf 79' lang='grc' dir='ltr'>φύσιν</span> <span class='ocrx_word' id='word_1_53' title='bbox 644 870 740 920; x_wconf 75' lang='grc' dir='ltr'>καὶ</span> <span class='ocrx_word' id='word_1_54' title='bbox 772 868 1006 937; x_wconf 81' lang='grc' dir='ltr'>δύναμιν</span> <span class='ocrx_word' id='word_1_55' title='bbox 1040 868 1135 919; x_wconf 69' lang='grc' dir='ltr'>καὶ</span> <span class='ocrx_word' id='word_1_56' title='bbox 1160 867 1466 937; x_wconf 83' lang='grc' dir='ltr'>ἐνέργειαν,</span> <span class='ocrx_word' id='word_1_57' title='bbox 1498 865 1647 930; x_wconf 78' lang='grc' dir='ltr'>τάξιν</span> <span class='ocrx_word' id='word_1_58' title='bbox 1671 880 1731 916; x_wconf 88' lang='grc' dir='ltr'><strong>τε</strong></span> 
     </span>
    </p>
   </div>
   <div class='ocr_carea' id='block_1_10' title="bbox 147 956 1732 1031">
    <p class='ocr_par' dir='ltr' id='par_1_10' title="bbox 147 956 1732 1031">
     <span class='ocr_line' id='line_1_10' title="bbox 147 956 1732 1031; baseline -0.002 -19"><span class='ocrx_word' id='word_1_59' title='bbox 147 962 237 1013; x_wconf 74' lang='grc' dir='ltr'><strong>καὶ</strong></span> <span class='ocrx_word' id='word_1_60' title='bbox 267 961 530 1030; x_wconf 78' lang='grc' dir='ltr'>διαμονὴν</span> <span class='ocrx_word' id='word_1_61' title='bbox 558 962 954 1028; x_wconf 80' lang='grc' dir='ltr'>ἀμεταστάτως</span> <span class='ocrx_word' id='word_1_62' title='bbox 985 960 1152 1031; x_wconf 78' lang='grc' dir='ltr'>ἔχειν,</span> <span class='ocrx_word' id='word_1_63' title='bbox 1186 962 1281 1013; x_wconf 73' lang='grc' dir='ltr'>καὶ</span> <span class='ocrx_word' id='word_1_64' title='bbox 1312 958 1387 1029; x_wconf 85' lang='grc' dir='ltr'>μὴ</span> <span class='ocrx_word' id='word_1_65' title='bbox 1415 956 1732 1023; x_wconf 80' lang='grc' dir='ltr'>ἐξίστασθαι</span> 
     </span>
    </p>
   </div>
   <div class='ocr_carea' id='block_1_11' title="bbox 147 1051 1731 1125">
    <p class='ocr_par' dir='ltr' id='par_1_11' title="bbox 147 1051 1731 1125">
     <span class='ocr_line' id='line_1_11' title="bbox 147 1051 1731 1125; baseline -0.002 -19"><span class='ocrx_word' id='word_1_66' title='bbox 147 1054 269 1107; x_wconf 82' lang='grc' dir='ltr'>καθ’</span> <span class='ocrx_word' id='word_1_67' title='bbox 311 1056 491 1107; x_wconf 77' lang='grc' dir='ltr'>ὁτιοῦν</span> <span class='ocrx_word' id='word_1_68' title='bbox 534 1055 636 1122; x_wconf 84' lang='grc' dir='ltr'><strong>τῆς</strong></span> <span class='ocrx_word' id='word_1_69' title='bbox 669 1058 907 1125; x_wconf 77' lang='grc' dir='ltr'><strong>φυσικῆς</strong></span> <span class='ocrx_word' id='word_1_70' title='bbox 941 1055 1202 1123; x_wconf 80' lang='grc' dir='ltr'><strong>ἰδιότητος</strong></span> <span class='ocrx_word' id='word_1_71' title='bbox 1244 1055 1338 1106; x_wconf 74' lang='grc' dir='ltr'><strong>καὶ</strong></span> <span class='ocrx_word' id='word_1_72' title='bbox 1372 1051 1731 1123; x_wconf 78' lang='grc' dir='ltr'>μεταϐάλλειν</span> 
     </span>
    </p>
   </div>
   <div class='ocr_carea' id='block_1_12' title="bbox 144 1140 1730 1215">
    <p class='ocr_par' dir='ltr' id='par_1_12' title="bbox 144 1140 1730 1215">
     <span class='ocr_line' id='line_1_12' title="bbox 144 1140 1730 1215; baseline 0.001 -22"><span class='ocrx_word' id='word_1_73' title='bbox 144 1144 221 1202; x_wconf 77' lang='grc' dir='ltr'><strong>εἰς</strong></span> <span class='ocrx_word' id='word_1_74' title='bbox 253 1142 382 1196; x_wconf 78' lang='grc' dir='ltr'>ἄλλο</span> <span class='ocrx_word' id='word_1_75' title='bbox 416 1144 509 1197; x_wconf 79' lang='grc' dir='ltr'>καὶ</span> <span class='ocrx_word' id='word_1_76' title='bbox 539 1142 846 1215; x_wconf 79' lang='grc' dir='ltr'>φύρεσθαι,</span> <span class='ocrx_word' id='word_1_77' title='bbox 900 1142 1170 1196; x_wconf 82' lang='grc' dir='ltr'>κινεῖσθαι</span> <span class='ocrx_word' id='word_1_78' title='bbox 1194 1142 1251 1195; x_wconf 78' lang='grc' dir='ltr'>δὲ</span> <span class='ocrx_word' id='word_1_79' title='bbox 1281 1142 1442 1195; x_wconf 88' lang='grc' dir='ltr'>πάλιν</span> <span class='ocrx_word' id='word_1_80' title='bbox 1481 1140 1557 1211; x_wconf 83' lang='grc' dir='ltr'>τῷ</span> <span class='ocrx_word' id='word_1_81' title='bbox 1589 1141 1730 1195; x_wconf 78' lang='grc' dir='ltr'>κατὰ</span> 
     </span>
    </p>
   </div>
   <div class='ocr_carea' id='block_1_13' title="bbox 144 1232 1730 1306">
    <p class='ocr_par' dir='ltr' id='par_1_13' title="bbox 144 1232 1730 1306">
     <span class='ocr_line' id='line_1_13' title="bbox 144 1232 1730 1306; baseline 0.001 -22"><span class='ocrx_word' id='word_1_82' title='bbox 144 1235 276 1302; x_wconf 78' lang='grc' dir='ltr'>ῥοὴν</span> <span class='ocrx_word' id='word_1_83' title='bbox 332 1236 427 1287; x_wconf 77' lang='grc' dir='ltr'>καὶ</span> <span class='ocrx_word' id='word_1_84' title='bbox 470 1235 751 1306; x_wconf 73' lang='grc' dir='ltr'>ἀπορροὴν</span> <span class='ocrx_word' id='word_1_85' title='bbox 802 1234 969 1304; x_wconf 84' lang='grc' dir='ltr'>λόγῳ,</span> <span class='ocrx_word' id='word_1_86' title='bbox 1030 1232 1256 1303; x_wconf 80' lang='grc' dir='ltr'>αὐξήσει</span> <span class='ocrx_word' id='word_1_87' title='bbox 1289 1250 1348 1285; x_wconf 86' lang='grc' dir='ltr'><strong>τε</strong></span> <span class='ocrx_word' id='word_1_88' title='bbox 1399 1235 1464 1301; x_wconf 85' lang='grc' dir='ltr'>τῇ</span> <span class='ocrx_word' id='word_1_89' title='bbox 1512 1233 1640 1303; x_wconf 78' lang='grc' dir='ltr'>περὶ</span> <span class='ocrx_word' id='word_1_90' title='bbox 1668 1232 1730 1285; x_wconf 87' lang='grc' dir='ltr'>τὸ</span> 
     </span>
    </p>
   </div>
   <div class='ocr_carea' id='block_1_14' title="bbox 142 1323 1726 1396">
    <p class='ocr_par' dir='ltr' id='par_1_14' title="bbox 142 1323 1726 1396">
     <span class='ocr_line' id='line_1_14' title="bbox 142 1323 1726 1396; baseline -0.003 -18"><span class='ocrx_word' id='word_1_91' title='bbox 142 1326 311 1378; x_wconf 71' lang='grc' dir='ltr'>ποσὸν</span> <span class='ocrx_word' id='word_1_92' title='bbox 358 1328 455 1379; x_wconf 74' lang='grc' dir='ltr'>καὶ</span> <span class='ocrx_word' id='word_1_93' title='bbox 488 1326 716 1395; x_wconf 74' lang='grc' dir='ltr'>μειώσει</span> <span class='ocrx_word' id='word_1_94' title='bbox 758 1327 853 1378; x_wconf 71' lang='grc' dir='ltr'><strong>καὶ</strong></span> <span class='ocrx_word' id='word_1_95' title='bbox 880 1328 949 1396; x_wconf 74' lang='grc' dir='ltr'>τῇ</span> <span class='ocrx_word' id='word_1_96' title='bbox 996 1326 1124 1394; x_wconf 71' lang='grc' dir='ltr'>περὶ</span> <span class='ocrx_word' id='word_1_97' title='bbox 1152 1325 1213 1377; x_wconf 76' lang='grc' dir='ltr'>τὸ</span> <span class='ocrx_word' id='word_1_98' title='bbox 1243 1324 1395 1376; x_wconf 82' lang='grc' dir='ltr'>ποιὸν</span> <span class='ocrx_word' id='word_1_99' title='bbox 1421 1323 1726 1386; x_wconf 80' lang='grc' dir='ltr'>ἀλλοιώσει,</span> 
     </span>
    </p>
   </div>
   <div class='ocr_carea' id='block_1_15' title="bbox 142 1416 1727 1486">
    <p class='ocr_par' dir='ltr' id='par_1_15' title="bbox 142 1416 1727 1486">
     <span class='ocr_line' id='line_1_15' title="bbox 142 1416 1727 1486; baseline 0 -19"><span class='ocrx_word' id='word_1_100' title='bbox 142 1416 236 1467; x_wconf 77' lang='grc' dir='ltr'><strong>καὶ</strong></span> <span class='ocrx_word' id='word_1_101' title='bbox 285 1416 491 1486; x_wconf 87' lang='grc' dir='ltr'>κυρίως</span> <span class='ocrx_word' id='word_1_102' title='bbox 537 1418 748 1478; x_wconf 77' lang='grc' dir='ltr'>εἰπεῖν,</span> <span class='ocrx_word' id='word_1_103' title='bbox 801 1419 868 1485; x_wconf 83' lang='grc' dir='ltr'><strong>τῇ</strong></span> <span class='ocrx_word' id='word_1_104' title='bbox 913 1416 971 1480; x_wconf 82' lang='grc' dir='ltr'><strong>ἐξ</strong></span> <span class='ocrx_word' id='word_1_105' title='bbox 1000 1416 1249 1486; x_wconf 81' lang='grc' dir='ltr'>ἀλλήλων</span> <span class='ocrx_word' id='word_1_106' title='bbox 1283 1416 1525 1485; x_wconf 77' lang='grc' dir='ltr'><strong>διαδοχῇ,</strong></span> <span class='ocrx_word' id='word_1_107' title='bbox 1562 1416 1727 1481; x_wconf 81' lang='grc' dir='ltr'>ὐπεξο</span> 
     </span>
    </p>
   </div>
   <div class='ocr_carea' id='block_1_16' title="bbox 142 1509 1723 1580">
    <p class='ocr_par' dir='ltr' id='par_1_16' title="bbox 142 1509 1723 1580">
     <span class='ocr_line' id='line_1_16' title="bbox 142 1509 1723 1580; baseline 0.001 -20"><span class='ocrx_word' id='word_1_108' title='bbox 142 1510 455 1578; x_wconf 80' lang='grc' dir='ltr'>ισταμένων</span> <span class='ocrx_word' id='word_1_109' title='bbox 484 1509 574 1563; x_wconf 80' lang='grc' dir='ltr'><strong>ἀεὶ</strong></span> <span class='ocrx_word' id='word_1_110' title='bbox 601 1512 715 1573; x_wconf 83' lang='grc' dir='ltr'>τοῖς</span> <span class='ocrx_word' id='word_1_111' title='bbox 743 1510 1128 1579; x_wconf 85' lang='grc' dir='ltr'>ἐπιγνομένοις</span> <span class='ocrx_word' id='word_1_112' title='bbox 1158 1510 1264 1563; x_wconf 84' lang='grc' dir='ltr'><strong>τῶν</strong></span> <span class='ocrx_word' id='word_1_113' title='bbox 1295 1509 1723 1580; x_wconf 80' lang='grc' dir='ltr'>προειληφότων.</span> 
     </span>
    </p>
   </div>
   <div class='ocr_carea' id='block_1_17' title="bbox 139 1600 1727 1667">
    <p class='ocr_par' dir='ltr' id='par_1_17' title="bbox 139 1600 1727 1667">
     <span class='ocr_line' id='line_1_17' title="bbox 139 1600 1727 1667; baseline -0.001 -14"><span class='ocrx_word' id='word_1_114' title='bbox 139 1600 253 1653; x_wconf 74' lang='grc' dir='ltr'><strong>Καὶ</strong></span> <span class='ocrx_word' id='word_1_115' title='bbox 282 1600 471 1663; x_wconf 81' lang='grc' dir='ltr'>ἁπλῶς</span> <span class='ocrx_word' id='word_1_116' title='bbox 502 1602 587 1654; x_wconf 83' lang='grc' dir='ltr'><strong>ἵνα</strong></span> <span class='ocrx_word' id='word_1_117' title='bbox 616 1601 855 1654; x_wconf 80' lang='grc' dir='ltr'>συνελὼν</span> <span class='ocrx_word' id='word_1_118' title='bbox 886 1602 1047 1667; x_wconf 81' lang='grc' dir='ltr'>εἴπω,</span> <span class='ocrx_word' id='word_1_119' title='bbox 1084 1602 1260 1655; x_wconf 85' lang='grc' dir='ltr'>πάντα</span> <span class='ocrx_word' id='word_1_120' title='bbox 1284 1603 1351 1654; x_wconf 69' lang='grc' dir='ltr'><strong>τὰ</strong></span> <span class='ocrx_word' id='word_1_121' title='bbox 1375 1603 1506 1654; x_wconf 74' lang='grc' dir='ltr'>ὄντα</span> <span class='ocrx_word' id='word_1_122' title='bbox 1527 1602 1648 1653; x_wconf 79' lang='grc' dir='ltr'>καθ’</span> <span class='ocrx_word' id='word_1_123' title='bbox 1667 1601 1727 1653; x_wconf 82' lang='grc' dir='ltr'>ὃν</span> 
     </span>
    </p>
   </div>
   <div class='ocr_carea' id='block_1_18' title="bbox 140 1692 1725 1764">
    <p class='ocr_par' dir='ltr' id='par_1_18' title="bbox 140 1692 1725 1764">
     <span class='ocr_line' id='line_1_18' title="bbox 140 1692 1725 1764; baseline -0.001 -19"><span class='ocrx_word' id='word_1_124' title='bbox 140 1692 245 1761; x_wconf 83' lang='grc' dir='ltr'>μὲν</span> <span class='ocrx_word' id='word_1_125' title='bbox 278 1693 597 1763; x_wconf 73' lang='grc' dir='ltr'>ὐπέστησάν</span> <span class='ocrx_word' id='word_1_126' title='bbox 626 1711 684 1746; x_wconf 86' lang='grc' dir='ltr'><strong>τε</strong></span> <span class='ocrx_word' id='word_1_127' title='bbox 717 1694 813 1746; x_wconf 77' lang='grc' dir='ltr'><strong>καὶ</strong></span> <span class='ocrx_word' id='word_1_128' title='bbox 843 1694 951 1746; x_wconf 71' lang='grc' dir='ltr'>εἰσὶ</span> <span class='ocrx_word' id='word_1_129' title='bbox 978 1694 1166 1760; x_wconf 87' lang='grc' dir='ltr'>λόγον,</span> <span class='ocrx_word' id='word_1_130' title='bbox 1226 1695 1467 1764; x_wconf 87' lang='grc' dir='ltr'>στάσιμά</span> <span class='ocrx_word' id='word_1_131' title='bbox 1494 1711 1553 1745; x_wconf 85' lang='grc' dir='ltr'><strong>τε</strong></span> <span class='ocrx_word' id='word_1_132' title='bbox 1586 1711 1725 1745; x_wconf 85' lang='grc' dir='ltr'>παν-</span> 
     </span>
    </p>
   </div>
   <div class='ocr_carea' id='block_1_19' title="bbox 135 1783 1727 1855">
    <p class='ocr_par' dir='ltr' id='par_1_19' title="bbox 135 1783 1727 1855">
     <span class='ocr_line' id='line_1_19' title="bbox 135 1783 1727 1855; baseline 0.002 -21"><span class='ocrx_word' id='word_1_133' title='bbox 135 1783 310 1846; x_wconf 85' lang='grc' dir='ltr'>τελῶς</span> <span class='ocrx_word' id='word_1_134' title='bbox 340 1785 445 1836; x_wconf 79' lang='grc' dir='ltr'>εἰσι</span> <span class='ocrx_word' id='word_1_135' title='bbox 496 1786 590 1837; x_wconf 79' lang='grc' dir='ltr'><strong>καὶ</strong></span> <span class='ocrx_word' id='word_1_136' title='bbox 615 1784 848 1854; x_wconf 70' lang='grc' dir='ltr'>ἀκίνητα</span> <span class='ocrx_word' id='word_1_137' title='bbox 874 1826 890 1850; x_wconf 92' lang='grc'><strong>,</strong></span> <span class='ocrx_word' id='word_1_138' title='bbox 945 1785 1023 1855; x_wconf 80' lang='grc' dir='ltr'><strong>τῷ</strong></span> <span class='ocrx_word' id='word_1_139' title='bbox 1047 1785 1105 1838; x_wconf 83' lang='grc' dir='ltr'>δὲ</span> <span class='ocrx_word' id='word_1_140' title='bbox 1136 1785 1244 1839; x_wconf 86' lang='grc' dir='ltr'><strong>τῶν</strong></span> <span class='ocrx_word' id='word_1_141' title='bbox 1272 1786 1399 1855; x_wconf 71' lang='grc' dir='ltr'>περὶ</span> <span class='ocrx_word' id='word_1_142' title='bbox 1422 1786 1560 1839; x_wconf 68' lang='grc' dir='ltr'>αὐτὰ</span> <span class='ocrx_word' id='word_1_143' title='bbox 1589 1785 1727 1837; x_wconf 87' lang='grc' dir='ltr'>Οεω-</span> 
     </span>
    </p>
   </div>
   <div class='ocr_carea' id='block_1_20' title="bbox 139 1874 1726 1946">
    <p class='ocr_par' dir='ltr' id='par_1_20' title="bbox 139 1874 1726 1946">
     <span class='ocr_line' id='line_1_20' title="bbox 139 1874 1726 1946; baseline 0.001 -21"><span class='ocrx_word' id='word_1_144' title='bbox 139 1874 420 1943; x_wconf 84' lang='grc' dir='ltr'>ρουμένων</span> <span class='ocrx_word' id='word_1_145' title='bbox 448 1875 622 1944; x_wconf 75' lang='grc' dir='ltr'>λόγῳ,</span> <span class='ocrx_word' id='word_1_146' title='bbox 654 1876 777 1929; x_wconf 83' lang='grc' dir='ltr'>καθ’</span> <span class='ocrx_word' id='word_1_147' title='bbox 804 1876 864 1928; x_wconf 88' lang='grc' dir='ltr'>ὃν</span> <span class='ocrx_word' id='word_1_148' title='bbox 893 1877 926 1946; x_wconf 80' lang='grc' dir='ltr'>ἡ</span> <span class='ocrx_word' id='word_1_149' title='bbox 955 1875 1051 1929; x_wconf 77' lang='grc' dir='ltr'>τοῦ</span> <span class='ocrx_word' id='word_1_150' title='bbox 1084 1876 1283 1940; x_wconf 81' lang='grc' dir='ltr'>παντὸς</span> <span class='ocrx_word' id='word_1_151' title='bbox 1311 1876 1505 1930; x_wconf 74' lang='grc' dir='ltr'>τούτου</span> <span class='ocrx_word' id='word_1_152' title='bbox 1539 1875 1726 1945; x_wconf 82' lang='grc' dir='ltr'>σαφῶς</span> 
     </span>
    </p>
   </div>
   <div class='ocr_carea' id='block_1_21' title="bbox 131 1965 1727 2036">
    <p class='ocr_par' dir='ltr' id='par_1_21' title="bbox 131 1965 1727 2036">
     <span class='ocr_line' id='line_1_21' title="bbox 131 1965 1727 2036; baseline 0.003 -21"><span class='ocrx_word' id='word_1_153' title='bbox 131 1965 419 2035; x_wconf 79' lang='grc' dir='ltr'>οἰκονομία</span> <span class='ocrx_word' id='word_1_154' title='bbox 450 1967 748 2036; x_wconf 75' lang='grc' dir='ltr'>συνέστηκέ</span> <span class='ocrx_word' id='word_1_155' title='bbox 778 1984 836 2019; x_wconf 88' lang='grc' dir='ltr'><strong>τε</strong></span> <span class='ocrx_word' id='word_1_156' title='bbox 872 1969 965 2020; x_wconf 75' lang='grc' dir='ltr'>καὶ</span> <span class='ocrx_word' id='word_1_157' title='bbox 994 1967 1323 2036; x_wconf 81' lang='grc' dir='ltr'>διεξάγεται,</span> <span class='ocrx_word' id='word_1_158' title='bbox 1354 1968 1532 2021; x_wconf 85' lang='grc' dir='ltr'>πάντα</span> <span class='ocrx_word' id='word_1_159' title='bbox 1560 1969 1727 2020; x_wconf 86' lang='grc' dir='ltr'>κινεῖ-</span> 
     </span>
    </p>
   </div>
   <div class='ocr_carea' id='block_1_22' title="bbox 130 2053 1723 2128">
    <p class='ocr_par' dir='ltr' id='par_1_22' title="bbox 130 2053 1723 2128">
     <span class='ocr_line' id='line_1_22' title="bbox 130 2053 1723 2128; baseline 0.003 -21"><span class='ocrx_word' id='word_1_160' title='bbox 130 2073 225 2108; x_wconf 86' lang='grc' dir='ltr'><strong>ται</strong></span> <span class='ocrx_word' id='word_1_161' title='bbox 265 2057 509 2127; x_wconf 80' lang='grc' dir='ltr'>δηλονότι</span> <span class='ocrx_word' id='word_1_162' title='bbox 563 2057 656 2111; x_wconf 77' lang='grc' dir='ltr'><strong>καὶ</strong></span> <span class='ocrx_word' id='word_1_163' title='bbox 695 2059 938 2112; x_wconf 80' lang='grc' dir='ltr'>ἁστατεί.</span> <span class='ocrx_word' id='word_1_164' title='bbox 988 2060 1065 2113; x_wconf 90' lang='grc' dir='ltr'>Οὐ</span> <span class='ocrx_word' id='word_1_165' title='bbox 1089 2059 1284 2112; x_wconf 81' lang='grc' dir='ltr'>ταύτὸν</span> <span class='ocrx_word' id='word_1_166' title='bbox 1307 2059 1365 2112; x_wconf 80' lang='grc' dir='ltr'>δέ</span> <span class='ocrx_word' id='word_1_167' title='bbox 1393 2075 1558 2128; x_wconf 88' lang='grc' dir='ltr'>φασιν</span> <span class='ocrx_word' id='word_1_168' title='bbox 1582 2053 1723 2112; x_wconf 78' lang='grc' dir='ltr'>εἶναι</span> 
     </span>
    </p>
   </div>
   <div class='ocr_carea' id='block_1_23' title="bbox 131 2149 1725 2223">
    <p class='ocr_par' dir='ltr' id='par_1_23' title="bbox 131 2149 1725 2223">
     <span class='ocr_line' id='line_1_23' title="bbox 131 2149 1725 2223; baseline 0.004 -24"><span class='ocrx_word' id='word_1_169' title='bbox 131 2150 200 2219; x_wconf 80' lang='grc' dir='ltr'>τῇ</span> <span class='ocrx_word' id='word_1_170' title='bbox 228 2151 374 2219; x_wconf 86' lang='grc' dir='ltr'>φορᾷ</span> <span class='ocrx_word' id='word_1_171' title='bbox 404 2149 503 2219; x_wconf 83' lang='grc' dir='ltr'><strong>τὴν</strong></span> <span class='ocrx_word' id='word_1_172' title='bbox 530 2150 765 2221; x_wconf 83' lang='grc' dir='ltr'>κίνησιν.</span> <span class='ocrx_word' id='word_1_173' title='bbox 827 2151 940 2223; x_wconf 81' lang='grc' dir='ltr'>Τὴν</span> <span class='ocrx_word' id='word_1_174' title='bbox 988 2152 1088 2222; x_wconf 80' lang='grc' dir='ltr'>μὲν</span> <span class='ocrx_word' id='word_1_175' title='bbox 1116 2153 1226 2223; x_wconf 79' lang='grc' dir='ltr'>γὰρ</span> <span class='ocrx_word' id='word_1_176' title='bbox 1275 2153 1490 2223; x_wconf 85' lang='grc' dir='ltr'>κίνησιν</span> <span class='ocrx_word' id='word_1_177' title='bbox 1522 2153 1725 2221; x_wconf 78' lang='grc' dir='ltr'>μᾶλλον</span> 
     </span>
    </p>
   </div>
   <div class='ocr_carea' id='block_1_24' title="bbox 131 2235 1724 2311">
    <p class='ocr_par' dir='ltr' id='par_1_24' title="bbox 131 2235 1724 2311">
     <span class='ocr_line' id='line_1_24' title="bbox 131 2235 1724 2311; baseline 0.002 -20"><span class='ocrx_word' id='word_1_178' title='bbox 131 2235 275 2292; x_wconf 81' lang='grc' dir='ltr'>εἷναί</span> <span class='ocrx_word' id='word_1_179' title='bbox 310 2240 492 2310; x_wconf 70' lang='lat'><strong>(185</strong></span> <span class='ocrx_word' id='word_1_180' title='bbox 515 2241 566 2311; x_wconf 89' lang='lat' dir='ltr'><strong>b)</strong></span> <span class='ocrx_word' id='word_1_181' title='bbox 594 2258 725 2309; x_wconf 80' lang='grc' dir='ltr'>φασι</span> <span class='ocrx_word' id='word_1_182' title='bbox 750 2240 861 2295; x_wconf 86' lang='grc' dir='ltr'><strong>τῶν</strong></span> <span class='ocrx_word' id='word_1_183' title='bbox 885 2242 991 2295; x_wconf 83' lang='grc' dir='ltr'>ὐπὸ</span> <span class='ocrx_word' id='word_1_184' title='bbox 1011 2241 1227 2311; x_wconf 81' lang='grc' dir='ltr'>γένεσιν</span> <span class='ocrx_word' id='word_1_185' title='bbox 1254 2242 1350 2295; x_wconf 76' lang='grc' dir='ltr'>καὶ</span> <span class='ocrx_word' id='word_1_186' title='bbox 1386 2241 1612 2310; x_wconf 85' lang='grc' dir='ltr'>φθορὰν,</span> <span class='ocrx_word' id='word_1_187' title='bbox 1647 2242 1724 2305; x_wconf 85' lang='grc' dir='ltr'>ὡς</span> 
     </span>
    </p>
   </div>
   <div class='ocr_carea' id='block_1_25' title="bbox 132 2334 1719 2406">
    <p class='ocr_par' dir='ltr' id='par_1_25' title="bbox 132 2334 1719 2406">
     <span class='ocr_line' id='line_1_25' title="bbox 132 2334 1719 2406; baseline 0.002 -21"><span class='ocrx_word' id='word_1_188' title='bbox 132 2334 541 2404; x_wconf 81' lang='grc' dir='ltr'>ἐπιδεχομένων</span> <span class='ocrx_word' id='word_1_189' title='bbox 586 2337 700 2398; x_wconf 89' lang='grc' dir='ltr'>τοῖς</span> <span class='ocrx_word' id='word_1_190' title='bbox 735 2335 864 2406; x_wconf 73' lang='grc' dir='ltr'>περὶ</span> <span class='ocrx_word' id='word_1_191' title='bbox 893 2334 1033 2388; x_wconf 84' lang='grc' dir='ltr'>αὐτὰ</span> <span class='ocrx_word' id='word_1_192' title='bbox 1063 2335 1461 2406; x_wconf 83' lang='grc' dir='ltr'>Θεωρουμένοις</span> <span class='ocrx_word' id='word_1_193' title='bbox 1492 2335 1554 2388; x_wconf 85' lang='grc' dir='ltr'><strong>τὸ</strong></span> <span class='ocrx_word' id='word_1_194' title='bbox 1584 2335 1719 2405; x_wconf 81' lang='grc' dir='ltr'><strong>μᾶλ-</strong></span> 
     </span>
    </p>
   </div>
   <div class='ocr_carea' id='block_1_26' title="bbox 132 2420 1720 2496">
    <p class='ocr_par' dir='ltr' id='par_1_26' title="bbox 132 2420 1720 2496">
     <span class='ocr_line' id='line_1_26' title="bbox 132 2420 1720 2496; baseline 0.002 -21"><span class='ocrx_word' id='word_1_195' title='bbox 132 2424 226 2477; x_wconf 91' lang='grc' dir='ltr'><strong>λον</strong></span> <span class='ocrx_word' id='word_1_196' title='bbox 256 2424 354 2476; x_wconf 81' lang='grc' dir='ltr'>καὶ</span> <span class='ocrx_word' id='word_1_197' title='bbox 382 2426 443 2478; x_wconf 81' lang='grc' dir='ltr'><strong>τὸ</strong></span> <span class='ocrx_word' id='word_1_198' title='bbox 467 2420 633 2496; x_wconf 84' lang='grc' dir='ltr'>ἦττον</span> <span class='ocrx_word' id='word_1_199' title='bbox 663 2425 787 2495; x_wconf 88' lang='grc' dir='ltr'>(κᾶν</span> <span class='ocrx_word' id='word_1_200' title='bbox 816 2426 910 2479; x_wconf 81' lang='grc' dir='ltr'><strong>ἐπὶ</strong></span> <span class='ocrx_word' id='word_1_201' title='bbox 942 2426 1157 2480; x_wconf 88' lang='grc' dir='ltr'>πάντων</span> <span class='ocrx_word' id='word_1_202' title='bbox 1185 2424 1323 2495; x_wconf 82' lang='grc' dir='ltr'>ὁμοῦ</span> <span class='ocrx_word' id='word_1_203' title='bbox 1348 2426 1457 2478; x_wconf 86' lang='grc' dir='ltr'><strong>τῶν</strong></span> <span class='ocrx_word' id='word_1_204' title='bbox 1479 2425 1720 2494; x_wconf 76' lang='grc' dir='ltr'>γενητῶν</span> 
     </span>
    </p>
   </div>
   <div class='ocr_carea' id='block_1_27' title="bbox 132 2515 1720 2588">
    <p class='ocr_par' dir='ltr' id='par_1_27' title="bbox 132 2515 1720 2588">
     <span class='ocr_line' id='line_1_27' title="bbox 132 2515 1720 2588; baseline 0.001 -21"><span class='ocrx_word' id='word_1_205' title='bbox 132 2516 345 2585; x_wconf 83' lang='grc' dir='ltr'>κυρίως</span> <span class='ocrx_word' id='word_1_206' title='bbox 372 2515 632 2583; x_wconf 83' lang='grc' dir='ltr'>λέγεσθαι</span> <span class='ocrx_word' id='word_1_207' title='bbox 659 2517 929 2587; x_wconf 80' lang='grc' dir='ltr'>δυνατὸν),</span> <span class='ocrx_word' id='word_1_208' title='bbox 957 2517 1059 2588; x_wconf 80' lang='grc' dir='ltr'>τὴν</span> <span class='ocrx_word' id='word_1_209' title='bbox 1079 2518 1137 2570; x_wconf 85' lang='grc' dir='ltr'>δὲ</span> <span class='ocrx_word' id='word_1_210' title='bbox 1160 2516 1337 2587; x_wconf 67' lang='grc' dir='ltr'>φορὰν</span> <span class='ocrx_word' id='word_1_211' title='bbox 1354 2517 1453 2586; x_wconf 83' lang='grc' dir='ltr'><strong>τῆς</strong></span> <span class='ocrx_word' id='word_1_212' title='bbox 1471 2516 1613 2571; x_wconf 86' lang='grc' dir='ltr'>κατὰ</span> <span class='ocrx_word' id='word_1_213' title='bbox 1630 2515 1720 2568; x_wconf 86' lang='grc' dir='ltr'><strong>κύ-</strong></span> 
     </span>
    </p>
   </div>
   <div class='ocr_carea' id='block_1_28' title="bbox 131 2606 1717 2679">
    <p class='ocr_par' dir='ltr' id='par_1_28' title="bbox 131 2606 1717 2679">
     <span class='ocr_line' id='line_1_28' title="bbox 131 2606 1717 2679; baseline 0.001 -21"><span class='ocrx_word' id='word_1_214' title='bbox 131 2606 265 2659; x_wconf 92' lang='grc' dir='ltr'>κλον</span> <span class='ocrx_word' id='word_1_215' title='bbox 316 2608 646 2678; x_wconf 78' lang='grc' dir='ltr'><strong>κινουμένης</strong></span> <span class='ocrx_word' id='word_1_216' title='bbox 693 2607 884 2671; x_wconf 80' lang='grc' dir='ltr'>οὐσίας</span> <span class='ocrx_word' id='word_1_217' title='bbox 925 2608 1021 2662; x_wconf 74' lang='grc' dir='ltr'><strong>καὶ</strong></span> <span class='ocrx_word' id='word_1_218' title='bbox 1054 2607 1353 2678; x_wconf 84' lang='grc' dir='ltr'>ἀκαμάτως</span> <span class='ocrx_word' id='word_1_219' title='bbox 1379 2607 1478 2677; x_wconf 84' lang='grc' dir='ltr'><strong>τὴν</strong></span> <span class='ocrx_word' id='word_1_220' title='bbox 1507 2606 1717 2679; x_wconf 85' lang='grc' dir='ltr'>περιδί-</span> 
     </span>
    </p>
   </div>
   <div class='ocr_carea' id='block_1_29' title="bbox 129 2696 1718 2771">
    <p class='ocr_par' dir='ltr' id='par_1_29' title="bbox 129 2696 1718 2771">
     <span class='ocr_line' id='line_1_29' title="bbox 129 2696 1718 2771; baseline 0.002 -23"><span class='ocrx_word' id='word_1_221' title='bbox 129 2713 316 2766; x_wconf 86' lang='grc' dir='ltr'>νησιν.</span> <span class='ocrx_word' id='word_1_222' title='bbox 376 2698 491 2752; x_wconf 86' lang='grc' dir='ltr'>Οὐκ</span> <span class='ocrx_word' id='word_1_223' title='bbox 537 2696 658 2754; x_wconf 79' lang='grc' dir='ltr'>οἶδα</span> <span class='ocrx_word' id='word_1_224' title='bbox 706 2700 937 2771; x_wconf 88' lang='grc' dir='ltr'>πότερον</span> <span class='ocrx_word' id='word_1_225' title='bbox 984 2698 1318 2769; x_wconf 83' lang='grc' dir='ltr'>θαρῤήσαντι</span> <span class='ocrx_word' id='word_1_226' title='bbox 1360 2699 1489 2770; x_wconf 81' lang='grc' dir='ltr'>περὶ</span> <span class='ocrx_word' id='word_1_227' title='bbox 1523 2698 1583 2751; x_wconf 84' lang='grc' dir='ltr'>τὸ</span> <span class='ocrx_word' id='word_1_228' title='bbox 1608 2697 1718 2752; x_wconf 80' lang='grc' dir='ltr'><strong>πᾶν</strong></span> 
     </span>
    </p>
   </div>
   <div class='ocr_carea' id='block_1_30' title="bbox 131 2788 1719 2864">
    <p class='ocr_par' dir='ltr' id='par_1_30' title="bbox 131 2788 1719 2864">
     <span class='ocr_line' id='line_1_30' title="bbox 131 2788 1719 2864; baseline 0.001 -22"><span class='ocrx_word' id='word_1_229' title='bbox 131 2788 387 2857; x_wconf 82' lang='grc' dir='ltr'>φυσικῶς</span> <span class='ocrx_word' id='word_1_230' title='bbox 436 2791 769 2864; x_wconf 77' lang='grc' dir='ltr'>ἐνεργούσης</span> <span class='ocrx_word' id='word_1_231' title='bbox 813 2791 994 2860; x_wconf 84' lang='grc' dir='ltr'>λέγειν</span> <span class='ocrx_word' id='word_1_232' title='bbox 1024 2791 1175 2844; x_wconf 74' lang='grc' dir='ltr'>ἐστὶν</span> <span class='ocrx_word' id='word_1_233' title='bbox 1211 2790 1454 2860; x_wconf 83' lang='grc' dir='ltr'>ἀσφαλὲς</span> <span class='ocrx_word' id='word_1_234' title='bbox 1508 2790 1535 2859; x_wconf 75' lang='grc' dir='ltr'>ἢ</span> <span class='ocrx_word' id='word_1_235' title='bbox 1566 2791 1719 2863; x_wconf 83' lang='grc' dir='ltr'>ἐνερ-</span> 
     </span>
    </p>
   </div>
   <div class='ocr_carea' id='block_1_31' title="bbox 130 2879 1715 2954">
    <p class='ocr_par' dir='ltr' id='par_1_31' title="bbox 130 2879 1715 2954">
     <span class='ocr_line' id='line_1_31' title="bbox 130 2879 1715 2954; baseline -0.015 1"><span class='ocrx_word' id='word_1_236' title='bbox 130 2882 410 2953; x_wconf 72' lang='grc' dir='ltr'><strong>’ϊουμένης</strong></span> <span class='ocrx_word' id='word_1_237' title='bbox 426 2922 442 2949; x_wconf 85' lang='grc'><strong>,</strong></span> <span class='ocrx_word' id='word_1_238' title='bbox 487 2883 627 2954; x_wconf 76' lang='grc' dir='ltr'>πλὴν</span> <span class='ocrx_word' id='word_1_239' title='bbox 654 2885 739 2938; x_wconf 86' lang='grc' dir='ltr'>ὅτι</span> <span class='ocrx_word' id='word_1_240' title='bbox 769 2883 976 2954; x_wconf 78' lang='grc' dir='ltr'>κυρίως</span> <span class='ocrx_word' id='word_1_241' title='bbox 1004 2884 1178 2937; x_wconf 77' lang='grc' dir='ltr'>εἰπεῖν</span> <span class='ocrx_word' id='word_1_242' title='bbox 1206 2885 1356 2937; x_wconf 78' lang='grc' dir='ltr'>ἐστιν</span> <span class='ocrx_word' id='word_1_243' title='bbox 1385 2879 1715 2952; x_wconf 77' lang='grc' dir='ltr'>ἐνεργουμέ-</span> 
     </span>
    </p>
   </div>
   <div class='ocr_carea' id='block_1_32' title="bbox 128 2973 1758 3047">
    <p class='ocr_par' dir='ltr' id='par_1_32' title="bbox 128 2973 1758 3047">
     <span class='ocr_line' id='line_1_32' title="bbox 128 2973 1758 3047; baseline 0.001 -22"><span class='ocrx_word' id='word_1_244' title='bbox 128 2990 232 3044; x_wconf 82' lang='grc' dir='ltr'><strong>νης</strong></span> <span class='ocrx_word' id='word_1_245' title='bbox 280 2974 341 3026; x_wconf 80' lang='grc' dir='ltr'>τὸ</span> <span class='ocrx_word' id='word_1_246' title='bbox 390 2975 674 3047; x_wconf 82' lang='grc' dir='ltr'>φέρεσθαι.</span> <span class='ocrx_word' id='word_1_247' title='bbox 740 2977 909 3031; x_wconf 80' lang='grc' dir='ltr'>Οὐδὲν</span> <span class='ocrx_word' id='word_1_248' title='bbox 947 2978 1055 3046; x_wconf 81' lang='grc' dir='ltr'>γὰρ</span> <span class='ocrx_word' id='word_1_249' title='bbox 1096 2977 1205 3030; x_wconf 88' lang='grc' dir='ltr'><strong>τῶν</strong></span> <span class='ocrx_word' id='word_1_250' title='bbox 1232 2977 1403 3029; x_wconf 72' lang='grc' dir='ltr'>ὄντων</span> <span class='ocrx_word' id='word_1_251' title='bbox 1435 2973 1715 3036; x_wconf 83' lang='grc' dir='ltr'>παντελῶς</span> <span class='ocrx_word' id='word_1_252' title='bbox 1753 3010 1758 3016; x_wconf 85' lang='grc'><strong><em>-</em></strong></span> 
     </span>
    </p>
   </div>
   <div class='ocr_carea' id='block_1_33' title="bbox 131 3067 1714 3140">
    <p class='ocr_par' dir='ltr' id='par_1_33' title="bbox 131 3067 1714 3140">
     <span class='ocr_line' id='line_1_33' title="bbox 131 3067 1714 3140; baseline 0.001 -23"><span class='ocrx_word' id='word_1_253' title='bbox 131 3069 283 3118; x_wconf 82' lang='grc' dir='ltr'>ἐστιν</span> <span class='ocrx_word' id='word_1_254' title='bbox 305 3067 720 3139; x_wconf 82' lang='grc' dir='ltr'>αὐτενέργητον,</span> <span class='ocrx_word' id='word_1_255' title='bbox 751 3071 833 3123; x_wconf 77' lang='grc' dir='ltr'><strong>ὄτι</strong></span> <span class='ocrx_word' id='word_1_256' title='bbox 860 3071 995 3140; x_wconf 78' lang='grc' dir='ltr'>μηδὲ</span> <span class='ocrx_word' id='word_1_257' title='bbox 1016 3070 1277 3133; x_wconf 78' lang='grc' dir='ltr'>ἀναίτιον,</span> <span class='ocrx_word' id='word_1_258' title='bbox 1305 3068 1366 3120; x_wconf 82' lang='grc' dir='ltr'>τὸ</span> <span class='ocrx_word' id='word_1_259' title='bbox 1385 3067 1442 3120; x_wconf 82' lang='grc' dir='ltr'>δὲ</span> <span class='ocrx_word' id='word_1_260' title='bbox 1466 3067 1540 3137; x_wconf 81' lang='grc' dir='ltr'>μὴ</span> <span class='ocrx_word' id='word_1_261' title='bbox 1564 3067 1714 3119; x_wconf 72' lang='grc' dir='ltr'>ἀναί-</span> 
     </span>
    </p>
   </div>
   <div class='ocr_carea' id='block_1_34' title="bbox 132 3159 1782 3237">
    <p class='ocr_par' dir='ltr' id='par_1_34' title="bbox 132 3159 1782 3237">
     <span class='ocr_line' id='line_1_34' title="bbox 132 3159 1782 3237; baseline 0.001 -27"><span class='ocrx_word' id='word_1_262' title='bbox 132 3176 246 3211; x_wconf 84' lang='grc' dir='ltr'>τιον</span> <span class='ocrx_word' id='word_1_263' title='bbox 268 3202 282 3223; x_wconf 86' lang='grc'><strong>,</strong></span> <span class='ocrx_word' id='word_1_264' title='bbox 336 3162 562 3213; x_wconf 78' lang='grc' dir='ltr'>κινεῖται</span> <span class='ocrx_word' id='word_1_265' title='bbox 592 3163 810 3224; x_wconf 89' lang='grc' dir='ltr'>πάντως</span> <span class='ocrx_word' id='word_1_266' title='bbox 838 3163 906 3215; x_wconf 87' lang='grc' dir='ltr'><strong>δι’</strong></span> <span class='ocrx_word' id='word_1_267' title='bbox 925 3162 1106 3216; x_wconf 72' lang='grc' dir='ltr'>αἰτίαν</span> <span class='ocrx_word' id='word_1_268' title='bbox 1124 3203 1139 3226; x_wconf 95' lang='grc'><strong>,</strong></span> <span class='ocrx_word' id='word_1_269' title='bbox 1192 3160 1589 3232; x_wconf 81' lang='grc' dir='ltr'>ἐνεργούμενον</span> <span class='ocrx_word' id='word_1_270' title='bbox 1616 3159 1711 3228; x_wconf 84' lang='grc' dir='ltr'>δη·</span> <span class='ocrx_word' id='word_1_271' title='bbox 1739 3181 1782 3237; x_wconf 76' lang='lat' dir='ltr'>c</span> 
     </span>
    </p>
   </div>
   <div class='ocr_carea' id='block_1_35' title="bbox 128 3248 1712 3320">
    <p class='ocr_par' dir='ltr' id='par_1_35' title="bbox 128 3248 1712 3320">
     <span class='ocr_line' id='line_1_35' title="bbox 128 3248 1712 3320; baseline 0.009 -21"><span class='ocrx_word' id='word_1_272' title='bbox 128 3248 309 3301; x_wconf 88' lang='grc' dir='ltr'>λονότι</span> <span class='ocrx_word' id='word_1_273' title='bbox 355 3250 416 3302; x_wconf 81' lang='grc' dir='ltr'><strong>τὸ</strong></span> <span class='ocrx_word' id='word_1_274' title='bbox 448 3251 717 3303; x_wconf 82' lang='grc' dir='ltr'>κινεῖσθαι</span> <span class='ocrx_word' id='word_1_275' title='bbox 747 3251 994 3320; x_wconf 84' lang='grc' dir='ltr'>φυσικῶς</span> <span class='ocrx_word' id='word_1_276' title='bbox 1024 3252 1129 3304; x_wconf 82' lang='grc' dir='ltr'>ὑπὸ</span> <span class='ocrx_word' id='word_1_277' title='bbox 1158 3251 1257 3320; x_wconf 81' lang='grc' dir='ltr'><strong>τῆς</strong></span> <span class='ocrx_word' id='word_1_278' title='bbox 1288 3250 1466 3311; x_wconf 80' lang='grc' dir='ltr'>αἰτίας</span> <span class='ocrx_word' id='word_1_279' title='bbox 1486 3286 1501 3313; x_wconf 71' lang='grc'><strong>9</strong></span> <span class='ocrx_word' id='word_1_280' title='bbox 1550 3248 1620 3300; x_wconf 75' lang='grc' dir='ltr'>δι’</span> <span class='ocrx_word' id='word_1_281' title='bbox 1644 3249 1712 3317; x_wconf 71' lang='grc' dir='ltr'><strong>ἦν</strong></span> 
     </span>
    </p>
   </div>
   <div class='ocr_carea' id='block_1_36' title="bbox 128 3340 1712 3414">
    <p class='ocr_par' dir='ltr' id='par_1_36' title="bbox 128 3340 1712 3414">
     <span class='ocr_line' id='line_1_36' title="bbox 128 3340 1712 3414; baseline -0.001 -21"><span class='ocrx_word' id='word_1_282' title='bbox 128 3340 228 3393; x_wconf 77' lang='grc' dir='ltr'>καὶ</span> <span class='ocrx_word' id='word_1_283' title='bbox 278 3342 414 3412; x_wconf 79' lang='grc' dir='ltr'>πρὸς</span> <span class='ocrx_word' id='word_1_284' title='bbox 457 3343 525 3414; x_wconf 79' lang='grc' dir='ltr'>ἢν</span> <span class='ocrx_word' id='word_1_285' title='bbox 578 3345 817 3396; x_wconf 79' lang='grc' dir='ltr'>ποιεῖται</span> <span class='ocrx_word' id='word_1_286' title='bbox 862 3345 961 3414; x_wconf 83' lang='grc' dir='ltr'>τὴν</span> <span class='ocrx_word' id='word_1_287' title='bbox 1004 3344 1238 3414; x_wconf 80' lang='grc' dir='ltr'>κίνησιν.</span> <span class='ocrx_word' id='word_1_288' title='bbox 1286 3341 1565 3405; x_wconf 84' lang='grc' dir='ltr'>Ἀναιτίως</span> <span class='ocrx_word' id='word_1_289' title='bbox 1602 3341 1712 3411; x_wconf 61' lang='grc' dir='ltr'><strong>γὰρ</strong></span> 
     </span>
    </p>
   </div>
   <div class='ocr_carea' id='block_1_37' title="bbox 125 3431 1713 3506">
    <p class='ocr_par' dir='ltr' id='par_1_37' title="bbox 125 3431 1713 3506">
     <span class='ocr_line' id='line_1_37' title="bbox 125 3431 1713 3506; baseline 0.001 -23"><span class='ocrx_word' id='word_1_290' title='bbox 125 3431 383 3501; x_wconf 84' lang='grc' dir='ltr'>οὐδαμῶς</span> <span class='ocrx_word' id='word_1_291' title='bbox 432 3437 662 3487; x_wconf 78' lang='grc' dir='ltr'>κινεῖται</span> <span class='ocrx_word' id='word_1_292' title='bbox 715 3434 839 3488; x_wconf 82' lang='grc' dir='ltr'>καθ’</span> <span class='ocrx_word' id='word_1_293' title='bbox 877 3435 1184 3506; x_wconf 81' lang='grc' dir='ltr'>οἱονδήτινα</span> <span class='ocrx_word' id='word_1_294' title='bbox 1228 3436 1431 3501; x_wconf 77' lang='grc' dir='ltr'>τρόπον</span> <span class='ocrx_word' id='word_1_295' title='bbox 1474 3433 1582 3486; x_wconf 85' lang='grc' dir='ltr'><strong>τῶν</strong></span> <span class='ocrx_word' id='word_1_296' title='bbox 1626 3450 1713 3485; x_wconf 83' lang='grc' dir='ltr'>κι-</span> 
     </span>
    </p>
   </div>
   <div class='ocr_carea' id='block_1_38' title="bbox 126 3526 1712 3598">
    <p class='ocr_par' dir='ltr' id='par_1_38' title="bbox 126 3526 1712 3598">
     <span class='ocr_line' id='line_1_38' title="bbox 126 3526 1712 3598; baseline 0.001 -22"><span class='ocrx_word' id='word_1_297' title='bbox 126 3526 410 3595; x_wconf 81' lang='grc' dir='ltr'>νουμένων</span> <span class='ocrx_word' id='word_1_298' title='bbox 446 3526 621 3580; x_wconf 83' lang='grc' dir='ltr'>οὐδέν.</span> <span class='ocrx_word' id='word_1_299' title='bbox 678 3527 845 3598; x_wconf 80' lang='grc' dir='ltr'>Ἀρχὴ</span> <span class='ocrx_word' id='word_1_300' title='bbox 875 3527 933 3580; x_wconf 85' lang='grc' dir='ltr'><strong>δέ</strong></span> <span class='ocrx_word' id='word_1_301' title='bbox 968 3527 1150 3598; x_wconf 81' lang='grc' dir='ltr'>πάσης</span> <span class='ocrx_word' id='word_1_302' title='bbox 1177 3528 1446 3598; x_wconf 82' lang='grc' dir='ltr'>κινήσεως</span> <span class='ocrx_word' id='word_1_303' title='bbox 1475 3526 1712 3595; x_wconf 81' lang='grc' dir='ltr'>φυσικῆς</span> 
     </span>
    </p>
   </div>
   <div class='ocr_carea' id='block_1_39' title="bbox 126 3617 1713 3689">
    <p class='ocr_par' dir='ltr' id='par_1_39' title="bbox 126 3617 1713 3689">
     <span class='ocr_line' id='line_1_39' title="bbox 126 3617 1713 3689; baseline -0.001 -19"><span class='ocrx_word' id='word_1_304' title='bbox 126 3619 281 3671; x_wconf 86' lang='grc' dir='ltr'>ἐστιν</span> <span class='ocrx_word' id='word_1_305' title='bbox 332 3622 366 3689; x_wconf 72' lang='grc' dir='ltr'><strong>η</strong></span> <span class='ocrx_word' id='word_1_306' title='bbox 404 3619 514 3671; x_wconf 89' lang='grc' dir='ltr'><strong>τῶν</strong></span> <span class='ocrx_word' id='word_1_307' title='bbox 543 3619 877 3689; x_wconf 82' lang='grc' dir='ltr'>κινουμένων</span> <span class='ocrx_word' id='word_1_308' title='bbox 908 3619 1145 3688; x_wconf 72' lang='grc' dir='ltr'>γένεσις,</span> <span class='ocrx_word' id='word_1_309' title='bbox 1200 3619 1345 3689; x_wconf 82' lang='grc' dir='ltr'><strong>ἀρχὴ</strong></span> <span class='ocrx_word' id='word_1_310' title='bbox 1373 3620 1429 3672; x_wconf 85' lang='grc' dir='ltr'>δὲ</span> <span class='ocrx_word' id='word_1_311' title='bbox 1476 3618 1576 3686; x_wconf 84' lang='grc' dir='ltr'><strong>τῆς</strong></span> <span class='ocrx_word' id='word_1_312' title='bbox 1604 3617 1713 3670; x_wconf 89' lang='grc' dir='ltr'><strong>τῶν</strong></span> 
     </span>
    </p>
   </div>
   <div class='ocr_carea' id='block_1_40' title="bbox 123 3711 1712 3782">
    <p class='ocr_par' dir='ltr' id='par_1_40' title="bbox 123 3711 1712 3782">
     <span class='ocr_line' id='line_1_40' title="bbox 123 3711 1712 3782; baseline -0.001 -17"><span class='ocrx_word' id='word_1_313' title='bbox 123 3712 465 3782; x_wconf 86' lang='grc' dir='ltr'>κινουμένων</span> <span class='ocrx_word' id='word_1_314' title='bbox 489 3714 755 3779; x_wconf 78' lang='grc' dir='ltr'>γενέσεως</span> <span class='ocrx_word' id='word_1_315' title='bbox 774 3712 803 3762; x_wconf 83' lang='grc' dir='ltr'>ὁ</span> <span class='ocrx_word' id='word_1_316' title='bbox 825 3712 978 3777; x_wconf 78' lang='grc' dir='ltr'>Θεὸς,</span> <span class='ocrx_word' id='word_1_317' title='bbox 1001 3712 1077 3776; x_wconf 89' lang='grc' dir='ltr'><strong>ώς</strong></span> <span class='ocrx_word' id='word_1_318' title='bbox 1099 3712 1499 3782; x_wconf 83' lang='grc' dir='ltr'>γενεσιουργός.</span> <span class='ocrx_word' id='word_1_319' title='bbox 1525 3711 1636 3779; x_wconf 85' lang='grc' dir='ltr'><strong>Τῆς</strong></span> <span class='ocrx_word' id='word_1_320' title='bbox 1656 3711 1712 3763; x_wconf 87' lang='grc' dir='ltr'><strong>δέ</strong></span> 
     </span>
    </p>
   </div>
   <div class='ocr_carea' id='block_1_41' title="bbox 122 3803 1712 3874">
    <p class='ocr_par' dir='ltr' id='par_1_41' title="bbox 122 3803 1712 3874">
     <span class='ocr_line' id='line_1_41' title="bbox 122 3803 1712 3874; baseline 0 -19"><span class='ocrx_word' id='word_1_321' title='bbox 122 3804 239 3855; x_wconf 86' lang='grc' dir='ltr'><strong>τῶν</strong></span> <span class='ocrx_word' id='word_1_322' title='bbox 268 3804 652 3873; x_wconf 79' lang='grc' dir='ltr'>γεγενημένων</span> <span class='ocrx_word' id='word_1_323' title='bbox 697 3804 933 3874; x_wconf 81' lang='grc' dir='ltr'>φυσικῆς</span> <span class='ocrx_word' id='word_1_324' title='bbox 964 3803 1232 3871; x_wconf 73' lang='grc' dir='ltr'>γενέσεως</span> <span class='ocrx_word' id='word_1_325' title='bbox 1275 3804 1427 3866; x_wconf 78' lang='grc' dir='ltr'>τέλος</span> <span class='ocrx_word' id='word_1_326' title='bbox 1460 3805 1493 3873; x_wconf 78' lang='grc' dir='ltr'><strong>ἡ</strong></span> <span class='ocrx_word' id='word_1_327' title='bbox 1522 3803 1712 3865; x_wconf 86' lang='grc' dir='ltr'>στάσις</span> 
     </span>
    </p>
   </div>
   <div class='ocr_carea' id='block_1_42' title="bbox 124 3896 1712 3967">
    <p class='ocr_par' dir='ltr' id='par_1_42' title="bbox 124 3896 1712 3967">
     <span class='ocr_line' id='line_1_42' title="bbox 124 3896 1712 3967; baseline 0.001 -20"><span class='ocrx_word' id='word_1_328' title='bbox 124 3898 302 3957; x_wconf 80' lang='grc' dir='ltr'>ἐστὶν,</span> <span class='ocrx_word' id='word_1_329' title='bbox 335 3897 402 3966; x_wconf 84' lang='grc' dir='ltr'>ἢν</span> <span class='ocrx_word' id='word_1_330' title='bbox 428 3899 573 3949; x_wconf 89' lang='grc' dir='ltr'>ποιεῖ</span> <span class='ocrx_word' id='word_1_331' title='bbox 599 3897 820 3960; x_wconf 85' lang='grc' dir='ltr'>πάντως</span> <span class='ocrx_word' id='word_1_332' title='bbox 852 3897 989 3966; x_wconf 74' lang='grc' dir='ltr'>μετὰ</span> <span class='ocrx_word' id='word_1_333' title='bbox 1014 3897 1117 3967; x_wconf 82' lang='grc' dir='ltr'>τὴν</span> <span class='ocrx_word' id='word_1_334' title='bbox 1135 3896 1384 3949; x_wconf 76' lang='grc' dir='ltr'>διάϐασιν</span> <span class='ocrx_word' id='word_1_335' title='bbox 1408 3896 1518 3948; x_wconf 86' lang='grc' dir='ltr'><strong>τῶν</strong></span> <span class='ocrx_word' id='word_1_336' title='bbox 1544 3913 1712 3948; x_wconf 81' lang='grc' dir='ltr'>πεπε-</span> 
     </span>
    </p>
   </div>
   <div class='ocr_carea' id='block_1_43' title="bbox 124 3983 1711 4059">
    <p class='ocr_par' dir='ltr' id='par_1_43' title="bbox 124 3983 1711 4059">
     <span class='ocr_line' id='line_1_43' title="bbox 124 3983 1711 4059; baseline -0.001 -19"><span class='ocrx_word' id='word_1_337' title='bbox 124 3988 423 4058; x_wconf 81' lang='grc' dir='ltr'>ρασμένων</span> <span class='ocrx_word' id='word_1_338' title='bbox 458 3989 490 4058; x_wconf 76' lang='grc' dir='ltr'>ἡ</span> <span class='ocrx_word' id='word_1_339' title='bbox 522 3989 771 4059; x_wconf 81' lang='grc' dir='ltr'>ἀπειρία,</span> <span class='ocrx_word' id='word_1_340' title='bbox 807 3990 863 4040; x_wconf 86' lang='grc' dir='ltr'><strong>ἐν</strong></span> <span class='ocrx_word' id='word_1_341' title='bbox 955 3988 1045 4049; x_wconf 79' lang='grc' dir='ltr'><strong>διὰ</strong></span> <span class='ocrx_word' id='word_1_342' title='bbox 1073 3988 1133 4041; x_wconf 78' lang='grc' dir='ltr'><strong>τὸ</strong></span> <span class='ocrx_word' id='word_1_343' title='bbox 1166 3989 1240 4059; x_wconf 82' lang='grc' dir='ltr'>μὴ</span> <span class='ocrx_word' id='word_1_344' title='bbox 1271 3984 1411 4040; x_wconf 82' lang='grc' dir='ltr'>εἶναι</span> <span class='ocrx_word' id='word_1_345' title='bbox 1436 3988 1711 4057; x_wconf 83' lang='grc' dir='ltr'>διάστημα</span> 
     </span>
    </p>
   </div>
   <div class='ocr_carea' id='block_1_44' title="bbox 123 4078 1772 4154">
    <p class='ocr_par' dir='ltr' id='par_1_44' title="bbox 123 4078 1772 4154">
     <span class='ocr_line' id='line_1_44' title="bbox 123 4078 1772 4154; baseline -0.001 -24"><span class='ocrx_word' id='word_1_346' title='bbox 123 4078 282 4131; x_wconf 78' lang='grc' dir='ltr'>πᾶσα</span> <span class='ocrx_word' id='word_1_347' title='bbox 330 4080 565 4131; x_wconf 85' lang='grc' dir='ltr'>ποιεῖται</span> <span class='ocrx_word' id='word_1_348' title='bbox 605 4078 819 4147; x_wconf 79' lang='grc' dir='ltr'>κίνησις</span> <span class='ocrx_word' id='word_1_349' title='bbox 862 4078 972 4131; x_wconf 86' lang='grc' dir='ltr'><strong>τῶν</strong></span> <span class='ocrx_word' id='word_1_350' title='bbox 1014 4078 1261 4146; x_wconf 81' lang='grc' dir='ltr'>φυσικῶν</span> <span class='ocrx_word' id='word_1_351' title='bbox 1278 4082 1321 4111; x_wconf 81' lang='lat'>“</span> <span class='ocrx_word' id='word_1_352' title='bbox 1354 4079 1707 4146; x_wconf 76' lang='grc' dir='ltr'>κινουμένων,</span> <span class='ocrx_word' id='word_1_353' title='bbox 1762 4136 1772 4154; x_wconf 24' lang='grc'>⁸</span> 
     </span>
    </p>
   </div>
   <div class='ocr_carea' id='block_1_45' title="bbox 118 4170 1711 4240">
    <p class='ocr_par' dir='ltr' id='par_1_45' title="bbox 118 4170 1711 4240">
     <span class='ocr_line' id='line_1_45' title="bbox 118 4170 1711 4240; baseline 0 -18"><span class='ocrx_word' id='word_1_354' title='bbox 118 4171 225 4223; x_wconf 91' lang='grc' dir='ltr'><strong>οὐκ</strong></span> <span class='ocrx_word' id='word_1_355' title='bbox 255 4170 457 4240; x_wconf 75' lang='grc' dir='ltr'>ἔχουσα</span> <span class='ocrx_word' id='word_1_356' title='bbox 485 4170 671 4223; x_wconf 80' lang='grc' dir='ltr'>λοιπὸν</span> <span class='ocrx_word' id='word_1_357' title='bbox 703 4172 829 4223; x_wconf 84' lang='grc' dir='ltr'>ὅποι</span> <span class='ocrx_word' id='word_1_358' title='bbox 856 4188 914 4223; x_wconf 87' lang='grc' dir='ltr'><strong>τε</strong></span> <span class='ocrx_word' id='word_1_359' title='bbox 960 4171 1059 4223; x_wconf 77' lang='grc' dir='ltr'><strong>καὶ</strong></span> <span class='ocrx_word' id='word_1_360' title='bbox 1090 4170 1205 4234; x_wconf 83' lang='grc' dir='ltr'><strong>πῶς</strong></span> <span class='ocrx_word' id='word_1_361' title='bbox 1250 4171 1344 4223; x_wconf 77' lang='grc' dir='ltr'><strong>καὶ</strong></span> <span class='ocrx_word' id='word_1_362' title='bbox 1376 4170 1509 4240; x_wconf 74' lang='grc' dir='ltr'>πρὸς</span> <span class='ocrx_word' id='word_1_363' title='bbox 1535 4172 1587 4222; x_wconf 77' lang='grc' dir='ltr'><strong>τί</strong></span> <span class='ocrx_word' id='word_1_364' title='bbox 1623 4188 1711 4222; x_wconf 87' lang='grc' dir='ltr'>κι-</span> 
     </span>
    </p>
   </div>
   <div class='ocr_carea' id='block_1_46' title="bbox 119 4262 1713 4334">
    <p class='ocr_par' dir='ltr' id='par_1_46' title="bbox 119 4262 1713 4334">
     <span class='ocr_line' id='line_1_46' title="bbox 119 4262 1713 4334; baseline 0 -19"><span class='ocrx_word' id='word_1_365' title='bbox 119 4262 384 4331; x_wconf 84' lang='grc' dir='ltr'>νηθῆναι,</span> <span class='ocrx_word' id='word_1_366' title='bbox 431 4262 506 4325; x_wconf 86' lang='grc' dir='ltr'><strong>ῶς</strong></span> <span class='ocrx_word' id='word_1_367' title='bbox 534 4263 627 4315; x_wconf 84' lang='grc' dir='ltr'><strong>τὸν</strong></span> <span class='ocrx_word' id='word_1_368' title='bbox 654 4262 908 4334; x_wconf 75' lang='grc' dir='ltr'>ὁρίζοντα</span> <span class='ocrx_word' id='word_1_369' title='bbox 938 4264 1036 4316; x_wconf 66' lang='grc' dir='ltr'>καὶ</span> <span class='ocrx_word' id='word_1_370' title='bbox 1059 4263 1228 4332; x_wconf 78' lang='grc' dir='ltr'>αὐτὴν</span> <span class='ocrx_word' id='word_1_371' title='bbox 1257 4262 1355 4332; x_wconf 74' lang='grc' dir='ltr'><strong>τὴν</strong></span> <span class='ocrx_word' id='word_1_372' title='bbox 1388 4263 1568 4332; x_wconf 73' lang='grc' dir='ltr'>πάσης</span> <span class='ocrx_word' id='word_1_373' title='bbox 1600 4264 1713 4332; x_wconf 82' lang='grc' dir='ltr'>ὁρι-</span> 
     </span>
    </p>
   </div>
   <div class='ocr_carea' id='block_1_47' title="bbox 118 4351 1709 4422">
    <p class='ocr_par' dir='ltr' id='par_1_47' title="bbox 118 4351 1709 4422">
     <span class='ocr_line' id='line_1_47' title="bbox 118 4351 1709 4422; baseline -0.001 -18"><span class='ocrx_word' id='word_1_374' title='bbox 118 4353 322 4422; x_wconf 82' lang='grc' dir='ltr'>στικὴν</span> <span class='ocrx_word' id='word_1_375' title='bbox 386 4353 653 4421; x_wconf 85' lang='grc' dir='ltr'>κινήσεως</span> <span class='ocrx_word' id='word_1_376' title='bbox 704 4352 963 4422; x_wconf 81' lang='grc' dir='ltr'>ἀπειρίαν</span> <span class='ocrx_word' id='word_1_377' title='bbox 1017 4351 1149 4405; x_wconf 84' lang='grc' dir='ltr'>Θεὸν</span> <span class='ocrx_word' id='word_1_378' title='bbox 1206 4351 1360 4415; x_wconf 76' lang='grc' dir='ltr'>τέλος</span> <span class='ocrx_word' id='word_1_379' title='bbox 1415 4352 1491 4415; x_wconf 83' lang='grc' dir='ltr'>ὡς</span> <span class='ocrx_word' id='word_1_380' title='bbox 1538 4353 1709 4405; x_wconf 72' lang='grc' dir='ltr'>αἴτιον</span> 
     </span>
    </p>
   </div>
   <div class='ocr_carea' id='block_1_48' title="bbox 116 4441 1710 4515">
    <p class='ocr_par' dir='ltr' id='par_1_48' title="bbox 116 4441 1710 4515">
     <span class='ocr_line' id='line_1_48' title="bbox 116 4441 1710 4515; baseline -0.001 -18"><span class='ocrx_word' id='word_1_381' title='bbox 116 4445 349 4515; x_wconf 74' lang='grc' dir='ltr'>ἔχουσα.</span> <span class='ocrx_word' id='word_1_382' title='bbox 403 4444 591 4512; x_wconf 76' lang='grc' dir='ltr'>Πάσης</span> <span class='ocrx_word' id='word_1_383' title='bbox 633 4441 729 4497; x_wconf 81' lang='grc' dir='ltr'><strong>οὖν</strong></span> <span class='ocrx_word' id='word_1_384' title='bbox 775 4445 1045 4512; x_wconf 76' lang='grc' dir='ltr'>γενέσεώς</span> <span class='ocrx_word' id='word_1_385' title='bbox 1074 4461 1134 4496; x_wconf 86' lang='grc' dir='ltr'><strong>τε</strong></span> <span class='ocrx_word' id='word_1_386' title='bbox 1179 4445 1274 4498; x_wconf 75' lang='grc' dir='ltr'>καὶ</span> <span class='ocrx_word' id='word_1_387' title='bbox 1302 4444 1569 4515; x_wconf 65' lang='grc' dir='ltr'>κινήσεως</span> <span class='ocrx_word' id='word_1_388' title='bbox 1602 4443 1710 4497; x_wconf 71' lang='grc' dir='ltr'><strong>τῶν</strong></span> 
     </span>
    </p>
   </div>
   <div class='ocr_carea' id='block_1_49' title="bbox 1835 585 3413 657">
    <p class='ocr_par' dir='ltr' id='par_1_49' title="bbox 1835 585 3413 657">
     <span class='ocr_line' id='line_1_49' title="bbox 1835 585 3413 657; baseline 0.012 -20"><span class='ocrx_word' id='word_1_389' title='bbox 1835 585 1968 639; x_wconf 82' lang='lat' dir='ltr'><strong>dicit</strong></span> <span class='ocrx_word' id='word_1_390' title='bbox 2000 604 2064 641; x_wconf 87' lang='lat' dir='ltr'><strong>ea</strong></span> <span class='ocrx_word' id='word_1_391' title='bbox 2093 604 2200 657; x_wconf 90' lang='lat' dir='ltr'><strong>qua</strong></span> <span class='ocrx_word' id='word_1_392' title='bbox 2229 588 2371 643; x_wconf 82' lang='lat' dir='ltr'><strong>facta</strong></span> <span class='ocrx_word' id='word_1_393' title='bbox 2400 598 2530 643; x_wconf 88' lang='lat' dir='ltr'><strong>sunt</strong></span> <span class='ocrx_word' id='word_1_394' title='bbox 2562 590 2796 656; x_wconf 76' lang='lat' dir='ltr'><strong>ratione,</strong></span> <span class='ocrx_word' id='word_1_395' title='bbox 2821 594 3126 648; x_wconf 91' lang='lat' dir='ltr'><strong>secundum</strong></span> <span class='ocrx_word' id='word_1_396' title='bbox 3161 609 3413 655; x_wconf 73' lang='lat' dir='ltr'><strong>naturam</strong></span> 
     </span>
    </p>
   </div>
   <div class='ocr_carea' id='block_1_50' title="bbox 1833 681 3417 759">
    <p class='ocr_par' dir='ltr' id='par_1_50' title="bbox 1833 681 3417 759">
     <span class='ocr_line' id='line_1_50' title="bbox 1833 681 3417 759; baseline 0.01 -28"><span class='ocrx_word' id='word_1_397' title='bbox 1833 687 1889 731; x_wconf 91' lang='lat' dir='ltr'><strong>et</strong></span> <span class='ocrx_word' id='word_1_398' title='bbox 1912 687 2240 746; x_wconf 89' lang='lat' dir='ltr'><strong>potestatem</strong></span> <span class='ocrx_word' id='word_1_399' title='bbox 2271 690 2327 736; x_wconf 92' lang='lat' dir='ltr'><strong>et</strong></span> <span class='ocrx_word' id='word_1_400' title='bbox 2352 681 2650 746; x_wconf 89' lang='lat' dir='ltr'><strong>actionem,</strong></span> <span class='ocrx_word' id='word_1_401' title='bbox 2676 684 2925 739; x_wconf 82' lang='lat' dir='ltr'><strong>ordinem</strong></span> <span class='ocrx_word' id='word_1_402' title='bbox 2961 696 3127 757; x_wconf 90' lang='lat' dir='ltr'><strong>atque</strong></span> <span class='ocrx_word' id='word_1_403' title='bbox 3159 704 3417 759; x_wconf 84' lang='lat' dir='ltr'><strong>perseve-</strong></span> 
     </span>
    </p>
   </div>
   <div class='ocr_carea' id='block_1_51' title="bbox 1834 770 3412 838">
    <p class='ocr_par' dir='ltr' id='par_1_51' title="bbox 1834 770 3412 838">
     <span class='ocr_line' id='line_1_51' title="bbox 1834 770 3412 838; baseline 0.01 -17"><span class='ocrx_word' id='word_1_404' title='bbox 1834 770 2089 834; x_wconf 86' lang='lat' dir='ltr'><strong>rantiam,</strong></span> <span class='ocrx_word' id='word_1_405' title='bbox 2126 771 2488 827; x_wconf 86' lang='lat' dir='ltr'><strong>immulabilia</strong></span> <span class='ocrx_word' id='word_1_406' title='bbox 2530 790 2674 838; x_wconf 86' lang='lat' dir='ltr'><strong>esse,</strong></span> <span class='ocrx_word' id='word_1_407' title='bbox 2711 782 2769 829; x_wconf 87' lang='lat' dir='ltr'><strong>et</strong></span> <span class='ocrx_word' id='word_1_408' title='bbox 2812 792 2923 831; x_wconf 88' lang='lat' dir='ltr'><strong>non</strong></span> <span class='ocrx_word' id='word_1_409' title='bbox 2974 779 3088 832; x_wconf 86' lang='lat' dir='ltr'><strong>ullo</strong></span> <span class='ocrx_word' id='word_1_410' title='bbox 3134 781 3412 837; x_wconf 78' lang='lat' dir='ltr'><strong>modode</strong></span> 
     </span>
    </p>
   </div>
   <div class='ocr_carea' id='block_1_52' title="bbox 1833 862 3409 937">
    <p class='ocr_par' dir='ltr' id='par_1_52' title="bbox 1833 862 3409 937">
     <span class='ocr_line' id='line_1_52' title="bbox 1833 862 3409 937; baseline 0.01 -24"><span class='ocrx_word' id='word_1_411' title='bbox 1833 862 2071 915; x_wconf 74' lang='lat' dir='ltr'><strong>naturali</strong></span> <span class='ocrx_word' id='word_1_412' title='bbox 2116 865 2452 933; x_wconf 82' lang='lat' dir='ltr'><strong>proprietate</strong></span> <span class='ocrx_word' id='word_1_413' title='bbox 2493 866 2694 921; x_wconf 85' lang='lat' dir='ltr'><strong>cedere</strong></span> <span class='ocrx_word' id='word_1_414' title='bbox 2735 869 3050 937; x_wconf 87' lang='lat' dir='ltr'><strong>mutarique</strong></span> <span class='ocrx_word' id='word_1_415' title='bbox 3086 871 3141 924; x_wconf 88' lang='lat' dir='ltr'><strong>in</strong></span> <span class='ocrx_word' id='word_1_416' title='bbox 3175 873 3409 929; x_wconf 88' lang='lat' dir='ltr'><strong>alterum</strong></span> 
     </span>
    </p>
   </div>
   <div class='ocr_carea' id='block_1_53' title="bbox 1831 954 3412 1021">
    <p class='ocr_par' dir='ltr' id='par_1_53' title="bbox 1831 954 3412 1021">
     <span class='ocr_line' id='line_1_53' title="bbox 1831 954 3412 1021; baseline 0.009 -16"><span class='ocrx_word' id='word_1_417' title='bbox 1831 960 1888 1005; x_wconf 90' lang='lat' dir='ltr'><strong>et</strong></span> <span class='ocrx_word' id='word_1_418' title='bbox 1912 954 2282 1018; x_wconf 84' lang='lat' dir='ltr'><strong>commisceri,</strong></span> <span class='ocrx_word' id='word_1_419' title='bbox 2309 972 2374 1010; x_wconf 89' lang='lat' dir='ltr'><strong>ac</strong></span> <span class='ocrx_word' id='word_1_420' title='bbox 2403 959 2615 1012; x_wconf 82' lang='lat' dir='ltr'><strong>moveri</strong></span> <span class='ocrx_word' id='word_1_421' title='bbox 2649 976 2844 1015; x_wconf 80' lang='lat' dir='ltr'><strong>rursus</strong></span> <span class='ocrx_word' id='word_1_422' title='bbox 2872 960 3050 1016; x_wconf 76' lang='lat' dir='ltr'><strong>ﬂuxus</strong></span> <span class='ocrx_word' id='word_1_423' title='bbox 3078 971 3134 1016; x_wconf 90' lang='lat' dir='ltr'><strong>et</strong></span> <span class='ocrx_word' id='word_1_424' title='bbox 3161 964 3412 1021; x_wconf 78' lang='lat' dir='ltr'><strong>deﬂuxus</strong></span> 
     </span>
    </p>
   </div>
   <div class='ocr_carea' id='block_1_54' title="bbox 1832 1045 3408 1123">
    <p class='ocr_par' dir='ltr' id='par_1_54' title="bbox 1832 1045 3408 1123">
     <span class='ocr_line' id='line_1_54' title="bbox 1832 1045 3408 1123; baseline 0.008 -26"><span class='ocrx_word' id='word_1_425' title='bbox 1832 1045 2069 1111; x_wconf 87' lang='lat' dir='ltr'><strong>ratione,</strong></span> <span class='ocrx_word' id='word_1_426' title='bbox 2097 1047 2440 1105; x_wconf 87' lang='lat' dir='ltr'><strong>incremento</strong></span> <span class='ocrx_word' id='word_1_427' title='bbox 2471 1058 2527 1103; x_wconf 91' lang='lat' dir='ltr'><strong>et</strong></span> <span class='ocrx_word' id='word_1_428' title='bbox 2556 1050 2937 1117; x_wconf 87' lang='lat' dir='ltr'><strong>decremento,</strong></span> <span class='ocrx_word' id='word_1_429' title='bbox 2963 1068 3074 1121; x_wconf 89' lang='lat' dir='ltr'><strong>quo</strong></span> <span class='ocrx_word' id='word_1_430' title='bbox 3109 1057 3408 1123; x_wconf 80' lang='lat' dir='ltr'><strong>quantitas,</strong></span> 
     </span>
    </p>
   </div>
   <div class='ocr_carea' id='block_1_55' title="bbox 1831 1139 3409 1217">
    <p class='ocr_par' dir='ltr' id='par_1_55' title="bbox 1831 1139 3409 1217">
     <span class='ocr_line' id='line_1_55' title="bbox 1831 1139 3409 1217; baseline 0.008 -27"><span class='ocrx_word' id='word_1_431' title='bbox 1831 1146 1887 1191; x_wconf 90' lang='lat' dir='ltr'><strong>et</strong></span> <span class='ocrx_word' id='word_1_432' title='bbox 1925 1139 2343 1205; x_wconf 85' lang='lat' dir='ltr'><strong>immutatione,</strong></span> <span class='ocrx_word' id='word_1_433' title='bbox 2372 1155 2480 1209; x_wconf 91' lang='lat' dir='ltr'><strong>qua</strong></span> <span class='ocrx_word' id='word_1_434' title='bbox 2516 1141 2751 1209; x_wconf 83' lang='lat' dir='ltr'><strong>qualitas</strong></span> <span class='ocrx_word' id='word_1_435' title='bbox 2792 1142 3052 1208; x_wconf 66' lang='lat' dir='ltr'><strong>adicitur,</strong></span> <span class='ocrx_word' id='word_1_436' title='bbox 3084 1154 3142 1199; x_wconf 90' lang='lat' dir='ltr'><strong>et</strong></span> <span class='ocrx_word' id='word_1_437' title='bbox 3182 1156 3244 1200; x_wconf 93' lang='lat' dir='ltr'><strong>ut</strong></span> <span class='ocrx_word' id='word_1_438' title='bbox 3278 1162 3409 1217; x_wconf 88' lang='lat' dir='ltr'><strong>pro-</strong></span> 
     </span>
    </p>
   </div>
   <div class='ocr_carea' id='block_1_56' title="bbox 1831 1229 3412 1297">
    <p class='ocr_par' dir='ltr' id='par_1_56' title="bbox 1831 1229 3412 1297">
     <span class='ocr_line' id='line_1_56' title="bbox 1831 1229 3412 1297; baseline 0.007 -16"><span class='ocrx_word' id='word_1_439' title='bbox 1831 1229 1949 1297; x_wconf 87' lang='lat' dir='ltr'><strong>prie</strong></span> <span class='ocrx_word' id='word_1_440' title='bbox 1972 1229 2150 1283; x_wconf 88' lang='lat' dir='ltr'><strong>dicam</strong></span> <span class='ocrx_word' id='word_1_441' title='bbox 2171 1270 2184 1294; x_wconf 91' lang='lat'><strong>,</strong></span> <span class='ocrx_word' id='word_1_442' title='bbox 2216 1230 2447 1285; x_wconf 85' lang='lat' dir='ltr'><strong>alterius</strong></span> <span class='ocrx_word' id='word_1_443' title='bbox 2474 1246 2541 1284; x_wconf 86' lang='lat' dir='ltr'><strong>ex</strong></span> <span class='ocrx_word' id='word_1_444' title='bbox 2574 1232 2752 1286; x_wconf 88' lang='lat' dir='ltr'><strong>altero</strong></span> <span class='ocrx_word' id='word_1_445' title='bbox 2778 1234 3131 1290; x_wconf 83' lang='lat' dir='ltr'><strong>successione</strong></span> <span class='ocrx_word' id='word_1_446' title='bbox 3159 1251 3224 1291; x_wconf 88' lang='lat' dir='ltr'><strong>ac</strong></span> <span class='ocrx_word' id='word_1_447' title='bbox 3248 1238 3412 1292; x_wconf 86' lang='lat' dir='ltr'><strong>vicis-</strong></span> 
     </span>
    </p>
   </div>
   <div class='ocr_carea' id='block_1_57' title="bbox 1830 1321 3412 1400">
    <p class='ocr_par' dir='ltr' id='par_1_57' title="bbox 1830 1321 3412 1400">
     <span class='ocr_line' id='line_1_57' title="bbox 1830 1321 3412 1400; baseline 0.008 -26"><span class='ocrx_word' id='word_1_448' title='bbox 1830 1321 2105 1387; x_wconf 89' lang='lat' dir='ltr'><strong>situdine,</strong></span> <span class='ocrx_word' id='word_1_449' title='bbox 2145 1324 2276 1378; x_wconf 90' lang='lat' dir='ltr'><strong>dum</strong></span> <span class='ocrx_word' id='word_1_450' title='bbox 2319 1324 2617 1394; x_wconf 86' lang='lat' dir='ltr'><strong>anticipata</strong></span> <span class='ocrx_word' id='word_1_451' title='bbox 2659 1340 2881 1394; x_wconf 87' lang='lat' dir='ltr'><strong>semper</strong></span> <span class='ocrx_word' id='word_1_452' title='bbox 2922 1327 3130 1385; x_wconf 88' lang='lat' dir='ltr'><strong>cedunt</strong></span> <span class='ocrx_word' id='word_1_453' title='bbox 3165 1330 3248 1385; x_wconf 86' lang='lat' dir='ltr'><strong>eis</strong></span> <span class='ocrx_word' id='word_1_454' title='bbox 3289 1346 3412 1400; x_wconf 82' lang='lat' dir='ltr'><strong>qu:e</strong></span> 
     </span>
    </p>
   </div>
   <div class='ocr_carea' id='block_1_58' title="bbox 1830 1415 3410 1487">
    <p class='ocr_par' dir='ltr' id='par_1_58' title="bbox 1830 1415 3410 1487">
     <span class='ocr_line' id='line_1_58' title="bbox 1830 1415 3410 1487; baseline 0.006 -19"><span class='ocrx_word' id='word_1_455' title='bbox 1830 1415 2265 1484; x_wconf 89' lang='lat' dir='ltr'><strong>subsequuntur.</strong></span> <span class='ocrx_word' id='word_1_456' title='bbox 2292 1417 2472 1486; x_wconf 81' lang='lat' dir='ltr'><strong>Atque</strong></span> <span class='ocrx_word' id='word_1_457' title='bbox 2507 1426 2567 1471; x_wconf 93' lang='lat' dir='ltr'><strong>ut</strong></span> <span class='ocrx_word' id='word_1_458' title='bbox 2592 1416 2785 1487; x_wconf 83' lang='lat' dir='ltr'><strong>paucis</strong></span> <span class='ocrx_word' id='word_1_459' title='bbox 2816 1417 3119 1484; x_wconf 79' lang='lat' dir='ltr'><strong>absolvam,</strong></span> <span class='ocrx_word' id='word_1_460' title='bbox 3150 1423 3410 1478; x_wconf 84' lang='lat' dir='ltr'><strong>universa</strong></span> 
     </span>
    </p>
   </div>
   <div class='ocr_carea' id='block_1_59' title="bbox 1829 1510 3408 1580">
    <p class='ocr_par' dir='ltr' id='par_1_59' title="bbox 1829 1510 3408 1580">
     <span class='ocr_line' id='line_1_59' title="bbox 1829 1510 3408 1580; baseline 0.006 -21"><span class='ocrx_word' id='word_1_461' title='bbox 1829 1522 1951 1577; x_wconf 73' lang='lat' dir='ltr'><strong>qua:</strong></span> <span class='ocrx_word' id='word_1_462' title='bbox 1992 1516 2143 1570; x_wconf 90' lang='lat' dir='ltr'><strong>sunt,</strong></span> <span class='ocrx_word' id='word_1_463' title='bbox 2169 1510 2473 1563; x_wconf 87' lang='lat' dir='ltr'><strong>secundum</strong></span> <span class='ocrx_word' id='word_1_464' title='bbox 2515 1511 2784 1564; x_wconf 90' lang='lat' dir='ltr'><strong>rationem</strong></span> <span class='ocrx_word' id='word_1_465' title='bbox 2826 1525 2935 1580; x_wconf 89' lang='lat' dir='ltr'><strong>qua</strong></span> <span class='ocrx_word' id='word_1_466' title='bbox 2977 1512 3311 1568; x_wconf 78' lang='lat' dir='ltr'><strong>exstiterunt</strong></span> <span class='ocrx_word' id='word_1_467' title='bbox 3345 1530 3408 1569; x_wconf 90' lang='lat' dir='ltr'><strong>ac</strong></span> 
     </span>
    </p>
   </div>
   <div class='ocr_carea' id='block_1_60' title="bbox 1830 1596 3407 1665">
    <p class='ocr_par' dir='ltr' id='par_1_60' title="bbox 1830 1596 3407 1665">
     <span class='ocr_line' id='line_1_60' title="bbox 1830 1596 3407 1665; baseline 0.006 -15"><span class='ocrx_word' id='word_1_468' title='bbox 1830 1605 1988 1658; x_wconf 90' lang='lat' dir='ltr'><strong>sunt,</strong></span> <span class='ocrx_word' id='word_1_469' title='bbox 2025 1596 2179 1651; x_wconf 89' lang='lat' dir='ltr'><strong>lirma</strong></span> <span class='ocrx_word' id='word_1_470' title='bbox 2226 1600 2455 1652; x_wconf 89' lang='lat' dir='ltr'><strong>omnino</strong></span> <span class='ocrx_word' id='word_1_471' title='bbox 2498 1609 2627 1653; x_wconf 90' lang='lat' dir='ltr'><strong>sunt</strong></span> <span class='ocrx_word' id='word_1_472' title='bbox 2665 1609 2722 1654; x_wconf 88' lang='lat' dir='ltr'><strong>et</strong></span> <span class='ocrx_word' id='word_1_473' title='bbox 2761 1600 3017 1665; x_wconf 90' lang='lat' dir='ltr'><strong>immota,</strong></span> <span class='ocrx_word' id='word_1_474' title='bbox 3050 1603 3148 1657; x_wconf 83' lang='lat' dir='ltr'><strong>sed</strong></span> <span class='ocrx_word' id='word_1_475' title='bbox 3194 1604 3407 1660; x_wconf 85' lang='lat' dir='ltr'><strong>ratione</strong></span> 
     </span>
    </p>
   </div>
   <div class='ocr_carea' id='block_1_61' title="bbox 1829 1690 3407 1762">
    <p class='ocr_par' dir='ltr' id='par_1_61' title="bbox 1829 1690 3407 1762">
     <span class='ocr_line' id='line_1_61' title="bbox 1829 1690 3407 1762; baseline 0.006 -20"><span class='ocrx_word' id='word_1_476' title='bbox 1829 1703 2020 1742; x_wconf 90' lang='lat' dir='ltr'><strong>eorum</strong></span> <span class='ocrx_word' id='word_1_477' title='bbox 2048 1704 2169 1758; x_wconf 71' lang='lat' dir='ltr'><strong>qua:</strong></span> <span class='ocrx_word' id='word_1_478' title='bbox 2194 1690 2339 1744; x_wconf 90' lang='lat' dir='ltr'><strong>circa</strong></span> <span class='ocrx_word' id='word_1_479' title='bbox 2373 1690 2489 1759; x_wconf 88' lang='lat' dir='ltr'><strong>ipsa</strong></span> <span class='ocrx_word' id='word_1_480' title='bbox 2516 1692 2975 1760; x_wconf 85' lang='lat' dir='ltr'><strong>contemplamur,</strong></span> <span class='ocrx_word' id='word_1_481' title='bbox 3001 1709 3111 1762; x_wconf 88' lang='lat' dir='ltr'><strong>qua</strong></span> <span class='ocrx_word' id='word_1_482' title='bbox 3138 1697 3407 1752; x_wconf 55' lang='lat' dir='ltr'><strong>universi.</strong></span> 
     </span>
    </p>
   </div>
   <div class='ocr_carea' id='block_1_62' title="bbox 1833 1781 3409 1851">
    <p class='ocr_par' dir='ltr' id='par_1_62' title="bbox 1833 1781 3409 1851">
     <span class='ocr_line' id='line_1_62' title="bbox 1833 1781 3409 1851; baseline 0.008 -18"><span class='ocrx_word' id='word_1_483' title='bbox 1833 1781 1960 1834; x_wconf 86' lang='lat' dir='ltr'><strong>tatis</strong></span> <span class='ocrx_word' id='word_1_484' title='bbox 1994 1781 2156 1851; x_wconf 80' lang='lat' dir='ltr'><strong>hujus</strong></span> <span class='ocrx_word' id='word_1_485' title='bbox 2188 1781 2477 1836; x_wconf 83' lang='lat' dir='ltr'><strong>manifesto</strong></span> <span class='ocrx_word' id='word_1_486' title='bbox 2510 1792 2730 1838; x_wconf 84' lang='lat' dir='ltr'><strong>constat</strong></span> <span class='ocrx_word' id='word_1_487' title='bbox 2757 1786 3065 1840; x_wconf 73' lang='lat' dir='ltr'><strong>oeconomia</strong></span> <span class='ocrx_word' id='word_1_488' title='bbox 3092 1795 3149 1842; x_wconf 90' lang='lat' dir='ltr'><strong>et</strong></span> <span class='ocrx_word' id='word_1_489' title='bbox 3169 1788 3409 1844; x_wconf 75' lang='lat' dir='ltr'><strong>absolvi-</strong></span> 
     </span>
    </p>
   </div>
   <div class='ocr_carea' id='block_1_63' title="bbox 1831 1871 3404 1947">
    <p class='ocr_par' dir='ltr' id='par_1_63' title="bbox 1831 1871 3404 1947">
     <span class='ocr_line' id='line_1_63' title="bbox 1831 1871 3404 1947; baseline 0.006 -22"><span class='ocrx_word' id='word_1_490' title='bbox 1831 1879 1940 1936; x_wconf 87' lang='lat' dir='ltr'><strong>tur,</strong></span> <span class='ocrx_word' id='word_1_491' title='bbox 1964 1871 2240 1936; x_wconf 85' lang='lat' dir='ltr'><strong>universa,</strong></span> <span class='ocrx_word' id='word_1_492' title='bbox 2264 1882 2327 1927; x_wconf 90' lang='lat' dir='ltr'><strong>ut</strong></span> <span class='ocrx_word' id='word_1_493' title='bbox 2351 1879 2597 1942; x_wconf 84' lang='lat' dir='ltr'><strong>apparet,</strong></span> <span class='ocrx_word' id='word_1_494' title='bbox 2623 1884 2905 1929; x_wconf 83' lang='lat' dir='ltr'><strong>motantur</strong></span> <span class='ocrx_word' id='word_1_495' title='bbox 2924 1885 2981 1930; x_wconf 89' lang='lat' dir='ltr'><strong>et</strong></span> <span class='ocrx_word' id='word_1_496' title='bbox 3005 1877 3404 1947; x_wconf 86' lang='lat' dir='ltr'><strong>inquietantur.</strong></span> 
     </span>
    </p>
   </div>
   <div class='ocr_carea' id='block_1_64' title="bbox 1826 1962 3407 2041">
    <p class='ocr_par' dir='ltr' id='par_1_64' title="bbox 1826 1962 3407 2041">
     <span class='ocr_line' id='line_1_64' title="bbox 1826 1962 3407 2041; baseline 0.006 -24"><span class='ocrx_word' id='word_1_497' title='bbox 1826 1962 1940 2017; x_wconf 88' lang='lat' dir='ltr'><strong>Nec</strong></span> <span class='ocrx_word' id='word_1_498' title='bbox 1975 1971 2156 2018; x_wconf 92' lang='lat' dir='ltr'><strong>tamen</strong></span> <span class='ocrx_word' id='word_1_499' title='bbox 2192 1964 2458 2035; x_wconf 88' lang='lat' dir='ltr'><strong>impetum</strong></span> <span class='ocrx_word' id='word_1_500' title='bbox 2494 1973 2550 2020; x_wconf 92' lang='lat' dir='ltr'><strong>et</strong></span> <span class='ocrx_word' id='word_1_501' title='bbox 2582 1967 2881 2021; x_wconf 89' lang='lat' dir='ltr'><strong>motionem</strong></span> <span class='ocrx_word' id='word_1_502' title='bbox 2915 1968 3059 2024; x_wconf 89' lang='lat' dir='ltr'><strong>idem</strong></span> <span class='ocrx_word' id='word_1_503' title='bbox 3096 1970 3407 2041; x_wconf 73' lang='lat' dir='ltr'><strong>signiﬁcare</strong></span> 
     </span>
    </p>
   </div>
   <div class='ocr_carea' id='block_1_65' title="bbox 1827 2055 3407 2134">
    <p class='ocr_par' dir='ltr' id='par_1_65' title="bbox 1827 2055 3407 2134">
     <span class='ocr_line' id='line_1_65' title="bbox 1827 2055 3407 2134; baseline 0.007 -26"><span class='ocrx_word' id='word_1_504' title='bbox 1827 2063 2097 2110; x_wconf 88' lang='lat' dir='ltr'><strong>statuunt.</strong></span> <span class='ocrx_word' id='word_1_505' title='bbox 2131 2055 2427 2110; x_wconf 84' lang='lat' dir='ltr'><strong>Motionem</strong></span> <span class='ocrx_word' id='word_1_506' title='bbox 2466 2058 2618 2112; x_wconf 89' lang='lat' dir='ltr'><strong>enim</strong></span> <span class='ocrx_word' id='word_1_507' title='bbox 2659 2060 2832 2129; x_wconf 85' lang='lat' dir='ltr'><strong>magis</strong></span> <span class='ocrx_word' id='word_1_508' title='bbox 2871 2059 3124 2116; x_wconf 80' lang='lat' dir='ltr'><strong>tribuunt</strong></span> <span class='ocrx_word' id='word_1_509' title='bbox 3159 2064 3244 2117; x_wconf 88' lang='lat' dir='ltr'><strong>eis</strong></span> <span class='ocrx_word' id='word_1_510' title='bbox 3283 2079 3407 2134; x_wconf 67' lang='lat' dir='ltr'><strong>quat</strong></span> 
     </span>
    </p>
   </div>
   <div class='ocr_carea' id='block_1_66' title="bbox 1824 2149 3407 2226">
    <p class='ocr_par' dir='ltr' id='par_1_66' title="bbox 1824 2149 3407 2226">
     <span class='ocr_line' id='line_1_66' title="bbox 1824 2149 3407 2226; baseline 0.008 -25"><span class='ocrx_word' id='word_1_511' title='bbox 1824 2149 2167 2217; x_wconf 84' lang='lat' dir='ltr'><strong>generationi</strong></span> <span class='ocrx_word' id='word_1_512' title='bbox 2203 2150 2492 2220; x_wconf 88' lang='lat' dir='ltr'><strong>subjacent</strong></span> <span class='ocrx_word' id='word_1_513' title='bbox 2524 2161 2579 2205; x_wconf 91' lang='lat' dir='ltr'><strong>et</strong></span> <span class='ocrx_word' id='word_1_514' title='bbox 2614 2152 2885 2217; x_wconf 90' lang='lat' dir='ltr'><strong>interitui,</strong></span> <span class='ocrx_word' id='word_1_515' title='bbox 2918 2162 2977 2206; x_wconf 92' lang='lat' dir='ltr'><strong>ut</strong></span> <span class='ocrx_word' id='word_1_516' title='bbox 3007 2169 3129 2223; x_wconf 78' lang='lat' dir='ltr'><strong>qua:</strong></span> <span class='ocrx_word' id='word_1_517' title='bbox 3165 2156 3251 2211; x_wconf 84' lang='lat' dir='ltr'><strong>eis</strong></span> <span class='ocrx_word' id='word_1_518' title='bbox 3282 2172 3407 2226; x_wconf 63' lang='lat' dir='ltr'><strong>quae</strong></span> 
     </span>
    </p>
   </div>
   <div class='ocr_carea' id='block_1_67' title="bbox 1824 2242 3407 2317">
    <p class='ocr_par' dir='ltr' id='par_1_67' title="bbox 1824 2242 3407 2317">
     <span class='ocr_line' id='line_1_67' title="bbox 1824 2242 3407 2317; baseline 0.005 -23"><span class='ocrx_word' id='word_1_519' title='bbox 1824 2243 1967 2295; x_wconf 82' lang='lat' dir='ltr'><strong>circa</strong></span> <span class='ocrx_word' id='word_1_520' title='bbox 1999 2242 2114 2311; x_wconf 88' lang='lat' dir='ltr'><strong>ipsa</strong></span> <span class='ocrx_word' id='word_1_521' title='bbox 2140 2243 2509 2297; x_wconf 76' lang='lat' dir='ltr'><strong>observantur</strong></span> <span class='ocrx_word' id='word_1_522' title='bbox 2532 2243 2769 2313; x_wconf 79' lang='lat' dir='ltr'><strong>augendi</strong></span> <span class='ocrx_word' id='word_1_523' title='bbox 2796 2245 3192 2317; x_wconf 84' lang='lat' dir='ltr'><strong>minuendique</strong></span> <span class='ocrx_word' id='word_1_524' title='bbox 3224 2251 3407 2302; x_wconf 81' lang='lat' dir='ltr'><strong>notio—</strong></span> 
     </span>
    </p>
   </div>
   <div class='ocr_carea' id='block_1_68' title="bbox 1824 2328 3406 2409">
    <p class='ocr_par' dir='ltr' id='par_1_68' title="bbox 1824 2328 3406 2409">
     <span class='ocr_line' id='line_1_68' title="bbox 1824 2328 3406 2409; baseline 0.009 -30"><span class='ocrx_word' id='word_1_525' title='bbox 1824 2342 1947 2379; x_wconf 91' lang='lat' dir='ltr'><strong>nem</strong></span> <span class='ocrx_word' id='word_1_526' title='bbox 1982 2328 2283 2384; x_wconf 83' lang='lat' dir='ltr'><strong>admittunt</strong></span> <span class='ocrx_word' id='word_1_527' title='bbox 2317 2329 2565 2399; x_wconf 88' lang='lat' dir='ltr'><strong>(etiamsi</strong></span> <span class='ocrx_word' id='word_1_528' title='bbox 2599 2332 2666 2384; x_wconf 90' lang='lat' dir='ltr'><strong>de</strong></span> <span class='ocrx_word' id='word_1_529' title='bbox 2700 2334 2915 2388; x_wconf 89' lang='lat' dir='ltr'><strong>cunctis</strong></span> <span class='ocrx_word' id='word_1_530' title='bbox 2950 2338 3152 2392; x_wconf 85' lang='lat' dir='ltr'><strong>creatis</strong></span> <span class='ocrx_word' id='word_1_531' title='bbox 3184 2340 3406 2409; x_wconf 85' lang='lat' dir='ltr'><strong>proprie</strong></span> 
     </span>
    </p>
   </div>
   <div class='ocr_carea' id='block_1_69' title="bbox 1821 2418 3405 2492">
    <p class='ocr_par' dir='ltr' id='par_1_69' title="bbox 1821 2418 3405 2492">
     <span class='ocr_line' id='line_1_69' title="bbox 1821 2418 3405 2492; baseline 0.011 -21"><span class='ocrx_word' id='word_1_532' title='bbox 1821 2418 1930 2472; x_wconf 90' lang='lat' dir='ltr'><strong>dici</strong></span> <span class='ocrx_word' id='word_1_533' title='bbox 1987 2419 2040 2472; x_wconf 91' lang='lat' dir='ltr'><strong>id</strong></span> <span class='ocrx_word' id='word_1_534' title='bbox 2098 2422 2348 2490; x_wconf 87' lang='lat' dir='ltr'><strong>potest),</strong></span> <span class='ocrx_word' id='word_1_535' title='bbox 2396 2423 2659 2492; x_wconf 86' lang='lat' dir='ltr'><strong>impetum</strong></span> <span class='ocrx_word' id='word_1_536' title='bbox 2714 2441 2845 2479; x_wconf 81' lang='lat' dir='ltr'><strong>vero</strong></span> <span class='ocrx_word' id='word_1_537' title='bbox 2898 2427 3224 2485; x_wconf 66' lang='lat' dir='ltr'><strong>substantiae</strong></span> <span class='ocrx_word' id='word_1_538' title='bbox 3280 2447 3405 2488; x_wconf 84' lang='lat' dir='ltr'><strong>esse</strong></span> 
     </span>
    </p>
   </div>
   <div class='ocr_carea' id='block_1_70' title="bbox 1821 2509 3405 2576">
    <p class='ocr_par' dir='ltr' id='par_1_70' title="bbox 1821 2509 3405 2576">
     <span class='ocr_line' id='line_1_70' title="bbox 1821 2509 3405 2576; baseline 0.009 -15"><span class='ocrx_word' id='word_1_539' title='bbox 1821 2509 2015 2562; x_wconf 86' lang='lat' dir='ltr'><strong>volunt</strong></span> <span class='ocrx_word' id='word_1_540' title='bbox 2040 2510 2250 2565; x_wconf 86' lang='lat' dir='ltr'><strong>circulo</strong></span> <span class='ocrx_word' id='word_1_541' title='bbox 2280 2526 2400 2565; x_wconf 89' lang='lat' dir='ltr'><strong>sese</strong></span> <span class='ocrx_word' id='word_1_542' title='bbox 2432 2520 2488 2566; x_wconf 89' lang='lat' dir='ltr'><strong>et</strong></span> <span class='ocrx_word' id='word_1_543' title='bbox 2522 2510 2794 2569; x_wconf 81' lang='lat' dir='ltr'><strong>indefesse</strong></span> <span class='ocrx_word' id='word_1_544' title='bbox 2828 2519 3229 2573; x_wconf 79' lang='lat' dir='ltr'><strong>commoventis</strong></span> <span class='ocrx_word' id='word_1_545' title='bbox 3257 2529 3405 2576; x_wconf 91' lang='lat' dir='ltr'><strong>rota-</strong></span> 
     </span>
    </p>
   </div>
   <div class='ocr_carea' id='block_1_71' title="bbox 1823 2600 3401 2667">
    <p class='ocr_par' dir='ltr' id='par_1_71' title="bbox 1823 2600 3401 2667">
     <span class='ocr_line' id='line_1_71' title="bbox 1823 2600 3401 2667; baseline 0.008 -13"><span class='ocrx_word' id='word_1_546' title='bbox 1823 2600 2052 2655; x_wconf 89' lang='lat' dir='ltr'><strong>tionem.</strong></span> <span class='ocrx_word' id='word_1_547' title='bbox 2077 2602 2278 2658; x_wconf 87' lang='lat' dir='ltr'><strong>Nescio</strong></span> <span class='ocrx_word' id='word_1_548' title='bbox 2318 2613 2505 2659; x_wconf 87' lang='lat' dir='ltr'><strong>utrum</strong></span> <span class='ocrx_word' id='word_1_549' title='bbox 2545 2605 2614 2661; x_wconf 89' lang='lat' dir='ltr'><strong>de</strong></span> <span class='ocrx_word' id='word_1_550' title='bbox 2654 2606 2918 2662; x_wconf 83' lang='lat' dir='ltr'><strong>universo</strong></span> <span class='ocrx_word' id='word_1_551' title='bbox 2953 2608 3147 2665; x_wconf 91' lang='lat' dir='ltr'><strong>dicere</strong></span> <span class='ocrx_word' id='word_1_552' title='bbox 3178 2614 3401 2667; x_wconf 80' lang='lat' dir='ltr'><strong>conanti</strong></span> 
     </span>
    </p>
   </div>
   <div class='ocr_carea' id='block_1_72' title="bbox 1820 2693 3400 2769">
    <p class='ocr_par' dir='ltr' id='par_1_72' title="bbox 1820 2693 3400 2769">
     <span class='ocr_line' id='line_1_72' title="bbox 1820 2693 3400 2769; baseline 0.009 -24"><span class='ocrx_word' id='word_1_553' title='bbox 1820 2693 2150 2748; x_wconf 88' lang='lat' dir='ltr'><strong>naturaliter</strong></span> <span class='ocrx_word' id='word_1_554' title='bbox 2188 2696 2408 2764; x_wconf 85' lang='lat' dir='ltr'><strong>operari</strong></span> <span class='ocrx_word' id='word_1_555' title='bbox 2456 2696 2509 2750; x_wconf 89' lang='lat' dir='ltr'><strong>id</strong></span> <span class='ocrx_word' id='word_1_556' title='bbox 2558 2705 2739 2751; x_wconf 87' lang='lat' dir='ltr'><strong>tutum</strong></span> <span class='ocrx_word' id='word_1_557' title='bbox 2778 2697 2870 2763; x_wconf 85' lang='lat' dir='ltr'><strong>sit,</strong></span> <span class='ocrx_word' id='word_1_558' title='bbox 2903 2714 2973 2754; x_wconf 80' lang='lat' dir='ltr'><strong>an</strong></span> <span class='ocrx_word' id='word_1_559' title='bbox 3018 2701 3258 2769; x_wconf 89' lang='lat' dir='ltr'><strong>incitari,</strong></span> <span class='ocrx_word' id='word_1_560' title='bbox 3294 2705 3400 2760; x_wconf 83' lang='lat' dir='ltr'><strong>nisi</strong></span> 
     </span>
    </p>
   </div>
   <div class='ocr_carea' id='block_1_73' title="bbox 1817 2783 3402 2859">
    <p class='ocr_par' dir='ltr' id='par_1_73' title="bbox 1817 2783 3402 2859">
     <span class='ocr_line' id='line_1_73' title="bbox 1817 2783 3402 2859; baseline 0.011 -25"><span class='ocrx_word' id='word_1_561' title='bbox 1817 2783 1963 2851; x_wconf 91' lang='lat' dir='ltr'><strong>quod</strong></span> <span class='ocrx_word' id='word_1_562' title='bbox 2011 2785 2133 2853; x_wconf 90' lang='lat' dir='ltr'><strong>ejus</strong></span> <span class='ocrx_word' id='word_1_563' title='bbox 2181 2786 2274 2855; x_wconf 90' lang='lat' dir='ltr'><strong>qui</strong></span> <span class='ocrx_word' id='word_1_564' title='bbox 2328 2786 2593 2841; x_wconf 85' lang='lat' dir='ltr'><strong>incitatur</strong></span> <span class='ocrx_word' id='word_1_565' title='bbox 2638 2790 2917 2859; x_wconf 84' lang='lat' dir='ltr'><strong>peculiare</strong></span> <span class='ocrx_word' id='word_1_566' title='bbox 2968 2790 3265 2849; x_wconf 87' lang='lat' dir='ltr'><strong>dicendum</strong></span> <span class='ocrx_word' id='word_1_567' title='bbox 3314 2808 3402 2853; x_wconf 87' lang='lat' dir='ltr'><strong>est</strong></span> 
     </span>
    </p>
   </div>
   <div class='ocr_carea' id='block_1_74' title="bbox 1817 2874 3399 2957">
    <p class='ocr_par' dir='ltr' id='par_1_74' title="bbox 1817 2874 3399 2957">
     <span class='ocr_line' id='line_1_74' title="bbox 1817 2874 3399 2957; baseline 0.01 -30"><span class='ocrx_word' id='word_1_568' title='bbox 1817 2874 1969 2929; x_wconf 81' lang='lat' dir='ltr'><strong>ferri.</strong></span> <span class='ocrx_word' id='word_1_569' title='bbox 2008 2876 2168 2931; x_wconf 86' lang='lat' dir='ltr'><strong>Nulla</strong></span> <span class='ocrx_word' id='word_1_570' title='bbox 2208 2878 2357 2931; x_wconf 89' lang='lat' dir='ltr'><strong>enim</strong></span> <span class='ocrx_word' id='word_1_571' title='bbox 2402 2894 2518 2944; x_wconf 87' lang='lat' dir='ltr'><strong>res,</strong></span> <span class='ocrx_word' id='word_1_572' title='bbox 2553 2896 2898 2951; x_wconf 69' lang='lat' dir='ltr'><strong>quascunque</strong></span> <span class='ocrx_word' id='word_1_573' title='bbox 2944 2885 3245 2951; x_wconf 77' lang='lat' dir='ltr'><strong>exsistunt,</strong></span> <span class='ocrx_word' id='word_1_574' title='bbox 3282 2887 3399 2957; x_wconf 85' lang='lat' dir='ltr'><strong>ipsa</strong></span> 
     </span>
    </p>
   </div>
   <div class='ocr_carea' id='block_1_75' title="bbox 1815 2972 3395 3047">
    <p class='ocr_par' dir='ltr' id='par_1_75' title="bbox 1815 2972 3395 3047">
     <span class='ocr_line' id='line_1_75' title="bbox 1815 2972 3395 3047; baseline 0.011 -28"><span class='ocrx_word' id='word_1_575' title='bbox 1815 2982 1916 3035; x_wconf 89' lang='lat' dir='ltr'><strong>per</strong></span> <span class='ocrx_word' id='word_1_576' title='bbox 1962 2982 2019 3021; x_wconf 85' lang='lat' dir='ltr'><strong>se</strong></span> <span class='ocrx_word' id='word_1_577' title='bbox 2070 2977 2333 3037; x_wconf 86' lang='lat' dir='ltr'><strong>operatur</strong></span> <span class='ocrx_word' id='word_1_578' title='bbox 2374 2972 2635 3037; x_wconf 87' lang='lat' dir='ltr'><strong>omnino,</strong></span> <span class='ocrx_word' id='word_1_579' title='bbox 2666 2974 2795 3043; x_wconf 81' lang='lat' dir='ltr'><strong>quia</strong></span> <span class='ocrx_word' id='word_1_580' title='bbox 2848 2990 2952 3029; x_wconf 89' lang='lat' dir='ltr'><strong>nec</strong></span> <span class='ocrx_word' id='word_1_581' title='bbox 2997 2991 3167 3032; x_wconf 83' lang='lat' dir='ltr'><strong>causa</strong></span> <span class='ocrx_word' id='word_1_582' title='bbox 3213 2990 3395 3047; x_wconf 84' lang='lat' dir='ltr'><strong>caret;</strong></span> 
     </span>
    </p>
   </div>
   <div class='ocr_carea' id='block_1_76' title="bbox 1816 3058 3395 3138">
    <p class='ocr_par' dir='ltr' id='par_1_76' title="bbox 1816 3058 3395 3138">
     <span class='ocr_line' id='line_1_76' title="bbox 1816 3058 3395 3138; baseline 0.011 -29"><span class='ocrx_word' id='word_1_583' title='bbox 1816 3058 1963 3126; x_wconf 89' lang='lat' dir='ltr'><strong>quod</strong></span> <span class='ocrx_word' id='word_1_584' title='bbox 1991 3074 2126 3113; x_wconf 82' lang='lat' dir='ltr'><strong>vero</strong></span> <span class='ocrx_word' id='word_1_585' title='bbox 2157 3076 2325 3115; x_wconf 86' lang='lat' dir='ltr'><strong>causa</strong></span> <span class='ocrx_word' id='word_1_586' title='bbox 2353 3077 2467 3116; x_wconf 89' lang='lat' dir='ltr'><strong>non</strong></span> <span class='ocrx_word' id='word_1_587' title='bbox 2497 3072 2668 3128; x_wconf 82' lang='lat' dir='ltr'><strong>caret,</strong></span> <span class='ocrx_word' id='word_1_588' title='bbox 2699 3064 2751 3118; x_wconf 94' lang='lat' dir='ltr'><strong>id</strong></span> <span class='ocrx_word' id='word_1_589' title='bbox 2786 3066 3013 3122; x_wconf 78' lang='lat' dir='ltr'><strong>omnino</strong></span> <span class='ocrx_word' id='word_1_590' title='bbox 3043 3083 3146 3138; x_wconf 86' lang='lat' dir='ltr'><strong>per</strong></span> <span class='ocrx_word' id='word_1_591' title='bbox 3175 3085 3395 3125; x_wconf 77' lang='lat' dir='ltr'><strong>causam</strong></span> 
     </span>
    </p>
   </div>
   <div class='ocr_carea' id='block_1_77' title="bbox 1817 3152 3401 3224">
    <p class='ocr_par' dir='ltr' id='par_1_77' title="bbox 1817 3152 3401 3224">
     <span class='ocr_line' id='line_1_77' title="bbox 1817 3152 3401 3224; baseline 0.01 -23"><span class='ocrx_word' id='word_1_592' title='bbox 1817 3159 2094 3211; x_wconf 82' lang='lat' dir='ltr'><strong>movetur.</strong></span> <span class='ocrx_word' id='word_1_593' title='bbox 2125 3152 2270 3207; x_wconf 90' lang='lat' dir='ltr'><strong>unde</strong></span> <span class='ocrx_word' id='word_1_594' title='bbox 2305 3166 2535 3223; x_wconf 81' lang='lat' dir='ltr'><strong>apparet</strong></span> <span class='ocrx_word' id='word_1_595' title='bbox 2563 3155 2710 3224; x_wconf 85' lang='lat' dir='ltr'><strong>quod</strong></span> <span class='ocrx_word' id='word_1_596' title='bbox 2745 3171 2912 3212; x_wconf 83' lang='lat' dir='ltr'><strong>causa</strong></span> <span class='ocrx_word' id='word_1_597' title='bbox 2944 3158 3208 3215; x_wconf 85' lang='lat' dir='ltr'><strong>incitatur</strong></span> <span class='ocrx_word' id='word_1_598' title='bbox 3237 3161 3306 3216; x_wconf 79' lang='lat' dir='ltr'><strong>ad</strong></span> <span class='ocrx_word' id='word_1_599' title='bbox 3336 3178 3401 3218; x_wconf 88' lang='lat' dir='ltr'><strong>se</strong></span> 
     </span>
    </p>
   </div>
   <div class='ocr_carea' id='block_1_78' title="bbox 1815 3242 3400 3321">
    <p class='ocr_par' dir='ltr' id='par_1_78' title="bbox 1815 3242 3400 3321">
     <span class='ocr_line' id='line_1_78' title="bbox 1815 3242 3400 3321; baseline 0.008 -26"><span class='ocrx_word' id='word_1_600' title='bbox 1815 3242 2272 3297; x_wconf 85' lang='lat' dir='ltr'><strong>commovendum</strong></span> <span class='ocrx_word' id='word_1_601' title='bbox 2306 3246 2634 3301; x_wconf 89' lang='lat' dir='ltr'><strong>naturaliter</strong></span> <span class='ocrx_word' id='word_1_602' title='bbox 2665 3247 2734 3301; x_wconf 71' lang='lat' dir='ltr'><strong>ad</strong></span> <span class='ocrx_word' id='word_1_603' title='bbox 2767 3262 2932 3317; x_wconf 82' lang='lat' dir='ltr'><strong>quam</strong></span> <span class='ocrx_word' id='word_1_604' title='bbox 2965 3258 3023 3303; x_wconf 92' lang='lat' dir='ltr'><strong>et</strong></span> <span class='ocrx_word' id='word_1_605' title='bbox 3053 3266 3165 3321; x_wconf 87' lang='lat' dir='ltr'><strong>quo</strong></span> <span class='ocrx_word' id='word_1_606' title='bbox 3199 3253 3400 3308; x_wconf 84' lang='lat' dir='ltr'><strong>motio-</strong></span> 
     </span>
    </p>
   </div>
   <div class='ocr_carea' id='block_1_79' title="bbox 1815 3332 3392 3411">
    <p class='ocr_par' dir='ltr' id='par_1_79' title="bbox 1815 3332 3392 3411">
     <span class='ocr_line' id='line_1_79' title="bbox 1815 3332 3392 3411; baseline 0.011 -27"><span class='ocrx_word' id='word_1_607' title='bbox 1815 3346 1938 3385; x_wconf 88' lang='lat' dir='ltr'><strong>nem</strong></span> <span class='ocrx_word' id='word_1_608' title='bbox 1964 3332 2168 3404; x_wconf 80' lang='lat' dir='ltr'><strong>dirigit.</strong></span> <span class='ocrx_word' id='word_1_609' title='bbox 2197 3336 2327 3390; x_wconf 76' lang='lat' dir='ltr'><strong>Sine</strong></span> <span class='ocrx_word' id='word_1_610' title='bbox 2358 3352 2525 3392; x_wconf 86' lang='lat' dir='ltr'><strong>causa</strong></span> <span class='ocrx_word' id='word_1_611' title='bbox 2554 3338 2703 3392; x_wconf 86' lang='lat' dir='ltr'><strong>enim</strong></span> <span class='ocrx_word' id='word_1_612' title='bbox 2732 3355 2927 3395; x_wconf 79' lang='lat' dir='ltr'><strong>eorum</strong></span> <span class='ocrx_word' id='word_1_613' title='bbox 2949 3357 3072 3411; x_wconf 67' lang='lat' dir='ltr'><strong>qua</strong></span> <span class='ocrx_word' id='word_1_614' title='bbox 3097 3355 3392 3400; x_wconf 76' lang='lat' dir='ltr'><strong>moventur</strong></span> 
     </span>
    </p>
   </div>
   <div class='ocr_carea' id='block_1_80' title="bbox 1813 3422 3397 3494">
    <p class='ocr_par' dir='ltr' id='par_1_80' title="bbox 1813 3422 3397 3494">
     <span class='ocr_line' id='line_1_80' title="bbox 1813 3422 3397 3494; baseline 0.012 -19"><span class='ocrx_word' id='word_1_615' title='bbox 1813 3422 1952 3476; x_wconf 80' lang='lat' dir='ltr'><strong>nihil</strong></span> <span class='ocrx_word' id='word_1_616' title='bbox 1974 3439 2204 3494; x_wconf 81' lang='lat' dir='ltr'><strong>usquam</strong></span> <span class='ocrx_word' id='word_1_617' title='bbox 2223 3427 2334 3481; x_wconf 86' lang='lat' dir='ltr'><strong>ullo</strong></span> <span class='ocrx_word' id='word_1_618' title='bbox 2352 3428 2520 3483; x_wconf 80' lang='lat' dir='ltr'><strong>modo</strong></span> <span class='ocrx_word' id='word_1_619' title='bbox 2531 3438 2805 3485; x_wconf 85' lang='lat' dir='ltr'><strong>movetur.</strong></span> <span class='ocrx_word' id='word_1_620' title='bbox 2822 3432 3047 3489; x_wconf 74' lang='lat' dir='ltr'><strong>initium</strong></span> <span class='ocrx_word' id='word_1_621' title='bbox 3066 3451 3201 3491; x_wconf 79' lang='lat' dir='ltr'><strong>vero</strong></span> <span class='ocrx_word' id='word_1_622' title='bbox 3212 3439 3397 3494; x_wconf 79' lang='lat' dir='ltr'><strong>onmis</strong></span> 
     </span>
    </p>
   </div>
   <div class='ocr_carea' id='block_1_81' title="bbox 1811 3518 3398 3602">
    <p class='ocr_par' dir='ltr' id='par_1_81' title="bbox 1811 3518 3398 3602">
     <span class='ocr_line' id='line_1_81' title="bbox 1811 3518 3398 3602; baseline 0.011 -32"><span class='ocrx_word' id='word_1_623' title='bbox 1811 3518 2084 3573; x_wconf 86' lang='lat' dir='ltr'><strong>naturalis</strong></span> <span class='ocrx_word' id='word_1_624' title='bbox 2114 3520 2382 3576; x_wconf 89' lang='lat' dir='ltr'><strong>motionis</strong></span> <span class='ocrx_word' id='word_1_625' title='bbox 2416 3532 2501 3577; x_wconf 88' lang='lat' dir='ltr'><strong>est</strong></span> <span class='ocrx_word' id='word_1_626' title='bbox 2529 3539 2721 3578; x_wconf 88' lang='lat' dir='ltr'><strong>eorum</strong></span> <span class='ocrx_word' id='word_1_627' title='bbox 2751 3542 2876 3595; x_wconf 66' lang='lat' dir='ltr'><strong>quas</strong></span> <span class='ocrx_word' id='word_1_628' title='bbox 2904 3540 3201 3585; x_wconf 81' lang='lat' dir='ltr'><strong>moventur</strong></span> <span class='ocrx_word' id='word_1_629' title='bbox 3230 3547 3398 3602; x_wconf 81' lang='lat' dir='ltr'><strong>gene-</strong></span> 
     </span>
    </p>
   </div>
   <div class='ocr_carea' id='block_1_82' title="bbox 1812 3607 3398 3695">
    <p class='ocr_par' dir='ltr' id='par_1_82' title="bbox 1812 3607 3398 3695">
     <span class='ocr_line' id='line_1_82' title="bbox 1812 3607 3398 3695; baseline 0.013 -36"><span class='ocrx_word' id='word_1_630' title='bbox 1812 3607 1977 3672; x_wconf 89' lang='lat' dir='ltr'><strong>ratio,</strong></span> <span class='ocrx_word' id='word_1_631' title='bbox 2009 3611 2169 3680; x_wconf 85' lang='lat' dir='ltr'><strong>cujus</strong></span> <span class='ocrx_word' id='word_1_632' title='bbox 2199 3627 2395 3667; x_wconf 87' lang='lat' dir='ltr'><strong>rursus</strong></span> <span class='ocrx_word' id='word_1_633' title='bbox 2429 3613 2604 3683; x_wconf 86' lang='lat' dir='ltr'><strong>ipsius</strong></span> <span class='ocrx_word' id='word_1_634' title='bbox 2641 3616 2858 3673; x_wconf 89' lang='lat' dir='ltr'><strong>initium</strong></span> <span class='ocrx_word' id='word_1_635' title='bbox 2896 3619 3047 3675; x_wconf 86' lang='lat' dir='ltr'><strong>Deus</strong></span> <span class='ocrx_word' id='word_1_636' title='bbox 3073 3631 3178 3687; x_wconf 85' lang='lat' dir='ltr'><strong>est,</strong></span> <span class='ocrx_word' id='word_1_637' title='bbox 3211 3632 3272 3678; x_wconf 93' lang='lat' dir='ltr'><strong>ut</strong></span> <span class='ocrx_word' id='word_1_638' title='bbox 3303 3641 3398 3695; x_wconf 80' lang='lat' dir='ltr'><strong>ge-</strong></span> 
     </span>
    </p>
   </div>
   <div class='ocr_carea' id='block_1_83' title="bbox 1811 3700 3398 3776">
    <p class='ocr_par' dir='ltr' id='par_1_83' title="bbox 1811 3700 3398 3776">
     <span class='ocr_line' id='line_1_83' title="bbox 1811 3700 3398 3776; baseline 0.011 -23"><span class='ocrx_word' id='word_1_639' title='bbox 1811 3700 2118 3756; x_wconf 89' lang='lat' dir='ltr'><strong>nerationis</strong></span> <span class='ocrx_word' id='word_1_640' title='bbox 2152 3712 2365 3758; x_wconf 87' lang='lat' dir='ltr'><strong>auctor.</strong></span> <span class='ocrx_word' id='word_1_641' title='bbox 2394 3704 2600 3760; x_wconf 84' lang='lat' dir='ltr'><strong>Eorum</strong></span> <span class='ocrx_word' id='word_1_642' title='bbox 2633 3723 2755 3776; x_wconf 69' lang='lat' dir='ltr'><strong>quae</strong></span> <span class='ocrx_word' id='word_1_643' title='bbox 2787 3708 2927 3765; x_wconf 82' lang='lat' dir='ltr'><strong>facta</strong></span> <span class='ocrx_word' id='word_1_644' title='bbox 2962 3719 3093 3765; x_wconf 85' lang='lat' dir='ltr'><strong>sunt</strong></span> <span class='ocrx_word' id='word_1_645' title='bbox 3125 3716 3398 3773; x_wconf 78' lang='lat' dir='ltr'><strong>naturalis</strong></span> 
     </span>
    </p>
   </div>
   <div class='ocr_carea' id='block_1_84' title="bbox 1812 3792 3398 3873">
    <p class='ocr_par' dir='ltr' id='par_1_84' title="bbox 1812 3792 3398 3873">
     <span class='ocr_line' id='line_1_84' title="bbox 1812 3792 3398 3873; baseline 0.012 -30"><span class='ocrx_word' id='word_1_646' title='bbox 1812 3792 2188 3860; x_wconf 79' lang='lat' dir='ltr'><strong>generationis</strong></span> <span class='ocrx_word' id='word_1_647' title='bbox 2223 3793 2350 3848; x_wconf 85' lang='lat' dir='ltr'><strong>linis</strong></span> <span class='ocrx_word' id='word_1_648' title='bbox 2380 3805 2464 3849; x_wconf 89' lang='lat' dir='ltr'><strong>est</strong></span> <span class='ocrx_word' id='word_1_649' title='bbox 2489 3805 2689 3861; x_wconf 85' lang='lat' dir='ltr'><strong>status,</strong></span> <span class='ocrx_word' id='word_1_650' title='bbox 2718 3814 2884 3867; x_wconf 84' lang='lat' dir='ltr'><strong>quem</strong></span> <span class='ocrx_word' id='word_1_651' title='bbox 2920 3801 3083 3871; x_wconf 79' lang='lat' dir='ltr'><strong>plane</strong></span> <span class='ocrx_word' id='word_1_652' title='bbox 3110 3814 3234 3873; x_wconf 81' lang='lat' dir='ltr'><strong>post</strong></span> <span class='ocrx_word' id='word_1_653' title='bbox 3264 3821 3398 3861; x_wconf 84' lang='lat' dir='ltr'><strong>con-</strong></span> 
     </span>
    </p>
   </div>
   <div class='ocr_carea' id='block_1_85' title="bbox 1812 3888 3395 3967">
    <p class='ocr_par' dir='ltr' id='par_1_85' title="bbox 1812 3888 3395 3967">
     <span class='ocr_line' id='line_1_85' title="bbox 1812 3888 3395 3967; baseline 0.011 -31"><span class='ocrx_word' id='word_1_654' title='bbox 1812 3894 2217 3938; x_wconf 86' lang='lat' dir='ltr'><strong>summatorum</strong></span> <span class='ocrx_word' id='word_1_655' title='bbox 2252 3894 2664 3957; x_wconf 63' lang='lat' dir='ltr'><strong>transgressum</strong></span> <span class='ocrx_word' id='word_1_656' title='bbox 2697 3888 2940 3947; x_wconf 73' lang='lat' dir='ltr'><strong>inﬁnitas</strong></span> <span class='ocrx_word' id='word_1_657' title='bbox 2968 3891 3161 3955; x_wconf 79' lang='lat' dir='ltr'><strong>eﬁieit,</strong></span> <span class='ocrx_word' id='word_1_658' title='bbox 3197 3896 3251 3950; x_wconf 93' lang='lat' dir='ltr'><strong>in</strong></span> <span class='ocrx_word' id='word_1_659' title='bbox 3286 3914 3395 3967; x_wconf 87' lang='lat' dir='ltr'><strong>qua</strong></span> 
     </span>
    </p>
   </div>
   <div class='ocr_carea' id='block_1_86' title="bbox 1810 3977 3391 4046">
    <p class='ocr_par' dir='ltr' id='par_1_86' title="bbox 1810 3977 3391 4046">
     <span class='ocr_line' id='line_1_86' title="bbox 1810 3977 3391 4046; baseline 0.011 -18"><span class='ocrx_word' id='word_1_660' title='bbox 1810 3985 2036 4045; x_wconf 75' lang='lat' dir='ltr'><strong>propter</strong></span> <span class='ocrx_word' id='word_1_661' title='bbox 2057 3977 2392 4032; x_wconf 73' lang='lat' dir='ltr'><strong>exsistentize</strong></span> <span class='ocrx_word' id='word_1_662' title='bbox 2414 3980 2773 4035; x_wconf 83' lang='lat' dir='ltr'><strong>cessationem</strong></span> <span class='ocrx_word' id='word_1_663' title='bbox 2797 3984 2976 4038; x_wconf 88' lang='lat' dir='ltr'><strong>omnis</strong></span> <span class='ocrx_word' id='word_1_664' title='bbox 3000 3985 3172 4040; x_wconf 88' lang='lat' dir='ltr'><strong>motio</strong></span> <span class='ocrx_word' id='word_1_665' title='bbox 3195 4003 3391 4046; x_wconf 81' lang='lat' dir='ltr'><strong>eorum</strong></span> 
     </span>
    </p>
   </div>
   <div class='ocr_carea' id='block_1_87' title="bbox 1811 4071 3392 4145">
    <p class='ocr_par' dir='ltr' id='par_1_87' title="bbox 1811 4071 3392 4145">
     <span class='ocr_line' id='line_1_87' title="bbox 1811 4071 3392 4145; baseline 0.01 -22"><span class='ocrx_word' id='word_1_666' title='bbox 1811 4071 2149 4125; x_wconf 77' lang='lat' dir='ltr'><strong>naturalium</strong></span> <span class='ocrx_word' id='word_1_667' title='bbox 2195 4087 2318 4141; x_wconf 72' lang='lat' dir='ltr'><strong>qua:</strong></span> <span class='ocrx_word' id='word_1_668' title='bbox 2362 4083 2654 4129; x_wconf 69' lang='lat' dir='ltr'><strong>moventur</strong></span> <span class='ocrx_word' id='word_1_669' title='bbox 2695 4076 3051 4132; x_wconf 71' lang='lat' dir='ltr'><strong>intervallum</strong></span> <span class='ocrx_word' id='word_1_670' title='bbox 3087 4079 3248 4145; x_wconf 78' lang='lat' dir='ltr'><strong>facit,</strong></span> <span class='ocrx_word' id='word_1_671' title='bbox 3281 4099 3392 4140; x_wconf 91' lang='lat' dir='ltr'><strong>non</strong></span> 
     </span>
    </p>
   </div>
   <div class='ocr_carea' id='block_1_88' title="bbox 1812 4162 3397 4241">
    <p class='ocr_par' dir='ltr' id='par_1_88' title="bbox 1812 4162 3397 4241">
     <span class='ocr_line' id='line_1_88' title="bbox 1812 4162 3397 4241; baseline 0.009 -27"><span class='ocrx_word' id='word_1_672' title='bbox 1812 4162 2092 4231; x_wconf 74' lang='lat' dir='ltr'><strong>reliquum</strong></span> <span class='ocrx_word' id='word_1_673' title='bbox 2117 4162 2329 4218; x_wconf 80' lang='lat' dir='ltr'><strong>habens</strong></span> <span class='ocrx_word' id='word_1_674' title='bbox 2352 4179 2468 4235; x_wconf 83' lang='lat' dir='ltr'><strong>quo</strong></span> <span class='ocrx_word' id='word_1_675' title='bbox 2493 4175 2589 4220; x_wconf 73' lang='lat' dir='ltr'><strong>aut</strong></span> <span class='ocrx_word' id='word_1_676' title='bbox 2613 4169 2891 4235; x_wconf 83' lang='lat' dir='ltr'><strong>quomodo</strong></span> <span class='ocrx_word' id='word_1_677' title='bbox 2922 4177 2980 4224; x_wconf 88' lang='lat' dir='ltr'><strong>et</strong></span> <span class='ocrx_word' id='word_1_678' title='bbox 3008 4171 3074 4224; x_wconf 80' lang='lat' dir='ltr'><strong>ad</strong></span> <span class='ocrx_word' id='word_1_679' title='bbox 3107 4173 3239 4241; x_wconf 91' lang='lat' dir='ltr'><strong>quid</strong></span> <span class='ocrx_word' id='word_1_680' title='bbox 3277 4191 3397 4229; x_wconf 84' lang='lat' dir='ltr'><strong>mo-</strong></span> 
     </span>
    </p>
   </div>
   <div class='ocr_carea' id='block_1_89' title="bbox 1811 4255 3392 4327">
    <p class='ocr_par' dir='ltr' id='par_1_89' title="bbox 1811 4255 3392 4327">
     <span class='ocr_line' id='line_1_89' title="bbox 1811 4255 3392 4327; baseline 0.009 -21"><span class='ocrx_word' id='word_1_681' title='bbox 1811 4262 2038 4318; x_wconf 82' lang='lat' dir='ltr'><strong>veatur,</strong></span> <span class='ocrx_word' id='word_1_682' title='bbox 2069 4268 2195 4309; x_wconf 83' lang='lat' dir='ltr'><strong>cum</strong></span> <span class='ocrx_word' id='word_1_683' title='bbox 2226 4255 2431 4320; x_wconf 90' lang='lat' dir='ltr'><strong>Deum,</strong></span> <span class='ocrx_word' id='word_1_684' title='bbox 2466 4256 2558 4325; x_wconf 91' lang='lat' dir='ltr'><strong>qui</strong></span> <span class='ocrx_word' id='word_1_685' title='bbox 2593 4258 2680 4311; x_wconf 81' lang='lat' dir='ltr'><strong>vel</strong></span> <span class='ocrx_word' id='word_1_686' title='bbox 2713 4258 2885 4327; x_wconf 83' lang='lat' dir='ltr'><strong>ipsam</strong></span> <span class='ocrx_word' id='word_1_687' title='bbox 2917 4261 3101 4316; x_wconf 85' lang='lat' dir='ltr'><strong>omnis</strong></span> <span class='ocrx_word' id='word_1_688' title='bbox 3133 4264 3392 4321; x_wconf 79' lang='lat' dir='ltr'><strong>motionis</strong></span> 
     </span>
    </p>
   </div>
   <div class='ocr_carea' id='block_1_90' title="bbox 1812 4345 3391 4414">
    <p class='ocr_par' dir='ltr' id='par_1_90' title="bbox 1812 4345 3391 4414">
     <span class='ocr_line' id='line_1_90' title="bbox 1812 4345 3391 4414; baseline 0.009 -15"><span class='ocrx_word' id='word_1_689' title='bbox 1812 4345 2244 4400; x_wconf 65' lang='lat' dir='ltr'><strong>ternisatricem</strong></span> <span class='ocrx_word' id='word_1_690' title='bbox 2279 4346 2611 4402; x_wconf 81' lang='lat' dir='ltr'><strong>inﬁnitatem</strong></span> <span class='ocrx_word' id='word_1_691' title='bbox 2639 4349 2853 4414; x_wconf 66' lang='lat' dir='ltr'><strong>deﬁnit,</strong></span> <span class='ocrx_word' id='word_1_692' title='bbox 2885 4351 3052 4407; x_wconf 82' lang='lat' dir='ltr'><strong>tinem</strong></span> <span class='ocrx_word' id='word_1_693' title='bbox 3081 4365 3141 4408; x_wconf 91' lang='lat' dir='ltr'><strong>ut</strong></span> <span class='ocrx_word' id='word_1_694' title='bbox 3168 4372 3391 4413; x_wconf 88' lang='lat' dir='ltr'><strong>causam</strong></span> 
     </span>
    </p>
   </div>
   <div class='ocr_carea' id='block_1_91' title="bbox 1812 4437 3392 4511">
    <p class='ocr_par' dir='ltr' id='par_1_91' title="bbox 1812 4437 3392 4511">
     <span class='ocr_line' id='line_1_91' title="bbox 1812 4437 3392 4511; baseline 0.009 -20"><span class='ocrx_word' id='word_1_695' title='bbox 1812 4437 2030 4492; x_wconf 87' lang='lat' dir='ltr'><strong>haheat.</strong></span> <span class='ocrx_word' id='word_1_696' title='bbox 2058 4438 2246 4508; x_wconf 76' lang='lat' dir='ltr'><strong>itaque</strong></span> <span class='ocrx_word' id='word_1_697' title='bbox 2291 4441 2470 4495; x_wconf 85' lang='lat' dir='ltr'><strong>omnis</strong></span> <span class='ocrx_word' id='word_1_698' title='bbox 2508 4443 2880 4511; x_wconf 76' lang='lat' dir='ltr'><strong>generationis</strong></span> <span class='ocrx_word' id='word_1_699' title='bbox 2920 4455 2980 4499; x_wconf 86' lang='lat' dir='ltr'><strong>et</strong></span> <span class='ocrx_word' id='word_1_700' title='bbox 3008 4449 3270 4505; x_wconf 81' lang='lat' dir='ltr'><strong>motionis</strong></span> <span class='ocrx_word' id='word_1_701' title='bbox 3308 4466 3392 4507; x_wconf 88' lang='lat' dir='ltr'><strong>re-</strong></span> 
     </span>
    </p>
   </div>
   <div class='ocr_carea' id='block_1_92' title="bbox 113 4529 1718 4607">
    <p class='ocr_par' dir='ltr' id='par_1_92' title="bbox 113 4533 1706 4607">
     <span class='ocr_line' id='line_1_92' title="bbox 113 4533 1706 4607; baseline -0.001 -19"><span class='ocrx_word' id='word_1_702' title='bbox 113 4535 295 4588; x_wconf 80' lang='grc' dir='ltr'>ὅντων</span> <span class='ocrx_word' id='word_1_703' title='bbox 321 4576 337 4603; x_wconf 82' lang='grc'><strong>,</strong></span> <span class='ocrx_word' id='word_1_704' title='bbox 391 4534 534 4607; x_wconf 82' lang='grc' dir='ltr'><strong>ἀρχὴ</strong></span> <span class='ocrx_word' id='word_1_705' title='bbox 579 4538 679 4588; x_wconf 61' lang='grc' dir='ltr'><strong>καὶ⁸</strong></span> <span class='ocrx_word' id='word_1_706' title='bbox 704 4536 856 4599; x_wconf 80' lang='grc' dir='ltr'>τέλος</span> <span class='ocrx_word' id='word_1_707' title='bbox 885 4536 1038 4588; x_wconf 72' lang='grc' dir='ltr'>ἐστὶν</span> <span class='ocrx_word' id='word_1_708' title='bbox 1064 4537 1092 4589; x_wconf 88' lang='grc' dir='ltr'>ὁ</span> <span class='ocrx_word' id='word_1_709' title='bbox 1115 4534 1247 4598; x_wconf 76' lang='grc' dir='ltr'>Θεὸς</span> <span class='ocrx_word' id='word_1_710' title='bbox 1268 4575 1282 4599; x_wconf 95' lang='grc'><strong>,</strong></span> <span class='ocrx_word' id='word_1_711' title='bbox 1340 4535 1417 4599; x_wconf 83' lang='grc' dir='ltr'><strong>ὡς</strong></span> <span class='ocrx_word' id='word_1_712' title='bbox 1453 4534 1512 4599; x_wconf 78' lang='grc' dir='ltr'><strong>ἐξ</strong></span> <span class='ocrx_word' id='word_1_713' title='bbox 1540 4533 1706 4590; x_wconf 81' lang='grc' dir='ltr'>αὐτοῦ</span> 
     </span>
    </p>
   </div>
   <div class='ocr_carea' id='block_1_93' title="bbox 1817 4529 3390 4607">
    <p class='ocr_par' dir='ltr' id='par_1_93' title="bbox 1817 4530 3390 4604">
     <span class='ocr_line' id='line_1_93' title="bbox 1817 4530 3390 4604; baseline 0.01 -21"><span class='ocrx_word' id='word_1_714' title='bbox 1817 4546 1941 4584; x_wconf 79' lang='lat' dir='ltr'><strong>rum</strong></span> <span class='ocrx_word' id='word_1_715' title='bbox 1968 4530 2354 4587; x_wconf 73' lang='lat' dir='ltr'><strong>exsistentium</strong></span> <span class='ocrx_word' id='word_1_716' title='bbox 2386 4534 2609 4588; x_wconf 73' lang='lat' dir='ltr'><strong>initium</strong></span> <span class='ocrx_word' id='word_1_717' title='bbox 2628 4545 2684 4589; x_wconf 85' lang='lat' dir='ltr'><strong>et</strong></span> <span class='ocrx_word' id='word_1_718' title='bbox 2710 4536 2834 4591; x_wconf 84' lang='lat' dir='ltr'><strong>ﬁnis</strong></span> <span class='ocrx_word' id='word_1_719' title='bbox 2862 4536 3013 4593; x_wconf 77' lang='lat' dir='ltr'><strong>Deus</strong></span> <span class='ocrx_word' id='word_1_720' title='bbox 3037 4549 3143 4604; x_wconf 86' lang='lat' dir='ltr'><strong>est,</strong></span> <span class='ocrx_word' id='word_1_721' title='bbox 3168 4556 3297 4596; x_wconf 83' lang='lat' dir='ltr'><strong>cum</strong></span> <span class='ocrx_word' id='word_1_722' title='bbox 3324 4558 3390 4598; x_wconf 78' lang='lat' dir='ltr'><strong>ex</strong></span> 
     </span>
    </p>
   </div>
   <div class='ocr_carea' id='block_1_94' title="bbox 110 4626 1709 4698">
    <p class='ocr_par' dir='ltr' id='par_1_94' title="bbox 110 4626 1709 4698">
     <span class='ocr_line' id='line_1_94' title="bbox 110 4626 1709 4698; baseline -0.002 -16"><span class='ocrx_word' id='word_1_723' title='bbox 110 4627 508 4698; x_wconf 79' lang='grc' dir='ltr'>γεγενημένων</span> <span class='ocrx_word' id='word_1_724' title='bbox 537 4628 635 4681; x_wconf 82' lang='grc' dir='ltr'>κα).</span> <span class='ocrx_word' id='word_1_725' title='bbox 660 4627 727 4683; x_wconf 77' lang='grc' dir='ltr'>δι’</span> <span class='ocrx_word' id='word_1_726' title='bbox 750 4626 917 4681; x_wconf 83' lang='grc' dir='ltr'>αὐτοῦ</span> <span class='ocrx_word' id='word_1_727' title='bbox 942 4627 1302 4696; x_wconf 78' lang='grc' dir='ltr'>κινουμένων,</span> <span class='ocrx_word' id='word_1_728' title='bbox 1328 4628 1423 4680; x_wconf 82' lang='grc' dir='ltr'>καὶ</span> <span class='ocrx_word' id='word_1_729' title='bbox 1445 4628 1526 4690; x_wconf 80' lang='grc' dir='ltr'><strong>είς</strong></span> <span class='ocrx_word' id='word_1_730' title='bbox 1548 4627 1709 4679; x_wconf 82' lang='grc' dir='ltr'>αὐτὸν</span> 
     </span>
    </p>
   </div>
   <div class='ocr_carea' id='block_1_95' title="bbox 110 4717 1709 4791">
    <p class='ocr_par' dir='ltr' id='par_1_95' title="bbox 110 4717 1709 4791">
     <span class='ocr_line' id='line_1_95' title="bbox 110 4717 1709 4791; baseline -0.001 -18"><span class='ocrx_word' id='word_1_731' title='bbox 110 4720 221 4791; x_wconf 79' lang='grc' dir='ltr'><strong>τὴν</strong></span> <span class='ocrx_word' id='word_1_732' title='bbox 253 4721 445 4775; x_wconf 77' lang='grc' dir='ltr'>στάσιν</span> <span class='ocrx_word' id='word_1_733' title='bbox 476 4720 875 4790; x_wconf 80' lang='grc' dir='ltr'>ποιησομένων.</span> <span class='ocrx_word' id='word_1_734' title='bbox 912 4720 1101 4790; x_wconf 72' lang='grc' dir='ltr'>Πάσης</span> <span class='ocrx_word' id='word_1_735' title='bbox 1132 4719 1190 4772; x_wconf 77' lang='grc' dir='ltr'>δὲ</span> <span class='ocrx_word' id='word_1_736' title='bbox 1221 4718 1456 4787; x_wconf 82' lang='grc' dir='ltr'>φυσικῆς</span> <span class='ocrx_word' id='word_1_737' title='bbox 1486 4719 1595 4771; x_wconf 86' lang='grc' dir='ltr'><strong>τῶν</strong></span> <span class='ocrx_word' id='word_1_738' title='bbox 1621 4717 1709 4772; x_wconf 77' lang='grc' dir='ltr'>δν-</span> 
     </span>
    </p>
   </div>
   <div class='ocr_carea' id='block_1_96' title="bbox 108 4810 1706 4883">
    <p class='ocr_par' dir='ltr' id='par_1_96' title="bbox 108 4810 1706 4883">
     <span class='ocr_line' id='line_1_96' title="bbox 108 4810 1706 4883; baseline -0.001 -16"><span class='ocrx_word' id='word_1_739' title='bbox 108 4832 230 4868; x_wconf 87' lang='grc' dir='ltr'><strong>των</strong></span> <span class='ocrx_word' id='word_1_740' title='bbox 260 4814 526 4883; x_wconf 83' lang='grc' dir='ltr'>κινήσεως</span> <span class='ocrx_word' id='word_1_741' title='bbox 548 4816 952 4883; x_wconf 87' lang='grc' dir='ltr'>προεπινοεῖται</span> <span class='ocrx_word' id='word_1_742' title='bbox 978 4814 1011 4883; x_wconf 80' lang='grc' dir='ltr'>ἡ</span> <span class='ocrx_word' id='word_1_743' title='bbox 1036 4814 1272 4881; x_wconf 81' lang='grc' dir='ltr'>γένεσις,</span> <span class='ocrx_word' id='word_1_744' title='bbox 1297 4810 1476 4881; x_wconf 80' lang='grc' dir='ltr'>πάσης</span> <span class='ocrx_word' id='word_1_745' title='bbox 1497 4810 1554 4863; x_wconf 87' lang='grc' dir='ltr'>δὲ</span> <span class='ocrx_word' id='word_1_746' title='bbox 1578 4811 1706 4865; x_wconf 82' lang='grc' dir='ltr'>στά-</span> 
     </span>
    </p>
   </div>
   <div class='ocr_carea' id='block_1_97' title="bbox 111 4902 1701 4976">
    <p class='ocr_par' dir='ltr' id='par_1_97' title="bbox 111 4902 1701 4976">
     <span class='ocr_line' id='line_1_97' title="bbox 111 4902 1701 4976; baseline -0.003 -15"><span class='ocrx_word' id='word_1_747' title='bbox 111 4925 262 4968; x_wconf 84' lang='grc' dir='ltr'>σεως</span> <span class='ocrx_word' id='word_1_748' title='bbox 294 4910 695 4976; x_wconf 79' lang='grc' dir='ltr'>προεπινοείται</span> <span class='ocrx_word' id='word_1_749' title='bbox 935 4904 989 4971; x_wconf 80' lang='lat' dir='ltr'><strong>a)</strong></span> <span class='ocrx_word' id='word_1_750' title='bbox 1021 4903 1162 4957; x_wconf 74' lang='grc' dir='ltr'>κατὰ</span> <span class='ocrx_word' id='word_1_751' title='bbox 1210 4902 1374 4972; x_wconf 88' lang='grc' dir='ltr'>φύσιν</span> <span class='ocrx_word' id='word_1_752' title='bbox 1404 4904 1436 4973; x_wconf 88' lang='grc' dir='ltr'>ή</span> <span class='ocrx_word' id='word_1_753' title='bbox 1465 4903 1701 4973; x_wconf 82' lang='grc' dir='ltr'>κίνησις.</span> 
     </span>
    </p>
   </div>
   <div class='ocr_carea' id='block_1_98' title="bbox 109 4994 1693 5068">
    <p class='ocr_par' dir='ltr' id='par_1_98' title="bbox 109 4994 1693 5068">
     <span class='ocr_line' id='line_1_98' title="bbox 109 4994 1693 5068; baseline -0.005 -15"><span class='ocrx_word' id='word_1_754' title='bbox 109 5000 178 5054; x_wconf 75' lang='grc' dir='ltr'><strong>Εἰ</strong></span> <span class='ocrx_word' id='word_1_755' title='bbox 206 4996 305 5051; x_wconf 74' lang='grc' dir='ltr'><strong>οὖν</strong></span> <span class='ocrx_word' id='word_1_756' title='bbox 332 4998 598 5068; x_wconf 82' lang='grc' dir='ltr'>κινήσεως</span> <span class='ocrx_word' id='word_1_757' title='bbox 626 4998 1031 5067; x_wconf 83' lang='grc' dir='ltr'>προεπινοεῖται</span> <span class='ocrx_word' id='word_1_758' title='bbox 1059 4994 1196 5048; x_wconf 79' lang='grc' dir='ltr'>κατὰ</span> <span class='ocrx_word' id='word_1_759' title='bbox 1221 4995 1381 5063; x_wconf 83' lang='grc' dir='ltr'>φύσιν</span> <span class='ocrx_word' id='word_1_760' title='bbox 1403 4996 1436 5066; x_wconf 77' lang='grc' dir='ltr'>ἡ</span> <span class='ocrx_word' id='word_1_761' title='bbox 1459 4994 1693 5062; x_wconf 70' lang='grc' dir='ltr'>γένεσις,</span> 
     </span>
    </p>
   </div>
   <div class='ocr_carea' id='block_1_99' title="bbox 104 5087 1694 5161">
    <p class='ocr_par' dir='ltr' id='par_1_99' title="bbox 104 5087 1694 5161">
     <span class='ocr_line' id='line_1_99' title="bbox 104 5087 1694 5161; baseline -0.002 -17"><span class='ocrx_word' id='word_1_762' title='bbox 104 5093 386 5161; x_wconf 82' lang='grc' dir='ltr'>κινήσεως</span> <span class='ocrx_word' id='word_1_763' title='bbox 428 5090 485 5143; x_wconf 80' lang='grc' dir='ltr'>δὲ</span> <span class='ocrx_word' id='word_1_764' title='bbox 544 5092 942 5160; x_wconf 80' lang='grc' dir='ltr'>μετεπινοεῖται</span> <span class='ocrx_word' id='word_1_765' title='bbox 997 5089 1140 5142; x_wconf 76' lang='grc' dir='ltr'>κατὰ</span> <span class='ocrx_word' id='word_1_766' title='bbox 1192 5088 1355 5158; x_wconf 83' lang='grc' dir='ltr'>φύσιν</span> <span class='ocrx_word' id='word_1_767' title='bbox 1407 5090 1441 5158; x_wconf 83' lang='grc' dir='ltr'>ή</span> <span class='ocrx_word' id='word_1_768' title='bbox 1483 5087 1694 5152; x_wconf 85' lang='grc' dir='ltr'>στάσις,</span> 
     </span>
    </p>
   </div>
   <div class='ocr_carea' id='block_1_100' title="bbox 102 5178 1698 5255">
    <p class='ocr_par' dir='ltr' id='par_1_100' title="bbox 102 5178 1698 5255">
     <span class='ocr_line' id='line_1_100' title="bbox 102 5178 1698 5255; baseline -0.004 -16"><span class='ocrx_word' id='word_1_769' title='bbox 102 5186 332 5255; x_wconf 81' lang='grc' dir='ltr'>γένεσις</span> <span class='ocrx_word' id='word_1_770' title='bbox 377 5183 621 5252; x_wconf 87' lang='grc' dir='ltr'>δηλονότι</span> <span class='ocrx_word' id='word_1_771' title='bbox 679 5184 773 5237; x_wconf 76' lang='grc' dir='ltr'>καὶ</span> <span class='ocrx_word' id='word_1_772' title='bbox 822 5182 1012 5245; x_wconf 87' lang='grc' dir='ltr'>στάσις</span> <span class='ocrx_word' id='word_1_773' title='bbox 1060 5178 1197 5236; x_wconf 74' lang='grc' dir='ltr'>εἶναι</span> <span class='ocrx_word' id='word_1_774' title='bbox 1247 5181 1357 5234; x_wconf 86' lang='grc' dir='ltr'><strong>τῶν</strong></span> <span class='ocrx_word' id='word_1_775' title='bbox 1394 5180 1511 5249; x_wconf 72' lang='grc' dir='ltr'><strong>ἅμα</strong></span> <span class='ocrx_word' id='word_1_776' title='bbox 1555 5180 1698 5234; x_wconf 75' lang='grc' dir='ltr'>κατὰ</span> 
     </span>
    </p>
   </div>
   <div class='ocr_carea' id='block_1_101' title="bbox 101 5271 1698 5349">
    <p class='ocr_par' dir='ltr' id='par_1_101' title="bbox 101 5271 1698 5349">
     <span class='ocr_line' id='line_1_101' title="bbox 101 5271 1698 5349; baseline -0.006 -17"><span class='ocrx_word' id='word_1_777' title='bbox 101 5279 211 5349; x_wconf 75' lang='grc' dir='ltr'>τὴν</span> <span class='ocrx_word' id='word_1_778' title='bbox 256 5276 493 5347; x_wconf 78' lang='grc' dir='ltr'>ὓπαρξιν</span> <span class='ocrx_word' id='word_1_779' title='bbox 531 5276 853 5347; x_wconf 72' lang='grc' dir='ltr'>ἀμήχανον,</span> <span class='ocrx_word' id='word_1_780' title='bbox 913 5274 1157 5345; x_wconf 75' lang='grc' dir='ltr'>ἀλλήλων</span> <span class='ocrx_word' id='word_1_781' title='bbox 1219 5272 1389 5335; x_wconf 77' lang='grc' dir='ltr'>αὐτὰς</span> <span class='ocrx_word' id='word_1_782' title='bbox 1450 5271 1698 5341; x_wconf 81' lang='grc' dir='ltr'>φυσικῶς</span> 
     </span>
    </p>
   </div>
   <div class='ocr_carea' id='block_1_102' title="bbox 100 5364 1691 5439">
    <p class='ocr_par' dir='ltr' id='par_1_102' title="bbox 100 5364 1691 5439">
     <span class='ocr_line' id='line_1_102' title="bbox 100 5364 1691 5439; baseline -0.003 -16"><span class='ocrx_word' id='word_1_783' title='bbox 100 5369 459 5439; x_wconf 86' lang='grc' dir='ltr'>διείργουσαν</span> <span class='ocrx_word' id='word_1_784' title='bbox 488 5370 533 5401; x_wconf 78' lang='grc'>⁸³</span> <span class='ocrx_word' id='word_1_785' title='bbox 556 5368 773 5439; x_wconf 74' lang='grc' dir='ltr'>ἔχουσαι</span> <span class='ocrx_word' id='word_1_786' title='bbox 817 5366 959 5421; x_wconf 79' lang='grc' dir='ltr'>κατὰ</span> <span class='ocrx_word' id='word_1_787' title='bbox 999 5366 1062 5418; x_wconf 75' lang='grc' dir='ltr'>τὸ</span> <span class='ocrx_word' id='word_1_788' title='bbox 1109 5365 1270 5434; x_wconf 77' lang='grc' dir='ltr'>μέσον</span> <span class='ocrx_word' id='word_1_789' title='bbox 1310 5364 1411 5435; x_wconf 78' lang='grc' dir='ltr'><strong>τὴν</strong></span> <span class='ocrx_word' id='word_1_790' title='bbox 1450 5364 1691 5435; x_wconf 84' lang='grc' dir='ltr'>κίνησιν.</span> 
     </span>
    </p>
   </div>
   <div class='ocr_carea' id='block_1_103' title="bbox 101 5456 1693 5531">
    <p class='ocr_par' dir='ltr' id='par_1_103' title="bbox 101 5456 1693 5531">
     <span class='ocr_line' id='line_1_103' title="bbox 101 5456 1693 5531; baseline -0.004 -17"><span class='ocrx_word' id='word_1_791' title='bbox 101 5462 185 5514; x_wconf 83' lang='grc' dir='ltr'>Οὐ</span> <span class='ocrx_word' id='word_1_792' title='bbox 218 5461 329 5531; x_wconf 82' lang='grc' dir='ltr'>γὰρ</span> <span class='ocrx_word' id='word_1_793' title='bbox 362 5459 563 5531; x_wconf 85' lang='grc' dir='ltr'>φυσικὴ</span> <span class='ocrx_word' id='word_1_794' title='bbox 597 5460 845 5529; x_wconf 79' lang='grc' dir='ltr'>ἐνέργεια</span> <span class='ocrx_word' id='word_1_795' title='bbox 878 5459 978 5528; x_wconf 80' lang='grc' dir='ltr'><strong>τῆς</strong></span> <span class='ocrx_word' id='word_1_796' title='bbox 1005 5458 1272 5526; x_wconf 81' lang='grc' dir='ltr'>γενέσεως</span> <span class='ocrx_word' id='word_1_797' title='bbox 1301 5456 1412 5510; x_wconf 86' lang='grc' dir='ltr'><strong>τῶν</strong></span> <span class='ocrx_word' id='word_1_798' title='bbox 1436 5457 1693 5525; x_wconf 82' lang='grc' dir='ltr'>κινουμέ-</span> 
     </span>
    </p>
   </div>
   <div class='ocr_carea' id='block_1_104' title="bbox 100 5548 1695 5622">
    <p class='ocr_par' dir='ltr' id='par_1_104' title="bbox 100 5548 1695 5622">
     <span class='ocr_line' id='line_1_104' title="bbox 100 5548 1695 5622; baseline -0.002 -17"><span class='ocrx_word' id='word_1_799' title='bbox 100 5570 221 5605; x_wconf 92' lang='grc' dir='ltr'><strong>νων</strong></span> <span class='ocrx_word' id='word_1_800' title='bbox 250 5553 283 5622; x_wconf 85' lang='grc' dir='ltr'><strong>ή</strong></span> <span class='ocrx_word' id='word_1_801' title='bbox 307 5552 495 5615; x_wconf 84' lang='grc' dir='ltr'>στάσις</span> <span class='ocrx_word' id='word_1_802' title='bbox 523 5553 691 5616; x_wconf 72' lang='grc' dir='ltr'>ἐστὶν,</span> <span class='ocrx_word' id='word_1_803' title='bbox 724 5550 862 5604; x_wconf 77' lang='grc' dir='ltr'>ἀλλὰ</span> <span class='ocrx_word' id='word_1_804' title='bbox 887 5551 1037 5613; x_wconf 80' lang='grc' dir='ltr'>τέλος</span> <span class='ocrx_word' id='word_1_805' title='bbox 1066 5549 1167 5618; x_wconf 85' lang='grc' dir='ltr'><strong>τῆς</strong></span> <span class='ocrx_word' id='word_1_806' title='bbox 1190 5550 1309 5602; x_wconf 85' lang='grc' dir='ltr'>κατ’</span> <span class='ocrx_word' id='word_1_807' title='bbox 1332 5549 1508 5618; x_wconf 81' lang='grc' dir='ltr'>αὐτὴν</span> <span class='ocrx_word' id='word_1_808' title='bbox 1535 5548 1695 5602; x_wconf 82' lang='grc' dir='ltr'>δυνά·-</span> 
     </span>
    </p>
   </div>
   <div class='ocr_carea' id='block_1_105' title="bbox 105 5641 1691 5717">
    <p class='ocr_par' dir='ltr' id='par_1_105' title="bbox 105 5641 1691 5717">
     <span class='ocr_line' id='line_1_105' title="bbox 105 5641 1691 5717; baseline -0.003 -17"><span class='ocrx_word' id='word_1_809' title='bbox 105 5663 262 5709; x_wconf 82' lang='grc' dir='ltr'>ιιεως</span> <span class='ocrx_word' id='word_1_810' title='bbox 288 5646 319 5717; x_wconf 82' lang='grc' dir='ltr'>ἦ</span> <span class='ocrx_word' id='word_1_811' title='bbox 344 5645 645 5717; x_wconf 85' lang='grc' dir='ltr'>ἐνεργείας,</span> <span class='ocrx_word' id='word_1_812' title='bbox 672 5644 705 5715; x_wconf 73' lang='grc' dir='ltr'>ἢ</span> <span class='ocrx_word' id='word_1_813' title='bbox 730 5647 878 5709; x_wconf 79' lang='grc' dir='ltr'>ὅπως</span> <span class='ocrx_word' id='word_1_814' title='bbox 907 5646 968 5699; x_wconf 79' lang='grc' dir='ltr'>ἄν</span> <span class='ocrx_word' id='word_1_815' title='bbox 997 5661 1077 5706; x_wconf 91' lang='grc' dir='ltr'><strong>τις</strong></span> <span class='ocrx_word' id='word_1_816' title='bbox 1104 5643 1282 5697; x_wconf 76' lang='grc' dir='ltr'>ἐθέλοι</span> <span class='ocrx_word' id='word_1_817' title='bbox 1308 5641 1466 5695; x_wconf 82' lang='grc' dir='ltr'>τοῦτο</span> <span class='ocrx_word' id='word_1_818' title='bbox 1490 5641 1691 5710; x_wconf 81' lang='grc' dir='ltr'>λέγειν.</span> 
     </span>
    </p>
   </div>
   <div class='ocr_carea' id='block_1_106' title="bbox 1807 4626 3391 4700">
    <p class='ocr_par' dir='ltr' id='par_1_106' title="bbox 1807 4626 3391 4700">
     <span class='ocr_line' id='line_1_106' title="bbox 1807 4626 3391 4700; baseline 0.008 -27"><span class='ocrx_word' id='word_1_819' title='bbox 1807 4635 1873 4673; x_wconf 89' lang='lat' dir='ltr'><strong>eo</strong></span> <span class='ocrx_word' id='word_1_820' title='bbox 1916 4632 2190 4691; x_wconf 69' lang='lat' dir='ltr'><strong>generatae</strong></span> <span class='ocrx_word' id='word_1_821' title='bbox 2230 4626 2340 4677; x_wconf 87' lang='lat' dir='ltr'><strong>sint</strong></span> <span class='ocrx_word' id='word_1_822' title='bbox 2376 4633 2433 4679; x_wconf 89' lang='lat' dir='ltr'><strong>et</strong></span> <span class='ocrx_word' id='word_1_823' title='bbox 2480 4633 2784 4690; x_wconf 77' lang='lat' dir='ltr'><strong>uiolentur,</strong></span> <span class='ocrx_word' id='word_1_824' title='bbox 2819 4635 3021 4681; x_wconf 85' lang='lat' dir='ltr'><strong>statum</strong></span> <span class='ocrx_word' id='word_1_825' title='bbox 3063 4644 3288 4700; x_wconf 80' lang='lat' dir='ltr'><strong>quoque</strong></span> <span class='ocrx_word' id='word_1_826' title='bbox 3335 4632 3391 4687; x_wconf 88' lang='lat' dir='ltr'><strong>in</strong></span> 
     </span>
    </p>
   </div>
   <div class='ocr_carea' id='block_1_107' title="bbox 1806 4712 3392 4791">
    <p class='ocr_par' dir='ltr' id='par_1_107' title="bbox 1806 4712 3392 4791">
     <span class='ocr_line' id='line_1_107' title="bbox 1806 4712 3392 4791; baseline 0.009 -27"><span class='ocrx_word' id='word_1_827' title='bbox 1806 4727 1938 4765; x_wconf 87' lang='lat' dir='ltr'><strong>eum</strong></span> <span class='ocrx_word' id='word_1_828' title='bbox 1965 4712 2212 4768; x_wconf 67' lang='lat' dir='ltr'><strong>facturae.</strong></span> <span class='ocrx_word' id='word_1_829' title='bbox 2246 4714 2411 4769; x_wconf 83' lang='lat' dir='ltr'><strong>Omni</strong></span> <span class='ocrx_word' id='word_1_830' title='bbox 2441 4732 2572 4770; x_wconf 83' lang='lat' dir='ltr'><strong>vero</strong></span> <span class='ocrx_word' id='word_1_831' title='bbox 2608 4719 2850 4772; x_wconf 78' lang='lat' dir='ltr'><strong>natm-ali</strong></span> <span class='ocrx_word' id='word_1_832' title='bbox 2880 4734 3067 4774; x_wconf 79' lang='lat' dir='ltr'><strong>rerum</strong></span> <span class='ocrx_word' id='word_1_833' title='bbox 3100 4737 3222 4791; x_wconf 68' lang='lat' dir='ltr'><strong>quae</strong></span> <span class='ocrx_word' id='word_1_834' title='bbox 3259 4733 3392 4778; x_wconf 88' lang='lat' dir='ltr'><strong>sunt</strong></span> 
     </span>
    </p>
   </div>
   <div class='ocr_carea' id='block_1_108' title="bbox 1806 4805 3387 4882">
    <p class='ocr_par' dir='ltr' id='par_1_108' title="bbox 1806 4805 3387 4882">
     <span class='ocr_line' id='line_1_108' title="bbox 1806 4805 3387 4882; baseline 0.007 -22"><span class='ocrx_word' id='word_1_835' title='bbox 1806 4805 2049 4861; x_wconf 82' lang='lat' dir='ltr'><strong>motione</strong></span> <span class='ocrx_word' id='word_1_836' title='bbox 2080 4808 2235 4875; x_wconf 85' lang='lat' dir='ltr'><strong>prior</strong></span> <span class='ocrx_word' id='word_1_837' title='bbox 2265 4807 2595 4878; x_wconf 75' lang='lat' dir='ltr'><strong>intelligitur</strong></span> <span class='ocrx_word' id='word_1_838' title='bbox 2619 4810 2923 4879; x_wconf 67' lang='lat' dir='ltr'><strong>generatio,</strong></span> <span class='ocrx_word' id='word_1_839' title='bbox 2948 4813 3210 4882; x_wconf 79' lang='lat' dir='ltr'><strong>omnique</strong></span> <span class='ocrx_word' id='word_1_840' title='bbox 3238 4824 3387 4871; x_wconf 85' lang='lat' dir='ltr'><strong>statu</strong></span> 
     </span>
    </p>
   </div>
   <div class='ocr_carea' id='block_1_109' title="bbox 1804 4899 3384 4973">
    <p class='ocr_par' dir='ltr' id='par_1_109' title="bbox 1804 4899 3384 4973">
     <span class='ocr_line' id='line_1_109' title="bbox 1804 4899 3384 4973; baseline 0.007 -21"><span class='ocrx_word' id='word_1_841' title='bbox 1804 4899 1957 4969; x_wconf 90' lang='lat' dir='ltr'><strong>prior</strong></span> <span class='ocrx_word' id='word_1_842' title='bbox 1987 4900 2295 4954; x_wconf 81' lang='lat' dir='ltr'><strong>secundum</strong></span> <span class='ocrx_word' id='word_1_843' title='bbox 2324 4910 2586 4956; x_wconf 66' lang='lat' dir='ltr'><strong>naturam</strong></span> <span class='ocrx_word' id='word_1_844' title='bbox 2615 4902 2942 4973; x_wconf 79' lang='lat' dir='ltr'><strong>intelligitur</strong></span> <span class='ocrx_word' id='word_1_845' title='bbox 2968 4906 3158 4960; x_wconf 75' lang='lat' dir='ltr'><strong>motio.</strong></span> <span class='ocrx_word' id='word_1_846' title='bbox 3185 4906 3302 4961; x_wconf 87' lang='lat' dir='ltr'><strong>Jam</strong></span> <span class='ocrx_word' id='word_1_847' title='bbox 3339 4910 3384 4963; x_wconf 90' lang='lat' dir='ltr'><strong>si</strong></span> 
     </span>
    </p>
   </div>
   <div class='ocr_carea' id='block_1_110' title="bbox 1804 4992 3383 5068">
    <p class='ocr_par' dir='ltr' id='par_1_110' title="bbox 1804 4992 3383 5068">
     <span class='ocr_line' id='line_1_110' title="bbox 1804 4992 3383 5068; baseline 0.005 -22"><span class='ocrx_word' id='word_1_848' title='bbox 1804 4992 2109 5047; x_wconf 79' lang='lat' dir='ltr'><strong>motionem</strong></span> <span class='ocrx_word' id='word_1_849' title='bbox 2142 4992 2448 5048; x_wconf 83' lang='lat' dir='ltr'><strong>secundum</strong></span> <span class='ocrx_word' id='word_1_850' title='bbox 2486 5002 2741 5050; x_wconf 83' lang='lat' dir='ltr'><strong>naturam</strong></span> <span class='ocrx_word' id='word_1_851' title='bbox 2776 4996 3041 5068; x_wconf 77' lang='lat' dir='ltr'><strong>anticipat</strong></span> <span class='ocrx_word' id='word_1_852' title='bbox 3076 5000 3383 5067; x_wconf 75' lang='lat' dir='ltr'><strong>generatio,</strong></span> 
     </span>
    </p>
   </div>
   <div class='ocr_carea' id='block_1_111' title="bbox 1804 5085 3390 5159">
    <p class='ocr_par' dir='ltr' id='par_1_111' title="bbox 1804 5085 3390 5159">
     <span class='ocr_line' id='line_1_111' title="bbox 1804 5085 3390 5159; baseline 0.004 -21"><span class='ocrx_word' id='word_1_853' title='bbox 1804 5085 2107 5140; x_wconf 82' lang='lat' dir='ltr'><strong>motionem</strong></span> <span class='ocrx_word' id='word_1_854' title='bbox 2127 5100 2261 5140; x_wconf 75' lang='lat' dir='ltr'><strong>vero</strong></span> <span class='ocrx_word' id='word_1_855' title='bbox 2288 5085 2593 5140; x_wconf 72' lang='lat' dir='ltr'><strong>secundum</strong></span> <span class='ocrx_word' id='word_1_856' title='bbox 2616 5096 2877 5142; x_wconf 64' lang='lat' dir='ltr'><strong>naturam</strong></span> <span class='ocrx_word' id='word_1_857' title='bbox 2897 5089 3256 5159; x_wconf 83' lang='lat' dir='ltr'><strong>subsequitur</strong></span> <span class='ocrx_word' id='word_1_858' title='bbox 3276 5101 3390 5146; x_wconf 82' lang='lat' dir='ltr'><strong>sta-</strong></span> 
     </span>
    </p>
   </div>
   <div class='ocr_carea' id='block_1_112' title="bbox 1805 5178 3389 5249">
    <p class='ocr_par' dir='ltr' id='par_1_112' title="bbox 1805 5178 3389 5249">
     <span class='ocr_line' id='line_1_112' title="bbox 1805 5178 3389 5249; baseline 0.004 -17"><span class='ocrx_word' id='word_1_859' title='bbox 1805 5186 1922 5237; x_wconf 89' lang='lat' dir='ltr'><strong>tus.</strong></span> <span class='ocrx_word' id='word_1_860' title='bbox 1954 5188 2184 5248; x_wconf 73' lang='lat' dir='ltr'><strong>apparet</strong></span> <span class='ocrx_word' id='word_1_861' title='bbox 2215 5178 2630 5249; x_wconf 68' lang='lat' dir='ltr'><strong>generationem</strong></span> <span class='ocrx_word' id='word_1_862' title='bbox 2664 5190 2723 5236; x_wconf 90' lang='lat' dir='ltr'><strong>et</strong></span> <span class='ocrx_word' id='word_1_863' title='bbox 2757 5189 2960 5235; x_wconf 88' lang='lat' dir='ltr'><strong>statum</strong></span> <span class='ocrx_word' id='word_1_864' title='bbox 2998 5182 3166 5237; x_wconf 80' lang='lat' dir='ltr'><strong>simul</strong></span> <span class='ocrx_word' id='word_1_865' title='bbox 3204 5184 3389 5239; x_wconf 84' lang='lat' dir='ltr'><strong>subsi-</strong></span> 
     </span>
    </p>
   </div>
   <div class='ocr_carea' id='block_1_113' title="bbox 1804 5271 3384 5342">
    <p class='ocr_par' dir='ltr' id='par_1_113' title="bbox 1804 5271 3384 5342">
     <span class='ocr_line' id='line_1_113' title="bbox 1804 5271 3384 5342; baseline 0.002 -17"><span class='ocrx_word' id='word_1_866' title='bbox 1804 5280 1951 5325; x_wconf 85' lang='lat' dir='ltr'><strong>stere</strong></span> <span class='ocrx_word' id='word_1_867' title='bbox 2001 5287 2114 5326; x_wconf 87' lang='lat' dir='ltr'><strong>non</strong></span> <span class='ocrx_word' id='word_1_868' title='bbox 2160 5286 2362 5340; x_wconf 80' lang='lat' dir='ltr'><strong>posse,</strong></span> <span class='ocrx_word' id='word_1_869' title='bbox 2392 5271 2525 5325; x_wconf 90' lang='lat' dir='ltr'><strong>dum</strong></span> <span class='ocrx_word' id='word_1_870' title='bbox 2574 5272 2842 5336; x_wconf 84' lang='lat' dir='ltr'><strong>mediam,</strong></span> <span class='ocrx_word' id='word_1_871' title='bbox 2879 5288 3002 5342; x_wconf 70' lang='lat' dir='ltr'><strong>qua:</strong></span> <span class='ocrx_word' id='word_1_872' title='bbox 3041 5274 3267 5327; x_wconf 84' lang='lat' dir='ltr'><strong>alteram</strong></span> <span class='ocrx_word' id='word_1_873' title='bbox 3315 5276 3384 5329; x_wconf 91' lang='lat' dir='ltr'><strong>ah</strong></span> 
     </span>
    </p>
   </div>
   <div class='ocr_carea' id='block_1_114' title="bbox 1803 5362 3381 5426">
    <p class='ocr_par' dir='ltr' id='par_1_114' title="bbox 1803 5362 3381 5426">
     <span class='ocr_line' id='line_1_114' title="bbox 1803 5362 3381 5426; baseline 0.001 -9"><span class='ocrx_word' id='word_1_874' title='bbox 1803 5363 1973 5417; x_wconf 88' lang='lat' dir='ltr'><strong>altera</strong></span> <span class='ocrx_word' id='word_1_875' title='bbox 2007 5364 2331 5417; x_wconf 88' lang='lat' dir='ltr'><strong>naturaliter</strong></span> <span class='ocrx_word' id='word_1_876' title='bbox 2364 5362 2606 5426; x_wconf 88' lang='lat' dir='ltr'><strong>dirimat,</strong></span> <span class='ocrx_word' id='word_1_877' title='bbox 2638 5363 2875 5417; x_wconf 85' lang='lat' dir='ltr'><strong>habeant</strong></span> <span class='ocrx_word' id='word_1_878' title='bbox 2910 5362 3233 5418; x_wconf 83' lang='lat' dir='ltr'><strong>motionem.</strong></span> <span class='ocrx_word' id='word_1_879' title='bbox 3263 5365 3381 5419; x_wconf 83' lang='lat' dir='ltr'><strong>Non</strong></span> 
     </span>
    </p>
   </div>
   <div class='ocr_carea' id='block_1_115' title="bbox 1796 5455 3383 5526">
    <p class='ocr_par' dir='ltr' id='par_1_115' title="bbox 1796 5455 3383 5526">
     <span class='ocr_line' id='line_1_115' title="bbox 1796 5455 3383 5526; baseline 0.003 -17"><span class='ocrx_word' id='word_1_880' title='bbox 1796 5456 1944 5509; x_wconf 88' lang='lat' dir='ltr'><strong>enim</strong></span> <span class='ocrx_word' id='word_1_881' title='bbox 1985 5457 2251 5511; x_wconf 85' lang='lat' dir='ltr'><strong>naturalis</strong></span> <span class='ocrx_word' id='word_1_882' title='bbox 2289 5456 2439 5509; x_wconf 82' lang='lat' dir='ltr'><strong>actio</strong></span> <span class='ocrx_word' id='word_1_883' title='bbox 2476 5455 2851 5526; x_wconf 80' lang='lat' dir='ltr'><strong>generationis</strong></span> <span class='ocrx_word' id='word_1_884' title='bbox 2891 5464 3165 5510; x_wconf 73' lang='lat' dir='ltr'><strong>motorum</strong></span> <span class='ocrx_word' id='word_1_885' title='bbox 3207 5466 3383 5513; x_wconf 84' lang='lat' dir='ltr'><strong>status</strong></span> 
     </span>
    </p>
   </div>
   <div class='ocr_carea' id='block_1_116' title="bbox 1797 5546 3383 5618">
    <p class='ocr_par' dir='ltr' id='par_1_116' title="bbox 1797 5546 3383 5618">
     <span class='ocr_line' id='line_1_116' title="bbox 1797 5546 3383 5618; baseline 0 -16"><span class='ocrx_word' id='word_1_886' title='bbox 1797 5557 1900 5612; x_wconf 91' lang='lat' dir='ltr'><strong>est,</strong></span> <span class='ocrx_word' id='word_1_887' title='bbox 1923 5548 2019 5603; x_wconf 89' lang='lat' dir='ltr'><strong>sed</strong></span> <span class='ocrx_word' id='word_1_888' title='bbox 2055 5548 2178 5602; x_wconf 84' lang='lat' dir='ltr'><strong>ﬁnis</strong></span> <span class='ocrx_word' id='word_1_889' title='bbox 2211 5548 2500 5617; x_wconf 79' lang='lat' dir='ltr'><strong>potestatis</strong></span> <span class='ocrx_word' id='word_1_890' title='bbox 2530 5548 2613 5602; x_wconf 85' lang='lat' dir='ltr'><strong>vel</strong></span> <span class='ocrx_word' id='word_1_891' title='bbox 2649 5547 2887 5601; x_wconf 76' lang='lat' dir='ltr'><strong>actionis</strong></span> <span class='ocrx_word' id='word_1_892' title='bbox 2915 5546 2983 5601; x_wconf 78' lang='lat' dir='ltr'><strong>ad</strong></span> <span class='ocrx_word' id='word_1_893' title='bbox 3019 5555 3221 5603; x_wconf 84' lang='lat' dir='ltr'><strong>statum</strong></span> <span class='ocrx_word' id='word_1_894' title='bbox 3256 5564 3383 5618; x_wconf 86' lang='lat' dir='ltr'><strong>per-</strong></span> 
     </span>
    </p>
   </div>
   <div class='ocr_carea' id='block_1_117' title="bbox 1800 5637 3373 5710">
    <p class='ocr_par' dir='ltr' id='par_1_117' title="bbox 1800 5637 3373 5710">
     <span class='ocr_line' id='line_1_117' title="bbox 1800 5637 3373 5710; baseline 0.002 -17"><span class='ocrx_word' id='word_1_895' title='bbox 1800 5640 2054 5703; x_wconf 87' lang='lat' dir='ltr'><strong>tinentis,</strong></span> <span class='ocrx_word' id='word_1_896' title='bbox 2085 5640 2169 5695; x_wconf 81' lang='lat' dir='ltr'><strong>vel</strong></span> <span class='ocrx_word' id='word_1_897' title='bbox 2207 5655 2431 5710; x_wconf 86' lang='lat' dir='ltr'><strong>quoquo</strong></span> <span class='ocrx_word' id='word_1_898' title='bbox 2466 5639 2520 5694; x_wconf 91' lang='lat' dir='ltr'><strong>id</strong></span> <span class='ocrx_word' id='word_1_899' title='bbox 2554 5639 2759 5710; x_wconf 87' lang='lat' dir='ltr'><strong>aliquis</strong></span> <span class='ocrx_word' id='word_1_900' title='bbox 2792 5637 2956 5695; x_wconf 88' lang='lat' dir='ltr'><strong>modo</strong></span> <span class='ocrx_word' id='word_1_901' title='bbox 2988 5639 3178 5695; x_wconf 84' lang='lat' dir='ltr'><strong>dicere</strong></span> <span class='ocrx_word' id='word_1_902' title='bbox 3207 5640 3373 5696; x_wconf 85' lang='lat' dir='ltr'><strong>volet.</strong></span> 
     </span>
    </p>
   </div>
   <div class='ocr_carea' id='block_1_118' title="bbox 1424 5758 2114 5817">
    <p class='ocr_par' dir='ltr' id='par_1_118' title="bbox 1424 5758 2114 5817">
     <span class='ocr_line' id='line_1_118' title="bbox 1424 5758 2114 5817; baseline 0 -4"><span class='ocrx_word' id='word_1_903' title='bbox 1424 5759 1656 5816; x_wconf 77' lang='lat' dir='ltr'><strong>VARUE</strong></span> <span class='ocrx_word' id='word_1_904' title='bbox 1684 5758 2114 5817; x_wconf 75' lang='lat' dir='ltr'><strong>“.LECTIONES.</strong></span> 
     </span>
    </p>
   </div>
   <div class='ocr_carea' id='block_1_119' title="bbox 181 5852 1586 5919">
    <p class='ocr_par' dir='ltr' id='par_1_119' title="bbox 181 5852 1586 5919">
     <span class='ocr_line' id='line_1_119' title="bbox 181 5852 1586 5919; baseline -0.004 -9"><span class='ocrx_word' id='word_1_905' title='bbox 181 5857 233 5891; x_wconf 73' lang='grc' dir='ltr'>ἰ’</span> <span class='ocrx_word' id='word_1_906' title='bbox 257 5854 509 5911; x_wconf 86' lang='lat' dir='ltr'><strong>Fortasse</strong></span> <span class='ocrx_word' id='word_1_907' title='bbox 541 5856 803 5917; x_wconf 82' lang='grc' dir='ltr'>φυσικῶς.</span> <span class='ocrx_word' id='word_1_908' title='bbox 885 5855 928 5888; x_wconf 83' lang='grc'><em>³³</em></span> <span class='ocrx_word' id='word_1_909' title='bbox 956 5854 1272 5919; x_wconf 76' lang='grc' dir='ltr'>διέργουσαν</span> <span class='ocrx_word' id='word_1_910' title='bbox 1296 5854 1417 5908; x_wconf 84' lang='lat' dir='ltr'><strong>cod.</strong></span> <span class='ocrx_word' id='word_1_911' title='bbox 1446 5852 1586 5909; x_wconf 87' lang='lat' dir='ltr'><strong>Gud.</strong></span> 
     </span>
    </p>
   </div>
  </div>
