4192 6434
769 386 902 452 1219

1921 386 1981 443 S.
2026 379 2310 443 MAXIM!
2351 379 2861 445 CONFESSORIS

3891 392 4031 453 123,0

764 506 878 558 Sub
908 506 1123 559 actione
1156 506 1301 558 enim
1333 520 1453 574 quzc
1482 503 1623 557 facta
1658 510 1784 555 sunt
1810 501 1946 553 facta
1984 506 2133 559 sunt,
2162 493 2320 547 omni:

2452 494 2569 547 Ἐπ’
2590 502 2842 569 ενεργεία
2868 502 2971 569 γὰρ
2998 506 3066 551 τά
3089 501 3357 569 γενόμενα
3383 502 3595 569 γέγονε,
3622 504 3770 555 πᾶσα
3795 504 3850 556 δὲ
3875 505 4032 574 ἐνέρ-

760 609 894 646 vero
916 595 1060 647 actio
1082 593 1149 647 ad
1174 594 1336 646 ﬁnem
1360 594 1597 662 aliquem
1622 593 1881 661 pertinet,
1905 606 1973 642 ne
1998 589 2099 640 fine
2125 598 2329 640 careat.

760 686 1137 755 Quodcunque
1165 687 1316 739 enim
1352 688 1683 740 naturalium
1717 686 1994 739 actionum
2025 683 2186 736 linem
2223 696 2331 733 non

762 778 946 840 habet,
971 778 1022 829 id
1052 793 1151 831 nec
1176 778 1486 847 perfectum
1516 788 1621 842 est,
1645 778 1769 831 ﬁnis
1790 786 1975 831 autem
1999 774 2330 827 naturalium

759 870 1035 921 actionum
1070 885 1261 922 eorum
1296 886 1417 940 qua:
1448 870 1585 923 facta
1620 878 1749 924 sunt
1778 869 1846 922 ad
1881 883 2102 922 causam
2138 864 2333 917 motio—

759 961 847 1013 nis
879 972 961 1013 est
993 970 1185 1015 status.
1219 962 1713 1028 Quemadmodum,
1739 972 1802 1015 ut
1834 977 1899 1015 ex
1933 976 2045 1013 uno
2074 973 2334 1027 quaecun-

756 1068 864 1119 que
897 1063 1023 1105 sunt
1057 1054 1302 1106 omnium
1342 1054 1603 1107 motionis
1640 1054 1864 1106 modum
1902 1050 2329 1121 perspiciamus,

756 1142 959 1201 anima.
989 1159 1113 1196 cum
1150 1145 1539 1198 intellectualis
1569 1155 1625 1197 et
1654 1144 1938 1199 rationalis
1965 1141 2203 1196 essentia
2235 1140 2328 1203 sit,

755 1245 812 1287 et
847 1240 1049 1303 cogitat
1088 1246 1143 1289 ct
1184 1236 1574 1300 ratiocinator,
1616 1236 1875 1291 facultate
1914 1245 2074 1288 utens
2114 1242 2328 1293 mente.

755 1326 1018 1385 motione.
1044 1326 1397 1395 cogitatione,
1420 1328 1634 1381 actione
1660 1327 1899 1395 denique
1932 1325 2191 1393 cogitato.
2217 1322 2331 1375 lloc

753 1418 901 1469 enim
936 1419 1227 1485 cogitantis
1258 1427 1315 1472 et
1339 1420 1460 1488 ejus
1491 1419 1635 1487 quod
1673 1419 1945 1487 cogitatur
1975 1415 2331 1486 cogitationis

755 1507 877 1560 finis
919 1520 1023 1571 est,
1057 1520 1118 1561 ut
1155 1510 1300 1579 quod
1346 1511 1754 1564 extremitatqu
1797 1519 2044 1564 mutuam
2089 1509 2235 1562 inter
2268 1523 2327 1561 se

753 1602 1077 1655 relationem
1141 1602 1565 1656 circumscribit.
1616 1602 1871 1672 Cogitare
1932 1602 2081 1655 enim
2145 1600 2326 1653 anima

751 1690 955 1743 desinit
1000 1693 1131 1745 illud
1187 1693 1482 1761 cogitatum
1532 1702 1820 1763 postquam
1868 1692 2146 1761 cogitavit.
2191 1691 2325 1743 Nam

751 1784 1050 1852 cogitatum
1102 1786 1321 1854 proprie
1376 1786 1576 1849 semel,
1622 1802 1799 1854 neque
1851 1788 2084 1847 iterum,
2130 1786 2326 1839 anima:

2439 606 2563 655 γεια
2610 592 2744 659 πρός
2780 610 2829 643 τι
2861 592 3013 653 τέλος
3044 594 3192 643 ἐστὶν
3219 632 3233 653 ,
3294 595 3379 644 ἶνα
3426 595 3499 664 μὴ
3532 596 3747 663 ἀτελής.
3812 596 3888 647 Τὸ
3918 597 4030 662 γὰρ

2436 683 2588 743 τέλος
2643 684 2716 751 μὴ
2758 684 2880 751 ἕχον
2924 684 3036 735 τῶν
3080 686 3220 737 κατὰ
3251 684 3413 751 φύσιν
3446 686 3737 755 ἐνεργειῶν
3786 686 3913 737 οῦδὲ
3942 688 4030 738 τέο

2437 773 2579 823 λειόν
2604 774 2740 837 ἐστι,
2770 776 2923 837 τέλος
2950 776 3009 827 δὲ
3034 775 3145 827 τῶν
3175 777 3317 828 κατά
3345 777 3507 843 φύσιν
3530 778 3848 847 ἐνεργειῶν,
3871 782 3905 846 ἡ
3930 779 4029 845 τῆς

2438 867 2574 933 πρὶς
2615 868 2676 917 τὸ
2717 868 2895 920 αἴτιον
2943 867 3055 920 τῶν
3088 869 3475 937 γεγενημένων
3506 872 3778 939 κινήσεως
3810 871 4026 923 στάσις.

2436 952 2562 1008 Οἷον
2594 958 2679 1010 ἵνα
2710 958 2769 1021 ἐξ
2796 960 2910 1021 ἑνὸς
2940 960 3034 1013 τὸν
3062 962 3157 1011 ἐπὶ
3182 962 3400 1012 πάντων
3427 960 3535 1011 τῶν
3558 960 3729 1012 δντων
3751 965 3997 1030 κατανοή
4012 991 4025 998 -

2438 1064 2619 1116 σωμεν
2648 1050 2747 1118 τῆς
2775 1052 3048 1119 κινήσεως
3071 1052 3295 1121 τρόπον,
3324 1054 3358 1119 ἡ
3386 1052 3554 1121 ψυχὴ,
3588 1052 3746 1103 οὐσία
3778 1054 3948 1121 νοερά
3968 1069 4025 1102 τε

2437 1142 2530 1192 καὶ
2559 1140 2751 1210 λογικη
2783 1143 3106 1211 ὑπάρχουσα
3125 1183 3140 1205 ,
3192 1143 3286 1195 καὶ
3327 1146 3441 1195 νοεῖ
3469 1144 3563 1195 καὶ
3584 1143 3889 1210 λογίζεται,
3931 1146 4025 1196 δύο

2437 1249 2601 1299 ναμιν
2634 1232 2831 1299 ἔχουσα
2858 1234 2950 1285 τὸν
2979 1233 3125 1298 νοῦν,
3163 1236 3383 1303 κίνησιν
3408 1236 3467 1288 δὲ
3494 1236 3595 1304 τὴν
3622 1238 3833 1305 νόησιν.
3870 1237 4027 1305 ἐνέρ-

2434 1339 2589 1389 γειαν
2630 1323 2687 1375 δὲ
2738 1324 2800 1375 τὸ
2846 1326 3045 1395 νόημα.
3108 1328 3288 1396 Πέρας
3332 1328 3440 1396 γὰρ
3488 1327 3649 1380 τοῦτο
3694 1329 3796 1397 τῆς
3824 1346 3889 1382 τε
3931 1330 4024 1381 τοῦ

2436 1414 2685 1477 νοοῦντος
2718 1417 2812 1467 καὶ
2837 1417 2933 1469 τοῦ
2960 1420 3255 1486 νοουμένου
3288 1419 3531 1487 νοήσεως
3554 1420 3722 1482 ἐστιν,
3756 1421 3835 1482 ὡς
3866 1437 4025 1489 περι-

2433 1506 2711 1574 οριστικὸν
2743 1510 2842 1575 τῆς
2876 1509 3014 1577 πρὸς
3042 1510 3247 1576 ἄλληλα
3275 1509 3386 1561 τῶν
3411 1510 3598 1579 ἄκρων
3625 1510 3875 1580 ὑπάρχον
3905 1513 4025 1578 σχέ-

2436 1611 2595 1655 σεως.
2651 1596 2870 1650 Neo-331
2900 1598 3009 1668 γὰρ
3042 1600 3075 1667 ἡ
3108 1601 3253 1669 ψυχὴ
3286 1600 3504 1653 ἵσταται
3544 1600 3642 1652 τοῦ
3669 1605 3813 1653 νοεῖν
3841 1603 4023 1653 ἐκεῖνο

2431 1687 2492 1737 τὸ
2537 1687 2731 1756 νοηθὲν
2784 1690 2922 1757 μετὰ
3100 1692 3268 1744 αὑτοῦ
3310 1694 3515 1761 νόησιν.
3576 1694 3652 1745 Τὸ
3683 1694 3794 1762 γὰρ
3826 1694 4021 1760 νοηθὲν

2434 1780 2645 1848 κυρίως
2676 1781 2823 1846 ἆτ’-αξ
2844 1824 2857 1845 .
2917 1784 3019 1836 οὐκ
3047 1784 3128 1835 ἔτι
3175 1783 3275 1853 τὴν
3310 1784 3446 1855 πρὸς
3472 1786 3535 1837 τὸ
3560 1784 3822 1853 νοηθῆναι
3856 1786 4021 1837 πάλιν

749 1848 1063 1926 facultatem
1097 1848 1377 1942 provocat,
1406 1885 1462 1928 et
1494 1891 1593 1944 per
1622 1848 1865 1943 singulas
1894 1891 2143 1946 quasque
2176 1879 2320 1945 cogi-

2430 1874 2744 1926 ὲκκαλείται
2777 1876 2875 1943 τῆς
2904 1875 3083 1945 ψυχῆς
3108 1876 3363 1945 δύναμιν,
3400 1877 3494 1929 καὶ
3527 1878 3652 1933 καθ’
3671 1878 3908 1929 ἕκαστον
3936 1879 4023 1929 νό-

752 1963 984 2017 taliones
1017 1966 1096 2017 sic
1130 1975 1334 2019 statum
1370 1967 1517 2035 capit
1548 1969 1943 2036 qualiscunque
1977 1968 2325 2037 cogitationis

749 2054 803 2107 in
860 2056 1152 2121 cogitando
1202 2072 1272 2111 eo
1322 2059 1471 2126 quod
1531 2059 1826 2128 cogitatur.
1871 2058 2103 2123 Quando
2158 2060 2326 2129 igitur

746 2147 929 2200 omnia
962 2149 1198 2217 cogitata
1231 2150 1477 2203 omnium
1512 2166 1635 2219 qua:
1668 2151 1897 2221 cogitari
1931 2162 2162 2221 possunt
2194 2168 2316 2205 scn-

745 2235 989 2289 sibilium
1042 2247 1099 2291 et
1145 2240 1528 2309 cogitabilium
1580 2242 1914 2309 cogitatione
1969 2242 2319 2303 transiverit,

744 2324 959 2379 desinet
1007 2329 1223 2393 anima,
1276 2330 1354 2383 uti
1404 2330 1474 2383 ab
1521 2332 1782 2385 omnibus
1825 2348 1947 2400 qua!
1987 2334 2320 2401 cogitantur,

746 2417 819 2469 ita
868 2418 1033 2470 etiam
1083 2434 1112 2471 a
1166 2430 1279 2474 tota
1333 2422 1666 2489 cogitatione
1718 2434 1885 2492 atque
1937 2424 2201 2477 relatione
2254 2424 2320 2476 ad

742 2510 927 2562 omnia
976 2519 1084 2563 tam
1133 2513 1360 2567 relativa
1408 2530 1572 2583 quam
1616 2516 1964 2585 cogitabilia,
2006 2532 2110 2571 nec
2154 2516 2321 2570 habet

744 2600 1018 2669 reliquum
1064 2605 1290 2657 omnino
1330 2606 1464 2674 quid
1504 2606 1738 2677 cogitet,
1770 2617 1893 2676 post
1931 2609 2319 2679 cogitationem

740 2705 933 2744 eorum
963 2708 1085 2761 qua:
1112 2696 1437 2751 naturaliter
1464 2700 1694 2769 cogitari
1728 2710 1979 2769 possunt,
2006 2711 2131 2770 post
2156 2717 2319 2770 quam

741 2798 906 2851 supra
950 2795 1190 2839 mentem
1235 2796 1293 2841 et
1332 2789 1602 2844 rationem
1652 2801 1708 2845 et
1746 2792 2113 2861 cognitionem
2155 2793 2320 2847 modo

741 2890 845 2927 nec
893 2876 1226 2945 intelligibili
1270 2894 1373 2934 nec
1410 2882 1757 2951 perceptibili
1803 2898 1905 2937 nec
1942 2884 2151 2938 effabili
2194 2901 2318 2939 cum

741 2965 855 3019 Deo
902 2968 1157 3031 unietur,
1203 2986 1313 3024 non
1371 2973 1620 3043 cogitans
1668 2975 1926 3039 omnino,
1979 2976 2089 3029 imo
2141 2992 2318 3045 neque

741 3058 1101 3113 considerans
1127 3061 1298 3116 Deum
1330 3070 1425 3116 aut
1446 3064 1750 3120 aestimans.
1778 3066 1924 3119 Nihil
1953 3067 2101 3120 enim
2138 3076 2317 3121 exstat

739 3164 932 3203 eorum
957 3167 1079 3220 qua:
1105 3154 1439 3222 cogitantur,
1458 3171 1569 3224 quo
1599 3172 1697 3225 per
1725 3158 2045 3211 relationem
2070 3158 2310 3228 aliquam
2342 3197 2388 3257 ε

740 3242 921 3295 anima
976 3244 1366 3313 cogitationem
1401 3261 1555 3299 suam
1581 3247 1820 3318 dirigere
1844 3252 2041 3318 possit,
2082 3250 2177 3303 sed
2218 3265 2316 3319 per

738 3331 1045 3399 simplicem
1084 3334 1310 3403 (quippe
1342 3334 1534 3389 habitu
1578 3352 1643 3390 ac
1691 3339 1959 3391 relatione
2006 3338 2313 3407 vacantem)

738 3422 1072 3487 uuitionem,
1100 3441 1223 3493 qua:
1270 3426 1503 3495 cogitari
1533 3441 1642 3479 non
1675 3428 1842 3496 capit,
1868 3438 1925 3482 et
1976 3429 2313 3483 ineﬂ‘abilem

738 3512 1031 3582 quamdam
1077 3524 1133 3567 et
1185 3515 1332 3569 haud
1386 3517 1763 3587 vestigabilem
1811 3520 2101 3585 rationem,
2149 3536 2314 3590 quam

738 3608 889 3660 solus
917 3609 1071 3661 novit
1100 3609 1242 3664 Deus
1270 3610 1364 3679 qui
1418 3611 1842 3666 inenarrabilem
1905 3614 2045 3668 hanc
2083 3615 2312 3685 gratiam

737 3699 918 3767 dignis
967 3701 1219 3769 largitur,
1247 3710 1305 3755 et
1359 3704 1454 3771 qui
1506 3718 1628 3756 eam
1680 3704 1978 3772 aliquando
2028 3707 2308 3777 accepturi

738 3800 887 3850 sunt,
934 3793 1155 3859 quando
1206 3795 1568 3849 conversione
1625 3804 1681 3849 et
1740 3797 2123 3852 immutatione
2162 3801 2310 3853 omni

737 3884 919 3936 omnia
960 3886 1252 3949 vacabunt,
1289 3897 1577 3956 postquam
1640 3904 1828 3943 rerum
1879 3906 2001 3959 quae
2042 3891 2313 3946 exsistunt

738 3978 999 4045 quaelibet
1028 3979 1177 4033 circa
1206 3979 1509 4049 quidquam
1541 3982 1712 4036 motio
1742 3998 1970 4051 prorsus
2014 3985 2311 4038 terminum

741 4072 1014 4125 invenerit
1080 4071 1407 4127 inﬁnitatem
1460 4074 1633 4128 Deum
1686 4075 2064 4141 comitantem,
2114 4077 2170 4131 in
2203 4093 2312 4147 qua

736 4178 1080 4231 quzecunque
1111 4172 1390 4216 mutantur
1414 4173 1617 4218 statum
1636 4175 1883 4220 sumunt.
1902 4166 2033 4221 Jure
2062 4166 2309 4236 quidem.

738 4254 1003 4317 arbitror,
1040 4256 1417 4325 gravissimam
1444 4268 1688 4312 meretur
1707 4258 2195 4328 reprehensionem
2216 4260 2308 4327 qui

738 4348 1225 4415 prmexsistentiam
1251 4350 1556 4403 animarum
1582 4350 1794 4413 statuit,
1828 4351 2085 4419 gentilem
2118 4351 2173 4404 in
2197 4366 2314 4406 mo-

737 4442 868 4492 dum
893 4441 1259 4493 commiscens
1285 4456 1408 4510 qua:
1434 4457 1463 4495 a
1506 4442 1892 4497 commistione
1922 4444 2229 4498 abhorrent
2255 4451 2311 4496 et

737 4530 1041 4585 secundum
1068 4531 1432 4585 substantiam
1490 4542 1907 4604 contemporare
1937 4549 2061 4588 cum
2085 4549 2310 4603 genera-

739 4623 886 4675 tione
920 4622 1266 4675 rationalium
1308 4632 1507 4677 statum
1536 4639 1808 4678 asserens.
1832 4626 2020 4694 Neque
2047 4627 2195 4679 enim
2223 4642 2314 4696 ge-

738 4716 1077 4769 nerationem
1096 4727 1223 4769 ante
1251 4724 1475 4779 statum,
1508 4733 1629 4785 quae
1663 4718 1961 4772 immobilis
1991 4726 2187 4772 natura
2218 4720 2311 4781 sit,

737 4814 833 4857 aut
883 4813 1086 4859 statum
1142 4814 1268 4874 post
1324 4804 1660 4859 immobilem
1727 4808 2164 4877 generationem,
2218 4802 2313 4861 aut

739 4896 977 4965 denique
1006 4913 1113 4950 una
1136 4913 1261 4951 cum
1296 4898 1652 4967 generatione
1683 4908 1885 4952 statum
1939 4900 2183 4969 cogitare
2224 4915 2310 4953 ra-

742 4988 909 5043 tionis
939 4988 1156 5043 veritati
1190 4990 1473 5059 competit.
1521 4990 1641 5044 Non
1671 4991 1817 5044 enim
1862 4991 2091 5045 facultas
2142 5006 2312 5062 gene-

740 5079 971 5133 rationis
1024 5089 1108 5133 est
1144 5088 1339 5143 status,
1384 5081 1522 5135 adeo
1565 5090 1627 5135 ut
1656 5097 1781 5135 cum
1817 5082 2173 5151 generatione
2213 5098 2310 5137 eo-

742 5185 861 5223 rum
892 5186 1015 5239 qua:
1056 5170 1195 5225 facta
1224 5181 1353 5231 sunt
1383 5187 1488 5225 una
1524 5173 1822 5243 cogitetur,
1847 5174 1943 5228 sed
1982 5174 2311 5229 facultativa:

739 5278 933 5317 mrum
957 5278 1078 5333 qua:
1114 5263 1253 5317 facta
1300 5274 1428 5317 sunt
1457 5267 1835 5333 generationis
1888 5266 2127 5321 actionis
2186 5267 2311 5321 linis

738 5361 956 5414 nscit;
998 5368 1061 5407 ac
1092 5354 1440 5423 simpliciter,
1471 5366 1530 5409 ut
1578 5357 1770 5425 paucis
1798 5356 2102 5422 absolvam,
2143 5360 2186 5412 si
2217 5375 2313 5414 eo-

742 5460 861 5498 rum
884 5453 968 5496 cst
991 5454 1166 5500 status
1192 5462 1315 5515 quae
1344 5447 1411 5501 ad
1442 5449 1576 5517 quid
1605 5458 1753 5511 sunt,
1808 5465 1918 5503 non
1967 5450 2035 5503 ad
2078 5466 2311 5520 genera-

742 5538 971 5599 tionem,
1004 5536 1098 5589 scd
1133 5536 1199 5590 ad
1259 5538 1556 5593 motionem
1614 5554 1735 5593 esse
1772 5539 1997 5598 dicitur.
2026 5541 2094 5595 ad
2148 5558 2311 5610 quam

740 5631 907 5691 etiam
975 5628 1343 5687 diﬁerentiam
1390 5633 1555 5699 capit,
1595 5632 1724 5685 dum
1784 5633 1853 5686 ad
1898 5639 2311 5702 generationem

741 5721 964 5788 quidem
1013 5722 1238 5776 minime
1297 5724 1555 5785 refertur,
1588 5723 1655 5777 ad
1696 5740 1860 5792 quam
1897 5725 2124 5779 differre
2163 5726 2309 5780 haud

744 5816 905 5893 mpit.
944 5816 1126 5871 Donec
1158 5816 1323 5885 igitur
1346 5826 1548 5870 statum
1598 5816 1784 5875 audin,
1826 5818 1999 5871 solum
2045 5821 2307 5874 i-chntio-

2427 1983 2545 2036 ημα
2588 1967 2733 2019 οὕτω
2763 1970 2954 2020 στάσιν
2983 1968 3201 2037 δέχεται
3234 1970 3335 2038 τῆς
3362 1970 3524 2033 ποίας
3558 1971 3650 2022 ἐπὶ
3679 1970 3759 2039 τῷ
3785 1974 4019 2038 νοήματι

2428 2056 2527 2110 τοῦ
2576 2057 2863 2127 νοηθέντος
2909 2061 3168 2129 νοήσεως.
3205 2059 3402 2113 Ἡνίκα
3436 2056 3531 2112 οὖν
3579 2061 3760 2112 πάντα
3790 2061 3862 2111 τὰ
3891 2062 4021 2128 vei.-

2429 2167 2577 2219 ματα
2630 2149 2740 2201 τῶν
2781 2153 3090 2220 νοουμένων
3128 2151 3350 2204 πάντων
3388 2149 3664 2219 αἰσθητῶν
3691 2168 3752 2203 τε
3804 2152 3901 2202 καί
3928 2168 4019 2202 νο-

2423 2240 2573 2307 ητῶν
2602 2238 2748 2292 κατὰ
2772 2238 2871 2310 τὴν
2898 2241 3086 2310 νόησιν
3111 2242 3379 2313 παρέλθῃ,
3404 2242 3661 2305 παύεται,
3688 2241 3883 2310 ὥσπερ
3906 2244 4020 2295 τῶν

2424 2331 2733 2397 νοουμένων
2764 2333 3022 2385 ἁπάντων
3045 2373 3060 2395 ,
3099 2332 3245 2385 οὔτω
3275 2334 3371 2386 καὶ
3400 2334 3499 2403 τῆς
3529 2335 3659 2405 ὅλης
3684 2335 3929 2405 νοήσειὶκ
3958 2350 4019 2385 τε

2424 2421 2518 2471 καὶ
2574 2421 2814 2489 σχέσεως
2884 2422 3025 2491 πρὸς
3076 2422 3145 2474 τὰ
3202 2423 3371 2490 σχετά
3421 2425 3600 2475 πάντα
3661 2427 3754 2477 καὶ
3806 2424 4016 2492 νοητὰ,

2422 2512 2522 2563 οὐκ
2551 2513 2751 2581 ἔχουσα
2782 2514 2973 2565 λοιπὸν
2995 2514 3050 2565 τί
3073 2513 3270 2583 νοῆσαι
3299 2514 3364 2565 τὸ
3394 2516 3690 2584 παράπαν,
3744 2517 3887 2585 μετά
3916 2516 4018 2585 τὴν

2421 2606 2529 2656 τῶν
2578 2606 2839 2675 νοηθῆναι
2884 2606 3132 2675 φυσικῶς
3174 2607 3491 2677 δυναμένων
3523 2611 3741 2679 νόησιν,
3802 2610 3925 2678 μεθ’
3948 2613 4018 2679 ἣν

2393 2697 2563 2767 -ὑπὲρ
2600 2697 2727 2751 νοῦν
2777 2700 2872 2751 καὶ
2920 2699 3079 2765 λόγον
3127 2700 3224 2751 καὶ
3266 2700 3471 2767 γνῶσιν
3501 2702 3782 2769 ἀνοήτως,
3827 2702 4017 2769 ἀγνώ-

2422 2804 2564 2850 στως
2592 2804 2650 2840 τε
2683 2789 2779 2841 καὶ
2811 2790 3000 2860 (186
3020 2790 3073 2859 ὁ)
3116 2792 3416 2860 ἀψράστως
3448 2793 3591 2844 κατά
3631 2792 3811 2862 ἁπλῆν
3844 2811 4019 2866 1:995-

2421 2878 2585 2949 ϐολὴν
2618 2880 2949 2951 ἐνωθήσεται
2987 2883 3068 2952 τῷ
3098 2882 3219 2951 Θεῷ
3243 2923 3258 2944 ,
3319 2884 3381 2935 ου
3409 2884 3608 2936 νοοῦσα
3637 2888 4013 2948 παντάπασιν,

2419 2969 2541 3022 οὔτε
2579 2970 2685 3039 μὴν
2730 2973 2824 3023 τὸν
2864 2973 2998 3025 Θεὸν
3040 2974 3386 3044 λογιζομένη.
3424 2975 3500 3027 Οὐ
3531 2975 3641 3044 γάρ
3674 2976 3790 3031 ἐστί
3816 2994 3871 3029 τι
3902 2979 4019 3030 τῶν

2418 3064 2762 3132 νοουμένων,
2817 3065 2905 3116 ἶνα
2934 3067 3077 3118 κατά
3104 3082 3230 3119 τινα
3259 3067 3446 3136 σχέσιν
3480 3069 3514 3136 ή
3538 3069 3684 3137 ψυχὴ
3713 3069 3813 3139 τὴν
3844 3070 4015 3123 αὑτοῦ

2418 3153 2646 3225 δύνηται
2664 3157 2848 3220 νόησιν
2867 3156 3035 3226 ἔχειν,
3062 3157 3201 3209 ἀλλὰ
3222 3157 3366 3211 κατά
3392 3157 3493 3228 τὴν
3523 3158 3721 3228 ἁπλῆν,
3738 3161 3816 3223 ὡς
3847 3160 4017 3229 ἄσχεο

2424 3265 2545 3310 τον,
2592 3250 2685 3301 καὶ
2716 3250 2859 3318 ὑπὲρ
2888 3249 3075 3319 νόησιν
3103 3250 3339 3311 ἕνωσιν,
3388 3250 3483 3302 καί
3533 3266 3656 3303 τινα
3699 3250 3860 3317 λόγον
3915 3255 4018 3323 ἆῤ-

2426 3342 2591 3410 ρητόν
2631 3358 2692 3393 τε
2747 3343 2843 3393 καὶ
2886 3343 3293 3412 ἁνερμήνευτον
3317 3382 3333 3403 ,
3392 3341 3452 3393 ὃν
3496 3342 3655 3411 μόνος
3682 3339 3825 3395 οἶδεν
3859 3347 3887 3396 ὁ
3916 3344 4018 3414 τὴν

2424 3430 2631 3498 ἄφατον
2671 3430 2879 3501 ταύτην
2918 3431 3082 3502 χάριν
3124 3434 3243 3493 τοῖς
3271 3431 3445 3495 ἀξίοις
3481 3431 3829 3502 δωρούμενος
3857 3434 4011 3497 Θεὸς,

2423 3523 2519 3575 καὶ
2565 3524 2613 3575 οἱ
2666 3522 2871 3592 ταύτην
2904 3523 3133 3592 ὕστερον
3164 3523 3455 3576 πείσεσθαι
3486 3523 3775 3592 μέλλοντες
3796 3564 3812 3584 ,
3849 3527 4016 3593 ἡνίκα

2426 3612 2603 3666 πάντα
2643 3614 2854 3683 τροπῆς
2884 3613 3149 3682 ἐλεύθερα
3200 3614 3296 3666 καὶ
3339 3612 3678 3675 ἀλλοιώσεως
3712 3614 3872 3666 ἔσται
3904 3616 4015 3666 πά-

2426 3722 2525 3773 σης
2548 3746 2563 3766 ,
2618 3705 2719 3774 τῆς
2769 3704 2890 3757 καθ’
2914 3705 3094 3759 ὁτιοῦν
3147 3705 3275 3774 περί
3310 3723 3363 3758 τι
3407 3706 3676 3774 κινήσεως
3705 3704 3817 3757 τῶν
3843 3706 4015 3758 ὄντων

2424 3797 2705 3860 παντελῶς
2742 3799 2916 3867 πέρας
2949 3797 3225 3867 λαϐούσης
3267 3797 3369 3866 τὴν
3400 3796 3529 3865 περὶ
3555 3796 3691 3848 Θεὸν
3721 3797 4012 3867 ἀπειρίαν,

2422 3893 2479 3943 ὲν
2575 3890 2643 3943 τὰ
2674 3889 2970 3959 κινούμενα
3000 3890 3179 3943 πάντα
3204 3889 3423 3958 δέχεται
3451 3890 3665 3943 στάσιν.
3705 3890 3848 3959 Περὶ
3877 3890 4013 3943 Θεὸν

2422 3983 2531 4052 γὰρ
2555 4022 2569 4045 ,
2638 3982 2751 4034 ἀλλ’
2776 3982 2836 4033 οὐ
2883 3980 3018 4042 Θεὸς
3042 4019 3059 4043 ,
3118 3983 3154 4051 ἡ
3198 3980 3452 4048 ἀπειρία,
3495 3981 3649 4042 Ξστις
3676 3980 3776 4033 καὶ
3802 3980 4012 4048 ταύτης

2422 4072 2773 4141 ἀσυγκρίτως
2806 4070 3149 4141 ὑπέρκειται.
3200 4071 3438 4132 Δικαίως
3466 4070 3618 4137 γοῦν,
3648 4068 3830 4142 οἶμαι,
3865 4074 4011 4143 μέμ-

2420 4164 2565 4229 ψεως
2610 4162 2761 4227 ἄξιος
2812 4161 3072 4231 πλείστης
3108 4162 3138 4213 δ
3175 4161 3273 4231 τὴν
3303 4162 3649 4232 προϋπαρξιν
3677 4163 3788 4216 τῶν
3816 4164 4008 4234 ψυχῶν

2422 4251 2769 4322 δογματίζων
2816 4254 2935 4304 ἐστὶ
2959 4293 2973 4311 ,
3034 4252 3132 4304 καὶ
3179 4253 3280 4322 τὴν
3322 4252 3582 4323 ἀκίνητον
3614 4253 3854 4309 καθόλου
3898 4256 4007 4310 τῶν

2424 4346 2656 4413 λογικῶν
2690 4345 2853 4400 ένάδα
2884 4345 3159 4406 θεσπίζων
3179 4384 3194 4404 ,
3244 4347 3433 4415 φύρων
3468 4346 3798 4416 Ἑλληνικῶς
3828 4350 3899 4402 τὰ
3934 4350 4007 4420 μὴ

2424 4439 2705 4508 φυρόμενα
2732 4478 2746 4502 ,
2808 4438 2904 4489 καὶ
2936 4436 3112 4501 λέγων
3146 4437 3265 4505 ἆμα
3298 4437 3443 4489 κατὰ
3469 4438 3568 4505 τὴν
3596 4438 3837 4507 ὕπαρξιν
3867 4436 4006 4493 εἶναι

2342 4551 2394 4611 D
2420 4531 2484 4597 τῇ
2518 4528 2729 4594 γενέσει
2758 4527 2868 4577 τῶν
2894 4525 3129 4593 λογικῶν
3155 4524 3256 4593 τὴν
3286 4527 3495 4579 στάσιν.
3527 4528 3601 4579 Οὐ
3628 4528 3738 4598 γὰρ
3768 4530 4007 4597 συμδαξ-

2418 4640 2500 4675 νει
2532 4622 2609 4685 τῷ
2642 4620 2831 4690 ἀληθεῖ
2861 4620 3007 4688 λόγῳ
3050 4618 3148 4687 τὴν
3177 4618 3395 4685 γένεσιν
3426 4622 3875 4689 προεπινοεὶσθαι
3909 4624 4007 4691 τῆς

2419 4715 2664 4775 στάσεως
2688 4754 2701 4776 ,
2761 4712 3020 4779 ἀκίνητον
3064 4710 3229 4778 φύσει
3283 4711 3403 4763 κατ’
3434 4711 3597 4763 αὑτὸν
3623 4711 4005 4782 ὑπάρχουσαν,

2416 4804 2540 4856 οὔτε
2577 4801 3020 4872 μετεπινοεῖσθαι
3053 4800 3243 4853 στάσιν
3269 4801 3532 4869 ἀκινήτου
3562 4803 3854 4867 γενέσεως,
3882 4802 4005 4855 οὔτε

2420 4898 2526 4966 μὴν
2553 4893 2984 4947 συνεπινοεῖσθαι
3009 4894 3074 4963 τῇ
3097 4892 3311 4959 γενέσει
3330 4892 3430 4963 τὴν
3455 4893 3666 4950 στάσιν.
3692 4893 3769 4945 Οὐ
3789 4894 3900 4964 γὰρ
3917 4895 4007 4947 δυ-

2417 5004 2580 5054 ναμις
2614 4986 2712 5054 τῆς
2742 4983 3013 5051 γενέσεως
3048 4986 3082 5052 ἡ
3121 4982 3314 5045 στάσις
3344 4984 3525 5045 ἐστὶν,
3575 4983 3665 5036 ἴνα
3714 5000 4004 5037 συνεπινο·

2416 5080 2520 5149 ηοῇ
2554 5080 2617 5147 τῇ
2645 5078 2857 5144 γενέσει
2888 5076 2997 5129 τῶν
3023 5076 3432 5144 γεγενημένων,
3464 5076 3601 5129 ἀλλὰ
3625 5077 3724 5146 τῆς
3749 5080 3894 5131 κατὰ
3917 5079 4008 5131 δυ-

2416 5190 2579 5238 ναμιν
2632 5169 2915 5238 ἐνεργείας
2976 5167 3072 5235 τῆς
3132 5169 3239 5218 τῶν
3297 5167 3684 5237 γεγενημένων
3732 5172 4006 5235 γενέσεως

2417 5266 2567 5325 τέλος
2600 5263 2835 5330 ὑπάρχει
2864 5302 2877 5317 .
2940 5263 3033 5312 καὶ
3065 5259 3273 5323 ἁπλῶς,
3313 5260 3401 5313 ἵνα
3430 5260 3664 5319 συνελὼν
3698 5263 3863 5323 εἴπω,
3898 5264 4005 5315 τῶν

2420 5359 2552 5426 πρός
2583 5373 2635 5407 τι
2664 5355 2798 5407 οὖσα
2831 5355 2863 5422 ἡ
2897 5355 3105 5415 στάσις,
3142 5353 3204 5403 οὐ
3240 5352 3376 5421 πρὸς
3403 5352 3653 5420 γένεσιν,
3700 5354 3842 5409 ἀλλά
3870 5357 4005 5424 πρις

2418 5452 2631 5517 κίνησιν
2665 5446 2885 5513 λέγεται
2911 5485 2925 5506 ,
2984 5444 3118 5514 πρὸς
3149 5444 3214 5513 ἣν
3260 5445 3355 5495 καὶ
3384 5445 3796 5516 ἀντιδιαστολὴν
3825 5449 4004 5500 ἑπιδέ·

2416 5557 2570 5609 χεται
2595 5579 2609 5602 ,
2646 5536 2899 5605 οὐδαμῶς
2928 5536 3028 5605 τὴν
3055 5536 3191 5603 πρὸς
3224 5533 3439 5599 γένεσιν
3466 5536 3749 5603 ἀναφορὰν
3778 5538 4002 5604 ἔχουσα,

2418 5636 2554 5704 πρὸς
2604 5634 2670 5702 ἢν
2718 5630 3007 5699 διαστολὴν
3052 5628 3153 5681 οὐκ
3203 5627 3531 5695 ἐπιδέχεται.
3572 5630 3719 5691 Ἕως
3749 5630 3883 5684 δ’ἇν
3915 5628 4003 5684 οὖν

2418 5728 2606 5781 στάσιν
2655 5724 2859 5782 ἀκούω,
2918 5723 3115 5794 (187
3145 5722 3202 5792 α)
3256 5720 3470 5775 παῦλαν
3519 5721 3682 5791 μόνον
3744 5723 4002 5790 μανθάνω

2418 5821 2701 5895 κινήσαυς,
2740 5817 2800 5867 El
2830 5815 2883 5868 δὲ
2914 5815 3021 5868 τῶν
3051 5815 3163 5883 ἅμα
3194 5814 3335 5868 κατὰ
3364 5813 3462 5884 τὴν
3493 5812 3727 5884 ὕπαρξιν
3756 5816 3859 5869 οὐκ
3887 5816 3999 5873 ἔστι
