4192 6434
162 361 279 425 1221
1383 349 1894 414 AMBIGUORUM
1931 349 2175 408 1.1mm.
3239 346 3376 411 1222
3453 337 3480 343 ’

156 474 358 545 γένεσις
406 469 497 522 καὶ
545 466 754 526 στάσις,
801 462 908 516 ἄρα
941 460 1369 532 παραχαράττει,
1403 461 1586 529 σαφῶς
1620 457 1712 510 τδν
1742 465 1784 516 Α

1742 465 1784 516 Α
1813 472 1937 510 nem
1969 455 2224 511 motionis
2256 452 2518 523 intelligo.
2540 449 2597 506 Si
2621 465 2750 506 vero
2782 450 3086 508 secundum
3109 465 3377 511 exsisten-

154 565 253 633 si];
274 558 532 629 ἀληθείας
559 558 716 625 λόγον
747 554 775 606 ό
803 551 963 606 τοῦτο
991 553 1263 615 θεσπίζων
1282 590 1297 614 ,
1344 551 1437 604 καὶ
1464 551 1563 616 τὴν
1588 548 1710 602 ἀκί-

1815 549 1944 602 tiam
1976 545 2260 617 generatio
2293 553 2350 599 et
2384 551 2558 598 status
2605 558 2714 597 non
2765 550 3210 613 contemporant,
3263 561 3379 600 ma-

156 669 306 724 νητον
363 649 477 720 ἅμα
524 650 588 719 τῇ
638 645 850 715 γενέσει
898 643 1355 714 προϋπάρχουσαν
1398 641 1558 694 ένάδα
1604 638 1712 692 τῶν

1812 637 2010 693 niiesto
2050 636 2303 693 veritatis
2362 635 2631 690 rationem
2689 633 2964 690 adulterat
3023 634 3073 690 is
3123 635 3220 705 qui
3273 636 3380 691 hoc

154 742 385 813 λογικῶν
410 735 773 811 δογματίζων.
831 736 894 789 El
919 734 976 788 δέ
1005 751 1088 798 τις
1117 734 1293 802 λέγοι,
1331 731 1438 786 Καὶ
1470 732 1587 795 πῶς
1620 729 1712 784 ἐπὶ

1814 726 2072 798 praedicat
2138 736 2302 795 atque
2357 724 2627 780 unitatem
2685 725 3024 780 immobilem
3085 740 3195 780 una
3254 739 3380 780 cum

153 835 283 890 Θεοῦ
331 833 550 902 λέγεται
594 827 813 892 στάσις,
872 826 948 898 μὴ
986 823 1184 896 ἔχουσα
1215 820 1713 894 προεπινοουμὲνην

1814 817 2166 889 generatione
2204 824 2330 872 ante
2353 815 2642 872 rationalia
2671 817 3051 887 praexsistere
3078 816 3289 872 statuit.
3316 819 3385 871 Λι

152 928 400 999 κίνησινς
459 921 602 993 φημὶ
632 917 847 991 πρῶτον
879 918 996 988 μὶν,
1031 915 1106 970 Οὐ
1134 913 1327 969 ταύτὸν
1357 911 1594 982 Κτίστης
1620 912 1714 964 καὶ

1814 910 1858 964 si
1910 908 2031 979 quis
2072 907 2255 962 dicat:
2284 908 2352 962 Et
2388 907 2666 978 quomodo
2697 908 2810 963 Deo
2831 907 3153 964 attribuitur
3183 916 3381 972 status,

152 997 350 1081 κτίσις,
383 1013 450 1066 ῖν*
467 1013 604 1082 ὅπερ
631 1009 713 1064 ivi
743 1006 965 1062 δυνατὸν
994 1007 1298 1077 προσεῖναι,
1331 1001 1450 1058 κατ’
1471 1002 1714 1072 ἀνάγκην

1815 1015 1940 1055 cum
1968 999 2264 1053 motionem
2291 1007 2415 1053 ante
2445 1014 2502 1055 se
2531 999 2708 1069 ipsum
2729 997 2957 1070 cogitari
2986 1013 3098 1053 non
3120 997 3385 1054 admittit?

151 1107 228 1176 τῷ
270 1104 446 1174 ἑτέρῳ
491 1099 752 1162 ὡσαύτως
798 1096 1234 1169 ιπιθεωρηθῆναι
1281 1093 1540 1164 δύνηται,
1595 1092 1717 1145 επεὶ

1816 1091 2059 1146 Primum
2085 1088 2308 1159 quidem
2355 1090 2699 1159 respondeo:
2752 1089 2871 1146 Non
2921 1089 3070 1145 idem
3121 1089 3384 1145 Conditor

151 1199 360 1266 οῦτωγε
413 1191 664 1264 οὐδαμῶς
713 1190 776 1244 τδ
825 1190 968 1244 κατά
1013 1188 1175 1257 φύσιν
1216 1185 1472 1256 διάφορον
1514 1182 1718 1238 τούτων

1817 1191 1900 1235 est
1920 1190 2084 1251 atque
2107 1179 2373 1245 conditio,
2394 1188 2456 1234 ut
2495 1181 2644 1250 quod
2702 1182 2796 1236 uni
2838 1182 3018 1237 inesse
3058 1188 3260 1252 potest,
3292 1197 3387 1237 ne-

153 1291 302 1344 Ξσται
331 1284 638 1356 καταφανές
656 1301 672 1333 τ
706 1282 894 1336 ῖπειτα
921 1278 1126 1350 κυρίως
1153 1279 1347 1339 εἰπεῖν,
1377 1275 1406 1328 ό
1430 1274 1561 1338 Θεὸς
1595 1272 1718 1327 οὐτε

1818 1275 2054 1328 ecssario
2111 1274 2277 1328 etiam
2331 1272 2388 1326 in
2441 1273 2616 1328 altero
2687 1288 2795 1328 una
2845 1272 3126 1328 observari
3179 1280 3384 1343 queat,

153 1380 384 1431 κινεῖται
413 1372 689 1434 παντελῶς
719 1370 842 1425 οὐτε
874 1370 1090 1422 ῖσταται
1114 1366 1291 1437 (τοῦτο
1315 1365 1424 1436 γὰρ
1450 1364 1560 1418 τῶν
1578 1363 1719 1415 κατά

1819 1363 2039 1433 quando
2088 1363 2162 1418 ita
2222 1364 2448 1433 quidem
2503 1365 2774 1418 naturalis
2820 1365 3020 1419 horum
3075 1364 3391 1422 differentia

154 1471 317 1538 φύσιν
366 1463 797 1536 πεπερασμένων
851 1461 947 1514 καὶ
989 1459 1165 1530 ἀρχὴν
1195 1455 1289 1510 τοῦ
1322 1452 1462 1510 εἶναι
1490 1454 1721 1524 ἑχόντων

1819 1454 2140 1510 nullomodo
2193 1454 2486 1510 manifesta
2543 1455 2703 1511 erit.
2761 1455 2986 1521 deinde,
3048 1465 3112 1512 ut
3167 1455 3389 1526 proprie

153 1561 302 1613 ἐστὶν
330 1556 506 1624 ἴδιον),
537 1554 660 1607 οὐτε
694 1553 798 1623 μήν
828 1567 882 1603 τι
911 1551 1053 1602 ποιεῖ
1083 1547 1453 1609 παντάπασιν,
1478 1542 1599 1597 οὐτε
1621 1543 1722 1596 πά-

1821 1547 2020 1618 dtcam,
2071 1546 2218 1602 Deus
2258 1561 2438 1617 neque
2476 1554 2730 1602 movetur
2783 1546 3010 1602 omnino
3053 1561 3233 1616 neque
3285 1557 3391 1603 stat

155 1670 274 1721 σχει
318 1649 427 1702 τῶν
461 1649 560 1702 ὅσα
589 1646 675 1699 επ*
698 1641 864 1696 αὐτοῦ
893 1642 960 1694 δι’
980 1642 1129 1711 ἡμᾶς
1165 1638 1258 1693 καὶ
1280 1638 1480 1691 νοεῖται
1510 1634 1604 1689 καὶ
1629 1632 1720 1686 λέ-

1824 1639 1952 1710 (boc
1990 1637 2139 1692 enim
2193 1652 2385 1693 eorum
2433 1646 2519 1694 est
2565 1637 2846 1709 peculiare
2887 1654 3012 1708 qua
3065 1639 3391 1694 naturaliter

154 1757 334 1809 γεται,
362 1736 450 1792 διά
471 1735 531 1788 τὸ
557 1733 697 1788 κατά
718 1731 880 1801 φύσιν
903 1730 1042 1800 ὑπὲρ
1069 1731 1246 1783 πᾶσαν
1266 1721 1406 1780 εἶναι
1433 1724 1644 1794 κίνησίν
1662 1739 1720 1774 τε

1824 1729 2114 1784 terminata
2143 1737 2456 1799 suntatque
2504 1729 2724 1785 initium
2763 1729 3102 1785 exsistentite
3140 1729 3388 1800 habent),

153 1829 250 1882 καὶ
273 1826 486 1889 στάσιν,
509 1823 605 1878 καὶ
628 1822 816 1893 μηδενὶ
837 1821 981 1890 λόγῳ
998 1820 1110 1881 τοῖς
1131 1817 1252 1871 καθ’
1267 1814 1472 1886 mide“
1488 1812 1724 1868 ὐποσάλ-
1754 1826 1796 1880 η

1754 1826 1796 1880 Β
1823 1834 2002 1889 neque
2041 1819 2339 1889 quidquam
2369 1819 2592 1874 omnino
2619 1819 2751 1875 facit
2774 1829 2870 1876 aut
2892 1820 3104 1890 patitur
3128 1835 3390 1890 quaecun-

152 1916 343 1970 λεσθαι
373 1914 612 1985 τρόποις.
649 1910 833 1964 Ταῦτα
867 1905 1286 1980 παρεκσατικῶς
1322 1902 1559 1975 εἰρήσθω
1592 1899 1720 1971 περὶ

1823 1928 1931 1984 que
1956 1929 2053 1984 per
2072 1928 2174 1968 nos
2198 1914 2508 1984 cogitantur
2535 1914 2602 1969 de
2618 1929 2685 1969 eo
2718 1922 2776 1969 et
2795 1914 3075 1979 dicuntur,
3102 1921 3393 1984 propterea

153 2006 248 2060 τοῦ
307 2004 474 2077 μηδὲν
523 2003 716 2075 χρῆναι
759 2000 938 2069 λέγειν
997 1998 1106 2052 τῶν
1153 1996 1320 2051 ὄντων
1373 1993 1514 2049 κατά
1559 1992 1720 2061 φύσιν

1829 2005 1978 2077 quod
2019 2007 2345 2062 naturaliter
2407 2021 2626 2062 omnem
2659 2016 2716 2062 et
2757 2007 3056 2062 motionem
3103 2013 3159 2061 et
3192 2015 3393 2063 statum

153 2096 572 2167 ἀπολελυμένως
624 2093 906 2163 ἐνεργεῖν,
966 2089 1053 2144 ἵνα
1110 2089 1185 2160 μὴ
1236 2087 1473 2141 ἀναίτιόν
1515 2101 1567 2137 τι
1614 2082 1723 2135 τῶν

1827 2106 2073 2168 superat,
2102 2113 2281 2168 neque
2307 2098 2415 2152 ulla
2468 2099 2683 2152 ratione
2713 2108 2918 2155 nostra:
2963 2105 3174 2153 natura:
3217 2097 3395 2152 modis

158 2189 302 2261 μετὰ
328 2188 458 2242 Θεδν
487 2184 740 2255 ἀφρόνως
766 2181 1107 2253 εἰσάγωμεν,
1164 2177 1504 2249 ἐνεργεῖσθαι
1534 2174 1589 2228 δὲ
1619 2191 1721 2244 φυ-

1828 2188 2095 2258 subjaeet.
2129 2189 2255 2244 Haec
2293 2204 2390 2259 per
2421 2187 2822 2258 digressionem
2870 2188 3018 2244 dicta
3065 2188 3178 2250 sint
3222 2188 3291 2245 de
3329 2203 3396 2244 eo

157 2280 327 2344 σικῶς
360 2278 422 2332 τὸ
447 2277 692 2347 ἐνεργεῖν
725 2272 873 2329 τοῦθ’
893 2274 1032 2344 ὅπερ
1060 2268 1451 2341 ἐνεργοῦμενον
1480 2265 1724 2336 πέφυκεν

1826 2277 1971 2348 quod
1996 2278 2130 2332 nihil
2160 2278 2214 2333 in
2239 2278 2404 2334 rebus
2431 2279 2753 2333 naturaliter
2805 2278 3057 2335 absolute
3089 2295 3250 2350 agere
3298 2279 3395 2335 de-

157 2371 423 2444 ἐνεργεῖν.
1828 2368 2057 2425 beamus
2083 2370 2290 2436 dicere,
2337 2384 2406 2424 ne
2437 2368 2569 2440 quid
2601 2383 2764 2423 caiisa
2811 2383 3013 2423 vacans
3045 2383 3238 2424 eorum
3276 2385 3398 2439 qua:

1829 2466 1952 2529 post
1980 2459 2151 2514 Deum
2186 2467 2316 2515 sunt
2370 2459 2554 2529 inepte
2589 2458 2935 2522 inducamus,
2969 2458 3066 2514 sed
3119 2460 3204 2529 agi
3239 2467 3401 2514 natu-

1830 2552 2019 2609 raliter
2036 2566 2157 2608 esse
2183 2566 2345 2623 agere
2383 2550 2437 2606 id
2459 2549 2604 2621 quod
2634 2557 2818 2605 actum
2848 2564 3007 2620 agere
3021 2549 3222 2605 valeat.

168 2738 278 2794 Τοῦ
322 2737 507 2792 αὑτοῦ
533 2737 719 2806 λόγου
766 2738 853 2804 εις
882 2734 986 2800 τὸ,
1035 2732 1241 2788 «Ἀλλ’
1296 2733 1347 2787 εί
1392 2730 1727 2799 ἀσώματον,

1834 2731 2087 2802 Ejusdem
2106 2731 2358 2791 sermonis
2380 2731 2433 2784 in
2457 2729 2591 2783 illud
2609 2746 2656 2784 ιι
2678 2728 2780 2784 Sed
2800 2729 2846 2783 si
2869 2730 3254 2800 incorporeum,
3272 2747 3401 2784 non-

233 2829 397 2882 οῧπω
447 2825 564 2896 μὲν
626 2825 769 2880 οὐδὲ
829 2825 1006 2881 τοῦτο
1078 2823 1189 2893 τῆς
1253 2823 1471 2889 οὐσίας
1548 2837 1732 2890 παρα-

1905 2821 2032 2874 dum
2060 2830 2233 2873 tamen
2261 2822 2358 2873 hoc
2381 2820 2618 2873 essentia?
2664 2819 3051 2888 patrocinatur,
3102 2835 3206 2872 non
3235 2821 3401 2890 magis

230 2917 553 2982 στατικὸν,
604 2915 807 2983 ὥσπερ
865 2914 1006 2970 οὐδὲ
1067 2914 1132 2968 τὸ
1199 2910 1562 2982 ἀγέννητον,
1632 2909 1728 2965 καὶ

1905 2927 2067 2981 quam
2094 2911 2231 2980 quod
2255 2911 2570 2980 ingenitum,
2613 2918 2662 2963 et
2699 2910 2814 2963 sine
2848 2909 3022 2975 initio,
3051 2917 3102 2963 et
3147 2912 3399 2966 immuta-

233 3010 302 3064 τὸ
329 3008 616 3077 ἄναρχον,
662 3007 762 3060 καὶ
799 3005 866 3060 τὸ
901 3004 1325 3066 ἀναλλοίωτον,
1362 3003 1460 3056 καί
1510 3001 1732 3071 ἀφθαρ-

1906 3003 2028 3067 bile,
2057 3011 2105 3055 et
2123 3004 2236 3056 sine
2282 3004 2522 3066 interitu,
2564 3011 2614 3055 et
2651 3017 2975 3072 qnwcunqus
3033 3002 3097 3056 de
3151 3001 3261 3057 Deo
3309 3011 3399 3063 aut

235 3115 365 3164 τον,
417 3098 514 3152 καὶ
561 3097 677 3151 ὅσα
732 3095 868 3164 περὶ
920 3094 1066 3150 Θεοῦ
1112 3094 1151 3163 ἢ
1196 3093 1332 3161 περὶ
1375 3090 1523 3147 Θεὸν
1578 3088 1730 3145 εἶναι
1758 3143 1803 3202 C

1040 3094 1066 3148 ῡ
1112 3094 1151 3163 ἢ
1196 3093 1332 3161 περὶ
1375 3090 1523 3147 Θεὸν
1578 3088 1730 3145 εἶναι
1758 3143 1803 3202 C
1904 3097 2043 3150 circa
2063 3094 2231 3151 Deum
2252 3111 2360 3149 esse
2387 3097 2695 3150 dicuntur.»

234 3190 489 3260 λέγεται.
528 3206 548 3239 ι

238 3300 382 3374 Πρὸς
422 3299 549 3360 τούς
590 3296 841 3367 ἀνόμοιον
876 3294 1111 3365 μάλιστα
1153 3291 1230 3364 τῷ
1261 3292 1434 3361 Πατρὶ
1472 3291 1562 3345 τὸν
1609 3290 1736 3344 Υἰδν

1907 3314 1988 3370 Ad
2028 3330 2125 3370 eos
2177 3315 2232 3370 in
2263 3315 2459 3387 primis
2503 3315 2597 3386 qui
2632 3317 2829 3375 Filium
2882 3317 3028 3375 Patri
3079 3319 3401 3380 dissimilem

170 3393 494 3463 κακούργως
517 3390 854 3456 εἰσάγοντας,
882 3387 968 3440 διά
998 3385 1089 3440 τοῦ
1119 3383 1357 3455 νομίζειν
1381 3385 1566 3438 οὐσίαν
1600 3382 1738 3437 εῖναι

1838 3406 2044 3462 nefarie
2072 3382 2452 3471 introducunt,
2503 3382 2571 3463 eo
2608 3409 2781 3478 quod,
2812 3419 2873 3465 ut
2923 3411 3182 3478 arbitror,
3226 3414 3405 3471 Patris

169 3483 264 3538 τοῦ
317 3480 526 3555 Πατρὺς
580 3480 641 3534 τὸ
691 3478 1002 3549 ἀγέννητον,
1058 3477 1134 3542 ὡς
1191 3473 1341 3548 οἶμαι
1363 3517 1377 3543 ,
1438 3477 1528 3531 τὸν
1582 3476 1738 3545 λόγον

1836 3497 2126 3554 essentiam
2157 3497 2211 3552 in
2242 3511 2308 3551 eo
2338 3498 2612 3553 collocant
2664 3500 2812 3570 quod
2843 3501 3121 3573 ingenitus
3170 3505 3261 3568 sit,
3284 3520 3403 3560 ser-

174 3578 518 3647 ποιούμενος,
572 3572 666 3627 καὶ
716 3573 780 3626 ὲκ
831 3571 939 3626 τῶν
987 3571 1186 3642 ὁμοίων
1245 3570 1305 3624 τὸ
1371 3569 1487 3622 δέον
1543 3567 1739 3630 αὐτοὺς

1838 3603 2056 3642 monem
2091 3588 2357 3658 dirigens,
2405 3597 2461 3642 et
2507 3604 2575 3643 ex
2604 3567 2880 3648 similibus
2905 3567 3058 3662 'quid
3107 3608 3406 3664 agnoscere

177 3669 469 3740 ὶπιγνῶναι
505 3665 788 3730 διδάσκων,
825 3663 1000 3719 ταῦτά
1037 3679 1200 3735 φησιν
1227 3665 1255 3718 ὁ
1299 3663 1634 3726 διδάσκαλος.
1674 3659 1738 3714 ἶν’

1840 3681 2078 3736 debeant
2099 3678 2401 3744 instruens,
2427 3679 2542 3734 haec
2591 3681 2728 3735 dicit
2757 3659 3038 3753 magister,
3085 3659 3404 3744 ut'veritate

175 3760 282 3816 ὐπὸ
309 3760 408 3830 τῆς
432 3757 688 3828 ἀληθείας
709 3756 847 3828 πρὸς
870 3755 967 3821 τὴν
994 3754 1273 3808 εὐσέϐειαν
1303 3753 1740 3821 συνελαυνόμενοι

1840 3770 1906 3825 ad
1936 3771 2196 3842 pietatem
2248 3770 2425 3825 coacti
2487 3768 2724 3826 libenter
2779 3786 2902 3828 cum
2958 3772 3122 3830 nobis
3161 3789 3229 3833 eo
3257 3776 3403 3848 quod

176 3851 442 3915 εὐπειθῶς
490 3851 588 3908 σὺν
623 3850 760 3918 ἡμῖν
791 3847 853 3901 τὸ
901 3847 977 3918 μὴ
1026 3846 1169 3916 ἔχειν
1208 3845 1418 3913 γένεσιν
1467 3843 1651 3913 (187
1686 3842 1738 3912 ὁ)

1840 3863 2003 3919 Pater
2028 3858 2379 3932 generatione
2400 3869 2553 3918 caret
2609 3861 2746 3921 nihil
2777 3863 2883 3919 nisi
2927 3865 3075 3938 quod
3129 3842 3407 3939 ingenitus

177 3944 271 3999 τὸν
288 3940 506 4012 Πατέρα
529 3940 688 4010 μόνον
713 3937 907 4009 δηλοῦν
930 3937 992 3990 τδ
1017 3937 1314 4007 ἀγέννητον
1341 3936 1738 4006 ὁμολογήσωσι,

1842 3951 1915 4007 sit
1933 3949 2154 4021 probari
2195 3948 2520 4014 concedant,
2547 3963 2819 4007 memores
2845 3936 3014 4021 quod,
3042 3952 3087 4007 si
3114 3936 3408 4011 essentiam

177 4032 480 4091 συνειδότες
503 4029 578 4094 ὡς
619 4028 778 4101 εῖπερ
805 4027 994 4084 οὐσίαν
1024 4026 1158 4082 Θεοῦ
1184 4026 1245 4082 τὸ
1269 4027 1560 4096 ἀγέννητον
1601 4021 1741 4079 εῖναι

1840 4039 1939 4096 Dei
1987 4039 2145 4108 plane
2195 4037 2301 4092 hoc
2345 4053 2466 4093 esse
2486 4039 2890 4098 contenderent
2936 4043 3085 4113 quod
3124 4044 3407 4116 ingenitus

176 4124 398 4186 adv-cm:
443 4121 738 4192 βιάσαιντο,
783 4119 970 4172 οὐσίαν
1001 4115 1137 4171 Θεοῦ
1165 4117 1256 4170 καὶ
1287 4117 1346 4171 τδ
1370 4116 1657 4185 ἀσώματον
1685 4115 1743 4180 ἐξ

1842 4138 1946 4191 est,
1989 4130 2155 4184 etiam
2210 4128 2716 4199 incorporalitatem
2779 4133 2936 4202 ejus,
2996 4141 3052 4189 et
3099 4115 3246 4205 quod
3289 4137 3408 4193 sine

173 4216 451 4284 ἀκάγκης,
491 4214 583 4266 καὶ
607 4211 667 4265 τδ
712 4211 964 4280 ἀναρχον,
999 4209 1094 4261 καὶ
1136 4209 1196 4261 τὸ
1234 4207 1518 4270 ἀθάνατον,
1561 4206 1652 4259 καὶ
1685 4205 1743 4259 τὸ

1845 4221 2022 4286 initio,
2049 4229 2105 4275 et
2130 4221 2456 4274 immortalis
2481 4230 2584 4287 est,
2612 4231 2668 4276 et
2694 4223 3072 4290 immutabilis,
3105 4233 3162 4281 et
3180 4226 3409 4284 interitu

177 4305 553 4367 ἀναλλοίωτον,
612 4301 705 4354 καὶ
754 4300 814 4353 τὸ
862 4298 1167 4370 ἄφθαρτον,
1217 4299 1312 4353 καὶ
1369 4299 1470 4356 ὅσα
1511 4297 1599 4351 διὰ
1647 4298 1745 4367 τῆς

1843 4319 2014 4374 caret,
2066 4319 2122 4365 et
2176 4325 2518 4379 quaecunque
2573 4311 2839 4381 privative
2911 4323 3136 4384 propter
3180 4331 3415 4388 exsupe-

177 4395 512 4468 στερητικῆς
558 4395 887 4463 ἀναιρέσεως
930 4392 1017 4445 διά
1068 4392 1166 4463 τὴν
1201 4391 1472 4461 ὑπεροχὴν
1520 4392 1550 4444 ό
1614 4391 1744 4454 Θεὸς

1849 4402 2087 4457 rantiam
2116 4401 2263 4456 Deus
2291 4417 2416 4457 esse
2452 4402 2660 4457 dicitur
2690 4404 2862 4473 (certe
2898 4405 2941 4458 si
2969 4405 3073 4460 sibi
3099 4417 3415 4466 constantes

177 4483 319 4540 εἶναι
372 4483 606 4552 λέγεται,
655 4481 831 4550 λέγειν
877 4481 1119 4545 εἰκότως,
1169 4481 1376 4543 ἑαυτοῖς
1427 4479 1556 4546 γοῦν
1606 4495 1746 4532 στοι-
1782 4488 1824 4542 ι)

1782 4488 1824 4542 D
1852 4475 2282 4560 essevoluerint)
2334 4493 2649 4546 necessario
2706 4492 2896 4563 utique
2923 4502 3167 4551 statuere
3211 4511 3413 4569 cogen-

176 4577 422 4650 χοῦντες,
465 4573 936 4644 έκόιασθήσονται,
983 4573 1077 4627 καὶ
1126 4571 1266 4626 οὕτω
1315 4571 1513 4634 πολλὰς
1556 4571 1743 4634 οὐσίας

1853 4591 1962 4646 tur,
2022 4581 2269 4651 adeoque
2297 4595 2410 4636 non
2445 4597 2610 4638 unam
2644 4590 2906 4649 statuere,
2941 4584 3039 4645 sed
3090 4587 3293 4642 multas
3319 4589 3413 4644 Dei

175 4666 340 4732 θεοῦ,
374 4668 467 4720 καὶ
493 4665 552 4719 οὐ
575 4665 721 4736 μίαν,
755 4665 954 4734 μᾶλλον
980 4663 1057 4728 δι,
1091 4663 1418 4733 κυριώτερον
1457 4663 1630 4715 εἰπεῖν
1656 4661 1749 4714 καὶ

1850 4671 2141 4735 essentias,
2170 4671 2300 4734 imo,
2359 4680 2419 4724 ut
2441 4672 2615 4742 magis
2637 4673 2861 4743 proprie
2893 4688 2956 4733 ac
3002 4675 3186 4732 verius
3210 4676 3410 4745 dicam,

177 4756 561 4828 ἀληθέστερον,
602 4755 890 4811 πολυθεῖαν
925 4753 1239 4823 Ἑλληνικὴν
1276 4751 1555 4816 νοσοῦντες
1599 4753 1752 4819 ἐλεγέ

1851 4760 1999 4830 quod
2051 4761 2272 4831 gentilis
2296 4761 2592 4818 multorum
2640 4764 2870 4820 deorum
2903 4765 3185 4837 religionis
3222 4772 3417 4827 morbo

177 4852 496 4926 χθήσονται,
528 4850 666 4920 ὅπερ
715 4849 790 4911 ὡς
819 4845 1012 4910 ἀσεΰὶς
1051 4847 1223 4900 εἰπεῖν
1253 4846 1626 4916 αἰσχυνόμενοι
1654 4845 1751 4916 τῆς

1851 4850 2105 4905 laborent
2132 4851 2213 4906 sic
2240 4851 2635 4921 traducentur;
2665 4854 2838 4925 quod,
2876 4865 2936 4911 ut
2993 4857 3246 4933 impium,
3281 4876 3417 4919 con-

176 4942 441 5006 ἀπονοίας
479 4941 694 5004 πάντως
740 4938 1026 5007 ἀφέξονται
1060 4938 1154 4993 καὶ
1184 4937 1260 5009 μὴ
1313 4937 1642 5008 βουλόμενοι.
1671 4936 1751 4992 Τά

1854 4939 1996 4996 (lteri
2029 4941 2074 4996 si
2116 4952 2464 5009 reverentur,
2512 4945 2754 5001 amentia
2797 4961 2894 5005 sua
2937 4947 3098 5018 plane
3124 4950 3223 5018 vel,
3258 4951 3417 5010 inviti

177 5034 293 5106 γὰρ
339 5029 633 5102 στερητικά
674 5030 707 5103 ἢ
761 5030 1077 5102 ἀναιρετικά
1123 5028 1250 5101 περί
1296 5045 1347 5081 τι
1403 5027 1752 5099 θεωρούμενα

1853 5031 2146 5088 decedent.
2181 5033 2454 5089 Privativa
2484 5035 2630 5089 enim
2677 5037 2793 5092 sive
2835 5037 3088 5108 negativa
3117 5055 3240 5110 quae
3267 5041 3416 5105 circa

176 5126 281 5178 οὐκ
308 5123 436 5176 αὐτὸ
460 5125 634 5178 έκεῖνο
664 5122 916 5192 τυγχάνει
953 5121 1081 5177 ὄντα
1104 5121 1162 5174 τὸ
1190 5118 1318 5190 περὶ
1342 5119 1369 5172 ὃ
1397 5116 1750 5191 θεωροῦνται,

1853 5138 1970 5179 rem
2022 5123 2262 5195 aliquam
2296 5125 2663 5183 observantur
2705 5127 2855 5184 haud
2885 5128 3069 5199 ipsum
3119 5131 3259 5187 illud
3286 5146 3416 5192 sunt

179 5216 308 5271 ἐπεὶ
339 5215 557 5278 πάντως
599 5214 810 5266 ἔσονται
847 5211 956 5266 τῶν
986 5211 1356 5291 σημαινόντων
1393 5211 1454 5264 τὸ
1494 5211 1546 5264 τί
1581 5211 1748 5274 εστιν,

1854 5215 2000 5271 circa
2025 5216 2174 5287 quod
2205 5218 2596 5282 observantur,
2653 5220 2780 5290 quia
2812 5221 3034 5291 quidem
3066 5223 3292 5279 omnino
3336 5227 3415 5286 sic

177 5308 257 5368 ὡς
290 5306 467 5359 έκεῖνο
511 5301 642 5358 αὐτὸ
686 5301 834 5370 ὄντα,
880 5302 994 5356 ἀλλ’
1034 5303 1093 5355 οὐ
1132 5301 1192 5355 τδ
1217 5301 1269 5355 τί
1312 5302 1409 5355 οὐκ
1445 5301 1593 5356 ἔστιν
1619 5301 1752 5355 αὐτὸ

1855 5322 2052 5362 eorum
2094 5319 2278 5364 essent
2306 5325 2426 5380 quae
2469 5311 2602 5382 quid
2659 5312 2731 5367 sit
2785 5314 3067 5378 denotant,
3121 5324 3183 5370 ut
3240 5315 3417 5386 ipsum

179 5395 360 5446 ἐκεῖνο
404 5390 758 5462 σημαίνοντα·
828 5391 876 5446 εί
913 5390 969 5444 δὲ
1007 5389 1183 5453 τοῦτο,
1233 5391 1356 5458 ὅρος
1403 5391 1609 5447 ἐκείνου
1656 5390 1749 5445 τοῦ

1855 5399 1991 5454 illud
2033 5401 2372 5465 exsistentia,
2405 5404 2499 5458 sed
2533 5419 2641 5458 non
2671 5403 2802 5474 quid
2833 5420 2944 5460 non
2967 5405 3041 5460 sit
3074 5405 3207 5462 illud
3237 5407 3413 5486 ipsum

1483 5525 1713 5581 νΑηυΕ
1750 5525 2141 5587 LECTIONES.

255 5595 300 5625 "
330 5595 469 5663 ὑμᾶς
498 5594 622 5649 cod.
649 5594 788 5650 Gud.

259 5705 333 5775 ιο)
367 5707 517 5762 ldcm
544 5710 664 5764 ibid.
696 5724 814 5779 cap.
844 5709 896 5774 9,
931 5725 984 5779 p.
1021 5709 1141 5773 50l,
1181 5719 1310 5764 tom.
1343 5710 1384 5766 Ι.
1415 5711 1551 5786 Opp.
1579 5711 1666 5766 rd.
1705 5711 1906 5774 Bened.
