4192 6434
805 341 910 401 2'23

1945 355 2005 413 S.
2048 352 2335 415 MAXIMI
2371 357 2882 422 CONFESSORIS

3889 375 4029 439 1294

765 450 1117 515 denotantia;
1149 451 1295 520 quod
1339 454 1602 508 siverunt
1633 466 1806 523 esset,
1836 457 1963 515 ﬁnis
2003 461 2154 517 illius
2185 465 2320 519 circa

2439 467 2564 537 περὶ
2613 468 2642 519 ὃ
2708 470 2956 538 λέγονται
3024 469 3165 527 εἶναι
3236 476 3408 530 ταῦτα
3469 477 3840 551 δειχθήσεται,
3896 488 4031 557 ὅπερ

764 540 912 608 quod
949 541 1218 596 dicuntur
1236 560 1358 598 esse
1394 545 1508 600 lucc
1536 548 2075 617 demonstrarentur,
2115 554 2169 608 id
2188 559 2336 626 quod

766 633 1013 700 ineptum
1043 645 1127 687 est
1159 644 1213 688 ct
1246 636 1362 690 ﬁeri
1388 640 1600 708 nequit.
1627 641 1748 696 Non
1798 645 1944 698 enim
2000 663 2067 699 ex
2106 647 2174 702 iis
2217 665 2339 719 quae

766 742 877 778 non
906 735 1035 779 sunt
1068 742 1254 780 rerum
1285 730 1422 782 lines
1458 732 1817 801 colliguntur,
1862 736 1958 789 sed
1987 752 2054 789 ex
2099 737 2165 793 iis
2216 755 2338 808 quae

763 826 912 879 sunt,
959 834 1081 885 qua:
1114 819 1373 889 exiguum
1428 836 1617 876 rerum
1660 824 1982 895 expendunt
2018 837 2189 897 atque
2232 846 2339 884 am-

763 909 1006 975 pliﬁeant
1032 911 1323 975 ambitum,
1377 915 1470 983 qui
1518 932 1725 971 nomen
1773 933 1963 972 carum
2019 930 2126 975 est.
2188 923 2337 977 Nihil

764 999 951 1067 itaque
986 1002 1215 1056 omnino
1233 1021 1299 1057 ex
1331 1005 1402 1059 iis
1431 1022 1554 1076 quae
1581 1008 1649 1062 de
1678 1009 1792 1062 Deo
1815 1021 1913 1064 aut
1959 1013 2105 1066 circa
2163 1014 2337 1069 Deum

758 1104 879 1144 esse
901 1091 1181 1157 dicuntur,
1212 1097 1303 1149 Dei
1352 1100 1595 1153 essentia
1654 1117 1897 1170 unquam
1958 1119 2078 1158 esse
2129 1114 2333 1175 potest,

757 1182 883 1250 quia
910 1200 1011 1238 nec
1035 1188 1388 1254 positionem,
1410 1206 1530 1259 quae
1555 1192 1668 1246 sola
1700 1203 1755 1247 et
1778 1195 1879 1247 soli
1910 1196 2022 1250 Deo
2049 1199 2333 1270 competit,

756 1281 811 1324 ct
848 1274 1117 1328 relatione
1176 1289 1352 1343 vacat,
1386 1297 1489 1337 nec
1539 1282 1715 1351 ipsum
1757 1287 1892 1339 illud
1910 1289 2060 1357 quod
2105 1292 2157 1344 vi
2186 1291 2333 1345 circa

755 1362 961 1432 aliquid
993 1368 1170 1423 activa
1198 1386 1425 1439 prorsus
1478 1377 1720 1430 solutum
1764 1388 1849 1432 est
1900 1382 2206 1436 sceundutn
2240 1399 2332 1437 cs-

753 1455 987 1508 sentiam
1024 1471 1089 1510 ac
1121 1459 1490 1518 substantiam
1525 1466 1769 1523 indicare
1807 1481 2011 1540 potest;

755 1626 838 1680 Ex
866 1632 1047 1685 eodem
1069 1651 1308 1690 sermone
1340 1641 1395 1693 in
1428 1642 1608 1699 illud:
1649 1671 1665 1695 ς
1693 1647 2150 1712 Quemadmodum
2185 1658 2327 1711 enim

822 1738 925 1774 non
955 1726 1140 1793 sti/[icit
1164 1744 1353 1799 corpus
1389 1735 1581 1801 dicere,
1630 1749 1723 1791 aut
1752 1754 2065 1810 generatum
2097 1763 2206 1800 esse
2259 1748 2329 1802 ad
2362 1772 2401 1826 Β

825 1816 1308 1875 άεηιοηειναηάιυη
1326 1835 1502 1894 atque.
1515 1832 1961 1900 nzanifestandum
1976 1839 2070 1891 hoc
2087 1839 2169 1892 vel
2193 1840 2332 1894 illud

821 1903 960 1954 circa
996 1907 1135 1972 quod
1174 1911 1283 1963 lucc
1309 1926 1611 1982 versentur,
1649 1922 1741 1973 sed
1774 1921 1912 1976 illud
1958 1943 2164 1998 quoque
2191 1932 2330 2000 quod

819 1989 899 2040 his
922 1993 1217 2061 subjectum
1245 2011 1319 2052 cst
1354 2003 1526 2058 dicere
1550 2020 1775 2077 oportet,
1806 2016 1851 2066 si
1876 1989 1999 2084 jquis
2036 1989 2261 2088 perfecte
2280 2032 2329 2076 et

821 2076 978 2146 plene
997 2085 1125 2150 quid
1192 2090 1475 2157 cogitemus
1524 2109 1827 2153 monstrare
1881 2102 2148 2171 voluerit;
2200 2125 2327 2163 nam

819 2169 901 2221 vel
920 2171 1074 2225 homo
1127 2177 1211 2229 vel
1269 2180 1357 2234 bos
1385 2184 1467 2236 vel
1500 2202 1665 2255 equus
1722 2192 1818 2244 hoc
1867 2210 2177 2262 corporeum
2216 2218 2327 2255 esse

819 2271 985 2329 potest
1009 2274 1058 2317 et
1081 2268 1323 2325 interimi
1345 2274 1645 2332 obnoxium.
1665 2300 1683 2332 ι

817 2374 956 2429 Cum
1001 2388 1230 2435 sanctus
1252 2382 1542 2443 haereticos
1566 2391 1783 2449 vidcrct
1807 2396 1863 2450 id
1895 2414 2066 2455 unum
2085 2414 2321 2473 certare,

750 2473 812 2517 ut
836 2474 1367 2535 superessentialem
1398 2489 1650 2537 naturam
1675 2499 1924 2545 amentes
1953 2508 2139 2549 secum
2194 2499 2328 2569 ipsis

748 2555 1122 2626 destrucrent,
1163 2566 1594 2641 artiﬁciosisque
1636 2578 1949 2638 rationibus
1994 2555 2324 2654 potestaiem

749 2647 1183 2719 insuperabilem
1209 2661 1474 2730 omnique
1497 2668 1810 2725 conditioni
1833 2689 1902 2728 ex
1946 2680 2068 2746 pari
2116 2681 2323 2752 imper-

747 2742 1067 2809 ceptibilem
1099 2762 1212 2804 sua:
1236 2754 1573 2823 cognitionis
1597 2767 2094 2833 comprehensione
2125 2790 2323 2845 capere

742 3197 892 3251 tibus
913 3200 968 3253 in
992 3205 1245 3260 veritatis
1276 3223 1592 3268 sermonem
1648 3217 1860 3276 furiose
1910 3224 2189 3283 irruerent
2228 3248 2318 3287 oc-

740 3290 1017 3345 casionem
1042 3300 1422 3363 pnetendendi
1456 3314 1739 3377 utcunque
1762 3321 1818 3365 et
1846 3313 2071 3371 fallendi
2095 3330 2151 3374 et
2185 3338 2314 3391 pro-

738 3380 845 3446 prii
885 3385 1052 3439 studii
1086 3389 1386 3445 artilicium
1416 3398 1744 3455 conﬁciendi
1780 3380 2220 3482 qualemcunque
2246 3415 2315 3471 de

736 3468 851 3530 Deo
876 3472 982 3527 sibi
1002 3490 1319 3535 concessam
1351 3490 1626 3543 sermonis
1655 3493 1988 3558 positionem
2022 3500 2311 3560 facientes.

736 3560 917 3625 Quare
934 3580 1115 3635 neque
1135 3584 1358 3641 corpus,
1382 3591 1563 3646 neque
1583 3580 1942 3643 iunnateriale
1964 3605 2186 3661 corpus,
2210 3614 2310 3652 ne-

737 3668 845 3721 que
871 3654 1222 3727 incorporale
1250 3668 1500 3733 omnino,
1526 3686 1709 3741 neque
1737 3676 1794 3729 in
1820 3680 2101 3748 universo,
2130 3703 2312 3757 neque

735 3744 920 3801 inulla
946 3750 1190 3807 universi
1217 3767 1396 3824 parte,
1419 3776 1601 3832 neque
1624 3780 1790 3836 supra
1815 3772 2155 3841 universum,
2180 3791 2237 3834 et
2254 3791 2314 3838 ut

734 3837 1063 3906 sim;liciter
1080 3842 1283 3910 dicam,
1305 3850 1443 3903 nihil
1484 3857 1712 3911 omnino
1741 3870 1797 3914 et
1823 3862 1876 3916 in
1918 3866 2094 3921 nihilo
2118 3886 2311 3929 eorum

734 3946 856 3998 qua:
889 3934 1263 4007 qualicunque
1291 3944 1477 4008 modo,
1512 3955 1574 4000 ut
1604 3964 1799 4005 verum
1822 3959 2205 4019 est,videntur
2225 3968 2311 4021 vel

732 4027 1285 4095 comprehenduntur
1320 4036 1402 4088 vel
1455 4037 1722 4095 dicuntur
1745 4046 1829 4099 vel
1875 4051 2189 4119 cogitantur
2222 4059 2309 4113 vel

732 4118 886 4171 nosci
914 4126 1197 4190 utcunque
1219 4140 1473 4193 possunt,
1499 4131 1672 4186 Deum
1700 4151 1821 4191 esse
1850 4139 2036 4205 docet,
2067 4145 2135 4199 de
2157 4150 2309 4205 omni

732 4224 828 4263 eos
846 4210 1128 4278 opinione,
1145 4215 1241 4268 Dei
1263 4221 1502 4274 essentia
1521 4224 1654 4291 quid
1671 4228 1742 4280 sit
1764 4234 2158 4301 comprehendi
2182 4256 2309 4308 pos-

731 4316 811 4366 se,
839 4305 1193 4373 propulsans.
1235 4308 1445 4367 Deinde
1477 4314 1773 4374 instantius
1809 4338 1905 4378 eos
1933 4325 2002 4379 ad
2041 4305 2303 4396 picta—tem

732 4394 1024 4465 instigans,
1050 4408 1105 4451 et
1127 4414 1193 4453 ex
1227 4401 1553 4458 inferiorum
1580 4417 1635 4461 et
1666 4410 2100 4483 iucomparabile
2128 4437 2305 4490 quan-

730 4494 847 4538 tum
881 4501 911 4540 a
936 4487 1050 4542 Deo
1073 4489 1399 4547 distantium
1427 4496 1856 4571 inuestigatione
1906 4487 2214 4567 universale
2237 4515 2304 4571 de

728 4577 842 4631 Deo
865 4582 1167 4636 temerarie
1192 4599 1376 4653 neque
1422 4591 1691 4659 cogitare,
1714 4597 1919 4652 nedum
1963 4601 2184 4659 edicere
2206 4607 2303 4662 ulli

728 4669 810 4724 fas
831 4686 953 4725 esse
977 4687 1186 4729 conans
1217 4681 1580 4747 persuadere,
1611 4684 1727 4739 haec
1756 4688 1917 4743 dicit.
1952 4692 2020 4745 Et
2050 4696 2304 4763 profecto

727 4764 794 4817 ad
853 4764 1189 4821 stabilienda
1230 4785 1451 4840 quoque
1497 4790 1560 4829 ea
1619 4793 1743 4846 qua:
1800 4791 1993 4838 contra
2045 4803 2143 4843 eos
2187 4791 2299 4860 jam

726 4856 996 4924 privative
1027 4868 1082 4912 et
1118 4861 1369 4930 negativc
1398 4864 1800 4935 disputaverat,
1828 4883 1888 4926 ut
1912 4874 2038 4931 inde
2060 4856 2304 4937 commo-

725 4946 1117 5018 ncl‘acti,quod
1146 4953 1313 5007 etiam
1348 4956 1672 5014 ultimorum
1721 4964 1776 5017 in
1810 4969 2014 5023 creatis
2040 4982 2300 5029 accurata

724 5037 1151 5104 comprehensio
1201 5042 1495 5101 rationalis
1547 5062 1751 5106 nostrae
1808 5056 1892 5109 vis
1974 5057 2296 5119 facultatem

723 5136 972 5196 superet,
1000 5132 1173 5186 multo
1197 5138 1426 5206 majoris
1452 5143 1785 5199 temeritatis
1827 5157 1890 5202 et
1920 5152 2164 5209 audacia:
2196 5157 2300 5210 im-

722 5230 911 5290 petum
928 5238 1192 5280 coercere
1218 5240 1466 5296 possent,
1483 5245 1778 5305 postquam
1798 5238 1851 5291 in
1873 5244 2065 5309 parvis
2083 5254 2297 5302 natura:

722 5313 1103 5371 inﬁrmitatem
1132 5331 1376 5376 nossent.
1421 5324 1639 5381 Etenim
1680 5331 1726 5382 si
1782 5331 1849 5386 de
1878 5334 2049 5403 ﬁgura
2111 5338 2295 5408 aliqua

721 5404 1061 5474 inquirimus
1114 5411 1257 5481 ﬁnge
1293 5414 1539 5482 homine,
1587 5420 1672 5473 vel
1713 5438 1882 5491 equo,
1911 5426 1997 5479 vel
2032 5426 2193 5495 bove,-
2227 5432 2295 5485 ad

719 5497 886 5567 plene
930 5502 1517 5570 comprehendendum
1561 5511 1793 5581 ﬁguram
1824 5530 2029 5586 corpus
2088 5521 2293 5577 dixisse

720 5590 869 5646 haud
896 5593 1117 5660 sullicit,
1160 5598 1243 5651 vel
1268 5601 1585 5669 generabile
1616 5606 1782 5661 modo
1826 5622 1922 5665 aut
1983 5612 2284 5681 interibile,

2444 556 2644 610 ἄτοπον
2690 559 2785 611 καὶ
2826 560 3105 618 ἀδύνατον.
3151 566 3228 617 Οὐ
3276 567 3385 638 γὰρ
3416 568 3481 621 ὲκ
3529 569 3639 623 τῶν
3674 564 3749 623 ὧν
3778 575 3883 626 οὐκ
3920 577 4033 629 ἐστι

2440 647 2550 700 τῶν
2586 652 2928 721 πραγμάτων
2964 655 3014 708 oi
3050 657 3167 726 ὅροι
3208 660 3549 727 συνάγονται,
3598 662 3714 715 ἀλλ’
3754 666 3821 718 ἐκ
3869 668 4033 723 τῶνά

2443 739 2614 800 ἔστιν,
2675 741 3013 808 ὲξαπλοῦντα
3054 745 3159 815 τὴν
3214 746 3478 819 σύντομον
3519 751 3629 804 τῶν
3686 758 4033 824 πραγμάτων

2440 830 2754 902 περίληψιν,
2808 834 2931 904 ἥτις
2979 836 3245 906 ὀνομασία
3302 839 3509 894 τούτων
3550 842 3809 913 ὑπάρχει.
3866 848 4031 902 Οὐδὲν

2439 920 2532 978 οὖν
2586 929 2647 980 τὸ
2701 928 2920 983 σύνολον
2963 932 3074 984 τῶν
3115 932 3245 1002 περὶ
3275 932 3415 986 Θεοῦ
3466 936 3499 1006 ἢ
3550 939 3677 1010 περὶ
3701 940 3838 993 Θεὸν
3892 938 4030 995 εἶναι

2437 1016 2747 1088 λεγομένων
2795 1021 2950 1073 οὐσία
2978 1017 3126 1074 εἶναι
3177 1023 3314 1078 Θεοῦ
3370 1025 3588 1079 πώποτε
3641 1028 3893 1095 δύναται,
3951 1033 4028 1084 ὅτι

2441 1108 2574 1179 μηδὲ
2629 1109 2812 1175 θέσιν,
2872 1112 3042 1186 μόνην
3104 1116 3198 1169 καὶ
3257 1117 3402 1188 μόνῳ
3443 1118 3563 1191 Θεῷ
3630 1120 4026 1193 ἁρμόζουσαν,

2436 1202 2686 1272 ἄσχετον,
2742 1206 2833 1257 καὶ
2890 1208 2993 1275 τῆς
3040 1212 3168 1280 περί
3220 1230 3271 1263 τι
3329 1215 3677 1267 παντάπασιν
3741 1218 4027 1286 ἐνεργείας

2435 1295 2631 1362 ἄφετον
2682 1297 2816 1368 αὐτὸ
2845 1300 3021 1354 ἐκεῖνο
3067 1306 3206 1355 κατὰ
3247 1306 3303 1355 τὸ
3347 1306 3396 1356 τί
3425 1323 3553 1357 ποτε
3597 1303 3737 1361 εἶναι
3784 1310 4027 1379 ἐμφῆναι

2432 1385 2672 1442 δύναται.

2447 1658 2543 1712 Ἐκ
2568 1660 2675 1714 τοῦ
2719 1661 2907 1716 αὐτοῦ
2939 1665 3147 1731 λόγου,
3182 1668 3270 1732 εἰς
3293 1667 3381 1733 τὸ,
3419 1688 3437 1720 ι
3461 1669 3554 1737 Ὡς
3579 1671 3690 1741 τὰρ
3719 1675 3833 1728 οὐκ
3858 1675 4029 1745 ἀρκεῖ

2504 1752 2570 1804 τὸ
2625 1750 2797 1820 σῶμα
2843 1756 3054 1821 εἰπεῖν,
3100 1758 3138 1826 ἣ
3175 1759 3242 1813 τὸ
3285 1762 3705 1833 γεγεννῆσθαι,
3756 1769 3912 1837 πρὸς
3957 1772 4021 1822 τὸ

2502 1840 2763 1912 καὶπερὶ
2811 1843 2843 1896 ὃ
2889 1845 3073 1898 ταῦτα
3120 1850 3516 1920 παραστῆσαι
3559 1871 3622 1908 τε
3673 1859 3775 1911 καὶ
3829 1859 4021 1926 δηλῶ-

2501 1950 2605 1985 σαι
2629 1973 2643 1996 ,
2700 1934 2863 1989 ἀλλὰ
2915 1936 3014 1990 δεῖ
3055 1940 3154 1993 καὶ
3204 1940 3268 1994 τὸ
3320 1944 3721 2015 ὑποκείμενον
3784 1953 4022 2020 τούτοις

2500 2026 2713 2090 εἰπεῖν,
2760 2013 2811 2082 εἰ
2854 2030 3071 2099 μέλλοι
3112 2035 3354 2100 τελείως
3393 2038 3492 2091 καὶ
3521 2013 3922 2109 ἀποχρώντως
3956 2013 4022 2099 τό

2500 2120 2832 2187 νοούμενον
2882 2123 3388 2191 παραστήσασθαι
3412 2144 3424 2157 ·
3484 2128 3523 2198 ἢ
3565 2132 3674 2199 γὰρ
3705 2132 4022 2201 ἄνθρωπος

2503 2208 2540 2276 ἢ
2562 2209 2722 2275 ,ϐοῦς
2752 2211 2809 2280 ἢ,
2832 2212 3018 2280 ἵππος
3043 2214 3221 2269 τοῦτο
3252 2216 3318 2270 τό
3359 2219 3431 2273 ἐν
3453 2220 3681 2291 σώματι
3723 2225 3826 2278 καὶ
3852 2230 4021 2295 φθει-

2490 2300 2771 2367 ρόμενον.
2816 2320 2836 2353 ι

2510 2412 2845 2484 Ἐπειδήπερ
2893 2416 3041 2489 ἑώρα
3100 2422 3225 2485 τοὺς
3280 2424 3592 2494 αίρετικοῦς
3644 2430 3673 2480 ὁ
3718 2428 3879 2496 ἅγιος
3919 2431 4023 2484 ἕνα

2431 2504 2591 2573 μόνον
2646 2508 2868 2577 ἔχοντας
2926 2513 3116 2583 (188
3164 2519 3219 2584 ο)
3269 2518 3488 2585 ἀγῶνα,
3542 2522 3640 2591 τὴν
3685 2523 4021 2594 ύπερούσιον

2426 2595 2641 2659 ἑαυτοῖς
2669 2600 2916 2669 ἀνοήτως
2958 2606 3426 2669 συγκαταϐάλλειν
3469 2609 3656 2678 φύσιν,
3711 2614 3802 2666 καί⁵
3838 2632 4021 2684 τεχνι-

2428 2691 2551 2751 καῖς
2585 2690 2830 2759 μεθόδοις
2878 2695 3171 2767 περιλήψει
3211 2698 3311 2767 τῆς
3360 2702 3481 2754 κατ’
3518 2705 3719 2769 αὐτοὺς
3756 2709 4022 2774 γνώσεως

2425 2783 2650 2848 κρατεῖν
2699 2785 3132 2855 ἐπιχειροῦντας,
3187 2791 3262 2854 ὡς
3310 2792 3498 2864 ᾤοντο,
3554 2796 3654 2864 τὴν
3698 2799 4019 2871 ἄκρατητον

2424 2871 2673 2944 δύναμιν,
2704 2878 2801 2929 καὶ
2832 2878 2981 2950 πάσῃ
3025 2883 3093 2951 τῇ
3134 2885 3310 2937 κτίσει
3342 2888 3484 2941 κατά
3530 2888 3591 2941 τὸ
3624 2885 3745 2944 ἶσον
3793 2892 4019 2964 ἁχώργπ

2424 2980 2537 3028 τον,
2583 2966 2649 3019 δι’
2691 2968 2813 3022 ὅλου
2860 2970 2955 3023 τοῦ
2988 2971 3148 3041 λόγου
3187 2977 3288 3040 τὰς
3344 2980 3633 3050 στερήσεις
3679 3001 3742 3037 τε
3778 2988 3879 3039 καὶ
3916 2988 4019 3049 τὰς

2424 3056 2728 3126 ἀποφάσεις
2758 3063 3134 3135 προῦτίμησεν
3183 3069 3278 3121 ἐπὶ
3325 3071 3459 3125 Θεοῦ
3493 3073 3693 3142 λέγειν,
3738 3078 4019 3147 μηδεμίας

2425 3147 2705 3211 παντελῶς
2755 3151 3129 3224 ἀνασχόμενος
3178 3156 3383 3222 θέσεως
3421 3161 3453 3229 ἢ
3503 3166 3892 3232 καταφάσεως,
3927 3166 4017 3222 ἵνα

2428 3236 2502 3307 μὴ
2550 3240 2755 3309 ταύτης
2806 3242 3094 3313 λαϐόμενοι
3148 3247 3224 3310 ὡς
3276 3250 3512 3316 ἀναιδεῖς
3570 3256 3733 3319 κύνες
3768 3257 4016 3328 δήγματι

2422 3328 2550 3389 τοὺς
2601 3329 2841 3394 ἱοϐόλους
2883 3332 3103 3399 ὀδόντας
3159 3340 3408 3407 μανικῶς
3446 3341 3524 3412 τῷ
3563 3342 3709 3415 λόγῳ
3746 3346 3849 3416 τῆς
3881 3349 4015 3421 ἀλη-

2424 3418 2573 3482 θείας
2605 3421 2966 3491 ἐμϐάλλωσιν,
2992 3428 3248 3502 ἀφορμὴν
3292 3432 3386 3485 τοῦ
3425 3436 3677 3491 ὁπωσοῦν
3704 3418 4015 3510 προτείνεῖν

2423 3512 2518 3560 καὶ
2582 3514 3095 3584 παραλογίζεσθαι,
3154 3523 3249 3576 καὶ
3303 3524 3364 3577 τὸ
3427 3528 3650 3588 οἰκεῖον.
3691 3532 3772 3594 είς
3835 3535 4013 3606 πέρας

2421 3601 2650 3669 ἀγαγεῖν
2688 3605 2983 3676 δυνηθῆναι
3017 3612 3365 3683 σπούδασμα,
3406 3616 3506 3688 τὴν
3538 3621 3832 3675 ὁποιανοῦν
3881 3630 4013 3697 περὶ

2419 3691 2554 3742 Θεοῦ
2596 3693 2843 3748 δοθεῖσαν
2885 3699 3075 3762 αὐτοῖς
3118 3701 3213 3754 τοῦ
3258 3703 3418 3772 λόγου
3465 3706 3618 3761 θέσιν
3666 3712 4008 3783 ποιούμενοι.

2420 3784 2519 3835 Διὰ
2542 3784 2698 3838 τοῦτο
2727 3787 2852 3841 οὔτε
2899 3790 3081 3862 σῶμα,
3127 3794 3252 3848 οὔτε
3289 3797 3450 3852 ἄῦλον
3491 3800 3670 3871 σῶμα,
3701 3804 3830 3857 οὔτε
3864 3809 4011 3859 iacia-

2424 3891 2592 3943 ματον
2620 3880 2919 3945 παντελῶς,
2967 3883 3091 3937 οὔτε
3135 3886 3195 3938 ὲν
3233 3887 3312 3958 τῷ
3338 3890 3523 3955 παντὶ,
3542 3891 3667 3946 οὔτε
3695 3895 3757 3947 ἐν
3779 3904 3889 3949 τινι
3912 3900 4005 3952 τοῦ

2419 3966 2641 4030 παντὸς,
2676 3968 2799 4021 οὔτε
2828 3972 2969 4044 ὑπὲρ
2996 3975 3057 4027 τὸ
3109 3979 3237 4043 πᾶν,
3264 3981 3361 4033 καὶ
3386 3982 3575 4047 ἁπλῶς
3604 3988 3802 4051 εἰπεῖν,
3855 3991 4007 4044 οὐδὲν

2416 4059 2478 4111 τὸ
2515 4062 2776 4129 παράπαν
2816 4065 2909 4117 καὶ
2943 4067 3001 4120 ἐν
3044 4068 3221 4123 οὐδενὶ
3260 4072 3382 4125 καθ’
3426 4075 3743 4147 οἱονδήποτε
3774 4084 4003 4151 τρόπον,

2416 4146 2493 4210 ὼς
2549 4148 2696 4201 ἔστιν
2728 4150 2948 4221 ἀληθὲς,
2992 4155 3099 4208 τῶν
3143 4160 3439 4231 ὁρωμένων
3484 4164 3517 4234 ἢ
3572 4146 4002 4242 χωρουμένωνῆ

2415 4237 2726 4309 λεγομένων
2776 4243 2809 4314 ἢ
2862 4247 3169 4316 νοουμένων
3215 4250 3248 4322 ἢ
3295 4254 3606 4327 γνωσθῆναι
3651 4259 3775 4313 καθ’
3825 4237 4005 4317 ὁτιοῦν

2413 4332 2750 4403 δυναμένων,
2828 4333 2970 4392 εἷναι
3035 4341 3131 4394 τὸν
3178 4343 3310 4399 Θεὸν
3368 4347 3755 4419 ἀποφαίνεται,
3819 4358 4003 4428 πάσης

2414 4425 2613 4488 αὐτοὺς
2638 4428 2737 4498 τῆς
2764 4431 2892 4499 περὶ
2915 4430 3050 4484 Θεοῦ
3091 4434 3505 4508 καταληπτικῆς
3520 4443 3661 4497 κατὰ
3691 4446 3753 4498 τὸ
3784 4448 3839 4500 τί

2413 4510 2554 4567 εἶναι
2612 4516 2713 4587 τὴν
2774 4517 2961 4573 οὐσίαν
3024 4521 3235 4587 ἑννοίας
3294 4526 3712 4598 ἀπορῤαπίζων.
3765 4535 4002 4589 Ἔπειτα

2411 4605 2936 4681 δυσωπητικώτερον
2991 4612 3190 4678 αὐτοὺς
3243 4617 3453 4686 ἐνάγων
3510 4621 3647 4692 πρὸς
3687 4625 3997 4693 εὐσέϐειαν,

2412 4700 2505 4752 καὶ
2534 4701 2597 4752 ἐκ
2618 4700 2719 4769 τῆς
2758 4704 2888 4773 περὶ
2912 4704 2981 4758 τά
3015 4704 3245 4777 δεύτερα
3273 4711 3369 4763 καὶ
3401 4715 3620 4784 μακράν
3642 4716 4004 4789 ἀσυγκρίτως

2410 4792 2518 4845 ἀπὸ
2564 4792 2700 4848 Θεοῦ
2748 4794 2975 4867 ἐρεύνης
3020 4801 3084 4852 τὸ
3120 4801 3354 4856 καθόλου
3384 4809 3513 4876 περὶ
3541 4807 3675 4862 Θεοῦ
3705 4810 4001 4884 τολμηρῶς

2413 4884 2546 4953 μηδὲ
2603 4888 2825 4953 ἐννοεῖν,
2886 4893 3082 4961 μήτιγε
3141 4892 3343 4962 λέγειν,
3404 4893 3544 4951 εἶναί
3604 4916 3707 4954 τινι
3774 4903 4002 4976 θεμιτὸν

2408 4975 2576 5040 δεῖξαι
2634 4977 2976 5050 βουλόμενος,
3027 4984 3201 5040 ταῦτά
3249 5004 3403 5059 φησι.
3445 4990 3556 5043 Καὶ
3599 4993 3708 5065 μὴν
3736 4975 4000 5067 καὶπρὸς

2410 5067 2670 5124 σύστασιν
2715 5072 2822 5125 τῶν
2870 5075 2969 5145 ἤδη
3020 5076 3158 5146 πρὸς
3202 5079 3401 5145 αὐτοὺς
3445 5082 3589 5137 κατά
3622 5086 3886 5157 στέρησίν
3938 5108 3998 5143 τε

2408 5159 2501 5211 καὶ
2533 5161 2810 5229 ἀπόφασιν
2861 5167 3201 5236 εἰρημένων,
3250 5170 3391 5225 ῶστε
3434 5175 3636 5239 αὐτοὺς
3682 5179 3998 5245 συνειδότας

2405 5250 2675 5315 ἐντεῦθεν,
2706 5254 2782 5316 ὡς
2825 5257 2920 5310 καὶ
2950 5261 2982 5328 ἡ
3014 5258 3124 5311 τῶν
3168 5263 3413 5333 ἐσχάτων
3441 5267 3501 5319 ὲν
3530 5271 3641 5331 τοῖς
3685 5273 3997 5341 ποιήμασιν

2404 5344 2636 5417 ἀκριϐὴς
2657 5348 2960 5421 κατάληψις
2991 5352 3093 5422 τῆς
3118 5354 3241 5408 καθ’
3287 5358 3434 5428 ἡμᾶς
3456 5359 3680 5431 λογικῆς
3708 5366 3996 5435 ἐνεργείας

2407 5436 2594 5506 (188
2651 5440 2702 5508 b)
2744 5440 3063 5513 ὑπερϐαίνει
3113 5446 3213 5517 τὴν
3271 5448 3537 5519 δύναμιν,
3585 5453 3686 5523 τῆς
3736 5458 3871 5526 περὶ
3924 5459 3995 5512 τὰ

2403 5527 2584 5599 πολλῷ
2628 5529 2801 5599 μείζω
2832 5535 3172 5609 θρασύτητος
3216 5540 3314 5612 τὴν
3358 5542 3641 5611 ἀλόγιστον
3690 5546 3994 5619 δυνηθῆναι

2400 5621 2574 5691 φοράν
2606 5625 2872 5696 ἐπισχεῖν,
2917 5629 2977 5683 ἐν
3024 5633 3136 5696 τοῖς
3179 5636 3395 5704 μικροῖς
3441 5636 3504 5690 τὸ
3530 5638 3753 5704 ἀσθενὲς
3782 5642 3991 5710 μαθόν-

788 5748 865 5819 (0)
900 5749 1047 5805 ldcm
1081 5754 1207 5807 ibid.
1239 5770 1356 5825 cap.
1384 5758 1435 5822 9,
1467 5774 1521 5828 p.
1549 5760 1672 5826 502,
1713 5771 1842 5817 tom.
1878 5764 1919 5820 l.
1951 5765 2088 5837 Opp.
2134 5769 2224 5823 ed.
2256 5770 2456 5827 Bened.
