4192 6434
203 404 346 469 1225

1440 404 1957 468 AMBIGUORUM
1997 404 2248 468 LIBER.

3307 407 3441 473 1226

191 534 297 579 τας
325 517 425 586 τῆς
469 515 707 585 φύσεως.
744 516 806 567 Εἰ
834 519 944 586 γάρ
975 513 1318 580 ἐξετάζουσιν
1353 516 1486 585 ἡμῖν
1516 517 1769 586 στοιχεῖόν

1879 516 2158 571 hominem
2187 516 2272 571 vel
2300 515 2496 571 bovem
2521 516 2604 570 vel
2622 530 2849 585 equum,
2888 515 2984 571 sed
3024 516 3172 586 quod
3200 516 3286 572 his
3313 520 3444 573 sub-

189 625 270 670 τι,
306 611 440 679 φέρε
486 610 661 661 εἰπεῖν
704 607 738 677 ἢ
790 609 1076 679 ἄνθρωπον
1118 608 1152 678 ἦ
1197 608 1363 661 ῐππον
1406 607 1440 677 ἢ
1489 606 1637 677 βοῦν,
1676 608 1777 662 οὐκ

188 702 362 770 ἀρκεῖ
411 699 546 770 πρὸς
587 699 800 753 τελείαν
838 699 1145 769 κατάληψιν
1191 699 1253 752 rb
1295 697 1453 766 σῶμα
1496 697 1673 766 λέγειν
1715 699 1777 752 rb

188 792 486 859 στοιχεῖον,
525 790 560 860 ἢ
592 790 850 861 γεννητὸν
900 790 1060 861 μόνον
1099 791 1132 862 ἢ
1172 788 1413 859 φθαρτὸν
1435 788 1526 841 τὸν
1565 789 1776 860 ἄνθρω-

187 900 299 935 πον
324 883 358 952 ἢ
394 884 486 935 τὸν
536 882 663 952 βοῦν
693 883 727 953 ἢ
757 882 852 935 τὸν
902 882 1090 948 ῐππον,
1120 883 1260 936 ἀλλά
1290 883 1373 937 δεῖ
1424 882 1776 955 παραστῆσαι

184 974 291 1027 καὶ
347 974 409 1026 τὸ
456 974 667 1036 τούτοις
731 974 1125 1044 ὑποκείμενον,
1179 976 1315 1048 ὅπερ
1376 979 1629 1045 γεννᾶται
1684 976 1777 1029 καὶ

184 1062 479 1133 φθείρεται
527 1065 622 1115 καὶ
666 1063 990 1118 πεποίωται.
1058 1062 1228 1134 Σῶμα
1274 1064 1333 1118 δὲ
1376 1066 1411 1135 ἢ
1448 1066 1701 1135 γέννησις
1740 1064 1774 1132 ἦ

184 1152 395 1221 φθορὰ,
448 1150 702 1221 οὐδαμῶς
741 1152 1011 1222 ὑπάρχον,
1069 1153 1195 1205 ἐπεὶ
1223 1152 1377 1207 ἔσται
1423 1155 1565 1209 κατά
1618 1152 1776 1207 τοῦτο

182 1244 444 1311 ἀνάγκης
464 1242 775 1305 ἀκολουθία,
799 1241 921 1295 εἴτι
944 1241 1127 1312 σῶμα,
1161 1244 1258 1296 καὶ
1302 1248 1566 1314 στοιχεῖον
1612 1241 1772 1309 εἶναι,

184 1337 288 1388 καὶ
316 1336 444 1388 εἴτι
483 1334 742 1405 γεννητὸν
778 1335 813 1405 ἢ
851 1334 1117 1406 φθαρτὸν,
1152 1335 1186 1405 ἢ
1227 1336 1516 1407 ἄνθρωπος
1571 1334 1771 1407 εἶναιῆ

185 1427 328 1496 βοῦς
360 1428 393 1497 ἢ
420 1427 605 1490 ῐππος.
639 1429 716 1481 οὐ
750 1429 860 1497 γάρ
889 1428 944 1480 εί
971 1443 1023 1480 τι
1050 1428 1228 1497 σῶμα,
1255 1428 1471 1491 πάντως
1497 1427 1557 1492 ἐξ
1603 1429 1774 1493 ἀνάγ-

185 1534 299 1587 κης
327 1518 423 1571 καὶ
447 1520 716 1589 στοιχεῖον
743 1518 779 1589 ἢ
800 1518 1086 1588 ἄνθρωπος
1116 1519 1150 1589 ἢ
1199 1518 1326 1589 βοῦς
1351 1520 1385 1590 ἢ
1417 1520 1603 1581 ἵππος.
1640 1519 1706 1571 Et
1721 1535 1773 1572 τι

188 1613 299 1680 μὲν
336 1611 447 1683 γάρ
477 1613 761 1682 στοιχεῖον,
805 1612 1024 1674 πάντως
1078 1610 1138 1676 ἐξ
1165 1612 1414 1681 ἀνάγκης
1446 1610 1543 1665 καὶΙ
1593 1611 1770 1680 σῶμα,

182 1705 295 1757 οὐκ
321 1703 377 1757 εί
394 1721 447 1756 τι
472 1704 532 1758 δὲ
555 1704 736 1773 σῶμα,
761 1703 978 1767 πάντως
1004 1702 1065 1768 ἐξ
1083 1705 1331 1773 ἀνάγκης
1356 1703 1452 1756 καὶ
1490 1705 1769 1772 στοιχεῖον.

182 1794 333 1849 Οῦτε
372 1796 510 1848 εἴτι
569 1794 727 1865 σῶμα
772 1794 805 1866 ἦ
855 1794 1113 1865 γεννητὸν
1156 1795 1192 1864 ἢ
1243 1793 1500 1865 φθαρτὸν,
1555 1794 1773 1855 πάντως

1875 609 2084 678 jeclum
2113 609 2204 673 sit,
2254 608 2310 662 id
2339 618 2427 663 est
2468 608 2616 676 quod
2648 617 2946 677 generetur
2981 620 3038 661 et
3098 609 3358 672 intereat.
3388 622 3445 665 et

1877 698 2145 765 qualitate
2176 698 2436 752 allectum
2464 698 2537 752 sit
2567 708 2966 767 repraesentare
3013 709 3250 768 oportet.
3306 702 3447 753 (Zor~

1878 805 1983 858 pus
2004 805 2138 844 vero
2158 789 2587 860 haudquaquam
2621 790 2908 861 generatio
2958 799 3065 855 est,
3115 800 3213 844 aut
3274 791 3448 845 inter-

1878 881 2017 947 itus;
2044 882 2319 951 siquidem
2350 882 2478 937 inde
2506 883 2825 937 necessario
2848 894 3206 951 sequeretur,
3234 884 3281 937 si
3310 885 3445 953 quid

1876 990 2078 1043 corpus
2098 975 2192 1037 sit,
2221 974 2514 1044 ettiguram
2537 990 2680 1040 esse,
2711 985 2789 1036 et,
2810 975 2856 1028 si
2874 974 3009 1044 quid
3035 976 3351 1044 generaltile
3373 977 3447 1031 sit

1876 1068 1959 1119 vel
2007 1066 2307 1129 interibile.
2361 1074 2419 1120 et
2455 1066 2731 1120 hominem
2777 1082 2923 1132 esse,
2969 1068 3055 1121 vel
3106 1067 3301 1123 bovem
3357 1070 3443 1123 vel

1873 1168 2097 1223 equum.
2117 1156 2308 1225 Neque
2330 1155 2503 1221 enim,
2530 1154 2577 1209 si
2595 1155 2725 1223 quid
2745 1155 2947 1226 corpus
2963 1166 3069 1220 est,
3097 1160 3323 1213 omnino
3341 1177 3442 1214 ne-

1875 1263 2026 1302 cessa
2061 1250 2206 1303 rimn
2227 1257 2289 1303 ut
2307 1247 2479 1320 ﬁgura
2501 1248 2573 1302 sit
2591 1248 2677 1301 vel
2696 1249 2860 1303 homo
2891 1251 2978 1305 vel
3003 1251 3106 1307 bos
3124 1253 3212 1307 vel
3244 1270 3441 1323 equus.

1873 1339 2010 1393 Nam
2031 1339 2077 1393 si
2103 1339 2236 1409 quid
2262 1338 2460 1409 ﬁgura,
2495 1340 2811 1394 necessario
2839 1357 3069 1409 prorsus
3115 1344 3283 1398 etiam
3319 1360 3446 1399 cor-

1874 1447 1978 1501 pus
2000 1440 2106 1495 est,
2124 1446 2239 1486 non
2271 1446 2405 1486 vero
2434 1432 2481 1486 si
2513 1431 2648 1500 quid
2673 1447 2900 1502 corpus,
2927 1437 3246 1490 necessario
3273 1437 3440 1491 etiam

1875 1520 2068 1589 ﬁgura.
2107 1519 2297 1589 Neque
2320 1520 2366 1574 si
2404 1518 2541 1589 quid
2561 1535 2787 1589 corpus,
2835 1521 2921 1574 vel
2973 1523 3318 1591 generabile,
3347 1526 3438 1580 vel

1874 1608 2178 1671 interibile,
2238 1608 2557 1662 necessario
2596 1621 2828 1677 prorsus
2877 1608 3044 1662 etiam
3104 1610 3272 1664 homo
3324 1620 3441 1677 est,

1872 1699 2093 1768 quando
2124 1699 2199 1752 ita
2230 1699 2455 1769 quidem
2486 1700 2654 1754 etiam
2690 1700 2857 1754 homo
2913 1701 3141 1754 omnino
3192 1716 3445 1758 necessa-

1875 1790 1962 1845 rio
2022 1799 2172 1844 esset
2224 1790 2599 1859 quodcunque
2656 1803 2880 1858 corpus,
2926 1789 3013 1843 vel
3069 1790 3443 1860 quodcunque

188 1886 258 1949 ἐξ
323 1886 571 1955 ἀνάγκης
624 1856 721 1940 καὶ
1098 1923 1114 1949 ,
1178 1856 1309 1939 ἐπεὶ
1549 1900 1614 1953 γε
1678 1884 1769 1938 καὶ

1874 1883 2194 1954 generabile
2223 1856 2308 1938 est
2333 1884 2420 1938 vel
2455 1856 2772 1937 infleribile:
2802 1883 2937 1937 Nam
2990 1883 3036 1938 si
3068 1856 3203 1954 quid
3254 1856 3439 1949 homo,

184 1975 485 2045 ἄνθρωπος
542 1976 697 2030 ἐσται
757 1976 975 2041 πάντως
1031 1975 1092 2043 ἐξ
1149 1977 1396 2047 ἀνάγκης
1446 1979 1556 2032 πᾶν
1614 1976 1669 2028 ετ
1717 1992 1772 2028 τι

186 2069 380 2137 σῶμα,
441 2067 535 2120 καὶ
562 2068 670 2121 πᾶν
699 2067 753 2120 εί
788 2083 843 2120 τι
884 2065 1224 2138 γεννώμενον
1272 2068 1420 2122 ἐστιν
1468 2066 1502 2138 ἢ
1557 2066 1774 2136 φθειρό-

195 2174 389 2227 μενον.
451 2157 520 2210 Εἰ
568 2174 621 2210 τι
687 2156 786 2226 μὲν
856 2157 967 2229 γάρ
1025 2158 1350 2229 ἄνθρωπος,
1420 2159 1640 2220 πάντως
1712 2157 1770 2224 ἐξ

188 2249 446 2317 ἀνάγκης
487 2248 582 2302 καὶ
621 2247 782 2319 σῶμα
822 2250 918 2302 καὶ
957 2248 1300 2319 γεννώμενον
1333 2249 1429 2303 καὶ
1481 2248 1773 2321 φθειρόμε-

198 2357 321 2404 νον,
352 2340 453 2392 ούκ
481 2339 534 2392 εἷ
555 2355 609 2391 τι
636 2337 694 2391 δὲ
725 2338 887 2408 σῶμα
917 2337 1229 2409 ἢγεννητδν
1262 2338 1297 2408 ἢ
1333 2336 1595 2409 φθαρτὸν,
1638 2337 1771 2390 πάν-

182 2445 303 2493 τως
333 2428 391 2496 ἐξ
418 2427 664 2499 ἀνάγκης
722 2428 818 2482 καὶ
872 2425 1185 2499 ἄνθρωπος.
1235 2426 1375 2480 Οῦτε
1424 2426 1534 2497 γὰρ
1573 2426 1768 2478 ἕπεται

185 2521 435 2583 πάντως,
487 2520 611 2574 ἐπεὶ
656 2519 808 2573 ἔσται
858 2520 888 2573 ὸ
922 2519 1232 2589 ἄνθρωπος,
1283 2518 1344 2582 ἐξ
1391 2517 1635 2586 ἀνάγκης
1673 2514 1768 2568 καί⁵

187 2618 460 2683 στοιχεῖον
504 2613 598 2666 καὶ
648 2610 777 2683 βοῦς
818 2612 912 2666 καὶ
951 2612 1137 2674 ἵππος,
1191 2610 1287 2663 καὶ
1314 2611 1424 2662 πᾶν
1468 2608 1522 2662 εί
1548 2625 1601 2661 τι
1638 2605 1768 2660 ἄλλο

188 2704 507 2772 ὲνσώματον
537 2704 631 2757 καὶ
655 2702 995 2773 γεννώμενον
1023 2703 1120 2755 καὶ
1153 2700 1533 2771 φθειρόμενον.
1563 2698 1767 2767 Ούγάρ

189 2795 586 2867 κατηγορεῖται
642 2810 772 2847 ποτε
803 2795 871 2848 τά
930 2794 1134 2864 μερικά
1170 2792 1313 2846 κατά
1361 2792 1470 2845 τῶν
1508 2790 1763 2852 καθόλου,

187 2884 320 2936 οῦτε
344 2886 411 2937 τά
442 2884 557 2953 είδη
591 2882 703 2936 τῶν
744 2881 940 2949 γενῶν,
987 2880 1114 2934 οὕτε
1144 2881 1253 2934 τῶν
1297 2879 1662 2950 περιεχόντων
1698 2878 1766 2931 τά

192 2975 588 3046 περιεχόμενα,
651 2972 746 3027 καὶ
793 2972 880 3027 διὰ
930 2972 1087 3025 τοῦτο
1134 2971 1257 3024 οὐδὲ
1308 2970 1652 3038 ἀντιστρέφει
1695 2970 1765 3022 τά

190 3067 424 3123 καθόλου
453 3068 562 3130 τοῖς
590 3067 683 3119 ἐπὶ
712 3066 933 3137 μέρους,
965 3063 1086 3117 οὐδὲ
1131 3063 1197 3116 τὰ
1227 3062 1359 3133 γένη
1396 3064 1509 3125 τοῖς
1543 3062 1764 3136 είδεσινι

1873 1974 2190 2029 necessario
2206 1974 2447 2044 prorsus
2467 1975 2638 2028 etiam
2673 1988 2893 2043 corpus,
2929 1982 2987 2029 et
3010 1975 3321 2043 gener-abite
3346 2017 3360 2039 ,
3384 1984 3441 2029 ct

1874 2064 2176 2130 interibile,
2202 2079 2316 2119 non
2340 2078 2474 2119 vero
2500 2065 2547 2119 si
2570 2062 2704 2133 quid
2731 2079 2955 2133 corpus,
2982 2064 3071 2117 vel
3103 2066 3439 2135 generabilc,

1869 2156 1957 2211 vel
2016 2155 2321 2222 interibile,
2384 2155 2704 2210 necessario
2759 2170 2991 2225 prorsus
3038 2156 3209 2209 etiam
3253 2157 3439 2212 homo.

1870 2250 2061 2319 Neque
2107 2250 2255 2303 enim
2296 2248 2524 2304 omnino
2574 2246 2800 2316 quando
2867 2247 3032 2301 homo
3075 2257 3188 2311 est,
3250 2264 3444 2302 neces-

1869 2342 2018 2395 sario
2039 2341 2293 2410 sequitur
2327 2347 2391 2393 ut
2421 2348 2477 2393 et
2504 2340 2674 2410 ﬁgura
2706 2346 2763 2394 et
2796 2339 2898 2393 bos
2930 2348 2988 2394 et
3026 2354 3206 2407 equus
3250 2340 3343 2403 sit,
3384 2349 3443 2395 et

1868 2433 1915 2488 si
1938 2432 2087 2503 quod
2111 2431 2261 2485 aliud
2290 2446 2622 2501 corporeum
2645 2441 3040 2503 etgeneratum
3060 2441 3117 2486 et
3147 2432 3439 2487 interiens.

1868 2525 2161 2593 Nunquam
2186 2524 2331 2577 enim
2353 2523 2713 2593 particularia
2750 2522 3123 2592 praedicantur
3182 2523 3251 2577 de
3312 2523 3440 2576 uni-

1873 2615 2201 2677 versalibus,
2236 2629 2422 2684 neque
2461 2615 2675 2683 species
2694 2614 2764 2668 de
2783 2613 3102 2684 generibus,
3162 2628 3344 2684 neque
3369 2615 3440 2670 de

1877 2701 2291 2756 continentibus
2331 2708 2611 2760 contenta.
2672 2699 2910 2769 ideoque
2962 2715 3145 2770 neque
3189 2702 3440 2772 recipro-

1868 2803 2067 2847 cantur
2093 2792 2238 2847 inter
2266 2807 2326 2849 se
2351 2792 2682 2855 universalia
2739 2801 2798 2847 et
2849 2791 3225 2863 particularia,
3255 2810 3439 2865 neque

1868 2900 2069 2955 genera
2096 2883 2403 2954 etspecies,
2467 2899 2649 2953 neque
2695 2886 3011 2939 communia
3073 2895 3131 2938 et
3191 2887 3437 2957 peculia-

1878 2974 1984 3040 ria,
2010 2988 2192 3043 neque
2215 2972 2460 3042 denique
2491 2973 2837 3031 continentia
2894 2983 2952 3029 et
3014 2982 3298 3030 contenta.
3343 2975 3436 3031 Sic

1868 3067 2037 3138 igitur
2064 3063 2373 3121 secundum
2400 3063 2542 3121 hanc
2566 3066 2977 3136 explicationen
3024 3076 3083 3121 et
3126 3068 3194 3124 de
3219 3068 3358 3122 bove
3378 3078 3437 3123 et

188 3157 317 3210 οὐδὲ
341 3156 409 3209 τὰ
440 3157 595 3210 κοινά
626 3158 738 3219 τοῖς
794 3154 1104 3219 ίδιάζουσιν,
1139 3153 1261 3207 οὐδὲ
1292 3154 1480 3226 (189
1507 3171 1539 3207 a
1559 3154 1599 3223 ),
1637 3170 1759 3206 συνο

1867 3158 1936 3212 de
1961 3172 2108 3226 equo
2127 3165 2185 3210 et
2231 3155 2301 3210 de
2345 3156 2599 3224 quolibet
2651 3157 2761 3211 alio
2818 3157 3195 3212 statuendum.
3246 3159 3438 3227 itaque

190 3246 385 3300 ελόντα
437 3248 627 3315 φάναι,
672 3248 784 3308 τοῖς
840 3244 1247 3315 περιεχομένοις
1296 3245 1366 3298 τά
1412 3244 1760 3315 περιέχοντα.

192 3336 383 3400 οὔτως
409 3333 502 3391 οῦν
533 3336 673 3389 κατά
700 3335 793 3388 τὸν
815 3334 1147 3389 ἀποδοθέντα
1197 3334 1357 3401 λόγον
1392 3334 1489 3387 καὶ
1521 3336 1615 3387 ἐπὶ
1642 3333 1763 3403 βοὸς

192 3429 290 3482 καὶ
323 3429 494 3482 ἵππου
528 3427 621 3481 καὶ
644 3426 844 3489 παντὸς
873 3425 967 3479 τοῦ
996 3426 1042 3458 ³⁸
1070 3423 1249 3478 ὁτιοῦν
1284 3424 1473 3493 ἑτέρου
1502 3423 1758 3492 ληπτέον.

192 3521 258 3574 El
284 3520 463 3574 τοίνυν
486 3521 587 3572 οὐκ
618 3521 778 3589 ἀρκεῖ
817 3518 952 3588 πρὸς
1003 3517 1213 3581 τελείαν
1242 3517 1443 3585 γνῶσιν
1485 3515 1593 3571 τῶν
1623 3532 1766 3586 πρα-

191 3614 422 3683 γμάτων
479 3612 541 3664 rb
599 3610 799 3680 πλῆθος
842 3610 953 3663 τῶν
999 3610 1127 3679 περὶ
1168 3609 1308 3662 αύτά
1373 3607 1763 3680 θεωρουμένων

192 3706 395 3769 εἰπεῖν,
446 3703 590 3772 λέγω
644 3702 710 3773 δὴ
764 3700 827 3755 rb
887 3700 1047 3769 σῶμα
1091 3703 1182 3753 καὶ
1224 3700 1285 3753 rb
1322 3698 1613 3767 γεννᾶσθαι
1668 3699 1764 3751 καὶ

193 3794 542 3867 φθείρεσθαι,
589 3792 685 3846 καὶ
737 3792 841 3845 ὃσα
887 3789 1110 3844 τοιαῦτα
1157 3789 1288 3861 περὶ
1324 3790 1383 3843 τὸ
1407 3788 1765 3859 ὑποκείμενον

192 3892 364 3953 ἐστιν,
400 3887 533 3941 ἀλλά
571 3887 654 3940 δεῖ
682 3885 901 3947 πάντως
927 3886 1024 3938 καὶ
1054 3884 1116 3937 rb
1148 3882 1507 3951 ὑποκείμενον
1530 3881 1763 3946 τούτοις,

192 3977 447 4048 θεμελίου
466 3978 668 4047 τρόπον
700 3976 783 4045 ἐφ’
819 3969 863 4043 ᾧ
886 3973 1059 4028 ταῦτα
1098 3975 1318 4044 βέὁηκε,
1357 3973 1409 4027 τί
1433 3975 1579 4026 ἐστιν
1599 3973 1766 4027 ἐνδεί-

197 4067 412 4130 ξασθαι,
444 4067 492 4119 εί
527 4066 816 4137 μέλλοιμεν
853 4064 1077 4126 τελείως
1114 4064 1212 4117 καὶ
1253 4062 1674 4133 ἀπαραλείπτως
1704 4063 1765 4117 rb

194 4157 485 4228 νοούμενον
553 4154 906 4226 παριστάναι.
968 4155 1037 4207 Ἢ
1086 4154 1196 4223 γάρ
1242 4153 1528 4224 ἄνθρωπον
1571 4157 1766 4227 ἔχομεν

193 4251 371 4303 εἰπεῖν
417 4248 450 4318 ῆ
487 4246 614 4317 βοῦν
664 4247 699 4318 ἢ
738 4247 925 4312 ἵππον,
954 4244 1128 4301 ταῦτα
1163 4246 1227 4317 δὴ
1257 4247 1326 4300 τὰ
1367 4247 1443 4318 μὴ
1479 4248 1607 4302 ὅντα
1637 4251 1766 4303 αὐτὸ

194 4340 356 4393 τοῦτο
383 4339 562 4409 σῶμα,
590 4339 706 4393 ἀλλ’
731 4339 1042 4409 ὲνσώματα,
1074 4337 1171 4391 καὶ
1195 4338 1271 4409 μὴ
1298 4339 1429 4393 ὄντα
1458 4341 1590 4393 αὐτὸ
1610 4340 1766 4394 τοῦτο

202 4432 486 4501 γεννήσεις
512 4432 605 4483 καὶ
648 4430 878 4499 φθορὰς,
908 4429 1044 4483 ἀλλὰ
1072 4428 1387 4499 γεννώμενα
1425 4431 1518 4482 καὶ
1549 4430 1766 4502 φθειρό-

198 4539 360 4593 μενα,
397 4522 470 4585 ὼς
503 4518 640 4574 εἶναι
667 4520 863 4584 ταῦτα,
890 4519 1051 4589 σῶμά
1072 4536 1213 4588 φημι
1252 4521 1349 4573 καὶ
1394 4521 1648 4591 γέννησιν
1672 4528 1766 4579 καὶ

1866 3264 1977 3303 non
2004 3247 2207 3304 sullicit
2225 3247 2295 3302 ad
2333 3248 2552 3318 plenam
2607 3263 2796 3302 rerum
2833 3249 3204 3319 cognitionem
3239 3265 3437 3306 eorum

1866 3356 1990 3410 quae
2016 3341 2166 3395 circa
2197 3355 2294 3395 eas
2326 3350 2649 3410 spectantur
2695 3340 2853 3409 plura
2905 3354 3257 3405 enumerare,
3310 3356 3436 3396 cor-

1863 3447 1986 3501 pus,
2024 3432 2271 3501 inquam,
2326 3439 2384 3486 et
2416 3430 2564 3501 quod
2612 3439 2908 3501 generetur
2968 3439 3023 3486 et
3078 3432 3335 3498 intereat,
3380 3440 3437 3487 et

1869 3538 2217 3592 quaecunque
2249 3522 2304 3576 id
2330 3537 2505 3592 genus
2558 3522 2871 3592 subjectum
2925 3521 3285 3587 comitantur,
3335 3522 3436 3578 sed

1866 3612 2014 3681 quod
2045 3612 2134 3667 his
2156 3612 2466 3683 subjectum
2496 3621 2601 3677 est,
2635 3621 2697 3666 ut
2752 3612 3175 3667 fundamentum
3224 3613 3281 3667 in
3326 3630 3436 3681 quo

1869 3704 1959 3757 illa
1988 3710 2156 3767 stant,
2183 3702 2417 3757 omnino
2446 3704 2616 3758 etiam
2633 3703 2769 3773 quid
2800 3702 2876 3758 sit
2911 3704 3437 3773 demonstrariopus

1866 3803 1973 3859 est,
1999 3794 2045 3849 si
2068 3792 2316 3863 perfecte
2339 3802 2397 3849 et
2437 3794 2601 3864 plene
2637 3793 2772 3863 quid
2810 3795 3083 3865 cogitetur
3134 3810 3438 3864 repnnscn-

1866 3896 1985 3940 tare
2012 3884 2376 3940 voluerimus.
2406 3884 2516 3939 Aut
2535 3885 2683 3939 enim
2729 3884 3014 3939 hominem
3048 3884 3320 3939 habemus
3345 3884 3435 3938 di-

1865 3992 1996 4032 cere
2030 3985 2127 4031 aut
2148 3978 2345 4032 bovem
2374 3984 2471 4030 aut
2491 3990 2697 4044 equum
2734 3975 2974 4045 hmcjam
3001 3990 3125 4045 qua:
3158 3990 3269 4029 non
3306 3983 3438 4028 sunt

1865 4069 2047 4139 ipsum
2070 4070 2175 4123 hoc
2203 4082 2423 4138 corpus,
2454 4068 2552 4122 sed
2578 4067 2908 4137 corporalia,
2939 4075 2996 4121 et
3024 4083 3146 4137 quae
3175 4082 3286 4123 non
3308 4076 3439 4121 sunt

1867 4162 1972 4214 hoc
1995 4160 2178 4229 ipsum
2206 4157 2594 4228 generationes
2611 4165 2668 4212 et
2689 4157 3077 4221 interitus,scd
3107 4167 3367 4227 generata
3381 4167 3439 4212 ct

1868 4249 2231 4313 intereuntia,
2261 4248 2401 4303 adeo
2431 4257 2493 4303 ut
2526 4249 2663 4312 haec,
2692 4263 2919 4318 corpus,
2955 4248 3206 4318 inquam,
3239 4256 3296 4303 et
3346 4266 3440 4318 ge-

1866 4341 2082 4397 neratio
2099 4348 2157 4394 et
2192 4341 2471 4402 interitus,
2492 4339 2783 4394 manifesto
2798 4340 3058 4394 animalia
3078 4340 3434 4405 comitentur,

1869 4435 1965 4489 sed
1991 4448 2102 4487 non
2154 4432 2415 4487 animalia
2465 4431 2581 4501 ipsa
2618 4433 2891 4486 exsistant
2931 4433 3072 4497 haec,
3106 4447 3326 4503 corpus,
3355 4433 3438 4487 in-

1878 4540 2063 4595 quam,
2098 4532 2154 4578 et
2174 4523 2458 4593 generatio
2490 4532 2547 4577 et
2583 4524 2862 4579 interitus.

199 4611 433 4683 φθοράν,
464 4609 666 4681 δηλαδὴ
697 4609 825 4680 περὶ
861 4608 930 4661 τὰ
965 4607 1101 4672 ζῶα,
1166 4608 1284 4661 ἀλλ’
1343 4609 1405 4662 οὐ
1438 4611 1505 4663 τὰ
1530 4610 1645 4675 ζῶα
1674 4614 1845 4668 ταῦτα
1879 4614 2162 4682 ὑπάρχειν,
2197 4612 2355 4681 σῶμα
2385 4611 2527 4679 λέγω
2555 4613 2649 4665 καὶ
2677 4613 2931 4682 γέννησιν
2960 4614 3054 4667 καὶ
3076 4613 3303 4685 φθοράν.

270 4706 334 4758 El
390 4702 570 4757 τοίνυν
602 4701 755 4754 οὐδὲν
787 4700 849 4754 rb
880 4700 1102 4754 σύνολον
1129 4701 1240 4753 τῶν
1270 4701 1438 4755 ὅντων
1481 4703 1598 4756 ἐστὶ
1642 4706 1762 4759 κατ’

1942 4704 2131 4773 Itaque
2165 4702 2210 4756 si
2238 4702 2376 4756 nihil
2398 4703 2466 4758 de
2490 4704 2655 4757 rebus
2676 4704 2904 4758 omnino
2923 4704 3230 4760 secundum
3263 4705 3437 4773 ipsam

194 4794 332 4847 αὐτὸ
359 4794 421 4846 rb
441 4788 580 4845 εἶναι
606 4792 743 4863 ὅπερ
772 4791 887 4844 ἐστὶ
914 4792 1007 4845 καὶ
1035 4792 1250 4861 λέγεται
1275 4793 1336 4846 rb
1359 4793 1632 4866 ἄθροισμα
1656 4797 1764 4850 τῶν

194 4888 332 4957 ἡμῖν
361 4885 490 4956 περὶ
542 4884 674 4938 αὐτὸ
711 4883 1016 4953 νοουμένων
1054 4901 1115 4938 τε
1144 4886 1239 4939 καὶ
1278 4885 1604 4957 λεγομένων,
1648 4888 1764 4943 ἀλλ’

193 4976 382 5047 ἕτερον
406 4992 460 5029 τι
510 4975 665 5047 παρά
704 4973 899 5040 ταῦτα,
942 4976 1006 5029 rb
1030 4977 1208 5049 περἰὃ
1242 4977 1413 5032 ταῦτά
1450 4980 1588 5043 ἐστι,
1643 4996 1766 5032 συν-

192 5068 415 5121 εκτικδν
440 5068 541 5136 μὲν
565 5066 793 5133 τούτων,
820 5067 951 5121 αὐτὸ
976 5067 1033 5121 δὲ
1061 5068 1267 5132 τούτοις
1290 5069 1541 5139 οὐδαμῶς
1557 5072 1765 5141 συνεχόσ

194 5172 357 5223 μενον
400 5154 561 5226 (οὐδὲ
614 5156 721 5226 γάρ
751 5155 899 5209 ἐστιν
925 5158 990 5210 ὲκ
1043 5161 1268 5222 τούτων,
1302 5157 1335 5228 ἢ
1376 5154 1571 5222 ταῦτα,
1614 5159 1649 5230 ἦ
1705 5176 1756 5211 τι

192 5248 422 5312 τούτων,
457 5248 490 5318 ἦ
516 5247 579 5301 εκ
612 5265 793 5313 τινων,
824 5250 859 5320 ἡ
880 5265 1024 5313 τινος
1051 5250 1253 5313 αὐτῶν,
1287 5249 1321 5319 ἢ
1361 5250 1428 5304 ἐν
1476 5249 1698 5314 τούτοις.
1726 5253 1759 5321 ἡ

192 5356 359 5403 τισιν,
395 5340 429 5410 ἢ
458 5356 565 5394 τινι
592 5339 820 5406 τούτων,
849 5340 910 5394 τὸ
934 5342 1063 5412 περὶ
1112 5340 1142 5395 ὃ
1187 5340 1359 5395 ταῦτα
1403 5341 1496 5396 καὶ
1522 5342 1636 5396 ἔστι
1666 5343 1761 5397 καὶ

194 5428 474 5498 λέγεται),
532 5430 832 5484 παυσάσθω
885 5433 1037 5485 πᾶσα
1084 5429 1231 5502 ψυχὴ
1273 5433 1434 5485 παντὶ
1475 5432 1618 5503 λόγῳ
1654 5433 1761 5485 τῶν

195 5522 326 5591 περὶ
354 5522 488 5576 Θεοῦ
513 5522 758 5593 θρασέως
789 5524 1062 5596 ὲπιπηδᾷν
1092 5524 1372 5594 είθισμένη
1394 5522 1486 5577 τοῦ
1511 5523 1761 5593 διακενῆς

1868 4793 2343 4859 exsistentiam,id
2365 4802 2452 4848 est
2480 4793 2630 4861 quod
2661 4808 2855 4847 eorum
2876 4810 2997 4863 qua:
3022 4810 3053 4849 a
3080 4794 3245 4848 nobis
3270 4794 3339 4849 de
3370 4810 3438 4849 eo

1871 4885 2187 4956 cogitantur
2247 4892 2305 4938 et
2324 4882 2588 4938 dicuntur
2614 4884 2973 4954 congregatio
3010 4892 3069 4939 et
3110 4894 3195 4939 est
3216 4894 3275 4939 et
3298 4885 3438 4939 dici—

1872 4986 1984 5041 tur,
2014 4976 2111 5031 sed
2142 4975 2291 5030 aliud
2325 4974 2458 5045 quid
2486 4975 2558 5029 ab
2602 4975 2691 5031 bis
2730 4976 3038 5041 diversum,
3090 4977 3146 5031 id
3176 4978 3438 5033 videlicet

1867 5068 2017 5137 quod
2048 5067 2138 5121 illa
2165 5065 2529 5129 comitantur,
2562 5081 2628 5120 ea
2672 5081 3011 5123 conservans
3040 5084 3105 5123 ac
3145 5071 3437 5126 continens

1868 5160 2112 5230 quidem.
2144 5160 2321 5227 ipsum
2344 5172 2480 5212 vero
2508 5157 2595 5213 his
2616 5173 2963 5229 nequaquam
2986 5169 3311 5216 contentum
3340 5171 3438 5215 aut

1870 5260 2259 5307 conservatum
2292 5248 2370 5321 (id
2408 5250 2559 5304 enim
2592 5250 2740 5304 circa
2769 5251 2917 5320 quod
2971 5252 3087 5306 ham
3114 5260 3172 5306 et
3221 5260 3352 5307 sunt
3380 5260 3438 5307 et

1870 5344 2135 5398 dicuntur
2163 5358 2272 5396 non
2294 5352 2380 5397 est
2414 5358 2481 5399 ex
2506 5343 2615 5407 his,
2647 5359 2826 5414 neque
2849 5344 2986 5408 haec,
3012 5359 3192 5414 neque
3226 5344 3437 5416 aliquid

1876 5436 2099 5497 horum,
2124 5450 2302 5503 neque
2335 5450 2401 5489 ex
2432 5435 2733 5505 aliquibus,
2755 5451 2934 5504 neque
2953 5435 3188 5505 alicujus
3219 5452 3432 5501 eorum,

1872 5542 2053 5597 neque
2086 5527 2140 5580 in
2175 5526 2283 5590 his,
2314 5534 2411 5581 aut
2436 5527 2734 5598 aliquibus,
2785 5534 2881 5581 aut
2944 5527 3131 5597 aliquo
3187 5528 3432 5595 horum),

193 5612 437 5679 ἀσεϐεῖν,
488 5616 582 5667 καὶ
638 5614 698 5668 ἐν
744 5617 857 5678 τοῖς
900 5618 1116 5689 μικροῖς
1163 5614 1409 5687 μαθοῦσα
1432 5613 1532 5685 τὴν
1556 5614 1763 5667 οίκείαν

1867 5616 2084 5671 desinat
2106 5631 2241 5671 vane
2270 5627 2326 5672 et
2358 5617 2524 5688 impie
2558 5633 2720 5690 agere
2749 5619 2931 5676 omnis
2977 5619 3161 5674 anima
3198 5619 3431 5676 cuilibet

1453 5732 1684 5790 mum:
1742 5732 2138 5811 LECTIONES.

260 5800 309 5836 ³⁵
336 5802 585 5860 Fortasse
614 5824 727 5860 του.

521 5901 766 5958 ΡΑτιωι
834 5898 951 5957 (in.
984 5898 1129 5957 XCI.

3040 5902 3118 5959 39
