4192 6434
726 366 860 430 1227

1888 365 1948 423 S.
1989 358 2277 421 MAXIMI
2316 356 2828 417 CONFESSORIS

3832 356 3967 419 1333

720 486 816 531 Ι)ιεὶ
846 492 1034 531 rerum
1078 476 1277 531 rationi
1326 476 1591 529 insultare
1625 476 1938 545 petulanter
1986 474 2171 537 solita,
2223 487 2289 523 ae

2403 470 2700 533 ἰσθένειαν,
2727 471 2823 521 καὶ
2853 470 2979 537 σιγῇ
3016 467 3137 519 σεεέ
3151 466 3260 519 σθω
3306 467 3468 535 μόνον
3495 470 3595 537 τὴν
3624 469 3866 537 segete,
3903 488 3963 522 τε

720 569 806 620 vel
829 568 884 621 in
926 569 1111 637 parvis
1139 569 1418 637 propriam
1452 568 1857 619 animadvertat
1881 566 2286 623 inﬁrmitatem,

720 671 777 712 et
806 662 970 714 tacite
1002 671 1323 715 revereatur
1348 661 1686 715 ineﬂ‘abilem
1726 662 1906 714 solum
1940 660 2202 727 omnique
2232 668 2290 711 et

723 751 1060 821 cogitatione
1081 760 1138 805 et
1159 752 1475 821 cognitione
1507 751 1847 821 superiorem
1874 751 2075 803 divin:
2100 764 2291 803 essen-

725 844 815 896 tiae
853 843 1165 896 veritatem.
1201 843 1315 897 Nec
1363 843 1479 911 ipsa
1540 841 1714 904 enim,
1777 851 1837 894 ut
1889 839 2290 894 anteandocuit

722 944 982 997 sanctus,
1032 954 1050 985 ι
1072 936 1344 988 Accurata
1365 936 1449 987 vel
1477 935 1761 1003 paululum
1798 934 2132 988 conditionis
2168 948 2292 1001 per-

724 1024 910 1092 ceptio
937 1043 956 1073 ι
995 1024 1300 1078 secundum
1332 1039 1518 1076 veram
1553 1024 1825 1078 rationem
1868 1040 1899 1077 a
1942 1035 2130 1077 nostra
2192 1038 2291 1077 co-

723 1116 974 1180 gnitione
1002 1115 1516 1184 comprehenditur,
1574 1125 1633 1169 ut
1672 1130 1775 1185 ego
1821 1130 2043 1183 quoque
2093 1114 2292 1182 paulu-

721 1208 837 1259 lum
875 1221 1131 1261 sermone
1180 1207 1527 1268 immorarcr,
1567 1215 1732 1276 atque
1762 1221 2035 1260 summam
2077 1214 2135 1257 et
2182 1219 2291 1257 non

724 1300 1105 1369 vestigabiiem
1134 1300 1462 1368 sapientiam
1483 1298 1808 1352 admirarer.
1835 1296 1971 1363 Quis
1996 1297 2144 1351 enim
2190 1298 2293 1350 ho-

726 1392 936 1444 minum
963 1391 1319 1460 quantumvis
1340 1391 1690 1444 eruditorum
1730 1390 2097 1443 rationalibus
2119 1388 2296 1443 fretus

724 1484 1114 1538 instrumentis
1142 1492 1202 1536 et
1226 1482 1575 1536 documentis
1597 1494 1719 1549 qua:
1744 1496 1854 1533 non
1883 1490 2013 1534 sunt
2056 1478 2297 1533 confisus

721 1590 917 1628 eorum
973 1590 1097 1643 qua:
1152 1582 1282 1627 sunt
1332 1575 1675 1643 maiestatem
1738 1573 1955 1626 ratione
2005 1586 2296 1641 aggressus

723 1678 1079 1731 cognoscere,
1102 1677 1365 1716 enarrare
1386 1671 1551 1731 atque
1600 1664 1837 1732 probare
1871 1664 2117 1731 poterit?
2140 1664 2297 1728 Qua:-

728 1770 853 1807 nam
872 1753 1084 1807 suntde
1107 1753 1427 1807 essistentia
1446 1754 1647 1822 cuique
1664 1769 1856 1808 eorum
1879 1770 2001 1823 quae
2022 1754 2295 1808 exsistunt

2391 564 2486 614 καὶ
2511 562 2656 629 ὑπὲρ
2682 561 2873 629 νόησιν
2918 560 3014 612 καὶ
3054 561 3236 628 πάσης
3278 561 3537 612 ἐπέκεινα
3580 562 3837 627 γνώσεως
3872 563 3968 628 τῆς

2391 653 2543 713 θείας
2568 652 2758 713 οὐσίας
2795 650 3078 719 όντότητα.
3109 668 3127 699 ι
3176 650 3310 701 Οέρδὲ
3352 651 3495 720 αὑτὴ
3544 651 3654 718 γάρ
3701 653 3845 701 κατά
3878 670 3968 719 μισ

2393 744 2548 814 κρὶιν,
2580 744 2657 804 ὡς
2694 740 2988 812 προλαϐὼν
3011 740 3252 803 ἐδίδαξεν
3274 742 3302 791 ό
3332 741 3507 806 ἴιγιος,
3551 742 3583 808 ἠ
3610 740 3710 806 τῆς
3741 743 3973 801 κτίσεως

2392 835 2628 905 ἀκρισὴς
2651 835 2982 904 κατανόησις
3003 835 3081 903 (l)
3116 853 3135 884 ι
3172 835 3315 887 κατά
3344 834 3436 885 τὸν
3465 835 3643 902 άληθῆ
3681 835 3841 901 λόγον
3870 835 3977 885 ὑπὸ

2390 929 2491 997 τῆς
2520 927 2680 997 ἡμῶν
2720 927 3038 997 περιέχεται
3070 926 3349 992 γνώσεως,
3377 926 3462 977 ἴνα
3492 926 3687 993 κάγὼ(
3715 926 3885 996 189
3916 927 3968 985 ι)

2397 1020 2593 1089 μικρὸν
2643 1036 2695 1071 τι
2732 1017 3141 1087 προσδιατριψω
3178 1014 3259 1085 τῷ
3307 1016 3472 1085 λόγῳ.
3525 1016 3623 1067 καὶ
3672 1019 3777 1083 τῆς
3831 1015 3976 1080 ὑπὲρ

2394 1114 2574 1165 πάντα
2608 1111 2805 1179 σοφίας
2836 1110 3109 1177 θαυμάσω
3138 1110 3199 1161 τὸ
3246 1109 3675 1177 ἀνεξιχνίαστον.
3717 1108 3816 1169 τίς
3868 1108 3978 1173 γάρ

2395 1206 2505 1256 τῶν
2538 1204 2680 1270 ἄγαν
2702 1203 2884 1270 σοφῶν
2912 1204 3031 1263 ταῖς
3060 1202 3309 1267 iii-riui;
3334 1200 3609 1253 πιστεύων
3638 1200 3853 1267 ἐφόδοις
3884 1198 3980 1251 καὶ

2394 1290 2515 1355 ταῖς
2543 1295 2645 1346 οὐκ
2674 1292 2865 1355 οὔσαις
2898 1292 3119 1361 θαρῤὦν
3162 1292 3475 1358 ἀποδείξεσι
3519 1293 3661 1361 μετά
3689 1292 3851 1357 λόγου
3882 1292 3982 1358 τὴν

2396 1386 2506 1437 τῶν
2535 1385 2707 1437 ὅντων
2737 1384 2985 1437 ἐπελθὼν
3016 1383 3414 1453 μεγαλειότητα
3430 1385 3723 1453 δυνήσεται
3748 1382 3980 1449 γνῶναι,

2395 1479 2571 1528 εἰπεῖν
2617 1491 2680 1529 τε
2720 1478 2815 1530 καὶ
2854 1477 3255 1546 παραστῆσαις
3308 1476 3469 1538 Τίνες
3516 1478 3566 1527 οἱ
3614 1477 3834 1544 ἑκάστῳ
3873 1474 3984 1526 τῶν

2396 1569 2569 1620 όντων
2603 1572 2669 1638 τῇ
2702 1568 2937 1639 ὑπάρξει
2974 1568 3209 1639 πρώτως
3248 1566 3760 1633 ἐγκαταϐληθὲντες
3806 1566 3981 1631 λόγοι,

2398 1662 2522 1713 καθ’
2552 1660 2647 1722 οὓς
2675 1662 2772 1715 καὶ
2797 1662 2915 1713 ἐστι
2945 1662 3038 1713 καὶ
3088 1662 3300 1728 πέφυκε
3350 1659 3462 1712 τῶν
3504 1660 3673 1711 ὅντων
3721 1660 3979 1715 ἕκαστον.

2398 1756 2494 1807 καὶ
2518 1754 2944 1822 είδοπεποίηται,
2980 1754 3075 1805 καὶ
3112 1753 3536 1823 ἐσχημάτισται,
3578 1753 3673 1805 καὶ
3706 1752 3985 1803 uenﬁca-

725 1840 795 1893 ιιι)
828 1841 989 1894 initio
1012 1842 1235 1895 inserte
1270 1842 1516 1896 rationes
1542 1852 1709 1912 atque
1735 1844 2055 1921 implicata,
2098 1858 2295 1897 secun—

2403 1864 2508 1909 ται,
2550 1850 2647 1900 καί
2686 1849 2937 1908 δύναται,
2972 1846 3067 1898 καὶ
3114 1848 3350 1914 ἐνεργεῖ,
3385 1846 3483 1898 καὶ
3507 1846 3729 1913 πάσχει.
3766 1845 3855 1895 ἵνα
3910 1844 3988 1911 μὴ

725 1931 855 1985 dum
888 1947 1028 2001 quas
1066 1932 1500 2003 unumquodque
1530 1943 1588 1987 et
1622 1944 1709 1988 est
1732 1945 1791 1989 et
1821 1944 2074 1989 naturam
2108 1934 2292 1998 habet,

724 2034 782 2077 et
810 2024 1043 2078 formam
1067 2032 1123 2077 et
1150 2025 1395 2093 speciem
1424 2033 1647 2078 nactum
1705 2035 1811 2087 est,
1840 2036 1897 2079 et
1928 2029 2294 2095 compositum

723 2123 831 2178 est,
866 2124 923 2168 et
957 2115 1122 2175 valet,
1139 2123 1196 2169 et
1225 2116 1358 2184 agit,
1391 2124 1448 2168 et
1474 2116 1707 2184 patitur,
1761 2132 1829 2170 ne
1868 2131 2296 2172 commemorem

731 2206 1059 2274 quantitatis
1100 2214 1157 2258 et
1200 2206 1487 2275 qualitatis
1534 2217 1591 2260 et
1649 2207 1958 2262 affectionis
1990 2218 2047 2262 et
2083 2209 2188 2262 loci
2240 2219 2297 2263 et

728 2296 995 2365 temporis
1023 2304 1081 2348 et
1107 2295 1403 2363 positionis
1431 2305 1489 2350 et
1532 2296 1796 2351 motionis
1824 2308 1881 2351 et
1914 2298 2137 2352 habitus
2188 2298 2297 2351 dif—

726 2385 1021 2440 ferentiam
1048 2402 1113 2439 ac
1142 2386 1558 2455 proprietatem,
1590 2386 1659 2440 ad
1700 2403 1822 2457 qua:
1850 2398 1906 2442 et
1935 2399 2120 2444 nostra
2151 2390 2300 2444 laute

725 2488 891 2547 atque
915 2476 1206 2546 magnifice
1230 2477 1517 2532 rationalis
1547 2477 1780 2533 facultas
1808 2495 1875 2533 ex
1909 2480 2029 2549 pari
2063 2496 2299 2533 numero

727 2569 1062 2622 diffunditur
1089 2568 1146 2622 in
1209 2578 1471 2635 mentem,
1502 2579 1557 2623 et
1587 2570 2000 2640 cogitationem,
2030 2582 2085 2626 et
2139 2573 2299 2625 intel-

731 2660 961 2720 lectum,
1021 2669 1077 2712 et
1106 2660 1461 2723 sententiam,
1500 2670 1557 2715 et
1606 2662 2030 2731 reputationcm,
2070 2671 2126 2717 et
2179 2680 2297 2717 ser-

727 2767 947 2809 monem
981 2751 1035 2805 in
1073 2756 1270 2819 mente!
1297 2761 1649 2821 conceptum,
1684 2754 1865 2822 ,inque
1924 2756 2195 2824 prolatum
2244 2764 2300 2809 et

728 2851 1019 2897 sonantem
1047 2857 1381 2907 sermonem,
1417 2844 1520 2898 hoc
1545 2854 1630 2898 est
1658 2860 1849 2900 vocem
1893 2856 1948 2899 et
1980 2847 2296 2909 clamorem,

727 2941 787 2986 et
817 2948 1008 2987 rursus
1040 2934 1403 3002 recolligitur,
1444 2943 1506 2986 ut
1534 2936 1591 2988 in
1621 2946 1832 3004 quanto
1859 2945 1917 2990 et
1952 2938 2099 3005 quali
2130 2948 2185 2990 ct
2216 2954 2300 2991 re-

730 3024 920 3095 liquis,
963 3024 1428 3094 quemadmodum
1462 3028 1866 3088 recensuimus,
1900 3027 2063 3097 hujus
2090 3029 2299 3099 alisque

729 3132 795 3171 ea
825 3132 988 3185 quam
1021 3115 1275 3170 doctrina
1302 3128 1360 3171 et
1389 3133 1478 3171 ars
1498 3120 1655 3171 novit
1699 3118 1862 3189 hujus
1901 3118 2215 3173 differentia
2244 3128 2301 3173 et

732 3207 1107 3277 proprietate?
1126 3206 1357 3273 Quisest
1387 3209 1480 3278 qui
1507 3210 1654 3262 norit
1673 3225 1866 3263 eorum
1885 3226 2006 3279 qua:
2030 3212 2303 3265 exsistunt

736 3298 981 3352 rationes
1014 3306 1076 3351 ut
1121 3299 1290 3351 etiam
1326 3301 1619 3363 exsistunt,
1672 3300 2135 3369 quemadmodum
2166 3302 2301 3366 disi,

731 3397 789 3442 et
816 3388 1123 3452 distant,et
1157 3390 1497 3445 immobilem
1530 3391 1598 3445 de
1630 3401 1828 3445 natura
1858 3401 2064 3446 statum
2096 3394 2304 3449 habent

734 3488 792 3535 et
828 3480 1129 3534 motionem
1162 3481 1399 3535 invicem
1422 3498 1543 3537 sese
1584 3500 1694 3537 non
1741 3486 2050 3550 turbantes,
2085 3487 2215 3540 dum
2248 3490 2302 3541 in

735 3575 979 3629 motione
996 3583 1221 3638 statum,
1249 3586 1306 3629 et
1330 3577 1384 3629 in
1415 3586 1584 3639 statu,
1616 3579 1763 3647 quod
1801 3580 2036 3633 maxime
2061 3581 2301 3645 mireris,

735 3668 1039 3722 motionem
1070 3667 1308 3722 habent?
1335 3669 1612 3737 quodnam
1633 3671 2039 3725 contrariorum
2082 3672 2227 3726 inter
2247 3688 2306 3727 se

738 3761 794 3814 in
825 3760 991 3813 unius
1025 3760 1214 3813 mundi
1261 3762 1711 3816 constitutionem
1768 3764 1839 3816 sit
1897 3764 2200 3829 vinculum,
2251 3773 2308 3819 et

736 3851 976 3907 ordinati
1015 3861 1073 3905 et
1130 3851 1401 3907 inconfusi
1462 3861 1646 3909 motus
1698 3863 1754 3909 et
1811 3854 2307 3911 administrationis

738 3942 980 3997 modus?
1005 3943 1101 4011 qui
1133 3959 1349 3996 rursum
1374 3945 1431 3997 in
1471 3945 1801 4013 corporibus
1852 3946 2059 3999 nostris
2086 3958 2306 4001 contra-

738 4035 948 4089 riorum
975 4035 1282 4089 secundum
1314 4037 1730 4106 permistionem
1760 4039 2086 4107 compositio
2142 4040 2215 4092 sit
2244 4055 2309 4093 ac

737 4140 935 4188 nexus,
965 4142 1076 4195 quo
1105 4142 1229 4195 quae
1274 4126 1603 4180 naturaliter
1657 4126 1867 4181 distant
1928 4129 1981 4181 in
2039 4129 2308 4184 familiare

737 4216 1162 4270 contubernium
1188 4228 1483 4287 coguntur,
1516 4218 1723 4287 quique
1779 4219 2070 4274 medietate
2122 4232 2310 4275 extre-

737 4307 990 4360 mitatum
1015 4308 1400 4362 austeritatem
1426 4309 1660 4379 mitigat,
1695 4324 1900 4378 perque
1960 4326 2019 4364 se
2070 4312 2306 4366 invicem

738 4410 922 4450 meare
951 4395 1071 4450 sine
1102 4412 1244 4449 noxa
1274 4397 1518 4458 instruit,
1567 4405 1626 4452 et
1677 4397 1819 4452 hanc
1872 4399 2307 4468 compositorum

2399 1939 2543 2005 λέγω
2571 1940 2672 2007 τὴν
2702 1940 2761 1991 ἐν
2790 1938 2869 2006 τῷ
2904 1937 3058 2006 ποσῷ
3082 1954 3141 1989 τε
3170 1938 3261 1989 καὶ
3302 1937 3379 2005 τῷ
3430 1937 3590 2004 ποιῷ,
3615 1939 3711 1989 καὶ
3746 1938 3815 2004 τῇ
3858 1940 3987 2002 σχει-

2404 2046 2505 2095 σει,
2538 2032 2634 2082 καὶ
2677 2029 2757 2099 τῷ
2802 2029 2975 2098 τόπῳ,
3007 2029 3102 2080 καὶ
3130 2028 3210 2097 τῷ
3239 2028 3437 2098 χρόνῳ,
3482 2028 3579 2080 καὶ
3604 2030 3670 2095 τῇ
3707 2028 3880 2088 θέσει,
3918 2032 3985 2095 τῇ

2401 2137 2462 2173 τε
2489 2122 2702 2189 κινήσει
2727 2122 2822 2173 καὶ
2850 2121 2981 2185 ἕξει,
3024 2121 3294 2189 διαφορὰν
3317 2123 3413 2173 καὶ
3470 2121 3735 2189 ἰδιότητα,
3780 2123 3915 2189 πρὸς
3952 2122 3987 2171 1

2401 2214 2553 2282 καὶὴ
2594 2213 2716 2265 καθ’
2762 2214 2910 2281 ἡμᾶς
2955 2212 3320 2281 μεγαλοφὼ
3375 2213 3568 2280 λογικὴ
3624 2214 3869 2281 πέφυκεν
3906 2216 3989 2265 ισ-

2408 2306 2658 2373 αρίθμως
2693 2304 3061 2358 πλατύνεσθαι
3093 2305 3325 2374 δύναμις
3369 2307 3450 2366 εἰς
3494 2304 3637 2366 νοῦν,
3656 2306 3748 2356 καὶ
3778 2306 3988 2373 νόησιν,

2405 2399 2500 2450 καὶ
2550 2396 2778 2460 ἔννοιαν,
2835 2397 2932 2448 καὶ
2978 2397 3242 2461 διάνοιαν,
3299 2396 3397 2449 καί
3438 2395 3709 2459 σύννοιαν,
3757 2397 3853 2449 καὶ
3894 2399 3992 2449 τον

2404 2488 2713 2541 ἐνδιάθετον
2754 2488 2934 2555 λόγον,
2987 2490 3080 2541 τόν
3131 2506 3193 2541 τε
3242 2490 3384 2543 κατὰ
3441 2490 3721 2559 προφορὰν
3756 2490 3853 2543 καὶ
3895 2490 3993 2542 τόν

2404 2581 2707 2650 γεγωνότα,
2732 2583 2983 2633 τουτέστι
3012 2581 3198 2651 φωνὴν
3237 2582 3332 2633 καὶ
3377 2581 3647 2651 κραυγὴν,
3687 2582 3781 2633 καὶ
3830 2578 3991 2641 αὖθις

2406 2671 2760 2738 συνάγεσθαι,
2810 2673 2979 2740 χωρὶς
3006 2672 3105 2739 τῆς
3139 2671 3261 2723 κατ’
3288 2672 3605 2739 ἐπιστήμην
3637 2673 3731 2723 καὶ
3764 2672 3991 2739 τέχνην,

2405 2761 2600 2829 ὥσπερ
2628 2762 2686 2812 ἐν
2715 2759 2865 2828 ποσῷ
2898 2776 2957 2811 τε
2982 2761 3077 2811 καὶ
3103 2760 3244 2828 ποιῷ
3271 2760 3365 2811 καὶ
3393 2762 3507 2820 τοῖς
3542 2760 3777 2823 λοιποῖς,
3802 2758 3993 2820 καθὼς

2405 2850 2804 2921 ἀπηρίθμηται,
2835 2850 3028 2902 τούτου
3057 2849 3323 2920 διαφορᾶς
3350 2866 3410 2901 τε
3435 2849 3529 2901 καὶ
3556 2849 3851 2919 ἰδιότητος;
3890 2849 3992 2903 Ti;

2405 2943 2434 2995 ό
2459 2942 2746 3010 γινώσκων
2766 2942 2893 3004 τοὺς
2924 2940 3117 3009 λόγους
3141 2940 3252 2995 τῶν
3279 2941 3452 2994 ὄντων
3481 2940 3663 3005 καθὼς
3694 2942 3792 2994 καὶ
3821 2942 3989 3003 εἰσιν,

2405 3037 2482 3098 ὼς
2518 3031 2693 3099 εἷπον,
2726 3037 2821 3087 καὶ
2850 3036 3193 3105 διαφέρουσι,
3244 3035 3340 3087 καὶ
3388 3036 3583 3088 στάσιν
3612 3034 3835 3104 ἔχουσιν
3865 3034 3993 3085 ἁκε-

2408 3142 2567 3192 ντ,τον
2615 3126 2716 3195 τὴν
2772 3125 2914 3177 κατὰ
2964 3127 3129 3193 φύσιν
3166 3125 3260 3176 καὶ
3298 3124 3437 3194 πρὸς
3478 3124 3687 3194 ἄλληλα
3718 3124 3991 3193 μηδαμιζ

2406 3215 2850 3285 μεταπίπτουσαν
2888 3217 3123 3285 κίνησιν,
3182 3219 3242 3268 ἐν
3279 3218 3347 3285 τῇ
3388 3217 3601 3285 κινήσει
3631 3215 3727 3285 τὴν
3766 3217 3988 3275 στάσιν,

2402 3310 2497 3360 καὶ
2539 3310 2597 3360 ἐν
2649 3310 2715 3376 τῇ
2772 3308 2958 3360 στάσει
3009 3308 3072 3359 τὸ
3126 3306 3563 3375 παραδοξότατον
3616 3307 3712 3376 τὴν
3770 3308 3994 3374 κίνησιν

2404 3398 2627 3465 ἐχοντα;
2681 3396 2767 3459 τίς
2824 3396 2962 3465 πρὸς
3014 3394 3221 3464 ἄλληλα
3272 3396 3384 3447 τῶν
3430 3396 3690 3447 ἐναντίων
3737 3397 3818 3458 εἰς
3868 3396 3993 3455 ἐνὸς

2405 3488 2612 3557 κόσμου
2647 3488 2910 3541 σύστασιν
2952 3488 2982 3539 ό
3012 3488 3235 3556 δεσμὸς,
3267 3488 3485 3557 καὶτῆς
3510 3489 3779 3542 εὐτάκτου
3806 3505 3866 3540 τε
3894 3488 3993 3541 καὶ

2404 3580 2646 3650 ἀφύρτου
2676 3580 2948 3650 κινήσεώς
2979 3597 3039 3632 τε
3066 3581 3163 3632 καὶ
3194 3580 3517 3650 διοικήσεως
3562 3580 3593 3630 ό
3620 3579 3853 3647 τρόποςς
3904 3579 3993 3639 τίς

2405 3671 2567 3725 πάλιν
2591 3672 2699 3723 τῶν
2727 3670 2849 3723 καθ’
2879 3673 3025 3741 ἡμᾶς
3058 3672 3331 3741 σωμάτων
3353 3673 3387 3740 ἡ
3416 3671 3529 3725 τῶν
3550 3670 3814 3723 ἐναντίων
3846 3671 3994 3721 κατά

2405 3766 2505 3836 τὴν
2542 3768 2742 3836 κρᾶσιν
2775 3765 2863 3819 διὰ
2897 3766 3202 3828 συνθέσεως
3234 3765 3544 3836 συμπλοκὴ,
3596 3766 3665 3818 τά
3719 3764 3993 3817 διεστῶτα

2407 3857 2549 3909 κατὰ
2590 3855 2686 3926 τὴν
2738 3856 2901 3923 φύσιν
2950 3858 3032 3917 εἰς
3087 3855 3308 3925 φιλικὴν
3372 3856 3656 3915 συνοικίαν
3714 3857 3992 3922 ἐνάγουσα

2408 3948 2595 4017 (190
2629 3949 2696 4016 α)
2728 3949 2822 3999 καὶ
2850 3950 2916 4017 τῇ
2955 3948 3212 4016 μεσότητι
3237 3949 3299 3999 τὸ
3324 3950 3383 3999 ἐν
3420 3951 3534 4010 τοῖς
3559 3948 3757 4019 ἄκροις
3782 3951 3995 4019 αὐστη-

2412 4041 2502 4109 ρὸν
2526 4038 2945 4107 τιθασσεύουσα,
2986 4038 3083 4092 καὶ
3120 4043 3321 4109 χωρεῖν
3371 4039 3441 4093 δι’
3470 4041 3717 4110 ἀλλήλων
3744 4042 3991 4112 ἀλυμάν-

2408 4146 2517 4192 τως
2568 4130 3070 4200 παρασκευάζουσα
3127 4133 3223 4185 καὶ
3271 4131 3478 4203 ταύτην
3529 4135 3833 4204 ποιουμένη
3882 4135 3994 4186 τῶν

2412 4221 2682 4274 συνθέτων
2725 4224 3075 4293 συντήρησιν,
3127 4224 3228 4292 τὴν
3279 4224 3390 4276 τῶν
3452 4226 3639 4293 ἄκρων
3688 4225 3838 4277 κατὰ
3893 4228 3996 4295 τὴν

2410 4312 2610 4380 κρᾶσιν
2644 4313 2724 4374 είς
2777 4311 2985 4383 ἄλληλα
3038 4312 3435 4385 περιχὼρησιν,
3477 4315 3570 4367 καὶ
3603 4314 3720 4377 πῶς
3757 4316 3996 4369 ἕκαστον

2409 4403 2615 4455 τούτων
2645 4404 2784 4467 ἐστὶ,
2808 4407 2905 4457 καὶ
2935 4405 2986 4457 τί
3016 4407 3155 4467 ἐστι,
3196 4407 3292 4458 καὶ
3344 4404 3449 4458 ποῦ
3480 4406 3645 4474 φέρον
3676 4406 3709 4476 ἢ
3748 4407 3996 4477 φερόμε-

737 4485 1097 4541 stabilitatem
1172 4488 1431 4551 instituit,
1508 4490 1915 4543 extremitatum
2000 4494 2303 4547 secundum

2411 4510 2500 4545 νον
2526 4494 2619 4545 καὶ
2661 4495 2753 4545 ἐπὶ
2808 4495 2913 4547 τίνι
2966 4497 3257 4564 γεγένηται
3300 4496 3334 4565 ἢ
3372 4496 3533 4564 φέρει
3575 4496 3608 4564 ἦ
3652 4498 3905 4566 φέρεται,
3935 4497 3994 4549 οὐ

737 4577 1048 4632 mistionem
1076 4579 1133 4631 in
1151 4594 1210 4631 se
1242 4577 1477 4634 invicem
1499 4582 1938 4651 congressionem
1952 4598 2017 4636 ac
2051 4584 2310 4651 reditum,

734 4678 794 4723 et
820 4669 1103 4738 quomodo
1136 4670 1333 4723 horum
1365 4672 1800 4742 unumquodque
1838 4674 1930 4735 sit,
1961 4684 2017 4727 et
2046 4676 2179 4743 quid
2214 4678 2307 4741 sit,

734 4764 793 4811 et
821 4772 933 4827 quo
961 4758 1143 4812 ferens
1174 4768 1271 4812 aut
1300 4759 1471 4813 latum
1501 4770 1559 4814 ct
1602 4761 1669 4814 ad
1708 4761 1840 4831 quid
1876 4765 2182 4831 perveniat,
2223 4766 2310 4820 vel

743 4848 887 4902 ferat
918 4849 1004 4903 vel
1032 4848 1263 4913 feratur,
1298 4864 1405 4904 non
1437 4852 1701 4916 solum,ut
1726 4852 1935 4907 dictum
1967 4864 2070 4919 est,
2106 4857 2311 4925 quibus

734 4940 1065 5009 aprincipio
1122 4942 1238 4995 haec
1279 4943 1554 4997 exsistunt
1604 4940 1937 5009 rationibus,
2004 4949 2099 5003 sed
2143 4952 2307 5005 etiam

734 5031 941 5100 quibus
968 5029 1126 5086 adse
1164 5033 1279 5101 ipsa
1337 5042 1394 5087 et
1427 5034 1658 5090 invicem
1723 5037 1955 5093 infinitis
2006 5048 2064 5092 et
2105 5042 2310 5112 cogita-

736 5124 887 5177 tione
918 5133 976 5178 et
1000 5124 1221 5179 actione
1250 5135 1305 5179 et
1333 5126 1653 5181 dividantur
1688 5137 1746 5182 et
1780 5131 2045 5184 uniantur
2094 5132 2308 5187 modis?

733 5223 903 5282 atque
975 5230 1166 5268 rursus
1239 5231 1489 5284 quamam
1558 5220 1899 5289 singulorum
1954 5238 2306 5294 quorumque

733 5304 1009 5366 essentiae,
1041 5314 1271 5369 naturae,
1300 5307 1527 5376 speciei,
1580 5309 1787 5374 formae,
1856 5314 2300 5383 compositionis,

734 5394 1038 5458 facultatis,
1076 5397 1329 5463 actionis,
1388 5400 1679 5467 passionis,
1714 5403 1783 5456 sit
1828 5405 2004 5458 ratio?
2055 5422 2306 5475 qutenam

735 5487 863 5541 dein
920 5503 1111 5542 rursus
1175 5491 1481 5557 generalis,
1537 5509 1645 5561 qua
1701 5498 2147 5552 extremitatibus
2207 5515 2309 5567 pro

734 5579 1075 5649 singulorum
1130 5579 1235 5635 fine
1284 5598 1383 5650 per
1436 5584 1788 5641 medietatem
1851 5599 2077 5644 mutuus
2137 5605 2309 5646 nexus

813 5764 887 5836 (l)
922 5762 1065 5817 Idem
1102 5762 1223 5816 ibid.
1257 5777 1375 5832 cap.
1402 5763 1453 5816 5.

2414 4586 2594 4653 μόνον,
2653 4583 2730 4647 ὡς
2774 4584 3008 4655 εἴρηται,
3066 4579 3149 4644 οἷς
3203 4585 3637 4655 προηγουμένως
3683 4585 3996 4655 ὑπάρχουσι

2411 4674 2584 4727 ταῦτα
2612 4674 2812 4744 λόγοις,
2845 4674 2982 4727 ἀλλὰ
3011 4674 3107 4728 καὶ
3134 4669 3215 4737 οἷς
3249 4675 3387 4745 πρὸς
3430 4674 3601 4727 ἐαυτά
3625 4690 3685 4725 τε
3728 4674 3828 4725 καὶ
3857 4675 3996 4745 πρὸς

2413 4766 2617 4836 ἄλληλα
2651 4768 2868 4837 μυρίοις
2883 4766 3005 4820 κατ’
3025 4767 3273 4820 ἐπίνοιάν
3310 4784 3370 4819 τε
3409 4767 3505 4820 καὶ
3536 4766 3829 4837 ἐνέργειαν
3854 4766 3997 4817 6m:-

2416 4856 2640 4927 ροῦνταί
2674 4874 2734 4911 τε
2777 4860 2874 4911 καὶ
2916 4856 3162 4912 ἑνοῦνται
3201 4858 3467 4928 τρόποις;
3524 4860 3619 4912 καί
3664 4855 3827 4922 αὖθις
3861 4860 3946 4921 τίς
3970 4861 3998 4910 ὁ

2410 4948 2567 5016 λόγος
2602 4948 2700 5017 τῆς
2731 4947 2827 5001 τοῦ
2870 4948 2995 5001 καθ’
3014 4949 3247 5001 ἕκαστον
3274 4949 3485 5013 οὐσίας,
3515 4949 3758 5018 φύσεως,
3795 4949 3998 5012 εἴδους,

2413 5041 2713 5109 σχήματος,
2746 5040 3069 5105 συνθέσεως,
3090 5041 3397 5109 δυνάμεως,
3420 5041 3729 5111 ἐνεργείας,
3748 5041 3993 5106 πάθους;

2405 5132 2491 5193 τίς
2524 5132 2579 5184 δὲ
2606 5132 2773 5187 πάλιν
2812 5134 2841 5185 δ
2866 5132 3098 5185 καθόλου
3127 5134 3240 5196 τοῖς
3263 5133 3455 5204 ἄκροις
3492 5133 3637 5187 κατά
3669 5132 3733 5186 τὸ
3755 5132 3996 5186 ἑκάστου

2408 5222 2579 5291 πέρας
2608 5222 2698 5275 διὰ
2734 5222 2830 5275 τοῦ
2886 5225 3053 5293 μέσου
3095 5224 3197 5294 τὴν
3242 5224 3383 5295 πρὸς
3434 5223 3643 5294 ἄλληλα
3691 5224 3998 5293 συνάφειαν

2405 5314 2645 5384 ἐνεργῶν
2679 5314 2858 5383 λόγος,
2886 5316 2974 5367 ἵνα
2998 5316 3088 5368 τόν
3114 5333 3173 5369 τε
3204 5316 3326 5369 νοῦν
3355 5318 3448 5371 καὶ
3481 5316 3541 5370 τὸ
3582 5316 3879 5385 νοούμενον
3909 5316 3998 5367 διά

2412 5406 2511 5475 τῆς
2557 5408 2727 5477 μέσης
2766 5409 3022 5477 νοήσεως.
3077 5410 3318 5478 σχέσεως
3357 5409 3526 5479 οὔσης
3574 5409 3849 5477 ἐνωτικῆς
3884 5409 3997 5459 τῶν

2414 5499 2759 5569 διῃρημένων
2792 5502 2921 5571 περὶ
2953 5500 3014 5552 τὸ
3046 5500 3106 5566 ἐξ
3141 5502 3346 5570 ἀμφοῖν
3374 5502 3573 5572 νόημα,
3607 5502 3861 5571 συναφθῇ
3901 5501 3997 5553 καὶ

2415 5589 2726 5661 περιληφθῇ
2758 5591 3009 5662 ἀλλήλοις
3037 5591 3292 5663 ἑκάτερα,
3321 5595 3413 5648 καὶ
3448 5593 3615 5665 μηδὲν
3638 5594 3701 5646 τὸ
3728 5598 3996 5662 παράπαν
