  <div class='ocr_page' id='page_1' title='image "/cluster/home/n/w/nwhite01/storage/ocr_20150623/91/nnc1.0038446014/626.png"; bbox 0 0 4192 6434; ppageno 0'>
   <div class='ocr_carea' id='block_1_1' title="bbox 212 340 1769 455">
    <p class='ocr_par' dir='ltr' id='par_1_1' title="bbox 212 340 1769 415">
     <span class='ocr_line' id='line_1_1' title="bbox 212 340 1769 415; baseline 0.006 -11"><span class='ocrx_word' id='word_1_1' title='bbox 212 340 359 405; x_wconf 70' lang='lat'><strong>1229</strong></span> <span class='ocrx_word' id='word_1_2' title='bbox 1463 352 1769 415; x_wconf 51' lang='lat' dir='ltr'><strong>AMBIGU‘</strong></span> 
     </span>
    </p>
   </div>
   <div class='ocr_carea' id='block_1_2' title="bbox 1872 340 3464 455">
    <p class='ocr_par' dir='ltr' id='par_1_2' title="bbox 1872 356 3464 455">
     <span class='ocr_line' id='line_1_2' title="bbox 1872 356 3464 455; baseline 0.011 -39"><span class='ocrx_word' id='word_1_3' title='bbox 1872 356 1979 455; x_wconf 55' lang='lat'><strong>(33;</strong></span> <span class='ocrx_word' id='word_1_4' title='bbox 2022 359 2271 419; x_wconf 76' lang='lat' dir='ltr'><strong>LIBER.</strong></span> <span class='ocrx_word' id='word_1_5' title='bbox 3330 372 3464 438; x_wconf 71' lang='lat'><strong>1230</strong></span> 
     </span>
    </p>
   </div>
   <div class='ocr_carea' id='block_1_3' title="bbox 205 454 1769 563">
    <p class='ocr_par' dir='ltr' id='par_1_3' title="bbox 205 460 1767 539">
     <span class='ocr_line' id='line_1_3' title="bbox 205 460 1767 539; baseline 0.005 -24"><span class='ocrx_word' id='word_1_6' title='bbox 205 465 360 516; x_wconf 73' lang='grc' dir='ltr'><strong>κατὰ</strong></span> <span class='ocrx_word' id='word_1_7' title='bbox 388 460 546 515; x_wconf 86' lang='grc' dir='ltr'><strong>τοῦτο</strong></span> <span class='ocrx_word' id='word_1_8' title='bbox 577 460 763 532; x_wconf 78' lang='grc' dir='ltr'><strong>δειχθῇ</strong></span> <span class='ocrx_word' id='word_1_9' title='bbox 788 460 893 515; x_wconf 78' lang='grc' dir='ltr'><strong>τῶν</strong></span> <span class='ocrx_word' id='word_1_10' title='bbox 928 461 1072 530; x_wconf 74' lang='grc' dir='ltr'><strong>μετὰ</strong></span> <span class='ocrx_word' id='word_1_11' title='bbox 1093 463 1227 516; x_wconf 69' lang='grc' dir='ltr'><strong>Θεὸν</strong></span> <span class='ocrx_word' id='word_1_12' title='bbox 1246 469 1591 538; x_wconf 79' lang='grc' dir='ltr'><strong>περιγραφῆς</strong></span> <span class='ocrx_word' id='word_1_13' title='bbox 1619 469 1767 539; x_wconf 80' lang='grc' dir='ltr'><strong>ὑπάρ</strong></span> 
     </span>
    </p>
   </div>
   <div class='ocr_carea' id='block_1_4' title="bbox 1872 454 3463 563">
    <p class='ocr_par' dir='ltr' id='par_1_4' title="bbox 1900 454 3463 563">
     <span class='ocr_line' id='line_1_4' title="bbox 1900 454 3463 563; baseline 0.014 -36"><span class='ocrx_word' id='word_1_14' title='bbox 1900 454 2154 541; x_wconf 71' lang='grc' dir='ltr'><strong>ειίίείιιιτ,</strong></span> <span class='ocrx_word' id='word_1_15' title='bbox 2192 477 2333 531; x_wconf 90' lang='lat' dir='ltr'><strong>ratio</strong></span> <span class='ocrx_word' id='word_1_16' title='bbox 2382 478 2473 540; x_wconf 81' lang='lat' dir='ltr'><strong>sit,</strong></span> <span class='ocrx_word' id='word_1_17' title='bbox 2509 492 2567 534; x_wconf 90' lang='lat' dir='ltr'><strong>ut</strong></span> <span class='ocrx_word' id='word_1_18' title='bbox 2600 485 2746 551; x_wconf 89' lang='lat' dir='ltr'><strong>quod</strong></span> <span class='ocrx_word' id='word_1_19' title='bbox 2775 485 2980 555; x_wconf 75' lang='lat' dir='ltr'><strong>cogitat</strong></span> <span class='ocrx_word' id='word_1_20' title='bbox 3014 497 3069 542; x_wconf 85' lang='lat' dir='ltr'><strong>et</strong></span> <span class='ocrx_word' id='word_1_21' title='bbox 3123 494 3269 559; x_wconf 91' lang='lat' dir='ltr'><strong>quod</strong></span> <span class='ocrx_word' id='word_1_22' title='bbox 3313 496 3463 563; x_wconf 86' lang='lat' dir='ltr'><strong>cogi-</strong></span> 
     </span>
    </p>
   </div>
   <div class='ocr_carea' id='block_1_5' title="bbox 202 552 1769 647">
    <p class='ocr_par' dir='ltr' id='par_1_5' title="bbox 202 552 1769 626">
     <span class='ocr_line' id='line_1_5' title="bbox 202 552 1769 626; baseline 0.007 -22"><span class='ocrx_word' id='word_1_23' title='bbox 202 570 306 623; x_wconf 80' lang='grc' dir='ltr'><strong>χον</strong></span> <span class='ocrx_word' id='word_1_24' title='bbox 328 554 615 623; x_wconf 74' lang='grc' dir='ltr'><strong>ἐλεύθερον</strong></span> <span class='ocrx_word' id='word_1_25' title='bbox 640 570 655 619; x_wconf 86' lang='lat'><strong>;</strong></span> <span class='ocrx_word' id='word_1_26' title='bbox 683 552 878 624; x_wconf 84' lang='grc' dir='ltr'><strong>ὥσπερ</strong></span> <span class='ocrx_word' id='word_1_27' title='bbox 900 553 996 607; x_wconf 73' lang='grc' dir='ltr'><strong>καὶ</strong></span> <span class='ocrx_word' id='word_1_28' title='bbox 1025 556 1093 608; x_wconf 83' lang='grc' dir='ltr'><strong>τὰ</strong></span> <span class='ocrx_word' id='word_1_29' title='bbox 1112 556 1348 626; x_wconf 77' lang='grc' dir='ltr'><strong>αἰσθητὰ</strong></span> <span class='ocrx_word' id='word_1_30' title='bbox 1391 558 1567 613; x_wconf 80' lang='grc' dir='ltr'><strong>πάντα</strong></span> <span class='ocrx_word' id='word_1_31' title='bbox 1600 562 1696 615; x_wconf 78' lang='grc' dir='ltr'><strong>καὶ</strong></span> <span class='ocrx_word' id='word_1_32' title='bbox 1725 579 1769 615; x_wconf 69' lang='grc' dir='ltr'><strong>τὲ</strong></span> 
     </span>
    </p>
   </div>
   <div class='ocr_carea' id='block_1_6' title="bbox 1872 552 3462 647">
    <p class='ocr_par' dir='ltr' id='par_1_6' title="bbox 1893 552 3462 647">
     <span class='ocr_line' id='line_1_6' title="bbox 1893 552 3462 647; baseline 0.015 -32"><span class='ocrx_word' id='word_1_33' title='bbox 1893 559 2045 632; x_wconf 52' lang='lat' dir='ltr'><strong>tatur</strong></span> <span class='ocrx_word' id='word_1_34' title='bbox 2104 582 2203 635; x_wconf 86' lang='lat' dir='ltr'><strong>per</strong></span> <span class='ocrx_word' id='word_1_35' title='bbox 2234 569 2471 624; x_wconf 87' lang='lat' dir='ltr'><strong>mediam</strong></span> <span class='ocrx_word' id='word_1_36' title='bbox 2523 552 2933 641; x_wconf 70' lang='lat' dir='ltr'><strong>cogitationem,</strong></span> <span class='ocrx_word' id='word_1_37' title='bbox 2975 595 3099 647; x_wconf 63' lang='lat' dir='ltr'><strong>quae</strong></span> <span class='ocrx_word' id='word_1_38' title='bbox 3138 552 3462 638; x_wconf 57' lang='lat' dir='ltr'><strong>distantiam</strong></span> 
     </span>
    </p>
   </div>
   <div class='ocr_carea' id='block_1_7' title="bbox 208 644 1769 733">
    <p class='ocr_par' dir='ltr' id='par_1_7' title="bbox 208 644 1769 722">
     <span class='ocr_line' id='line_1_7' title="bbox 208 644 1769 722; baseline 0.001 -24"><span class='ocrx_word' id='word_1_39' title='bbox 208 645 611 714; x_wconf 82' lang='grc' dir='ltr'><strong>αξσθανόμενα,</strong></span> <span class='ocrx_word' id='word_1_40' title='bbox 692 644 861 714; x_wconf 72' lang='grc' dir='ltr'><strong>ἡγουν</strong></span> <span class='ocrx_word' id='word_1_41' title='bbox 921 645 1236 715; x_wconf 74' lang='grc' dir='ltr'><strong>αἰσθητικά.</strong></span> <span class='ocrx_word' id='word_1_42' title='bbox 1309 648 1399 701; x_wconf 71' lang='grc' dir='ltr'><strong>διὰ</strong></span> <span class='ocrx_word' id='word_1_43' title='bbox 1453 650 1552 719; x_wconf 81' lang='grc' dir='ltr'><strong>τῆς</strong></span> <span class='ocrx_word' id='word_1_44' title='bbox 1619 653 1769 722; x_wconf 81' lang='grc' dir='ltr'><strong>μέση.</strong></span> 
     </span>
    </p>
   </div>
   <div class='ocr_carea' id='block_1_8' title="bbox 1872 644 3465 733">
    <p class='ocr_par' dir='ltr' id='par_1_8' title="bbox 1894 653 3465 733">
     <span class='ocr_line' id='line_1_8' title="bbox 1894 653 3465 733; baseline 0.015 -30"><span class='ocrx_word' id='word_1_45' title='bbox 1894 653 2042 705; x_wconf 85' lang='lat' dir='ltr'><strong>circa</strong></span> <span class='ocrx_word' id='word_1_46' title='bbox 2089 656 2409 723; x_wconf 79' lang='lat' dir='ltr'><strong>cogitatum,</strong></span> <span class='ocrx_word' id='word_1_47' title='bbox 2468 659 2758 716; x_wconf 82' lang='lat' dir='ltr'><strong>amborum</strong></span> <span class='ocrx_word' id='word_1_48' title='bbox 2808 668 3058 733; x_wconf 86' lang='lat' dir='ltr'><strong>prolem,</strong></span> <span class='ocrx_word' id='word_1_49' title='bbox 3119 670 3329 725; x_wconf 89' lang='lat' dir='ltr'><strong>unitiva</strong></span> <span class='ocrx_word' id='word_1_50' title='bbox 3378 683 3465 727; x_wconf 89' lang='lat' dir='ltr'><strong>est</strong></span> 
     </span>
    </p>
   </div>
   <div class='ocr_carea' id='block_1_9' title="bbox 196 734 1769 831">
    <p class='ocr_par' dir='ltr' id='par_1_9' title="bbox 196 734 1769 813">
     <span class='ocr_line' id='line_1_9' title="bbox 196 734 1769 813; baseline 0.005 -24"><span class='ocrx_word' id='word_1_51' title='bbox 196 736 539 806; x_wconf 80' lang='grc' dir='ltr'><strong>αἰσθήσεως,</strong></span> <span class='ocrx_word' id='word_1_52' title='bbox 567 735 808 804; x_wconf 75' lang='grc' dir='ltr'><strong>σχέσεως</strong></span> <span class='ocrx_word' id='word_1_53' title='bbox 837 734 1007 807; x_wconf 80' lang='grc' dir='ltr'><strong>οὔσης</strong></span> <span class='ocrx_word' id='word_1_54' title='bbox 1059 738 1246 806; x_wconf 79' lang='grc' dir='ltr'><strong>κοινῆς</strong></span> <span class='ocrx_word' id='word_1_55' title='bbox 1284 739 1394 791; x_wconf 82' lang='grc' dir='ltr'><strong>τῶν</strong></span> <span class='ocrx_word' id='word_1_56' title='bbox 1445 739 1769 813; x_wconf 77' lang='grc' dir='ltr'><strong>διῃρημένω·</strong></span> 
     </span>
    </p>
   </div>
   <div class='ocr_carea' id='block_1_10' title="bbox 1872 734 3466 831">
    <p class='ocr_par' dir='ltr' id='par_1_10' title="bbox 1896 744 3466 831">
     <span class='ocr_line' id='line_1_10' title="bbox 1896 744 3466 831; baseline 0.015 -36"><span class='ocrx_word' id='word_1_57' title='bbox 1896 744 2137 808; x_wconf 78' lang='lat' dir='ltr'><strong>atl‘ectio,</strong></span> <span class='ocrx_word' id='word_1_58' title='bbox 2174 756 2235 800; x_wconf 88' lang='lat' dir='ltr'><strong>ut</strong></span> <span class='ocrx_word' id='word_1_59' title='bbox 2271 758 2502 819; x_wconf 89' lang='lat' dir='ltr'><strong>utraque</strong></span> <span class='ocrx_word' id='word_1_60' title='bbox 2534 752 2768 809; x_wconf 75' lang='lat' dir='ltr'><strong>invicem</strong></span> <span class='ocrx_word' id='word_1_61' title='bbox 2804 757 3109 827; x_wconf 82' lang='lat' dir='ltr'><strong>jungantur</strong></span> <span class='ocrx_word' id='word_1_62' title='bbox 3136 770 3193 814; x_wconf 92' lang='lat' dir='ltr'><strong>et</strong></span> <span class='ocrx_word' id='word_1_63' title='bbox 3216 777 3466 831; x_wconf 48' lang='lat' dir='ltr'><strong>comprea</strong></span> 
     </span>
    </p>
   </div>
   <div class='ocr_carea' id='block_1_11' title="bbox 191 825 1769 925">
    <p class='ocr_par' dir='ltr' id='par_1_11' title="bbox 191 825 1769 902">
     <span class='ocr_line' id='line_1_11' title="bbox 191 825 1769 902; baseline 0.004 -24"><span class='ocrx_word' id='word_1_64' title='bbox 191 826 417 895; x_wconf 77' lang='grc' dir='ltr'><strong>ἄκρων,</strong></span> <span class='ocrx_word' id='word_1_65' title='bbox 472 825 582 878; x_wconf 83' lang='grc' dir='ltr'><strong>τῶν</strong></span> <span class='ocrx_word' id='word_1_66' title='bbox 631 826 733 894; x_wconf 85' lang='grc' dir='ltr'><strong>μὲν</strong></span> <span class='ocrx_word' id='word_1_67' title='bbox 784 825 860 890; x_wconf 83' lang='grc' dir='ltr'><strong>ὡς</strong></span> <span class='ocrx_word' id='word_1_68' title='bbox 895 827 965 880; x_wconf 82' lang='grc' dir='ltr'><strong>δι’</strong></span> <span class='ocrx_word' id='word_1_69' title='bbox 1022 826 1192 896; x_wconf 76' lang='grc' dir='ltr'><strong>αὐτῆς</strong></span> <span class='ocrx_word' id='word_1_70' title='bbox 1237 829 1769 902; x_wconf 73' lang='grc' dir='ltr'><strong>ἀντιλαμϐανομένωι</strong></span> 
     </span>
    </p>
   </div>
   <div class='ocr_carea' id='block_1_12' title="bbox 1872 825 3465 925">
    <p class='ocr_par' dir='ltr' id='par_1_12' title="bbox 1895 834 3465 925">
     <span class='ocr_line' id='line_1_12' title="bbox 1895 834 3465 925; baseline 0.015 -38"><span class='ocrx_word' id='word_1_71' title='bbox 1895 834 2227 901; x_wconf 88' lang='lat' dir='ltr'><strong>hendantur,</strong></span> <span class='ocrx_word' id='word_1_72' title='bbox 2287 855 2425 895; x_wconf 83' lang='lat' dir='ltr'><strong>neve</strong></span> <span class='ocrx_word' id='word_1_73' title='bbox 2478 844 2781 913; x_wconf 81' lang='lat' dir='ltr'><strong>quidquam</strong></span> <span class='ocrx_word' id='word_1_74' title='bbox 2823 850 3048 904; x_wconf 91' lang='lat' dir='ltr'><strong>omnino</strong></span> <span class='ocrx_word' id='word_1_75' title='bbox 3095 867 3288 908; x_wconf 90' lang='lat' dir='ltr'><strong>eorum</strong></span> <span class='ocrx_word' id='word_1_76' title='bbox 3343 871 3465 925; x_wconf 78' lang='lat' dir='ltr'><strong>qua:</strong></span> 
     </span>
    </p>
   </div>
   <div class='ocr_carea' id='block_1_13' title="bbox 189 916 1769 1004">
    <p class='ocr_par' dir='ltr' id='par_1_13' title="bbox 189 916 1769 988">
     <span class='ocr_line' id='line_1_13' title="bbox 189 916 1769 988; baseline 0.003 -17"><span class='ocrx_word' id='word_1_77' title='bbox 189 919 319 971; x_wconf 84' lang='grc' dir='ltr'><strong>τῶν</strong></span> <span class='ocrx_word' id='word_1_78' title='bbox 342 917 642 988; x_wconf 81' lang='grc' dir='ltr'><strong>αἰσθητῶν,</strong></span> <span class='ocrx_word' id='word_1_79' title='bbox 671 918 779 971; x_wconf 85' lang='grc' dir='ltr'><strong>τῶν</strong></span> <span class='ocrx_word' id='word_1_80' title='bbox 817 916 876 970; x_wconf 75' lang='grc' dir='ltr'><strong>δὲ</strong></span> <span class='ocrx_word' id='word_1_81' title='bbox 914 917 983 970; x_wconf 88' lang='grc' dir='ltr'><strong>δι’</strong></span> <span class='ocrx_word' id='word_1_82' title='bbox 1014 917 1188 987; x_wconf 81' lang='grc' dir='ltr'><strong>αὐτῆς</strong></span> <span class='ocrx_word' id='word_1_83' title='bbox 1219 920 1650 987; x_wconf 70' lang='grc' dir='ltr'><strong>ὑποπιπτόντωνς</strong></span> <span class='ocrx_word' id='word_1_84' title='bbox 1675 926 1769 985; x_wconf 58' lang='grc' dir='ltr'><strong>τοῖς</strong></span> 
     </span>
    </p>
   </div>
   <div class='ocr_carea' id='block_1_14' title="bbox 1872 916 3469 1004">
    <p class='ocr_par' dir='ltr' id='par_1_14' title="bbox 1898 927 3469 1004">
     <span class='ocr_line' id='line_1_14' title="bbox 1898 927 3469 1004; baseline 0.013 -27"><span class='ocrx_word' id='word_1_85' title='bbox 1898 936 2025 995; x_wconf 90' lang='lat' dir='ltr'><strong>post</strong></span> <span class='ocrx_word' id='word_1_86' title='bbox 2050 927 2222 981; x_wconf 90' lang='lat' dir='ltr'><strong>Deum</strong></span> <span class='ocrx_word' id='word_1_87' title='bbox 2253 929 2368 983; x_wconf 89' lang='lat' dir='ltr'><strong>sint</strong></span> <span class='ocrx_word' id='word_1_88' title='bbox 2398 932 2916 1004; x_wconf 89' lang='lat' dir='ltr'><strong>circumscriptione</strong></span> <span class='ocrx_word' id='word_1_89' title='bbox 2954 955 3158 995; x_wconf 79' lang='lat' dir='ltr'><strong>vacans</strong></span> <span class='ocrx_word' id='word_1_90' title='bbox 3208 945 3469 998; x_wconf 86' lang='lat' dir='ltr'><strong>ostenda-</strong></span> 
     </span>
    </p>
   </div>
   <div class='ocr_carea' id='block_1_15' title="bbox 188 1007 1769 1100">
    <p class='ocr_par' dir='ltr' id='par_1_15' title="bbox 188 1007 1769 1083">
     <span class='ocr_line' id='line_1_15' title="bbox 188 1007 1769 1083; baseline 0.002 -19"><span class='ocrx_word' id='word_1_91' title='bbox 188 1010 645 1081; x_wconf 81' lang='grc' dir='ltr'><strong>αἰσθανομένοις,</strong></span> <span class='ocrx_word' id='word_1_92' title='bbox 679 1011 810 1080; x_wconf 81' lang='grc' dir='ltr'><strong>περὶ</strong></span> <span class='ocrx_word' id='word_1_93' title='bbox 839 1010 900 1063; x_wconf 81' lang='grc' dir='ltr'><strong>τὸ</strong></span> <span class='ocrx_word' id='word_1_94' title='bbox 930 1010 1310 1082; x_wconf 82' lang='grc' dir='ltr'><strong>αἰσθητήριον,</strong></span> <span class='ocrx_word' id='word_1_95' title='bbox 1360 1013 1419 1065; x_wconf 84' lang='grc' dir='ltr'><strong>ὲν</strong></span> <span class='ocrx_word' id='word_1_96' title='bbox 1450 1007 1495 1081; x_wconf 83' lang='grc' dir='ltr'>ᾧ</span> <span class='ocrx_word' id='word_1_97' title='bbox 1524 1014 1584 1065; x_wconf 77' lang='grc' dir='ltr'><strong>τὸ</strong></span> <span class='ocrx_word' id='word_1_98' title='bbox 1616 1014 1769 1083; x_wconf 52' lang='grc' dir='ltr'><strong>πέρα,</strong></span> 
     </span>
    </p>
   </div>
   <div class='ocr_carea' id='block_1_16' title="bbox 1872 1007 3465 1100">
    <p class='ocr_par' dir='ltr' id='par_1_16' title="bbox 1899 1017 3465 1100">
     <span class='ocr_line' id='line_1_16' title="bbox 1899 1017 3465 1100; baseline 0.015 -33"><span class='ocrx_word' id='word_1_99' title='bbox 1899 1017 2027 1069; x_wconf 85' lang='lat' dir='ltr'><strong>tur?</strong></span> <span class='ocrx_word' id='word_1_100' title='bbox 2059 1018 2531 1081; x_wconf 75' lang='lat' dir='ltr'><strong>Quemadmodum</strong></span> <span class='ocrx_word' id='word_1_101' title='bbox 2577 1026 2861 1082; x_wconf 87' lang='lat' dir='ltr'><strong>scnsibilia</strong></span> <span class='ocrx_word' id='word_1_102' title='bbox 2916 1044 3135 1100; x_wconf 91' lang='lat' dir='ltr'><strong>quoque</strong></span> <span class='ocrx_word' id='word_1_103' title='bbox 3185 1035 3371 1088; x_wconf 83' lang='lat' dir='ltr'><strong>omnia</strong></span> <span class='ocrx_word' id='word_1_104' title='bbox 3407 1047 3465 1090; x_wconf 86' lang='lat' dir='ltr'><strong>et</strong></span> 
     </span>
    </p>
   </div>
   <div class='ocr_carea' id='block_1_17' title="bbox 187 1100 1769 1190">
    <p class='ocr_par' dir='ltr' id='par_1_17' title="bbox 187 1100 1769 1175">
     <span class='ocr_line' id='line_1_17' title="bbox 187 1100 1769 1175; baseline -0.001 -20"><span class='ocrx_word' id='word_1_105' title='bbox 187 1102 304 1172; x_wconf 81' lang='grc' dir='ltr'><strong>τῆς</strong></span> <span class='ocrx_word' id='word_1_106' title='bbox 353 1103 588 1157; x_wconf 75' lang='grc' dir='ltr'><strong>ἑκάστου</strong></span> <span class='ocrx_word' id='word_1_107' title='bbox 641 1101 786 1154; x_wconf 73' lang='grc' dir='ltr'><strong>κατὰ</strong></span> <span class='ocrx_word' id='word_1_108' title='bbox 828 1100 927 1172; x_wconf 78' lang='grc' dir='ltr'><strong>τὴν</strong></span> <span class='ocrx_word' id='word_1_109' title='bbox 976 1102 1163 1171; x_wconf 81' lang='grc' dir='ltr'><strong>σχέσιν</strong></span> <span class='ocrx_word' id='word_1_110' title='bbox 1199 1101 1484 1173; x_wconf 86' lang='grc' dir='ltr'><strong>δυνάμεως</strong></span> <span class='ocrx_word' id='word_1_111' title='bbox 1541 1104 1769 1175; x_wconf 59' lang='grc' dir='ltr'><strong>ὑπάρχοι</strong></span> 
     </span>
    </p>
   </div>
   <div class='ocr_carea' id='block_1_18' title="bbox 1872 1100 3573 1190">
    <p class='ocr_par' dir='ltr' id='par_1_18' title="bbox 1894 1109 3573 1190">
     <span class='ocr_line' id='line_1_18' title="bbox 1894 1109 3573 1190; baseline 0.013 -33"><span class='ocrx_word' id='word_1_112' title='bbox 1894 1123 2015 1176; x_wconf 68' lang='lat' dir='ltr'><strong>quae</strong></span> <span class='ocrx_word' id='word_1_113' title='bbox 2052 1109 2321 1170; x_wconf 88' lang='lat' dir='ltr'><strong>sentiunt.</strong></span> <span class='ocrx_word' id='word_1_114' title='bbox 2374 1112 2491 1166; x_wconf 91' lang='lat' dir='ltr'><strong>sive</strong></span> <span class='ocrx_word' id='word_1_115' title='bbox 2544 1128 2710 1169; x_wconf 90' lang='lat' dir='ltr'><strong>sensu</strong></span> <span class='ocrx_word' id='word_1_116' title='bbox 2755 1120 3007 1186; x_wconf 69' lang='lat' dir='ltr'><strong>praedita,</strong></span> <span class='ocrx_word' id='word_1_117' title='bbox 3070 1137 3170 1190; x_wconf 91' lang='lat' dir='ltr'><strong>per</strong></span> <span class='ocrx_word' id='word_1_118' title='bbox 3218 1125 3460 1180; x_wconf 89' lang='lat' dir='ltr'><strong>medium</strong></span> <span class='ocrx_word' id='word_1_119' title='bbox 3568 1134 3573 1145; x_wconf 88' lang='lat'>&#39;</span> 
     </span>
    </p>
   </div>
   <div class='ocr_carea' id='block_1_19' title="bbox 187 1192 1769 1271">
    <p class='ocr_par' dir='ltr' id='par_1_19' title="bbox 187 1192 1769 1267">
     <span class='ocr_line' id='line_1_19' title="bbox 187 1192 1769 1267; baseline 0.001 -20"><span class='ocrx_word' id='word_1_120' title='bbox 187 1193 537 1264; x_wconf 80' lang='grc' dir='ltr'><strong>καθέστηκε,</strong></span> <span class='ocrx_word' id='word_1_121' title='bbox 575 1194 672 1246; x_wconf 79' lang='grc' dir='ltr'><strong>καὶ</strong></span> <span class='ocrx_word' id='word_1_122' title='bbox 712 1194 842 1263; x_wconf 75' lang='grc' dir='ltr'><strong>περὶ</strong></span> <span class='ocrx_word' id='word_1_123' title='bbox 891 1192 922 1246; x_wconf 79' lang='grc' dir='ltr'><strong>ὃ</strong></span> <span class='ocrx_word' id='word_1_124' title='bbox 949 1192 1205 1264; x_wconf 77' lang='grc' dir='ltr'><strong>ἀλληλοις</strong></span> <span class='ocrx_word' id='word_1_125' title='bbox 1243 1194 1312 1248; x_wconf 82' lang='grc' dir='ltr'><strong>τά</strong></span> <span class='ocrx_word' id='word_1_126' title='bbox 1363 1195 1509 1265; x_wconf 78' lang='grc' dir='ltr'><strong>ἄκρα</strong></span> <span class='ocrx_word' id='word_1_127' title='bbox 1551 1196 1641 1249; x_wconf 73' lang='grc' dir='ltr'><strong>διὰ</strong></span> <span class='ocrx_word' id='word_1_128' title='bbox 1687 1197 1769 1267; x_wconf 68' lang='grc' dir='ltr'><strong>τῆς</strong></span> 
     </span>
    </p>
   </div>
   <div class='ocr_carea' id='block_1_20' title="bbox 1872 1192 3463 1271">
    <p class='ocr_par' dir='ltr' id='par_1_20' title="bbox 1894 1201 3463 1271">
     <span class='ocr_line' id='line_1_20' title="bbox 1894 1201 3463 1271; baseline 0.012 -20"><span class='ocrx_word' id='word_1_129' title='bbox 1894 1214 2137 1263; x_wconf 84' lang='lat' dir='ltr'><strong>sensum,</strong></span> <span class='ocrx_word' id='word_1_130' title='bbox 2170 1216 2295 1270; x_wconf 66' lang='lat' dir='ltr'><strong>quae</strong></span> <span class='ocrx_word' id='word_1_131' title='bbox 2327 1201 2656 1258; x_wconf 80' lang='lat' dir='ltr'><strong>distantium</strong></span> <span class='ocrx_word' id='word_1_132' title='bbox 2710 1211 3124 1266; x_wconf 78' lang='lat' dir='ltr'><strong>extremitatum</strong></span> <span class='ocrx_word' id='word_1_133' title='bbox 3149 1218 3463 1271; x_wconf 87' lang='lat' dir='ltr'><strong>communis</strong></span> 
     </span>
    </p>
   </div>
   <div class='ocr_carea' id='block_1_21' title="bbox 189 1281 1769 1377">
    <p class='ocr_par' dir='ltr' id='par_1_21' title="bbox 189 1281 1197 1352">
     <span class='ocr_line' id='line_1_21' title="bbox 189 1281 1197 1352; baseline 0.001 -17"><span class='ocrx_word' id='word_1_134' title='bbox 189 1282 382 1352; x_wconf 70' lang='grc' dir='ltr'><strong>μέσης</strong></span> <span class='ocrx_word' id='word_1_135' title='bbox 410 1282 647 1352; x_wconf 78' lang='grc' dir='ltr'><strong>σχέσεως</strong></span> <span class='ocrx_word' id='word_1_136' title='bbox 680 1281 936 1336; x_wconf 79' lang='grc' dir='ltr'><strong>ἑνοῦσθαι</strong></span> <span class='ocrx_word' id='word_1_137' title='bbox 961 1283 1197 1351; x_wconf 79' lang='grc' dir='ltr'><strong>πέφυκε.</strong></span> 
     </span>
    </p>
   </div>
   <div class='ocr_carea' id='block_1_22' title="bbox 1872 1281 3465 1377">
    <p class='ocr_par' dir='ltr' id='par_1_22' title="bbox 1892 1290 3465 1377">
     <span class='ocr_line' id='line_1_22' title="bbox 1892 1290 3465 1377; baseline 0.014 -38"><span class='ocrx_word' id='word_1_138' title='bbox 1892 1290 2113 1345; x_wconf 75' lang='lat' dir='ltr'><strong>:itl‘eetio</strong></span> <span class='ocrx_word' id='word_1_139' title='bbox 2131 1300 2238 1357; x_wconf 88' lang='lat' dir='ltr'><strong>est,</strong></span> <span class='ocrx_word' id='word_1_140' title='bbox 2268 1293 2459 1349; x_wconf 89' lang='lat' dir='ltr'><strong>alteris</strong></span> <span class='ocrx_word' id='word_1_141' title='bbox 2490 1312 2589 1365; x_wconf 90' lang='lat' dir='ltr'><strong>per</strong></span> <span class='ocrx_word' id='word_1_142' title='bbox 2612 1312 2735 1351; x_wconf 88' lang='lat' dir='ltr'><strong>eam</strong></span> <span class='ocrx_word' id='word_1_143' title='bbox 2787 1304 3072 1359; x_wconf 89' lang='lat' dir='ltr'><strong>sensibilia</strong></span> <span class='ocrx_word' id='word_1_144' title='bbox 3114 1308 3465 1377; x_wconf 78' lang='lat' dir='ltr'><strong>percipienti-</strong></span> 
     </span>
    </p>
   </div>
   <div class='ocr_carea' id='block_1_23' title="bbox 190 1371 3461 1469">
    <p class='ocr_par' dir='ltr' id='par_1_23' title="bbox 190 1371 3461 1469">
     <span class='ocr_line' id='line_1_23' title="bbox 190 1371 3461 1469; baseline 0.008 -43"><span class='ocrx_word' id='word_1_145' title='bbox 190 1371 338 1437; x_wconf 82' lang='lat' dir='ltr'><strong>bus,</strong></span> <span class='ocrx_word' id='word_1_146' title='bbox 374 1372 568 1428; x_wconf 81' lang='lat' dir='ltr'><strong>alteris</strong></span> <span class='ocrx_word' id='word_1_147' title='bbox 629 1388 731 1443; x_wconf 90' lang='lat' dir='ltr'><strong>per</strong></span> <span class='ocrx_word' id='word_1_148' title='bbox 789 1387 913 1427; x_wconf 90' lang='lat' dir='ltr'><strong>eam</strong></span> <span class='ocrx_word' id='word_1_149' title='bbox 979 1374 1050 1428; x_wconf 88' lang='lat' dir='ltr'><strong>iis</strong></span> <span class='ocrx_word' id='word_1_150' title='bbox 1086 1390 1210 1444; x_wconf 69' lang='lat' dir='ltr'><strong>quae</strong></span> <span class='ocrx_word' id='word_1_151' title='bbox 1266 1378 1516 1433; x_wconf 90' lang='lat' dir='ltr'><strong>sentiunt</strong></span> <span class='ocrx_word' id='word_1_152' title='bbox 1589 1378 2029 1444; x_wconf 86' lang='lat' dir='ltr'><strong>succidentibus,</strong></span> <span class='ocrx_word' id='word_1_153' title='bbox 2071 1382 2221 1437; x_wconf 90' lang='lat' dir='ltr'><strong>circa</strong></span> <span class='ocrx_word' id='word_1_154' title='bbox 2266 1385 2541 1439; x_wconf 87' lang='lat' dir='ltr'><strong>sentiendi</strong></span> <span class='ocrx_word' id='word_1_155' title='bbox 2590 1387 3043 1459; x_wconf 87' lang='lat' dir='ltr'><strong>instrumentum,</strong></span> <span class='ocrx_word' id='word_1_156' title='bbox 3108 1371 3201 1451; x_wconf 76' lang='lat' dir='ltr'><strong>ubi</strong></span> <span class='ocrx_word' id='word_1_157' title='bbox 3262 1371 3461 1469; x_wconf 78' lang='lat' dir='ltr'><strong>singuli</strong></span> 
     </span>
    </p>
   </div>
   <div class='ocr_carea' id='block_1_24' title="bbox 184 1466 3577 1553">
    <p class='ocr_par' dir='ltr' id='par_1_24' title="bbox 184 1466 3577 1553">
     <span class='ocr_line' id='line_1_24' title="bbox 184 1466 3577 1553; baseline 0.008 -34"><span class='ocrx_word' id='word_1_158' title='bbox 184 1467 473 1536; x_wconf 80' lang='lat' dir='ltr'><strong>cujusque</strong></span> <span class='ocrx_word' id='word_1_159' title='bbox 501 1466 807 1523; x_wconf 89' lang='lat' dir='ltr'><strong>secundum</strong></span> <span class='ocrx_word' id='word_1_160' title='bbox 861 1466 1210 1524; x_wconf 78' lang='lat' dir='ltr'><strong>all‘ectioncm</strong></span> <span class='ocrx_word' id='word_1_161' title='bbox 1252 1471 1531 1527; x_wconf 76' lang='lat' dir='ltr'><strong>facultatis</strong></span> <span class='ocrx_word' id='word_1_162' title='bbox 1584 1472 1855 1527; x_wconf 86' lang='lat' dir='ltr'><strong>terminus</strong></span> <span class='ocrx_word' id='word_1_163' title='bbox 1913 1475 2215 1530; x_wconf 89' lang='lat' dir='ltr'><strong>collocatus</strong></span> <span class='ocrx_word' id='word_1_164' title='bbox 2276 1485 2383 1542; x_wconf 89' lang='lat' dir='ltr'><strong>est,</strong></span> <span class='ocrx_word' id='word_1_165' title='bbox 2424 1487 2482 1532; x_wconf 88' lang='grc' dir='ltr'><strong>ει</strong></span> <span class='ocrx_word' id='word_1_166' title='bbox 2541 1479 2689 1534; x_wconf 87' lang='lat' dir='ltr'><strong>circa</strong></span> <span class='ocrx_word' id='word_1_167' title='bbox 2738 1482 2886 1551; x_wconf 90' lang='lat' dir='ltr'><strong>quod</strong></span> <span class='ocrx_word' id='word_1_168' title='bbox 2931 1500 3030 1553; x_wconf 90' lang='lat' dir='ltr'><strong>per</strong></span> <span class='ocrx_word' id='word_1_169' title='bbox 3072 1490 3308 1543; x_wconf 91' lang='lat' dir='ltr'><strong>mediam</strong></span> <span class='ocrx_word' id='word_1_170' title='bbox 3355 1466 3459 1545; x_wconf 28' lang='grc' dir='ltr'><strong>*εἷο</strong></span> <span class='ocrx_word' id='word_1_171' title='bbox 3571 1508 3577 1514; x_wconf 61' lang='grc' dir='ltr'><strong>ί</strong></span> 
     </span>
    </p>
   </div>
   <div class='ocr_carea' id='block_1_25' title="bbox 182 1558 3460 1636">
    <p class='ocr_par' dir='ltr' id='par_1_25' title="bbox 182 1558 3460 1636">
     <span class='ocr_line' id='line_1_25' title="bbox 182 1558 3460 1636; baseline 0.008 -25"><span class='ocrx_word' id='word_1_172' title='bbox 182 1558 495 1613; x_wconf 76' lang='lat' dir='ltr'><strong>fectionem</strong></span> <span class='ocrx_word' id='word_1_173' title='bbox 523 1559 640 1614; x_wconf 90' lang='lat' dir='ltr'><strong>sive</strong></span> <span class='ocrx_word' id='word_1_174' title='bbox 682 1558 1006 1613; x_wconf 86' lang='lat' dir='ltr'><strong>relationem</strong></span> <span class='ocrx_word' id='word_1_175' title='bbox 1051 1561 1322 1617; x_wconf 90' lang='lat' dir='ltr'><strong>uniuntur</strong></span> <span class='ocrx_word' id='word_1_176' title='bbox 1355 1564 1758 1620; x_wconf 75' lang='lat' dir='ltr'><strong>extremitates.</strong></span> <span class='ocrx_word' id='word_1_177' title='bbox 1802 1564 2029 1628; x_wconf 91' lang='lat' dir='ltr'><strong>Ilorum,</strong></span> <span class='ocrx_word' id='word_1_178' title='bbox 2060 1567 2148 1621; x_wconf 91' lang='lat' dir='ltr'><strong>vel</strong></span> <span class='ocrx_word' id='word_1_179' title='bbox 2181 1567 2350 1623; x_wconf 87' lang='lat' dir='ltr'><strong>unius</strong></span> <span class='ocrx_word' id='word_1_180' title='bbox 2402 1571 2702 1627; x_wconf 85' lang='lat' dir='ltr'><strong>alteriusve</strong></span> <span class='ocrx_word' id='word_1_181' title='bbox 2759 1572 2959 1630; x_wconf 88' lang='lat' dir='ltr'><strong>horum</strong></span> <span class='ocrx_word' id='word_1_182' title='bbox 3024 1580 3267 1635; x_wconf 89' lang='lat' dir='ltr'><strong>rationes</strong></span> <span class='ocrx_word' id='word_1_183' title='bbox 3332 1598 3460 1636; x_wconf 92' lang='lat' dir='ltr'><strong>cum</strong></span> 
     </span>
    </p>
   </div>
   <div class='ocr_carea' id='block_1_26' title="bbox 186 1646 3503 1742">
    <p class='ocr_par' dir='ltr' id='par_1_26' title="bbox 186 1646 3503 1742">
     <span class='ocr_line' id='line_1_26' title="bbox 186 1646 3503 1742; baseline 0.007 -40"><span class='ocrx_word' id='word_1_184' title='bbox 186 1646 538 1719; x_wconf 81' lang='lat' dir='ltr'><strong>investigare</strong></span> <span class='ocrx_word' id='word_1_185' title='bbox 589 1662 884 1715; x_wconf 83' lang='lat' dir='ltr'><strong>conamur,</strong></span> <span class='ocrx_word' id='word_1_186' title='bbox 916 1647 1180 1706; x_wconf 86' lang='lat' dir='ltr'><strong>imbecilli</strong></span> <span class='ocrx_word' id='word_1_187' title='bbox 1233 1654 1397 1723; x_wconf 85' lang='lat' dir='ltr'><strong>plane</strong></span> <span class='ocrx_word' id='word_1_188' title='bbox 1449 1664 1508 1710; x_wconf 88' lang='lat' dir='ltr'><strong>et</strong></span> <span class='ocrx_word' id='word_1_189' title='bbox 1554 1656 1691 1709; x_wconf 89' lang='lat' dir='ltr'><strong>muti</strong></span> <span class='ocrx_word' id='word_1_190' title='bbox 1726 1656 1780 1709; x_wconf 91' lang='lat' dir='ltr'><strong>in</strong></span> <span class='ocrx_word' id='word_1_191' title='bbox 1820 1655 2185 1725; x_wconf 73' lang='lat' dir='ltr'><strong>explicatione</strong></span> <span class='ocrx_word' id='word_1_192' title='bbox 2244 1660 2651 1727; x_wconf 60' lang='lat' dir='ltr'><strong>hresitabimus,</strong></span> <span class='ocrx_word' id='word_1_193' title='bbox 2685 1679 2788 1718; x_wconf 86' lang='lat' dir='ltr'><strong>nec</strong></span> <span class='ocrx_word' id='word_1_194' title='bbox 2847 1675 3045 1736; x_wconf 69' lang='lat' dir='ltr'><strong>prmtcr</strong></span> <span class='ocrx_word' id='word_1_195' title='bbox 3072 1669 3315 1726; x_wconf 81' lang='lat' dir='ltr'><strong>divinam</strong></span> <span class='ocrx_word' id='word_1_196' title='bbox 3357 1688 3458 1742; x_wconf 65' lang='lat' dir='ltr'><strong>pm</strong></span> <span class='ocrx_word' id='word_1_197' title='bbox 3498 1708 3503 1715; x_wconf 60' lang='grc' dir='ltr'><strong>ι</strong></span> 
     </span>
    </p>
   </div>
   <div class='ocr_carea' id='block_1_27' title="bbox 184 1746 1956 1818">
    <p class='ocr_par' dir='ltr' id='par_1_27' title="bbox 184 1746 1956 1818">
     <span class='ocr_line' id='line_1_27' title="bbox 184 1746 1956 1818; baseline 0.005 -23"><span class='ocrx_word' id='word_1_198' title='bbox 184 1748 458 1796; x_wconf 84' lang='lat' dir='ltr'><strong>testatem</strong></span> <span class='ocrx_word' id='word_1_199' title='bbox 505 1757 619 1813; x_wconf 89' lang='lat' dir='ltr'><strong>quo</strong></span> <span class='ocrx_word' id='word_1_200' title='bbox 672 1753 918 1801; x_wconf 88' lang='lat' dir='ltr'><strong>mentem</strong></span> <span class='ocrx_word' id='word_1_201' title='bbox 961 1755 1221 1802; x_wconf 86' lang='lat' dir='ltr'><strong>accurate</strong></span> <span class='ocrx_word' id='word_1_202' title='bbox 1256 1746 1548 1818; x_wconf 77' lang='lat' dir='ltr'><strong>inligamus</strong></span> <span class='ocrx_word' id='word_1_203' title='bbox 1597 1749 1956 1805; x_wconf 84' lang='lat' dir='ltr'><strong>habebimus.</strong></span> 
     </span>
    </p>
   </div>
   <div class='ocr_carea' id='block_1_28' title="bbox 265 1834 1769 1923">
    <p class='ocr_par' dir='ltr' id='par_1_28' title="bbox 265 1834 1769 1912">
     <span class='ocr_line' id='line_1_28' title="bbox 265 1834 1769 1912; baseline 0.006 -26"><span class='ocrx_word' id='word_1_204' title='bbox 265 1834 514 1899; x_wconf 77' lang='grc' dir='ltr'><strong>Τούτων,</strong></span> <span class='ocrx_word' id='word_1_205' title='bbox 569 1837 604 1907; x_wconf 69' lang='grc' dir='ltr'><strong>ἦ</strong></span> <span class='ocrx_word' id='word_1_206' title='bbox 631 1853 777 1902; x_wconf 88' lang='grc' dir='ltr'><strong>τινος</strong></span> <span class='ocrx_word' id='word_1_207' title='bbox 826 1838 1035 1894; x_wconf 86' lang='grc' dir='ltr'><strong>τούτων</strong></span> <span class='ocrx_word' id='word_1_208' title='bbox 1085 1840 1317 1911; x_wconf 79' lang='grc' dir='ltr'><strong>ἑρευνᾷν</strong></span> <span class='ocrx_word' id='word_1_209' title='bbox 1367 1842 1769 1912; x_wconf 74' lang='grc' dir='ltr'><strong>ἐπιχειροῦντες</strong></span> 
     </span>
    </p>
   </div>
   <div class='ocr_carea' id='block_1_29' title="bbox 1872 1834 3460 1923">
    <p class='ocr_par' dir='ltr' id='par_1_29' title="bbox 1955 1844 3460 1923">
     <span class='ocr_line' id='line_1_29' title="bbox 1955 1844 3460 1923; baseline 0.008 -26"><span class='ocrx_word' id='word_1_210' title='bbox 1955 1844 2136 1913; x_wconf 82' lang='lat' dir='ltr'><strong>Atque</strong></span> <span class='ocrx_word' id='word_1_211' title='bbox 2195 1845 2321 1910; x_wconf 92' lang='lat' dir='ltr'><strong>hoc,</strong></span> <span class='ocrx_word' id='word_1_212' title='bbox 2368 1855 2432 1901; x_wconf 92' lang='lat' dir='ltr'><strong>ut</strong></span> <span class='ocrx_word' id='word_1_213' title='bbox 2484 1848 2747 1914; x_wconf 85' lang='lat' dir='ltr'><strong>arbitror,</strong></span> <span class='ocrx_word' id='word_1_214' title='bbox 2796 1851 2930 1905; x_wconf 92' lang='lat' dir='ltr'><strong>illud</strong></span> <span class='ocrx_word' id='word_1_215' title='bbox 2981 1863 3067 1907; x_wconf 89' lang='lat' dir='ltr'><strong>est</strong></span> <span class='ocrx_word' id='word_1_216' title='bbox 3112 1854 3260 1923; x_wconf 89' lang='lat' dir='ltr'><strong>quod</strong></span> <span class='ocrx_word' id='word_1_217' title='bbox 3318 1856 3460 1911; x_wconf 73' lang='lat' dir='ltr'><strong>dixit</strong></span> 
     </span>
    </p>
   </div>
   <div class='ocr_carea' id='block_1_30' title="bbox 180 1917 1774 2003">
    <p class='ocr_par' dir='ltr' id='par_1_30' title="bbox 180 1917 1774 2003">
     <span class='ocr_line' id='line_1_30' title="bbox 180 1917 1774 2003; baseline 0.004 -24"><span class='ocrx_word' id='word_1_218' title='bbox 180 1927 325 1990; x_wconf 78' lang='grc' dir='ltr'><strong>τοὺς</strong></span> <span class='ocrx_word' id='word_1_219' title='bbox 363 1925 581 1995; x_wconf 79' lang='grc' dir='ltr'><strong>λόγους,</strong></span> <span class='ocrx_word' id='word_1_220' title='bbox 606 1929 790 1984; x_wconf 79' lang='grc' dir='ltr'><strong>άτονοι</strong></span> <span class='ocrx_word' id='word_1_221' title='bbox 827 1917 1107 1994; x_wconf 68' lang='grc' dir='ltr'><strong>παντελῶς</strong></span> <span class='ocrx_word' id='word_1_222' title='bbox 1137 1931 1230 1985; x_wconf 63' lang='grc' dir='ltr'><strong>καί⁸</strong></span> <span class='ocrx_word' id='word_1_223' title='bbox 1260 1932 1465 2000; x_wconf 77' lang='grc' dir='ltr'><strong>ἄφωνοι</strong></span> <span class='ocrx_word' id='word_1_224' title='bbox 1502 1934 1630 2003; x_wconf 79' lang='grc' dir='ltr'><strong>περὶ</strong></span> <span class='ocrx_word' id='word_1_225' title='bbox 1680 1931 1774 1985; x_wconf 78' lang='grc' dir='ltr'><strong>τὸν</strong></span> 
     </span>
    </p>
   </div>
   <div class='ocr_carea' id='block_1_31' title="bbox 182 2014 1775 2093">
    <p class='ocr_par' dir='ltr' id='par_1_31' title="bbox 182 2014 1775 2093">
     <span class='ocr_line' id='line_1_31' title="bbox 182 2014 1775 2093; baseline 0.004 -23"><span class='ocrx_word' id='word_1_226' title='bbox 182 2017 358 2086; x_wconf 81' lang='grc' dir='ltr'><strong>λόγον</strong></span> <span class='ocrx_word' id='word_1_227' title='bbox 385 2018 641 2090; x_wconf 76' lang='grc' dir='ltr'><strong>μένομεν,</strong></span> <span class='ocrx_word' id='word_1_228' title='bbox 675 2021 777 2074; x_wconf 92' lang='grc' dir='ltr'><strong>οὐκ</strong></span> <span class='ocrx_word' id='word_1_229' title='bbox 797 2020 1014 2092; x_wconf 75' lang='grc' dir='ltr'><strong>ἔχοντες</strong></span> <span class='ocrx_word' id='word_1_230' title='bbox 1046 2014 1092 2090; x_wconf 77' lang='grc' dir='ltr'><strong>ᾧ</strong></span> <span class='ocrx_word' id='word_1_231' title='bbox 1120 2040 1226 2076; x_wconf 89' lang='grc' dir='ltr'><strong>τινι</strong></span> <span class='ocrx_word' id='word_1_232' title='bbox 1259 2024 1352 2077; x_wconf 70' lang='grc' dir='ltr'><strong>τὸν</strong></span> <span class='ocrx_word' id='word_1_233' title='bbox 1376 2022 1501 2077; x_wconf 85' lang='grc' dir='ltr'><strong>νοῦν</strong></span> <span class='ocrx_word' id='word_1_234' title='bbox 1530 2021 1775 2093; x_wconf 81' lang='grc' dir='ltr'><strong>ἀκριϐῶς</strong></span> 
     </span>
    </p>
   </div>
   <div class='ocr_carea' id='block_1_32' title="bbox 186 2107 1771 2183">
    <p class='ocr_par' dir='ltr' id='par_1_32' title="bbox 186 2107 1771 2183">
     <span class='ocr_line' id='line_1_32' title="bbox 186 2107 1771 2183; baseline 0.001 -18"><span class='ocrx_word' id='word_1_235' title='bbox 186 2107 387 2178; x_wconf 73' lang='lat'><strong>(190</strong></span> <span class='ocrx_word' id='word_1_236' title='bbox 426 2109 477 2178; x_wconf 73' lang='grc' dir='ltr'><strong>ὑ)</strong></span> <span class='ocrx_word' id='word_1_237' title='bbox 508 2110 903 2181; x_wconf 70' lang='grc' dir='ltr'><strong>ὲπερεισόμεθα</strong></span> <span class='ocrx_word' id='word_1_238' title='bbox 930 2150 946 2175; x_wconf 94' lang='grc'><strong>,</strong></span> <span class='ocrx_word' id='word_1_239' title='bbox 978 2111 1119 2183; x_wconf 81' lang='grc' dir='ltr'><strong>πλὴν</strong></span> <span class='ocrx_word' id='word_1_240' title='bbox 1144 2112 1242 2183; x_wconf 83' lang='grc' dir='ltr'><strong>τῆς</strong></span> <span class='ocrx_word' id='word_1_241' title='bbox 1285 2111 1437 2176; x_wconf 74' lang='grc' dir='ltr'><strong>θείας</strong></span> <span class='ocrx_word' id='word_1_242' title='bbox 1470 2112 1771 2182; x_wconf 83' lang='grc' dir='ltr'><strong>δυνάμεως.</strong></span> 
     </span>
    </p>
   </div>
   <div class='ocr_carea' id='block_1_33' title="bbox 188 2199 1771 2275">
    <p class='ocr_par' dir='ltr' id='par_1_33' title="bbox 188 2199 1771 2275">
     <span class='ocr_line' id='line_1_33' title="bbox 188 2199 1771 2275; baseline 0.003 -23"><span class='ocrx_word' id='word_1_243' title='bbox 188 2199 313 2253; x_wconf 77' lang='grc' dir='ltr'><strong>Καὶ</strong></span> <span class='ocrx_word' id='word_1_244' title='bbox 340 2199 501 2254; x_wconf 88' lang='grc' dir='ltr'><strong>τοῦτό</strong></span> <span class='ocrx_word' id='word_1_245' title='bbox 539 2202 656 2255; x_wconf 72' lang='grc' dir='ltr'><strong>ἐστι</strong></span> <span class='ocrx_word' id='word_1_246' title='bbox 711 2201 776 2256; x_wconf 81' lang='grc' dir='ltr'><strong>τὸ</strong></span> <span class='ocrx_word' id='word_1_247' title='bbox 821 2202 1133 2274; x_wconf 70' lang='grc' dir='ltr'><strong>εἰρημένον,</strong></span> <span class='ocrx_word' id='word_1_248' title='bbox 1173 2204 1251 2267; x_wconf 85' lang='grc' dir='ltr'><strong>ὡς</strong></span> <span class='ocrx_word' id='word_1_249' title='bbox 1279 2199 1458 2274; x_wconf 82' lang='grc' dir='ltr'><strong>οἶμαι,</strong></span> <span class='ocrx_word' id='word_1_250' title='bbox 1511 2205 1590 2275; x_wconf 82' lang='grc' dir='ltr'><strong>τῷ</strong></span> <span class='ocrx_word' id='word_1_251' title='bbox 1611 2204 1771 2274; x_wconf 83' lang='grc' dir='ltr'><strong>ἁγίῳ,</strong></span> 
     </span>
    </p>
   </div>
   <div class='ocr_carea' id='block_1_34' title="bbox 182 2288 1777 2363">
    <p class='ocr_par' dir='ltr' id='par_1_34' title="bbox 182 2288 1777 2363">
     <span class='ocr_line' id='line_1_34' title="bbox 182 2288 1777 2363; baseline 0.004 -23"><span class='ocrx_word' id='word_1_252' title='bbox 182 2288 530 2357; x_wconf 76' lang='grc' dir='ltr'><strong>γυμνάζοντι</strong></span> <span class='ocrx_word' id='word_1_253' title='bbox 545 2288 636 2341; x_wconf 83' lang='grc' dir='ltr'><strong>τὸν</strong></span> <span class='ocrx_word' id='word_1_254' title='bbox 651 2289 916 2360; x_wconf 78' lang='grc' dir='ltr'><strong>ἡμέτερον</strong></span> <span class='ocrx_word' id='word_1_255' title='bbox 938 2289 1067 2345; x_wconf 87' lang='grc' dir='ltr'><strong>νοῦν</strong></span> <span class='ocrx_word' id='word_1_256' title='bbox 1090 2290 1226 2363; x_wconf 82' lang='grc' dir='ltr'><strong>πρὸς</strong></span> <span class='ocrx_word' id='word_1_257' title='bbox 1240 2291 1545 2357; x_wconf 85' lang='grc' dir='ltr'><strong>εὐσέϐειαν,</strong></span> <span class='ocrx_word' id='word_1_258' title='bbox 1571 2312 1589 2344; x_wconf 84' lang='grc' dir='ltr'><strong>ι</strong></span> <span class='ocrx_word' id='word_1_259' title='bbox 1617 2294 1777 2347; x_wconf 73' lang='grc' dir='ltr'><strong>Κατὰ</strong></span> 
     </span>
    </p>
   </div>
   <div class='ocr_carea' id='block_1_35' title="bbox 187 2380 1774 2456">
    <p class='ocr_par' dir='ltr' id='par_1_35' title="bbox 187 2380 1774 2456">
     <span class='ocr_line' id='line_1_35' title="bbox 187 2380 1774 2456; baseline 0.003 -23"><span class='ocrx_word' id='word_1_260' title='bbox 187 2380 397 2450; x_wconf 80' lang='grc' dir='ltr'><strong>μικρὸν</strong></span> <span class='ocrx_word' id='word_1_261' title='bbox 428 2380 581 2449; x_wconf 90' lang='grc' dir='ltr'><strong>γοῦν,</strong></span> <span class='ocrx_word' id='word_1_262' title='bbox 610 2382 733 2435; x_wconf 80' lang='grc' dir='ltr'><strong>οὐδὲ</strong></span> <span class='ocrx_word' id='word_1_263' title='bbox 771 2382 806 2453; x_wconf 78' lang='grc' dir='ltr'>ὴ</span> <span class='ocrx_word' id='word_1_264' title='bbox 839 2382 938 2452; x_wconf 85' lang='grc' dir='ltr'><strong>τῆς</strong></span> <span class='ocrx_word' id='word_1_265' title='bbox 973 2383 1208 2448; x_wconf 79' lang='grc' dir='ltr'><strong>κτίσεως</strong></span> <span class='ocrx_word' id='word_1_266' title='bbox 1241 2384 1478 2456; x_wconf 83' lang='grc' dir='ltr'><strong>ἀκριϐὴς</strong></span> <span class='ocrx_word' id='word_1_267' title='bbox 1504 2386 1774 2455; x_wconf 81' lang='grc' dir='ltr'><strong>κατανόη-</strong></span> 
     </span>
    </p>
   </div>
   <div class='ocr_carea' id='block_1_36' title="bbox 186 2470 1774 2546">
    <p class='ocr_par' dir='ltr' id='par_1_36' title="bbox 186 2470 1774 2546">
     <span class='ocr_line' id='line_1_36' title="bbox 186 2470 1774 2546; baseline 0.004 -25"><span class='ocrx_word' id='word_1_268' title='bbox 186 2486 304 2531; x_wconf 89' lang='grc' dir='ltr'><strong>σις.</strong></span> <span class='ocrx_word' id='word_1_269' title='bbox 349 2488 367 2521; x_wconf 74' lang='grc' dir='ltr'><strong>ι</strong></span> <span class='ocrx_word' id='word_1_270' title='bbox 408 2470 585 2539; x_wconf 78' lang='grc' dir='ltr'><strong>(1)Τδ</strong></span> <span class='ocrx_word' id='word_1_271' title='bbox 616 2470 696 2537; x_wconf 80' lang='grc' dir='ltr'><strong>δὲ,</strong></span> <span class='ocrx_word' id='word_1_272' title='bbox 743 2491 762 2525; x_wconf 81' lang='grc' dir='ltr'><strong>ι</strong></span> <span class='ocrx_word' id='word_1_273' title='bbox 816 2471 975 2527; x_wconf 81' lang='grc' dir='ltr'><strong>Ἀλλά</strong></span> <span class='ocrx_word' id='word_1_274' title='bbox 1008 2474 1144 2527; x_wconf 85' lang='grc' dir='ltr'><strong>πολὺ</strong></span> <span class='ocrx_word' id='word_1_275' title='bbox 1180 2473 1287 2545; x_wconf 79' lang='grc' dir='ltr'><strong>πρὸ</strong></span> <span class='ocrx_word' id='word_1_276' title='bbox 1330 2474 1535 2528; x_wconf 88' lang='grc' dir='ltr'><strong>τούτων</strong></span> <span class='ocrx_word' id='word_1_277' title='bbox 1569 2476 1602 2546; x_wconf 76' lang='grc' dir='ltr'>ἡ</span> <span class='ocrx_word' id='word_1_278' title='bbox 1634 2475 1774 2544; x_wconf 85' lang='grc' dir='ltr'><strong>ὑπὲρ</strong></span> 
     </span>
    </p>
   </div>
   <div class='ocr_carea' id='block_1_37' title="bbox 182 2559 1774 2636">
    <p class='ocr_par' dir='ltr' id='par_1_37' title="bbox 182 2559 1774 2636">
     <span class='ocr_line' id='line_1_37' title="bbox 182 2559 1774 2636; baseline 0.004 -23"><span class='ocrx_word' id='word_1_279' title='bbox 182 2560 370 2614; x_wconf 86' lang='grc' dir='ltr'><strong>ταῦτα</strong></span> <span class='ocrx_word' id='word_1_280' title='bbox 401 2564 496 2616; x_wconf 79' lang='grc' dir='ltr'><strong>καὶ</strong></span> <span class='ocrx_word' id='word_1_281' title='bbox 529 2562 590 2628; x_wconf 74' lang='grc' dir='ltr'><strong>ἐξ</strong></span> <span class='ocrx_word' id='word_1_282' title='bbox 620 2559 688 2634; x_wconf 77' lang='grc' dir='ltr'><strong>ἧς</strong></span> <span class='ocrx_word' id='word_1_283' title='bbox 713 2562 888 2618; x_wconf 87' lang='grc' dir='ltr'><strong>ταῦτα</strong></span> <span class='ocrx_word' id='word_1_284' title='bbox 926 2563 1110 2633; x_wconf 80' lang='grc' dir='ltr'><strong>φύσις,</strong></span> <span class='ocrx_word' id='word_1_285' title='bbox 1140 2564 1383 2636; x_wconf 80' lang='grc' dir='ltr'><strong>ἄληπτός</strong></span> <span class='ocrx_word' id='word_1_286' title='bbox 1410 2582 1469 2619; x_wconf 89' lang='grc' dir='ltr'><strong>τε</strong></span> <span class='ocrx_word' id='word_1_287' title='bbox 1510 2567 1605 2619; x_wconf 79' lang='grc' dir='ltr'><strong>καὶ</strong></span> <span class='ocrx_word' id='word_1_288' title='bbox 1636 2566 1774 2620; x_wconf 84' lang='grc' dir='ltr'><strong>άπε-</strong></span> 
     </span>
    </p>
   </div>
   <div class='ocr_carea' id='block_1_38' title="bbox 189 2652 1774 2728">
    <p class='ocr_par' dir='ltr' id='par_1_38' title="bbox 189 2652 1774 2728">
     <span class='ocr_line' id='line_1_38' title="bbox 189 2652 1774 2728; baseline 0.006 -25"><span class='ocrx_word' id='word_1_289' title='bbox 189 2652 479 2722; x_wconf 81' lang='grc' dir='ltr'><strong>ρίληπτος,</strong></span> <span class='ocrx_word' id='word_1_290' title='bbox 516 2672 536 2706; x_wconf 73' lang='grc' dir='ltr'><strong>ι</strong></span> <span class='ocrx_word' id='word_1_291' title='bbox 578 2656 721 2710; x_wconf 72' lang='grc' dir='ltr'><strong>κατὰ</strong></span> <span class='ocrx_word' id='word_1_292' title='bbox 754 2654 938 2709; x_wconf 88' lang='grc' dir='ltr'><strong>κοινοῦ</strong></span> <span class='ocrx_word' id='word_1_293' title='bbox 966 2654 1149 2709; x_wconf 81' lang='grc' dir='ltr'><strong>θετέον</strong></span> <span class='ocrx_word' id='word_1_294' title='bbox 1174 2656 1274 2726; x_wconf 83' lang='grc' dir='ltr'><strong>τῆς</strong></span> <span class='ocrx_word' id='word_1_295' title='bbox 1295 2656 1524 2721; x_wconf 77' lang='grc' dir='ltr'><strong>κτίσεως</strong></span> <span class='ocrx_word' id='word_1_296' title='bbox 1551 2658 1646 2712; x_wconf 76' lang='grc' dir='ltr'><strong>καὶ</strong></span> <span class='ocrx_word' id='word_1_297' title='bbox 1672 2658 1774 2728; x_wconf 78' lang='grc' dir='ltr'><strong>τῆς</strong></span> 
     </span>
    </p>
   </div>
   <div class='ocr_carea' id='block_1_39' title="bbox 184 2742 1774 2819">
    <p class='ocr_par' dir='ltr' id='par_1_39' title="bbox 184 2742 1774 2819">
     <span class='ocr_line' id='line_1_39' title="bbox 184 2742 1774 2819; baseline 0.003 -23"><span class='ocrx_word' id='word_1_298' title='bbox 184 2744 340 2816; x_wconf 73' lang='grc' dir='ltr'><strong>ὑπὲρ</strong></span> <span class='ocrx_word' id='word_1_299' title='bbox 363 2744 536 2800; x_wconf 82' lang='grc' dir='ltr'><strong>ταῦτα</strong></span> <span class='ocrx_word' id='word_1_300' title='bbox 587 2746 682 2801; x_wconf 76' lang='grc' dir='ltr'><strong>καὶ</strong></span> <span class='ocrx_word' id='word_1_301' title='bbox 713 2747 807 2816; x_wconf 83' lang='grc' dir='ltr'><strong>ἀφ’</strong></span> <span class='ocrx_word' id='word_1_302' title='bbox 838 2742 1057 2819; x_wconf 77' lang='grc' dir='ltr'><strong>ἧστινος</strong></span> <span class='ocrx_word' id='word_1_303' title='bbox 1086 2747 1263 2801; x_wconf 78' lang='grc' dir='ltr'><strong>ταῦτα</strong></span> <span class='ocrx_word' id='word_1_304' title='bbox 1288 2787 1304 2807; x_wconf 87' lang='grc'><strong>.</strong></span> <span class='ocrx_word' id='word_1_305' title='bbox 1331 2747 1531 2819; x_wconf 76' lang='grc' dir='ltr'><strong>δηλαδὴ</strong></span> <span class='ocrx_word' id='word_1_306' title='bbox 1561 2749 1630 2802; x_wconf 69' lang='grc' dir='ltr'><strong>τὰ</strong></span> <span class='ocrx_word' id='word_1_307' title='bbox 1660 2749 1774 2802; x_wconf 84' lang='grc' dir='ltr'><strong>κτί-</strong></span> 
     </span>
    </p>
   </div>
   <div class='ocr_carea' id='block_1_40' title="bbox 188 2837 1767 2910">
    <p class='ocr_par' dir='ltr' id='par_1_40' title="bbox 188 2837 1767 2910">
     <span class='ocr_line' id='line_1_40' title="bbox 188 2837 1767 2910; baseline 0.002 -20"><span class='ocrx_word' id='word_1_308' title='bbox 188 2854 399 2906; x_wconf 83' lang='grc' dir='ltr'><strong>σματα,</strong></span> <span class='ocrx_word' id='word_1_309' title='bbox 427 2837 642 2907; x_wconf 84' lang='grc' dir='ltr'><strong>φύσεως</strong></span> <span class='ocrx_word' id='word_1_310' title='bbox 671 2837 731 2892; x_wconf 81' lang='grc' dir='ltr'><strong>τὸ</strong></span> <span class='ocrx_word' id='word_1_311' title='bbox 752 2856 772 2891; x_wconf 79' lang='grc' dir='ltr'><strong>ι</strong></span> <span class='ocrx_word' id='word_1_312' title='bbox 808 2838 1086 2909; x_wconf 76' lang='grc' dir='ltr'><strong>’Δληπτός</strong></span> <span class='ocrx_word' id='word_1_313' title='bbox 1112 2855 1172 2894; x_wconf 88' lang='grc' dir='ltr'><strong>τε</strong></span> <span class='ocrx_word' id='word_1_314' title='bbox 1195 2840 1283 2894; x_wconf 54' lang='grc' dir='ltr'><strong>καὶ</strong></span> <span class='ocrx_word' id='word_1_315' title='bbox 1315 2839 1709 2910; x_wconf 79' lang='grc' dir='ltr'><strong>ἀπερίληπτος.</strong></span> <span class='ocrx_word' id='word_1_316' title='bbox 1747 2857 1767 2893; x_wconf 74' lang='grc' dir='ltr'><strong>ι</strong></span> 
     </span>
    </p>
   </div>
   <div class='ocr_carea' id='block_1_41' title="bbox 186 2928 1767 3004">
    <p class='ocr_par' dir='ltr' id='par_1_41' title="bbox 186 2928 1767 3004">
     <span class='ocr_line' id='line_1_41' title="bbox 186 2928 1767 3004; baseline 0.003 -22"><span class='ocrx_word' id='word_1_317' title='bbox 186 2928 268 2983; x_wconf 84' lang='grc' dir='ltr'><strong>Τὸ</strong></span> <span class='ocrx_word' id='word_1_318' title='bbox 299 2928 379 2994; x_wconf 82' lang='grc' dir='ltr'><strong>δὲ,</strong></span> <span class='ocrx_word' id='word_1_319' title='bbox 411 2948 430 2982; x_wconf 85' lang='grc' dir='ltr'><strong>ι</strong></span> <span class='ocrx_word' id='word_1_320' title='bbox 476 2931 590 3001; x_wconf 87' lang='grc' dir='ltr'><strong>Οὐχ</strong></span> <span class='ocrx_word' id='word_1_321' title='bbox 616 2931 698 2986; x_wconf 84' lang='grc' dir='ltr'><strong>ὅτι</strong></span> <span class='ocrx_word' id='word_1_322' title='bbox 727 2931 896 2997; x_wconf 69' lang='grc' dir='ltr'><strong>ἔστιν,</strong></span> <span class='ocrx_word' id='word_1_323' title='bbox 922 2932 1175 3003; x_wconf 78' lang='grc' dir='ltr'><strong>ἀλλ’ἧτις</strong></span> <span class='ocrx_word' id='word_1_324' title='bbox 1205 2952 1224 2987; x_wconf 71' lang='grc' dir='ltr'><strong>ι</strong></span> <span class='ocrx_word' id='word_1_325' title='bbox 1263 2934 1411 2986; x_wconf 71' lang='grc' dir='ltr'><strong>ἐστὶν</strong></span> <span class='ocrx_word' id='word_1_326' title='bbox 1434 2972 1450 2998; x_wconf 87' lang='grc'><strong>,</strong></span> <span class='ocrx_word' id='word_1_327' title='bbox 1478 2932 1767 3004; x_wconf 77' lang='grc' dir='ltr'><strong>ὲπενεχθὲν</strong></span> 
     </span>
    </p>
   </div>
   <div class='ocr_carea' id='block_1_42' title="bbox 187 3022 1771 3094">
    <p class='ocr_par' dir='ltr' id='par_1_42' title="bbox 187 3022 1771 3094">
     <span class='ocr_line' id='line_1_42' title="bbox 187 3022 1771 3094; baseline 0.001 -19"><span class='ocrx_word' id='word_1_328' title='bbox 187 3022 611 3093; x_wconf 72' lang='grc' dir='ltr'><strong>προκατάληψις</strong></span> <span class='ocrx_word' id='word_1_329' title='bbox 671 3022 823 3076; x_wconf 70' lang='grc' dir='ltr'><strong>ἐστιν</strong></span> <span class='ocrx_word' id='word_1_330' title='bbox 872 3022 1280 3093; x_wconf 75' lang='grc' dir='ltr'><strong>ἀνθυποφορᾶς.</strong></span> <span class='ocrx_word' id='word_1_331' title='bbox 1346 3023 1465 3076; x_wconf 82' lang='grc' dir='ltr'><strong>Ἵνα</strong></span> <span class='ocrx_word' id='word_1_332' title='bbox 1531 3022 1641 3094; x_wconf 82' lang='grc' dir='ltr'><strong>γὰρ</strong></span> <span class='ocrx_word' id='word_1_333' title='bbox 1696 3024 1771 3093; x_wconf 79' lang='grc' dir='ltr'><strong>μὴ</strong></span> 
     </span>
    </p>
   </div>
   <div class='ocr_carea' id='block_1_43' title="bbox 189 3109 1768 3185">
    <p class='ocr_par' dir='ltr' id='par_1_43' title="bbox 189 3109 1768 3185">
     <span class='ocr_line' id='line_1_43' title="bbox 189 3109 1768 3185; baseline 0.003 -22"><span class='ocrx_word' id='word_1_334' title='bbox 189 3110 523 3185; x_wconf 75' lang='grc' dir='ltr'><strong>καταδράμῃ</strong></span> <span class='ocrx_word' id='word_1_335' title='bbox 548 3110 714 3165; x_wconf 82' lang='grc' dir='ltr'><strong>αὑτοῦ</strong></span> <span class='ocrx_word' id='word_1_336' title='bbox 742 3111 879 3181; x_wconf 73' lang='grc' dir='ltr'><strong>πρὸς</strong></span> <span class='ocrx_word' id='word_1_337' title='bbox 912 3111 971 3165; x_wconf 86' lang='grc' dir='ltr'><strong>ὃν</strong></span> <span class='ocrx_word' id='word_1_338' title='bbox 1003 3109 1033 3163; x_wconf 82' lang='grc' dir='ltr'><strong>ό</strong></span> <span class='ocrx_word' id='word_1_339' title='bbox 1062 3111 1242 3181; x_wconf 82' lang='grc' dir='ltr'><strong>λόγος,</strong></span> <span class='ocrx_word' id='word_1_340' title='bbox 1274 3113 1522 3181; x_wconf 79' lang='grc' dir='ltr'><strong>φάσκων,</strong></span> <span class='ocrx_word' id='word_1_341' title='bbox 1555 3112 1768 3167; x_wconf 83' lang='grc' dir='ltr'><strong>Οὐκοῦν</strong></span> 
     </span>
    </p>
   </div>
   <div class='ocr_carea' id='block_1_44' title="bbox 1876 1942 3453 2011">
    <p class='ocr_par' dir='ltr' id='par_1_44' title="bbox 1876 1942 3453 2011">
     <span class='ocr_line' id='line_1_44' title="bbox 1876 1942 3453 2011; baseline 0.009 -22"><span class='ocrx_word' id='word_1_342' title='bbox 1876 1943 2130 2000; x_wconf 86' lang='lat' dir='ltr'><strong>sanctus,</strong></span> <span class='ocrx_word' id='word_1_343' title='bbox 2180 1944 2425 1991; x_wconf 91' lang='lat' dir='ltr'><strong>mentem</strong></span> <span class='ocrx_word' id='word_1_344' title='bbox 2481 1949 2727 1993; x_wconf 89' lang='lat' dir='ltr'><strong>nostram</strong></span> <span class='ocrx_word' id='word_1_345' title='bbox 2774 1942 2841 1995; x_wconf 87' lang='lat' dir='ltr'><strong>ad</strong></span> <span class='ocrx_word' id='word_1_346' title='bbox 2871 1942 3132 2011; x_wconf 90' lang='lat' dir='ltr'><strong>pietatem</strong></span> <span class='ocrx_word' id='word_1_347' title='bbox 3165 1962 3453 2009; x_wconf 81' lang='lat' dir='ltr'><strong>exercens,</strong></span> 
     </span>
    </p>
   </div>
   <div class='ocr_carea' id='block_1_45' title="bbox 1884 2026 3459 2102">
    <p class='ocr_par' dir='ltr' id='par_1_45' title="bbox 1884 2026 3459 2102">
     <span class='ocr_line' id='line_1_45' title="bbox 1884 2026 3459 2102; baseline 0.008 -22"><span class='ocrx_word' id='word_1_348' title='bbox 1884 2046 1902 2078; x_wconf 83' lang='grc' dir='ltr'><strong>ι</strong></span> <span class='ocrx_word' id='word_1_349' title='bbox 1935 2026 2047 2082; x_wconf 84' lang='lat' dir='ltr'><strong>Nec</strong></span> <span class='ocrx_word' id='word_1_350' title='bbox 2089 2027 2253 2096; x_wconf 89' lang='lat' dir='ltr'><strong>plena</strong></span> <span class='ocrx_word' id='word_1_351' title='bbox 2296 2038 2354 2082; x_wconf 92' lang='lat' dir='ltr'><strong>et</strong></span> <span class='ocrx_word' id='word_1_352' title='bbox 2386 2038 2646 2085; x_wconf 82' lang='lat' dir='ltr'><strong>accurata</strong></span> <span class='ocrx_word' id='word_1_353' title='bbox 2678 2032 2765 2087; x_wconf 90' lang='lat' dir='ltr'><strong>vel</strong></span> <span class='ocrx_word' id='word_1_354' title='bbox 2806 2035 3093 2102; x_wconf 86' lang='lat' dir='ltr'><strong>paululum</strong></span> <span class='ocrx_word' id='word_1_355' title='bbox 3121 2038 3459 2093; x_wconf 88' lang='lat' dir='ltr'><strong>conditionis</strong></span> 
     </span>
    </p>
   </div>
   <div class='ocr_carea' id='block_1_46' title="bbox 1877 2119 3456 2189">
    <p class='ocr_par' dir='ltr' id='par_1_46' title="bbox 1877 2119 3456 2189">
     <span class='ocr_line' id='line_1_46' title="bbox 1877 2119 3456 2189; baseline 0.008 -17"><span class='ocrx_word' id='word_1_356' title='bbox 1877 2119 2182 2189; x_wconf 92' lang='lat' dir='ltr'><strong>perceptio.</strong></span> <span class='ocrx_word' id='word_1_357' title='bbox 2224 2140 2242 2171; x_wconf 72' lang='grc' dir='ltr'><strong>ι</strong></span> <span class='ocrx_word' id='word_1_358' title='bbox 2306 2120 2464 2187; x_wconf 84' lang='lat' dir='ltr'><strong>Quod</strong></span> <span class='ocrx_word' id='word_1_359' title='bbox 2512 2138 2648 2178; x_wconf 87' lang='lat' dir='ltr'><strong>vero</strong></span> <span class='ocrx_word' id='word_1_360' title='bbox 2690 2124 2761 2179; x_wconf 90' lang='lat' dir='ltr'><strong>ad</strong></span> <span class='ocrx_word' id='word_1_361' title='bbox 2805 2126 2939 2181; x_wconf 89' lang='lat' dir='ltr'><strong>illud</strong></span> <span class='ocrx_word' id='word_1_362' title='bbox 2972 2128 3173 2183; x_wconf 85' lang='lat' dir='ltr'><strong>attinet</strong></span> <span class='ocrx_word' id='word_1_363' title='bbox 3208 2146 3222 2183; x_wconf 92' lang='lat'>:</span> <span class='ocrx_word' id='word_1_364' title='bbox 3269 2149 3289 2181; x_wconf 83' lang='grc' dir='ltr'><strong>ι</strong></span> <span class='ocrx_word' id='word_1_365' title='bbox 3350 2131 3456 2187; x_wconf 85' lang='lat' dir='ltr'><strong>Sed</strong></span> 
     </span>
    </p>
   </div>
   <div class='ocr_carea' id='block_1_47' title="bbox 1877 2210 3457 2292">
    <p class='ocr_par' dir='ltr' id='par_1_47' title="bbox 1877 2210 3457 2292">
     <span class='ocr_line' id='line_1_47' title="bbox 1877 2210 3457 2292; baseline 0.008 -29"><span class='ocrx_word' id='word_1_366' title='bbox 1877 2210 2051 2264; x_wconf 90' lang='lat' dir='ltr'><strong>multo</strong></span> <span class='ocrx_word' id='word_1_367' title='bbox 2084 2211 2258 2281; x_wconf 89' lang='lat' dir='ltr'><strong>magis</strong></span> <span class='ocrx_word' id='word_1_368' title='bbox 2301 2219 2498 2267; x_wconf 88' lang='lat' dir='ltr'><strong>natura</strong></span> <span class='ocrx_word' id='word_1_369' title='bbox 2539 2214 2631 2268; x_wconf 89' lang='lat' dir='ltr'><strong>illa</strong></span> <span class='ocrx_word' id='word_1_370' title='bbox 2670 2214 2759 2271; x_wconf 89' lang='lat' dir='ltr'><strong>his</strong></span> <span class='ocrx_word' id='word_1_371' title='bbox 2801 2217 3115 2281; x_wconf 88' lang='lat' dir='ltr'><strong>sublimior,</strong></span> <span class='ocrx_word' id='word_1_372' title='bbox 3151 2230 3209 2275; x_wconf 91' lang='lat' dir='ltr'><strong>et</strong></span> <span class='ocrx_word' id='word_1_373' title='bbox 3240 2236 3309 2275; x_wconf 81' lang='lat' dir='ltr'><strong>ex</strong></span> <span class='ocrx_word' id='word_1_374' title='bbox 3348 2237 3457 2292; x_wconf 84' lang='lat' dir='ltr'><strong>qua</strong></span> 
     </span>
    </p>
   </div>
   <div class='ocr_carea' id='block_1_48' title="bbox 1878 2300 3458 2382">
    <p class='ocr_par' dir='ltr' id='par_1_48' title="bbox 1878 2300 3458 2382">
     <span class='ocr_line' id='line_1_48' title="bbox 1878 2300 3458 2382; baseline 0.01 -29"><span class='ocrx_word' id='word_1_375' title='bbox 1878 2300 1994 2355; x_wconf 76' lang='lat' dir='ltr'><strong>luce</strong></span> <span class='ocrx_word' id='word_1_376' title='bbox 2033 2302 2305 2372; x_wconf 90' lang='lat' dir='ltr'><strong>originem</strong></span> <span class='ocrx_word' id='word_1_377' title='bbox 2345 2311 2634 2361; x_wconf 75' lang='lat' dir='ltr'><strong>traxerunt</strong></span> <span class='ocrx_word' id='word_1_378' title='bbox 2682 2308 3140 2378; x_wconf 89' lang='lat' dir='ltr'><strong>imperceptibilis</strong></span> <span class='ocrx_word' id='word_1_379' title='bbox 3175 2322 3342 2382; x_wconf 89' lang='lat' dir='ltr'><strong>atque</strong></span> <span class='ocrx_word' id='word_1_380' title='bbox 3373 2316 3458 2369; x_wconf 89' lang='lat' dir='ltr'><strong>in-</strong></span> 
     </span>
    </p>
   </div>
   <div class='ocr_carea' id='block_1_49' title="bbox 1875 2390 3456 2467">
    <p class='ocr_par' dir='ltr' id='par_1_49' title="bbox 1875 2390 3456 2467">
     <span class='ocr_line' id='line_1_49' title="bbox 1875 2390 3456 2467; baseline 0.011 -26"><span class='ocrx_word' id='word_1_381' title='bbox 1875 2390 2425 2458; x_wconf 86' lang='lat' dir='ltr'><strong>comprehensibilis,</strong></span> <span class='ocrx_word' id='word_1_382' title='bbox 2471 2412 2490 2445; x_wconf 76' lang='grc'><strong>»</strong></span> <span class='ocrx_word' id='word_1_383' title='bbox 2535 2394 2697 2459; x_wconf 91' lang='lat' dir='ltr'><strong>illud,</strong></span> <span class='ocrx_word' id='word_1_384' title='bbox 2750 2415 2768 2447; x_wconf 77' lang='grc' dir='ltr'><strong>ι</strong></span> <span class='ocrx_word' id='word_1_385' title='bbox 2801 2396 3259 2467; x_wconf 88' lang='lat' dir='ltr'><strong>imperceptibilis</strong></span> <span class='ocrx_word' id='word_1_386' title='bbox 3284 2412 3341 2458; x_wconf 90' lang='lat' dir='ltr'><strong>et</strong></span> <span class='ocrx_word' id='word_1_387' title='bbox 3370 2403 3456 2457; x_wconf 86' lang='lat' dir='ltr'><strong>in-</strong></span> 
     </span>
    </p>
   </div>
   <div class='ocr_carea' id='block_1_50' title="bbox 1875 2482 3457 2551">
    <p class='ocr_par' dir='ltr' id='par_1_50' title="bbox 1875 2482 3457 2551">
     <span class='ocr_line' id='line_1_50' title="bbox 1875 2482 3457 2551; baseline 0.009 -17"><span class='ocrx_word' id='word_1_388' title='bbox 1875 2482 2411 2551; x_wconf 89' lang='lat' dir='ltr'><strong>comprehensibilis,</strong></span> <span class='ocrx_word' id='word_1_389' title='bbox 2440 2504 2458 2535; x_wconf 76' lang='grc' dir='ltr'><strong>ι</strong></span> <span class='ocrx_word' id='word_1_390' title='bbox 2497 2484 2553 2539; x_wconf 91' lang='lat' dir='ltr'><strong>in</strong></span> <span class='ocrx_word' id='word_1_391' title='bbox 2577 2500 2871 2542; x_wconf 90' lang='lat' dir='ltr'><strong>commune</strong></span> <span class='ocrx_word' id='word_1_392' title='bbox 2914 2498 3001 2543; x_wconf 88' lang='lat' dir='ltr'><strong>est</strong></span> <span class='ocrx_word' id='word_1_393' title='bbox 3027 2489 3096 2544; x_wconf 91' lang='lat' dir='ltr'><strong>de</strong></span> <span class='ocrx_word' id='word_1_394' title='bbox 3138 2492 3457 2549; x_wconf 86' lang='lat' dir='ltr'><strong>conditione</strong></span> 
     </span>
    </p>
   </div>
   <div class='ocr_carea' id='block_1_51' title="bbox 1876 2574 3483 2654">
    <p class='ocr_par' dir='ltr' id='par_1_51' title="bbox 1876 2574 3483 2654">
     <span class='ocr_line' id='line_1_51' title="bbox 1876 2574 3483 2654; baseline 0.01 -30"><span class='ocrx_word' id='word_1_395' title='bbox 1876 2579 1935 2625; x_wconf 85' lang='lat' dir='ltr'><strong>et</strong></span> <span class='ocrx_word' id='word_1_396' title='bbox 1977 2581 2175 2627; x_wconf 89' lang='lat' dir='ltr'><strong>natura</strong></span> <span class='ocrx_word' id='word_1_397' title='bbox 2209 2574 2297 2630; x_wconf 92' lang='lat' dir='ltr'><strong>his</strong></span> <span class='ocrx_word' id='word_1_398' title='bbox 2326 2574 2678 2642; x_wconf 87' lang='lat' dir='ltr'><strong>sublimiore,</strong></span> <span class='ocrx_word' id='word_1_399' title='bbox 2701 2586 2760 2631; x_wconf 90' lang='lat' dir='ltr'><strong>et</strong></span> <span class='ocrx_word' id='word_1_400' title='bbox 2782 2593 2849 2632; x_wconf 75' lang='lat' dir='ltr'><strong>ex</strong></span> <span class='ocrx_word' id='word_1_401' title='bbox 2888 2593 2998 2649; x_wconf 87' lang='lat' dir='ltr'><strong>qua</strong></span> <span class='ocrx_word' id='word_1_402' title='bbox 3042 2580 3158 2636; x_wconf 64' lang='lat' dir='ltr'><strong>haec</strong></span> <span class='ocrx_word' id='word_1_403' title='bbox 3181 2582 3483 2654; x_wconf 74' lang='lat' dir='ltr'><strong>originem‘</strong></span> 
     </span>
    </p>
   </div>
   <div class='ocr_carea' id='block_1_52' title="bbox 1879 2665 3453 2746">
    <p class='ocr_par' dir='ltr' id='par_1_52' title="bbox 1879 2665 3453 2746">
     <span class='ocr_line' id='line_1_52' title="bbox 1879 2665 3453 2746; baseline 0.012 -34"><span class='ocrx_word' id='word_1_404' title='bbox 1879 2669 2188 2724; x_wconf 72' lang='lat' dir='ltr'><strong>traxerunt.</strong></span> <span class='ocrx_word' id='word_1_405' title='bbox 2214 2674 2300 2718; x_wconf 90' lang='lat' dir='ltr'><strong>est</strong></span> <span class='ocrx_word' id='word_1_406' title='bbox 2319 2665 2565 2730; x_wconf 88' lang='lat' dir='ltr'><strong>condita,</strong></span> <span class='ocrx_word' id='word_1_407' title='bbox 2592 2669 2945 2725; x_wconf 89' lang='lat' dir='ltr'><strong>sumendum.</strong></span> <span class='ocrx_word' id='word_1_408' title='bbox 2982 2672 3118 2727; x_wconf 89' lang='lat' dir='ltr'><strong>Illud</strong></span> <span class='ocrx_word' id='word_1_409' title='bbox 3151 2690 3282 2729; x_wconf 90' lang='lat' dir='ltr'><strong>vero</strong></span> <span class='ocrx_word' id='word_1_410' title='bbox 3305 2679 3453 2746; x_wconf 90' lang='lat' dir='ltr'><strong>quod</strong></span> 
     </span>
    </p>
   </div>
   <div class='ocr_carea' id='block_1_53' title="bbox 1875 2748 3517 2835">
    <p class='ocr_par' dir='ltr' id='par_1_53' title="bbox 1875 2748 3517 2835">
     <span class='ocr_line' id='line_1_53' title="bbox 1875 2748 3517 2835; baseline 0.012 -33"><span class='ocrx_word' id='word_1_411' title='bbox 1875 2748 2050 2815; x_wconf 86' lang='lat' dir='ltr'><strong>addit,</strong></span> <span class='ocrx_word' id='word_1_412' title='bbox 2091 2769 2107 2799; x_wconf 76' lang='grc' dir='ltr'><strong><em>ο</em></strong></span> <span class='ocrx_word' id='word_1_413' title='bbox 2140 2751 2260 2806; x_wconf 87' lang='lat' dir='ltr'><strong>Non</strong></span> <span class='ocrx_word' id='word_1_414' title='bbox 2314 2754 2462 2823; x_wconf 91' lang='lat' dir='ltr'><strong>quod</strong></span> <span class='ocrx_word' id='word_1_415' title='bbox 2513 2765 2618 2820; x_wconf 90' lang='lat' dir='ltr'><strong>est,</strong></span> <span class='ocrx_word' id='word_1_416' title='bbox 2647 2756 2741 2811; x_wconf 88' lang='lat' dir='ltr'><strong>sed</strong></span> <span class='ocrx_word' id='word_1_417' title='bbox 2778 2773 2921 2825; x_wconf 65' lang='lat' dir='ltr'><strong>quae,</strong></span> <span class='ocrx_word' id='word_1_418' title='bbox 2958 2779 2976 2811; x_wconf 75' lang='grc' dir='ltr'><strong>ι</strong></span> <span class='ocrx_word' id='word_1_419' title='bbox 3009 2770 3095 2816; x_wconf 84' lang='grc' dir='ltr'><strong>εει</strong></span> <span class='ocrx_word' id='word_1_420' title='bbox 3129 2764 3455 2835; x_wconf 82' lang='lat' dir='ltr'><strong>anticipatio</strong></span> <span class='ocrx_word' id='word_1_421' title='bbox 3515 2809 3517 2811; x_wconf 73' lang='lat'><strong><em>.</em></strong></span> 
     </span>
    </p>
   </div>
   <div class='ocr_carea' id='block_1_54' title="bbox 1874 2841 3457 2925">
    <p class='ocr_par' dir='ltr' id='par_1_54' title="bbox 1874 2841 3457 2925">
     <span class='ocr_line' id='line_1_54' title="bbox 1874 2841 3457 2925; baseline 0.012 -32"><span class='ocrx_word' id='word_1_422' title='bbox 1874 2841 2256 2911; x_wconf 88' lang='lat' dir='ltr'><strong>subjectionis.</strong></span> <span class='ocrx_word' id='word_1_423' title='bbox 2313 2842 2392 2899; x_wconf 82' lang='grc' dir='ltr'><strong>Νε</strong></span> <span class='ocrx_word' id='word_1_424' title='bbox 2446 2846 2595 2900; x_wconf 90' lang='lat' dir='ltr'><strong>enim</strong></span> <span class='ocrx_word' id='word_1_425' title='bbox 2631 2847 2876 2903; x_wconf 76' lang='lat' dir='ltr'><strong>oﬁ‘endat</strong></span> <span class='ocrx_word' id='word_1_426' title='bbox 2914 2850 2985 2904; x_wconf 90' lang='lat' dir='ltr'><strong>ad</strong></span> <span class='ocrx_word' id='word_1_427' title='bbox 3013 2866 3177 2921; x_wconf 89' lang='lat' dir='ltr'><strong>quem</strong></span> <span class='ocrx_word' id='word_1_428' title='bbox 3211 2855 3331 2925; x_wconf 87' lang='lat' dir='ltr'><strong>ejus</strong></span> <span class='ocrx_word' id='word_1_429' title='bbox 3369 2867 3457 2912; x_wconf 80' lang='lat' dir='ltr'><strong>est</strong></span> 
     </span>
    </p>
   </div>
   <div class='ocr_carea' id='block_1_55' title="bbox 1877 2930 3452 3016">
    <p class='ocr_par' dir='ltr' id='par_1_55' title="bbox 1877 2930 3452 3016">
     <span class='ocr_line' id='line_1_55' title="bbox 1877 2930 3452 3016; baseline 0.012 -33"><span class='ocrx_word' id='word_1_430' title='bbox 1877 2943 2082 2993; x_wconf 87' lang='lat' dir='ltr'><strong>sermo,</strong></span> <span class='ocrx_word' id='word_1_431' title='bbox 2108 2930 2339 2987; x_wconf 89' lang='lat' dir='ltr'><strong>dicens:</strong></span> <span class='ocrx_word' id='word_1_432' title='bbox 2376 2934 2563 3005; x_wconf 87' lang='lat' dir='ltr'><strong>Itaque</strong></span> <span class='ocrx_word' id='word_1_433' title='bbox 2606 2938 2652 2991; x_wconf 90' lang='lat' dir='ltr'><strong>si</strong></span> <span class='ocrx_word' id='word_1_434' title='bbox 2694 2937 3129 3009; x_wconf 89' lang='lat' dir='ltr'><strong>imperceptibile</strong></span> <span class='ocrx_word' id='word_1_435' title='bbox 3174 2955 3260 2999; x_wconf 90' lang='lat' dir='ltr'><strong>est</strong></span> <span class='ocrx_word' id='word_1_436' title='bbox 3303 2952 3452 3016; x_wconf 84' lang='lat' dir='ltr'><strong>quod</strong></span> 
     </span>
    </p>
   </div>
   <div class='ocr_carea' id='block_1_56' title="bbox 1874 3018 3451 3096">
    <p class='ocr_par' dir='ltr' id='par_1_56' title="bbox 1874 3018 3451 3096">
     <span class='ocr_line' id='line_1_56' title="bbox 1874 3018 3451 3096; baseline 0.013 -26"><span class='ocrx_word' id='word_1_437' title='bbox 1874 3018 2108 3073; x_wconf 88' lang='lat' dir='ltr'><strong>colimus</strong></span> <span class='ocrx_word' id='word_1_438' title='bbox 2142 3036 2204 3075; x_wconf 89' lang='lat' dir='ltr'><strong>ac</strong></span> <span class='ocrx_word' id='word_1_439' title='bbox 2243 3037 2590 3088; x_wconf 87' lang='lat' dir='ltr'><strong>veneramur,</strong></span> <span class='ocrx_word' id='word_1_440' title='bbox 2638 3040 2771 3080; x_wconf 83' lang='lat' dir='ltr'><strong>vana</strong></span> <span class='ocrx_word' id='word_1_441' title='bbox 2809 3026 2977 3096; x_wconf 82' lang='lat' dir='ltr'><strong>igitur</strong></span> <span class='ocrx_word' id='word_1_442' title='bbox 3007 3029 3451 3091; x_wconf 88' lang='lat' dir='ltr'><strong>Christianorum</strong></span> 
     </span>
    </p>
   </div>
   <div class='ocr_carea' id='block_1_57' title="bbox 1877 3110 3449 3193">
    <p class='ocr_par' dir='ltr' id='par_1_57' title="bbox 1877 3110 3449 3193">
     <span class='ocr_line' id='line_1_57' title="bbox 1877 3110 3449 3193; baseline 0.013 -31"><span class='ocrx_word' id='word_1_443' title='bbox 1877 3110 2217 3178; x_wconf 73' lang='lat' dir='ltr'><strong>przedicatio,</strong></span> <span class='ocrx_word' id='word_1_444' title='bbox 2247 3130 2385 3168; x_wconf 89' lang='lat' dir='ltr'><strong>vana</strong></span> <span class='ocrx_word' id='word_1_445' title='bbox 2419 3116 2587 3169; x_wconf 88' lang='lat' dir='ltr'><strong>etiam</strong></span> <span class='ocrx_word' id='word_1_446' title='bbox 2618 3117 2752 3173; x_wconf 87' lang='lat' dir='ltr'><strong>ﬁdes</strong></span> <span class='ocrx_word' id='word_1_447' title='bbox 2782 3134 2847 3173; x_wconf 85' lang='lat' dir='ltr'><strong>ac</strong></span> <span class='ocrx_word' id='word_1_448' title='bbox 2868 3135 3137 3190; x_wconf 87' lang='lat' dir='ltr'><strong>nusquam</strong></span> <span class='ocrx_word' id='word_1_449' title='bbox 3182 3126 3449 3193; x_wconf 86' lang='lat' dir='ltr'><strong>stabilita,</strong></span> 
     </span>
    </p>
   </div>
   <div class='ocr_carea' id='block_1_58' title="bbox 190 3200 1769 3277">
    <p class='ocr_par' dir='ltr' id='par_1_58' title="bbox 190 3200 1766 3276">
     <span class='ocr_line' id='line_1_58' title="bbox 190 3200 1766 3276; baseline 0.003 -22"><span class='ocrx_word' id='word_1_450' title='bbox 190 3202 242 3254; x_wconf 87' lang='grc' dir='ltr'><strong>εἰ</strong></span> <span class='ocrx_word' id='word_1_451' title='bbox 261 3200 505 3272; x_wconf 77' lang='grc' dir='ltr'><strong>ἄληπτον</strong></span> <span class='ocrx_word' id='word_1_452' title='bbox 540 3201 717 3271; x_wconf 85' lang='grc' dir='ltr'><strong>πάντη</strong></span> <span class='ocrx_word' id='word_1_453' title='bbox 747 3202 809 3255; x_wconf 86' lang='grc' dir='ltr'><strong>τὸ</strong></span> <span class='ocrx_word' id='word_1_454' title='bbox 835 3201 999 3266; x_wconf 82' lang='grc' dir='ltr'><strong>σέϐας</strong></span> <span class='ocrx_word' id='word_1_455' title='bbox 1022 3201 1200 3272; x_wconf 78' lang='grc' dir='ltr'><strong>ἡμῶν,</strong></span> <span class='ocrx_word' id='word_1_456' title='bbox 1234 3204 1389 3257; x_wconf 70' lang='grc' dir='ltr'><strong>κενὸν</strong></span> <span class='ocrx_word' id='word_1_457' title='bbox 1423 3204 1530 3276; x_wconf 80' lang='grc' dir='ltr'><strong>ἄρα</strong></span> <span class='ocrx_word' id='word_1_458' title='bbox 1552 3205 1613 3258; x_wconf 84' lang='grc' dir='ltr'><strong>τὸ</strong></span> <span class='ocrx_word' id='word_1_459' title='bbox 1635 3206 1766 3275; x_wconf 79' lang='grc' dir='ltr'><strong>Χρι·</strong></span> 
     </span>
    </p>
   </div>
   <div class='ocr_carea' id='block_1_59' title="bbox 1872 3200 3449 3277">
    <p class='ocr_par' dir='ltr' id='par_1_59' title="bbox 1875 3202 3449 3277">
     <span class='ocr_line' id='line_1_59' title="bbox 1875 3202 3449 3277; baseline 0.014 -22"><span class='ocrx_word' id='word_1_460' title='bbox 1875 3202 1991 3256; x_wconf 69' lang='lat' dir='ltr'><strong>haec</strong></span> <span class='ocrx_word' id='word_1_461' title='bbox 2039 3204 2249 3273; x_wconf 80' lang='lat' dir='ltr'><strong>profert</strong></span> <span class='ocrx_word' id='word_1_462' title='bbox 2295 3217 2356 3262; x_wconf 92' lang='lat' dir='ltr'><strong>ut</strong></span> <span class='ocrx_word' id='word_1_463' title='bbox 2393 3217 2689 3276; x_wconf 66' lang='lat' dir='ltr'><strong>praevertat</strong></span> <span class='ocrx_word' id='word_1_464' title='bbox 2725 3211 3155 3271; x_wconf 87' lang='lat' dir='ltr'><strong>obtrectatorem</strong></span> <span class='ocrx_word' id='word_1_465' title='bbox 3180 3219 3297 3274; x_wconf 88' lang='lat' dir='ltr'><strong>sive</strong></span> <span class='ocrx_word' id='word_1_466' title='bbox 3330 3236 3449 3277; x_wconf 91' lang='lat' dir='ltr'><strong>ser-</strong></span> 
     </span>
    </p>
   </div>
   <div class='ocr_carea' id='block_1_60' title="bbox 189 3292 1768 3365">
    <p class='ocr_par' dir='ltr' id='par_1_60' title="bbox 189 3292 1768 3365">
     <span class='ocr_line' id='line_1_60' title="bbox 189 3292 1768 3365; baseline 0.001 -17"><span class='ocrx_word' id='word_1_467' title='bbox 189 3293 427 3348; x_wconf 84' lang='grc' dir='ltr'><strong>στιανῶν</strong></span> <span class='ocrx_word' id='word_1_468' title='bbox 455 3295 737 3365; x_wconf 83' lang='grc' dir='ltr'><strong>κήρυγμα,</strong></span> <span class='ocrx_word' id='word_1_469' title='bbox 766 3292 897 3363; x_wconf 82' lang='grc' dir='ltr'><strong>κενὴ</strong></span> <span class='ocrx_word' id='word_1_470' title='bbox 921 3293 980 3347; x_wconf 69' lang='grc' dir='ltr'><strong>δὲ</strong></span> <span class='ocrx_word' id='word_1_471' title='bbox 1015 3294 1111 3348; x_wconf 78' lang='grc' dir='ltr'><strong>καὶ</strong></span> <span class='ocrx_word' id='word_1_472' title='bbox 1147 3294 1182 3365; x_wconf 80' lang='grc' dir='ltr'><strong>ἠ</strong></span> <span class='ocrx_word' id='word_1_473' title='bbox 1218 3294 1420 3360; x_wconf 88' lang='grc' dir='ltr'><strong>πίστις,</strong></span> <span class='ocrx_word' id='word_1_474' title='bbox 1452 3295 1574 3349; x_wconf 82' lang='grc' dir='ltr'><strong>κατ’</strong></span> <span class='ocrx_word' id='word_1_475' title='bbox 1616 3297 1768 3350; x_wconf 77' lang='grc' dir='ltr'><strong>οὐδεο</strong></span> 
     </span>
    </p>
   </div>
   <div class='ocr_carea' id='block_1_61' title="bbox 190 3381 1770 3455">
    <p class='ocr_par' dir='ltr' id='par_1_61' title="bbox 190 3381 1770 3455">
     <span class='ocr_line' id='line_1_61' title="bbox 190 3381 1770 3455; baseline -0.001 -18"><span class='ocrx_word' id='word_1_476' title='bbox 190 3385 282 3449; x_wconf 79' lang='grc' dir='ltr'><strong>νὸς</strong></span> <span class='ocrx_word' id='word_1_477' title='bbox 331 3382 721 3455; x_wconf 74' lang='grc' dir='ltr'><strong>στηριζομένη,</strong></span> <span class='ocrx_word' id='word_1_478' title='bbox 768 3381 945 3437; x_wconf 83' lang='grc' dir='ltr'><strong>ταῦτά</strong></span> <span class='ocrx_word' id='word_1_479' title='bbox 1018 3399 1157 3453; x_wconf 84' lang='grc' dir='ltr'><strong>φησι</strong></span> <span class='ocrx_word' id='word_1_480' title='bbox 1220 3383 1625 3454; x_wconf 82' lang='grc' dir='ltr'><strong>προλαμϐάνων</strong></span> <span class='ocrx_word' id='word_1_481' title='bbox 1682 3385 1770 3438; x_wconf 73' lang='grc' dir='ltr'><strong>τὸν</strong></span> 
     </span>
    </p>
   </div>
   <div class='ocr_carea' id='block_1_62' title="bbox 188 3475 1768 3549">
    <p class='ocr_par' dir='ltr' id='par_1_62' title="bbox 188 3475 1768 3549">
     <span class='ocr_line' id='line_1_62' title="bbox 188 3475 1768 3549; baseline 0 -21"><span class='ocrx_word' id='word_1_482' title='bbox 188 3477 542 3548; x_wconf 71' lang='grc' dir='ltr'><strong>ἐπηρεαστὴν</strong></span> <span class='ocrx_word' id='word_1_483' title='bbox 572 3476 729 3544; x_wconf 85' lang='grc' dir='ltr'><strong>λόγον</strong></span> <span class='ocrx_word' id='word_1_484' title='bbox 765 3475 798 3547; x_wconf 79' lang='grc' dir='ltr'>ἢ</span> <span class='ocrx_word' id='word_1_485' title='bbox 831 3475 1142 3546; x_wconf 79' lang='grc' dir='ltr'><strong>ἄνθρωπον.</strong></span> <span class='ocrx_word' id='word_1_486' title='bbox 1183 3476 1298 3530; x_wconf 89' lang='grc' dir='ltr'><strong>Οὐκ</strong></span> <span class='ocrx_word' id='word_1_487' title='bbox 1343 3475 1480 3547; x_wconf 72' lang='grc' dir='ltr'><strong>ἔφην</strong></span> <span class='ocrx_word' id='word_1_488' title='bbox 1526 3477 1768 3549; x_wconf 86' lang='grc' dir='ltr'><strong>ἄληπτον</strong></span> 
     </span>
    </p>
   </div>
   <div class='ocr_carea' id='block_1_63' title="bbox 189 3563 1766 3641">
    <p class='ocr_par' dir='ltr' id='par_1_63' title="bbox 189 3563 1766 3641">
     <span class='ocr_line' id='line_1_63' title="bbox 189 3563 1766 3641; baseline -0.001 -19"><span class='ocrx_word' id='word_1_489' title='bbox 189 3566 331 3623; x_wconf 83' lang='grc' dir='ltr'><strong>εἰναι</strong></span> <span class='ocrx_word' id='word_1_490' title='bbox 383 3567 586 3639; x_wconf 84' lang='grc' dir='ltr'><strong>ταύτην</strong></span> <span class='ocrx_word' id='word_1_491' title='bbox 629 3568 728 3640; x_wconf 75' lang='grc' dir='ltr'><strong>τὴν</strong></span> <span class='ocrx_word' id='word_1_492' title='bbox 754 3567 939 3638; x_wconf 89' lang='grc' dir='ltr'><strong>φύσιν,</strong></span> <span class='ocrx_word' id='word_1_493' title='bbox 980 3569 1109 3639; x_wconf 86' lang='grc' dir='ltr'><strong>περί</strong></span> <span class='ocrx_word' id='word_1_494' title='bbox 1151 3563 1220 3641; x_wconf 79' lang='grc' dir='ltr'><strong>ἦς</strong></span> <span class='ocrx_word' id='word_1_495' title='bbox 1276 3570 1306 3622; x_wconf 89' lang='grc' dir='ltr'><strong>ό</strong></span> <span class='ocrx_word' id='word_1_496' title='bbox 1346 3568 1526 3637; x_wconf 88' lang='grc' dir='ltr'><strong>λόγος,</strong></span> <span class='ocrx_word' id='word_1_497' title='bbox 1575 3570 1766 3640; x_wconf 73' lang='grc' dir='ltr'><strong>ὅτιπερ</strong></span> 
     </span>
    </p>
   </div>
   <div class='ocr_carea' id='block_1_64' title="bbox 191 3657 1768 3729">
    <p class='ocr_par' dir='ltr' id='par_1_64' title="bbox 191 3657 1768 3729">
     <span class='ocr_line' id='line_1_64' title="bbox 191 3657 1768 3729; baseline -0.001 -17"><span class='ocrx_word' id='word_1_498' title='bbox 191 3659 456 3729; x_wconf 74' lang='grc' dir='ltr'><strong>ὑπάρχει,</strong></span> <span class='ocrx_word' id='word_1_499' title='bbox 485 3658 622 3712; x_wconf 79' lang='grc' dir='ltr'><strong>ἀλλά</strong></span> <span class='ocrx_word' id='word_1_500' title='bbox 679 3658 732 3711; x_wconf 83' lang='grc' dir='ltr'><strong>τί</strong></span> <span class='ocrx_word' id='word_1_501' title='bbox 781 3658 1043 3728; x_wconf 81' lang='grc' dir='ltr'><strong>ὑπάρχει,</strong></span> <span class='ocrx_word' id='word_1_502' title='bbox 1100 3659 1195 3712; x_wconf 81' lang='grc' dir='ltr'><strong>καὶ</strong></span> <span class='ocrx_word' id='word_1_503' title='bbox 1244 3657 1585 3728; x_wconf 83' lang='grc' dir='ltr'><strong>προσεπάγει</strong></span> <span class='ocrx_word' id='word_1_504' title='bbox 1634 3658 1768 3729; x_wconf 66' lang='grc' dir='ltr'><strong>πρὸς</strong></span> 
     </span>
    </p>
   </div>
   <div class='ocr_carea' id='block_1_65' title="bbox 187 3746 1767 3821">
    <p class='ocr_par' dir='ltr' id='par_1_65' title="bbox 187 3746 1767 3821">
     <span class='ocr_line' id='line_1_65' title="bbox 187 3746 1767 3821; baseline -0.003 -17"><span class='ocrx_word' id='word_1_505' title='bbox 187 3750 291 3821; x_wconf 66' lang='grc' dir='ltr'><strong>τὴν</strong></span> <span class='ocrx_word' id='word_1_506' title='bbox 320 3749 596 3818; x_wconf 86' lang='grc' dir='ltr'><strong>τοῦλόγου</strong></span> <span class='ocrx_word' id='word_1_507' title='bbox 650 3747 944 3820; x_wconf 81' lang='grc' dir='ltr'><strong>βεϐαίωσιν</strong></span> <span class='ocrx_word' id='word_1_508' title='bbox 988 3747 1070 3812; x_wconf 83' lang='grc' dir='ltr'><strong>τὸ,</strong></span> <span class='ocrx_word' id='word_1_509' title='bbox 1110 3765 1128 3799; x_wconf 78' lang='grc' dir='ltr'><strong>ι</strong></span> <span class='ocrx_word' id='word_1_510' title='bbox 1178 3748 1319 3801; x_wconf 75' lang='grc' dir='ltr'><strong>Πολὺ</strong></span> <span class='ocrx_word' id='word_1_511' title='bbox 1364 3747 1473 3817; x_wconf 82' lang='grc' dir='ltr'><strong>γὰρ</strong></span> <span class='ocrx_word' id='word_1_512' title='bbox 1522 3746 1767 3818; x_wconf 81' lang='grc' dir='ltr'><strong>διαφέρει</strong></span> 
     </span>
    </p>
   </div>
   <div class='ocr_carea' id='block_1_66' title="bbox 188 3835 1760 3902">
    <p class='ocr_par' dir='ltr' id='par_1_66' title="bbox 188 3835 1760 3902">
     <span class='ocr_line' id='line_1_66' title="bbox 188 3835 1760 3902; baseline -0.004 -8"><span class='ocrx_word' id='word_1_513' title='bbox 188 3840 285 3894; x_wconf 85' lang='grc' dir='ltr'><strong>τοῦ</strong></span> <span class='ocrx_word' id='word_1_514' title='bbox 302 3835 443 3893; x_wconf 81' lang='grc' dir='ltr'><strong>εἷναί</strong></span> <span class='ocrx_word' id='word_1_515' title='bbox 457 3857 511 3893; x_wconf 87' lang='grc' dir='ltr'><strong>τι</strong></span> <span class='ocrx_word' id='word_1_516' title='bbox 532 3838 826 3892; x_wconf 83' lang='grc' dir='ltr'><strong>πεπεῖσθαι</strong></span> <span class='ocrx_word' id='word_1_517' title='bbox 851 3837 915 3890; x_wconf 82' lang='grc' dir='ltr'><strong>τὸ</strong></span> <span class='ocrx_word' id='word_1_518' title='bbox 939 3837 1145 3891; x_wconf 85' lang='grc' dir='ltr'><strong>τίποτέ</strong></span> <span class='ocrx_word' id='word_1_519' title='bbox 1167 3839 1285 3890; x_wconf 78' lang='grc' dir='ltr'><strong>ἐστι</strong></span> <span class='ocrx_word' id='word_1_520' title='bbox 1308 3837 1468 3890; x_wconf 91' lang='grc' dir='ltr'><strong>τοῦτο</strong></span> <span class='ocrx_word' id='word_1_521' title='bbox 1490 3836 1710 3902; x_wconf 76' lang='grc' dir='ltr'><strong>εἰδέναι,</strong></span> <span class='ocrx_word' id='word_1_522' title='bbox 1742 3857 1760 3888; x_wconf 75' lang='grc' dir='ltr'><strong>ι</strong></span> 
     </span>
    </p>
   </div>
   <div class='ocr_carea' id='block_1_67' title="bbox 186 3928 1765 4002">
    <p class='ocr_par' dir='ltr' id='par_1_67' title="bbox 186 3928 1765 4002">
     <span class='ocr_line' id='line_1_67' title="bbox 186 3928 1765 4002; baseline -0.004 -16"><span class='ocrx_word' id='word_1_523' title='bbox 186 3932 460 3997; x_wconf 78' lang='grc' dir='ltr'><strong>τουτέστι,</strong></span> <span class='ocrx_word' id='word_1_524' title='bbox 482 3928 654 4002; x_wconf 80' lang='grc' dir='ltr'><strong>πολλὴ</strong></span> <span class='ocrx_word' id='word_1_525' title='bbox 685 3930 979 4002; x_wconf 90' lang='grc' dir='ltr'><strong>πρόσεστιν</strong></span> <span class='ocrx_word' id='word_1_526' title='bbox 1007 3929 1041 3998; x_wconf 80' lang='grc' dir='ltr'>ὴ</span> <span class='ocrx_word' id='word_1_527' title='bbox 1062 3928 1298 3999; x_wconf 74' lang='grc' dir='ltr'><strong>διαφορὰ</strong></span> <span class='ocrx_word' id='word_1_528' title='bbox 1328 3928 1423 3982; x_wconf 83' lang='grc' dir='ltr'><strong>τοῦ</strong></span> <span class='ocrx_word' id='word_1_529' title='bbox 1473 3928 1765 3981; x_wconf 82' lang='grc' dir='ltr'><strong>πεπεῖσθαι</strong></span> 
     </span>
    </p>
   </div>
   <div class='ocr_carea' id='block_1_68' title="bbox 186 4020 1763 4096">
    <p class='ocr_par' dir='ltr' id='par_1_68' title="bbox 186 4020 1763 4096">
     <span class='ocr_line' id='line_1_68' title="bbox 186 4020 1763 4096; baseline -0.004 -19"><span class='ocrx_word' id='word_1_530' title='bbox 186 4025 315 4095; x_wconf 82' lang='grc' dir='ltr'><strong>περί</strong></span> <span class='ocrx_word' id='word_1_531' title='bbox 366 4041 513 4087; x_wconf 87' lang='grc' dir='ltr'><strong>τινος</strong></span> <span class='ocrx_word' id='word_1_532' title='bbox 560 4025 755 4096; x_wconf 81' lang='grc' dir='ltr'><strong>ὅτιπερ</strong></span> <span class='ocrx_word' id='word_1_533' title='bbox 807 4022 1043 4093; x_wconf 80' lang='grc' dir='ltr'><strong>ὑπάρχει</strong></span> <span class='ocrx_word' id='word_1_534' title='bbox 1094 4021 1237 4095; x_wconf 82' lang='grc' dir='ltr'><strong>πρὸς</strong></span> <span class='ocrx_word' id='word_1_535' title='bbox 1285 4021 1349 4074; x_wconf 85' lang='grc' dir='ltr'><strong>τὸ</strong></span> <span class='ocrx_word' id='word_1_536' title='bbox 1414 4020 1615 4075; x_wconf 77' lang='grc' dir='ltr'><strong>εἰδέναι</strong></span> <span class='ocrx_word' id='word_1_537' title='bbox 1666 4020 1763 4092; x_wconf 77' lang='grc' dir='ltr'><strong>τὴν</strong></span> 
     </span>
    </p>
   </div>
   <div class='ocr_carea' id='block_1_69' title="bbox 185 4112 1759 4188">
    <p class='ocr_par' dir='ltr' id='par_1_69' title="bbox 185 4112 1759 4188">
     <span class='ocr_line' id='line_1_69' title="bbox 185 4112 1759 4188; baseline -0.003 -18"><span class='ocrx_word' id='word_1_538' title='bbox 185 4116 391 4188; x_wconf 80' lang='grc' dir='ltr'><strong>ἀκριϐῆ</strong></span> <span class='ocrx_word' id='word_1_539' title='bbox 412 4117 511 4186; x_wconf 82' lang='grc' dir='ltr'><strong>τῆς</strong></span> <span class='ocrx_word' id='word_1_540' title='bbox 529 4116 718 4180; x_wconf 81' lang='grc' dir='ltr'><strong>οὐσίας</strong></span> <span class='ocrx_word' id='word_1_541' title='bbox 743 4114 938 4168; x_wconf 86' lang='grc' dir='ltr'><strong>τούτου</strong></span> <span class='ocrx_word' id='word_1_542' title='bbox 966 4113 1291 4186; x_wconf 77' lang='grc' dir='ltr'><strong>κατάληψιν.</strong></span> <span class='ocrx_word' id='word_1_543' title='bbox 1319 4112 1412 4184; x_wconf 79' lang='grc' dir='ltr'><strong>Μὴ</strong></span> <span class='ocrx_word' id='word_1_544' title='bbox 1435 4112 1551 4177; x_wconf 81' lang='grc' dir='ltr'><strong>οὖν,</strong></span> <span class='ocrx_word' id='word_1_545' title='bbox 1575 4114 1759 4184; x_wconf 73' lang='grc' dir='ltr'><strong>φησιν,</strong></span> 
     </span>
    </p>
   </div>
   <div class='ocr_carea' id='block_1_70' title="bbox 186 4201 1762 4279">
    <p class='ocr_par' dir='ltr' id='par_1_70' title="bbox 186 4201 1762 4279">
     <span class='ocr_line' id='line_1_70' title="bbox 186 4201 1762 4279; baseline -0.001 -19"><span class='ocrx_word' id='word_1_546' title='bbox 186 4208 545 4279; x_wconf 72' lang='grc' dir='ltr'><strong>εὐγνωμόνως</strong></span> <span class='ocrx_word' id='word_1_547' title='bbox 572 4207 729 4278; x_wconf 73' lang='grc' dir='ltr'><strong>ἡμῶν</strong></span> <span class='ocrx_word' id='word_1_548' title='bbox 752 4206 1017 4260; x_wconf 86' lang='grc' dir='ltr'><strong>εἰπόντων</strong></span> <span class='ocrx_word' id='word_1_549' title='bbox 1041 4206 1284 4277; x_wconf 74' lang='grc' dir='ltr'><strong>ἄληπτον</strong></span> <span class='ocrx_word' id='word_1_550' title='bbox 1311 4201 1452 4259; x_wconf 83' lang='grc' dir='ltr'><strong>εἶναι</strong></span> <span class='ocrx_word' id='word_1_551' title='bbox 1484 4204 1581 4277; x_wconf 76' lang='grc' dir='ltr'><strong>τὴν</strong></span> <span class='ocrx_word' id='word_1_552' title='bbox 1613 4205 1762 4259; x_wconf 82' lang='grc' dir='ltr'><strong>θείαν</strong></span> 
     </span>
    </p>
   </div>
   <div class='ocr_carea' id='block_1_71' title="bbox 183 4296 1761 4370">
    <p class='ocr_par' dir='ltr' id='par_1_71' title="bbox 183 4296 1761 4370">
     <span class='ocr_line' id='line_1_71' title="bbox 183 4296 1761 4370; baseline -0.001 -19"><span class='ocrx_word' id='word_1_553' title='bbox 183 4299 398 4364; x_wconf 78' lang='grc' dir='ltr'><strong>οὐσίαν,</strong></span> <span class='ocrx_word' id='word_1_554' title='bbox 448 4297 776 4370; x_wconf 80' lang='grc' dir='ltr'><strong>κακούργως</strong></span> <span class='ocrx_word' id='word_1_555' title='bbox 825 4296 916 4351; x_wconf 80' lang='grc' dir='ltr'><strong>τὸν</strong></span> <span class='ocrx_word' id='word_1_556' title='bbox 949 4297 1107 4367; x_wconf 87' lang='grc' dir='ltr'><strong>λόγον</strong></span> <span class='ocrx_word' id='word_1_557' title='bbox 1142 4297 1538 4369; x_wconf 75' lang='grc' dir='ltr'><strong>μεταϐιϐάσῃς,</strong></span> <span class='ocrx_word' id='word_1_558' title='bbox 1586 4299 1664 4361; x_wconf 83' lang='grc' dir='ltr'><strong>εἰς</strong></span> <span class='ocrx_word' id='word_1_559' title='bbox 1699 4297 1761 4351; x_wconf 82' lang='grc' dir='ltr'><strong>τὸ</strong></span> 
     </span>
    </p>
   </div>
   <div class='ocr_carea' id='block_1_72' title="bbox 182 4387 1759 4461">
    <p class='ocr_par' dir='ltr' id='par_1_72' title="bbox 182 4387 1759 4461">
     <span class='ocr_line' id='line_1_72' title="bbox 182 4387 1759 4461; baseline -0.003 -17"><span class='ocrx_word' id='word_1_560' title='bbox 182 4389 344 4461; x_wconf 80' lang='grc' dir='ltr'><strong>δῆθεν</strong></span> <span class='ocrx_word' id='word_1_561' title='bbox 374 4390 618 4457; x_wconf 73' lang='grc' dir='ltr'><strong>εἰσάγειν</strong></span> <span class='ocrx_word' id='word_1_562' title='bbox 646 4389 795 4459; x_wconf 77' lang='grc' dir='ltr'><strong>ἡμᾶς</strong></span> <span class='ocrx_word' id='word_1_563' title='bbox 820 4388 1066 4459; x_wconf 78' lang='grc' dir='ltr'><strong>ἄληπτον</strong></span> <span class='ocrx_word' id='word_1_564' title='bbox 1103 4389 1296 4460; x_wconf 82' lang='grc' dir='ltr'><strong>αὐτὴν,</strong></span> <span class='ocrx_word' id='word_1_565' title='bbox 1344 4389 1426 4452; x_wconf 88' lang='grc' dir='ltr'><strong>εἰς</strong></span> <span class='ocrx_word' id='word_1_566' title='bbox 1464 4388 1636 4459; x_wconf 76' lang='grc' dir='ltr'><strong>αὐτὴν</strong></span> <span class='ocrx_word' id='word_1_567' title='bbox 1662 4387 1759 4459; x_wconf 81' lang='grc' dir='ltr'><strong>τὴν</strong></span> 
     </span>
    </p>
   </div>
   <div class='ocr_carea' id='block_1_73' title="bbox 184 4478 1756 4556">
    <p class='ocr_par' dir='ltr' id='par_1_73' title="bbox 184 4478 1756 4556">
     <span class='ocr_line' id='line_1_73' title="bbox 184 4478 1756 4556; baseline -0.002 -22"><span class='ocrx_word' id='word_1_568' title='bbox 184 4481 443 4556; x_wconf 79' lang='grc' dir='ltr'><strong>ὓπαρξιν.</strong></span> <span class='ocrx_word' id='word_1_569' title='bbox 477 4483 587 4535; x_wconf 81' lang='grc' dir='ltr'><strong>κάκ</strong></span> <span class='ocrx_word' id='word_1_570' title='bbox 614 4480 808 4535; x_wconf 91' lang='grc' dir='ltr'><strong>τούτου</strong></span> <span class='ocrx_word' id='word_1_571' title='bbox 862 4478 1097 4551; x_wconf 80' lang='grc' dir='ltr'><strong>συνάξῃς</strong></span> <span class='ocrx_word' id='word_1_572' title='bbox 1152 4480 1341 4534; x_wconf 73' lang='grc' dir='ltr'><strong>ἀθεϊαν</strong></span> <span class='ocrx_word' id='word_1_573' title='bbox 1375 4481 1521 4551; x_wconf 81' lang='grc' dir='ltr'><strong>ἡμᾶς</strong></span> <span class='ocrx_word' id='word_1_574' title='bbox 1578 4481 1756 4550; x_wconf 87' lang='grc' dir='ltr'><strong>πάντη</strong></span> 
     </span>
    </p>
   </div>
   <div class='ocr_carea' id='block_1_74' title="bbox 1881 3295 3448 3383">
    <p class='ocr_par' dir='ltr' id='par_1_74' title="bbox 1881 3295 3448 3383">
     <span class='ocr_line' id='line_1_74' title="bbox 1881 3295 3448 3383; baseline 0.016 -38"><span class='ocrx_word' id='word_1_575' title='bbox 1881 3309 2096 3348; x_wconf 90' lang='lat' dir='ltr'><strong>moncm</strong></span> <span class='ocrx_word' id='word_1_576' title='bbox 2130 3295 2247 3350; x_wconf 89' lang='lat' dir='ltr'><strong>sive</strong></span> <span class='ocrx_word' id='word_1_577' title='bbox 2290 3296 2593 3354; x_wconf 87' lang='lat' dir='ltr'><strong>hominem.</strong></span> <span class='ocrx_word' id='word_1_578' title='bbox 2628 3302 2748 3356; x_wconf 85' lang='lat' dir='ltr'><strong>Non</strong></span> <span class='ocrx_word' id='word_1_579' title='bbox 2786 3307 2979 3361; x_wconf 87' lang='lat' dir='ltr'><strong>statuit</strong></span> <span class='ocrx_word' id='word_1_580' title='bbox 3010 3310 3448 3383; x_wconf 88' lang='lat' dir='ltr'><strong>impereeptibile</strong></span> 
     </span>
    </p>
   </div>
   <div class='ocr_carea' id='block_1_75' title="bbox 1877 3385 3447 3475">
    <p class='ocr_par' dir='ltr' id='par_1_75' title="bbox 1877 3385 3447 3475">
     <span class='ocr_line' id='line_1_75' title="bbox 1877 3385 3447 3475; baseline 0.017 -41"><span class='ocrx_word' id='word_1_581' title='bbox 1877 3399 1998 3439; x_wconf 85' lang='lat' dir='ltr'><strong>esse</strong></span> <span class='ocrx_word' id='word_1_582' title='bbox 2030 3385 2175 3455; x_wconf 91' lang='lat' dir='ltr'><strong>quod</strong></span> <span class='ocrx_word' id='word_1_583' title='bbox 2209 3387 2280 3441; x_wconf 88' lang='lat' dir='ltr'><strong>sit</strong></span> <span class='ocrx_word' id='word_1_584' title='bbox 2314 3387 2429 3443; x_wconf 69' lang='lat' dir='ltr'><strong>haec</strong></span> <span class='ocrx_word' id='word_1_585' title='bbox 2458 3388 2527 3445; x_wconf 91' lang='lat' dir='ltr'><strong>de</strong></span> <span class='ocrx_word' id='word_1_586' title='bbox 2575 3408 2684 3461; x_wconf 87' lang='lat' dir='ltr'><strong>qua</strong></span> <span class='ocrx_word' id='word_1_587' title='bbox 2720 3409 2903 3451; x_wconf 89' lang='lat' dir='ltr'><strong>sermo</strong></span> <span class='ocrx_word' id='word_1_588' title='bbox 2934 3407 3153 3465; x_wconf 90' lang='lat' dir='ltr'><strong>natura,</strong></span> <span class='ocrx_word' id='word_1_589' title='bbox 3181 3403 3276 3458; x_wconf 91' lang='lat' dir='ltr'><strong>sed</strong></span> <span class='ocrx_word' id='word_1_590' title='bbox 3313 3406 3447 3475; x_wconf 91' lang='lat' dir='ltr'><strong>quid</strong></span> 
     </span>
    </p>
   </div>
   <div class='ocr_carea' id='block_1_76' title="bbox 1877 3474 3449 3552">
    <p class='ocr_par' dir='ltr' id='par_1_76' title="bbox 1877 3474 3449 3552">
     <span class='ocr_line' id='line_1_76' title="bbox 1877 3474 3449 3552; baseline 0.017 -26"><span class='ocrx_word' id='word_1_591' title='bbox 1877 3474 1969 3538; x_wconf 78' lang='lat' dir='ltr'><strong>sit,</strong></span> <span class='ocrx_word' id='word_1_592' title='bbox 2011 3485 2067 3529; x_wconf 90' lang='lat' dir='ltr'><strong>et</strong></span> <span class='ocrx_word' id='word_1_593' title='bbox 2111 3476 2178 3531; x_wconf 88' lang='lat' dir='ltr'><strong>ad</strong></span> <span class='ocrx_word' id='word_1_594' title='bbox 2210 3478 2597 3535; x_wconf 85' lang='lat' dir='ltr'><strong>slabilicndam</strong></span> <span class='ocrx_word' id='word_1_595' title='bbox 2617 3499 2775 3539; x_wconf 91' lang='lat' dir='ltr'><strong>suam</strong></span> <span class='ocrx_word' id='word_1_596' title='bbox 2806 3490 3141 3546; x_wconf 86' lang='lat' dir='ltr'><strong>sententiam</strong></span> <span class='ocrx_word' id='word_1_597' title='bbox 3180 3474 3449 3552; x_wconf 17' lang='lat' dir='ltr'><strong>additiin-</strong></span> 
     </span>
    </p>
   </div>
   <div class='ocr_carea' id='block_1_77' title="bbox 1875 3569 3447 3649">
    <p class='ocr_par' dir='ltr' id='par_1_77' title="bbox 1875 3569 3447 3649">
     <span class='ocr_line' id='line_1_77' title="bbox 1875 3569 3447 3649; baseline 0.018 -31"><span class='ocrx_word' id='word_1_598' title='bbox 1875 3582 2087 3636; x_wconf 86' lang='lat' dir='ltr'><strong>super:</strong></span> <span class='ocrx_word' id='word_1_599' title='bbox 2140 3587 2158 3618; x_wconf 79' lang='grc' dir='ltr'><strong>ι</strong></span> <span class='ocrx_word' id='word_1_600' title='bbox 2186 3569 2413 3624; x_wconf 83' lang='lat' dir='ltr'><strong>Multum</strong></span> <span class='ocrx_word' id='word_1_601' title='bbox 2452 3574 2601 3628; x_wconf 92' lang='lat' dir='ltr'><strong>enim</strong></span> <span class='ocrx_word' id='word_1_602' title='bbox 2646 3575 2833 3631; x_wconf 84' lang='lat' dir='ltr'><strong>diﬁ&#39;ert</strong></span> <span class='ocrx_word' id='word_1_603' title='bbox 2876 3596 3198 3649; x_wconf 85' lang='lat' dir='ltr'><strong>persuasum</strong></span> <span class='ocrx_word' id='word_1_604' title='bbox 3243 3587 3447 3647; x_wconf 88' lang='lat' dir='ltr'><strong>habere</strong></span> 
     </span>
    </p>
   </div>
   <div class='ocr_carea' id='block_1_78' title="bbox 1874 3657 3448 3742">
    <p class='ocr_par' dir='ltr' id='par_1_78' title="bbox 1874 3657 3448 3742">
     <span class='ocr_line' id='line_1_78' title="bbox 1874 3657 3448 3742; baseline 0.018 -34"><span class='ocrx_word' id='word_1_605' title='bbox 1874 3657 2019 3726; x_wconf 90' lang='lat' dir='ltr'><strong>quod</strong></span> <span class='ocrx_word' id='word_1_606' title='bbox 2053 3658 2261 3729; x_wconf 90' lang='lat' dir='ltr'><strong>aliquid</strong></span> <span class='ocrx_word' id='word_1_607' title='bbox 2282 3672 2366 3715; x_wconf 90' lang='lat' dir='ltr'><strong>est</strong></span> <span class='ocrx_word' id='word_1_608' title='bbox 2394 3672 2451 3717; x_wconf 90' lang='lat' dir='ltr'><strong>ct</strong></span> <span class='ocrx_word' id='word_1_609' title='bbox 2481 3680 2643 3720; x_wconf 89' lang='lat' dir='ltr'><strong>nosse</strong></span> <span class='ocrx_word' id='word_1_610' title='bbox 2667 3668 2929 3738; x_wconf 90' lang='lat' dir='ltr'><strong>quidnam</strong></span> <span class='ocrx_word' id='word_1_611' title='bbox 2965 3672 3071 3728; x_wconf 91' lang='lat' dir='ltr'><strong>hoc</strong></span> <span class='ocrx_word' id='word_1_612' title='bbox 3100 3676 3192 3742; x_wconf 90' lang='lat' dir='ltr'><strong>sit,</strong></span> <span class='ocrx_word' id='word_1_613' title='bbox 3214 3697 3233 3729; x_wconf 73' lang='grc' dir='ltr'><strong>ι</strong></span> <span class='ocrx_word' id='word_1_614' title='bbox 3274 3680 3328 3734; x_wconf 91' lang='lat' dir='ltr'><strong>id</strong></span> <span class='ocrx_word' id='word_1_615' title='bbox 3362 3692 3448 3736; x_wconf 93' lang='grc' dir='ltr'><strong>εει</strong></span> 
     </span>
    </p>
   </div>
   <div class='ocr_carea' id='block_1_79' title="bbox 1877 3751 3447 3838">
    <p class='ocr_par' dir='ltr' id='par_1_79' title="bbox 1877 3751 3447 3838">
     <span class='ocr_line' id='line_1_79' title="bbox 1877 3751 3447 3838; baseline 0.018 -37"><span class='ocrx_word' id='word_1_616' title='bbox 1877 3751 2109 3804; x_wconf 84' lang='lat' dir='ltr'><strong>nniltum</strong></span> <span class='ocrx_word' id='word_1_617' title='bbox 2160 3752 2348 3808; x_wconf 82' lang='lat' dir='ltr'><strong>diﬂ‘ert</strong></span> <span class='ocrx_word' id='word_1_618' title='bbox 2398 3755 2467 3810; x_wconf 92' lang='lat' dir='ltr'><strong>de</strong></span> <span class='ocrx_word' id='word_1_619' title='bbox 2502 3774 2559 3811; x_wconf 88' lang='lat' dir='ltr'><strong>re</strong></span> <span class='ocrx_word' id='word_1_620' title='bbox 2598 3760 2784 3829; x_wconf 90' lang='lat' dir='ltr'><strong>aliqua</strong></span> <span class='ocrx_word' id='word_1_621' title='bbox 2817 3764 2961 3831; x_wconf 91' lang='lat' dir='ltr'><strong>quod</strong></span> <span class='ocrx_word' id='word_1_622' title='bbox 2996 3766 3069 3822; x_wconf 88' lang='lat' dir='ltr'><strong>sit</strong></span> <span class='ocrx_word' id='word_1_623' title='bbox 3126 3785 3447 3838; x_wconf 88' lang='lat' dir='ltr'><strong>persuasum</strong></span> 
     </span>
    </p>
   </div>
   <div class='ocr_carea' id='block_1_80' title="bbox 1876 3841 3445 3932">
    <p class='ocr_par' dir='ltr' id='par_1_80' title="bbox 1876 3841 3445 3932">
     <span class='ocr_line' id='line_1_80' title="bbox 1876 3841 3445 3932; baseline 0.017 -39"><span class='ocrx_word' id='word_1_624' title='bbox 1876 3841 2081 3896; x_wconf 87' lang='lat' dir='ltr'><strong>habere</strong></span> <span class='ocrx_word' id='word_1_625' title='bbox 2128 3856 2186 3897; x_wconf 89' lang='lat' dir='ltr'><strong>et</strong></span> <span class='ocrx_word' id='word_1_626' title='bbox 2218 3855 2425 3900; x_wconf 89' lang='lat' dir='ltr'><strong>certam</strong></span> <span class='ocrx_word' id='word_1_627' title='bbox 2455 3858 2513 3901; x_wconf 92' lang='lat' dir='ltr'><strong>et</strong></span> <span class='ocrx_word' id='word_1_628' title='bbox 2557 3862 2875 3908; x_wconf 87' lang='lat' dir='ltr'><strong>accuratam</strong></span> <span class='ocrx_word' id='word_1_629' title='bbox 2914 3859 3166 3913; x_wconf 76' lang='lat' dir='ltr'><strong>essentia:</strong></span> <span class='ocrx_word' id='word_1_630' title='bbox 3199 3862 3319 3932; x_wconf 87' lang='lat' dir='ltr'><strong>ejus</strong></span> <span class='ocrx_word' id='word_1_631' title='bbox 3346 3881 3445 3919; x_wconf 92' lang='lat' dir='ltr'><strong>no-</strong></span> 
     </span>
    </p>
   </div>
   <div class='ocr_carea' id='block_1_81' title="bbox 1875 3934 3445 4016">
    <p class='ocr_par' dir='ltr' id='par_1_81' title="bbox 1875 3934 3445 4016">
     <span class='ocr_line' id='line_1_81' title="bbox 1875 3934 3445 4016; baseline 0.017 -30"><span class='ocrx_word' id='word_1_632' title='bbox 1875 3934 2082 3990; x_wconf 90' lang='lat' dir='ltr'><strong>tionem</strong></span> <span class='ocrx_word' id='word_1_633' title='bbox 2136 3945 2345 3993; x_wconf 90' lang='lat' dir='ltr'><strong>tenere.</strong></span> <span class='ocrx_word' id='word_1_634' title='bbox 2401 3940 2521 3995; x_wconf 88' lang='lat' dir='ltr'><strong>Noli</strong></span> <span class='ocrx_word' id='word_1_635' title='bbox 2580 3943 2770 4012; x_wconf 88' lang='lat' dir='ltr'><strong>igitur,</strong></span> <span class='ocrx_word' id='word_1_636' title='bbox 2815 3946 3014 4016; x_wconf 90' lang='lat' dir='ltr'><strong>inquit,</strong></span> <span class='ocrx_word' id='word_1_637' title='bbox 3051 3966 3176 4006; x_wconf 90' lang='lat' dir='ltr'><strong>eum</strong></span> <span class='ocrx_word' id='word_1_638' title='bbox 3223 3970 3325 4010; x_wconf 92' lang='lat' dir='ltr'><strong>nos</strong></span> <span class='ocrx_word' id='word_1_639' title='bbox 3377 3974 3445 4012; x_wconf 84' lang='lat' dir='ltr'><strong>ex</strong></span> 
     </span>
    </p>
   </div>
   <div class='ocr_carea' id='block_1_82' title="bbox 1871 4025 3444 4119">
    <p class='ocr_par' dir='ltr' id='par_1_82' title="bbox 1871 4025 3444 4119">
     <span class='ocr_line' id='line_1_82' title="bbox 1871 4025 3444 4119; baseline 0.016 -40"><span class='ocrx_word' id='word_1_640' title='bbox 1871 4025 2015 4081; x_wconf 89' lang='lat' dir='ltr'><strong>bona</strong></span> <span class='ocrx_word' id='word_1_641' title='bbox 2046 4026 2153 4083; x_wconf 90' lang='lat' dir='ltr'><strong>ﬁde</strong></span> <span class='ocrx_word' id='word_1_642' title='bbox 2196 4030 2405 4101; x_wconf 90' lang='lat' dir='ltr'><strong>percipi</strong></span> <span class='ocrx_word' id='word_1_643' title='bbox 2453 4032 2695 4089; x_wconf 90' lang='lat' dir='ltr'><strong>divinam</strong></span> <span class='ocrx_word' id='word_1_644' title='bbox 2741 4040 3035 4096; x_wconf 89' lang='lat' dir='ltr'><strong>essentiam</strong></span> <span class='ocrx_word' id='word_1_645' title='bbox 3078 4058 3237 4113; x_wconf 88' lang='lat' dir='ltr'><strong>posse</strong></span> <span class='ocrx_word' id='word_1_646' title='bbox 3276 4063 3444 4119; x_wconf 80' lang='lat' dir='ltr'><strong>nege-</strong></span> 
     </span>
    </p>
   </div>
   <div class='ocr_carea' id='block_1_83' title="bbox 1872 4124 3443 4198">
    <p class='ocr_par' dir='ltr' id='par_1_83' title="bbox 1872 4124 3443 4198">
     <span class='ocr_line' id='line_1_83' title="bbox 1872 4124 3443 4198; baseline 0.015 -29"><span class='ocrx_word' id='word_1_647' title='bbox 1872 4133 2013 4181; x_wconf 89' lang='lat' dir='ltr'><strong>mus,</strong></span> <span class='ocrx_word' id='word_1_648' title='bbox 2037 4134 2349 4176; x_wconf 89' lang='lat' dir='ltr'><strong>sermonem</strong></span> <span class='ocrx_word' id='word_1_649' title='bbox 2381 4124 2614 4194; x_wconf 78' lang='lat' dir='ltr'><strong>maligne</strong></span> <span class='ocrx_word' id='word_1_650' title='bbox 2647 4127 2702 4181; x_wconf 92' lang='lat' dir='ltr'><strong>in</strong></span> <span class='ocrx_word' id='word_1_651' title='bbox 2732 4128 2904 4198; x_wconf 89' lang='lat' dir='ltr'><strong>ipsam</strong></span> <span class='ocrx_word' id='word_1_652' title='bbox 2933 4133 3296 4193; x_wconf 91' lang='lat' dir='ltr'><strong>substantiam</strong></span> <span class='ocrx_word' id='word_1_653' title='bbox 3328 4149 3443 4194; x_wconf 59' lang='lat' dir='ltr'><strong>tor-</strong></span> 
     </span>
    </p>
   </div>
   <div class='ocr_carea' id='block_1_84' title="bbox 1870 4218 3442 4296">
    <p class='ocr_par' dir='ltr' id='par_1_84' title="bbox 1870 4218 3442 4296">
     <span class='ocr_line' id='line_1_84' title="bbox 1870 4218 3442 4296; baseline 0.017 -35"><span class='ocrx_word' id='word_1_654' title='bbox 1870 4224 2062 4278; x_wconf 92' lang='lat' dir='ltr'><strong>quere,</strong></span> <span class='ocrx_word' id='word_1_655' title='bbox 2086 4220 2346 4282; x_wconf 90' lang='lat' dir='ltr'><strong>tanquam</strong></span> <span class='ocrx_word' id='word_1_656' title='bbox 2368 4231 2488 4269; x_wconf 90' lang='lat' dir='ltr'><strong>eam</strong></span> <span class='ocrx_word' id='word_1_657' title='bbox 2513 4218 2770 4275; x_wconf 75' lang='lat' dir='ltr'><strong>videlicet</strong></span> <span class='ocrx_word' id='word_1_658' title='bbox 2798 4222 3289 4296; x_wconf 89' lang='lat' dir='ltr'><strong>imperceptibilcm</strong></span> <span class='ocrx_word' id='word_1_659' title='bbox 3322 4246 3442 4287; x_wconf 85' lang='lat' dir='ltr'><strong>esse</strong></span> 
     </span>
    </p>
   </div>
   <div class='ocr_carea' id='block_1_85' title="bbox 1869 4308 3443 4394">
    <p class='ocr_par' dir='ltr' id='par_1_85' title="bbox 1869 4308 3443 4394">
     <span class='ocr_line' id='line_1_85' title="bbox 1869 4308 3443 4394; baseline 0.016 -38"><span class='ocrx_word' id='word_1_660' title='bbox 1869 4310 2197 4369; x_wconf 85' lang='lat' dir='ltr'><strong>statuamus,</strong></span> <span class='ocrx_word' id='word_1_661' title='bbox 2247 4322 2356 4361; x_wconf 90' lang='lat' dir='ltr'><strong>neu</strong></span> <span class='ocrx_word' id='word_1_662' title='bbox 2412 4308 2539 4364; x_wconf 92' lang='lat' dir='ltr'><strong>inde</strong></span> <span class='ocrx_word' id='word_1_663' title='bbox 2585 4326 2686 4366; x_wconf 90' lang='lat' dir='ltr'><strong>nos</strong></span> <span class='ocrx_word' id='word_1_664' title='bbox 2736 4314 2908 4370; x_wconf 88' lang='lat' dir='ltr'><strong>Deum</strong></span> <span class='ocrx_word' id='word_1_665' title='bbox 2951 4320 3259 4389; x_wconf 85' lang='lat' dir='ltr'><strong>negandum</strong></span> <span class='ocrx_word' id='word_1_666' title='bbox 3305 4341 3443 4394; x_wconf 80' lang='lat' dir='ltr'><strong>prac-</strong></span> 
     </span>
    </p>
   </div>
   <div class='ocr_carea' id='block_1_86' title="bbox 1868 4394 3438 4482">
    <p class='ocr_par' dir='ltr' id='par_1_86' title="bbox 1868 4394 3438 4482">
     <span class='ocr_line' id='line_1_86' title="bbox 1868 4394 3438 4482; baseline 0.014 -33"><span class='ocrx_word' id='word_1_667' title='bbox 1868 4394 2053 4451; x_wconf 90' lang='lat' dir='ltr'><strong>dicare</strong></span> <span class='ocrx_word' id='word_1_668' title='bbox 2106 4397 2427 4455; x_wconf 79' lang='lat' dir='ltr'><strong>conctudas.</strong></span> <span class='ocrx_word' id='word_1_669' title='bbox 2491 4401 2559 4458; x_wconf 82' lang='lat' dir='ltr'><strong>Et</strong></span> <span class='ocrx_word' id='word_1_670' title='bbox 2609 4406 2776 4473; x_wconf 91' lang='lat' dir='ltr'><strong>paulo</strong></span> <span class='ocrx_word' id='word_1_671' title='bbox 2820 4417 2942 4476; x_wconf 92' lang='lat' dir='ltr'><strong>post</strong></span> <span class='ocrx_word' id='word_1_672' title='bbox 2984 4411 3247 4482; x_wconf 89' lang='lat' dir='ltr'><strong>subjicit:</strong></span> <span class='ocrx_word' id='word_1_673' title='bbox 3297 4416 3438 4482; x_wconf 89' lang='lat' dir='ltr'><strong>Quid</strong></span> 
     </span>
    </p>
   </div>
   <div class='ocr_carea' id='block_1_87' title="bbox 1866 4487 3441 4568">
    <p class='ocr_par' dir='ltr' id='par_1_87' title="bbox 1866 4487 3441 4568">
     <span class='ocr_line' id='line_1_87' title="bbox 1866 4487 3441 4568; baseline 0.017 -31"><span class='ocrx_word' id='word_1_674' title='bbox 1866 4487 2013 4539; x_wconf 90' lang='lat' dir='ltr'><strong>enim</strong></span> <span class='ocrx_word' id='word_1_675' title='bbox 2055 4503 2177 4543; x_wconf 88' lang='lat' dir='ltr'><strong>esse</strong></span> <span class='ocrx_word' id='word_1_676' title='bbox 2225 4505 2420 4547; x_wconf 87' lang='lat' dir='ltr'><strong>censes</strong></span> <span class='ocrx_word' id='word_1_677' title='bbox 2464 4492 2662 4561; x_wconf 87' lang='lat' dir='ltr'><strong>Deum,</strong></span> <span class='ocrx_word' id='word_1_678' title='bbox 2715 4499 2760 4551; x_wconf 91' lang='lat' dir='ltr'><strong>si</strong></span> <span class='ocrx_word' id='word_1_679' title='bbox 2807 4500 3029 4568; x_wconf 90' lang='lat' dir='ltr'><strong>quidem</strong></span> <span class='ocrx_word' id='word_1_680' title='bbox 3080 4504 3441 4564; x_wconf 85' lang='lat' dir='ltr'><strong>rationalibus</strong></span> 
     </span>
    </p>
   </div>
   <div class='ocr_carea' id='block_1_88' title="bbox 182 4566 1769 4664">
    <p class='ocr_par' dir='ltr' id='par_1_88' title="bbox 182 4570 1754 4664">
     <span class='ocr_line' id='line_1_88' title="bbox 182 4570 1754 4664; baseline 0 -37"><span class='ocrx_word' id='word_1_681' title='bbox 182 4574 532 4646; x_wconf 84' lang='grc' dir='ltr'><strong>πρεσϐεύειν.</strong></span> <span class='ocrx_word' id='word_1_682' title='bbox 563 4574 673 4628; x_wconf 78' lang='grc' dir='ltr'><strong>Καὶ</strong></span> <span class='ocrx_word' id='word_1_683' title='bbox 700 4572 840 4643; x_wconf 82' lang='grc' dir='ltr'><strong>μετά</strong></span> <span class='ocrx_word' id='word_1_684' title='bbox 877 4574 999 4625; x_wconf 66' lang='grc' dir='ltr'><strong>τινα</strong></span> <span class='ocrx_word' id='word_1_685' title='bbox 1028 4589 1217 4643; x_wconf 85' lang='grc' dir='ltr'><strong>φησιν,</strong></span> <span class='ocrx_word' id='word_1_686' title='bbox 1247 4571 1312 4624; x_wconf 88' lang='grc' dir='ltr'><strong>Τί</strong></span> <span class='ocrx_word' id='word_1_687' title='bbox 1339 4572 1446 4643; x_wconf 73' lang='grc' dir='ltr'><strong>γάρ</strong></span> <span class='ocrx_word' id='word_1_688' title='bbox 1495 4570 1754 4664; x_wconf 60' lang='grc' dir='ltr'><strong>ὑπολήψῃ</strong></span> 
     </span>
    </p>
   </div>
   <div class='ocr_carea' id='block_1_89' title="bbox 1872 4566 3440 4664">
    <p class='ocr_par' dir='ltr' id='par_1_89' title="bbox 1872 4566 3440 4664">
     <span class='ocr_line' id='line_1_89' title="bbox 1872 4566 3440 4664; baseline 0.015 -32"><span class='ocrx_word' id='word_1_689' title='bbox 1872 4579 2022 4647; x_wconf 81' lang='lat' dir='ltr'><strong>plane</strong></span> <span class='ocrx_word' id='word_1_690' title='bbox 2061 4581 2452 4641; x_wconf 80' lang='lat' dir='ltr'><strong>instrumentis</strong></span> <span class='ocrx_word' id='word_1_691' title='bbox 2496 4586 2659 4643; x_wconf 91' lang='lat' dir='ltr'><strong>ﬁdem</strong></span> <span class='ocrx_word' id='word_1_692' title='bbox 2690 4566 2920 4647; x_wconf 42' lang='lat' dir='ltr'><strong>habe—bis</strong></span> <span class='ocrx_word' id='word_1_693' title='bbox 2955 4594 3083 4664; x_wconf 91' lang='lat' dir='ltr'><strong>(hoc</strong></span> <span class='ocrx_word' id='word_1_694' title='bbox 3126 4607 3211 4652; x_wconf 89' lang='lat' dir='ltr'><strong>est</strong></span> <span class='ocrx_word' id='word_1_695' title='bbox 3245 4600 3290 4653; x_wconf 88' lang='lat' dir='ltr'><strong>si</strong></span> <span class='ocrx_word' id='word_1_696' title='bbox 3325 4616 3440 4656; x_wconf 88' lang='lat' dir='ltr'><strong>ser-</strong></span> 
     </span>
    </p>
   </div>
   <div class='ocr_carea' id='block_1_90' title="bbox 180 4663 1756 4738">
    <p class='ocr_par' dir='ltr' id='par_1_90' title="bbox 180 4663 1756 4738">
     <span class='ocr_line' id='line_1_90' title="bbox 180 4663 1756 4738; baseline -0.002 -18"><span class='ocrx_word' id='word_1_697' title='bbox 180 4668 241 4720; x_wconf 75' lang='grc' dir='ltr'><strong>τὸ</strong></span> <span class='ocrx_word' id='word_1_698' title='bbox 295 4668 475 4731; x_wconf 78' lang='grc' dir='ltr'><strong>Θεῖον,</strong></span> <span class='ocrx_word' id='word_1_699' title='bbox 534 4667 691 4738; x_wconf 78' lang='grc' dir='ltr'><strong>εἰπερ</strong></span> <span class='ocrx_word' id='word_1_700' title='bbox 741 4665 879 4728; x_wconf 86' lang='grc' dir='ltr'><strong>ὅλως</strong></span> <span class='ocrx_word' id='word_1_701' title='bbox 946 4666 1066 4729; x_wconf 85' lang='grc' dir='ltr'><strong>ταῖς</strong></span> <span class='ocrx_word' id='word_1_702' title='bbox 1133 4665 1380 4733; x_wconf 80' lang='grc' dir='ltr'><strong>λογικαῖς</strong></span> <span class='ocrx_word' id='word_1_703' title='bbox 1445 4663 1756 4727; x_wconf 83' lang='grc' dir='ltr'><strong>πιστεύσεις</strong></span> 
     </span>
    </p>
   </div>
   <div class='ocr_carea' id='block_1_91' title="bbox 179 4756 1754 4835">
    <p class='ocr_par' dir='ltr' id='par_1_91' title="bbox 179 4756 1754 4835">
     <span class='ocr_line' id='line_1_91' title="bbox 179 4756 1754 4835; baseline -0.001 -24"><span class='ocrx_word' id='word_1_704' title='bbox 179 4760 391 4828; x_wconf 76' lang='grc' dir='ltr'><strong>ἐφόδοις</strong></span> <span class='ocrx_word' id='word_1_705' title='bbox 442 4756 765 4829; x_wconf 78' lang='grc' dir='ltr'><strong>(τουτέστιν,</strong></span> <span class='ocrx_word' id='word_1_706' title='bbox 804 4759 855 4811; x_wconf 86' lang='grc' dir='ltr'><strong>εἰ</strong></span> <span class='ocrx_word' id='word_1_707' title='bbox 898 4756 1004 4811; x_wconf 79' lang='grc' dir='ltr'><strong>οἴει</strong></span> <span class='ocrx_word' id='word_1_708' title='bbox 1067 4757 1146 4828; x_wconf 83' lang='grc' dir='ltr'><strong>τῷ</strong></span> <span class='ocrx_word' id='word_1_709' title='bbox 1206 4756 1350 4827; x_wconf 77' lang='grc' dir='ltr'><strong>λόγῳ</strong></span> <span class='ocrx_word' id='word_1_710' title='bbox 1388 4757 1754 4835; x_wconf 37' lang='grc' dir='ltr'><strong>,περιτρέχων</strong></span> 
     </span>
    </p>
   </div>
   <div class='ocr_carea' id='block_1_92' title="bbox 178 4847 1749 4919">
    <p class='ocr_par' dir='ltr' id='par_1_92' title="bbox 178 4847 1749 4919">
     <span class='ocr_line' id='line_1_92' title="bbox 178 4847 1749 4919; baseline -0.002 -16"><span class='ocrx_word' id='word_1_711' title='bbox 178 4851 547 4905; x_wconf 75' lang='grc' dir='ltr'><strong>ἑναποκλείειν</strong></span> <span class='ocrx_word' id='word_1_712' title='bbox 580 4849 779 4918; x_wconf 85' lang='grc' dir='ltr'><strong>γνώσει</strong></span> <span class='ocrx_word' id='word_1_713' title='bbox 815 4850 922 4903; x_wconf 75' lang='grc' dir='ltr'><strong>τινὶ</strong></span> <span class='ocrx_word' id='word_1_714' title='bbox 962 4848 1222 4904; x_wconf 84' lang='grc' dir='ltr'><strong>δύνασθαι</strong></span> <span class='ocrx_word' id='word_1_715' title='bbox 1260 4849 1319 4901; x_wconf 84' lang='grc' dir='ltr'><strong>τὸ</strong></span> <span class='ocrx_word' id='word_1_716' title='bbox 1368 4847 1749 4919; x_wconf 77' lang='grc' dir='ltr'><strong>ζητούμενον);</strong></span> 
     </span>
    </p>
   </div>
   <div class='ocr_carea' id='block_1_93' title="bbox 185 4936 1750 5015">
    <p class='ocr_par' dir='ltr' id='par_1_93' title="bbox 185 4936 1750 5015">
     <span class='ocr_line' id='line_1_93' title="bbox 185 4936 1750 5015; baseline -0.004 -18"><span class='ocrx_word' id='word_1_717' title='bbox 185 4961 204 4996; x_wconf 81' lang='grc' dir='ltr'><strong>ι</strong></span> <span class='ocrx_word' id='word_1_718' title='bbox 240 4944 477 5015; x_wconf 80' lang='grc' dir='ltr'><strong>Πότερον</strong></span> <span class='ocrx_word' id='word_1_719' title='bbox 503 4942 665 5014; x_wconf 82' lang='grc' dir='ltr'><strong>σῶμα</strong></span> <span class='ocrx_word' id='word_1_720' title='bbox 694 4942 876 5013; x_wconf 76' lang='lat'><strong>(191</strong></span> <span class='ocrx_word' id='word_1_721' title='bbox 901 4941 954 5013; x_wconf 89' lang='lat' dir='ltr'><strong>a)</strong></span> <span class='ocrx_word' id='word_1_722' title='bbox 1006 4940 1330 5012; x_wconf 83' lang='grc' dir='ltr'><strong>(τουτέστιν,</strong></span> <span class='ocrx_word' id='word_1_723' title='bbox 1360 4936 1509 5009; x_wconf 63' lang='grc' dir='ltr'><strong>*Δρα</strong></span> <span class='ocrx_word' id='word_1_724' title='bbox 1532 4938 1750 5010; x_wconf 52' lang='lat' dir='ltr'><strong>scopa);</strong></span> 
     </span>
    </p>
   </div>
   <div class='ocr_carea' id='block_1_94' title="bbox 176 5030 1751 5105">
    <p class='ocr_par' dir='ltr' id='par_1_94' title="bbox 176 5030 1751 5105">
     <span class='ocr_line' id='line_1_94' title="bbox 176 5030 1751 5105; baseline -0.004 -14"><span class='ocrx_word' id='word_1_725' title='bbox 176 5036 288 5091; x_wconf 81' lang='grc' dir='ltr'><strong>Καὶ</strong></span> <span class='ocrx_word' id='word_1_726' title='bbox 320 5035 440 5099; x_wconf 83' lang='grc' dir='ltr'><strong>πῶς</strong></span> <span class='ocrx_word' id='word_1_727' title='bbox 472 5034 534 5088; x_wconf 79' lang='grc' dir='ltr'><strong>τὸ</strong></span> <span class='ocrx_word' id='word_1_728' title='bbox 587 5034 817 5104; x_wconf 75' lang='grc' dir='ltr'><strong>ἄπειρον</strong></span> <span class='ocrx_word' id='word_1_729' title='bbox 862 5034 955 5087; x_wconf 79' lang='grc' dir='ltr'><strong>καὶ</strong></span> <span class='ocrx_word' id='word_1_730' title='bbox 1006 5033 1264 5105; x_wconf 82' lang='grc' dir='ltr'><strong>ἀόριστον</strong></span> <span class='ocrx_word' id='word_1_731' title='bbox 1298 5032 1395 5085; x_wconf 79' lang='grc' dir='ltr'><strong>καὶ</strong></span> <span class='ocrx_word' id='word_1_732' title='bbox 1441 5030 1751 5101; x_wconf 83' lang='grc' dir='ltr'><strong>ἀσχημάτι-</strong></span> 
     </span>
    </p>
   </div>
   <div class='ocr_carea' id='block_1_95' title="bbox 175 5124 1748 5197">
    <p class='ocr_par' dir='ltr' id='par_1_95' title="bbox 175 5124 1748 5197">
     <span class='ocr_line' id='line_1_95' title="bbox 175 5124 1748 5197; baseline -0.004 -14"><span class='ocrx_word' id='word_1_733' title='bbox 175 5145 300 5183; x_wconf 67' lang='grc' dir='ltr'><strong>στον</strong></span> <span class='ocrx_word' id='word_1_734' title='bbox 333 5130 426 5182; x_wconf 72' lang='grc' dir='ltr'><strong>καὶ</strong></span> <span class='ocrx_word' id='word_1_735' title='bbox 458 5127 663 5197; x_wconf 73' lang='grc' dir='ltr'><strong>ἀναφὲς</strong></span> <span class='ocrx_word' id='word_1_736' title='bbox 697 5126 791 5180; x_wconf 79' lang='grc' dir='ltr'><strong>καὶ</strong></span> <span class='ocrx_word' id='word_1_737' title='bbox 813 5125 1083 5197; x_wconf 86' lang='grc' dir='ltr'><strong>άὸρατον;</strong></span> <span class='ocrx_word' id='word_1_738' title='bbox 1123 5144 1141 5177; x_wconf 77' lang='grc' dir='ltr'><strong>ι</strong></span> <span class='ocrx_word' id='word_1_739' title='bbox 1180 5125 1269 5178; x_wconf 83' lang='grc' dir='ltr'><strong>ἴνα</strong></span> <span class='ocrx_word' id='word_1_740' title='bbox 1309 5124 1748 5195; x_wconf 75' lang='grc' dir='ltr'><strong>σαφηνιζόμενον</strong></span> 
     </span>
    </p>
   </div>
   <div class='ocr_carea' id='block_1_96' title="bbox 173 5216 1747 5295">
    <p class='ocr_par' dir='ltr' id='par_1_96' title="bbox 173 5216 1747 5295">
     <span class='ocr_line' id='line_1_96' title="bbox 173 5216 1747 5295; baseline -0.005 -19"><span class='ocrx_word' id='word_1_741' title='bbox 173 5223 360 5295; x_wconf 63' lang='grc' dir='ltr'><strong>ωηοῇ,</strong></span> <span class='ocrx_word' id='word_1_742' title='bbox 411 5220 583 5284; x_wconf 78' lang='grc' dir='ltr'><strong>οὕτως</strong></span> <span class='ocrx_word' id='word_1_743' title='bbox 626 5219 735 5272; x_wconf 85' lang='grc' dir='ltr'><strong>τῶν</strong></span> <span class='ocrx_word' id='word_1_744' title='bbox 784 5218 982 5272; x_wconf 80' lang='grc' dir='ltr'><strong>κοινῶν</strong></span> <span class='ocrx_word' id='word_1_745' title='bbox 1017 5216 1240 5271; x_wconf 79' lang='grc' dir='ltr'><strong>ἐννοιῶν</strong></span> <span class='ocrx_word' id='word_1_746' title='bbox 1301 5216 1747 5288; x_wconf 86' lang='grc' dir='ltr'><strong>κεκρατηκυιῶν,</strong></span> 
     </span>
    </p>
   </div>
   <div class='ocr_carea' id='block_1_97' title="bbox 172 5306 1741 5385">
    <p class='ocr_par' dir='ltr' id='par_1_97' title="bbox 172 5306 1741 5385">
     <span class='ocr_line' id='line_1_97' title="bbox 172 5306 1741 5385; baseline -0.004 -17"><span class='ocrx_word' id='word_1_747' title='bbox 172 5313 397 5385; x_wconf 80' lang='grc' dir='ltr'><strong>ἄπειρον</strong></span> <span class='ocrx_word' id='word_1_748' title='bbox 422 5308 561 5365; x_wconf 85' lang='grc' dir='ltr'><strong>εἶναι</strong></span> <span class='ocrx_word' id='word_1_749' title='bbox 589 5310 651 5364; x_wconf 80' lang='grc' dir='ltr'><strong>τὸ</strong></span> <span class='ocrx_word' id='word_1_750' title='bbox 688 5312 864 5374; x_wconf 81' lang='grc' dir='ltr'><strong>Θείον,</strong></span> <span class='ocrx_word' id='word_1_751' title='bbox 911 5311 1051 5381; x_wconf 84' lang='grc' dir='ltr'><strong>ὅπερ</strong></span> <span class='ocrx_word' id='word_1_752' title='bbox 1089 5308 1207 5362; x_wconf 72' lang='grc' dir='ltr'><strong>ἐστὶ</strong></span> <span class='ocrx_word' id='word_1_753' title='bbox 1238 5307 1412 5379; x_wconf 81' lang='grc' dir='ltr'><strong>πέρας</strong></span> <span class='ocrx_word' id='word_1_754' title='bbox 1462 5308 1537 5378; x_wconf 82' lang='grc' dir='ltr'><strong>μὴ</strong></span> <span class='ocrx_word' id='word_1_755' title='bbox 1576 5306 1741 5377; x_wconf 78' lang='grc' dir='ltr'><strong>ἔχειν.</strong></span> 
     </span>
    </p>
   </div>
   <div class='ocr_carea' id='block_1_98' title="bbox 169 5400 1739 5477">
    <p class='ocr_par' dir='ltr' id='par_1_98' title="bbox 169 5400 1739 5477">
     <span class='ocr_line' id='line_1_98' title="bbox 169 5400 1739 5477; baseline -0.005 -16"><span class='ocrx_word' id='word_1_756' title='bbox 169 5406 342 5461; x_wconf 83' lang='grc' dir='ltr'><strong>Τοῦτο</strong></span> <span class='ocrx_word' id='word_1_757' title='bbox 370 5406 477 5477; x_wconf 76' lang='grc' dir='ltr'><strong>γάρ</strong></span> <span class='ocrx_word' id='word_1_758' title='bbox 502 5404 597 5459; x_wconf 86' lang='grc' dir='ltr'><strong>τοῦ</strong></span> <span class='ocrx_word' id='word_1_759' title='bbox 626 5403 854 5475; x_wconf 82' lang='grc' dir='ltr'><strong>τέτρασι</strong></span> <span class='ocrx_word' id='word_1_760' title='bbox 877 5401 1265 5473; x_wconf 76' lang='grc' dir='ltr'><strong>διειλημμένου</strong></span> <span class='ocrx_word' id='word_1_761' title='bbox 1316 5400 1553 5472; x_wconf 84' lang='grc' dir='ltr'><strong>πέρασιν</strong></span> <span class='ocrx_word' id='word_1_762' title='bbox 1587 5401 1739 5465; x_wconf 84' lang='grc' dir='ltr'><strong>ἷδιον,</strong></span> 
     </span>
    </p>
   </div>
   <div class='ocr_carea' id='block_1_99' title="bbox 169 5492 1732 5572">
    <p class='ocr_par' dir='ltr' id='par_1_99' title="bbox 169 5492 1732 5572">
     <span class='ocr_line' id='line_1_99' title="bbox 169 5492 1732 5572; baseline -0.004 -19"><span class='ocrx_word' id='word_1_763' title='bbox 169 5501 381 5572; x_wconf 81' lang='grc' dir='ltr'><strong>κέντρῳ</strong></span> <span class='ocrx_word' id='word_1_764' title='bbox 414 5499 509 5551; x_wconf 74' lang='grc' dir='ltr'><strong>καὶ</strong></span> <span class='ocrx_word' id='word_1_765' title='bbox 543 5500 799 5569; x_wconf 79' lang='grc' dir='ltr'><strong>γραμμῇ,</strong></span> <span class='ocrx_word' id='word_1_766' title='bbox 836 5494 1130 5567; x_wconf 66' lang='grc' dir='ltr'><strong>ἐπιφανείᾳ.</strong></span> <span class='ocrx_word' id='word_1_767' title='bbox 1174 5495 1270 5548; x_wconf 74' lang='grc' dir='ltr'><strong>καὶ</strong></span> <span class='ocrx_word' id='word_1_768' title='bbox 1301 5492 1525 5564; x_wconf 82' lang='grc' dir='ltr'><strong>στερεῷ,</strong></span> <span class='ocrx_word' id='word_1_769' title='bbox 1563 5493 1732 5564; x_wconf 81' lang='grc' dir='ltr'><strong>πρόσ-</strong></span> 
     </span>
    </p>
   </div>
   <div class='ocr_carea' id='block_1_100' title="bbox 237 5653 1128 5730">
    <p class='ocr_par' dir='ltr' id='par_1_100' title="bbox 237 5653 1128 5730">
     <span class='ocr_line' id='line_1_100' title="bbox 237 5653 1128 5730; baseline -0.007 -18"><span class='ocrx_word' id='word_1_770' title='bbox 237 5658 314 5730; x_wconf 83' lang='lat' dir='ltr'><strong>(i)</strong></span> <span class='ocrx_word' id='word_1_771' title='bbox 346 5657 494 5730; x_wconf 74' lang='lat' dir='ltr'><strong>idem</strong></span> <span class='ocrx_word' id='word_1_772' title='bbox 525 5656 647 5730; x_wconf 74' lang='lat' dir='ltr'><strong>ibid.</strong></span> <span class='ocrx_word' id='word_1_773' title='bbox 680 5671 801 5725; x_wconf 87' lang='lat' dir='ltr'><strong>cap.</strong></span> <span class='ocrx_word' id='word_1_774' title='bbox 832 5654 884 5730; x_wconf 54' lang='grc' dir='ltr'><strong>ᾗ,</strong></span> <span class='ocrx_word' id='word_1_775' title='bbox 918 5670 970 5724; x_wconf 94' lang='lat' dir='ltr'><strong>p.</strong></span> 
     </span>
    </p>
   </div>
   <div class='ocr_carea' id='block_1_101' title="bbox 1866 4670 3435 4761">
    <p class='ocr_par' dir='ltr' id='par_1_101' title="bbox 1866 4670 3435 4761">
     <span class='ocr_line' id='line_1_101' title="bbox 1866 4670 3435 4761; baseline 0.016 -40"><span class='ocrx_word' id='word_1_776' title='bbox 1866 4683 2026 4723; x_wconf 90' lang='lat' dir='ltr'><strong>mone</strong></span> <span class='ocrx_word' id='word_1_777' title='bbox 2052 4670 2495 4731; x_wconf 86' lang='lat' dir='ltr'><strong>circumveniens</strong></span> <span class='ocrx_word' id='word_1_778' title='bbox 2520 4678 2667 4746; x_wconf 91' lang='lat' dir='ltr'><strong>quod</strong></span> <span class='ocrx_word' id='word_1_779' title='bbox 2693 4682 2961 4749; x_wconf 66' lang='lat' dir='ltr'><strong>quaeritur</strong></span> <span class='ocrx_word' id='word_1_780' title='bbox 2987 4700 3148 4754; x_wconf 83' lang='lat' dir='ltr'><strong>posse</strong></span> <span class='ocrx_word' id='word_1_781' title='bbox 3174 4688 3228 4741; x_wconf 89' lang='lat' dir='ltr'><strong>in</strong></span> <span class='ocrx_word' id='word_1_782' title='bbox 3251 4690 3435 4761; x_wconf 88' lang='lat' dir='ltr'><strong>aliqua</strong></span> 
     </span>
    </p>
   </div>
   <div class='ocr_carea' id='block_1_102' title="bbox 1861 4762 3430 4848">
    <p class='ocr_par' dir='ltr' id='par_1_102' title="bbox 1861 4762 3430 4848">
     <span class='ocr_line' id='line_1_102' title="bbox 1861 4762 3430 4848; baseline 0.017 -35"><span class='ocrx_word' id='word_1_783' title='bbox 1861 4762 2175 4831; x_wconf 89' lang='lat' dir='ltr'><strong>cognitione</strong></span> <span class='ocrx_word' id='word_1_784' title='bbox 2229 4764 2437 4820; x_wconf 90' lang='lat' dir='ltr'><strong>includi</strong></span> <span class='ocrx_word' id='word_1_785' title='bbox 2471 4770 2691 4840; x_wconf 85' lang='lat' dir='ltr'><strong>putas)?</strong></span> <span class='ocrx_word' id='word_1_786' title='bbox 2753 4792 2770 4823; x_wconf 78' lang='grc' dir='ltr'><strong>ι</strong></span> <span class='ocrx_word' id='word_1_787' title='bbox 2800 4770 3087 4844; x_wconf 89' lang='lat' dir='ltr'><strong>Corpusne</strong></span> <span class='ocrx_word' id='word_1_788' title='bbox 3132 4779 3263 4847; x_wconf 89' lang='lat' dir='ltr'><strong>(hoc</strong></span> <span class='ocrx_word' id='word_1_789' title='bbox 3323 4794 3430 4848; x_wconf 88' lang='lat' dir='ltr'><strong>est,</strong></span> 
     </span>
    </p>
   </div>
   <div class='ocr_carea' id='block_1_103' title="bbox 1858 4850 3433 4939">
    <p class='ocr_par' dir='ltr' id='par_1_103' title="bbox 1858 4850 3433 4939">
     <span class='ocr_line' id='line_1_103' title="bbox 1858 4850 3433 4939; baseline 0.017 -35"><span class='ocrx_word' id='word_1_790' title='bbox 1858 4850 2000 4905; x_wconf 91' lang='lat' dir='ltr'><strong>Num</strong></span> <span class='ocrx_word' id='word_1_791' title='bbox 2032 4854 2303 4926; x_wconf 86' lang='lat' dir='ltr'><strong>corpus)?</strong></span> <span class='ocrx_word' id='word_1_792' title='bbox 2334 4857 2402 4912; x_wconf 85' lang='lat' dir='ltr'><strong>Et</strong></span> <span class='ocrx_word' id='word_1_793' title='bbox 2431 4874 2669 4928; x_wconf 89' lang='lat' dir='ltr'><strong>quonam</strong></span> <span class='ocrx_word' id='word_1_794' title='bbox 2704 4879 2835 4935; x_wconf 88' lang='lat' dir='ltr'><strong>ergo</strong></span> <span class='ocrx_word' id='word_1_795' title='bbox 2863 4868 3027 4923; x_wconf 91' lang='lat' dir='ltr'><strong>modo</strong></span> <span class='ocrx_word' id='word_1_796' title='bbox 3052 4873 3145 4939; x_wconf 91' lang='lat' dir='ltr'><strong>qui</strong></span> <span class='ocrx_word' id='word_1_797' title='bbox 3182 4873 3433 4933; x_wconf 84' lang='lat' dir='ltr'><strong>inﬁnitus</strong></span> 
     </span>
    </p>
   </div>
   <div class='ocr_carea' id='block_1_104' title="bbox 1855 4943 3430 5034">
    <p class='ocr_par' dir='ltr' id='par_1_104' title="bbox 1855 4943 3430 5034">
     <span class='ocr_line' id='line_1_104' title="bbox 1855 4943 3430 5034; baseline 0.018 -39"><span class='ocrx_word' id='word_1_798' title='bbox 1855 4952 1913 4997; x_wconf 86' lang='lat' dir='ltr'><strong>et</strong></span> <span class='ocrx_word' id='word_1_799' title='bbox 1950 4943 2339 5002; x_wconf 90' lang='lat' dir='ltr'><strong>interminatus</strong></span> <span class='ocrx_word' id='word_1_800' title='bbox 2388 4958 2445 5004; x_wconf 90' lang='lat' dir='ltr'><strong>et</strong></span> <span class='ocrx_word' id='word_1_801' title='bbox 2486 4952 2836 5024; x_wconf 86' lang='lat' dir='ltr'><strong>inﬁguratus,</strong></span> <span class='ocrx_word' id='word_1_802' title='bbox 2894 4959 2989 5028; x_wconf 89' lang='lat' dir='ltr'><strong>qui</strong></span> <span class='ocrx_word' id='word_1_803' title='bbox 3032 4960 3272 5034; x_wconf 91' lang='lat' dir='ltr'><strong>denique</strong></span> <span class='ocrx_word' id='word_1_804' title='bbox 3325 4984 3430 5024; x_wconf 92' lang='lat' dir='ltr'><strong>nec</strong></span> 
     </span>
    </p>
   </div>
   <div class='ocr_carea' id='block_1_105' title="bbox 1859 5038 3427 5117">
    <p class='ocr_par' dir='ltr' id='par_1_105' title="bbox 1859 5038 3427 5117">
     <span class='ocr_line' id='line_1_105' title="bbox 1859 5038 3427 5117; baseline 0.017 -28"><span class='ocrx_word' id='word_1_805' title='bbox 1859 5038 2005 5107; x_wconf 89' lang='lat' dir='ltr'><strong>tangi</strong></span> <span class='ocrx_word' id='word_1_806' title='bbox 2048 5054 2152 5094; x_wconf 91' lang='lat' dir='ltr'><strong>nec</strong></span> <span class='ocrx_word' id='word_1_807' title='bbox 2182 5042 2357 5097; x_wconf 89' lang='lat' dir='ltr'><strong>oculis</strong></span> <span class='ocrx_word' id='word_1_808' title='bbox 2407 5047 2560 5100; x_wconf 92' lang='lat' dir='ltr'><strong>cerni</strong></span> <span class='ocrx_word' id='word_1_809' title='bbox 2596 5050 2822 5117; x_wconf 66' lang='lat' dir='ltr'><strong>potest?</strong></span> <span class='ocrx_word' id='word_1_810' title='bbox 2855 5070 2873 5101; x_wconf 70' lang='grc' dir='ltr'><strong>ι</strong></span> <span class='ocrx_word' id='word_1_811' title='bbox 2914 5062 2975 5106; x_wconf 82' lang='grc' dir='ltr'><strong>ιιι</strong></span> <span class='ocrx_word' id='word_1_812' title='bbox 3004 5054 3109 5110; x_wconf 90' lang='lat' dir='ltr'><strong>hoc</strong></span> <span class='ocrx_word' id='word_1_813' title='bbox 3138 5058 3300 5113; x_wconf 89' lang='lat' dir='ltr'><strong>modo</strong></span> <span class='ocrx_word' id='word_1_814' title='bbox 3330 5061 3427 5116; x_wconf 82' lang='lat' dir='ltr'><strong>dc-</strong></span> 
     </span>
    </p>
   </div>
   <div class='ocr_carea' id='block_1_106' title="bbox 1857 5132 3425 5211">
    <p class='ocr_par' dir='ltr' id='par_1_106' title="bbox 1857 5132 3425 5211">
     <span class='ocr_line' id='line_1_106' title="bbox 1857 5132 3425 5211; baseline 0.015 -29"><span class='ocrx_word' id='word_1_815' title='bbox 1857 5138 2220 5185; x_wconf 87' lang='lat' dir='ltr'><strong>monstratum</strong></span> <span class='ocrx_word' id='word_1_816' title='bbox 2282 5132 2655 5207; x_wconf 81' lang='lat' dir='ltr'><strong>intelligatur,</strong></span> <span class='ocrx_word' id='word_1_817' title='bbox 2708 5141 2857 5211; x_wconf 91' lang='lat' dir='ltr'><strong>quod</strong></span> <span class='ocrx_word' id='word_1_818' title='bbox 2916 5159 3238 5203; x_wconf 90' lang='lat' dir='ltr'><strong>communes</strong></span> <span class='ocrx_word' id='word_1_819' title='bbox 3288 5152 3425 5205; x_wconf 86' lang='lat' dir='ltr'><strong>adeo</strong></span> 
     </span>
    </p>
   </div>
   <div class='ocr_carea' id='block_1_107' title="bbox 1856 5222 3426 5309">
    <p class='ocr_par' dir='ltr' id='par_1_107' title="bbox 1856 5222 3426 5309">
     <span class='ocr_line' id='line_1_107' title="bbox 1856 5222 3426 5309; baseline 0.014 -35"><span class='ocrx_word' id='word_1_820' title='bbox 1856 5222 2112 5277; x_wconf 88' lang='lat' dir='ltr'><strong>notiones</strong></span> <span class='ocrx_word' id='word_1_821' title='bbox 2145 5222 2430 5291; x_wconf 90' lang='lat' dir='ltr'><strong>evincunt,</strong></span> <span class='ocrx_word' id='word_1_822' title='bbox 2457 5227 2733 5285; x_wconf 89' lang='lat' dir='ltr'><strong>inﬁnitum</strong></span> <span class='ocrx_word' id='word_1_823' title='bbox 2765 5248 2888 5289; x_wconf 91' lang='lat' dir='ltr'><strong>esse</strong></span> <span class='ocrx_word' id='word_1_824' title='bbox 2929 5235 3124 5301; x_wconf 92' lang='lat' dir='ltr'><strong>Deum,</strong></span> <span class='ocrx_word' id='word_1_825' title='bbox 3162 5241 3307 5309; x_wconf 92' lang='lat' dir='ltr'><strong>quod</strong></span> <span class='ocrx_word' id='word_1_826' title='bbox 3341 5253 3426 5296; x_wconf 88' lang='lat' dir='ltr'><strong>est</strong></span> 
     </span>
    </p>
   </div>
   <div class='ocr_carea' id='block_1_108' title="bbox 1854 5315 3424 5401">
    <p class='ocr_par' dir='ltr' id='par_1_108' title="bbox 1854 5315 3424 5401">
     <span class='ocr_line' id='line_1_108' title="bbox 1854 5315 3424 5401; baseline 0.013 -35"><span class='ocrx_word' id='word_1_827' title='bbox 1854 5315 2153 5368; x_wconf 90' lang='lat' dir='ltr'><strong>terminum</strong></span> <span class='ocrx_word' id='word_1_828' title='bbox 2187 5331 2297 5369; x_wconf 90' lang='lat' dir='ltr'><strong>non</strong></span> <span class='ocrx_word' id='word_1_829' title='bbox 2320 5316 2544 5374; x_wconf 90' lang='lat' dir='ltr'><strong>habere.</strong></span> <span class='ocrx_word' id='word_1_830' title='bbox 2581 5318 2695 5375; x_wconf 82' lang='lat' dir='ltr'><strong>Hoc</strong></span> <span class='ocrx_word' id='word_1_831' title='bbox 2718 5323 2864 5377; x_wconf 90' lang='lat' dir='ltr'><strong>enim</strong></span> <span class='ocrx_word' id='word_1_832' title='bbox 2898 5326 3174 5394; x_wconf 88' lang='lat' dir='ltr'><strong>peculiare</strong></span> <span class='ocrx_word' id='word_1_833' title='bbox 3201 5338 3287 5383; x_wconf 84' lang='grc' dir='ltr'><strong>εει</strong></span> <span class='ocrx_word' id='word_1_834' title='bbox 3305 5331 3424 5401; x_wconf 79' lang='lat' dir='ltr'><strong>ejus</strong></span> 
     </span>
    </p>
   </div>
   <div class='ocr_carea' id='block_1_109' title="bbox 1852 5404 3423 5485">
    <p class='ocr_par' dir='ltr' id='par_1_109' title="bbox 1852 5404 3423 5485">
     <span class='ocr_line' id='line_1_109' title="bbox 1852 5404 3423 5485; baseline 0.011 -28"><span class='ocrx_word' id='word_1_835' title='bbox 1852 5404 1998 5474; x_wconf 86' lang='lat' dir='ltr'><strong>quod</strong></span> <span class='ocrx_word' id='word_1_836' title='bbox 2033 5414 2270 5474; x_wconf 90' lang='lat' dir='ltr'><strong>quatuor</strong></span> <span class='ocrx_word' id='word_1_837' title='bbox 2314 5407 2633 5464; x_wconf 90' lang='lat' dir='ltr'><strong>distinctum</strong></span> <span class='ocrx_word' id='word_1_838' title='bbox 2663 5421 2748 5466; x_wconf 89' lang='lat' dir='ltr'><strong>est</strong></span> <span class='ocrx_word' id='word_1_839' title='bbox 2786 5414 3058 5478; x_wconf 89' lang='lat' dir='ltr'><strong>terminis,</strong></span> <span class='ocrx_word' id='word_1_840' title='bbox 3110 5426 3315 5485; x_wconf 87' lang='lat' dir='ltr'><strong>puncto</strong></span> <span class='ocrx_word' id='word_1_841' title='bbox 3367 5432 3423 5475; x_wconf 86' lang='lat' dir='ltr'><strong>et</strong></span> 
     </span>
    </p>
   </div>
   <div class='ocr_carea' id='block_1_110' title="bbox 1850 5498 3439 5581">
    <p class='ocr_par' dir='ltr' id='par_1_110' title="bbox 1850 5498 3439 5581">
     <span class='ocr_line' id='line_1_110' title="bbox 1850 5498 3439 5581; baseline 0.008 -30"><span class='ocrx_word' id='word_1_842' title='bbox 1850 5498 2016 5564; x_wconf 86' lang='lat' dir='ltr'><strong>linea,</strong></span> <span class='ocrx_word' id='word_1_843' title='bbox 2052 5499 2344 5568; x_wconf 89' lang='lat' dir='ltr'><strong>superﬁcie</strong></span> <span class='ocrx_word' id='word_1_844' title='bbox 2368 5512 2423 5557; x_wconf 91' lang='lat' dir='ltr'><strong>ct</strong></span> <span class='ocrx_word' id='word_1_845' title='bbox 2449 5502 2645 5570; x_wconf 85' lang='lat' dir='ltr'><strong>solido,</strong></span> <span class='ocrx_word' id='word_1_846' title='bbox 2682 5515 2948 5575; x_wconf 63' lang='lat' dir='ltr'><strong>prmtcrea</strong></span> <span class='ocrx_word' id='word_1_847' title='bbox 2982 5509 3162 5563; x_wconf 58' lang='lat' dir='ltr'><strong>tritius</strong></span> <span class='ocrx_word' id='word_1_848' title='bbox 3196 5527 3439 5581; x_wconf 82' lang='lat' dir='ltr'><strong>quoque</strong></span> 
     </span>
    </p>
   </div>
   <div class='ocr_carea' id='block_1_111' title="bbox 238 5721 1913 5799">
    <p class='ocr_par' dir='ltr' id='par_1_111' title="bbox 238 5721 1913 5799">
     <span class='ocr_line' id='line_1_111' title="bbox 238 5721 1913 5799; baseline -0.005 -16"><span class='ocrx_word' id='word_1_849' title='bbox 238 5721 310 5799; x_wconf 65' lang='lat' dir='ltr'><strong>(l,l</strong></span> <span class='ocrx_word' id='word_1_850' title='bbox 344 5729 491 5783; x_wconf 84' lang='lat' dir='ltr'><strong>Idem</strong></span> <span class='ocrx_word' id='word_1_851' title='bbox 522 5729 644 5781; x_wconf 79' lang='lat' dir='ltr'><strong>ibid.</strong></span> <span class='ocrx_word' id='word_1_852' title='bbox 679 5721 795 5795; x_wconf 76' lang='lat' dir='ltr'><strong>cap.</strong></span> <span class='ocrx_word' id='word_1_853' title='bbox 832 5726 883 5789; x_wconf 89' lang='lat'><strong>7,</strong></span> <span class='ocrx_word' id='word_1_854' title='bbox 919 5721 979 5794; x_wconf 49' lang='lat' dir='ltr'><strong>&#39;p.</strong></span> <span class='ocrx_word' id='word_1_855' title='bbox 1027 5725 1149 5789; x_wconf 78' lang='grc'><strong>500,</strong></span> <span class='ocrx_word' id='word_1_856' title='bbox 1186 5722 1275 5777; x_wconf 87' lang='lat' dir='ltr'><strong>ed.</strong></span> <span class='ocrx_word' id='word_1_857' title='bbox 1306 5722 1507 5778; x_wconf 79' lang='lat' dir='ltr'><strong>Bened.</strong></span> <span class='ocrx_word' id='word_1_858' title='bbox 1541 5721 1676 5792; x_wconf 83' lang='lat' dir='ltr'><strong>Opp.</strong></span> <span class='ocrx_word' id='word_1_859' title='bbox 1712 5733 1840 5776; x_wconf 78' lang='lat' dir='ltr'><strong>tom.</strong></span> <span class='ocrx_word' id='word_1_860' title='bbox 1876 5725 1913 5778; x_wconf 85' lang='grc' dir='ltr'><strong>Ι.</strong></span> 
     </span>
    </p>
   </div>
  </div>
