  <div class='ocr_page' id='page_1' title='image "/cluster/home/n/w/nwhite01/storage/ocr_20150623/91/nnc1.0038446014/627.png"; bbox 0 0 4192 6434; ppageno 0'>
   <div class='ocr_carea' id='block_1_1' title="bbox 754 386 880 453">
    <p class='ocr_par' dir='ltr' id='par_1_1' title="bbox 754 386 880 453">
     <span class='ocr_line' id='line_1_1' title="bbox 754 386 880 453; baseline -0.008 -2"><span class='ocrx_word' id='word_1_1' title='bbox 754 386 880 453; x_wconf 76' lang='lat' dir='ltr'><strong>i231</strong></span> 
     </span>
    </p>
   </div>
   <div class='ocr_carea' id='block_1_2' title="bbox 1919 386 2856 450">
    <p class='ocr_par' dir='ltr' id='par_1_2' title="bbox 1919 386 2856 450">
     <span class='ocr_line' id='line_1_2' title="bbox 1919 386 2856 450; baseline 0.003 -4"><span class='ocrx_word' id='word_1_2' title='bbox 1919 388 1977 445; x_wconf 89' lang='lat' dir='ltr'><strong>S.</strong></span> <span class='ocrx_word' id='word_1_3' title='bbox 2020 386 2308 447; x_wconf 73' lang='lat' dir='ltr'><strong>MAXIM!</strong></span> <span class='ocrx_word' id='word_1_4' title='bbox 2348 386 2856 450; x_wconf 78' lang='lat' dir='ltr'><strong>CONFESSORIS</strong></span> 
     </span>
    </p>
   </div>
   <div class='ocr_carea' id='block_1_3' title="bbox 3874 384 4011 451">
    <p class='ocr_par' dir='ltr' id='par_1_3' title="bbox 3874 384 4011 451">
     <span class='ocr_line' id='line_1_3' title="bbox 3874 384 4011 451; baseline -0.015 0"><span class='ocrx_word' id='word_1_5' title='bbox 3874 384 4011 451; x_wconf 67' lang='lat'><strong>1232</strong></span> 
     </span>
    </p>
   </div>
   <div class='ocr_carea' id='block_1_4' title="bbox 752 494 2347 569">
    <p class='ocr_par' dir='ltr' id='par_1_4' title="bbox 752 494 2330 568">
     <span class='ocr_line' id='line_1_4' title="bbox 752 494 2330 568; baseline -0.003 -16"><span class='ocrx_word' id='word_1_6' title='bbox 752 498 1059 565; x_wconf 83' lang='lat' dir='ltr'><strong>distantiis,</strong></span> <span class='ocrx_word' id='word_1_7' title='bbox 1115 497 1459 568; x_wconf 74' lang='lat' dir='ltr'><strong>longitudine</strong></span> <span class='ocrx_word' id='word_1_8' title='bbox 1508 504 1565 551; x_wconf 91' lang='lat' dir='ltr'><strong>et</strong></span> <span class='ocrx_word' id='word_1_9' title='bbox 1607 496 1897 551; x_wconf 88' lang='lat' dir='ltr'><strong>latitudine</strong></span> <span class='ocrx_word' id='word_1_10' title='bbox 1930 505 1986 550; x_wconf 92' lang='lat' dir='ltr'><strong>et</strong></span> <span class='ocrx_word' id='word_1_11' title='bbox 2016 494 2330 559; x_wconf 73' lang='lat' dir='ltr'><strong>altitudine,</strong></span> 
     </span>
    </p>
   </div>
   <div class='ocr_carea' id='block_1_5' title="bbox 2452 494 4013 569">
    <p class='ocr_par' dir='ltr' id='par_1_5' title="bbox 2452 496 4013 569">
     <span class='ocr_line' id='line_1_5' title="bbox 2452 496 4013 569; baseline 0.001 -20"><span class='ocrx_word' id='word_1_12' title='bbox 2452 498 2520 550; x_wconf 71' lang='grc' dir='ltr'><strong>ἑτι</strong></span> <span class='ocrx_word' id='word_1_13' title='bbox 2552 497 2608 550; x_wconf 80' lang='grc' dir='ltr'>δὲ</span> <span class='ocrx_word' id='word_1_14' title='bbox 2652 499 2746 551; x_wconf 55' lang='grc' dir='ltr'><strong>καί⁵</strong></span> <span class='ocrx_word' id='word_1_15' title='bbox 2782 496 3116 567; x_wconf 86' lang='grc' dir='ltr'>διαστήμασι</span> <span class='ocrx_word' id='word_1_16' title='bbox 3159 496 3328 569; x_wconf 78' lang='grc' dir='ltr'>τρισὶ,</span> <span class='ocrx_word' id='word_1_17' title='bbox 3362 498 3525 567; x_wconf 79' lang='grc' dir='ltr'>μήκει</span> <span class='ocrx_word' id='word_1_18' title='bbox 3555 497 3650 550; x_wconf 76' lang='grc' dir='ltr'>καὶ</span> <span class='ocrx_word' id='word_1_19' title='bbox 3696 497 3891 550; x_wconf 79' lang='grc' dir='ltr'>πλάτει</span> <span class='ocrx_word' id='word_1_20' title='bbox 3920 502 4013 551; x_wconf 72' lang='grc' dir='ltr'>καὶ</span> 
     </span>
    </p>
   </div>
   <div class='ocr_carea' id='block_1_6' title="bbox 751 589 2329 660">
    <p class='ocr_par' dir='ltr' id='par_1_6' title="bbox 751 589 2329 660">
     <span class='ocr_line' id='line_1_6' title="bbox 751 589 2329 660; baseline -0.003 -17"><span class='ocrx_word' id='word_1_21' title='bbox 751 607 874 659; x_wconf 72' lang='lat' dir='ltr'><strong>qum</strong></span> <span class='ocrx_word' id='word_1_22' title='bbox 913 592 1045 660; x_wconf 63' lang='lat' dir='ltr'><strong>ipsa:</strong></span> <span class='ocrx_word' id='word_1_23' title='bbox 1073 591 1271 643; x_wconf 85' lang='lat' dir='ltr'><strong>iterum</strong></span> <span class='ocrx_word' id='word_1_24' title='bbox 1307 604 1401 642; x_wconf 79' lang='lat' dir='ltr'><strong>sex</strong></span> <span class='ocrx_word' id='word_1_25' title='bbox 1438 589 1692 643; x_wconf 84' lang='lat' dir='ltr'><strong>terminis</strong></span> <span class='ocrx_word' id='word_1_26' title='bbox 1725 589 2142 653; x_wconf 87' lang='lat' dir='ltr'><strong>discernuntur,</strong></span> <span class='ocrx_word' id='word_1_27' title='bbox 2188 603 2329 656; x_wconf 85' lang='lat' dir='ltr'><strong>quo-</strong></span> 
     </span>
    </p>
   </div>
   <div class='ocr_carea' id='block_1_7' title="bbox 755 676 2330 746">
    <p class='ocr_par' dir='ltr' id='par_1_7' title="bbox 755 676 2330 746">
     <span class='ocr_line' id='line_1_7' title="bbox 755 676 2330 746; baseline -0.001 -15"><span class='ocrx_word' id='word_1_28' title='bbox 755 695 877 732; x_wconf 86' lang='lat' dir='ltr'><strong>rum</strong></span> <span class='ocrx_word' id='word_1_29' title='bbox 927 678 1307 746; x_wconf 83' lang='lat' dir='ltr'><strong>unusquisque</strong></span> <span class='ocrx_word' id='word_1_30' title='bbox 1360 677 1623 731; x_wconf 81' lang='lat' dir='ltr'><strong>videlicet</strong></span> <span class='ocrx_word' id='word_1_31' title='bbox 1675 678 1895 731; x_wconf 86' lang='lat' dir='ltr'><strong>duobus</strong></span> <span class='ocrx_word' id='word_1_32' title='bbox 1936 676 2223 740; x_wconf 86' lang='lat' dir='ltr'><strong>deﬁnitur,</strong></span> <span class='ocrx_word' id='word_1_33' title='bbox 2271 683 2330 729; x_wconf 91' lang='lat' dir='ltr'><strong>ut</strong></span> 
     </span>
    </p>
   </div>
   <div class='ocr_carea' id='block_1_8' title="bbox 2434 586 4012 659">
    <p class='ocr_par' dir='ltr' id='par_1_8' title="bbox 2434 586 4012 659">
     <span class='ocr_line' id='line_1_8' title="bbox 2434 586 4012 659; baseline -0.003 -16"><span class='ocrx_word' id='word_1_34' title='bbox 2434 589 2613 658; x_wconf 79' lang='grc' dir='ltr'>βάθει,</span> <span class='ocrx_word' id='word_1_35' title='bbox 2649 590 2744 641; x_wconf 76' lang='grc' dir='ltr'>καὶ</span> <span class='ocrx_word' id='word_1_36' title='bbox 2774 589 2957 650; x_wconf 82' lang='grc' dir='ltr'>αὐτοῖς</span> <span class='ocrx_word' id='word_1_37' title='bbox 2983 586 3041 653; x_wconf 78' lang='grc' dir='ltr'><strong>ἒξ</strong></span> <span class='ocrx_word' id='word_1_38' title='bbox 3064 588 3469 659; x_wconf 69' lang='grc' dir='ltr'><strong>διειλημμένοις</strong></span> <span class='ocrx_word' id='word_1_39' title='bbox 3499 589 3755 656; x_wconf 81' lang='grc' dir='ltr'>πέρασιν,</span> <span class='ocrx_word' id='word_1_40' title='bbox 3777 589 4012 640; x_wconf 77' lang='grc' dir='ltr'><strong>ἑκάστου</strong></span> 
     </span>
    </p>
   </div>
   <div class='ocr_carea' id='block_1_9' title="bbox 2444 676 4013 752">
    <p class='ocr_par' dir='ltr' id='par_1_9' title="bbox 2444 676 4013 752">
     <span class='ocr_line' id='line_1_9' title="bbox 2444 676 4013 752; baseline -0.001 -18"><span class='ocrx_word' id='word_1_41' title='bbox 2444 681 2691 750; x_wconf 85' lang='grc' dir='ltr'>δηλονότι</span> <span class='ocrx_word' id='word_1_42' title='bbox 2734 680 2856 733; x_wconf 81' lang='grc' dir='ltr'>δυσὶ</span> <span class='ocrx_word' id='word_1_43' title='bbox 2889 682 3394 752; x_wconf 79' lang='grc' dir='ltr'><strong>περιγραφομένου,</strong></span> <span class='ocrx_word' id='word_1_44' title='bbox 3430 676 3542 733; x_wconf 74' lang='grc' dir='ltr'>οἷον</span> <span class='ocrx_word' id='word_1_45' title='bbox 3592 681 3654 732; x_wconf 75' lang='grc' dir='ltr'>τὸ</span> <span class='ocrx_word' id='word_1_46' title='bbox 3688 682 3787 750; x_wconf 80' lang='grc' dir='ltr'>μὲν</span> <span class='ocrx_word' id='word_1_47' title='bbox 3840 683 4013 750; x_wconf 53' lang='lat' dir='ltr'><strong>nixo;</strong></span> 
     </span>
    </p>
   </div>
   <div class='ocr_carea' id='block_1_10' title="bbox 753 766 2347 843">
    <p class='ocr_par' dir='ltr' id='par_1_10' title="bbox 753 766 2331 837">
     <span class='ocr_line' id='line_1_10' title="bbox 753 766 2331 837; baseline -0.001 -16"><span class='ocrx_word' id='word_1_48' title='bbox 753 767 1043 837; x_wconf 79' lang='lat' dir='ltr'><strong>longitudo</strong></span> <span class='ocrx_word' id='word_1_49' title='bbox 1089 766 1382 836; x_wconf 84' lang='lat' dir='ltr'><strong>superiore</strong></span> <span class='ocrx_word' id='word_1_50' title='bbox 1416 777 1472 821; x_wconf 93' lang='lat' dir='ltr'><strong>et</strong></span> <span class='ocrx_word' id='word_1_51' title='bbox 1503 768 1797 831; x_wconf 86' lang='lat' dir='ltr'><strong>inferiore,</strong></span> <span class='ocrx_word' id='word_1_52' title='bbox 1830 768 2066 821; x_wconf 89' lang='lat' dir='ltr'><strong>latitudo</strong></span> <span class='ocrx_word' id='word_1_53' title='bbox 2100 766 2331 821; x_wconf 86' lang='lat' dir='ltr'><strong>dextero</strong></span> 
     </span>
    </p>
   </div>
   <div class='ocr_carea' id='block_1_11' title="bbox 2452 766 4013 843">
    <p class='ocr_par' dir='ltr' id='par_1_11' title="bbox 2452 769 4013 843">
     <span class='ocr_line' id='line_1_11' title="bbox 2452 769 4013 843; baseline -0.002 -19"><span class='ocrx_word' id='word_1_54' title='bbox 2452 774 2513 843; x_wconf 75' lang='grc' dir='ltr'><strong>τῷ</strong></span> <span class='ocrx_word' id='word_1_55' title='bbox 2543 774 2656 827; x_wconf 82' lang='grc' dir='ltr'><strong>άνω</strong></span> <span class='ocrx_word' id='word_1_56' title='bbox 2685 790 2744 825; x_wconf 85' lang='grc' dir='ltr'><strong>τε</strong></span> <span class='ocrx_word' id='word_1_57' title='bbox 2803 774 2897 827; x_wconf 76' lang='grc' dir='ltr'>καὶ</span> <span class='ocrx_word' id='word_1_58' title='bbox 2935 772 3015 842; x_wconf 80' lang='grc' dir='ltr'>τῷ</span> <span class='ocrx_word' id='word_1_59' title='bbox 3046 773 3220 837; x_wconf 84' lang='grc' dir='ltr'>κάτω,</span> <span class='ocrx_word' id='word_1_60' title='bbox 3273 772 3337 827; x_wconf 80' lang='grc' dir='ltr'>τὸ</span> <span class='ocrx_word' id='word_1_61' title='bbox 3376 774 3435 825; x_wconf 85' lang='grc' dir='ltr'>δὲ</span> <span class='ocrx_word' id='word_1_62' title='bbox 3476 773 3678 835; x_wconf 82' lang='grc' dir='ltr'><strong>πλάτος</strong></span> <span class='ocrx_word' id='word_1_63' title='bbox 3734 771 3813 839; x_wconf 84' lang='grc' dir='ltr'>τῷ</span> <span class='ocrx_word' id='word_1_64' title='bbox 3851 769 4013 838; x_wconf 79' lang='grc' dir='ltr'>δεξιῷ</span> 
     </span>
    </p>
   </div>
   <div class='ocr_carea' id='block_1_12' title="bbox 752 858 2329 929">
    <p class='ocr_par' dir='ltr' id='par_1_12' title="bbox 752 858 2329 929">
     <span class='ocr_line' id='line_1_12' title="bbox 752 858 2329 929; baseline 0 -17"><span class='ocrx_word' id='word_1_65' title='bbox 752 870 812 913; x_wconf 81' lang='lat' dir='ltr'><strong>et</strong></span> <span class='ocrx_word' id='word_1_66' title='bbox 858 861 1016 922; x_wconf 64' lang='lat' dir='ltr'><strong>laevo,</strong></span> <span class='ocrx_word' id='word_1_67' title='bbox 1075 858 1311 913; x_wconf 82' lang='lat' dir='ltr'><strong>altitudo</strong></span> <span class='ocrx_word' id='word_1_68' title='bbox 1357 859 1625 915; x_wconf 83' lang='lat' dir='ltr'><strong>anteriori</strong></span> <span class='ocrx_word' id='word_1_69' title='bbox 1665 860 1904 914; x_wconf 85' lang='lat' dir='ltr'><strong>termino</strong></span> <span class='ocrx_word' id='word_1_70' title='bbox 1932 868 1989 914; x_wconf 90' lang='lat' dir='ltr'><strong>et</strong></span> <span class='ocrx_word' id='word_1_71' title='bbox 2012 858 2329 929; x_wconf 86' lang='lat' dir='ltr'><strong>posteriori.</strong></span> 
     </span>
    </p>
   </div>
   <div class='ocr_carea' id='block_1_13' title="bbox 754 951 2332 1021">
    <p class='ocr_par' dir='ltr' id='par_1_13' title="bbox 754 951 2332 1021">
     <span class='ocr_line' id='line_1_13' title="bbox 754 951 2332 1021; baseline -0.001 -15"><span class='ocrx_word' id='word_1_72' title='bbox 754 954 933 1021; x_wconf 83' lang='lat' dir='ltr'><strong>Atque</strong></span> <span class='ocrx_word' id='word_1_73' title='bbox 966 953 1188 1015; x_wconf 87' lang='lat' dir='ltr'><strong>iterum,</strong></span> <span class='ocrx_word' id='word_1_74' title='bbox 1220 968 1345 1006; x_wconf 86' lang='lat' dir='ltr'><strong>cum</strong></span> <span class='ocrx_word' id='word_1_75' title='bbox 1384 952 1589 1007; x_wconf 58' lang='lat' dir='ltr'><strong>eadem</strong></span> <span class='ocrx_word' id='word_1_76' title='bbox 1621 966 1944 1007; x_wconf 89' lang='lat' dir='ltr'><strong>communes</strong></span> <span class='ocrx_word' id='word_1_77' title='bbox 1966 952 2220 1006; x_wconf 90' lang='lat' dir='ltr'><strong>notiones</strong></span> <span class='ocrx_word' id='word_1_78' title='bbox 2245 951 2332 1005; x_wconf 87' lang='lat' dir='ltr'><strong>in-</strong></span> 
     </span>
    </p>
   </div>
   <div class='ocr_carea' id='block_1_14' title="bbox 755 1045 2335 1114">
    <p class='ocr_par' dir='ltr' id='par_1_14' title="bbox 755 1045 2335 1114">
     <span class='ocr_line' id='line_1_14' title="bbox 755 1045 2335 1114; baseline 0.001 -17"><span class='ocrx_word' id='word_1_79' title='bbox 755 1046 1047 1098; x_wconf 86' lang='lat' dir='ltr'><strong>detinitum</strong></span> <span class='ocrx_word' id='word_1_80' title='bbox 1082 1046 1256 1100; x_wconf 89' lang='lat' dir='ltr'><strong>Deum</strong></span> <span class='ocrx_word' id='word_1_81' title='bbox 1287 1060 1410 1100; x_wconf 88' lang='lat' dir='ltr'><strong>esse</strong></span> <span class='ocrx_word' id='word_1_82' title='bbox 1441 1045 1751 1112; x_wconf 85' lang='lat' dir='ltr'><strong>insinuent,</strong></span> <span class='ocrx_word' id='word_1_83' title='bbox 1779 1046 1886 1100; x_wconf 88' lang='lat' dir='ltr'><strong>hoc</strong></span> <span class='ocrx_word' id='word_1_84' title='bbox 1902 1054 1989 1100; x_wconf 89' lang='lat' dir='ltr'><strong>est</strong></span> <span class='ocrx_word' id='word_1_85' title='bbox 2008 1061 2116 1100; x_wconf 92' lang='lat' dir='ltr'><strong>non</strong></span> <span class='ocrx_word' id='word_1_86' title='bbox 2137 1059 2335 1114; x_wconf 87' lang='lat' dir='ltr'><strong>capere</strong></span> 
     </span>
    </p>
   </div>
   <div class='ocr_carea' id='block_1_15' title="bbox 756 1136 2335 1208">
    <p class='ocr_par' dir='ltr' id='par_1_15' title="bbox 756 1136 2335 1208">
     <span class='ocr_line' id='line_1_15' title="bbox 756 1136 2335 1208; baseline 0.001 -19"><span class='ocrx_word' id='word_1_87' title='bbox 756 1138 974 1205; x_wconf 85' lang='lat' dir='ltr'><strong>plenam</strong></span> <span class='ocrx_word' id='word_1_88' title='bbox 1010 1152 1078 1191; x_wconf 77' lang='lat' dir='ltr'><strong>ex</strong></span> <span class='ocrx_word' id='word_1_89' title='bbox 1114 1136 1449 1207; x_wconf 88' lang='lat' dir='ltr'><strong>quibusnam</strong></span> <span class='ocrx_word' id='word_1_90' title='bbox 1488 1145 1709 1192; x_wconf 89' lang='lat' dir='ltr'><strong>constet</strong></span> <span class='ocrx_word' id='word_1_91' title='bbox 1749 1138 2060 1208; x_wconf 82' lang='lat' dir='ltr'><strong>subjectum</strong></span> <span class='ocrx_word' id='word_1_92' title='bbox 2092 1138 2335 1207; x_wconf 80' lang='lat' dir='ltr'><strong>explica-</strong></span> 
     </span>
    </p>
   </div>
   <div class='ocr_carea' id='block_1_16' title="bbox 756 1228 2334 1297">
    <p class='ocr_par' dir='ltr' id='par_1_16' title="bbox 756 1228 2334 1297">
     <span class='ocr_line' id='line_1_16' title="bbox 756 1228 2334 1297; baseline 0.001 -15"><span class='ocrx_word' id='word_1_93' title='bbox 756 1228 984 1291; x_wconf 86' lang='lat' dir='ltr'><strong>tionem,</strong></span> <span class='ocrx_word' id='word_1_94' title='bbox 1018 1244 1121 1283; x_wconf 90' lang='lat' dir='ltr'><strong>nec</strong></span> <span class='ocrx_word' id='word_1_95' title='bbox 1144 1228 1318 1297; x_wconf 90' lang='lat' dir='ltr'><strong>magis</strong></span> <span class='ocrx_word' id='word_1_96' title='bbox 1347 1228 1641 1286; x_wconf 83' lang='lat' dir='ltr'><strong>admittere</strong></span> <span class='ocrx_word' id='word_1_97' title='bbox 1667 1230 1721 1283; x_wconf 89' lang='lat' dir='ltr'><strong>in</strong></span> <span class='ocrx_word' id='word_1_98' title='bbox 1745 1230 1868 1283; x_wconf 89' lang='lat' dir='ltr'><strong>loco</strong></span> <span class='ocrx_word' id='word_1_99' title='bbox 1891 1230 2334 1294; x_wconf 86' lang='lat' dir='ltr'><strong>collocationem,</strong></span> 
     </span>
    </p>
   </div>
   <div class='ocr_carea' id='block_1_17' title="bbox 2433 861 4014 935">
    <p class='ocr_par' dir='ltr' id='par_1_17' title="bbox 2433 861 4014 935">
     <span class='ocr_line' id='line_1_17' title="bbox 2433 861 4014 935; baseline -0.004 -18"><span class='ocrx_word' id='word_1_100' title='bbox 2433 864 2527 917; x_wconf 78' lang='grc' dir='ltr'>καὶ</span> <span class='ocrx_word' id='word_1_101' title='bbox 2552 863 2631 933; x_wconf 87' lang='grc' dir='ltr'><strong>τῷ</strong></span> <span class='ocrx_word' id='word_1_102' title='bbox 2656 862 2954 935; x_wconf 83' lang='grc' dir='ltr'><strong>ἀριστερῷ,</strong></span> <span class='ocrx_word' id='word_1_103' title='bbox 2982 862 3045 917; x_wconf 80' lang='grc' dir='ltr'>τὸ</span> <span class='ocrx_word' id='word_1_104' title='bbox 3065 862 3122 916; x_wconf 76' lang='grc' dir='ltr'>δὲ</span> <span class='ocrx_word' id='word_1_105' title='bbox 3144 862 3309 932; x_wconf 81' lang='grc' dir='ltr'><strong>βάθος</strong></span> <span class='ocrx_word' id='word_1_106' title='bbox 3342 861 3422 932; x_wconf 82' lang='grc' dir='ltr'>τῷ</span> <span class='ocrx_word' id='word_1_107' title='bbox 3448 862 3660 931; x_wconf 72' lang='grc' dir='ltr'>ὲμπρὸς</span> <span class='ocrx_word' id='word_1_108' title='bbox 3690 862 3893 930; x_wconf 77' lang='grc' dir='ltr'>πέρατι</span> <span class='ocrx_word' id='word_1_109' title='bbox 3919 862 4014 912; x_wconf 74' lang='grc' dir='ltr'>καὶ</span> 
     </span>
    </p>
   </div>
   <div class='ocr_carea' id='block_1_18' title="bbox 2435 950 4015 1027">
    <p class='ocr_par' dir='ltr' id='par_1_18' title="bbox 2435 950 4015 1027">
     <span class='ocr_line' id='line_1_18' title="bbox 2435 950 4015 1027; baseline -0.006 -17"><span class='ocrx_word' id='word_1_110' title='bbox 2435 957 2514 1027; x_wconf 82' lang='grc' dir='ltr'>τῷ</span> <span class='ocrx_word' id='word_1_111' title='bbox 2551 957 2745 1011; x_wconf 81' lang='grc' dir='ltr'>ὀπίσω.</span> <span class='ocrx_word' id='word_1_112' title='bbox 2789 958 2902 1010; x_wconf 76' lang='grc' dir='ltr'><strong>Καὶ</strong></span> <span class='ocrx_word' id='word_1_113' title='bbox 2957 956 3141 1020; x_wconf 81' lang='grc' dir='ltr'>πάλιν,</span> <span class='ocrx_word' id='word_1_114' title='bbox 3193 955 3303 1008; x_wconf 89' lang='grc' dir='ltr'><strong>τῶν</strong></span> <span class='ocrx_word' id='word_1_115' title='bbox 3332 954 3510 1008; x_wconf 77' lang='grc' dir='ltr'>αὐτῶν</span> <span class='ocrx_word' id='word_1_116' title='bbox 3549 952 3745 1005; x_wconf 80' lang='grc' dir='ltr'>κοινῶν</span> <span class='ocrx_word' id='word_1_117' title='bbox 3795 950 4015 1003; x_wconf 75' lang='grc' dir='ltr'>ἐννοιῶν</span> 
     </span>
    </p>
   </div>
   <div class='ocr_carea' id='block_1_19' title="bbox 2443 1041 4017 1118">
    <p class='ocr_par' dir='ltr' id='par_1_19' title="bbox 2443 1041 4017 1118">
     <span class='ocr_line' id='line_1_19' title="bbox 2443 1041 4017 1118; baseline -0.008 -12"><span class='ocrx_word' id='word_1_118' title='bbox 2443 1051 2698 1118; x_wconf 83' lang='grc' dir='ltr'>ἀόριστον</span> <span class='ocrx_word' id='word_1_119' title='bbox 2747 1049 2838 1101; x_wconf 73' lang='grc' dir='ltr'><strong>τὸν</strong></span> <span class='ocrx_word' id='word_1_120' title='bbox 2870 1048 3003 1101; x_wconf 78' lang='grc' dir='ltr'>Θεὸν</span> <span class='ocrx_word' id='word_1_121' title='bbox 3047 1046 3403 1115; x_wconf 80' lang='grc' dir='ltr'>είσαγουσῶν,</span> <span class='ocrx_word' id='word_1_122' title='bbox 3436 1047 3680 1099; x_wconf 79' lang='grc' dir='ltr'><strong>τουτέστι</strong></span> <span class='ocrx_word' id='word_1_123' title='bbox 3724 1044 3799 1113; x_wconf 78' lang='grc' dir='ltr'>μὴ</span> <span class='ocrx_word' id='word_1_124' title='bbox 3830 1041 4017 1094; x_wconf 75' lang='grc' dir='ltr'>ἐπιδε-</span> 
     </span>
    </p>
   </div>
   <div class='ocr_carea' id='block_1_20' title="bbox 2434 1136 4017 1213">
    <p class='ocr_par' dir='ltr' id='par_1_20' title="bbox 2434 1136 4017 1213">
     <span class='ocr_line' id='line_1_20' title="bbox 2434 1136 4017 1213; baseline -0.009 -17"><span class='ocrx_word' id='word_1_125' title='bbox 2434 1143 2663 1213; x_wconf 83' lang='grc' dir='ltr'>χόμενον</span> <span class='ocrx_word' id='word_1_126' title='bbox 2699 1140 3105 1205; x_wconf 82' lang='grc' dir='ltr'>διεξοδεύουσαν</span> <span class='ocrx_word' id='word_1_127' title='bbox 3159 1136 3460 1202; x_wconf 71' lang='grc' dir='ltr'>ἀνάπτυξιν</span> <span class='ocrx_word' id='word_1_128' title='bbox 3491 1178 3506 1201; x_wconf 95' lang='grc'><strong>,</strong></span> <span class='ocrx_word' id='word_1_129' title='bbox 3557 1138 3622 1189; x_wconf 80' lang='grc' dir='ltr'>ὲκ</span> <span class='ocrx_word' id='word_1_130' title='bbox 3667 1137 3834 1188; x_wconf 79' lang='grc' dir='ltr'>τίνων</span> <span class='ocrx_word' id='word_1_131' title='bbox 3896 1149 4017 1185; x_wconf 69' lang='grc' dir='ltr'>συν-</span> 
     </span>
    </p>
   </div>
   <div class='ocr_carea' id='block_1_21' title="bbox 2440 1226 4010 1305">
    <p class='ocr_par' dir='ltr' id='par_1_21' title="bbox 2440 1226 4010 1305">
     <span class='ocr_line' id='line_1_21' title="bbox 2440 1226 4010 1305; baseline -0.008 -16"><span class='ocrx_word' id='word_1_132' title='bbox 2440 1236 2637 1305; x_wconf 81' lang='grc' dir='ltr'>έστηκε</span> <span class='ocrx_word' id='word_1_133' title='bbox 2668 1233 2730 1288; x_wconf 79' lang='grc' dir='ltr'>τὸ</span> <span class='ocrx_word' id='word_1_134' title='bbox 2760 1233 3144 1304; x_wconf 82' lang='grc' dir='ltr'>ὑποκείμενον,</span> <span class='ocrx_word' id='word_1_135' title='bbox 3168 1234 3303 1303; x_wconf 85' lang='grc' dir='ltr'>μήτε</span> <span class='ocrx_word' id='word_1_136' title='bbox 3326 1231 3431 1302; x_wconf 80' lang='grc' dir='ltr'>μὴν</span> <span class='ocrx_word' id='word_1_137' title='bbox 3458 1230 3556 1299; x_wconf 78' lang='grc' dir='ltr'>τὴν</span> <span class='ocrx_word' id='word_1_138' title='bbox 3582 1232 3641 1281; x_wconf 81' lang='grc' dir='ltr'>ἐν</span> <span class='ocrx_word' id='word_1_139' title='bbox 3667 1228 3819 1298; x_wconf 83' lang='grc' dir='ltr'>τόπῳ</span> <span class='ocrx_word' id='word_1_140' title='bbox 3838 1226 4010 1286; x_wconf 81' lang='grc' dir='ltr'>θέσιν,</span> 
     </span>
    </p>
   </div>
   <div class='ocr_carea' id='block_1_22' title="bbox 754 1317 2347 1399">
    <p class='ocr_par' dir='ltr' id='par_1_22' title="bbox 754 1317 2336 1388">
     <span class='ocr_line' id='line_1_22' title="bbox 754 1317 2336 1388; baseline 0.001 -17"><span class='ocrx_word' id='word_1_141' title='bbox 754 1326 851 1371; x_wconf 84' lang='lat' dir='ltr'><strong>aut</strong></span> <span class='ocrx_word' id='word_1_142' title='bbox 882 1317 1021 1371; x_wconf 88' lang='lat' dir='ltr'><strong>intra</strong></span> <span class='ocrx_word' id='word_1_143' title='bbox 1062 1327 1281 1386; x_wconf 86' lang='lat' dir='ltr'><strong>tempus</strong></span> <span class='ocrx_word' id='word_1_144' title='bbox 1312 1317 1534 1372; x_wconf 90' lang='lat' dir='ltr'><strong>initium</strong></span> <span class='ocrx_word' id='word_1_145' title='bbox 1566 1318 1651 1373; x_wconf 90' lang='lat' dir='ltr'><strong>vel</strong></span> <span class='ocrx_word' id='word_1_146' title='bbox 1686 1319 1876 1383; x_wconf 85' lang='lat' dir='ltr'><strong>linem,</strong></span> <span class='ocrx_word' id='word_1_147' title='bbox 1909 1319 2139 1388; x_wconf 86' lang='lat' dir='ltr'><strong>insuper</strong></span> <span class='ocrx_word' id='word_1_148' title='bbox 2168 1319 2336 1373; x_wconf 90' lang='lat' dir='ltr'><strong>etiam</strong></span> 
     </span>
    </p>
   </div>
   <div class='ocr_carea' id='block_1_23' title="bbox 2452 1317 4014 1399">
    <p class='ocr_par' dir='ltr' id='par_1_23' title="bbox 2452 1320 4014 1399">
     <span class='ocr_line' id='line_1_23' title="bbox 2452 1320 4014 1399; baseline -0.007 -18"><span class='ocrx_word' id='word_1_149' title='bbox 2452 1329 2474 1399; x_wconf 69' lang='grc' dir='ltr'>ἥ</span> <span class='ocrx_word' id='word_1_150' title='bbox 2502 1329 2601 1398; x_wconf 79' lang='grc' dir='ltr'>τὴν</span> <span class='ocrx_word' id='word_1_151' title='bbox 2621 1328 2682 1380; x_wconf 77' lang='grc' dir='ltr'>ἐν</span> <span class='ocrx_word' id='word_1_152' title='bbox 2706 1327 2888 1399; x_wconf 83' lang='grc' dir='ltr'>χρόνῳ</span> <span class='ocrx_word' id='word_1_153' title='bbox 2916 1325 3095 1397; x_wconf 80' lang='grc' dir='ltr'>ἀρχὴν</span> <span class='ocrx_word' id='word_1_154' title='bbox 3137 1325 3174 1396; x_wconf 71' lang='grc' dir='ltr'><strong>ἢ</strong></span> <span class='ocrx_word' id='word_1_155' title='bbox 3202 1324 3379 1387; x_wconf 80' lang='grc' dir='ltr'>τέλος,</span> <span class='ocrx_word' id='word_1_156' title='bbox 3437 1321 3663 1392; x_wconf 82' lang='grc' dir='ltr'>προσέτι</span> <span class='ocrx_word' id='word_1_157' title='bbox 3710 1320 3805 1373; x_wconf 77' lang='grc' dir='ltr'>καὶ</span> <span class='ocrx_word' id='word_1_158' title='bbox 3838 1321 4014 1387; x_wconf 80' lang='grc' dir='ltr'>ἀσχη-</span> 
     </span>
    </p>
   </div>
   <div class='ocr_carea' id='block_1_24' title="bbox 756 1408 2341 1482">
    <p class='ocr_par' dir='ltr' id='par_1_24' title="bbox 756 1408 2341 1482">
     <span class='ocr_line' id='line_1_24' title="bbox 756 1408 2341 1482; baseline 0.003 -22"><span class='ocrx_word' id='word_1_159' title='bbox 756 1408 1137 1479; x_wconf 82' lang='lat' dir='ltr'><strong>iutiguralum,</strong></span> <span class='ocrx_word' id='word_1_160' title='bbox 1164 1418 1227 1463; x_wconf 92' lang='lat' dir='ltr'><strong>ut</strong></span> <span class='ocrx_word' id='word_1_161' title='bbox 1261 1411 1355 1480; x_wconf 89' lang='lat' dir='ltr'><strong>qui</strong></span> <span class='ocrx_word' id='word_1_162' title='bbox 1401 1425 1510 1465; x_wconf 91' lang='lat' dir='ltr'><strong>non</strong></span> <span class='ocrx_word' id='word_1_163' title='bbox 1551 1410 1815 1481; x_wconf 77' lang='lat' dir='ltr'><strong>globosus</strong></span> <span class='ocrx_word' id='word_1_164' title='bbox 1836 1418 1923 1466; x_wconf 84' lang='lat' dir='ltr'><strong>est</strong></span> <span class='ocrx_word' id='word_1_165' title='bbox 1947 1419 2042 1466; x_wconf 84' lang='lat' dir='ltr'><strong>aut</strong></span> <span class='ocrx_word' id='word_1_166' title='bbox 2066 1410 2341 1482; x_wconf 88' lang='lat' dir='ltr'><strong>quadran-</strong></span> 
     </span>
    </p>
   </div>
   <div class='ocr_carea' id='block_1_25' title="bbox 2444 1406 4013 1488">
    <p class='ocr_par' dir='ltr' id='par_1_25' title="bbox 2444 1406 4013 1488">
     <span class='ocr_line' id='line_1_25' title="bbox 2444 1406 4013 1488; baseline -0.007 -18"><span class='ocrx_word' id='word_1_167' title='bbox 2444 1417 2727 1488; x_wconf 89' lang='grc' dir='ltr'>μάτιστον,</span> <span class='ocrx_word' id='word_1_168' title='bbox 2754 1410 2869 1469; x_wconf 73' lang='grc' dir='ltr'>οἷον</span> <span class='ocrx_word' id='word_1_169' title='bbox 2897 1416 2981 1468; x_wconf 80' lang='grc' dir='ltr'>ὅτι</span> <span class='ocrx_word' id='word_1_170' title='bbox 3025 1415 3087 1467; x_wconf 84' lang='grc' dir='ltr'>οὐ</span> <span class='ocrx_word' id='word_1_171' title='bbox 3129 1412 3471 1484; x_wconf 82' lang='grc' dir='ltr'>σφαιροειδὲς</span> <span class='ocrx_word' id='word_1_172' title='bbox 3520 1412 3553 1482; x_wconf 76' lang='grc' dir='ltr'>ἢ</span> <span class='ocrx_word' id='word_1_173' title='bbox 3603 1410 3952 1480; x_wconf 82' lang='grc' dir='ltr'>τετράγωνον</span> <span class='ocrx_word' id='word_1_174' title='bbox 3980 1406 4013 1474; x_wconf 82' lang='grc' dir='ltr'>ἦ</span> 
     </span>
    </p>
   </div>
   <div class='ocr_carea' id='block_1_26' title="bbox 754 1498 2347 1577">
    <p class='ocr_par' dir='ltr' id='par_1_26' title="bbox 754 1499 2338 1573">
     <span class='ocr_line' id='line_1_26' title="bbox 754 1499 2338 1573; baseline 0.003 -22"><span class='ocrx_word' id='word_1_175' title='bbox 754 1499 916 1567; x_wconf 78' lang='lat' dir='ltr'><strong>gulus</strong></span> <span class='ocrx_word' id='word_1_176' title='bbox 952 1509 1047 1554; x_wconf 90' lang='lat' dir='ltr'><strong>aut</strong></span> <span class='ocrx_word' id='word_1_177' title='bbox 1089 1510 1312 1558; x_wconf 89' lang='lat' dir='ltr'><strong>erectus</strong></span> <span class='ocrx_word' id='word_1_178' title='bbox 1344 1510 1440 1556; x_wconf 91' lang='lat' dir='ltr'><strong>aut</strong></span> <span class='ocrx_word' id='word_1_179' title='bbox 1469 1501 1732 1556; x_wconf 89' lang='lat' dir='ltr'><strong>deorsum</strong></span> <span class='ocrx_word' id='word_1_180' title='bbox 1758 1517 2015 1573; x_wconf 83' lang='lat' dir='ltr'><strong>vergens,</strong></span> <span class='ocrx_word' id='word_1_181' title='bbox 2048 1503 2183 1572; x_wconf 91' lang='lat' dir='ltr'><strong>quin</strong></span> <span class='ocrx_word' id='word_1_182' title='bbox 2211 1518 2338 1559; x_wconf 91' lang='lat' dir='ltr'><strong>eum</strong></span> 
     </span>
    </p>
   </div>
   <div class='ocr_carea' id='block_1_27' title="bbox 2452 1498 4018 1577">
    <p class='ocr_par' dir='ltr' id='par_1_27' title="bbox 2452 1498 4018 1577">
     <span class='ocr_line' id='line_1_27' title="bbox 2452 1498 4018 1577; baseline -0.008 -17"><span class='ocrx_word' id='word_1_183' title='bbox 2452 1506 2625 1577; x_wconf 67' lang='lat' dir='ltr'><strong>590cm</strong></span> <span class='ocrx_word' id='word_1_184' title='bbox 2656 1507 2693 1577; x_wconf 78' lang='grc' dir='ltr'><strong>ἣ</strong></span> <span class='ocrx_word' id='word_1_185' title='bbox 2721 1507 2870 1560; x_wconf 87' lang='grc' dir='ltr'>κάτω</span> <span class='ocrx_word' id='word_1_186' title='bbox 2911 1505 3184 1571; x_wconf 77' lang='grc' dir='ltr'>νενευκὸς,</span> <span class='ocrx_word' id='word_1_187' title='bbox 3232 1504 3323 1557; x_wconf 71' lang='grc' dir='ltr'>ναὶ</span> <span class='ocrx_word' id='word_1_188' title='bbox 3358 1504 3466 1573; x_wconf 72' lang='grc' dir='ltr'>μὴν</span> <span class='ocrx_word' id='word_1_189' title='bbox 3502 1502 3598 1554; x_wconf 72' lang='grc' dir='ltr'>καὶ</span> <span class='ocrx_word' id='word_1_190' title='bbox 3644 1500 3857 1567; x_wconf 78' lang='grc' dir='ltr'>ἀναφὲς</span> <span class='ocrx_word' id='word_1_191' title='bbox 3920 1498 4018 1549; x_wconf 78' lang='grc' dir='ltr'>καὶ</span> 
     </span>
    </p>
   </div>
   <div class='ocr_carea' id='block_1_28' title="bbox 753 1589 2347 1671">
    <p class='ocr_par' dir='ltr' id='par_1_28' title="bbox 753 1590 2341 1664">
     <span class='ocr_line' id='line_1_28' title="bbox 753 1590 2341 1664; baseline 0.004 -23"><span class='ocrx_word' id='word_1_192' title='bbox 753 1590 920 1644; x_wconf 85' lang='lat' dir='ltr'><strong>etiam</strong></span> <span class='ocrx_word' id='word_1_193' title='bbox 960 1598 1166 1646; x_wconf 89' lang='lat' dir='ltr'><strong>tactum</strong></span> <span class='ocrx_word' id='word_1_194' title='bbox 1215 1603 1273 1648; x_wconf 90' lang='lat' dir='ltr'><strong>et</strong></span> <span class='ocrx_word' id='word_1_195' title='bbox 1320 1595 1502 1649; x_wconf 90' lang='lat' dir='ltr'><strong>visum</strong></span> <span class='ocrx_word' id='word_1_196' title='bbox 1562 1592 1779 1664; x_wconf 78' lang='lat' dir='ltr'><strong>fugere,</strong></span> <span class='ocrx_word' id='word_1_197' title='bbox 1824 1610 1951 1649; x_wconf 90' lang='lat' dir='ltr'><strong>cum</strong></span> <span class='ocrx_word' id='word_1_198' title='bbox 1987 1594 2176 1649; x_wconf 89' lang='lat' dir='ltr'><strong>sensui</strong></span> <span class='ocrx_word' id='word_1_199' title='bbox 2228 1609 2341 1648; x_wconf 87' lang='lat' dir='ltr'><strong>non</strong></span> 
     </span>
    </p>
   </div>
   <div class='ocr_carea' id='block_1_29' title="bbox 2452 1589 4015 1671">
    <p class='ocr_par' dir='ltr' id='par_1_29' title="bbox 2452 1589 4015 1671">
     <span class='ocr_line' id='line_1_29' title="bbox 2452 1589 4015 1671; baseline -0.007 -18"><span class='ocrx_word' id='word_1_200' title='bbox 2452 1600 2694 1671; x_wconf 66' lang='grc' dir='ltr'>Ξόρατον,</span> <span class='ocrx_word' id='word_1_201' title='bbox 2747 1598 2823 1661; x_wconf 85' lang='grc' dir='ltr'>ὡς</span> <span class='ocrx_word' id='word_1_202' title='bbox 2869 1599 3121 1668; x_wconf 74' lang='grc' dir='ltr'><strong>αἰσθήσει</strong></span> <span class='ocrx_word' id='word_1_203' title='bbox 3179 1598 3255 1667; x_wconf 79' lang='grc' dir='ltr'>μὴ</span> <span class='ocrx_word' id='word_1_204' title='bbox 3309 1596 3617 1650; x_wconf 81' lang='grc' dir='ltr'>ὑποπίπτον</span> <span class='ocrx_word' id='word_1_205' title='bbox 3674 1592 3873 1665; x_wconf 81' lang='grc' dir='ltr'>(ταῦτα</span> <span class='ocrx_word' id='word_1_206' title='bbox 3904 1589 4015 1659; x_wconf 73' lang='grc' dir='ltr'><strong>γάρ</strong></span> 
     </span>
    </p>
   </div>
   <div class='ocr_carea' id='block_1_30' title="bbox 754 1681 2344 1757">
    <p class='ocr_par' dir='ltr' id='par_1_30' title="bbox 754 1681 2344 1757">
     <span class='ocr_line' id='line_1_30' title="bbox 754 1681 2344 1757; baseline 0.004 -23"><span class='ocrx_word' id='word_1_207' title='bbox 754 1681 1039 1751; x_wconf 86' lang='lat' dir='ltr'><strong>subjaeeat</strong></span> <span class='ocrx_word' id='word_1_208' title='bbox 1087 1683 1226 1753; x_wconf 69' lang='lat' dir='ltr'><strong>(haec</strong></span> <span class='ocrx_word' id='word_1_209' title='bbox 1262 1684 1412 1738; x_wconf 92' lang='lat' dir='ltr'><strong>enim</strong></span> <span class='ocrx_word' id='word_1_210' title='bbox 1446 1699 1744 1754; x_wconf 87' lang='lat' dir='ltr'><strong>corporum</strong></span> <span class='ocrx_word' id='word_1_211' title='bbox 1779 1696 1911 1742; x_wconf 90' lang='lat' dir='ltr'><strong>sunt</strong></span> <span class='ocrx_word' id='word_1_212' title='bbox 1942 1685 2213 1757; x_wconf 88' lang='lat' dir='ltr'><strong>propria),</strong></span> <span class='ocrx_word' id='word_1_213' title='bbox 2246 1687 2344 1740; x_wconf 92' lang='lat' dir='ltr'><strong>ab-</strong></span> 
     </span>
    </p>
   </div>
   <div class='ocr_carea' id='block_1_31' title="bbox 2445 1680 4024 1757">
    <p class='ocr_par' dir='ltr' id='par_1_31' title="bbox 2445 1680 4024 1757">
     <span class='ocr_line' id='line_1_31' title="bbox 2445 1680 4024 1757; baseline -0.004 -20"><span class='ocrx_word' id='word_1_214' title='bbox 2445 1686 2717 1755; x_wconf 82' lang='grc' dir='ltr'>σωμάτιον</span> <span class='ocrx_word' id='word_1_215' title='bbox 2747 1684 2902 1756; x_wconf 72' lang='grc' dir='ltr'>ἴδια).</span> <span class='ocrx_word' id='word_1_216' title='bbox 2948 1685 3269 1757; x_wconf 84' lang='grc' dir='ltr'>παράλογον</span> <span class='ocrx_word' id='word_1_217' title='bbox 3315 1686 3378 1737; x_wconf 81' lang='grc' dir='ltr'>ὲκ</span> <span class='ocrx_word' id='word_1_218' title='bbox 3426 1685 3536 1736; x_wconf 87' lang='grc' dir='ltr'><strong>τῶν</strong></span> <span class='ocrx_word' id='word_1_219' title='bbox 3579 1680 4024 1737; x_wconf 75' lang='grc' dir='ltr'>άνασκευασθὲνο</span> 
     </span>
    </p>
   </div>
   <div class='ocr_carea' id='block_1_32' title="bbox 756 1772 2347 1857">
    <p class='ocr_par' dir='ltr' id='par_1_32' title="bbox 756 1772 2344 1849">
     <span class='ocr_line' id='line_1_32' title="bbox 756 1772 2344 1849; baseline 0.007 -26"><span class='ocrx_word' id='word_1_220' title='bbox 756 1772 987 1827; x_wconf 80' lang='lat' dir='ltr'><strong>surdum</strong></span> <span class='ocrx_word' id='word_1_221' title='bbox 1017 1784 1200 1828; x_wconf 60' lang='lat' dir='ltr'><strong>est,ex</strong></span> <span class='ocrx_word' id='word_1_222' title='bbox 1235 1776 1319 1829; x_wconf 90' lang='lat' dir='ltr'><strong>eis</strong></span> <span class='ocrx_word' id='word_1_223' title='bbox 1360 1790 1484 1846; x_wconf 74' lang='lat' dir='ltr'><strong>qua:</strong></span> <span class='ocrx_word' id='word_1_224' title='bbox 1521 1777 1828 1832; x_wconf 87' lang='lat' dir='ltr'><strong>evertimus</strong></span> <span class='ocrx_word' id='word_1_225' title='bbox 1855 1777 2104 1831; x_wconf 90' lang='lat' dir='ltr'><strong>divinum</strong></span> <span class='ocrx_word' id='word_1_226' title='bbox 2140 1794 2344 1849; x_wconf 89' lang='lat' dir='ltr'><strong>corpus</strong></span> 
     </span>
    </p>
   </div>
   <div class='ocr_carea' id='block_1_33' title="bbox 2452 1772 4022 1857">
    <p class='ocr_par' dir='ltr' id='par_1_33' title="bbox 2452 1773 4022 1857">
     <span class='ocr_line' id='line_1_33' title="bbox 2452 1773 4022 1857; baseline -0.004 -27"><span class='ocrx_word' id='word_1_227' title='bbox 2452 1793 2554 1831; x_wconf 85' lang='grc' dir='ltr'><strong>των</strong></span> <span class='ocrx_word' id='word_1_228' title='bbox 2589 1777 2948 1849; x_wconf 75' lang='grc' dir='ltr'>ὑπειληφέναι</span> <span class='ocrx_word' id='word_1_229' title='bbox 2984 1779 3045 1831; x_wconf 83' lang='grc' dir='ltr'>τὸ</span> <span class='ocrx_word' id='word_1_230' title='bbox 3073 1773 3397 1857; x_wconf 16' lang='grc' dir='ltr'>θεῖονλεῖναι</span> <span class='ocrx_word' id='word_1_231' title='bbox 3424 1778 3582 1848; x_wconf 86' lang='grc' dir='ltr'>σῶμα</span> <span class='ocrx_word' id='word_1_232' title='bbox 3619 1777 3714 1829; x_wconf 75' lang='grc' dir='ltr'>καὶ</span> <span class='ocrx_word' id='word_1_233' title='bbox 3766 1775 4022 1842; x_wconf 75' lang='grc' dir='ltr'>ἀνάγκην</span> 
     </span>
    </p>
   </div>
   <div class='ocr_carea' id='block_1_34' title="bbox 754 1862 2347 1942">
    <p class='ocr_par' dir='ltr' id='par_1_34' title="bbox 754 1864 2344 1936">
     <span class='ocr_line' id='line_1_34' title="bbox 754 1864 2344 1936; baseline 0.004 -21"><span class='ocrx_word' id='word_1_234' title='bbox 754 1877 900 1927; x_wconf 88' lang='lat' dir='ltr'><strong>esse,</strong></span> <span class='ocrx_word' id='word_1_235' title='bbox 951 1872 1119 1932; x_wconf 90' lang='lat' dir='ltr'><strong>atque</strong></span> <span class='ocrx_word' id='word_1_236' title='bbox 1154 1864 1224 1917; x_wconf 90' lang='lat' dir='ltr'><strong>in-</strong></span> <span class='ocrx_word' id='word_1_237' title='bbox 1265 1872 1345 1919; x_wconf 92' lang='lat' dir='ltr'><strong>tot</strong></span> <span class='ocrx_word' id='word_1_238' title='bbox 1397 1880 1626 1920; x_wconf 88' lang='lat' dir='ltr'><strong>necesse</strong></span> <span class='ocrx_word' id='word_1_239' title='bbox 1665 1865 1875 1920; x_wconf 81' lang='lat' dir='ltr'><strong>habere</strong></span> <span class='ocrx_word' id='word_1_240' title='bbox 1911 1865 2085 1921; x_wconf 89' lang='lat' dir='ltr'><strong>dividi</strong></span> <span class='ocrx_word' id='word_1_241' title='bbox 2110 1866 2167 1921; x_wconf 88' lang='lat' dir='ltr'><strong>in</strong></span> <span class='ocrx_word' id='word_1_242' title='bbox 2208 1876 2344 1936; x_wconf 90' lang='lat' dir='ltr'><strong>quot</strong></span> 
     </span>
    </p>
   </div>
   <div class='ocr_carea' id='block_1_35' title="bbox 2452 1862 4025 1942">
    <p class='ocr_par' dir='ltr' id='par_1_35' title="bbox 2452 1867 4025 1942">
     <span class='ocr_line' id='line_1_35' title="bbox 2452 1867 4025 1942; baseline -0.003 -20"><span class='ocrx_word' id='word_1_243' title='bbox 2452 1869 2591 1941; x_wconf 70' lang='grc' dir='ltr'>ἔχειν</span> <span class='ocrx_word' id='word_1_244' title='bbox 2623 1871 2704 1935; x_wconf 78' lang='grc' dir='ltr'><strong>είς</strong></span> <span class='ocrx_word' id='word_1_245' title='bbox 2727 1871 2967 1925; x_wconf 81' lang='grc' dir='ltr'>τοσαῦτα</span> <span class='ocrx_word' id='word_1_246' title='bbox 2997 1871 3313 1942; x_wconf 74' lang='grc' dir='ltr'>μερίζεσθαι</span> <span class='ocrx_word' id='word_1_247' title='bbox 3335 1874 3415 1935; x_wconf 78' lang='grc' dir='ltr'><strong>είς</strong></span> <span class='ocrx_word' id='word_1_248' title='bbox 3442 1872 3541 1924; x_wconf 78' lang='grc' dir='ltr'>ὅσα</span> <span class='ocrx_word' id='word_1_249' title='bbox 3563 1869 3728 1923; x_wconf 91' lang='grc' dir='ltr'>πάλιν</span> <span class='ocrx_word' id='word_1_250' title='bbox 3756 1869 3834 1931; x_wconf 82' lang='grc' dir='ltr'>ὡς</span> <span class='ocrx_word' id='word_1_251' title='bbox 3864 1867 4025 1935; x_wconf 80' lang='grc' dir='ltr'>σῶμα</span> 
     </span>
    </p>
   </div>
   <div class='ocr_carea' id='block_1_36' title="bbox 757 1955 2343 2027">
    <p class='ocr_par' dir='ltr' id='par_1_36' title="bbox 757 1955 2343 2027">
     <span class='ocr_line' id='line_1_36' title="bbox 757 1955 2343 2027; baseline 0.003 -21"><span class='ocrx_word' id='word_1_252' title='bbox 757 1969 974 2008; x_wconf 83' lang='lat' dir='ltr'><strong>rursum</strong></span> <span class='ocrx_word' id='word_1_253' title='bbox 1004 1994 1018 2018; x_wconf 92' lang='lat'><strong>,</strong></span> <span class='ocrx_word' id='word_1_254' title='bbox 1068 1964 1131 2008; x_wconf 89' lang='lat' dir='ltr'><strong>ut</strong></span> <span class='ocrx_word' id='word_1_255' title='bbox 1170 1969 1394 2025; x_wconf 91' lang='lat' dir='ltr'><strong>corpus,</strong></span> <span class='ocrx_word' id='word_1_256' title='bbox 1435 1955 1813 2021; x_wconf 84' lang='lat' dir='ltr'><strong>contrahatur,</strong></span> <span class='ocrx_word' id='word_1_257' title='bbox 1854 1957 2162 2027; x_wconf 86' lang='lat' dir='ltr'><strong>collegisse.</strong></span> <span class='ocrx_word' id='word_1_258' title='bbox 2194 1957 2343 2012; x_wconf 88' lang='lat' dir='ltr'><strong>Indi-</strong></span> 
     </span>
    </p>
   </div>
   <div class='ocr_carea' id='block_1_37' title="bbox 754 2043 2348 2118">
    <p class='ocr_par' dir='ltr' id='par_1_37' title="bbox 754 2043 2348 2118">
     <span class='ocr_line' id='line_1_37' title="bbox 754 2043 2348 2118; baseline 0.003 -21"><span class='ocrx_word' id='word_1_259' title='bbox 754 2043 961 2099; x_wconf 90' lang='lat' dir='ltr'><strong>viduus</strong></span> <span class='ocrx_word' id='word_1_260' title='bbox 1006 2044 1153 2099; x_wconf 88' lang='lat' dir='ltr'><strong>enim</strong></span> <span class='ocrx_word' id='word_1_261' title='bbox 1187 2046 1349 2114; x_wconf 86' lang='lat' dir='ltr'><strong>plane</strong></span> <span class='ocrx_word' id='word_1_262' title='bbox 1383 2055 1469 2101; x_wconf 91' lang='lat' dir='ltr'><strong>cst</strong></span> <span class='ocrx_word' id='word_1_263' title='bbox 1504 2046 1670 2111; x_wconf 85' lang='lat' dir='ltr'><strong>Deus,</strong></span> <span class='ocrx_word' id='word_1_264' title='bbox 1705 2046 1835 2116; x_wconf 89' lang='lat' dir='ltr'><strong>quia</strong></span> <span class='ocrx_word' id='word_1_265' title='bbox 1876 2056 1934 2101; x_wconf 92' lang='lat' dir='ltr'><strong>et</strong></span> <span class='ocrx_word' id='word_1_266' title='bbox 1965 2048 2128 2117; x_wconf 90' lang='lat' dir='ltr'><strong>plane</strong></span> <span class='ocrx_word' id='word_1_267' title='bbox 2172 2063 2348 2118; x_wconf 91' lang='lat' dir='ltr'><strong>quan-</strong></span> 
     </span>
    </p>
   </div>
   <div class='ocr_carea' id='block_1_38' title="bbox 757 2138 2345 2210">
    <p class='ocr_par' dir='ltr' id='par_1_38' title="bbox 757 2138 2345 2210">
     <span class='ocr_line' id='line_1_38' title="bbox 757 2138 2345 2210; baseline 0.003 -19"><span class='ocrx_word' id='word_1_268' title='bbox 757 2138 930 2191; x_wconf 90' lang='lat' dir='ltr'><strong>titatis</strong></span> <span class='ocrx_word' id='word_1_269' title='bbox 959 2152 1194 2206; x_wconf 86' lang='lat' dir='ltr'><strong>expers;</strong></span> <span class='ocrx_word' id='word_1_270' title='bbox 1229 2139 1561 2207; x_wconf 88' lang='lat' dir='ltr'><strong>quantitatis</strong></span> <span class='ocrx_word' id='word_1_271' title='bbox 1580 2148 1764 2194; x_wconf 85' lang='lat' dir='ltr'><strong>autem</strong></span> <span class='ocrx_word' id='word_1_272' title='bbox 1790 2140 1953 2209; x_wconf 88' lang='lat' dir='ltr'><strong>plane</strong></span> <span class='ocrx_word' id='word_1_273' title='bbox 1975 2155 2192 2210; x_wconf 78' lang='lat' dir='ltr'><strong>expers,</strong></span> <span class='ocrx_word' id='word_1_274' title='bbox 2217 2142 2345 2210; x_wconf 88' lang='lat' dir='ltr'><strong>quia</strong></span> 
     </span>
    </p>
   </div>
   <div class='ocr_carea' id='block_1_39' title="bbox 755 2228 2346 2302">
    <p class='ocr_par' dir='ltr' id='par_1_39' title="bbox 755 2228 2346 2302">
     <span class='ocr_line' id='line_1_39' title="bbox 755 2228 2346 2302; baseline 0.004 -21"><span class='ocrx_word' id='word_1_275' title='bbox 755 2236 812 2281; x_wconf 88' lang='lat' dir='ltr'><strong>et</strong></span> <span class='ocrx_word' id='word_1_276' title='bbox 843 2228 1132 2297; x_wconf 87' lang='lat' dir='ltr'><strong>qualitatis</strong></span> <span class='ocrx_word' id='word_1_277' title='bbox 1172 2230 1336 2299; x_wconf 88' lang='lat' dir='ltr'><strong>plane</strong></span> <span class='ocrx_word' id='word_1_278' title='bbox 1370 2244 1569 2299; x_wconf 86' lang='lat' dir='ltr'><strong>expers</strong></span> <span class='ocrx_word' id='word_1_279' title='bbox 1591 2230 1926 2300; x_wconf 85' lang='lat' dir='ltr'><strong>;&#39;qualitatis</strong></span> <span class='ocrx_word' id='word_1_280' title='bbox 1952 2241 2134 2286; x_wconf 90' lang='lat' dir='ltr'><strong>autem</strong></span> <span class='ocrx_word' id='word_1_281' title='bbox 2183 2234 2346 2302; x_wconf 86' lang='lat' dir='ltr'><strong>plane</strong></span> 
     </span>
    </p>
   </div>
   <div class='ocr_carea' id='block_1_40' title="bbox 762 2321 2346 2394">
    <p class='ocr_par' dir='ltr' id='par_1_40' title="bbox 762 2321 2346 2394">
     <span class='ocr_line' id='line_1_40' title="bbox 762 2321 2346 2394; baseline 0.004 -21"><span class='ocrx_word' id='word_1_282' title='bbox 762 2335 980 2390; x_wconf 84' lang='lat' dir='ltr'><strong>expers,</strong></span> <span class='ocrx_word' id='word_1_283' title='bbox 1020 2321 1153 2390; x_wconf 89' lang='lat' dir='ltr'><strong>quia</strong></span> <span class='ocrx_word' id='word_1_284' title='bbox 1200 2330 1259 2376; x_wconf 92' lang='lat' dir='ltr'><strong>et</strong></span> <span class='ocrx_word' id='word_1_285' title='bbox 1300 2322 1531 2375; x_wconf 88' lang='lat' dir='ltr'><strong>omnino</strong></span> <span class='ocrx_word' id='word_1_286' title='bbox 1583 2321 1855 2391; x_wconf 86' lang='lat' dir='ltr'><strong>simplex;</strong></span> <span class='ocrx_word' id='word_1_287' title='bbox 1901 2323 2136 2394; x_wconf 79' lang='lat' dir='ltr'><strong>simplex</strong></span> <span class='ocrx_word' id='word_1_288' title='bbox 2161 2332 2346 2379; x_wconf 89' lang='lat' dir='ltr'><strong>autem</strong></span> 
     </span>
    </p>
   </div>
   <div class='ocr_carea' id='block_1_41' title="bbox 756 2412 2346 2482">
    <p class='ocr_par' dir='ltr' id='par_1_41' title="bbox 756 2412 2346 2482">
     <span class='ocr_line' id='line_1_41' title="bbox 756 2412 2346 2482; baseline 0.003 -16"><span class='ocrx_word' id='word_1_289' title='bbox 756 2414 937 2482; x_wconf 86' lang='lat' dir='ltr'><strong>plane,</strong></span> <span class='ocrx_word' id='word_1_290' title='bbox 977 2412 1126 2482; x_wconf 89' lang='lat' dir='ltr'><strong>quod</strong></span> <span class='ocrx_word' id='word_1_291' title='bbox 1156 2413 1388 2467; x_wconf 90' lang='lat' dir='ltr'><strong>omnino</strong></span> <span class='ocrx_word' id='word_1_292' title='bbox 1429 2428 1541 2468; x_wconf 90' lang='lat' dir='ltr'><strong>non</strong></span> <span class='ocrx_word' id='word_1_293' title='bbox 1573 2412 1782 2480; x_wconf 90' lang='lat' dir='ltr'><strong>distat;</strong></span> <span class='ocrx_word' id='word_1_294' title='bbox 1815 2414 1985 2470; x_wconf 82' lang='lat' dir='ltr'><strong>distat</strong></span> <span class='ocrx_word' id='word_1_295' title='bbox 2012 2424 2197 2471; x_wconf 89' lang='lat' dir='ltr'><strong>autem</strong></span> <span class='ocrx_word' id='word_1_296' title='bbox 2226 2431 2346 2471; x_wconf 91' lang='lat' dir='ltr'><strong>om-</strong></span> 
     </span>
    </p>
   </div>
   <div class='ocr_carea' id='block_1_42' title="bbox 754 2506 2347 2577">
    <p class='ocr_par' dir='ltr' id='par_1_42' title="bbox 754 2506 2347 2577">
     <span class='ocr_line' id='line_1_42' title="bbox 754 2506 2347 2577; baseline 0.003 -16"><span class='ocrx_word' id='word_1_297' title='bbox 754 2509 891 2562; x_wconf 90' lang='lat' dir='ltr'><strong>nino</strong></span> <span class='ocrx_word' id='word_1_298' title='bbox 924 2508 1072 2577; x_wconf 91' lang='lat' dir='ltr'><strong>quod</strong></span> <span class='ocrx_word' id='word_1_299' title='bbox 1124 2522 1357 2576; x_wconf 81' lang='lat' dir='ltr'><strong>prorsus</strong></span> <span class='ocrx_word' id='word_1_300' title='bbox 1399 2506 1651 2562; x_wconf 82' lang='lat' dir='ltr'><strong>inﬁnitus</strong></span> <span class='ocrx_word' id='word_1_301' title='bbox 1694 2515 1817 2566; x_wconf 81' lang='lat' dir='ltr'><strong>est:</strong></span> <span class='ocrx_word' id='word_1_302' title='bbox 1859 2508 2112 2566; x_wconf 83' lang='lat' dir='ltr'><strong>inﬁnitus</strong></span> <span class='ocrx_word' id='word_1_303' title='bbox 2161 2518 2347 2566; x_wconf 88' lang='lat' dir='ltr'><strong>autem</strong></span> 
     </span>
    </p>
   </div>
   <div class='ocr_carea' id='block_1_43' title="bbox 754 2598 2347 2672">
    <p class='ocr_par' dir='ltr' id='par_1_43' title="bbox 754 2598 2347 2672">
     <span class='ocr_line' id='line_1_43' title="bbox 754 2598 2347 2672; baseline 0.001 -17"><span class='ocrx_word' id='word_1_304' title='bbox 754 2609 840 2655; x_wconf 88' lang='lat' dir='ltr'><strong>est</strong></span> <span class='ocrx_word' id='word_1_305' title='bbox 869 2616 1122 2670; x_wconf 90' lang='lat' dir='ltr'><strong>prorsus,</strong></span> <span class='ocrx_word' id='word_1_306' title='bbox 1146 2599 1296 2670; x_wconf 90' lang='lat' dir='ltr'><strong>quod</strong></span> <span class='ocrx_word' id='word_1_307' title='bbox 1326 2610 1385 2654; x_wconf 91' lang='lat' dir='ltr'><strong>et</strong></span> <span class='ocrx_word' id='word_1_308' title='bbox 1411 2614 1641 2670; x_wconf 80' lang='lat' dir='ltr'><strong>prorsus</strong></span> <span class='ocrx_word' id='word_1_309' title='bbox 1662 2598 1963 2656; x_wconf 88' lang='lat' dir='ltr'><strong>immobilis</strong></span> <span class='ocrx_word' id='word_1_310' title='bbox 1981 2602 2347 2672; x_wconf 89' lang='lat' dir='ltr'><strong>(nequaquam</strong></span> 
     </span>
    </p>
   </div>
   <div class='ocr_carea' id='block_1_44' title="bbox 753 2692 2347 2767">
    <p class='ocr_par' dir='ltr' id='par_1_44' title="bbox 753 2692 2347 2767">
     <span class='ocr_line' id='line_1_44' title="bbox 753 2692 2347 2767; baseline 0.003 -21"><span class='ocrx_word' id='word_1_311' title='bbox 753 2695 904 2748; x_wconf 87' lang='lat' dir='ltr'><strong>enim</strong></span> <span class='ocrx_word' id='word_1_312' title='bbox 965 2702 1221 2748; x_wconf 90' lang='lat' dir='ltr'><strong>movetur</strong></span> <span class='ocrx_word' id='word_1_313' title='bbox 1277 2692 1424 2763; x_wconf 91' lang='lat' dir='ltr'><strong>quod</strong></span> <span class='ocrx_word' id='word_1_314' title='bbox 1467 2709 1580 2748; x_wconf 86' lang='lat' dir='ltr'><strong>non</strong></span> <span class='ocrx_word' id='word_1_315' title='bbox 1633 2694 1801 2750; x_wconf 84' lang='lat' dir='ltr'><strong>habet</strong></span> <span class='ocrx_word' id='word_1_316' title='bbox 1849 2694 1945 2750; x_wconf 90' lang='lat' dir='ltr'><strong>ubi</strong></span> <span class='ocrx_word' id='word_1_317' title='bbox 1995 2695 2347 2767; x_wconf 89' lang='lat' dir='ltr'><strong>moveatur);</strong></span> 
     </span>
    </p>
   </div>
   <div class='ocr_carea' id='block_1_45' title="bbox 758 2785 2354 2855">
    <p class='ocr_par' dir='ltr' id='par_1_45' title="bbox 758 2785 2354 2855">
     <span class='ocr_line' id='line_1_45' title="bbox 758 2785 2354 2855; baseline 0.003 -16"><span class='ocrx_word' id='word_1_318' title='bbox 758 2786 1060 2842; x_wconf 91' lang='lat' dir='ltr'><strong>immobilis</strong></span> <span class='ocrx_word' id='word_1_319' title='bbox 1091 2795 1276 2842; x_wconf 90' lang='lat' dir='ltr'><strong>autem</strong></span> <span class='ocrx_word' id='word_1_320' title='bbox 1309 2787 1494 2855; x_wconf 83' lang='lat' dir='ltr'><strong>plane,</strong></span> <span class='ocrx_word' id='word_1_321' title='bbox 1543 2785 1691 2855; x_wconf 90' lang='lat' dir='ltr'><strong>quod</strong></span> <span class='ocrx_word' id='word_1_322' title='bbox 1726 2794 1784 2840; x_wconf 89' lang='lat' dir='ltr'><strong>et</strong></span> <span class='ocrx_word' id='word_1_323' title='bbox 1812 2785 1975 2841; x_wconf 90' lang='lat' dir='ltr'><strong>initio</strong></span> <span class='ocrx_word' id='word_1_324' title='bbox 2007 2787 2236 2842; x_wconf 90' lang='lat' dir='ltr'><strong>omnino</strong></span> <span class='ocrx_word' id='word_1_325' title='bbox 2264 2802 2354 2843; x_wconf 77' lang='lat' dir='ltr'><strong>ca-</strong></span> 
     </span>
    </p>
   </div>
   <div class='ocr_carea' id='block_1_46' title="bbox 759 2877 2351 2949">
    <p class='ocr_par' dir='ltr' id='par_1_46' title="bbox 759 2877 2351 2949">
     <span class='ocr_line' id='line_1_46' title="bbox 759 2877 2351 2949; baseline 0.003 -17"><span class='ocrx_word' id='word_1_326' title='bbox 759 2888 841 2933; x_wconf 91' lang='lat' dir='ltr'><strong>ret</strong></span> <span class='ocrx_word' id='word_1_327' title='bbox 884 2878 1047 2949; x_wconf 88' lang='lat' dir='ltr'><strong>(nihil</strong></span> <span class='ocrx_word' id='word_1_328' title='bbox 1089 2879 1238 2933; x_wconf 89' lang='lat' dir='ltr'><strong>enim</strong></span> <span class='ocrx_word' id='word_1_329' title='bbox 1264 2885 1395 2932; x_wconf 88' lang='lat' dir='ltr'><strong>ante</strong></span> <span class='ocrx_word' id='word_1_330' title='bbox 1428 2892 1486 2932; x_wconf 91' lang='lat' dir='ltr'><strong>se</strong></span> <span class='ocrx_word' id='word_1_331' title='bbox 1508 2877 1675 2933; x_wconf 86' lang='lat' dir='ltr'><strong>habet</strong></span> <span class='ocrx_word' id='word_1_332' title='bbox 1700 2892 1800 2933; x_wconf 90' lang='lat' dir='ltr'><strong>seu</strong></span> <span class='ocrx_word' id='word_1_333' title='bbox 1825 2879 2025 2949; x_wconf 84' lang='lat' dir='ltr'><strong>majus,</strong></span> <span class='ocrx_word' id='word_1_334' title='bbox 2055 2880 2192 2935; x_wconf 89' lang='lat' dir='ltr'><strong>nihil</strong></span> <span class='ocrx_word' id='word_1_335' title='bbox 2224 2897 2351 2937; x_wconf 89' lang='lat' dir='ltr'><strong>cum</strong></span> 
     </span>
    </p>
   </div>
   <div class='ocr_carea' id='block_1_47' title="bbox 758 2969 2352 3041">
    <p class='ocr_par' dir='ltr' id='par_1_47' title="bbox 758 2969 2352 3041">
     <span class='ocr_line' id='line_1_47' title="bbox 758 2969 2352 3041; baseline 0.003 -17"><span class='ocrx_word' id='word_1_336' title='bbox 758 2986 816 3024; x_wconf 87' lang='lat' dir='ltr'><strong>se</strong></span> <span class='ocrx_word' id='word_1_337' title='bbox 851 2970 972 3041; x_wconf 91' lang='lat' dir='ltr'><strong>ipso</strong></span> <span class='ocrx_word' id='word_1_338' title='bbox 1018 2984 1116 3025; x_wconf 90' lang='lat' dir='ltr'><strong>seu</strong></span> <span class='ocrx_word' id='word_1_339' title='bbox 1147 2970 1382 3040; x_wconf 65' lang='lat' dir='ltr'><strong>aequale,</strong></span> <span class='ocrx_word' id='word_1_340' title='bbox 1421 2969 1562 3024; x_wconf 87' lang='lat' dir='ltr'><strong>nihil</strong></span> <span class='ocrx_word' id='word_1_341' title='bbox 1593 2978 1719 3039; x_wconf 91' lang='lat' dir='ltr'><strong>post</strong></span> <span class='ocrx_word' id='word_1_342' title='bbox 1756 2983 1837 3037; x_wconf 85' lang='lat' dir='ltr'><strong>se,</strong></span> <span class='ocrx_word' id='word_1_343' title='bbox 1869 2970 2086 3041; x_wconf 82' lang='lat' dir='ltr'><strong>quodve</strong></span> <span class='ocrx_word' id='word_1_344' title='bbox 2111 2973 2352 3036; x_wconf 78' lang='lat' dir='ltr'><strong>conferri</strong></span> 
     </span>
    </p>
   </div>
   <div class='ocr_carea' id='block_1_48' title="bbox 758 3062 2354 3132">
    <p class='ocr_par' dir='ltr' id='par_1_48' title="bbox 758 3062 2354 3132">
     <span class='ocr_line' id='line_1_48' title="bbox 758 3062 2354 3132; baseline 0.004 -17"><span class='ocrx_word' id='word_1_345' title='bbox 758 3069 854 3115; x_wconf 91' lang='lat' dir='ltr'><strong>aut</strong></span> <span class='ocrx_word' id='word_1_346' title='bbox 908 3076 1105 3131; x_wconf 90' lang='lat' dir='ltr'><strong>capere</strong></span> <span class='ocrx_word' id='word_1_347' title='bbox 1159 3062 1339 3131; x_wconf 90' lang='lat' dir='ltr'><strong>ipsum</strong></span> <span class='ocrx_word' id='word_1_348' title='bbox 1387 3062 1625 3132; x_wconf 85' lang='lat' dir='ltr'><strong>possit);</strong></span> <span class='ocrx_word' id='word_1_349' title='bbox 1686 3063 1848 3119; x_wconf 91' lang='lat' dir='ltr'><strong>initio</strong></span> <span class='ocrx_word' id='word_1_350' title='bbox 1890 3074 2077 3120; x_wconf 88' lang='lat' dir='ltr'><strong>autem</strong></span> <span class='ocrx_word' id='word_1_351' title='bbox 2125 3066 2354 3121; x_wconf 90' lang='lat' dir='ltr'><strong>omnino</strong></span> 
     </span>
    </p>
   </div>
   <div class='ocr_carea' id='block_1_49' title="bbox 758 3152 2352 3227">
    <p class='ocr_par' dir='ltr' id='par_1_49' title="bbox 758 3152 2352 3227">
     <span class='ocr_line' id='line_1_49' title="bbox 758 3152 2352 3227; baseline 0.003 -19"><span class='ocrx_word' id='word_1_352' title='bbox 758 3162 933 3218; x_wconf 88' lang='lat' dir='ltr'><strong>caret,</strong></span> <span class='ocrx_word' id='word_1_353' title='bbox 965 3152 1115 3223; x_wconf 91' lang='lat' dir='ltr'><strong>quod</strong></span> <span class='ocrx_word' id='word_1_354' title='bbox 1143 3161 1202 3208; x_wconf 91' lang='lat' dir='ltr'><strong>et</strong></span> <span class='ocrx_word' id='word_1_355' title='bbox 1234 3153 1516 3224; x_wconf 85' lang='lat' dir='ltr'><strong>ingenitus</strong></span> <span class='ocrx_word' id='word_1_356' title='bbox 1546 3163 1631 3209; x_wconf 88' lang='lat' dir='ltr'><strong>est</strong></span> <span class='ocrx_word' id='word_1_357' title='bbox 1660 3154 1843 3224; x_wconf 86' lang='lat' dir='ltr'><strong>plane,</strong></span> <span class='ocrx_word' id='word_1_358' title='bbox 1866 3154 2146 3227; x_wconf 88' lang='lat' dir='ltr'><strong>ingenitus</strong></span> <span class='ocrx_word' id='word_1_359' title='bbox 2169 3167 2352 3212; x_wconf 84' lang='lat' dir='ltr'><strong>autem</strong></span> 
     </span>
    </p>
   </div>
   <div class='ocr_carea' id='block_1_50' title="bbox 2448 1958 4025 2034">
    <p class='ocr_par' dir='ltr' id='par_1_50' title="bbox 2448 1958 4025 2034">
     <span class='ocr_line' id='line_1_50' title="bbox 2448 1958 4025 2034; baseline -0.004 -19"><span class='ocrx_word' id='word_1_360' title='bbox 2448 1962 2764 2030; x_wconf 80' lang='grc' dir='ltr'>συνάγεται.</span> <span class='ocrx_word' id='word_1_361' title='bbox 2813 1963 3046 2033; x_wconf 80' lang='grc' dir='ltr'>Ἀμερὲς</span> <span class='ocrx_word' id='word_1_362' title='bbox 3072 1962 3183 2034; x_wconf 83' lang='grc' dir='ltr'><strong>γάρ</strong></span> <span class='ocrx_word' id='word_1_363' title='bbox 3218 1962 3393 2033; x_wconf 80' lang='grc' dir='ltr'>πάντη</span> <span class='ocrx_word' id='word_1_364' title='bbox 3423 1962 3485 2015; x_wconf 82' lang='grc' dir='ltr'>τὸ</span> <span class='ocrx_word' id='word_1_365' title='bbox 3541 1963 3698 2014; x_wconf 80' lang='grc' dir='ltr'><strong>Θεῖόν</strong></span> <span class='ocrx_word' id='word_1_366' title='bbox 3736 1963 3911 2021; x_wconf 76' lang='grc' dir='ltr'>ἐστιν,</span> <span class='ocrx_word' id='word_1_367' title='bbox 3942 1958 4025 2010; x_wconf 79' lang='grc' dir='ltr'>ὅτι</span> 
     </span>
    </p>
   </div>
   <div class='ocr_carea' id='block_1_51' title="bbox 2448 2050 4028 2120">
    <p class='ocr_par' dir='ltr' id='par_1_51' title="bbox 2448 2050 4028 2120">
     <span class='ocr_line' id='line_1_51' title="bbox 2448 2050 4028 2120; baseline -0.006 -11"><span class='ocrx_word' id='word_1_368' title='bbox 2448 2055 2545 2109; x_wconf 81' lang='grc' dir='ltr'>καὶ</span> <span class='ocrx_word' id='word_1_369' title='bbox 2572 2054 2857 2118; x_wconf 81' lang='grc' dir='ltr'>παντελῶς</span> <span class='ocrx_word' id='word_1_370' title='bbox 2886 2056 3114 2120; x_wconf 81' lang='grc' dir='ltr'>ἄποσον,</span> <span class='ocrx_word' id='word_1_371' title='bbox 3149 2054 3353 2109; x_wconf 82' lang='grc' dir='ltr'>άποσον</span> <span class='ocrx_word' id='word_1_372' title='bbox 3378 2053 3436 2108; x_wconf 73' lang='grc' dir='ltr'>δὲ</span> <span class='ocrx_word' id='word_1_373' title='bbox 3465 2050 3770 2114; x_wconf 78' lang='grc' dir='ltr'>παντελῶς,</span> <span class='ocrx_word' id='word_1_374' title='bbox 3802 2051 3890 2103; x_wconf 81' lang='grc' dir='ltr'>ὅτι</span> <span class='ocrx_word' id='word_1_375' title='bbox 3931 2050 4028 2100; x_wconf 79' lang='grc' dir='ltr'>καὶ</span> 
     </span>
    </p>
   </div>
   <div class='ocr_carea' id='block_1_52' title="bbox 2447 2139 4028 2211">
    <p class='ocr_par' dir='ltr' id='par_1_52' title="bbox 2447 2139 4028 2211">
     <span class='ocr_line' id='line_1_52' title="bbox 2447 2139 4028 2211; baseline -0.007 -11"><span class='ocrx_word' id='word_1_376' title='bbox 2447 2147 2734 2211; x_wconf 85' lang='grc' dir='ltr'>παντελῶς</span> <span class='ocrx_word' id='word_1_377' title='bbox 2763 2150 2974 2211; x_wconf 79' lang='grc' dir='ltr'>ἄποιον,</span> <span class='ocrx_word' id='word_1_378' title='bbox 2992 2150 3183 2202; x_wconf 80' lang='grc' dir='ltr'>ἄποιον</span> <span class='ocrx_word' id='word_1_379' title='bbox 3210 2147 3268 2200; x_wconf 85' lang='grc' dir='ltr'>δὲ</span> <span class='ocrx_word' id='word_1_380' title='bbox 3297 2144 3599 2207; x_wconf 83' lang='grc' dir='ltr'>παντελῶς.</span> <span class='ocrx_word' id='word_1_381' title='bbox 3617 2144 3699 2196; x_wconf 78' lang='grc' dir='ltr'>ὃτι</span> <span class='ocrx_word' id='word_1_382' title='bbox 3722 2141 3818 2194; x_wconf 80' lang='grc' dir='ltr'>καὶ</span> <span class='ocrx_word' id='word_1_383' title='bbox 3846 2139 4028 2206; x_wconf 85' lang='grc' dir='ltr'>πάντη</span> 
     </span>
    </p>
   </div>
   <div class='ocr_carea' id='block_1_53' title="bbox 2448 2231 4029 2311">
    <p class='ocr_par' dir='ltr' id='par_1_53' title="bbox 2448 2231 4029 2311">
     <span class='ocr_line' id='line_1_53' title="bbox 2448 2231 4029 2311; baseline -0.005 -18"><span class='ocrx_word' id='word_1_384' title='bbox 2448 2239 2676 2305; x_wconf 81' lang='grc' dir='ltr'>ἀπλοῦν,</span> <span class='ocrx_word' id='word_1_385' title='bbox 2706 2239 2914 2294; x_wconf 81' lang='grc' dir='ltr'>ἀπλοῦν</span> <span class='ocrx_word' id='word_1_386' title='bbox 2940 2240 2998 2293; x_wconf 77' lang='grc' dir='ltr'>δὲ</span> <span class='ocrx_word' id='word_1_387' title='bbox 3018 2241 3218 2311; x_wconf 83' lang='grc' dir='ltr'>πάντη,</span> <span class='ocrx_word' id='word_1_388' title='bbox 3244 2240 3327 2292; x_wconf 80' lang='grc' dir='ltr'>ὅτι</span> <span class='ocrx_word' id='word_1_389' title='bbox 3353 2238 3450 2292; x_wconf 78' lang='grc' dir='ltr'>καὶ</span> <span class='ocrx_word' id='word_1_390' title='bbox 3466 2236 3791 2290; x_wconf 77' lang='grc' dir='ltr'>ἀδιάστατον</span> <span class='ocrx_word' id='word_1_391' title='bbox 3823 2231 4029 2298; x_wconf 78' lang='grc' dir='ltr'>πάντη,</span> 
     </span>
    </p>
   </div>
   <div class='ocr_carea' id='block_1_54' title="bbox 2446 2326 4031 2401">
    <p class='ocr_par' dir='ltr' id='par_1_54' title="bbox 2446 2326 4031 2401">
     <span class='ocr_line' id='line_1_54' title="bbox 2446 2326 4031 2401; baseline -0.008 -15"><span class='ocrx_word' id='word_1_392' title='bbox 2446 2332 2775 2386; x_wconf 80' lang='grc' dir='ltr'>ἀδιάστατον</span> <span class='ocrx_word' id='word_1_393' title='bbox 2797 2334 2854 2386; x_wconf 76' lang='grc' dir='ltr'>δὲ</span> <span class='ocrx_word' id='word_1_394' title='bbox 2886 2332 3066 2401; x_wconf 86' lang='grc' dir='ltr'>πάντη</span> <span class='ocrx_word' id='word_1_395' title='bbox 3114 2334 3197 2387; x_wconf 86' lang='grc' dir='ltr'><strong>δτι</strong></span> <span class='ocrx_word' id='word_1_396' title='bbox 3228 2333 3317 2386; x_wconf 78' lang='grc' dir='ltr'><strong>καί</strong></span> <span class='ocrx_word' id='word_1_397' title='bbox 3357 2331 3537 2400; x_wconf 87' lang='grc' dir='ltr'>πάντη</span> <span class='ocrx_word' id='word_1_398' title='bbox 3583 2330 3837 2397; x_wconf 82' lang='grc' dir='ltr'>ἄπειρον,</span> <span class='ocrx_word' id='word_1_399' title='bbox 3874 2326 4031 2377; x_wconf 76' lang='grc' dir='ltr'>ἀπει-</span> 
     </span>
    </p>
   </div>
   <div class='ocr_carea' id='block_1_55' title="bbox 2450 2417 4031 2495">
    <p class='ocr_par' dir='ltr' id='par_1_55' title="bbox 2450 2417 4031 2495">
     <span class='ocr_line' id='line_1_55' title="bbox 2450 2417 4031 2495; baseline -0.008 -18"><span class='ocrx_word' id='word_1_400' title='bbox 2450 2438 2545 2495; x_wconf 82' lang='grc' dir='ltr'><strong>ρον</strong></span> <span class='ocrx_word' id='word_1_401' title='bbox 2572 2424 2630 2477; x_wconf 81' lang='grc' dir='ltr'>δὲ</span> <span class='ocrx_word' id='word_1_402' title='bbox 2664 2424 2866 2495; x_wconf 85' lang='grc' dir='ltr'>πάντη,</span> <span class='ocrx_word' id='word_1_403' title='bbox 2896 2426 2979 2478; x_wconf 80' lang='grc' dir='ltr'>ὅτι</span> <span class='ocrx_word' id='word_1_404' title='bbox 3007 2425 3103 2478; x_wconf 71' lang='grc' dir='ltr'>καὶ</span> <span class='ocrx_word' id='word_1_405' title='bbox 3147 2424 3325 2493; x_wconf 85' lang='grc' dir='ltr'>πάντη</span> <span class='ocrx_word' id='word_1_406' title='bbox 3353 2423 3614 2493; x_wconf 86' lang='grc' dir='ltr'>ἀκίνητον</span> <span class='ocrx_word' id='word_1_407' title='bbox 3666 2419 3751 2487; x_wconf 80' lang='grc' dir='ltr'><strong>(οὐ</strong></span> <span class='ocrx_word' id='word_1_408' title='bbox 3788 2417 4031 2470; x_wconf 69' lang='grc' dir='ltr'>κινεῖται</span> 
     </span>
    </p>
   </div>
   <div class='ocr_carea' id='block_1_56' title="bbox 2447 2508 4036 2588">
    <p class='ocr_par' dir='ltr' id='par_1_56' title="bbox 2447 2508 4036 2588">
     <span class='ocr_line' id='line_1_56' title="bbox 2447 2508 4036 2588; baseline -0.007 -19"><span class='ocrx_word' id='word_1_409' title='bbox 2447 2514 2559 2587; x_wconf 84' lang='grc' dir='ltr'>γάρ</span> <span class='ocrx_word' id='word_1_410' title='bbox 2588 2516 2763 2588; x_wconf 84' lang='grc' dir='ltr'>πάντη</span> <span class='ocrx_word' id='word_1_411' title='bbox 2793 2516 3013 2570; x_wconf 83' lang='grc' dir='ltr'>πώποτε</span> <span class='ocrx_word' id='word_1_412' title='bbox 3041 2518 3104 2571; x_wconf 84' lang='grc' dir='ltr'>τὸ</span> <span class='ocrx_word' id='word_1_413' title='bbox 3134 2516 3211 2588; x_wconf 81' lang='grc' dir='ltr'>μὴ</span> <span class='ocrx_word' id='word_1_414' title='bbox 3240 2517 3363 2587; x_wconf 75' lang='grc' dir='ltr'>ἔχον</span> <span class='ocrx_word' id='word_1_415' title='bbox 3400 2514 3506 2569; x_wconf 85' lang='grc' dir='ltr'>ποῦ</span> <span class='ocrx_word' id='word_1_416' title='bbox 3532 2513 3874 2583; x_wconf 82' lang='grc' dir='ltr'>κινηθῆναι),</span> <span class='ocrx_word' id='word_1_417' title='bbox 3913 2508 4036 2560; x_wconf 65' lang='lat' dir='ltr'><strong>ibri-</strong></span> 
     </span>
    </p>
   </div>
   <div class='ocr_carea' id='block_1_57' title="bbox 2449 2601 4036 2679">
    <p class='ocr_par' dir='ltr' id='par_1_57' title="bbox 2449 2601 4036 2679">
     <span class='ocr_line' id='line_1_57' title="bbox 2449 2601 4036 2679; baseline 0.006 -17"><span class='ocrx_word' id='word_1_418' title='bbox 2449 2625 2616 2677; x_wconf 75' lang='grc' dir='ltr'>νητον</span> <span class='ocrx_word' id='word_1_419' title='bbox 2636 2608 2692 2662; x_wconf 82' lang='grc' dir='ltr'>δὲ</span> <span class='ocrx_word' id='word_1_420' title='bbox 2717 2610 2916 2679; x_wconf 86' lang='grc' dir='ltr'>πάντη,</span> <span class='ocrx_word' id='word_1_421' title='bbox 2942 2611 3023 2663; x_wconf 86' lang='grc' dir='ltr'>ὃτι</span> <span class='ocrx_word' id='word_1_422' title='bbox 3051 2610 3145 2663; x_wconf 75' lang='grc' dir='ltr'><strong>καὶ</strong></span> <span class='ocrx_word' id='word_1_423' title='bbox 3163 2608 3445 2667; x_wconf 75' lang='grc' dir='ltr'>παντελῶς</span> <span class='ocrx_word' id='word_1_424' title='bbox 3493 2605 3671 2676; x_wconf 79' lang='grc'>(19].</span> <span class='ocrx_word' id='word_1_425' title='bbox 3704 2604 3758 2673; x_wconf 71' lang='grc' dir='ltr'><strong>δ)</strong></span> <span class='ocrx_word' id='word_1_426' title='bbox 3792 2601 4036 2669; x_wconf 73' lang='grc' dir='ltr'><strong>ἄναρχον</strong></span> 
     </span>
    </p>
   </div>
   <div class='ocr_carea' id='block_1_58' title="bbox 2452 2688 4037 2771">
    <p class='ocr_par' dir='ltr' id='par_1_58' title="bbox 2452 2688 4037 2771">
     <span class='ocr_line' id='line_1_58' title="bbox 2452 2688 4037 2771; baseline -0.011 -15"><span class='ocrx_word' id='word_1_427' title='bbox 2452 2698 2534 2769; x_wconf 83' lang='grc' dir='ltr'><strong>(οὑ</strong></span> <span class='ocrx_word' id='word_1_428' title='bbox 2566 2698 2677 2771; x_wconf 81' lang='grc' dir='ltr'>γάρ</span> <span class='ocrx_word' id='word_1_429' title='bbox 2703 2699 2816 2770; x_wconf 75' lang='grc' dir='ltr'>ἔχει</span> <span class='ocrx_word' id='word_1_430' title='bbox 2848 2717 2900 2753; x_wconf 88' lang='grc' dir='ltr'><strong>τι</strong></span> <span class='ocrx_word' id='word_1_431' title='bbox 2946 2700 3054 2769; x_wconf 82' lang='grc' dir='ltr'><strong>πρὸ</strong></span> <span class='ocrx_word' id='word_1_432' title='bbox 3083 2698 3249 2752; x_wconf 81' lang='grc' dir='ltr'>αὑτοῦ</span> <span class='ocrx_word' id='word_1_433' title='bbox 3284 2698 3380 2753; x_wconf 77' lang='grc' dir='ltr'>καὶ</span> <span class='ocrx_word' id='word_1_434' title='bbox 3420 2696 3626 2768; x_wconf 76' lang='grc' dir='ltr'>μεῖζον,</span> <span class='ocrx_word' id='word_1_435' title='bbox 3671 2693 3799 2746; x_wconf 70' lang='grc' dir='ltr'>οὔτε</span> <span class='ocrx_word' id='word_1_436' title='bbox 3842 2706 3899 2742; x_wconf 81' lang='grc' dir='ltr'><strong>τι</strong></span> <span class='ocrx_word' id='word_1_437' title='bbox 3936 2688 4037 2740; x_wconf 74' lang='grc' dir='ltr'><strong>σὺν</strong></span> 
     </span>
    </p>
   </div>
   <div class='ocr_carea' id='block_1_59' title="bbox 2452 2781 4029 2863">
    <p class='ocr_par' dir='ltr' id='par_1_59' title="bbox 2452 2781 4029 2863">
     <span class='ocr_line' id='line_1_59' title="bbox 2452 2781 4029 2863; baseline -0.005 -16"><span class='ocrx_word' id='word_1_438' title='bbox 2452 2791 2604 2863; x_wconf 76' lang='grc' dir='ltr'>αὐτῷ</span> <span class='ocrx_word' id='word_1_439' title='bbox 2628 2793 2723 2845; x_wconf 77' lang='grc' dir='ltr'>καὶ</span> <span class='ocrx_word' id='word_1_440' title='bbox 2756 2793 2894 2857; x_wconf 82' lang='grc' dir='ltr'>ἴσον,</span> <span class='ocrx_word' id='word_1_441' title='bbox 2921 2791 3045 2846; x_wconf 74' lang='grc' dir='ltr'>οὔτε</span> <span class='ocrx_word' id='word_1_442' title='bbox 3086 2809 3139 2845; x_wconf 90' lang='grc' dir='ltr'><strong>τι</strong></span> <span class='ocrx_word' id='word_1_443' title='bbox 3172 2792 3290 2861; x_wconf 84' lang='grc' dir='ltr'>μετ’</span> <span class='ocrx_word' id='word_1_444' title='bbox 3316 2788 3482 2854; x_wconf 79' lang='grc' dir='ltr'>αὐτὸ,</span> <span class='ocrx_word' id='word_1_445' title='bbox 3511 2787 3605 2841; x_wconf 74' lang='grc' dir='ltr'>καὶ</span> <span class='ocrx_word' id='word_1_446' title='bbox 3644 2781 4029 2853; x_wconf 81' lang='grc' dir='ltr'>παραμετρεῖ-</span> 
     </span>
    </p>
   </div>
   <div class='ocr_carea' id='block_1_60' title="bbox 2453 2873 4038 2954">
    <p class='ocr_par' dir='ltr' id='par_1_60' title="bbox 2453 2873 4038 2954">
     <span class='ocr_line' id='line_1_60' title="bbox 2453 2873 4038 2954; baseline -0.007 -17"><span class='ocrx_word' id='word_1_447' title='bbox 2453 2884 2579 2938; x_wconf 88' lang='grc' dir='ltr'>σθαι</span> <span class='ocrx_word' id='word_1_448' title='bbox 2609 2883 2703 2937; x_wconf 77' lang='grc' dir='ltr'>καὶ</span> <span class='ocrx_word' id='word_1_449' title='bbox 2733 2884 2933 2954; x_wconf 77' lang='grc' dir='ltr'>χωρεῖν</span> <span class='ocrx_word' id='word_1_450' title='bbox 2959 2882 3092 2938; x_wconf 74' lang='grc' dir='ltr'>αὐτὸ</span> <span class='ocrx_word' id='word_1_451' title='bbox 3110 2882 3451 2953; x_wconf 82' lang='grc' dir='ltr'>δυνάμενον),</span> <span class='ocrx_word' id='word_1_452' title='bbox 3478 2880 3717 2949; x_wconf 76' lang='grc' dir='ltr'>ἄναρχον</span> <span class='ocrx_word' id='word_1_453' title='bbox 3736 2876 3796 2929; x_wconf 74' lang='grc' dir='ltr'>δὲ</span> <span class='ocrx_word' id='word_1_454' title='bbox 3831 2873 4038 2939; x_wconf 80' lang='grc' dir='ltr'>πάντη,</span> 
     </span>
    </p>
   </div>
   <div class='ocr_carea' id='block_1_61' title="bbox 2452 2962 4041 3046">
    <p class='ocr_par' dir='ltr' id='par_1_61' title="bbox 2452 2962 4041 3046">
     <span class='ocr_line' id='line_1_61' title="bbox 2452 2962 4041 3046; baseline -0.011 -15"><span class='ocrx_word' id='word_1_455' title='bbox 2452 2978 2536 3031; x_wconf 84' lang='grc' dir='ltr'>ὅτι</span> <span class='ocrx_word' id='word_1_456' title='bbox 2565 2976 2661 3030; x_wconf 75' lang='grc' dir='ltr'>καὶ</span> <span class='ocrx_word' id='word_1_457' title='bbox 2680 2976 2979 3046; x_wconf 74' lang='grc' dir='ltr'>ἀγέννητον</span> <span class='ocrx_word' id='word_1_458' title='bbox 2991 2976 3192 3045; x_wconf 84' lang='grc' dir='ltr'>πάντη,</span> <span class='ocrx_word' id='word_1_459' title='bbox 3211 2973 3506 3043; x_wconf 82' lang='grc' dir='ltr'>ἀγέννητον</span> <span class='ocrx_word' id='word_1_460' title='bbox 3525 2970 3581 3022; x_wconf 68' lang='grc' dir='ltr'>δὲ</span> <span class='ocrx_word' id='word_1_461' title='bbox 3603 2970 3809 3037; x_wconf 86' lang='grc' dir='ltr'>πάντη,</span> <span class='ocrx_word' id='word_1_462' title='bbox 3838 2966 3925 3018; x_wconf 80' lang='grc' dir='ltr'><strong>δτι</strong></span> <span class='ocrx_word' id='word_1_463' title='bbox 3943 2962 4041 3016; x_wconf 76' lang='grc' dir='ltr'>καὶ</span> 
     </span>
    </p>
   </div>
   <div class='ocr_carea' id='block_1_62' title="bbox 2456 3055 4042 3137">
    <p class='ocr_par' dir='ltr' id='par_1_62' title="bbox 2456 3055 4042 3137">
     <span class='ocr_line' id='line_1_62' title="bbox 2456 3055 4042 3137; baseline -0.009 -17"><span class='ocrx_word' id='word_1_464' title='bbox 2456 3066 2735 3130; x_wconf 81' lang='grc' dir='ltr'>παντελῶς</span> <span class='ocrx_word' id='word_1_465' title='bbox 2771 3066 2829 3120; x_wconf 82' lang='grc' dir='ltr'>ἓν</span> <span class='ocrx_word' id='word_1_466' title='bbox 2860 3067 2954 3120; x_wconf 79' lang='grc' dir='ltr'>καὶ</span> <span class='ocrx_word' id='word_1_467' title='bbox 2989 3065 3317 3137; x_wconf 82' lang='grc' dir='ltr'>μονώτατον,</span> <span class='ocrx_word' id='word_1_468' title='bbox 3357 3065 3415 3119; x_wconf 82' lang='grc' dir='ltr'>ἓν</span> <span class='ocrx_word' id='word_1_469' title='bbox 3446 3063 3503 3117; x_wconf 82' lang='grc' dir='ltr'>δὲ</span> <span class='ocrx_word' id='word_1_470' title='bbox 3524 3063 3702 3131; x_wconf 81' lang='grc' dir='ltr'>πάντη</span> <span class='ocrx_word' id='word_1_471' title='bbox 3735 3059 3833 3112; x_wconf 77' lang='grc' dir='ltr'>καὶ</span> <span class='ocrx_word' id='word_1_472' title='bbox 3861 3055 4042 3126; x_wconf 79' lang='grc' dir='ltr'>μονώ-</span> 
     </span>
    </p>
   </div>
   <div class='ocr_carea' id='block_1_63' title="bbox 2455 3149 4040 3226">
    <p class='ocr_par' dir='ltr' id='par_1_63' title="bbox 2455 3149 4040 3226">
     <span class='ocr_line' id='line_1_63' title="bbox 2455 3149 4040 3226; baseline -0.008 -17"><span class='ocrx_word' id='word_1_473' title='bbox 2455 3172 2640 3222; x_wconf 88' lang='grc' dir='ltr'>τατον,</span> <span class='ocrx_word' id='word_1_474' title='bbox 2670 3158 2749 3211; x_wconf 85' lang='grc' dir='ltr'>ὅτι</span> <span class='ocrx_word' id='word_1_475' title='bbox 2774 3157 2870 3210; x_wconf 80' lang='grc' dir='ltr'>καὶ</span> <span class='ocrx_word' id='word_1_476' title='bbox 2897 3156 3179 3220; x_wconf 75' lang='grc' dir='ltr'>παντελῶς</span> <span class='ocrx_word' id='word_1_477' title='bbox 3202 3158 3450 3226; x_wconf 76' lang='grc' dir='ltr'>ἄσχετον,</span> <span class='ocrx_word' id='word_1_478' title='bbox 3476 3155 3572 3207; x_wconf 74' lang='grc' dir='ltr'>καὶ</span> <span class='ocrx_word' id='word_1_479' title='bbox 3595 3152 3685 3205; x_wconf 83' lang='grc' dir='ltr'><strong>διά</strong></span> <span class='ocrx_word' id='word_1_480' title='bbox 3712 3149 3878 3202; x_wconf 81' lang='grc' dir='ltr'>τοῦτο</span> <span class='ocrx_word' id='word_1_481' title='bbox 3901 3164 4040 3199; x_wconf 84' lang='grc' dir='ltr'>παν-</span> 
     </span>
    </p>
   </div>
   <div class='ocr_carea' id='block_1_64' title="bbox 761 3238 2347 3322">
    <p class='ocr_par' dir='ltr' id='par_1_64' title="bbox 761 3245 2347 3315">
     <span class='ocr_line' id='line_1_64' title="bbox 761 3245 2347 3315; baseline 0.002 -17"><span class='ocrx_word' id='word_1_482' title='bbox 761 3245 943 3307; x_wconf 81' lang='lat' dir='ltr'><strong>plane,</strong></span> <span class='ocrx_word' id='word_1_483' title='bbox 978 3245 1128 3315; x_wconf 87' lang='lat' dir='ltr'><strong>quod</strong></span> <span class='ocrx_word' id='word_1_484' title='bbox 1162 3254 1219 3300; x_wconf 92' lang='lat' dir='ltr'><strong>et</strong></span> <span class='ocrx_word' id='word_1_485' title='bbox 1251 3246 1480 3301; x_wconf 90' lang='lat' dir='ltr'><strong>omnino</strong></span> <span class='ocrx_word' id='word_1_486' title='bbox 1508 3261 1652 3301; x_wconf 90' lang='lat' dir='ltr'><strong>unus</strong></span> <span class='ocrx_word' id='word_1_487' title='bbox 1681 3254 1737 3302; x_wconf 90' lang='lat' dir='ltr'><strong>et</strong></span> <span class='ocrx_word' id='word_1_488' title='bbox 1770 3246 1951 3313; x_wconf 90' lang='lat' dir='ltr'><strong>solus;</strong></span> <span class='ocrx_word' id='word_1_489' title='bbox 1984 3263 2126 3302; x_wconf 91' lang='lat' dir='ltr'><strong>unus</strong></span> <span class='ocrx_word' id='word_1_490' title='bbox 2166 3256 2347 3302; x_wconf 84' lang='lat' dir='ltr'><strong>autem</strong></span> 
     </span>
    </p>
   </div>
   <div class='ocr_carea' id='block_1_65' title="bbox 2452 3238 4043 3322">
    <p class='ocr_par' dir='ltr' id='par_1_65' title="bbox 2457 3238 4043 3322">
     <span class='ocr_line' id='line_1_65' title="bbox 2457 3238 4043 3322; baseline -0.003 -20"><span class='ocrx_word' id='word_1_491' title='bbox 2457 3250 2697 3303; x_wconf 85' lang='grc' dir='ltr'>τάπασιν</span> <span class='ocrx_word' id='word_1_492' title='bbox 2731 3249 2972 3322; x_wconf 81' lang='grc' dir='ltr'>άρῤητόν</span> <span class='ocrx_word' id='word_1_493' title='bbox 3014 3266 3075 3302; x_wconf 87' lang='grc' dir='ltr'><strong>τε</strong></span> <span class='ocrx_word' id='word_1_494' title='bbox 3125 3248 3547 3318; x_wconf 71' lang='grc' dir='ltr'>καὶ-ἄγνωστον,</span> <span class='ocrx_word' id='word_1_495' title='bbox 3584 3244 3682 3297; x_wconf 77' lang='grc' dir='ltr'>καὶ</span> <span class='ocrx_word' id='word_1_496' title='bbox 3723 3244 3910 3309; x_wconf 80' lang='grc' dir='ltr'>πάσης</span> <span class='ocrx_word' id='word_1_497' title='bbox 3942 3238 4043 3307; x_wconf 71' lang='grc' dir='ltr'><strong>τῆς</strong></span> 
     </span>
    </p>
   </div>
   <div class='ocr_carea' id='block_1_66' title="bbox 760 3332 2347 3410">
    <p class='ocr_par' dir='ltr' id='par_1_66' title="bbox 760 3337 2347 3408">
     <span class='ocr_line' id='line_1_66' title="bbox 760 3337 2347 3408; baseline 0.004 -19"><span class='ocrx_word' id='word_1_498' title='bbox 760 3337 986 3391; x_wconf 87' lang='lat' dir='ltr'><strong>omnino</strong></span> <span class='ocrx_word' id='word_1_499' title='bbox 1017 3346 1074 3390; x_wconf 86' lang='lat' dir='ltr'><strong>et</strong></span> <span class='ocrx_word' id='word_1_500' title='bbox 1121 3339 1296 3404; x_wconf 90' lang='lat' dir='ltr'><strong>solus,</strong></span> <span class='ocrx_word' id='word_1_501' title='bbox 1333 3337 1481 3408; x_wconf 90' lang='lat' dir='ltr'><strong>quod</strong></span> <span class='ocrx_word' id='word_1_502' title='bbox 1532 3348 1589 3393; x_wconf 92' lang='lat' dir='ltr'><strong>et</strong></span> <span class='ocrx_word' id='word_1_503' title='bbox 1618 3338 1846 3393; x_wconf 87' lang='lat' dir='ltr'><strong>omnino</strong></span> <span class='ocrx_word' id='word_1_504' title='bbox 1880 3348 2031 3394; x_wconf 90' lang='lat' dir='ltr'><strong>caret</strong></span> <span class='ocrx_word' id='word_1_505' title='bbox 2063 3340 2347 3396; x_wconf 77' lang='lat' dir='ltr'><strong>aﬂ&#39;ectione</strong></span> 
     </span>
    </p>
   </div>
   <div class='ocr_carea' id='block_1_67' title="bbox 2452 3332 4045 3410">
    <p class='ocr_par' dir='ltr' id='par_1_67' title="bbox 2459 3332 4045 3410">
     <span class='ocr_line' id='line_1_67' title="bbox 2459 3332 4045 3410; baseline -0.009 -16"><span class='ocrx_word' id='word_1_506' title='bbox 2459 3342 2570 3395; x_wconf 91' lang='grc' dir='ltr'><strong>τῶν</strong></span> <span class='ocrx_word' id='word_1_507' title='bbox 2618 3342 2705 3394; x_wconf 79' lang='grc' dir='ltr'><strong>ἐπ’</strong></span> <span class='ocrx_word' id='word_1_508' title='bbox 2739 3343 2872 3396; x_wconf 76' lang='grc' dir='ltr'>αὐτὸ</span> <span class='ocrx_word' id='word_1_509' title='bbox 2912 3341 3097 3405; x_wconf 81' lang='grc' dir='ltr'>καλῶς</span> <span class='ocrx_word' id='word_1_510' title='bbox 3125 3358 3184 3396; x_wconf 91' lang='grc' dir='ltr'><strong>τε</strong></span> <span class='ocrx_word' id='word_1_511' title='bbox 3209 3341 3305 3394; x_wconf 76' lang='grc' dir='ltr'>καὶ</span> <span class='ocrx_word' id='word_1_512' title='bbox 3327 3338 3648 3410; x_wconf 80' lang='grc' dir='ltr'>θεοπρεπῶς</span> <span class='ocrx_word' id='word_1_513' title='bbox 3695 3332 4045 3401; x_wconf 71' lang='grc' dir='ltr'>κινουμένων</span> 
     </span>
    </p>
   </div>
   <div class='ocr_carea' id='block_1_68' title="bbox 761 3423 2347 3507">
    <p class='ocr_par' dir='ltr' id='par_1_68' title="bbox 761 3427 2347 3499">
     <span class='ocr_line' id='line_1_68' title="bbox 761 3427 2347 3499; baseline 0.001 -16"><span class='ocrx_word' id='word_1_514' title='bbox 761 3439 817 3483; x_wconf 89' lang='lat' dir='ltr'><strong>et</strong></span> <span class='ocrx_word' id='word_1_515' title='bbox 862 3430 1152 3494; x_wconf 87' lang='lat' dir='ltr'><strong>relatione,</strong></span> <span class='ocrx_word' id='word_1_516' title='bbox 1182 3438 1264 3483; x_wconf 55' lang='lat' dir='ltr'><strong>&#39;et</strong></span> <span class='ocrx_word' id='word_1_517' title='bbox 1320 3429 1392 3482; x_wconf 89' lang='lat' dir='ltr'><strong>ob</strong></span> <span class='ocrx_word' id='word_1_518' title='bbox 1429 3427 1537 3484; x_wconf 93' lang='lat' dir='ltr'><strong>hoc</strong></span> <span class='ocrx_word' id='word_1_519' title='bbox 1588 3429 1811 3499; x_wconf 88' lang='lat' dir='ltr'><strong>penitus</strong></span> <span class='ocrx_word' id='word_1_520' title='bbox 1850 3428 2150 3484; x_wconf 80' lang='lat' dir='ltr'><strong>ineﬂ&#39;abilis</strong></span> <span class='ocrx_word' id='word_1_521' title='bbox 2174 3439 2230 3484; x_wconf 92' lang='lat' dir='ltr'><strong>et</strong></span> <span class='ocrx_word' id='word_1_522' title='bbox 2272 3430 2347 3484; x_wconf 86' lang='lat' dir='ltr'><strong>in.</strong></span> 
     </span>
    </p>
   </div>
   <div class='ocr_carea' id='block_1_69' title="bbox 2452 3423 4048 3507">
    <p class='ocr_par' dir='ltr' id='par_1_69' title="bbox 2459 3423 4048 3507">
     <span class='ocr_line' id='line_1_69' title="bbox 2459 3423 4048 3507; baseline -0.016 -8"><span class='ocrx_word' id='word_1_523' title='bbox 2459 3434 2717 3503; x_wconf 83' lang='grc' dir='ltr'>γνώσεως</span> <span class='ocrx_word' id='word_1_524' title='bbox 2760 3435 2934 3506; x_wconf 80' lang='grc' dir='ltr'>πέρας</span> <span class='ocrx_word' id='word_1_525' title='bbox 2962 3434 3294 3507; x_wconf 82' lang='grc' dir='ltr'>μονώτατον,</span> <span class='ocrx_word' id='word_1_526' title='bbox 3336 3432 3432 3487; x_wconf 69' lang='grc' dir='ltr'>καὶ</span> <span class='ocrx_word' id='word_1_527' title='bbox 3486 3428 3807 3501; x_wconf 83' lang='grc' dir='ltr'>μονωτάτην</span> <span class='ocrx_word' id='word_1_528' title='bbox 3840 3423 4048 3493; x_wconf 78' lang='grc' dir='ltr'>γνῶσιν</span> 
     </span>
    </p>
   </div>
   <div class='ocr_carea' id='block_1_70' title="bbox 763 3519 2347 3598">
    <p class='ocr_par' dir='ltr' id='par_1_70' title="bbox 763 3519 2347 3592">
     <span class='ocr_line' id='line_1_70' title="bbox 763 3519 2347 3592; baseline 0.001 -17"><span class='ocrx_word' id='word_1_529' title='bbox 763 3521 1040 3592; x_wconf 89' lang='lat' dir='ltr'><strong>cognitus,</strong></span> <span class='ocrx_word' id='word_1_530' title='bbox 1090 3520 1384 3590; x_wconf 91' lang='lat' dir='ltr'><strong>omnisque</strong></span> <span class='ocrx_word' id='word_1_531' title='bbox 1417 3534 1609 3575; x_wconf 91' lang='lat' dir='ltr'><strong>eorum</strong></span> <span class='ocrx_word' id='word_1_532' title='bbox 1646 3520 1741 3589; x_wconf 90' lang='lat' dir='ltr'><strong>qui</strong></span> <span class='ocrx_word' id='word_1_533' title='bbox 1774 3519 1948 3590; x_wconf 89' lang='lat' dir='ltr'><strong>probe</strong></span> <span class='ocrx_word' id='word_1_534' title='bbox 1993 3529 2051 3574; x_wconf 92' lang='lat' dir='ltr'><strong>et</strong></span> <span class='ocrx_word' id='word_1_535' title='bbox 2080 3520 2194 3576; x_wconf 89' lang='lat' dir='ltr'><strong>Deo</strong></span> <span class='ocrx_word' id='word_1_536' title='bbox 2221 3536 2347 3577; x_wconf 88' lang='lat' dir='ltr'><strong>con-</strong></span> 
     </span>
    </p>
   </div>
   <div class='ocr_carea' id='block_1_71' title="bbox 2452 3519 3450 3598">
    <p class='ocr_par' dir='ltr' id='par_1_71' title="bbox 2462 3523 3450 3598">
     <span class='ocr_line' id='line_1_71' title="bbox 2462 3523 3450 3598; baseline -0.002 -19"><span class='ocrx_word' id='word_1_537' title='bbox 2462 3525 2585 3597; x_wconf 74' lang='grc' dir='ltr'>ἐχον</span> <span class='ocrx_word' id='word_1_538' title='bbox 2629 3525 2803 3598; x_wconf 80' lang='grc' dir='ltr'>ἀληθῆ</span> <span class='ocrx_word' id='word_1_539' title='bbox 2848 3526 2910 3579; x_wconf 75' lang='grc' dir='ltr'>τὸ</span> <span class='ocrx_word' id='word_1_540' title='bbox 2953 3526 3029 3598; x_wconf 75' lang='grc' dir='ltr'><strong>μὴ</strong></span> <span class='ocrx_word' id='word_1_541' title='bbox 3066 3523 3450 3596; x_wconf 74' lang='grc' dir='ltr'>γινώσκεσθαι.</span> 
     </span>
    </p>
   </div>
   <div class='ocr_carea' id='block_1_72' title="bbox 762 3607 4046 3688">
    <p class='ocr_par' dir='ltr' id='par_1_72' title="bbox 762 3607 4046 3688">
     <span class='ocr_line' id='line_1_72' title="bbox 762 3607 4046 3688; baseline -0.003 -22"><span class='ocrx_word' id='word_1_542' title='bbox 762 3614 1052 3667; x_wconf 80' lang='lat' dir='ltr'><strong>venienter</strong></span> <span class='ocrx_word' id='word_1_543' title='bbox 1102 3611 1171 3666; x_wconf 90' lang='lat' dir='ltr'><strong>ad</strong></span> <span class='ocrx_word' id='word_1_544' title='bbox 1233 3626 1363 3665; x_wconf 90' lang='lat' dir='ltr'><strong>eum</strong></span> <span class='ocrx_word' id='word_1_545' title='bbox 1411 3621 1811 3680; x_wconf 88' lang='lat' dir='ltr'><strong>promoventur</strong></span> <span class='ocrx_word' id='word_1_546' title='bbox 1855 3610 2188 3682; x_wconf 88' lang='lat' dir='ltr'><strong>cognitionis</strong></span> <span class='ocrx_word' id='word_1_547' title='bbox 2229 3611 2357 3669; x_wconf 81' lang='lat' dir='ltr'><strong>ﬁnis</strong></span> <span class='ocrx_word' id='word_1_548' title='bbox 2394 3616 2617 3684; x_wconf 89' lang='lat' dir='ltr'><strong>unicus,</strong></span> <span class='ocrx_word' id='word_1_549' title='bbox 2651 3627 2708 3673; x_wconf 93' lang='lat' dir='ltr'><strong>ct</strong></span> <span class='ocrx_word' id='word_1_550' title='bbox 2733 3618 2953 3673; x_wconf 89' lang='lat' dir='ltr'><strong>unicam</strong></span> <span class='ocrx_word' id='word_1_551' title='bbox 3018 3616 3394 3688; x_wconf 86' lang='lat' dir='ltr'><strong>cognitionem</strong></span> <span class='ocrx_word' id='word_1_552' title='bbox 3425 3626 3614 3668; x_wconf 83' lang='lat' dir='ltr'><strong>veram</strong></span> <span class='ocrx_word' id='word_1_553' title='bbox 3661 3607 3883 3664; x_wconf 85' lang='lat' dir='ltr'><strong>habens</strong></span> <span class='ocrx_word' id='word_1_554' title='bbox 3920 3618 4046 3659; x_wconf 76' lang='lat' dir='ltr'><strong>eam</strong></span> 
     </span>
    </p>
   </div>
   <div class='ocr_carea' id='block_1_73' title="bbox 766 3702 1599 3775">
    <p class='ocr_par' dir='ltr' id='par_1_73' title="bbox 766 3702 1599 3775">
     <span class='ocr_line' id='line_1_73' title="bbox 766 3702 1599 3775; baseline 0 -16"><span class='ocrx_word' id='word_1_555' title='bbox 766 3704 915 3775; x_wconf 92' lang='lat' dir='ltr'><strong>quod</strong></span> <span class='ocrx_word' id='word_1_556' title='bbox 962 3718 1073 3759; x_wconf 91' lang='lat' dir='ltr'><strong>non</strong></span> <span class='ocrx_word' id='word_1_557' title='bbox 1122 3702 1297 3774; x_wconf 87' lang='lat' dir='ltr'><strong>possit</strong></span> <span class='ocrx_word' id='word_1_558' title='bbox 1320 3703 1599 3775; x_wconf 81' lang='lat' dir='ltr'><strong>cognosci.</strong></span> 
     </span>
    </p>
   </div>
   <div class='ocr_carea' id='block_1_74' title="bbox 769 3876 2347 3961">
    <p class='ocr_par' dir='ltr' id='par_1_74' title="bbox 769 3886 2347 3961">
     <span class='ocr_line' id='line_1_74' title="bbox 769 3886 2347 3961; baseline 0.003 -19"><span class='ocrx_word' id='word_1_559' title='bbox 769 3887 853 3942; x_wconf 77' lang='lat' dir='ltr'><strong>E1:</strong></span> <span class='ocrx_word' id='word_1_560' title='bbox 888 3887 1070 3941; x_wconf 89' lang='lat' dir='ltr'><strong>eodem</strong></span> <span class='ocrx_word' id='word_1_561' title='bbox 1121 3902 1361 3942; x_wconf 78' lang='lat' dir='ltr'><strong>sermone</strong></span> <span class='ocrx_word' id='word_1_562' title='bbox 1389 3888 1445 3940; x_wconf 86' lang='lat' dir='ltr'><strong>in</strong></span> <span class='ocrx_word' id='word_1_563' title='bbox 1475 3886 1616 3941; x_wconf 82' lang='lat' dir='ltr'><strong>illud</strong></span> <span class='ocrx_word' id='word_1_564' title='bbox 1644 3904 1662 3942; x_wconf 90' lang='lat'><strong><em>:</em></strong></span> <span class='ocrx_word' id='word_1_565' title='bbox 1692 3908 1712 3940; x_wconf 77' lang='grc' dir='ltr'><strong>ι</strong></span> <span class='ocrx_word' id='word_1_566' title='bbox 1733 3887 1874 3944; x_wconf 86' lang='lat' dir='ltr'><strong>Nam</strong></span> <span class='ocrx_word' id='word_1_567' title='bbox 1911 3890 1958 3943; x_wconf 97' lang='lat' dir='ltr'><strong>si</strong></span> <span class='ocrx_word' id='word_1_568' title='bbox 1993 3889 2049 3945; x_wconf 97' lang='lat' dir='ltr'><strong>id</strong></span> <span class='ocrx_word' id='word_1_569' title='bbox 2086 3890 2226 3961; x_wconf 84' lang='lat' dir='ltr'><strong>quod</strong></span> <span class='ocrx_word' id='word_1_570' title='bbox 2255 3907 2347 3946; x_wconf 67' lang='lat' dir='ltr'><strong>non</strong></span> 
     </span>
    </p>
   </div>
   <div class='ocr_carea' id='block_1_75' title="bbox 2452 3876 4050 3961">
    <p class='ocr_par' dir='ltr' id='par_1_75' title="bbox 2473 3876 4050 3955">
     <span class='ocr_line' id='line_1_75' title="bbox 2473 3876 4050 3955; baseline -0.012 -9"><span class='ocrx_word' id='word_1_571' title='bbox 2473 3893 2576 3947; x_wconf 80' lang='grc' dir='ltr'>Ἕκ</span> <span class='ocrx_word' id='word_1_572' title='bbox 2597 3888 2709 3943; x_wconf 80' lang='grc' dir='ltr'>τοῦ</span> <span class='ocrx_word' id='word_1_573' title='bbox 2730 3887 2919 3943; x_wconf 85' lang='grc' dir='ltr'>αὐτοῦ</span> <span class='ocrx_word' id='word_1_574' title='bbox 2953 3886 3162 3955; x_wconf 69' lang='grc' dir='ltr'>λόγου,</span> <span class='ocrx_word' id='word_1_575' title='bbox 3183 3886 3271 3951; x_wconf 80' lang='grc' dir='ltr'><strong>εις</strong></span> <span class='ocrx_word' id='word_1_576' title='bbox 3302 3882 3393 3947; x_wconf 81' lang='grc' dir='ltr'>τὸ,</span> <span class='ocrx_word' id='word_1_577' title='bbox 3429 3901 3447 3934; x_wconf 84' lang='grc' dir='ltr'><strong>ι</strong></span> <span class='ocrx_word' id='word_1_578' title='bbox 3484 3882 3558 3935; x_wconf 78' lang='grc' dir='ltr'><strong>Εἰ</strong></span> <span class='ocrx_word' id='word_1_579' title='bbox 3588 3879 3700 3951; x_wconf 75' lang='grc' dir='ltr'>τὰρ</span> <span class='ocrx_word' id='word_1_580' title='bbox 3741 3878 3813 3934; x_wconf 78' lang='grc' dir='ltr'>τὸ</span> <span class='ocrx_word' id='word_1_581' title='bbox 3845 3877 3939 3947; x_wconf 79' lang='grc' dir='ltr'>μὴ</span> <span class='ocrx_word' id='word_1_582' title='bbox 3974 3876 4050 3928; x_wconf 80' lang='grc' dir='ltr'><strong>ὃν</strong></span> 
     </span>
    </p>
   </div>
   <div class='ocr_carea' id='block_1_76' title="bbox 839 3981 2359 4051">
    <p class='ocr_par' dir='ltr' id='par_1_76' title="bbox 839 3981 2359 4051">
     <span class='ocr_line' id='line_1_76' title="bbox 839 3981 2359 4051; baseline 0.002 -18"><span class='ocrx_word' id='word_1_583' title='bbox 839 3990 916 4034; x_wconf 86' lang='grc' dir='ltr'><strong>εει</strong></span> <span class='ocrx_word' id='word_1_584' title='bbox 965 3996 1227 4049; x_wconf 83' lang='lat' dir='ltr'><strong>nusquam</strong></span> <span class='ocrx_word' id='word_1_585' title='bbox 1253 3988 1350 4045; x_wconf 81' lang='lat' dir='ltr'><strong>est,</strong></span> <span class='ocrx_word' id='word_1_586' title='bbox 1388 3997 1453 4035; x_wconf 87' lang='lat' dir='ltr'><strong>ne</strong></span> <span class='ocrx_word' id='word_1_587' title='bbox 1480 3988 1558 4034; x_wconf 85' lang='lat' dir='ltr'><strong>est</strong></span> <span class='ocrx_word' id='word_1_588' title='bbox 1596 3982 1806 4050; x_wconf 78' lang='lat' dir='ltr'><strong>quidem</strong></span> <span class='ocrx_word' id='word_1_589' title='bbox 1841 3981 2084 4051; x_wconf 75' lang='lat' dir='ltr'><strong>fortasse.</strong></span> <span class='ocrx_word' id='word_1_590' title='bbox 2139 3981 2291 4047; x_wconf 82' lang='lat' dir='ltr'><strong>Quod</strong></span> <span class='ocrx_word' id='word_1_591' title='bbox 2313 3984 2359 4037; x_wconf 88' lang='lat' dir='ltr'><strong>si</strong></span> 
     </span>
    </p>
   </div>
   <div class='ocr_carea' id='block_1_77' title="bbox 841 4072 2357 4146">
    <p class='ocr_par' dir='ltr' id='par_1_77' title="bbox 841 4072 2357 4146">
     <span class='ocr_line' id='line_1_77' title="bbox 841 4072 2357 4146; baseline 0.003 -20"><span class='ocrx_word' id='word_1_592' title='bbox 841 4072 1035 4127; x_wconf 86' lang='lat' dir='ltr'><strong>alicubi</strong></span> <span class='ocrx_word' id='word_1_593' title='bbox 1083 4087 1194 4126; x_wconf 84' lang='lat' dir='ltr'><strong>esse</strong></span> <span class='ocrx_word' id='word_1_594' title='bbox 1239 4072 1457 4137; x_wconf 73' lang='lat' dir='ltr'><strong>dixeris,</strong></span> <span class='ocrx_word' id='word_1_595' title='bbox 1494 4072 1681 4141; x_wconf 82' lang='lat' dir='ltr'><strong>procul</strong></span> <span class='ocrx_word' id='word_1_596' title='bbox 1718 4073 1895 4138; x_wconf 85' lang='lat' dir='ltr'><strong>dubio,</strong></span> <span class='ocrx_word' id='word_1_597' title='bbox 1932 4075 2357 4146; x_wconf 83' lang='lat' dir='ltr'><strong>quandoquidem</strong></span> 
     </span>
    </p>
   </div>
   <div class='ocr_carea' id='block_1_78' title="bbox 839 4162 2278 4237">
    <p class='ocr_par' dir='ltr' id='par_1_78' title="bbox 839 4162 2278 4237">
     <span class='ocr_line' id='line_1_78' title="bbox 839 4162 2278 4237; baseline 0.002 -19"><span class='ocrx_word' id='word_1_598' title='bbox 839 4173 938 4229; x_wconf 90' lang='grc' dir='ltr'>εει,</span> <span class='ocrx_word' id='word_1_599' title='bbox 977 4162 1062 4219; x_wconf 74' lang='lat' dir='ltr'><strong>vel</strong></span> <span class='ocrx_word' id='word_1_600' title='bbox 1097 4165 1149 4218; x_wconf 86' lang='lat' dir='ltr'><strong>in</strong></span> <span class='ocrx_word' id='word_1_601' title='bbox 1176 4166 1418 4220; x_wconf 82' lang='lat' dir='ltr'><strong>universo</strong></span> <span class='ocrx_word' id='word_1_602' title='bbox 1467 4174 1564 4232; x_wconf 83' lang='lat' dir='ltr'><strong>est,</strong></span> <span class='ocrx_word' id='word_1_603' title='bbox 1600 4166 1682 4221; x_wconf 79' lang='lat' dir='ltr'><strong>vel</strong></span> <span class='ocrx_word' id='word_1_604' title='bbox 1712 4183 1877 4237; x_wconf 86' lang='lat' dir='ltr'><strong>supra</strong></span> <span class='ocrx_word' id='word_1_605' title='bbox 1904 4169 2227 4221; x_wconf 85' lang='lat' dir='ltr'><strong>universum.</strong></span> <span class='ocrx_word' id='word_1_606' title='bbox 2258 4188 2278 4221; x_wconf 72' lang='grc' dir='ltr'><strong>ι</strong></span> 
     </span>
    </p>
   </div>
   <div class='ocr_carea' id='block_1_79' title="bbox 840 4276 2349 4349">
    <p class='ocr_par' dir='ltr' id='par_1_79' title="bbox 840 4276 2349 4349">
     <span class='ocr_line' id='line_1_79' title="bbox 840 4276 2349 4349; baseline 0.001 -17"><span class='ocrx_word' id='word_1_607' title='bbox 840 4277 957 4344; x_wconf 81' lang='lat' dir='ltr'><strong>Qua</strong></span> <span class='ocrx_word' id='word_1_608' title='bbox 995 4276 1064 4331; x_wconf 88' lang='lat' dir='ltr'><strong>de</strong></span> <span class='ocrx_word' id='word_1_609' title='bbox 1104 4292 1290 4342; x_wconf 90' lang='lat' dir='ltr'><strong>causa,</strong></span> <span class='ocrx_word' id='word_1_610' title='bbox 1334 4277 1572 4332; x_wconf 89' lang='lat' dir='ltr'><strong>audiens</strong></span> <span class='ocrx_word' id='word_1_611' title='bbox 1615 4278 1854 4333; x_wconf 79' lang='lat' dir='ltr'><strong>fortasse</strong></span> <span class='ocrx_word' id='word_1_612' title='bbox 1882 4278 2121 4349; x_wconf 89' lang='lat' dir='ltr'><strong>inquiet,</strong></span> <span class='ocrx_word' id='word_1_613' title='bbox 2156 4280 2349 4335; x_wconf 89' lang='lat' dir='ltr'><strong>inver-</strong></span> 
     </span>
    </p>
   </div>
   <div class='ocr_carea' id='block_1_80' title="bbox 771 4368 2353 4441">
    <p class='ocr_par' dir='ltr' id='par_1_80' title="bbox 771 4368 2353 4441">
     <span class='ocr_line' id='line_1_80' title="bbox 771 4368 2353 4441; baseline 0.001 -17"><span class='ocrx_word' id='word_1_614' title='bbox 771 4372 985 4424; x_wconf 82' lang='lat' dir='ltr'><strong>sionem</strong></span> <span class='ocrx_word' id='word_1_615' title='bbox 1035 4369 1332 4440; x_wconf 89' lang='lat' dir='ltr'><strong>ancipitem</strong></span> <span class='ocrx_word' id='word_1_616' title='bbox 1374 4369 1638 4441; x_wconf 86' lang='lat' dir='ltr'><strong>magister</strong></span> <span class='ocrx_word' id='word_1_617' title='bbox 1687 4368 1895 4441; x_wconf 90' lang='lat' dir='ltr'><strong>posuit,</strong></span> <span class='ocrx_word' id='word_1_618' title='bbox 1947 4368 2140 4424; x_wconf 92' lang='lat' dir='ltr'><strong>addito</strong></span> <span class='ocrx_word' id='word_1_619' title='bbox 2190 4388 2209 4421; x_wconf 81' lang='grc' dir='ltr'><strong>ι</strong></span> <span class='ocrx_word' id='word_1_620' title='bbox 2241 4370 2353 4425; x_wconf 82' lang='lat' dir='ltr'><strong>for-</strong></span> 
     </span>
    </p>
   </div>
   <div class='ocr_carea' id='block_1_81' title="bbox 773 4461 2353 4531">
    <p class='ocr_par' dir='ltr' id='par_1_81' title="bbox 773 4461 2353 4531">
     <span class='ocr_line' id='line_1_81' title="bbox 773 4461 2353 4531; baseline 0.001 -16"><span class='ocrx_word' id='word_1_621' title='bbox 773 4474 919 4516; x_wconf 88' lang='lat' dir='ltr'><strong>tasse</strong></span> <span class='ocrx_word' id='word_1_622' title='bbox 942 4479 963 4512; x_wconf 71' lang='grc' dir='ltr'><strong>ι</strong></span> <span class='ocrx_word' id='word_1_623' title='bbox 987 4461 1295 4516; x_wconf 84' lang='lat' dir='ltr'><strong>adverbio?</strong></span> <span class='ocrx_word' id='word_1_624' title='bbox 1313 4477 1439 4515; x_wconf 91' lang='lat' dir='ltr'><strong>cum</strong></span> <span class='ocrx_word' id='word_1_625' title='bbox 1468 4461 1536 4517; x_wconf 85' lang='lat' dir='ltr'><strong>de</strong></span> <span class='ocrx_word' id='word_1_626' title='bbox 1563 4461 1931 4516; x_wconf 86' lang='lat' dir='ltr'><strong>rationalibus</strong></span> <span class='ocrx_word' id='word_1_627' title='bbox 1953 4461 2353 4531; x_wconf 89' lang='lat' dir='ltr'><strong>suppositioni-</strong></span> 
     </span>
    </p>
   </div>
   <div class='ocr_carea' id='block_1_82' title="bbox 773 4554 2354 4626">
    <p class='ocr_par' dir='ltr' id='par_1_82' title="bbox 773 4554 2354 4626">
     <span class='ocr_line' id='line_1_82' title="bbox 773 4554 2354 4626; baseline 0.001 -18"><span class='ocrx_word' id='word_1_628' title='bbox 773 4555 877 4609; x_wconf 87' lang='lat' dir='ltr'><strong>bus</strong></span> <span class='ocrx_word' id='word_1_629' title='bbox 900 4568 1064 4609; x_wconf 90' lang='lat' dir='ltr'><strong>nemo</strong></span> <span class='ocrx_word' id='word_1_630' title='bbox 1080 4569 1191 4609; x_wconf 91' lang='lat' dir='ltr'><strong>non</strong></span> <span class='ocrx_word' id='word_1_631' title='bbox 1217 4554 1439 4610; x_wconf 88' lang='lat' dir='ltr'><strong>dubitet</strong></span> <span class='ocrx_word' id='word_1_632' title='bbox 1460 4555 1595 4625; x_wconf 91' lang='lat' dir='ltr'><strong>quin</strong></span> <span class='ocrx_word' id='word_1_633' title='bbox 1616 4556 1740 4626; x_wconf 86' lang='lat' dir='ltr'><strong>jure</strong></span> <span class='ocrx_word' id='word_1_634' title='bbox 1763 4555 1992 4609; x_wconf 91' lang='lat' dir='ltr'><strong>omnino</strong></span> <span class='ocrx_word' id='word_1_635' title='bbox 2016 4555 2354 4610; x_wconf 88' lang='lat' dir='ltr'><strong>concedatur</strong></span> 
     </span>
    </p>
   </div>
   <div class='ocr_carea' id='block_1_83' title="bbox 2528 3967 4051 4051">
    <p class='ocr_par' dir='ltr' id='par_1_83' title="bbox 2528 3967 4051 4051">
     <span class='ocr_line' id='line_1_83' title="bbox 2528 3967 4051 4051; baseline -0.011 -15"><span class='ocrx_word' id='word_1_636' title='bbox 2528 3979 2820 4051; x_wconf 78' lang='grc' dir='ltr'>οὐδαμοῦ,</span> <span class='ocrx_word' id='word_1_637' title='bbox 2859 3978 2926 4033; x_wconf 81' lang='grc' dir='ltr'>τὸ</span> <span class='ocrx_word' id='word_1_638' title='bbox 2966 3976 3247 4048; x_wconf 80' lang='grc' dir='ltr'>μηδαμοῦ</span> <span class='ocrx_word' id='word_1_639' title='bbox 3302 3974 3492 4043; x_wconf 74' lang='grc' dir='ltr'>τυχὸν</span> <span class='ocrx_word' id='word_1_640' title='bbox 3541 3971 3685 4027; x_wconf 83' lang='grc' dir='ltr'>οὐδὲ</span> <span class='ocrx_word' id='word_1_641' title='bbox 3722 3970 3820 4035; x_wconf 77' lang='grc' dir='ltr'><strong>ὃν,</strong></span> <span class='ocrx_word' id='word_1_642' title='bbox 3863 3972 3922 4021; x_wconf 83' lang='grc' dir='ltr'><strong>ει</strong></span> <span class='ocrx_word' id='word_1_643' title='bbox 3977 3967 4051 4020; x_wconf 71' lang='grc' dir='ltr'>δὲ</span> 
     </span>
    </p>
   </div>
   <div class='ocr_carea' id='block_1_84' title="bbox 2524 4058 4050 4137">
    <p class='ocr_par' dir='ltr' id='par_1_84' title="bbox 2524 4058 4050 4137">
     <span class='ocr_line' id='line_1_84' title="bbox 2524 4058 4050 4137; baseline -0.011 -8"><span class='ocrx_word' id='word_1_644' title='bbox 2524 4076 2660 4129; x_wconf 76' lang='grc' dir='ltr'>ἐστι</span> <span class='ocrx_word' id='word_1_645' title='bbox 2711 4089 2853 4137; x_wconf 83' lang='grc' dir='ltr'>που,</span> <span class='ocrx_word' id='word_1_646' title='bbox 2912 4069 3172 4134; x_wconf 78' lang='grc' dir='ltr'>πάντως,</span> <span class='ocrx_word' id='word_1_647' title='bbox 3233 4067 3481 4135; x_wconf 78' lang='grc' dir='ltr'>ἐπείπερ</span> <span class='ocrx_word' id='word_1_648' title='bbox 3520 4064 3714 4127; x_wconf 74' lang='grc' dir='ltr'>ἐστιν,</span> <span class='ocrx_word' id='word_1_649' title='bbox 3762 4062 3807 4130; x_wconf 79' lang='grc' dir='ltr'><strong>ἢ</strong></span> <span class='ocrx_word' id='word_1_650' title='bbox 3842 4060 3917 4114; x_wconf 77' lang='grc' dir='ltr'><strong>ὲν</strong></span> <span class='ocrx_word' id='word_1_651' title='bbox 3966 4058 4050 4125; x_wconf 76' lang='grc' dir='ltr'>τῷ</span> 
     </span>
    </p>
   </div>
   <div class='ocr_carea' id='block_1_85' title="bbox 2525 4158 3362 4233">
    <p class='ocr_par' dir='ltr' id='par_1_85' title="bbox 2525 4158 3362 4233">
     <span class='ocr_line' id='line_1_85' title="bbox 2525 4158 3362 4233; baseline -0.011 -12"><span class='ocrx_word' id='word_1_652' title='bbox 2525 4164 2727 4231; x_wconf 72' lang='grc' dir='ltr'>παντὶ,</span> <span class='ocrx_word' id='word_1_653' title='bbox 2762 4165 2803 4233; x_wconf 81' lang='grc' dir='ltr'><strong><em>ἢ</em></strong></span> <span class='ocrx_word' id='word_1_654' title='bbox 2824 4162 2979 4232; x_wconf 80' lang='grc' dir='ltr'>ὑπὲρ</span> <span class='ocrx_word' id='word_1_655' title='bbox 3007 4162 3075 4215; x_wconf 85' lang='grc' dir='ltr'>τὸ</span> <span class='ocrx_word' id='word_1_656' title='bbox 3102 4160 3226 4215; x_wconf 79' lang='grc' dir='ltr'><strong>πᾶν</strong></span> <span class='ocrx_word' id='word_1_657' title='bbox 3261 4158 3362 4230; x_wconf 80' lang='lat'><strong>(5).</strong></span> 
     </span>
    </p>
   </div>
   <div class='ocr_carea' id='block_1_86' title="bbox 2529 4246 4055 4350">
    <p class='ocr_par' dir='ltr' id='par_1_86' title="bbox 2529 4246 4055 4350">
     <span class='ocr_line' id='line_1_86' title="bbox 2529 4246 4055 4350; baseline -0.012 -16"><span class='ocrx_word' id='word_1_658' title='bbox 2529 4281 2610 4333; x_wconf 83' lang='grc' dir='ltr'><strong>Δι’</strong></span> <span class='ocrx_word' id='word_1_659' title='bbox 2643 4279 2712 4350; x_wconf 74' lang='grc' dir='ltr'>ἢν</span> <span class='ocrx_word' id='word_1_660' title='bbox 2748 4276 2953 4342; x_wconf 71' lang='grc' dir='ltr'>αἰτίαν,</span> <span class='ocrx_word' id='word_1_661' title='bbox 2986 4246 3118 4338; x_wconf 66' lang='grc' dir='ltr'>ἴσως</span> <span class='ocrx_word' id='word_1_662' title='bbox 3146 4274 3174 4326; x_wconf 83' lang='grc' dir='ltr'>ὁ</span> <span class='ocrx_word' id='word_1_663' title='bbox 3203 4270 3418 4326; x_wconf 88' lang='grc' dir='ltr'>ἀκούων</span> <span class='ocrx_word' id='word_1_664' title='bbox 3448 4271 3584 4341; x_wconf 77' lang='grc' dir='ltr'>ἐρεῖ,</span> <span class='ocrx_word' id='word_1_665' title='bbox 3607 4268 3720 4339; x_wconf 81' lang='grc' dir='ltr'><strong>Τὴν</strong></span> <span class='ocrx_word' id='word_1_666' title='bbox 3753 4268 4055 4337; x_wconf 81' lang='grc' dir='ltr'>ἀντιστρο-</span> 
     </span>
    </p>
   </div>
   <div class='ocr_carea' id='block_1_87' title="bbox 2459 4357 4052 4443">
    <p class='ocr_par' dir='ltr' id='par_1_87' title="bbox 2459 4357 4052 4443">
     <span class='ocr_line' id='line_1_87' title="bbox 2459 4357 4052 4443; baseline -0.01 -19"><span class='ocrx_word' id='word_1_667' title='bbox 2459 4372 2567 4443; x_wconf 78' lang='grc' dir='ltr'>φὴν</span> <span class='ocrx_word' id='word_1_668' title='bbox 2618 4367 2920 4440; x_wconf 80' lang='grc' dir='ltr'>ἀμφίϐολον</span> <span class='ocrx_word' id='word_1_669' title='bbox 2980 4364 3008 4417; x_wconf 82' lang='grc' dir='ltr'><strong>ὁ</strong></span> <span class='ocrx_word' id='word_1_670' title='bbox 3057 4362 3374 4425; x_wconf 85' lang='grc' dir='ltr'>διδάσκαλος</span> <span class='ocrx_word' id='word_1_671' title='bbox 3429 4360 3599 4421; x_wconf 77' lang='grc' dir='ltr'>ἔθετο,</span> <span class='ocrx_word' id='word_1_672' title='bbox 3660 4357 3938 4428; x_wconf 66' lang='grc' dir='ltr'>προσθεὶς</span> <span class='ocrx_word' id='word_1_673' title='bbox 3990 4358 4052 4409; x_wconf 75' lang='grc' dir='ltr'>τὸ</span> 
     </span>
    </p>
   </div>
   <div class='ocr_carea' id='block_1_88' title="bbox 2466 4448 4053 4534">
    <p class='ocr_par' dir='ltr' id='par_1_88' title="bbox 2466 4448 4053 4534">
     <span class='ocr_line' id='line_1_88' title="bbox 2466 4448 4053 4534; baseline -0.011 -17"><span class='ocrx_word' id='word_1_674' title='bbox 2466 4484 2483 4517; x_wconf 80' lang='grc' dir='ltr'><strong>ι</strong></span> <span class='ocrx_word' id='word_1_675' title='bbox 2522 4462 2686 4534; x_wconf 83' lang='grc' dir='ltr'>τυχὸν</span> <span class='ocrx_word' id='word_1_676' title='bbox 2724 4480 2743 4514; x_wconf 74' lang='grc' dir='ltr'><strong>ι</strong></span> <span class='ocrx_word' id='word_1_677' title='bbox 2797 4459 3107 4530; x_wconf 71' lang='grc' dir='ltr'>ἐπίρρημα,</span> <span class='ocrx_word' id='word_1_678' title='bbox 3149 4456 3283 4510; x_wconf 82' lang='grc' dir='ltr'>πᾶσι</span> <span class='ocrx_word' id='word_1_679' title='bbox 3336 4452 3496 4523; x_wconf 77' lang='grc' dir='ltr'>δήλου</span> <span class='ocrx_word' id='word_1_680' title='bbox 3534 4451 3710 4515; x_wconf 72' lang='grc' dir='ltr'>ὄντος,</span> <span class='ocrx_word' id='word_1_681' title='bbox 3753 4451 3905 4502; x_wconf 77' lang='grc' dir='ltr'>κατὰ</span> <span class='ocrx_word' id='word_1_682' title='bbox 3953 4448 4053 4509; x_wconf 80' lang='grc' dir='ltr'><strong>τάς</strong></span> 
     </span>
    </p>
   </div>
   <div class='ocr_carea' id='block_1_89' title="bbox 2458 4536 4055 4626">
    <p class='ocr_par' dir='ltr' id='par_1_89' title="bbox 2458 4536 4055 4626">
     <span class='ocr_line' id='line_1_89' title="bbox 2458 4536 4055 4626; baseline -0.013 -15"><span class='ocrx_word' id='word_1_683' title='bbox 2458 4555 2682 4626; x_wconf 76' lang='grc' dir='ltr'>λογικάς</span> <span class='ocrx_word' id='word_1_684' title='bbox 2706 4552 3017 4615; x_wconf 73' lang='grc' dir='ltr'>ὑποθέσεις,</span> <span class='ocrx_word' id='word_1_685' title='bbox 3048 4548 3166 4612; x_wconf 82' lang='grc' dir='ltr'>τοῦ,</span> <span class='ocrx_word' id='word_1_686' title='bbox 3210 4547 3270 4601; x_wconf 83' lang='grc' dir='ltr'>τὸ</span> <span class='ocrx_word' id='word_1_687' title='bbox 3310 4541 3565 4625; x_wconf 63' lang='grc' dir='ltr'>μηδαμοῦ</span> <span class='ocrx_word' id='word_1_688' title='bbox 3596 4542 3655 4595; x_wconf 81' lang='grc' dir='ltr'>ὃν</span> <span class='ocrx_word' id='word_1_689' title='bbox 3707 4542 3850 4612; x_wconf 75' lang='grc' dir='ltr'>μηδὲ</span> <span class='ocrx_word' id='word_1_690' title='bbox 3882 4536 4055 4600; x_wconf 80' lang='grc' dir='ltr'>εἶναι,</span> 
     </span>
    </p>
   </div>
   <div class='ocr_carea' id='block_1_90' title="bbox 775 4633 2347 4717">
    <p class='ocr_par' dir='ltr' id='par_1_90' title="bbox 775 4642 2347 4717">
     <span class='ocr_line' id='line_1_90' title="bbox 775 4642 2347 4717; baseline 0.003 -19"><span class='ocrx_word' id='word_1_691' title='bbox 775 4645 828 4698; x_wconf 92' lang='lat' dir='ltr'><strong>id</strong></span> <span class='ocrx_word' id='word_1_692' title='bbox 886 4659 999 4699; x_wconf 91' lang='lat' dir='ltr'><strong>non</strong></span> <span class='ocrx_word' id='word_1_693' title='bbox 1056 4660 1177 4701; x_wconf 90' lang='lat' dir='ltr'><strong>esse</strong></span> <span class='ocrx_word' id='word_1_694' title='bbox 1229 4645 1381 4715; x_wconf 89' lang='lat' dir='ltr'><strong>quod</strong></span> <span class='ocrx_word' id='word_1_695' title='bbox 1434 4662 1710 4717; x_wconf 91' lang='lat' dir='ltr'><strong>nusquam</strong></span> <span class='ocrx_word' id='word_1_696' title='bbox 1763 4646 1854 4701; x_wconf 88' lang='lat' dir='ltr'><strong>sit.</strong></span> <span class='ocrx_word' id='word_1_697' title='bbox 1901 4645 2003 4701; x_wconf 87' lang='lat' dir='ltr'><strong>Cui</strong></span> <span class='ocrx_word' id='word_1_698' title='bbox 2050 4661 2153 4716; x_wconf 94' lang='lat' dir='ltr'><strong>pro</strong></span> <span class='ocrx_word' id='word_1_699' title='bbox 2198 4642 2347 4702; x_wconf 68' lang='lat' dir='ltr'><strong>exilit</strong></span> 
     </span>
    </p>
   </div>
   <div class='ocr_carea' id='block_1_91' title="bbox 2452 4633 4057 4717">
    <p class='ocr_par' dir='ltr' id='par_1_91' title="bbox 2461 4633 4057 4712">
     <span class='ocr_line' id='line_1_91' title="bbox 2461 4633 4057 4712; baseline -0.013 -8"><span class='ocrx_word' id='word_1_700' title='bbox 2461 4648 2689 4712; x_wconf 77' lang='grc' dir='ltr'>δικαίως</span> <span class='ocrx_word' id='word_1_701' title='bbox 2720 4644 3068 4699; x_wconf 86' lang='grc' dir='ltr'>παντάπασιν</span> <span class='ocrx_word' id='word_1_702' title='bbox 3095 4639 3495 4712; x_wconf 82' lang='grc' dir='ltr'>ὁμολογεῖσθαι.</span> <span class='ocrx_word' id='word_1_703' title='bbox 3550 4635 3695 4707; x_wconf 81' lang='grc' dir='ltr'>Πρὸς</span> <span class='ocrx_word' id='word_1_704' title='bbox 3724 4634 3788 4688; x_wconf 75' lang='grc' dir='ltr'>ὃν</span> <span class='ocrx_word' id='word_1_705' title='bbox 3825 4633 3977 4685; x_wconf 81' lang='grc' dir='ltr'>κατά</span> <span class='ocrx_word' id='word_1_706' title='bbox 3998 4634 4057 4685; x_wconf 74' lang='grc' dir='ltr'>τὸ</span> 
     </span>
    </p>
   </div>
   <div class='ocr_carea' id='block_1_92' title="bbox 774 4736 2357 4808">
    <p class='ocr_par' dir='ltr' id='par_1_92' title="bbox 774 4736 2357 4808">
     <span class='ocr_line' id='line_1_92' title="bbox 774 4736 2357 4808; baseline 0.004 -20"><span class='ocrx_word' id='word_1_707' title='bbox 774 4746 975 4791; x_wconf 73' lang='lat' dir='ltr'><strong>nostra:</strong></span> <span class='ocrx_word' id='word_1_708' title='bbox 992 4736 1371 4807; x_wconf 68' lang='lat' dir='ltr'><strong>intelligentia:</strong></span> <span class='ocrx_word' id='word_1_709' title='bbox 1389 4736 1693 4807; x_wconf 78' lang='lat' dir='ltr'><strong>indigentia</strong></span> <span class='ocrx_word' id='word_1_710' title='bbox 1710 4736 2192 4807; x_wconf 85' lang='lat' dir='ltr'><strong>respondebimus,</strong></span> <span class='ocrx_word' id='word_1_711' title='bbox 2209 4738 2357 4808; x_wconf 85' lang='lat' dir='ltr'><strong>quod</strong></span> 
     </span>
    </p>
   </div>
   <div class='ocr_carea' id='block_1_93' title="bbox 775 4827 2360 4900">
    <p class='ocr_par' dir='ltr' id='par_1_93' title="bbox 775 4827 2360 4900">
     <span class='ocr_line' id='line_1_93' title="bbox 775 4827 2360 4900; baseline 0.004 -19"><span class='ocrx_word' id='word_1_712' title='bbox 775 4828 1031 4881; x_wconf 83' lang='lat' dir='ltr'><strong>Eunomii</strong></span> <span class='ocrx_word' id='word_1_713' title='bbox 1064 4830 1293 4898; x_wconf 87' lang='lat' dir='ltr'><strong>ejusque</strong></span> <span class='ocrx_word' id='word_1_714' title='bbox 1321 4827 1745 4899; x_wconf 90' lang='lat' dir='ltr'><strong>discipulorum,</strong></span> <span class='ocrx_word' id='word_1_715' title='bbox 1793 4828 1892 4899; x_wconf 90' lang='lat' dir='ltr'><strong>qui</strong></span> <span class='ocrx_word' id='word_1_716' title='bbox 1932 4829 2108 4885; x_wconf 87' lang='lat' dir='ltr'><strong>Deum</strong></span> <span class='ocrx_word' id='word_1_717' title='bbox 2153 4844 2216 4884; x_wconf 86' lang='lat' dir='ltr'><strong>ut</strong></span> <span class='ocrx_word' id='word_1_718' title='bbox 2241 4830 2360 4900; x_wconf 89' lang='lat' dir='ltr'><strong>ipse</strong></span> 
     </span>
    </p>
   </div>
   <div class='ocr_carea' id='block_1_94' title="bbox 776 4916 2358 4988">
    <p class='ocr_par' dir='ltr' id='par_1_94' title="bbox 776 4916 2358 4988">
     <span class='ocr_line' id='line_1_94' title="bbox 776 4916 2358 4988; baseline 0.002 -19"><span class='ocrx_word' id='word_1_719' title='bbox 776 4931 833 4969; x_wconf 79' lang='lat' dir='ltr'><strong>se</strong></span> <span class='ocrx_word' id='word_1_720' title='bbox 868 4918 1048 4986; x_wconf 88' lang='lat' dir='ltr'><strong>ipsum</strong></span> <span class='ocrx_word' id='word_1_721' title='bbox 1084 4932 1248 4972; x_wconf 83' lang='lat' dir='ltr'><strong>nosse</strong></span> <span class='ocrx_word' id='word_1_722' title='bbox 1280 4916 1577 4988; x_wconf 78' lang='lat' dir='ltr'><strong>iactarent,</strong></span> <span class='ocrx_word' id='word_1_723' title='bbox 1629 4916 1901 4971; x_wconf 90' lang='lat' dir='ltr'><strong>insaniam</strong></span> <span class='ocrx_word' id='word_1_724' title='bbox 1943 4931 2205 4972; x_wconf 91' lang='lat' dir='ltr'><strong>coercere</strong></span> <span class='ocrx_word' id='word_1_725' title='bbox 2238 4927 2358 4972; x_wconf 89' lang='lat' dir='ltr'><strong>stu-</strong></span> 
     </span>
    </p>
   </div>
   <div class='ocr_carea' id='block_1_95' title="bbox 777 5006 2356 5079">
    <p class='ocr_par' dir='ltr' id='par_1_95' title="bbox 777 5006 2356 5079">
     <span class='ocr_line' id='line_1_95' title="bbox 777 5006 2356 5079; baseline 0 -18"><span class='ocrx_word' id='word_1_726' title='bbox 777 5011 914 5063; x_wconf 83' lang='lat' dir='ltr'><strong>dens</strong></span> <span class='ocrx_word' id='word_1_727' title='bbox 946 5019 1173 5079; x_wconf 89' lang='lat' dir='ltr'><strong>propter</strong></span> <span class='ocrx_word' id='word_1_728' title='bbox 1199 5008 1335 5063; x_wconf 90' lang='lat' dir='ltr'><strong>tales</strong></span> <span class='ocrx_word' id='word_1_729' title='bbox 1360 5022 1648 5064; x_wconf 88' lang='lat' dir='ltr'><strong>sermones</strong></span> <span class='ocrx_word' id='word_1_730' title='bbox 1676 5006 1730 5061; x_wconf 92' lang='lat' dir='ltr'><strong>in</strong></span> <span class='ocrx_word' id='word_1_731' title='bbox 1753 5007 2017 5077; x_wconf 77' lang='lat' dir='ltr'><strong>placitura</strong></span> <span class='ocrx_word' id='word_1_732' title='bbox 2052 5006 2356 5062; x_wconf 90' lang='lat' dir='ltr'><strong>absurdum</strong></span> 
     </span>
    </p>
   </div>
   <div class='ocr_carea' id='block_1_96' title="bbox 782 5098 2359 5169">
    <p class='ocr_par' dir='ltr' id='par_1_96' title="bbox 782 5098 2359 5169">
     <span class='ocr_line' id='line_1_96' title="bbox 782 5098 2359 5169; baseline 0 -15"><span class='ocrx_word' id='word_1_733' title='bbox 782 5101 1009 5169; x_wconf 83' lang='lat' dir='ltr'><strong>redegit.</strong></span> <span class='ocrx_word' id='word_1_734' title='bbox 1042 5102 1152 5154; x_wconf 85' lang='lat' dir='ltr'><strong>Aut</strong></span> <span class='ocrx_word' id='word_1_735' title='bbox 1191 5099 1363 5164; x_wconf 90' lang='lat' dir='ltr'><strong>enim,</strong></span> <span class='ocrx_word' id='word_1_736' title='bbox 1417 5115 1542 5153; x_wconf 91' lang='lat' dir='ltr'><strong>cum</strong></span> <span class='ocrx_word' id='word_1_737' title='bbox 1597 5100 1771 5153; x_wconf 92' lang='lat' dir='ltr'><strong>Deum</strong></span> <span class='ocrx_word' id='word_1_738' title='bbox 1815 5108 2076 5168; x_wconf 89' lang='lat' dir='ltr'><strong>tanquam</strong></span> <span class='ocrx_word' id='word_1_739' title='bbox 2124 5098 2239 5168; x_wconf 90' lang='lat' dir='ltr'><strong>ipse</strong></span> <span class='ocrx_word' id='word_1_740' title='bbox 2298 5114 2359 5154; x_wconf 87' lang='lat' dir='ltr'><strong>se</strong></span> 
     </span>
    </p>
   </div>
   <div class='ocr_carea' id='block_1_97' title="bbox 782 5190 2356 5262">
    <p class='ocr_par' dir='ltr' id='par_1_97' title="bbox 782 5190 2356 5262">
     <span class='ocr_line' id='line_1_97' title="bbox 782 5190 2356 5262; baseline -0.003 -15"><span class='ocrx_word' id='word_1_741' title='bbox 782 5195 960 5262; x_wconf 82' lang='lat' dir='ltr'><strong>ipsum</strong></span> <span class='ocrx_word' id='word_1_742' title='bbox 1010 5206 1171 5246; x_wconf 89' lang='lat' dir='ltr'><strong>nosse</strong></span> <span class='ocrx_word' id='word_1_743' title='bbox 1211 5191 1407 5246; x_wconf 91' lang='lat' dir='ltr'><strong>dicunt</strong></span> <span class='ocrx_word' id='word_1_744' title='bbox 1443 5190 1820 5246; x_wconf 85' lang='lat' dir='ltr'><strong>necessarium</strong></span> <span class='ocrx_word' id='word_1_745' title='bbox 1848 5190 2009 5261; x_wconf 89' lang='lat' dir='ltr'><strong>plane</strong></span> <span class='ocrx_word' id='word_1_746' title='bbox 2039 5190 2265 5254; x_wconf 85' lang='lat' dir='ltr'><strong>habent,</strong></span> <span class='ocrx_word' id='word_1_747' title='bbox 2296 5199 2356 5244; x_wconf 95' lang='lat' dir='ltr'><strong>ut</strong></span> 
     </span>
    </p>
   </div>
   <div class='ocr_carea' id='block_1_98' title="bbox 779 5280 2356 5353">
    <p class='ocr_par' dir='ltr' id='par_1_98' title="bbox 779 5280 2356 5353">
     <span class='ocr_line' id='line_1_98' title="bbox 779 5280 2356 5353; baseline -0.001 -15"><span class='ocrx_word' id='word_1_748' title='bbox 779 5284 944 5338; x_wconf 84' lang='lat' dir='ltr'><strong>etiam</strong></span> <span class='ocrx_word' id='word_1_749' title='bbox 988 5283 1080 5337; x_wconf 91' lang='lat' dir='ltr'><strong>ubi</strong></span> <span class='ocrx_word' id='word_1_750' title='bbox 1115 5283 1186 5337; x_wconf 92' lang='lat' dir='ltr'><strong>sit</strong></span> <span class='ocrx_word' id='word_1_751' title='bbox 1244 5297 1411 5352; x_wconf 92' lang='lat' dir='ltr'><strong>quem</strong></span> <span class='ocrx_word' id='word_1_752' title='bbox 1461 5282 1650 5335; x_wconf 89' lang='lat' dir='ltr'><strong>norint</strong></span> <span class='ocrx_word' id='word_1_753' title='bbox 1696 5281 1801 5351; x_wconf 83' lang='lat' dir='ltr'><strong>ipsi</strong></span> <span class='ocrx_word' id='word_1_754' title='bbox 1829 5280 2112 5352; x_wconf 76' lang='lat' dir='ltr'><strong>adjiciunt,</strong></span> <span class='ocrx_word' id='word_1_755' title='bbox 2150 5282 2205 5336; x_wconf 91' lang='lat' dir='ltr'><strong>in</strong></span> <span class='ocrx_word' id='word_1_756' title='bbox 2238 5283 2356 5353; x_wconf 88' lang='lat' dir='ltr'><strong>ple-</strong></span> 
     </span>
    </p>
   </div>
   <div class='ocr_carea' id='block_1_99' title="bbox 781 5371 2359 5444">
    <p class='ocr_par' dir='ltr' id='par_1_99' title="bbox 781 5371 2359 5444">
     <span class='ocr_line' id='line_1_99' title="bbox 781 5371 2359 5444; baseline 0 -17"><span class='ocrx_word' id='word_1_757' title='bbox 781 5389 907 5428; x_wconf 88' lang='lat' dir='ltr'><strong>nam</strong></span> <span class='ocrx_word' id='word_1_758' title='bbox 934 5373 1143 5444; x_wconf 91' lang='lat' dir='ltr'><strong>cogniti</strong></span> <span class='ocrx_word' id='word_1_759' title='bbox 1176 5371 1752 5443; x_wconf 87' lang='lat' dir='ltr'><strong>comprehensionem,</strong></span> <span class='ocrx_word' id='word_1_760' title='bbox 1780 5381 1837 5426; x_wconf 93' lang='lat' dir='ltr'><strong>et</strong></span> <span class='ocrx_word' id='word_1_761' title='bbox 1875 5372 1948 5427; x_wconf 89' lang='lat' dir='ltr'><strong>ita</strong></span> <span class='ocrx_word' id='word_1_762' title='bbox 1969 5372 2109 5427; x_wconf 90' lang='lat' dir='ltr'><strong>nihil</strong></span> <span class='ocrx_word' id='word_1_763' title='bbox 2133 5373 2359 5427; x_wconf 89' lang='lat' dir='ltr'><strong>omnino</strong></span> 
     </span>
    </p>
   </div>
   <div class='ocr_carea' id='block_1_100' title="bbox 781 5465 2358 5535">
    <p class='ocr_par' dir='ltr' id='par_1_100' title="bbox 781 5465 2358 5535">
     <span class='ocr_line' id='line_1_100' title="bbox 781 5465 2358 5535; baseline -0.001 -12"><span class='ocrx_word' id='word_1_764' title='bbox 781 5468 851 5524; x_wconf 70' lang='lat' dir='ltr'><strong>ab</strong></span> <span class='ocrx_word' id='word_1_765' title='bbox 883 5467 1266 5523; x_wconf 78' lang='lat' dir='ltr'><strong>exsistcntium</strong></span> <span class='ocrx_word' id='word_1_766' title='bbox 1301 5467 1416 5522; x_wconf 92' lang='lat' dir='ltr'><strong>ullo</strong></span> <span class='ocrx_word' id='word_1_767' title='bbox 1453 5465 1756 5521; x_wconf 92' lang='lat' dir='ltr'><strong>secundum</strong></span> <span class='ocrx_word' id='word_1_768' title='bbox 1793 5466 1941 5535; x_wconf 90' lang='lat' dir='ltr'><strong>ipsos</strong></span> <span class='ocrx_word' id='word_1_769' title='bbox 1976 5465 2123 5520; x_wconf 89' lang='lat' dir='ltr'><strong>Deus</strong></span> <span class='ocrx_word' id='word_1_770' title='bbox 2152 5466 2358 5532; x_wconf 75' lang='lat' dir='ltr'><strong>dill‘ert,</strong></span> 
     </span>
    </p>
   </div>
   <div class='ocr_carea' id='block_1_101' title="bbox 2460 4724 4057 4808">
    <p class='ocr_par' dir='ltr' id='par_1_101' title="bbox 2460 4724 4057 4808">
     <span class='ocr_line' id='line_1_101' title="bbox 2460 4724 4057 4808; baseline -0.01 -18"><span class='ocrx_word' id='word_1_771' title='bbox 2460 4737 2562 4808; x_wconf 81' lang='grc' dir='ltr'>τῆς</span> <span class='ocrx_word' id='word_1_772' title='bbox 2602 4735 2827 4806; x_wconf 79' lang='grc' dir='ltr'>πτωχῆς</span> <span class='ocrx_word' id='word_1_773' title='bbox 2877 4732 3036 4805; x_wconf 79' lang='grc' dir='ltr'>ἡμῶν</span> <span class='ocrx_word' id='word_1_774' title='bbox 3084 4731 3324 4792; x_wconf 88' lang='grc' dir='ltr'>διανοίας</span> <span class='ocrx_word' id='word_1_775' title='bbox 3380 4726 3589 4789; x_wconf 79' lang='grc' dir='ltr'>ἑπιδεὲς</span> <span class='ocrx_word' id='word_1_776' title='bbox 3642 4724 3915 4795; x_wconf 77' lang='grc' dir='ltr'>ἐροῦμεν,</span> <span class='ocrx_word' id='word_1_777' title='bbox 3975 4725 4057 4775; x_wconf 75' lang='grc' dir='ltr'>ὅτι</span> 
     </span>
    </p>
   </div>
   <div class='ocr_carea' id='block_1_102' title="bbox 2462 4816 4057 4901">
    <p class='ocr_par' dir='ltr' id='par_1_102' title="bbox 2462 4816 4057 4901">
     <span class='ocr_line' id='line_1_102' title="bbox 2462 4816 4057 4901; baseline -0.011 -17"><span class='ocrx_word' id='word_1_778' title='bbox 2462 4829 2728 4901; x_wconf 78' lang='grc' dir='ltr'>Εὐνόμιον</span> <span class='ocrx_word' id='word_1_779' title='bbox 2766 4828 2859 4880; x_wconf 74' lang='grc' dir='ltr'>καὶ</span> <span class='ocrx_word' id='word_1_780' title='bbox 2885 4826 3011 4888; x_wconf 80' lang='grc' dir='ltr'>τοὺς</span> <span class='ocrx_word' id='word_1_781' title='bbox 3038 4825 3176 4895; x_wconf 84' lang='grc' dir='ltr'>ἀμφ’</span> <span class='ocrx_word' id='word_1_782' title='bbox 3199 4822 3381 4886; x_wconf 82' lang='grc' dir='ltr'>αὐτὸν,</span> <span class='ocrx_word' id='word_1_783' title='bbox 3412 4819 3673 4889; x_wconf 77' lang='grc' dir='ltr'>λέγοντας</span> <span class='ocrx_word' id='word_1_784' title='bbox 3713 4816 3933 4870; x_wconf 78' lang='grc' dir='ltr'>ειδέναι</span> <span class='ocrx_word' id='word_1_785' title='bbox 3968 4817 4057 4868; x_wconf 67' lang='grc' dir='ltr'><strong>τὸν</strong></span> 
     </span>
    </p>
   </div>
   <div class='ocr_carea' id='block_1_103' title="bbox 2461 4910 4060 4987">
    <p class='ocr_par' dir='ltr' id='par_1_103' title="bbox 2461 4910 4060 4987">
     <span class='ocr_line' id='line_1_103' title="bbox 2461 4910 4060 4987; baseline -0.01 -11"><span class='ocrx_word' id='word_1_786' title='bbox 2461 4922 2596 4975; x_wconf 79' lang='grc' dir='ltr'>Θεὸν</span> <span class='ocrx_word' id='word_1_787' title='bbox 2630 4921 2706 4984; x_wconf 81' lang='grc' dir='ltr'><strong>ὡς</strong></span> <span class='ocrx_word' id='word_1_788' title='bbox 2736 4919 2899 4984; x_wconf 71' lang='grc' dir='ltr'>αὐτὸς</span> <span class='ocrx_word' id='word_1_789' title='bbox 2923 4916 3138 4984; x_wconf 70' lang='grc' dir='ltr'>ιαυτδν,</span> <span class='ocrx_word' id='word_1_790' title='bbox 3191 4914 3292 4987; x_wconf 78' lang='grc' dir='ltr'><strong>τῆς</strong></span> <span class='ocrx_word' id='word_1_791' title='bbox 3319 4912 3523 4984; x_wconf 84' lang='grc' dir='ltr'>πολλῆς</span> <span class='ocrx_word' id='word_1_792' title='bbox 3553 4913 3806 4980; x_wconf 70' lang='grc' dir='ltr'>ἐπισχεῖν</span> <span class='ocrx_word' id='word_1_793' title='bbox 3853 4910 4060 4979; x_wconf 79' lang='grc' dir='ltr'>μανίας</span> 
     </span>
    </p>
   </div>
   <div class='ocr_carea' id='block_1_104' title="bbox 2463 5002 4061 5085">
    <p class='ocr_par' dir='ltr' id='par_1_104' title="bbox 2463 5002 4061 5085">
     <span class='ocr_line' id='line_1_104' title="bbox 2463 5002 4061 5085; baseline -0.011 -17"><span class='ocrx_word' id='word_1_794' title='bbox 2463 5013 2788 5085; x_wconf 81' lang='grc' dir='ltr'>βουλόμενος</span> <span class='ocrx_word' id='word_1_795' title='bbox 2856 5012 2939 5076; x_wconf 78' lang='grc' dir='ltr'><strong>εις</strong></span> <span class='ocrx_word' id='word_1_796' title='bbox 3000 5009 3202 5065; x_wconf 80' lang='grc' dir='ltr'>ἄτοπον</span> <span class='ocrx_word' id='word_1_797' title='bbox 3250 5007 3412 5072; x_wconf 81' lang='grc' dir='ltr'>δόξαν</span> <span class='ocrx_word' id='word_1_798' title='bbox 3461 5005 3550 5059; x_wconf 87' lang='grc' dir='ltr'><strong>διά</strong></span> <span class='ocrx_word' id='word_1_799' title='bbox 3617 5002 3728 5057; x_wconf 86' lang='grc' dir='ltr'><strong>τῶν</strong></span> <span class='ocrx_word' id='word_1_800' title='bbox 3784 5002 4061 5056; x_wconf 83' lang='grc' dir='ltr'>τοιούτων</span> 
     </span>
    </p>
   </div>
   <div class='ocr_carea' id='block_1_105' title="bbox 2462 5092 4061 5173">
    <p class='ocr_par' dir='ltr' id='par_1_105' title="bbox 2462 5092 4061 5173">
     <span class='ocr_line' id='line_1_105' title="bbox 2462 5092 4061 5173; baseline -0.008 -18"><span class='ocrx_word' id='word_1_801' title='bbox 2462 5102 2721 5173; x_wconf 77' lang='grc' dir='ltr'>ἀπήγαγε</span> <span class='ocrx_word' id='word_1_802' title='bbox 2751 5098 2950 5169; x_wconf 78' lang='grc' dir='ltr'>λόγων.</span> <span class='ocrx_word' id='word_1_803' title='bbox 3001 5099 3073 5154; x_wconf 86' lang='grc' dir='ltr'><strong>Ἦ</strong></span> <span class='ocrx_word' id='word_1_804' title='bbox 3100 5098 3210 5170; x_wconf 80' lang='grc' dir='ltr'>γάρ</span> <span class='ocrx_word' id='word_1_805' title='bbox 3257 5096 3513 5166; x_wconf 85' lang='grc' dir='ltr'>λέγοντας</span> <span class='ocrx_word' id='word_1_806' title='bbox 3556 5094 3759 5148; x_wconf 72' lang='grc' dir='ltr'>ειδέναι</span> <span class='ocrx_word' id='word_1_807' title='bbox 3790 5092 3893 5146; x_wconf 76' lang='grc' dir='ltr'>τὸν</span> <span class='ocrx_word' id='word_1_808' title='bbox 3925 5092 4061 5145; x_wconf 72' lang='grc' dir='ltr'>Θεὸν</span> 
     </span>
    </p>
   </div>
   <div class='ocr_carea' id='block_1_106' title="bbox 2461 5187 4061 5260">
    <p class='ocr_par' dir='ltr' id='par_1_106' title="bbox 2461 5187 4061 5260">
     <span class='ocr_line' id='line_1_106' title="bbox 2461 5187 4061 5260; baseline -0.006 -14"><span class='ocrx_word' id='word_1_809' title='bbox 2461 5194 2537 5258; x_wconf 83' lang='grc' dir='ltr'><strong>ῶς</strong></span> <span class='ocrx_word' id='word_1_810' title='bbox 2577 5192 2744 5257; x_wconf 80' lang='grc' dir='ltr'>αὐτὸς</span> <span class='ocrx_word' id='word_1_811' title='bbox 2770 5192 2987 5257; x_wconf 78' lang='grc' dir='ltr'>ἑαυτὸν,</span> <span class='ocrx_word' id='word_1_812' title='bbox 3016 5191 3114 5246; x_wconf 67' lang='grc' dir='ltr'>καὶ</span> <span class='ocrx_word' id='word_1_813' title='bbox 3152 5192 3212 5245; x_wconf 80' lang='grc' dir='ltr'>τὸ</span> <span class='ocrx_word' id='word_1_814' title='bbox 3244 5188 3347 5243; x_wconf 82' lang='grc' dir='ltr'>ποῦ</span> <span class='ocrx_word' id='word_1_815' title='bbox 3378 5189 3485 5260; x_wconf 79' lang='grc' dir='ltr'>χρὴ</span> <span class='ocrx_word' id='word_1_816' title='bbox 3516 5188 3607 5241; x_wconf 68' lang='grc' dir='ltr'>τὸν</span> <span class='ocrx_word' id='word_1_817' title='bbox 3632 5187 4061 5258; x_wconf 76' lang='grc' dir='ltr'>γινωσκόμενον</span> 
     </span>
    </p>
   </div>
   <div class='ocr_carea' id='block_1_107' title="bbox 2464 5279 4060 5357">
    <p class='ocr_par' dir='ltr' id='par_1_107' title="bbox 2464 5279 4060 5357">
     <span class='ocr_line' id='line_1_107' title="bbox 2464 5279 4060 5357; baseline -0.007 -16"><span class='ocrx_word' id='word_1_818' title='bbox 2464 5284 2604 5341; x_wconf 81' lang='grc' dir='ltr'>εἶναι</span> <span class='ocrx_word' id='word_1_819' title='bbox 2657 5286 3031 5357; x_wconf 79' lang='grc' dir='ltr'>προσεπάγειν</span> <span class='ocrx_word' id='word_1_820' title='bbox 3082 5284 3283 5345; x_wconf 76' lang='grc' dir='ltr'>αὐτοὺς</span> <span class='ocrx_word' id='word_1_821' title='bbox 3337 5282 3558 5344; x_wconf 86' lang='grc' dir='ltr'>πάντως</span> <span class='ocrx_word' id='word_1_822' title='bbox 3612 5279 3859 5350; x_wconf 78' lang='grc' dir='ltr'>ἀνάγκη,</span> <span class='ocrx_word' id='word_1_823' title='bbox 3920 5280 4060 5349; x_wconf 61' lang='grc' dir='ltr'>πρζς</span> 
     </span>
    </p>
   </div>
   <div class='ocr_carea' id='block_1_108' title="bbox 2464 5369 4063 5447">
    <p class='ocr_par' dir='ltr' id='par_1_108' title="bbox 2464 5369 4063 5447">
     <span class='ocr_line' id='line_1_108' title="bbox 2464 5369 4063 5447; baseline -0.007 -16"><span class='ocrx_word' id='word_1_824' title='bbox 2464 5378 2681 5431; x_wconf 80' lang='grc' dir='ltr'>τελείαν</span> <span class='ocrx_word' id='word_1_825' title='bbox 2718 5377 2814 5430; x_wconf 73' lang='grc' dir='ltr'>τοῦ</span> <span class='ocrx_word' id='word_1_826' title='bbox 2842 5376 3247 5447; x_wconf 79' lang='grc' dir='ltr'>γινωσκομένου</span> <span class='ocrx_word' id='word_1_827' title='bbox 3263 5375 3309 5406; x_wconf 76' lang='grc'><strong><em>’⁸</em></strong></span> <span class='ocrx_word' id='word_1_828' title='bbox 3354 5370 3685 5441; x_wconf 71' lang='grc' dir='ltr'>κατάληψιν,</span> <span class='ocrx_word' id='word_1_829' title='bbox 3744 5371 3848 5423; x_wconf 67' lang='grc' dir='ltr'>καὶ</span> <span class='ocrx_word' id='word_1_830' title='bbox 3901 5369 4063 5421; x_wconf 70' lang='grc' dir='ltr'>οὐδὲν</span> 
     </span>
    </p>
   </div>
   <div class='ocr_carea' id='block_1_109' title="bbox 2466 5460 4063 5535">
    <p class='ocr_par' dir='ltr' id='par_1_109' title="bbox 2466 5460 4063 5535">
     <span class='ocr_line' id='line_1_109' title="bbox 2466 5460 4063 5535; baseline -0.003 -17"><span class='ocrx_word' id='word_1_831' title='bbox 2466 5466 2683 5530; x_wconf 81' lang='grc' dir='ltr'>οὐδενὸς</span> <span class='ocrx_word' id='word_1_832' title='bbox 2730 5466 2841 5518; x_wconf 85' lang='grc' dir='ltr'><strong>τῶν</strong></span> <span class='ocrx_word' id='word_1_833' title='bbox 2895 5466 3066 5519; x_wconf 67' lang='grc' dir='ltr'>ὅντων</span> <span class='ocrx_word' id='word_1_834' title='bbox 3090 5465 3150 5519; x_wconf 82' lang='grc' dir='ltr'>τὸ</span> <span class='ocrx_word' id='word_1_835' title='bbox 3184 5464 3447 5535; x_wconf 87' lang='grc' dir='ltr'>παράπαν</span> <span class='ocrx_word' id='word_1_836' title='bbox 3480 5461 3626 5516; x_wconf 73' lang='grc' dir='ltr'>οὓτω</span> <span class='ocrx_word' id='word_1_837' title='bbox 3650 5478 3717 5529; x_wconf 81' lang='grc' dir='ltr'>γε</span> <span class='ocrx_word' id='word_1_838' title='bbox 3766 5460 4063 5532; x_wconf 81' lang='grc' dir='ltr'>διενήνοχε</span> 
     </span>
    </p>
   </div>
   <div class='ocr_carea' id='block_1_110' title="bbox 2088 5568 2771 5656">
    <p class='ocr_par' dir='ltr' id='par_1_110' title="bbox 2088 5568 2771 5656">
     <span class='ocr_line' id='line_1_110' title="bbox 2088 5568 2771 5656; baseline 0.006 -4"><span class='ocrx_word' id='word_1_839' title='bbox 2088 5599 2324 5654; x_wconf 62' lang='lat' dir='ltr'><strong>vuum;</strong></span> <span class='ocrx_word' id='word_1_840' title='bbox 2365 5568 2771 5656; x_wconf 61' lang='lat' dir='ltr'><strong>moriones.</strong></span> 
     </span>
    </p>
   </div>
   <div class='ocr_carea' id='block_1_111' title="bbox 872 5691 2983 5766">
    <p class='ocr_par' dir='ltr' id='par_1_111' title="bbox 872 5691 2983 5766">
     <span class='ocr_line' id='line_1_111' title="bbox 872 5691 2983 5766; baseline -0 -17"><span class='ocrx_word' id='word_1_841' title='bbox 872 5697 920 5729; x_wconf 76' lang='lat'>&quot;</span> <span class='ocrx_word' id='word_1_842' title='bbox 952 5696 1151 5751; x_wconf 86' lang='lat' dir='ltr'><strong>Eadem</strong></span> <span class='ocrx_word' id='word_1_843' title='bbox 1196 5704 1391 5749; x_wconf 90' lang='lat' dir='ltr'><strong>manus</strong></span> <span class='ocrx_word' id='word_1_844' title='bbox 1421 5695 1474 5748; x_wconf 94' lang='lat' dir='ltr'><strong>in</strong></span> <span class='ocrx_word' id='word_1_845' title='bbox 1507 5694 1629 5748; x_wconf 91' lang='lat' dir='ltr'><strong>eod.</strong></span> <span class='ocrx_word' id='word_1_846' title='bbox 1662 5691 1805 5747; x_wconf 88' lang='lat' dir='ltr'><strong>Gud.</strong></span> <span class='ocrx_word' id='word_1_847' title='bbox 1849 5708 2018 5763; x_wconf 84' lang='lat' dir='ltr'><strong>marg.</strong></span> <span class='ocrx_word' id='word_1_848' title='bbox 2040 5694 2207 5748; x_wconf 90' lang='lat' dir='ltr'><strong>rubro</strong></span> <span class='ocrx_word' id='word_1_849' title='bbox 2235 5694 2529 5765; x_wconf 88' lang='lat' dir='ltr'><strong>adscripsit</strong></span> <span class='ocrx_word' id='word_1_850' title='bbox 2561 5694 2983 5766; x_wconf 78' lang='grc' dir='ltr'>σημαινομένου.</span> 
     </span>
    </p>
   </div>
   <div class='ocr_carea' id='block_1_112' title="bbox 785 5804 2596 5886">
    <p class='ocr_par' dir='ltr' id='par_1_112' title="bbox 785 5804 2596 5886">
     <span class='ocr_line' id='line_1_112' title="bbox 785 5804 2596 5886; baseline -0.009 -16"><span class='ocrx_word' id='word_1_851' title='bbox 785 5804 791 5812; x_wconf 88' lang='grc'><em>’</em></span> <span class='ocrx_word' id='word_1_852' title='bbox 852 5816 930 5886; x_wconf 69' lang='grc' dir='ltr'>(τ.)</span> <span class='ocrx_word' id='word_1_853' title='bbox 959 5815 1107 5870; x_wconf 82' lang='lat' dir='ltr'><strong>Idem</strong></span> <span class='ocrx_word' id='word_1_854' title='bbox 1138 5814 1261 5870; x_wconf 80' lang='lat' dir='ltr'><strong>ibid.</strong></span> <span class='ocrx_word' id='word_1_855' title='bbox 1294 5829 1413 5885; x_wconf 83' lang='lat' dir='ltr'><strong>cap.</strong></span> <span class='ocrx_word' id='word_1_856' title='bbox 1448 5814 1537 5879; x_wconf 82' lang='lat' dir='ltr'><strong>to,</strong></span> <span class='ocrx_word' id='word_1_857' title='bbox 1573 5828 1626 5883; x_wconf 88' lang='lat' dir='ltr'><strong>p.</strong></span> <span class='ocrx_word' id='word_1_858' title='bbox 1660 5810 1781 5867; x_wconf 75' lang='lat'><strong>502.</strong></span> <span class='ocrx_word' id='word_1_859' title='bbox 1813 5810 1952 5882; x_wconf 83' lang='lat' dir='ltr'><strong>Opp.</strong></span> <span class='ocrx_word' id='word_1_860' title='bbox 1983 5812 2117 5869; x_wconf 73' lang='lat' dir='ltr'><strong>edit,</strong></span> <span class='ocrx_word' id='word_1_861' title='bbox 2151 5813 2352 5869; x_wconf 48' lang='lat' dir='ltr'><strong>nonad.</strong></span> <span class='ocrx_word' id='word_1_862' title='bbox 2389 5824 2519 5869; x_wconf 70' lang='grc' dir='ltr'>ιοηι,</span> <span class='ocrx_word' id='word_1_863' title='bbox 2554 5814 2596 5868; x_wconf 81' lang='grc' dir='ltr'><strong>ι,</strong></span> 
     </span>
    </p>
   </div>
  </div>
