4192 6434
204 410 342 479 1233
1437 420 1948 480 AMBIGUORUM
1991 421 2240 480 LIBER.
3319 408 3451 473 123i

198 531 324 583 κατ’
353 530 548 592 αὐτοὺς
567 529 596 582 ὁ
619 529 772 591 Θεὸς,
803 527 956 599 τόπῳ
983 529 1079 583 καὶ
1095 529 1256 592 αὐτὸς
1277 533 1769 602 περιγραφόμενος,

1881 534 1996 601 ipse
2019 533 2138 586 loco
2164 530 2641 598 circumscriptus,
2665 545 2776 598 quo
2800 529 2941 582 nihil
2961 525 3261 580 absurdius
3278 526 3446 580 foret.

192 611 262 673 οῦ
287 621 340 672 τί
363 618 563 686 γένοιτ’
593 618 660 671 ἀν
689 616 1076 688 ἀτοπώτερονς
1111 619 1144 689 ἦ
1177 620 1252 691 μὴ
1276 619 1536 688 λέγοντας
1577 623 1701 689 ποῦ,
1734 624 1768 694 ἦ

1876 630 1992 684 aut,
2039 623 2085 676 si
2141 637 2269 675 eum
2327 635 2597 689 nusquam
2629 621 2713 673 vel
2761 633 2991 688 prorsus
3036 633 3143 670 non
3182 618 3448 670 exsistere.

197 710 341 778 μηδὲ
376 705 517 763 εἷναι
550 709 613 762 τὸ
647 707 870 762 σύνολον
903 709 1104 776 λέγειν,
1159 711 1300 764 κατά
1338 711 1438 782 τὴν
1481 713 1646 768 αὐτοῦ
1673 713 1769 768 τοῦ

1875 720 2152 774 statuunt,
2191 711 2499 766 secundum
2529 711 2704 779 ipsius
2733 712 2964 764 rationis
2989 710 3449 780 suppositionem,

191 801 358 868 λόγου
391 800 669 862 ὑπόθεσιν,
701 795 763 854 οῦ
783 799 838 853 τί
869 799 1087 868 γένοιτ’
1125 801 1193 854 ἂν
1233 801 1577 875 ἀθεώτερονς
1630 806 1773 873 (πῶς

190 892 308 964 γὰρ
338 893 434 946 καὶ
460 893 643 962 (192
673 893 729 960 a)
764 891 818 945 τί
862 893 929 945 ἂν
961 893 1046 962 είη
1087 894 1148 946 τὸ
1178 893 1253 964 μὴ
1293 896 1511 958 πάντως
1568 898 1668 951 ποῦ
1710 900 1774 952 τὸ

191 977 340 1036 εῖναι
375 983 610 1053 ἑχον;)ἧ
647 983 866 1046 πάντως
916 979 1060 1036 εἶναι
1105 983 1166 1048 ἐξ
1207 985 1454 1056 ἀνάγκης
1497 988 1694 1052 αὐτοὺς
1737 991 1771 1060 η

190 1073 497 1126 ἀκολουθία
540 1073 634 1127 τοῦ
666 1073 826 1142 λύγου
861 1075 1045 1144 λέγειν
1092 1076 1338 1147 βιάζεται
1378 1079 1472 1132 καὶ
1513 1081 1769 1151 μηδαμοῦ

190 1158 363 1228 εἶναι,
393 1165 488 1216 καὶ
536 1163 629 1218 διά
671 1164 831 1219 τοῦτο
886 1165 1029 1220 εῖναι
1090 1168 1192 1238 μὲν
1255 1169 1352 1223 καὶ
1388 1170 1658 1242 ὑπάρχειν
1712 1172 1774 1226 τὸ

189 1257 376 1320 θεῖον,
408 1257 462 1308 τί
487 1257 547 1310 δὲ
581 1252 720 1311 εἶναι
772 1259 868 1311 καὶ
898 1258 1167 1330 ὑπάρχειν
1199 1260 1274 1332 μὴ
1307 1261 1522 1316 εἰδέναι.
1573 1264 1637 1318 El
1663 1265 1772 1334 γὰρ

189 1344 260 1394 τ’)
286 1343 389 1397 ποῦ
413 1345 475 1398 τὸ
501 1345 654 1400 Θεῖον
682 1343 824 1402 εἶναι
854 1351 976 1402 κατ’
1020 1349 1220 1415 αὐτοὺς
1246 1352 1544 1420 ἄγνωστον,
1590 1354 1772 1424 πολλῷ

193 1434 406 1501 μᾶλλον
432 1436 564 1489 αὐτὸ
583 1437 646 1490 τὸ
677 1437 851 1501 Θεῖον,
879 1439 910 1491 ὅ
942 1439 995 1491 τί
1025 1455 1159 1492 ποτε
1191 1442 1312 1494 κατ’
1358 1442 1548 1495 οὐσίαν
1600 1444 1769 1508 ἐστὶν,

193 1523 614 1597 ἀγνωστότερον
637 1525 812 1581 ἔσται.
859 1527 952 1581 Διδ
983 1528 1120 1598 μηδὲ
1164 1547 1267 1583 που
1313 1525 1452 1583 εἶναι
1478 1531 1540 1584 τὸ
1577 1533 1652 1601 μὴ
1684 1549 1773 1600 γι-

192 1615 548 1685 νωσκόμενον
599 1616 961 1681 εὐσεϐοῦντας
1024 1619 1224 1683 αὐτοὺς
1276 1620 1491 1690 ἀνάγκη
1551 1622 1773 1685 πάντως

189 1706 507 1775 ὁμολογεῖν.
535 1707 634 1761 Διά
663 1707 891 1778 ταύτην,
928 1708 1005 1773 ὡς
1055 1705 1233 1780 οἶμαι,
1271 1710 1373 1782 τὴν
1425 1711 1607 1777 αξτίαν
1635 1729 1773 1782 συμ-

157 1799 637 1872 ¹περιφερόμενος
687 1801 788 1870 μὲν
821 1802 934 1864 τοῖς
998 1802 1126 1872 περὶ
1173 1801 1438 1873 Εὐνόμιον
1483 1803 1770 1873 ἀμφέϐαλε

1875 802 2006 871 quid
2047 802 2190 856 foret
2213 803 2383 873 magis
2413 802 2642 871 impium
2663 802 2688 854 ?
2718 801 3016 870 (quomodo
3041 801 3190 854 enim
3229 815 3449 868 compa-

1875 901 2054 947 ratum
2093 901 2149 948 et
2177 895 2311 963 quid
2345 906 2493 949 esset
2526 894 2672 963 quod
2707 894 2935 947 omnino
2963 890 3163 946 alicubi
3192 907 3314 946 esse
3341 907 3448 945 non

1876 982 2163 1053 haberet?)
2205 990 2301 1036 aut
2334 983 2494 1052 plane
2523 982 2836 1038 necessario
2885 996 3008 1037 esse
3041 996 3167 1036 eum
3218 979 3450 1033 rationis

1871 1073 2272 1144 consequentia
2321 1082 2568 1128 statuere
2595 1073 2718 1127 illos
2738 1073 2902 1142 cogit,
2925 1083 2980 1127 et
3003 1088 3274 1141 nusquam
3297 1087 3442 1131 esse.

1872 1180 2080 1234 perque
2120 1164 2227 1219 hoc
2276 1179 2400 1218 esse
2433 1163 2658 1234 quidem
2696 1172 2755 1218 et
2793 1164 3060 1218 exsistere
3087 1162 3282 1226 Deum,
3313 1162 3445 1231 quid

1872 1263 2058 1309 autem
2101 1256 2174 1311 sit
2216 1263 2273 1310 et
2303 1255 2533 1309 exsistat
2563 1269 2623 1309 se
2653 1269 2763 1308 non
2793 1270 2977 1310 nosse.
3019 1254 3076 1308 Si
3125 1253 3273 1309 enim
3308 1254 3443 1307 ubi-

1870 1362 2000 1400 nam
2037 1346 2111 1400 sit
2136 1348 2281 1402 Deus
2307 1345 2547 1416 ignorari
2573 1353 2843 1410 statuunt,
2869 1346 3042 1400 multo
3061 1345 3234 1416 magis
3265 1345 3442 1414 ipsum

1871 1439 2086 1493 Numen
2117 1439 2366 1493 divinum
2398 1438 2666 1507 quidnam
2697 1437 3000 1491 secundum
3025 1438 3322 1491 essentiam
3350 1437 3442 1498 sit,

1872 1531 2236 1600 ignorabitur.
2269 1531 2452 1598 Quare
2477 1532 2521 1585 si
2565 1530 2820 1600 religiose
2842 1539 2898 1584 et
2933 1530 3020 1599 pie
3041 1545 3201 1598 agere
3231 1530 3442 1591 volunt,

1870 1621 2018 1689 quod
2073 1621 2360 1690 ignoratur
2394 1636 2499 1675 nec
2538 1636 2770 1690 usquam
2793 1635 2915 1674 esse
2947 1620 3175 1672 omnino
3209 1634 3444 1674 consen-

1872 1712 1977 1766 tire
2005 1711 2310 1766 debebunt.
2350 1712 2427 1766 De
2479 1712 2605 1775 hac,
2664 1719 2728 1765 ut
2767 1709 3028 1772 arbitror,
3063 1723 3228 1764 causa
3257 1710 3443 1763 Euno-

1872 1802 2076 1857 mianis
2117 1801 2459 1871 morigeratus
2486 1801 2800 1856 inversione
2830 1817 2929 1855 eos
2957 1800 3136 1853 induit
3163 1800 3444 1870 magister,

191 1891 299 1961 τὴν
327 1892 690 1963 ἀντιστροφὴν
718 1895 748 1946 ὁ
777 1893 1097 1958 διδάσκαλος
1117 1934 1136 1962 ,
1166 1894 1227 1948 τὸ
1277 1911 1298 1946 ι
1333 1895 1498 1966 τυχὸν
1534 1913 1553 1948 ι
1604 1897 1766 1968 επίῤ-

1869 1894 2132 1948 adverbio
2182 1912 2201 1944 ι
2230 1893 2462 1947 fortasse
2490 1911 2509 1944 ι
2554 1892 2755 1962 posito,
2791 1891 3062 1961 nobisque
3093 1890 3444 1945 eonsideran~

195 1984 356 2052 ῥημα
384 1981 636 2052 θέμενος,
678 1983 772 2038 καὶ
814 1985 947 2055 ἡμῖν
993 1985 1422 2056 καταλιμπάνων
1465 1991 1608 2041 νοεῖν
1653 1989 1770 2042 ὅτι·

195 2089 313 2144 περ
346 2073 409 2126 οὐ
443 2074 665 2138 πάντως
714 2074 777 2129 τὸ
835 2076 1088 2147 μηδαμοῦ
1139 2076 1201 2130 τδ
1240 2078 1463 2149 μηδαμῆ
1506 2078 1771 2149 μηδαμῶς

191 2161 260 2217 δν
281 2165 512 2233 εἰσάγει.
544 2164 678 2218 Θεὸν
698 2165 810 2237 γάρ
837 2168 998 2236 ἡμεῖς
1035 2163 1177 2220 εἷναί
1209 2185 1411 2239 φαμεν,
1443 2171 1538 2223 καὶ
1594 2169 1772 2240 μηδα-

200 2252 310 2320 μοῦ
341 2254 652 2323 τυγχάνειν,
685 2253 765 2325 τῷ
792 2254 868 2326 μὴ
893 2254 971 2319 ὡς
1021 2256 1080 2310 ὲν
1106 2257 1256 2327 τόπῳ
1301 2256 1575 2321 οὐσιωδῶς
1628 2257 1772 2311 κατά

195 2345 304 2412 τὴν
337 2343 578 2416 ὕπαρξιν
607 2345 1064 2416 περιγράφεσθαι,
1107 2346 1203 2400 καὶ
1240 2346 1459 2411 πάντως
1489 2341 1650 2412 εἶναι,
1693 2346 1771 2417 τῷ

201 2437 282 2506 μὴ
309 2436 517 2490 δεῖσθαι
546 2437 825 2501 παντελῶς
855 2437 950 2492 τοῦ
975 2439 1180 2503 παντὸς
1206 2439 1318 2492 τῶν
1345 2439 1681 2511 δντων·πρὸς
1714 2439 1773 2493 τὸ

196 2526 366 2593 εἶναι,
393 2523 469 2583 ῶν
489 2532 660 2601 χωρὶς
688 2530 784 2585 καὶ
814 2525 885 2601 ἦν
903 2531 1001 2584 καὶ
1036 2530 1172 2596 ἐστι,
1209 2531 1303 2584 καὶ
1346 2532 1434 2585 ἀεὶ
1491 2527 1630 2586 εῖναι
1678 2531 1772 2584 δυ-

196 2625 458 2694 νήσεται,
490 2623 687 2692 μᾶλλον
713 2623 770 2676 δὲ
805 2623 961 2677 εστιν
1002 2624 1108 2677 ἀεί.
1148 2625 1222 2678 οὐ
1251 2623 1361 2695 γάρ
1389 2624 1538 2677 θέσιν
1570 2624 1682 2694 ἔχει
1703 2624 1774 2678 τά

195 2713 334 2766 ὄντα
360 2715 389 2765 ὁ
428 2715 523 2766 καὶ
550 2713 682 2783 πρὶν
699 2710 840 2767 εἶναι
869 2711 937 2765 τὰ
957 2713 1088 2767 ῦντα
1112 2715 1395 2785 ὑπάρχων.
1421 2716 1484 2768 Εἰ
1513 2715 1623 2783 γάρ
1639 2716 1772 2784 παρ’

194 2805 336 2874 ἡμῖν
357 2805 454 2858 οὐκ
485 2807 544 2858 ὲν
571 2808 683 2869 τοῖς
711 2807 988 2876 τεχνητοῖς
1011 2807 1228 2870 πάντως
1256 2807 1317 2859 τὸ
1336 2803 1476 2860 εἶναι
1505 2806 1646 2860 κατά
1672 2806 1774 2876 τὴν

193 2894 314 2948 ῦπα
323 2896 434 2964 ρξιν
449 2895 825 2958 ύποστατικῶς
844 2895 1054 2966 ἔχουσιν
1067 2898 1116 2949 oi
1141 2899 1376 2967 τεχνῖται
1402 2914 1468 2950 πε
1477 2913 1633 2966 ριγεγ
1639 2913 1707 2968 ρα
1714 2914 1774 2964 μ-

199 2989 367 3059 μένον
397 2991 460 3043 τὸ
491 2989 845 3060 φθειρόμενον
873 2990 1032 3045 τοῦτο
1066 2995 1324 3062 πρᾶγμα,
1353 2992 1450 3044 καὶ
1478 2991 1772 3062 ἀληθέστε-

197 3096 298 3147 ρον
329 3081 535 3149 κυρίως
563 3083 738 3134 εἰπεῖν
773 3082 1040 3152 μηδέποτε
1061 3083 1143 3148 ὃν,
1173 3085 1226 3136 τί
1259 3083 1324 3136 ἄν
1345 3101 1426 3146 τις
1469 3083 1602 3153 φαίη
1643 3083 1772 3152 περὶ

191 3174 301 3240 τῆς
347 3173 592 3243 ἀρρήτου
651 3174 745 3226 καὶ
787 3174 1070 3242 ἀγνώστου
1137 3180 1233 3228 καὶ
1281 3176 1565 3244 ἀχωρήτου
1603 3174 1769 3228 πᾶσιν

193 3262 404 3330 ὁμοίως
434 3266 530 3316 καὶ
561 3263 648 3317 ἀεὶ
668 3263 934 3328 ὡσαύτως
953 3265 1184 3336 ἐχούσης
1207 3265 1490 3328 δυνάμεως
1517 3283 1535 3332 ;

202 3446 308 3498 Ἐκ
334 3445 442 3499 τοῦ
462 3447 648 3500 αὐτοῦ
667 3447 876 3518 λόγου,
903 3450 990 3515 εὶς
1010 3450 1097 3512 τὸ,
1128 3469 1146 3502 ι
1174 3451 1312 3505 Εἴτε
1353 3453 1656 3520 φαντασία
1677 3471 1766 3519 τις

267 3537 347 3609 ἦν
367 3540 640 3608 ἡμερινή,
670 3541 792 3594 εἴτε
807 3542 1028 3609 νυκτὸς
1047 3543 1322 3612 ἀψευδὴς
1334 3545 1496 3613 ὄψις,
1518 3547 1640 3600 alte
1659 3546 1765 3600 τοῦ

270 3632 626 3701 ἡγεμονικοῦ
660 3635 946 3700 τύπωσις,
985 3637 1428 3706 συγγινομένου
1469 3637 1590 3705 τοῖς
1625 3639 1767 3708 μέλ-

269 3727 495 3777 λουσιν
521 3724 603 3790 ὡς
629 3725 932 3793 παροῦσιν
947 3724 1048 3796 (4).
1077 3745 1096 3780 ι

272 3818 493 3886 ’Δκρως
538 3815 840 3887 καθαρθεὶς
887 3817 1000 3871 τῶν
1048 3814 1131 3882 οἷς
1171 3817 1501 3888 μολύνεσθαι
1551 3817 1763 3886 πέφυκε

190 3908 307 3961 τῶν
336 3905 638 3978 ἀνθρώπων
662 3910 697 3979 ἡ
737 3909 899 3978 φύσις
919 3911 948 3963 ὁ
971 3909 1242 3981 μακάριος
1281 3905 1437 3974 οὗτος
1466 3910 1655 3981 Πατὴρ
1676 3912 1766 3965 διά

191 3999 296 4066 τῆς
330 4000 645 4070 πρακτικῆς
681 3999 1020 4070 φιλοσοφίας,
1051 4001 1234 4072 (193
1290 4002 1342 4073 ὁ)
1374 4002 1468 4055 καὶ
1510 4001 1603 4055 τὸν
1640 4003 1764 4056 νοῦν

190 4089 264 4142 δι’
291 4089 414 4142 ὅλου
445 4089 705 4155 ποιωθεὶς
727 4089 804 4160 τῷ
837 4092 978 4162 ἁγίῳ
1011 4091 1289 4161 Πνεύματι
1318 4096 1440 4156 ταῖς
1483 4093 1764 4158 ἐπιϐολαῖς

190 4180 309 4234 τῶν
337 4179 498 4234 θείων
538 4179 933 4251 θεωρημάτων,
960 4182 1050 4236 διά
1082 4185 1182 4254 τῆς
1223 4183 1459 4255 ἀληθοῦς
1501 4185 1642 4238 κατά
1666 4185 1766 4255 τὴν

193 4269 400 4338 γνῶσιν
426 4271 836 4340 μυσταγωγίας,
859 4266 950 4326 οἷα
967 4272 1034 4343 δὴ
1061 4273 1130 4327 τά
1153 4273 1245 4328 ἴσα
1268 4277 1382 4338 τοῖς
1414 4275 1594 4344 ἁγίοις
1633 4293 1766 4345 προ-

191 4364 400 4432 φήταις
430 4362 642 4428 παθὼν,
673 4364 742 4418 τὰ
771 4363 886 4436 εῖδη
910 4365 1013 4436 τῆς
1054 4368 1396 4437 προφητείας
1447 4367 1506 4421 ὲν
1557 4367 1766 4430 τούτοις

192 4456 331 4524 ἡμῖν
361 4455 768 4525 ἀπηρίθμησεν.
814 4451 910 4519 οἷς
955 4457 1115 4526 εἴπερ
1163 4458 1226 4511 τὸ
1256 4459 1371 4511 δεῖν
1390 4459 1528 4523 ὅλως
1559 4459 1766 4530 τολμᾷν

190 4545 339 4598 οὕτω
373 4546 728 4615 μεγαλοφυῶς
777 4565 838 4601 τε
881 4549 975 4602 καὶ
1015 4549 1380 4613 ὲνθεαστικῶς
1428 4553 1763 4623 εἰρημένοις,

193 4638 293 4690 καὶ
331 4638 551 4691 πάντων
578 4637 688 4693 τῶν
719 4639 794 4710 μὴ
816 4639 1075 4693 τοιούτων
1102 4637 1212 4705 οἷος
1248 4643 1412 4706 αὐτὸς
1440 4639 1509 4714 ἦν
1536 4645 1566 4696 ὁ
1615 4643 1766 4699 διδά-

1869 1986 2002 2041 dum
2052 1985 2303 2056 reliquit,
2337 1984 2486 2057 quod
2523 2000 2871 2054 nequaquam
2902 1985 2957 2038 id
2995 1984 3141 2054 quod
3177 2000 3444 2054 nusquam

1869 2078 2098 2133 exsistat
2139 2078 2366 2133 omnino
2402 2078 2670 2132 exsistere
2704 2077 2906 2148 neget?
2950 2078 3121 2131 Deum
3159 2076 3308 2129 enim
3342 2091 3444 2129 nos

1869 2185 1990 2225 esse
2035 2169 2295 2235 dicimus,
2351 2179 2410 2225 et
2460 2185 2730 2238 nusquam
2758 2185 2904 2233 esse,
2948 2169 3077 2237 quia
3121 2183 3253 2233 non,
3284 2168 3439 2238 quasi

1873 2259 1928 2313 in
1961 2260 2106 2322 loco,
2147 2259 2518 2314 essentialiter
2564 2257 2870 2312 secundum
2922 2257 3289 2312 substantiam
3338 2255 3446 2310 οἰτ-

1871 2350 2282 2415 cumserihitur,
2331 2359 2389 2405 et
2433 2364 2556 2404 esse
2600 2350 2846 2413 omnino,
2888 2348 3015 2417 quia
3062 2356 3176 2401 tota
3225 2347 3447 2401 univer-

1871 2445 2034 2500 sitate
2081 2461 2272 2500 eorum
2304 2460 2426 2514 quae
2465 2451 2596 2499 sunt
2627 2442 2789 2512 plane
2837 2457 2947 2496 non
2996 2451 3123 2511 eget
3167 2441 3234 2496 ad
3287 2456 3444 2494 suam

1872 2537 2275 2602 exsistentiam,
2307 2537 2428 2592 sine
2450 2536 2655 2606 quibus
2679 2543 2736 2589 et
2758 2543 2900 2597 erat,
2921 2542 2979 2587 et
2998 2543 3103 2596 est,
3143 2542 3202 2588 et
3226 2547 3445 2601 semper

1873 2646 1995 2686 esse
2040 2632 2266 2701 poterit,
2327 2629 2414 2683 vel
2458 2628 2646 2698 potius
2689 2641 2908 2695 semper
2949 2633 3055 2680 est.
3097 2623 3254 2678 llaud
3296 2623 3443 2678 enim

1874 2739 1973 2793 pro
2011 2721 2286 2792 positione
2325 2719 2502 2775 utitur
2528 2719 2612 2774 eis
2642 2733 2765 2788 quae
2787 2725 2917 2771 sunt
2947 2717 3042 2787 qui
3072 2715 3156 2771 vel
3187 2725 3315 2770 ante
3342 2714 3446 2768 fuit

1871 2831 2034 2884 quam
2070 2815 2188 2884 ipsa
2219 2829 2341 2882 quae
2380 2821 2528 2866 sunt.
2562 2811 2698 2866 Nam
2727 2810 2773 2864 si
2805 2825 2974 2880 penes
2995 2823 3096 2862 nos
3126 2809 3181 2862 in
3213 2806 3330 2860 suis
3358 2822 3445 2859 ar-

1872 2903 2057 2957 tiﬁciis
2111 2901 2532 2955 substantialem
2577 2901 2954 2955 exsistcntiam
2993 2897 3235 2952 artiﬁces
3285 2897 3445 2966 plane

1831 3023 1834 3026 λ
1871 3008 1985 3047 ιιοη
2007 2992 2211 3046 habent
2231 2990 2724 3061 circumscriptam,
2753 3006 2870 3045 rem
2890 2990 3237 3045 interituram
3261 2989 3442 3052 istam,

1871 3092 1929 3137 et
1958 3099 2081 3153 qua:
2103 3083 2291 3136 verius
2310 3097 2591 3151 nunquam
2611 3097 2732 3136 esse
2746 3080 3217 3150 diceretur,quid,
3238 3094 3442 3148 qumso,

1873 3177 1941 3231 de
1962 3177 2228 3231 inell'abili
2261 3184 2319 3230 et
2351 3176 2628 3245 incognita
2653 3186 2710 3227 et
2734 3175 2992 3228 omnibus
3017 3174 3223 3243 pariter
3247 3173 3446 3244 imper-

1796 3261 1839 3319 C
1868 3268 2114 3337 eeptibili
2153 3283 2218 3321 ac
2251 3282 2470 3336 semper
2505 3265 2696 3321 eadem
2730 3273 3001 3334 potestate
3041 3264 3280 3319 dixeris?

1867 3454 1952 3509 Ita:
1990 3453 2171 3506 eodem
2209 3469 2470 3516 sermone,
2506 3456 2560 3506 in
2586 3452 2722 3506 illud
2747 3469 2766 3506 :
2806 3471 2824 3502 ι
2862 3450 2981 3506 Sive
3003 3453 3255 3505 diurnum
3279 3452 3444 3521 quod.

1939 3545 2065 3598 dam
2088 3552 2204 3597 erat
2221 3554 2509 3613 speclrum.
2533 3546 2639 3598 sive
2660 3545 2875 3598 minime
2905 3543 3077 3613 fallax
3107 3545 3269 3597 noctis
3294 3544 3442 3604 visio,

1934 3637 2041 3690 sive
2083 3637 2279 3704 pravia
2309 3637 2553 3705 qua-dam
2586 3637 2768 3688 mentis
2799 3637 3093 3704 impressio,
3120 3636 3300 3703 futura
3325 3643 3446 3686 tan-

1933 3745 2097 3797 quam
2137 3731 2417 3797 pm'sentia
2450 3728 2717 3780 arhtbcus.
2747 3746 2764 3778 ι

1937 3817 2138 3872 Beatus
2188 3817 2278 3872 hic
2323 3818 2484 3872 Pater
2535 3817 2604 3872 iis
2655 3818 2856 3887 quibus
2907 3815 3194 3870 hominum
3247 3824 3445 3870 natura

1865 3919 2267 3979 conspurcatur
2317 3926 2416 3980 per
2468 3910 2725 3974 activam,
2770 3925 2892 3980 qua:
2931 3910 3156 3974 dieitur,
3199 3909 3444 3979 philoso—

1866 4003 2054 4071 phiam
2103 4004 2327 4072 penitus
2365 4013 2650 4074 purgatus,
2695 4018 2760 4057 ae
2792 4013 2974 4057 mente
3023 4017 3054 4056 a
3098 4011 3290 4056 saneto
3318 4001 3442 4072 Spi-

1867 4098 1976 4149 ritu
2004 4097 2317 4150 divinarum
2349 4097 2876 4167 contemplationem
2907 4096 3205 4165 propositis
3229 4111 3297 4149 ex
3328 4105 3442 4150 toto

1868 4195 2227 4256 prmparatus,
2277 4202 2374 4256 per
2426 4202 2613 4239 veram
2671 4185 3004 4255 cognitionis
3053 4184 3440 4249 initiatiouem,

1865 4275 2071 4342 quippe
2113 4273 2307 4328 eadem
2348 4282 2513 4342 atque
2545 4275 2719 4329 sancti
2756 4275 3041 4343 prophetae
3071 4289 3284 4343 passus,
3317 4287 3444 4342 pro-

1867 4363 2068 4432 phetia:
2105 4362 2320 4431 species
2369 4362 2423 4416 in
2449 4362 2537 4415 his
2569 4362 2730 4416 nobis
2762 4361 3127 4415 enumerarit.
3171 4360 3302 4426 Quae
3334 4369 3440 4414 tam

1867 4454 2156 4523 magniﬁce
2223 4463 2388 4523 atque
2429 4454 2615 4507 divine
2665 4453 3042 4523 pronuntiata,
3093 4461 3151 4505 et
3197 4451 3441 4505 omnium

1866 4550 1959 4618 qui
1999 4564 2104 4602 non
2161 4549 2297 4602 tales
2335 4548 2516 4617 qualis
2551 4547 2667 4616 ipse
2701 4548 2960 4618 magister
2988 4547 3092 4602 fuit
3128 4547 3441 4601 facultatem

1867 4640 2207 4710 superantia,
2253 4639 2535 4708 suscipere
2577 4638 2987 4708 interpretanda
3015 4637 3219 4692 audere
3247 4637 3442 4692 saltem

196 4727 397 4791 σκαλος
429 4727 528 4799 τὴν
553 4727 782 4799 δύναμιν
809 4729 1251 4802 ὑπερϐαίνουσιν,
1293 4734 1607 4786 ἐπιϐάλλειν
1648 4735 1761 4788 οίό-

1870 4747 1970 4785 nos
2012 4731 2216 4785 debere
2250 4741 2540 4800 postquam
2566 4730 2701 4784 utile
2735 4731 2918 4783 visum
2951 4737 3056 4789 est.
3096 4729 3442 4798 conjectura-

197 4820 345 4888 μεθα
370 4823 660 4891 χρήσιμον,
686 4823 1076 4892 στοχαστικῶς,
1111 4824 1226 4877 ἀλλ’
1249 4825 1350 4878 οῦκ
1377 4826 1766 4894 ἀποφαντικῶς

193 4908 357 4962 τοῦτο
384 4910 653 4981 ποιητέον.
696 4906 866 4980 Οἶμαι
909 4913 1090 4967 τοίνυν
1148 4915 1522 4986 στοχαστικῶς
1583 4916 1766 4970 εἰπεῖν

196 5003 342 5056 κατά
360 5003 460 5074 τὴν
481 5004 620 5075 ἐμὴν
643 5006 1028 5075 ἀμϐλυωπίαν,
1053 5027 1072 5059 ι
1102 5009 1399 5076 φαντασίαν
1444 5011 1550 5079 ἠμε
1562 5009 1713 5080 ρινὴν
1743 5029 1761 5061 ι

194 5094 363 5149 αὑτὸν
401 5096 683 5167 είρηκέναι
721 5097 820 5167 τὴν
847 5097 954 5151 τῶν
982 5099 1330 5170 ἀπροσὼπως
1357 5103 1470 5164 τοῖς
1491 5101 1664 5169 ἁγίοις
1690 5103 1768 5165 ὡς

195 5185 268 5239 δι’
297 5186 604 5258 αἰσθήσεως
626 5189 976 5258 ἀκουομένων
1008 5191 1397 5261 πνευματικῶς
1435 5193 1529 5246 καὶ
1577 5209 1767 5260 φαινοο

197 5275 378 5345 μένων
407 5277 581 5347 λόγων
614 5281 709 5332 καὶ
730 5283 1072 5352 πραγμάτων
1101 5281 1228 5351 ὖψιν
1259 5300 1319 5336 τε
1358 5283 1455 5336 καὶ
1483 5284 1766 5353 ὲνήχησιν.

195 5365 278 5418 υύ
316 5365 424 5438 γάρ
448 5368 514 5439 δὴ
545 5367 724 5438 λέγειν
767 5370 927 5442 θέμις
979 5373 1072 5426 ἐπὶ
1117 5372 1225 5425 τῶν
1255 5372 1417 5426 θείων
1461 5373 1522 5426 τὸ
1553 5373 1768 5442 θαυμα-

199 5455 328 5510 στδν
344 5458 388 5489 ³⁷
423 5459 640 5522 πάντως
675 5459 788 5513 δεῖν
834 5464 1089 5532 παρεῖναι
1134 5463 1269 5533 πρὸς
1300 5461 1633 5516 διατύπωσιν
1665 5462 1766 5531 τῆς

1872 4824 2000 4878 liter
2025 4823 2150 4886 hoc,
2175 4838 2287 4876 non
2313 4823 2654 4877 enuntiative
2683 4823 2792 4877 erit
2825 4821 3157 4877 faciendum.
3191 4823 3444 4876 Arbitror

1874 4916 2062 4986 igitur,
2085 4925 2144 4969 ut
2179 4914 2312 4983 quid
2344 4916 2593 4983 suspicer
2623 4930 2724 4983 pro
2753 4914 2950 4968 hebete
2976 4931 3096 4968 meo
3123 4924 3180 4967 et
3204 4914 3442 4968 obtunso

1873 5006 2097 5077 ingenio
2130 5005 2367 5070 edicam,
2397 5023 2416 5054 ι
2439 5005 2700 5059 diurnum
2731 5013 3011 5073 spectrum
3035 5025 3053 5056 ι
3084 5020 3208 5058 eum
3239 5004 3441 5059 dixisse

1873 5097 2142 5150 visionem
2175 5105 2230 5150 et
2255 5097 2498 5150 sonitum
2528 5096 2734 5150 sanctis
2763 5095 2897 5150 viris
2924 5106 3180 5164 tanquam
3204 5111 3299 5165 per
3317 5111 3443 5149 sen-

1874 5205 1996 5243 sum
2033 5188 2396 5258 spiritualitcr
2427 5189 2676 5243 auditum
2709 5205 2772 5242 ac
2803 5189 2977 5242 visum
3010 5203 3193 5244 rerum
3228 5203 3292 5242 ac
3323 5205 3443 5242 ver-

1877 5280 2096 5334 borum.
2142 5281 2220 5334 De
2263 5279 2468 5334 divinis
2495 5280 2644 5334 enim
2683 5297 2794 5334 non
2829 5281 2911 5336 fas
2944 5290 3028 5336 cst
3057 5290 3296 5336 statuere
3336 5283 3438 5336 mi-

1874 5373 2123 5426 raculum
2158 5388 2286 5427 vere
2320 5371 2513 5426 adesse
2547 5381 2804 5442 Oportere
2833 5373 2899 5426 ad
2935 5374 3221 5443 imaginem
3253 5373 3440 5444 impri-

1874 5465 2151 5529 mendam,
2192 5464 2288 5519 sed
2328 5464 2470 5518 miro
2500 5464 2740 5534 quodam
2772 5475 2828 5520 et
2876 5465 3098 5521 insolito
3125 5467 3308 5525 modo.
3338 5481 3440 5520 nec

1488 5573 1720 5629 VARIAS
1755 5574 2153 5633 LECTION‘ES.

272 5659 634 5739 "ﬂorentior
667 5677 859 5739 manus
887 5664 1348 5739 vocibavpatstbv
1376 5669 1760 5739 superscripsit
1787 5669 1840 5723 in
1872 5669 2012 5725 Gud.
2049 5671 2185 5723 libro
2217 5686 2372 5738 φαντ,
2403 5685 2514 5738 quo
2545 5669 2841 5739 φανταστὸν
2880 5671 3282 5727 emendandum
3315 5692 3438 5730 esse

201 5728 556 5798 significaret.
589 5732 742 5796 Quod
777 5735 948 5803 magis
980 5728 1178 5803 placet.

273 5846 352 5914 Η)
383 5845 529 5902 ldetu
557 5847 678 5901 ibid.
704 5862 823 5919 cap.
863 5851 942 5916 l9,
976 5865 1029 5920 ι».
1062 5849 1196 5916 310,
1231 5860 1356 5906 tum.
1396 5854 1428 5908 i.
1467 5855 1602 5925 Οιψ.
1637 5854 1749 5911 edit
1805 5854 2008 5910 b‘encd.
