4192 6434
178 378 304 442 1237

1421 377 1939 440 AMBIGUORUM
1981 380 2228 441 LIBER.

3293 356 3429 442 1233

170 488 277 541 τῶν
302 485 588 557 ὀνομάτων
621 485 764 540 κατὰ
806 484 1097 558 περίληψιν
1122 488 1190 542 τά
1224 488 1324 559 μέν
1365 487 1556 552 οὐσίας
1578 485 1742 552 εἶναι,

1871 490 2268 554 'ocabulorum,
2298 488 2344 545 si
2377 489 2862 561 comprehendere
2905 490 3180 556 volumus,
3218 503 3428 562 partem

168 581 238 634 τά
265 579 324 633 δὲ
349 579 609 649 σχέσεως,
646 580 715 634 τά
757 579 815 633 δέ
844 579 1066 652 χάριτος
1101 581 1136 652 ἢ
1171 579 1468 645 ἀπωλείας.
1503 577 1630 637 Οἷον
1667 583 1752 635 οὑ-

1852 582 2173 638 substantia:
2198 597 2344 647 esse,
2384 592 2599 651 partem
2630 581 2963 646 aﬁ‘ectionis,
2996 591 3210 651 partem
3237 585 3429 654 gratia:

172 672 293 735 στας
328 673 449 742 μὲν,
486 671 568 735 ὡς
598 672 728 726 ὅταν
769 671 1005 741 λέγωσιν
1048 690 1068 724 ι
1101 672 1412 744 ἄνθρωπος·
1447 692 1466 725 ι
1511 674 1750 745 σχέσεως

1871 683 1948 728 ιιιι
1981 674 2270 744 perniciei.
2313 673 2486 740 Quale
2525 683 2632 740 est,
2688 675 3017 730 substantiae
3066 676 3320 746 quidem,
3372 687 3432 732 ut

165 763 244 828 δὲ,
275 761 354 826 ὡς
377 763 506 816 ὅταν
546 763 785 831 λέγωσιν
819 782 838 816 ι
873 763 1101 832 ἀγαθὸς,
1125 783 1145 816 ι
1188 764 1221 835 ἢ
1252 765 1442 834 ἆγιος,
1475 783 1493 816 ι
1520 764 1554 836 ἢ
1587 766 1752 834 σοφὸς

1871 778 1976 816 :um
2030 765 2225 820 dicunt
2274 783 2293 817 ι
2328 765 2523 831 Ιιοιηο;
2559 785 2577 816 ι
2627 765 2948 821 aﬁ‘ectionis
2982 782 3136 833 vero,
3187 777 3248 822 ut
3300 784 3426 824 cum

167 853 477 924 ἄνθρωπος,
508 873 527 905 ι
557 854 590 924 ἢ
624 853 683 908 τὸ
713 854 954 909 ἐναντίον
988 875 1006 907 ι
1040 855 1280 927 πονηρὸς
1311 856 1620 927 ἄνθρωπος,
1651 877 1670 909 ι
1715 857 1750 928 ἢ

1871 854 2046 910 licunt
2107 875 2126 907 ι
2157 858 2358 922 bonus,
2404 877 2422 909 ι
2483 858 2567 912 vel
2617 877 2634 909 ι
2667 868 2914 920 sanctus,
2947 879 2965 911 ι
3019 860 3105 914 vel
3154 879 3173 912 ι
3209 861 3460 934 sapiens.

171 965 192 997 ι
239 945 455 1016 ἄφρων,
488 946 568 1017 »ἦ
607 965 626 998 ι
659 947 991 1018 ἀκάθαρτοςο
1033 967 1052 1000 ι
1086 947 1170 1019 (τὸ
1210 947 1320 1020 γὰρ
1360 951 1498 1020 πρός
1534 949 1588 1002 τί
1633 967 1751 1013 πως

166 1037 317 1108 ἔχειν
346 1037 456 1092 τῶν
483 1039 548 1092 ἐκ
573 1039 872 1112 δ.αμέτρου
913 1043 1030 1106 τοῖς
1057 1043 1324 1107 ἐναντίοις
1348 1036 1751 1115 διειλημμένων

164 1131 403 1184 ἕκαστον
437 1132 470 1201 ὴ
499 1133 682 1203 σχέσις
713 1133 1038 1204 παριστῶσα
1069 1134 1292 1198 δικαίως
1315 1135 1374 1203 ἐξ
1411 1131 1487 1189 ὧν
1518 1135 1630 1207 ἔχει
1651 1138 1754 1207 τὴν

167 1222 570 1294 προαιρετικὴν
593 1222 709 1288 ἕξιν
741 1224 1050 1280 ἐνδιάθετον
1079 1227 1502 1298 προσαγορεύει)
1526 1229 1754 1300 χάριτος

164 1313 246 1376 δέ,
278 1313 409 1367 ὅταν
447 1315 580 1380 Θεὸς
610 1318 640 1369 ὁ
683 1315 970 1388 ἄνθρωπος
995 1320 1109 1382 τοῖς
1135 1318 1313 1388 λόγοις
1337 1319 1702 1392 ὀνομάζηται,
1723 1323 1753 1374 ὁ

163 1405 259 1457 διὰ
301 1406 520 1460 πάντων
544 1407 782 1478 ὑπήκοος
801 1408 923 1479 Θεῷ
950 1409 1242 1480 γενόμενος
1276 1409 1587 1482 ἄνθρωπος,
1612 1411 1755 1466 κατά

167 1498 254 1556 τὸ.
283 1498 433 1568 Ἐγὼ
450 1495 610 1566 cina,
633 1500 769 1555 Θεοί
787 1501 949 1567 ἐστε,
972 1499 1097 1554 οὕτε
1118 1503 1258 1557 κατά
1278 1502 1440 1571 φύσιν
1462 1503 1588 1557 οὔτε
1609 1504 1752 1559 κατά

169 1592 362 1661 σχέσιν
391 1593 530 1663 ἔχων
572 1593 634 1647 τὺ
683 1589 823 1647 εἶναι
853 1594 886 1665 ἢ
923 1594 1209 1649 καλεῖσθαι
1245 1596 1400 1662 Θεὸς,
1444 1597 1581 1652 ἀλλὰ
1609 1600 1752 1654 κατά

167 1682 329 1736 θέσιν
387 1685 480 1737 καὶ
521 1685 682 1755 χάριν
713 1685 1006 1756 γενόμενός
1038 1703 1099 1739 τε
1133 1687 1230 1741 καὶ
1254 1689 1681 1759 ὀνομαζόμενος·
1720 1693 1753 1761 ἡ

168 1775 286 1847 γάρ
327 1775 486 1846 χάρις
522 1777 622 1846 τῆς
667 1777 872 1842 θέσεως
917 1778 1150 1849 ἀσχετός
1200 1781 1319 1834 ἐστι
1379 1782 1752 1847 παντάπασιν,

167 1867 277 1920 οὐκ
304 1866 506 1938 ἔχουσα
535 1869 636 1938 τὴν
657 1869 873 1924 οἱανοῦν
892 1870 1150 1944 δεκτικὴν
1183 1873 1386 1944 ἑαυτῆς
1419 1876 1478 1927 ὲν
1505 1877 1572 1945 τῇ
1599 1874 1760 1944 φύσει

169 1958 432 2029 δύναμιν,
478 1960 605 2014 ἐπεὶ
641 1961 742 2015 οὑκ
774 1961 857 2016 ἐτι
896 1963 1056 2034 χάρις
1083 1964 1255 2028 ἐστὶν,
1308 1964 1447 2019 ἀλλὰ
1480 1965 1580 2035 τῆς
1619 1967 1762 2021 κατά

172 2048 280 2118 τὴν
312 2049 546 2120 φυσικὴν
571 2049 803 2121 δύναμιν
827 2051 1111 2122 ἐνεργείας
1137 2053 1463 2125 φανέρωσις.
1488 2056 1597 2108 Καὶ
1617 2055 1762 2110 οὕτω

173 2157 241 2206 γε
273 2141 436 2194 πάλιν
463 2141 563 2193 οὑκ
595 2140 750 2196 ἔσται
781 2142 1083 2214 παράδοξον
1119 2143 1178 2197 τὸ
1203 2144 1509 2214 γινόμενον,
1546 2149 1763 2202 εἰκατά

173 2231 437 2302 δεκτικὴν
479 2232 696 2302 φύσεως
721 2234 957 2306 δύναμιν
996 2238 1030 2304 ἠ
1062 2235 1256 2302 θέωσις
1285 2233 1374 2309 ἦν.
1404 2238 1624 2304 Φύσεως
1655 2244 1764 2313 γάρ

176 2321 247 2375 ἂν
284 2323 512 2387 εἰκότως
538 2325 720 2396 ἔργον,
738 2326 852 2378 ἀλλ’
876 2326 938 2380 οὑ
961 2326 1098 2380 Θεοῦ
1114 2327 1285 2398 δῶρον
1306 2332 1340 2399 ὴ
1365 2330 1563 2395 θέωσις
1588 2331 1761 2399 ἔσται,

179 2415 278 2468 καὶ
311 2416 604 2486 δυνήσεται
635 2418 732 2472 καὶ
767 2417 955 2490 (194
999 2419 1055 2490 α’)
1104 2418 1268 2488 φύσει
1304 2420 1439 2485 Θεὸς
1476 2424 1766 2499 ῥτοιοῦτος

179 2505 328 2563 εἶναι
354 2511 451 2562 καὶ
486 2511 696 2582 κυρίως
741 2511 1274 2584 προσαγορεύεσθαι.
1316 2514 1482 2569 Οὐδὲν
1506 2516 1612 2587 γάρ
1639 2518 1767 2570 ἄλλο

180 2599 528 2673 καθέστηκεν
559 2603 593 2672 ἠ
621 2603 763 2656 κατά
797 2601 964 2670 φύσιν
1003 2603 1112 2656 τῶν
1138 2603 1309 2658 ὄντων
1333 2606 1564 2659 ἑκάστου
1605 2607 1758 2659 δύνα-

181 2710 278 2763 μις
313 2693 346 2762 ἢ
375 2693 594 2764 φύσεως
637 2694 777 2764 προς
811 2695 1093 2766 ἐνέργειαν
1139 2696 1497 2767 ἀπαράϐατος
1533 2696 1766 2768 κίνησις.

182 2785 311 2850 Πῶς
338 2787 395 2841 δέ
434 2787 528 2840 καὶ
561 2788 837 2858 ἐξίστησιν
871 2787 1069 2842 ἐαυτοῦ
1099 2789 1191 2843 τὸν
1225 2789 1516 2860 θεούμενον
1561 2792 1594 2861 ἡ
1631 2790 1768 2844 θέω-

184 2895 295 2941 σις,
343 2879 391 2930 εί
433 2880 546 2941 τοῖς
588 2879 737 2949 ὅροις
774 2879 872 2948 τῆς
921 2879 1138 2948 φύσεως
1182 2880 1322 2951 αὑτὴ
1373 2881 1767 2952 περιείληπτο,

184 2971 426 3025 συνιδεῖν
453 2970 554 3024 οὑκ
597 2970 728 3042 ἔχω.
776 2971 1054 3036 Ὡσαύτως
1078 2972 1136 3026 δὲ
1166 2973 1261 3027 καὶ
1292 2975 1356 3028 ἐκ
1392 2974 1488 3028 τοῦ
1521 2975 1768 3028 ἐναντίου

182 3060 466 3115 ἀπώλειαν
523 3061 617 3115 καὶ
671 3063 838 3134 ᾅδην,
894 3065 992 3119 καὶ
1038 3065 1189 3129 υίοὺς
1233 3065 1534 3134 ἀπωλείας,
1568 3067 1665 3121 καὶ
1703 3067 1771 3121 τά

1853 947 2040 1012 homo,
2075 968 2092 1000 ι
2134 958 2232 1004 aut
2273 951 2615 1006 contrarium
2648 953 2780 1006 huic
2825 971 2843 1003 ι
2872 954 3049 1008 malus
3085 953 3275 1018 homo,
3306 975 3325 1007 ι
3348 957 3434 1011 vel
3525 938 3533 946 ⁸

1860 1059 1879 1092 ι
1911 1040 2197 1109 insipiens,
2228 1058 2248 1092 ι
2287 1042 2374 1095 vel
2403 1041 2734 1112 «impurus»
2773 1041 2861 1113 (ad
2901 1044 3112 1113 aliquid
3153 1046 3303 1100 enim
3343 1035 3453 1101 ali--

1853 1131 2130 1202 quomodo
2175 1148 2234 1187 se
2266 1132 2470 1188 habere
2507 1149 2701 1189 eorum
2739 1150 2864 1204 quae
2891 1136 3184 1208 contrariis
3228 1137 3439 1193 directe

1826 1222 2062 1278 distant
2109 1222 2541 1293 unumquodque
2584 1223 2809 1280 aﬁ‘ectio
2854 1224 2973 1280 sive
3008 1226 3202 1282 relatio
3234 1242 3453 1298 reprzea

1794 1299 1800 1304 ’
1855 1323 2080 1368 sentans
2125 1315 2252 1385 jure
2289 1330 2356 1368 ex
2387 1313 2594 1391 quibus
2635 1317 2941 1372 voluntatis
2969 1317 3219 1374 habitum
3275 1319 3444 1376 habet

1858 1402 2008 1459 intus
2031 1415 2359 1476 conceptum
2388 1399 2672 1477 appellat),
2703 1409 2892 1477 gratia:
2938 1424 3090 1472 vero,
3120 1425 3248 1464 cum
3276 1410 3444 1464 homo

1857 1496 2003 1552 Deus
2039 1497 2095 1551 in
2127 1499 2480 1554 sermonibus
2523 1500 2858 1569 appellatur,
2915 1502 3080 1557 homo
3121 1518 3222 1571 per
3257 1502 3444 1556 omnia

1855 1588 1971 1642 Deo
2003 1589 2269 1645 obediens
2299 1590 2498 1657 factus,
2531 1591 2854 1647 secundum
2897 1592 3032 1647 illud
3065 1611 3080 1647 :
3135 1591 3250 1664 Ego
3295 1595 3442 1649 dixi:

1858 1680 1947 1735 Dii
1985 1683 2108 1736 estis
2144 1684 2192 1746 ε,
2220 1698 2326 1737 nec
2381 1692 2580 1739 natura
2629 1700 2732 1740 nec
2771 1684 3068 1754 aﬁ‘ectione
3111 1686 3284 1740 Deum
3320 1701 3444 1741 esse

1863 1782 1960 1828 aut
1980 1773 2244 1844 appellari
2267 1773 2501 1840 habens,
2535 1776 2632 1830 sed
2659 1776 2941 1846 positione
2975 1784 3033 1830 et
3065 1777 3242 1847 gratia
3268 1775 3447 1832 factus

1863 1874 1919 1920 et
1948 1866 2291 1936 appellatus;
2316 1866 2608 1936 positionis
2623 1869 2773 1923 enim
2797 1871 2971 1939 gratia
2995 1869 3293 1924 aﬁ‘ectione
3325 1884 3445 1924 om-

1861 1956 1994 2012 nino
2025 1968 2202 2023 caret,
2251 1973 2358 2014 nec
2381 1959 2551 2015 habet
2577 1963 3031 2032 qualemcunque
3059 1962 3147 2017 sui
3182 1975 3443 2032 capacem

1864 2050 1919 2104 in
1945 2059 2140 2105 natura
2166 2060 2516 2120 potestatem,
2553 2069 2683 2107 cum
2711 2070 2821 2108 non
2849 2055 3089 2123 amplius
3132 2054 3309 2124 gratia
3346 2054 3443 2116 sit,

1864 2141 1958 2198 sed
1989 2143 2210 2197 virtutis
2241 2145 2481 2199 naturali
2513 2145 2775 2200 facultate
2807 2146 3023 2216 agentis
3060 2156 3120 2202 et
3155 2146 3448 2202 eﬁicientis

1865 2232 2258 2289 manifestatio.
2289 2236 2472 2306 Atque
2501 2236 2584 2291 sic
2615 2252 2840 2291 rursum
2869 2237 3021 2306 quod
3059 2238 3121 2291 ﬁt
3151 2237 3299 2292 haud
3335 2237 3445 2291 mi-

1868 2340 1992 2378 rum
2027 2329 2156 2389 erit,
2189 2326 2233 2378 si
2265 2342 2363 2394 per
2395 2342 2656 2396 capacem
2699 2337 2912 2382 natura
2957 2327 3277 2382 facultatem
3323 2325 3447 2381 dei-

1869 2410 2056 2470 ﬁcatio
2084 2417 2249 2471 foret.
2297 2417 2518 2473 Naturae
2563 2417 2713 2473 enim
2766 2420 3135 2488 probabiliter
3183 2436 3348 2490 opus.
3393 2429 3450 2475 at

1869 2524 1978 2561 non
2013 2508 2108 2564 Dei
2134 2509 2342 2564 donum
2369 2511 2649 2566 deiﬁcatio
2683 2521 2854 2575 esset,
2880 2523 2938 2567 et
2982 2513 3108 2568 talis
3137 2513 3308 2568 etiam
3353 2529 3451 2568 na-

1871 2610 1993 2656 tura
2024 2603 2172 2657 Deus
2199 2603 2318 2659 ﬁeri
2343 2606 2727 2676 appellarique
2777 2607 3003 2676 proprie
3049 2616 3258 2677 posset.
3301 2607 3450 2664 Nihil

1869 2697 2020 2750 enim
2063 2697 2215 2751 aliud
2243 2708 2328 2753 est
2369 2700 2643 2755 naturalis
2674 2716 2860 2755 rerum
2891 2718 3015 2770 qua:
3043 2703 3322 2756 exsistunt
3355 2715 3454 2757 cu-

1865 2789 2064 2858 jusque
2091 2788 2322 2844 facultas
2345 2805 2512 2859 quam
2545 2800 2759 2844 natura:
2784 2790 2850 2844 ad
2880 2791 3155 2860 agendum
3179 2799 3453 2860 perpetua

1870 2880 2060 2934 motio.
2093 2880 2382 2945 Quomodo
2404 2890 2590 2935 autem
2619 2881 2903 2957 deiﬁcatio
2930 2897 3059 2936 eum
3099 2881 3194 2950 qui
3219 2880 3450 2949 deiﬁca—

1874 2978 1964 3024 tur
1990 2986 2022 3024 a
2052 2985 2112 3024 se
2157 2970 2276 3042 ipso
2309 2971 2540 3035 alienet,
2591 2971 2636 3026 si
2697 2986 2763 3026 ea
2806 2980 3020 3026 natura;
3067 2971 3273 3026 ﬁnibus
3299 2986 3453 3026 com-

1874 3059 2148 3130 prehensa
2177 3068 2322 3123 erat,
2361 3061 2467 3116 hoc
2507 3061 2824 3132 intelligere
2859 3077 2967 3115 non
3005 3054 3252 3131 possum.
3277 3060 3455 3131 Eque

182 3150 415 3204 τοιαῦτα
442 3153 914 3224 προσαγορεύουσι
962 3155 1091 3219 τοὺς
1119 3156 1182 3209 τὸ
1211 3156 1286 3227 μὴ
1316 3156 1375 3211 ὒν
1419 3159 1560 3212 κατὰ.
1593 3159 1771 3212 διάθεο

1875 3166 2008 3205 vero
2031 3151 2199 3204 etiam
2230 3165 2300 3205 ex
2335 3151 2618 3206 contrario
2639 3152 2945 3220 perniciem
2974 3160 3032 3206 et
3065 3152 3368 3216 infernum,
3401 3163 3459 3208 et

194 3260 279 3296 σιν
319 3245 534 3308 ἑαυτοῖς
564 3245 1002 3315 ὑποστήσαντας,
1027 3248 1122 3300 καὶ
1151 3249 1266 3311 τοῖς
1290 3250 1514 3318 τρόποις
1543 3249 1696 3320 αὑτῷ
1731 3255 1775 3283 ²¹¹

185 3333 281 3388 διὰ
321 3335 540 3389 πάντων
570 3337 906 3408 γενομένους
951 3343 1350 3410 παρεμφερεῖς.
1396 3338 1566 3411 Οἶμαι
1595 3342 1777 3397 τοίνυν

185 3427 282 3480 τὸν
321 3427 478 3496 ἆγιον
513 3428 704 3483 τοῦτον
737 3432 833 3482 καὶ¹
872 3430 1048 3501 μέγαν
1085 3431 1410 3488 διδάσκαλον
1432 3435 1525 3488 ἐπὶ
1550 3434 1676 3488 νοῦν
1709 3438 1778 3490 τά

189 3521 569 3591 προειρημένα
605 3520 839 3575 λαϐόντα
867 3522 966 3593 τὴν
1010 3525 1072 3578 ἐν
1117 3525 1331 3589 τούτοις
1381 3528 1640 3599 ἁρπαγὴν
1681 3529 1777 3582 τοῦ

192 3612 356 3678 ἁγίου
399 3613 723 3665 Ἀποστόλου
768 3613 1163 3678 διασκευάσαι,
1220 3619 1516 3687 προσφυῶς
1561 3621 1778 3690 ἑκάστῳ

190 3703 292 3772 τὴν
319 3703 668 3772 ἁρμόζουσαν
697 3705 882 3778 φωνὴν
905 3707 1304 3778 ἀπονείμαντα.
1344 3711 1435 3762 Διὸ
1463 3728 1481 3761 ι
1511 3711 1768 3781 πρόοδον»

193 3797 297 3866 μὲν
336 3797 500 3850 αὑτὸν
531 3798 745 3852 ὑπονοῶ
780 3799 961 3868 λέγειν
986 3801 1084 3870 τὴν
1121 3801 1228 3867 ἔξω
1259 3803 1358 3872 τῆς
1383 3806 1619 3872 φυσικῆς
1639 3807 1774 3860 ἀνά-

191 3905 337 3959 γκης
379 3889 469 3941 τὸν
500 3889 654 3957 ἀγιον
693 3890 1018 3944 Ἀπόστολον
1050 3894 1481 3961 καταστήσασαν
1513 3895 1612 3966 τῆς
1650 3897 1780 3967 ἀρε-

190 3982 296 4049 τῆς
329 3981 474 4036 κατὰ
505 3981 604 4054 τὴν
632 3982 745 4050 ἕξιν
767 3983 1058 4051 ἀπάθειαν,
1082 3984 1204 4038 καθ’
1229 3986 1294 4056 ῆν
1317 3986 1578 4057 οὐδεμίαν
1607 3987 1780 4041 εἵλετο

193 4074 336 4144 πρὸς
379 4073 480 4145 τὴν
525 4075 688 4144 φύσιν
734 4075 879 4146 ἔχειν
919 4077 1297 4148 προαιρέσεως
1325 4078 1532 4147 σχέσιν,
1563 4079 1638 4142 ὡς
1686 4081 1780 4134 καὶ

192 4165 373 4233 αὐτῆς
400 4165 499 4235 τῆς
520 4164 642 4220 κατ’
666 4165 921 4237 αἴσθησιν
960 4169 1199 4238 φυσικῆς
1233 4169 1515 4237 ἐνεργείας
1550 4171 1656 4236 ἔξω
1689 4188 1781 4238 γε-

194 4258 444 4322 νόμενον,
501 4257 702 4328 μᾶλλον
739 4259 797 4314 δέ
840 4260 938 4314 καὶ
979 4260 1184 4330 ταύτην
1227 4261 1364 4330 πρὸς
1399 4265 1778 4336 πνευματικὴν

192 4350 315 4415 ἕξιν
372 4351 767 4421 μεταϐαλόντα³
807 4370 824 4402 ι
863 4352 1129 4406 ἀνάϐασιν
1168 4372 1186 4404 ι
1218 4353 1274 4407 δὲ
1323 4361 1424 4425 τὴν
1451 4372 1512 4408 τε
1555 4356 1664 4409 τῶν
1696 4358 1781 4411 aio

195 4443 417 4514 σθητῶν
448 4444 666 4497 πάντων
704 4445 1013 4514 ἀπόλειψιν,
1047 4447 1149 4499 οὑκ
1201 4446 1282 4499 ἔτι
1331 4447 1700 4516 ἐνεργούντων
1745 4451 1777 4519 ἣ

193 4535 616 4605 ἐνεργουμένων
668 4535 801 4606 παρ’
845 4534 997 4605 αὑτῷ
1039 4536 1181 4590 κατά
1228 4535 1326 4606 τὴν
1361 4537 1614 4606 αἴσθησιν
1637 4578 1653 4600 ,
1688 4541 1781 4592 καὶ
1817 4519 1858 4572 D

193 4627 302 4696 τῆς
343 4627 474 4698 περὶ
519 4626 658 4680 αὐτὰ
697 4627 841 4680 κατὰ
870 4627 1034 4698 φύσιν
1077 4629 1135 4680 ἐν
1165 4627 1440 4696 πνεύματι
1472 4633 1782 4699 γνωστικῆς

195 4719 441 4789 θεωρίας
476 4719 812 4791 ὑπέρϐασιν·
839 4737 858 4770 ι
898 4719 1166 4791 ἀνάληψις
1197 4738 1215 4772 ι
1249 4719 1428 4791 δὲτὴν
1457 4721 1516 4773 ἐν
1540 4721 1620 4791 τῷ
1658 4722 1778 4792 Θεῴ

194 4811 504 4883 γενομένην
527 4811 678 4882 αὑτῷ
714 4813 854 4883 μετά
895 4811 1065 4866 ταῦτα
1120 4813 1290 4882 μονήν
1318 4829 1377 4866 τε
1423 4812 1519 4866 καὶ
1549 4813 1782 4884 ἵδρυσιν,

197 4907 268 4975 ἣν
299 4903 628 4975 προσφόρως
660 4923 678 4954 ι
700 4902 984 4974 ἀνάληψιν
1019 4923 1037 4955 ι
1075 4905 1104 4956 ὁ
1136 4904 1458 4968 διδάσκαλος
1501 4899 1674 4969 εἶπεν,
1708 4906 1784 4969 ὡς

196 4996 446 5051 παθόντα
482 4995 683 5066 μᾶλλον
707 4996 740 5066 ἢ
765 4997 1040 5068 δράσαντα
1068 4997 1158 5050 τὸν
1186 4997 1510 5050 Ἀπόστολον
1534 4998 1633 5068 τὴν
1655 4997 1787 5050 ἀνά-

196 5088 369 5156 ληψιν
402 5087 835 5158 ἐνδεικνύμενος.
888 5089 952 5140 Ἦ
991 5088 1259 5160 ἀνάληψις
1294 5086 1404 5158 γὰρ
1447 5087 1616 5150 πάθος
1671 5089 1790 5141 ἐστὶ

196 5181 302 5235 τοῦ
335 5180 890 5252 ἀναλαμϐανομένου,
941 5180 1130 5253 (194
1178 5181 1228 5250 b)
1291 5181 1545 5252 ἐνέργεια
1591 5180 1650 5233 δὲ
1690 5180 1787 5234 τοῦ

199 5273 705 5344 ἀναλαμϐάνοντος.
765 5269 868 5328 Ὧν
924 5272 1215 5344 τοιγαροῦν
1271 5273 1520 5342 φυσικῶν
1584 5290 1644 5326 τε
1696 5276 1792 5327 καὶ

201 5365 480 5437 σχετικῶν
510 5367 792 5438 ὀνομάτων
836 5368 1052 5438 ὑπῆρχε
1105 5368 1310 5439 Κύριος
1348 5368 1377 5419 ὁ
1437 5365 1788 5429 ’Δπόστολος,

201 5461 354 5515 κατά
375 5478 437 5514 τε
467 5462 629 5531 φύσιν
661 5461 756 5515 καὶ
787 5461 974 5532 σχέσιν
1003 5461 1248 5532 ὑπερέϐη
1279 5461 1379 5531 τὴν
1412 5459 1625 5530 κλῆσιν,
1647 5459 1790 5528 ὑπὲρ

202 5557 377 5625 φύσιν
397 5557 491 5608 καὶ
515 5555 716 5627 ἀρετὴν
745 5555 840 5609 καὶ
870 5555 1074 5625 γνῶσιν
1099 5555 1450 5626 ἀνθρωπίνην
1475 5553 1790 5622 γενόμενος.

284 5709 309 5747 s
340 5699 495 5754 Joan.
526 5714 577 5759 κ,
610 5698 699 5751 3t.

1877 3240 2145 3310 perniciei
2180 3241 2346 3304 ﬁlios,
2407 3250 2466 3295 et
2489 3242 2690 3296 similia
2726 3242 3011 3312 appellant
3049 3256 3149 3298 eos
3173 3243 3271 3312 qui
3306 3243 3458 3312 quod

1879 3349 1988 3387 non
2016 3341 2103 3387 est
2129 3333 2437 3388 secundum
2484 3333 2839 3388 aﬁ'ectionem
2871 3333 2978 3388 sibi
3033 3341 3455 3404 repraesentant,

1879 3427 2242 3497 moribusque
2271 3428 2322 3482 ei
2361 3443 2460 3497 per
2485 3427 2670 3482 omnia
2703 3426 2833 3481 facti
2869 3436 3002 3481 sunt
3031 3442 3318 3497 suppares.
3352 3425 3458 3481 Ar-

1879 3519 2058 3573 bitror
2091 3519 2259 3590 igitur
2293 3520 2443 3575 hunc
2468 3527 2724 3574 sanetum
2751 3529 2808 3574 et
2846 3535 3105 3589 magnum
3133 3519 3458 3588 magistrum

1877 3629 2004 3668 cum
2053 3612 2108 3667 in
2129 3627 2195 3667 ea
2251 3627 2375 3682 quae
2429 3627 2597 3682 supra
2647 3612 2759 3666 dixi
2825 3612 3072 3680 animum
3133 3609 3464 3666 intendisset

1877 3711 2367 3759 commemoratum
2403 3703 2520 3758 illic
2542 3703 2718 3758 sancti
2750 3703 2997 3774 Apostoli
3028 3710 3248 3774 raptum
3295 3718 3458 3757 exor-

1878 3809 2060 3859 nasse,
2091 3803 2218 3864 apte
2251 3809 2408 3849 suam
2444 3793 2647 3865 cuique
2687 3810 2878 3850 γοοοηι
2933 3804 2990 3850 et
3033 3805 3460 3871 consentanea'n

1881 3889 2290 3944 distribuendo.
2343 3889 2524 3956 Quare
2582 3908 2601 3941 ι
2666 3889 3112 3960 progressionem
3159 3909 3177 3941 ι
3239 3885 3462 3959 quidem

1840 4030 1846 4036 .
1879 3994 2009 4034 eum
2041 3979 2226 4034 dicere
2259 3979 2512 4047 suspicor
2570 3978 2797 4033 virtutis
2851 3977 3158 4033 secundum
3209 3979 3463 4034 habitum

1881 4071 2381 4142 impassibilitatcm
2445 4088 2570 4142 quae
2621 4079 2876 4128 sanctum
2927 4071 3252 4142 Apostolum
3308 4082 3466 4128 extra

1884 4165 2186 4219 naturalem
2248 4164 2636 4219 necessitatem
2687 4165 3028 4228 constituat,
3093 4181 3201 4234 qua
3256 4165 3463 4219 nullam

1884 4260 2185 4314 voluntatis
2235 4258 2302 4312 ad
2335 4267 2590 4312 naturam
2629 4258 2952 4313 relationem
3005 4257 3212 4312 habere
3264 4257 3464 4320 voluit,

1882 4368 2008 4406 cum
2033 4363 2189 4409 extra
2219 4351 2391 4420 ipsam
2421 4364 2646 4419 quoque
2672 4349 2977 4403 naturalem
3011 4347 3316 4403 secundum
3336 4363 3466 4402 seu.

1883 4461 2006 4500 sum
2045 4444 2319 4499 actionem
2364 4442 2702 4498 constitutus
2733 4449 2910 4504 esset,
2958 4441 3070 4494 imo
3104 4441 3290 4509 potius
3327 4441 3470 4494 hanc

1887 4551 2108 4608 quoque
2135 4535 2189 4588 in
2224 4533 2566 4604 spiritualem
2593 4534 2839 4587 habitum
2868 4533 3233 4587 convertisset
3269 4549 3282 4585 ε
3319 4551 3339 4583 ι
3380 4547 3471 4587 as-

1890 4629 2207 4683 censionem
2245 4647 2264 4678 »
2309 4642 2444 4680 vero
2473 4626 2719 4679 omnium
2758 4623 3107 4678 sensibilium
3151 4622 3473 4678 derelictio-

1892 4737 2039 4784 nem,
2061 4734 2184 4790 quas
2208 4734 2318 4773 non
2354 4717 2591 4786 amplius
2621 4726 2850 4786 agerent.
2880 4724 2975 4770 aut
2999 4725 3293 4786 agerentur
3312 4714 3378 4790 in
3406 4729 3474 4767 eo

1891 4787 2196 4866 secundum
2223 4824 2472 4869 sensum,
2507 4817 2565 4862 et
2600 4806 2870 4861 naturalis
2903 4806 2957 4860 in
2987 4807 3187 4875 spiritu
3228 4787 3374 4859 circa
3409 4821 3474 4860 ea

1892 4903 2154 4974 gnosticae
2191 4899 2675 4969 contemplationis
2715 4897 3208 4968 transgressionem
3253 4913 3267 4948 :
3323 4914 3341 4945 ι
3383 4911 3474 4950 as-

1891 4994 2262 5064 sumptionem
2295 5011 2313 5044 ι
2341 5007 2474 5046 vero
2503 4991 2560 5044 in
2592 4991 2703 5045 Deo
2725 5005 2849 5060 quae
2880 4989 3110 5058 posthac
3137 4988 3294 5043 ﬁeret
3315 5003 3472 5041 man-
3501 5013 3507 5019 -

1890 5087 2102 5139 sionem
2137 5093 2195 5137 et
2243 5081 2698 5144 aediﬁcationem,
2739 5095 2905 5149 quam
2958 5078 3222 5149 magister
3271 5079 3475 5133 idoneo

1886 5191 2019 5232 sane
2052 5175 2324 5232 vocabulo
2359 5193 2376 5224 ι
2410 5171 2847 5242 assumptionem
2887 5191 2905 5222 ι
2936 5171 3177 5234 vocavit,
3209 5185 3321 5239 quo
3352 5185 3476 5239 pas-

1889 5285 2011 5324 sum
2066 5269 2238 5338 magis
2260 5283 2383 5321 esse
2409 5281 2574 5335 quam
2621 5265 2799 5334 egisse
2842 5263 3277 5333 assumptionem
3326 5263 3477 5332 Apo-

1890 5363 2094 5419 stolum
2127 5360 2483 5432 signiﬁcaret.
2506 5357 2822 5428 Assumptio
2853 5356 3002 5412 enim
3029 5357 3216 5426 passio
3237 5367 3324 5412 est
3352 5359 3475 5425 ejus

1893 5457 1988 5525 qui
2038 5452 2381 5514 assumitur,
2441 5449 2586 5504 actio
2641 5458 2826 5503 autem
2879 5448 3015 5518 ejus.
3065 5447 3162 5516 qui
3216 5447 3470 5501 assumit.

1893 5550 2136 5614 Quorum
2164 5545 2332 5616 igitur
2360 5542 2693 5599 naturalium
2717 5550 2773 5596 et
2803 5539 3152 5595 relativortnu
3186 5538 3475 5594 nominum

1483 5758 1715 5815 νΔΙὶΙλΕ
1757 5754 2156 5814 ιιςιλίιοκιδ.

282 5840 329 5874 ιε
357 5838 493 5894 αὑτὸ
524 5837 648 5894 cod.
681 5836 821 5892 Gud.
