4192 6434
735 415 753 475 l
764 415 867 476 239

1894 415 1956 475 S.
1996 411 2283 475 MAXIMI
2321 412 2831 473 CONFESSORIS

3856 401 3990 464 1240

728 524 988 579 dominus
1044 534 1165 579 erat
1209 522 1542 594 Apostolus,
1584 522 1894 580 secundum
1944 532 2197 577 naturam
2246 530 2303 574 et

2405 517 2481 576 Οὗ
2508 523 2565 576 δὲ
2593 524 2792 593 μᾶλλον
2810 522 3055 594 ἀπείρως
3081 521 3272 575 ἀπέδει
3299 521 3447 574 θείου
3473 519 3764 589 ὀνόματος,
3787 516 3988 568 τούτου

728 615 1075 669 affectionem
1130 624 1505 684 transgressus
1555 626 1644 670 est
1693 614 2137 687 appellationem,
2177 627 2303 666 cum

730 714 982 759 naturam
1011 714 1066 758 et
1092 706 1351 759 virtutem
1396 715 1452 760 et
1483 706 1854 777 cognitionem
1883 705 2180 758 humanam
2214 718 2309 756 su-

732 805 992 865 perasset.
1027 795 1147 862 Quo
1175 804 1359 850 autem
1392 800 1565 868 magis
1593 797 1814 851 carebat
1858 795 2074 849 inﬁnite
2113 794 2304 848 divino

729 890 973 952 nomine,
1005 888 1168 958 hujus
1186 905 1285 957 per
1298 890 1527 958 gratiam
1551 888 1902 959 participavit
1934 886 2301 948 vocationem,

726 993 850 1029 cum
912 977 1057 1030 Deus
1107 992 1218 1045 pra:
1270 978 1419 1030 omni
1468 986 1710 1039 extero,
1760 975 1910 1045 quod
1964 972 2301 1035 adhaerebat,

726 1066 948 1118 nomine
978 1077 1035 1119 et
1067 1065 1302 1119 naturali
1341 1074 1397 1118 et
1429 1063 1661 1117 relativo
1695 1062 1875 1117 factus
1908 1070 2057 1117 esset
2092 1075 2307 1115 assum-

728 1156 917 1224 ptione
943 1165 999 1209 et
1027 1166 1343 1211 vocaretur.
1374 1156 1482 1208 Aut
1511 1155 1679 1209 etiam
1709 1169 1904 1208 rursus
1937 1154 2012 1207 ita
2053 1168 2067 1204 :
2107 1171 2125 1203 ι
2165 1152 2305 1207 Pro~

727 1247 935 1317 gressio
966 1268 984 1299 ι
1018 1246 1241 1317 quidem
1267 1256 1351 1300 est
1375 1248 1535 1316 plena
1570 1246 1876 1302 secundum
1898 1245 2163 1299 virtutem
2201 1259 2305 1298 na-

731 1351 866 1395 tura:
894 1340 1258 1402 renuntiatio,
1309 1358 1328 1389 ‹
1364 1339 1614 1394 ascensio
1659 1357 1678 1390 ι
1730 1352 1864 1393 vero
1897 1345 1982 1392 est
2014 1351 2203 1391 eorum
2250 1335 2304 1388 in

728 1432 931 1501 quibus
984 1442 1179 1484 natura
1229 1439 1313 1483 est
1368 1429 1770 1497 transgressio,
1825 1427 2006 1482 locum
2058 1427 2303 1495 inquam.

727 1531 783 1574 et
819 1531 1054 1589 tempus,
1090 1520 1144 1572 in
1177 1520 1381 1589 quibus
1428 1533 1614 1572 rerum
1656 1533 1781 1587 qua:
1820 1527 1949 1571 sunt
1995 1515 2306 1570 substantia

726 1621 979 1675 constat;
1019 1631 1036 1662 ι
1070 1610 1373 1679 assumptio
1411 1628 1430 1661 ι
1471 1624 1605 1663 vero
1649 1609 1717 1663 ad
1764 1622 1892 1663 eum
1936 1616 2042 1668 est,
2076 1621 2145 1659 ex
2195 1621 2307 1676 quo

726 1714 919 1757 uincta
949 1712 1003 1757 et
1031 1718 1131 1773 per
1161 1718 1325 1772 quem
1358 1708 1413 1756 et
1444 1702 1499 1754 in
1523 1716 1711 1770 quem,
1742 1710 2001 1769 tanquam
2035 1698 2104 1751 ad
2136 1699 2305 1751 linem

725 1810 911 1849 rerum
947 1796 1191 1848 omnium
1241 1809 1341 1861 per
1380 1794 1611 1863 gratiam
1669 1791 1973 1847 restitutio.
2021 1789 2091 1844 Et
2143 1790 2308 1842 aliter

724 1887 905 1941 dicam
940 1904 953 1939 :
988 1904 1005 1937 ι
1033 1884 1356 1955 Progressio
1390 1904 1410 1936 ι
1443 1900 1543 1954 per
1569 1883 1893 1953 practicam,
1925 1896 2049 1952 qua:
2078 1880 2303 1943 dicitur,

724 1976 1127 2047 philosophiam
1180 1985 1267 2029 est
1316 1975 1371 2029 in
1413 1974 1678 2029 virtutem
1726 1972 1992 2027 deductio
2023 2011 2040 2037 ,
2100 1979 2161 2024 ut
2198 1985 2305 2039 qua

724 2067 989 2136 magister
1016 2066 1316 2134 Apostolus
1358 2074 1647 2134 promovet
1690 2064 2034 2133 discipulos;
2075 2079 2202 2117 nam
2249 2063 2305 2117 in

722 2158 982 2211 omnibus
1024 2156 1282 2227 magister
1312 2156 1641 2211 antecedere
1695 2156 1862 2212 debet
1898 2156 2192 2225 discipulis
2234 2155 2302 2209 ad

721 2250 931 2319 agenda
961 2264 1024 2303 ea
1056 2264 1178 2318 qua:
1214 2248 1414 2304 decent
1451 2266 1463 2302 :
1511 2268 1531 2302 ι
1590 2249 1843 2304 ascensio
1883 2268 1902 2301 ι
1943 2264 2077 2303 vero
2116 2248 2299 2318 perita

722 2342 997 2395 rationum
1025 2341 1191 2396 rebus
1221 2340 1654 2395 inhabitantium
1686 2356 1788 2410 per
1808 2341 2121 2396 naturalem
2163 2356 2301 2394 con-

723 2433 1135 2503 templationem
1169 2431 1592 2502 comprehensio
1628 2447 1644 2485 :
1691 2450 1710 2482 ‹
1748 2432 2057 2502 assumptio
2088 2451 2107 2484 ι
2140 2431 2302 2486 deni-

720 2540 828 2594 que
861 2524 952 2593 pia
1000 2538 1149 2577 verte
1195 2534 1251 2578 et
1308 2523 1631 2593 theologicae
1685 2522 1976 2591 sapientia:
2032 2522 2299 2587 initiatio,

720 2632 843 2685 quin
872 2616 1054 2685 qualis
1076 2617 1149 2670 sit
1179 2615 1350 2669 verbo
1381 2615 1613 2685 exprimi
1650 2631 1762 2669 non
1792 2623 1994 2685 potest.
2046 2614 2300 2669 Tertium

719 2720 905 2762 autem
934 2707 1135 2761 cmlum
1171 2705 1427 2775 suspicor
1449 2720 1574 2760 esse
1603 2703 1743 2760 ﬁnes
1787 2704 2303 2774 eircumscriptivos

719 2796 979 2863 practice
1008 2794 1379 2865 philosophia:
1422 2802 1480 2848 et
1520 2794 1791 2849 naturalis
1823 2795 2303 2863 contemplationis

721 2903 787 2942 ac
812 2887 1137 2958 theologica:
1179 2887 1512 2941 initiationis
1550 2901 1797 2941 summas
1838 2886 2089 2941 rationes
2120 2927 2135 2949 ,
2185 2886 2302 2941 sive

721 2982 915 3034 harum
946 2981 1230 3044 terminos,
1260 2977 1701 3048 quandoquidem
1718 2977 1914 3033 modus
1930 2979 2131 3048 aliquis
2147 2994 2304 3032 com-

721 3068 1128 3137 prehendendae
1154 3078 1211 3122 et
1242 3068 1467 3121 virtutis
1499 3076 1557 3122 et
1590 3078 1806 3121 natura!
1828 3076 1884 3122 et
1912 3083 2034 3137 quae
2066 3068 2121 3122 in
2146 3078 2302 3123 utra.

2408 617 2550 669 κατά
2577 616 2737 686 χάριν
2771 616 3000 687 μετέσχε
3029 614 3128 684 τῆς
3159 613 3428 683 κλήσεως,
3458 613 3591 675 Θεὸς
3628 612 3751 665 ἀντὶ
3785 615 3989 672 παντὸς

2406 707 2569 762 ἄλλον
2602 708 2897 777 προσόντος
2923 706 3188 775 ὀνόματος
3216 702 3450 775 φυσικοῦ
3483 722 3544 757 τε
3588 704 3684 756 κει)⁸
3731 699 3989 770 σχετικοῦ

2405 802 2473 871 τῇ
2506 799 2769 869 ἀναλήψει
2795 799 2891 851 καὶ
2912 798 3211 866 γενόμενος
3258 794 3356 848 καὶ
3398 795 3753 864 καλούμενος,
3792 793 3863 845 ‘ll
3892 791 3989 843 καὶ

2408 892 2569 946 πάλιν
2595 890 2773 944 οὕτω·
2796 909 2815 942 r
2855 889 3086 960 Πρόοδος
3127 908 3144 938 ι
3188 888 3287 959 μέν
3319 889 3468 940 ἐστιν
3501 888 3534 957 ὴ
3570 884 3839 954 παντελὴς
3867 883 3989 934 κατ’

2408 985 2610 1055 ἀρετὴν
2640 986 2741 1053 τῆς
2771 982 2987 1051 φύσεως
3015 981 3266 1050 ἄρνησις,
3312 1000 3329 1030 ε
3369 979 3635 1040 ἀνάϐασις
3675 996 3693 1026 ι
3728 978 3785 1028 δὲ
3807 978 3842 1044 ἡ
3878 974 3990 1026 τῶν

2408 1077 2465 1128 ὲν
2498 1069 2579 1138 οἷς
2612 1076 2760 1127 ἐστιν
2793 1076 2827 1144 ἡ
2869 1074 3031 1141 φύσις
3078 1070 3405 1140 ὕπέρϐασις,
3432 1071 3577 1136 λέγω
3609 1070 3666 1121 δὲ
3699 1069 3868 1121 τόπον
3897 1067 3989 1119 καὶ

2408 1169 2619 1239 χρόνον,
2655 1168 2713 1220 ιν
2740 1161 2822 1230 οἷς
2846 1168 2880 1236 ἠ
2910 1165 3019 1218 τῶν
3046 1165 3217 1217 ὄντων
3264 1164 3415 1215 ἐστὶν
3448 1162 3771 1223 ὑπόστασις,
3817 1175 3837 1208 ι
3867 1157 3990 1209 ἀνά.⁹

2407 1256 2569 1327 ληψις
2607 1276 2624 1307 ι
2658 1256 2715 1309 δὲ
2737 1258 2770 1326 ἡ
2803 1256 2940 1326 πρὸς
2961 1254 3053 1307 τὸν
3087 1253 3147 1319 ἐξ
3171 1246 3233 1306 οὗ
3263 1251 3334 1304 τά
3364 1250 3547 1304 πάντα
3580 1250 3677 1302 καὶ
3703 1248 3773 1301 δι’
3801 1242 3866 1301 οὗ
3895 1246 3990 1298 καὶ

2408 1352 2486 1413 εἰς
2518 1350 2597 1414 δν,
2627 1351 2704 1412 ὡς
2738 1350 2875 1420 πρὸς
2907 1348 3082 1417 πέρας
3113 1346 3223 1398 τῶν
3253 1344 3390 1397 ὅλων
3422 1343 3568 1396 κατά
3587 1341 3751 1411 χάριν
3777 1339 3990 1391 ἀποκα-

2406 1443 2688 1504 τάστασις.
2719 1440 2829 1492 Καὶ
2870 1438 3045 1502 άλλως
3081 1437 3139 1490 δὲ
3185 1435 3374 1504 φάναι,
3411 1451 3429 1484 ι
3466 1431 3691 1503 πρόοδός
3727 1449 3747 1481 ι
3777 1430 3926 1481 ἑστιν
3954 1428 3988 1491 ή

2407 1534 2494 1587 διὰ
2532 1533 2633 1602 τῆς
2669 1531 2983 1602 πρακτικῆς
3023 1528 3341 1598 φιλοσοφίας
3390 1526 3467 1589 ὡς
3513 1523 3841 1578 διδασκάλου
3892 1518 3987 1572 τοῦ

2420 1628 2743 1682 ’Δποστόλου
2768 1626 2878 1679 τῶν
2908 1624 3074 1680 αὐτοῦ
3113 1623 3372 1694 μαθητῶν
3401 1622 3481 1684 είς
3509 1618 3710 1689 ἀρετὴν
3739 1614 3987 1685 προκαθ-

2410 1721 2631 1790 ἡγησιςο
2665 1719 2746 1772 δεῖ
2803 1718 2914 1789 γάρ
2957 1720 3015 1771 ἐν
3048 1716 3213 1769 παντὶ
3247 1712 3694 1785 προπορεύεσθαι
3731 1709 3844 1761 τῶν
3881 1724 3989 1777 μα⁹

2342 1856 2383 1915 Β
2410 1812 2588 1882 θητῶν
2618 1812 2710 1865 τὸν
2762 1810 3101 1875 διδάσκαλον,
3150 1809 3288 1878 πρὸς
3332 1806 3431 1877 τὴν
3475 1804 3585 1858 τῶν
3631 1802 3993 1871 καθηκόντων

2413 1907 2424 1915 .
2480 1905 2493 1915 .
2821 1903 2833 1915 .
2892 1901 2947 1915 .-
3168 1899 3211 1915 ..
3266 1901 3279 1915 .
3325 1898 3349 1915 .
3385 1896 3396 1915 .
3448 1896 3536 1915 ,ί
3670 1892 3961 1915 ____,_,,__.

2410 1905 2725 1974 ἐνέργειαν·
2766 1920 2784 1953 ι
2810 1901 3075 1963 ἀνάϐασις
3107 1919 3125 1951 ι
3165 1899 3221 1951 δὲ
3256 1901 3289 1969 ή
3321 1896 3411 1951 διὰ
3439 1896 3539 1965 τῆς
3583 1896 3825 1962 φυσικῆς
3855 1892 3992 1943 θεω-

2411 1996 2531 2068 ρίας
2576 1992 2977 2063 ἑπιστημονικὴ
3012 1992 3123 2045 τῶν
3160 1991 3218 2042 ἰν
3262 1991 3375 2051 τοῖς
3407 1987 3527 2040 οὖσι
3555 1986 3731 2051 λόγων
3760 1982 3993 2052 περίλη-

2404 2088 2517 2157 ψις,
2542 2105 2562 2138 ι
2597 2084 2867 2155 ἀνάληψις
2891 2102 2909 2134 ι
2947 2083 3004 2137 δὲ
3038 2084 3073 2152 ἡ
3095 2080 3326 2149 εὐσεϐὴς
3349 2078 3448 2148 τῆς
3478 2074 3714 2146 ἀληθοῦς
3739 2075 3836 2127 καὶ
3866 2073 3993 2124 θεο-

2404 2180 2629 2249 λογικῆς
2672 2177 2865 2246 σοφίας
2904 2176 3146 2247 ἀρρητος
3180 2174 3401 2242 μύησις.
3429 2171 3625 2241 Τρίτον
3671 2168 3727 2220 δὲ
3755 2165 3992 2236 οὐρανέν

2406 2272 2548 2326 κατά
2581 2270 2891 2341 στοχασμὸν
2930 2265 3071 2321 εἶναι
3112 2266 3322 2337 νομίζω
3375 2264 3502 2326 τοὺς
3536 2260 3991 2331 περιγράφοντα,

2403 2364 2563 2433 ὅρους
2598 2364 2698 2430 τῆς
2726 2377 2787 2412 τε
2822 2360 3135 2431 πρακτικῆς
3172 2354 3493 2424 φιλοσοφίας
3538 2353 3634 2406 καὶ
3682 2350 3782 2418 τῆς
3826 2365 3993 2418 φυσι-

2403 2455 2507 2523 κῆς
2540 2452 2797 2523 θεωρίας,
2824 2451 2921 2505 καὶ
2947 2450 3048 2519 τῆς
3079 2447 3398 2516 θεολογικῆς
3436 2442 3829 2515 μυσταγωγίας
3860 2439 3992 2500 τοὺς

2404 2547 2775 2615 ὑψηλοτάτους
2791 2545 3007 2613 λόγους,
3040 2544 3160 2613 ἢτοι
3192 2545 3259 2594 τά
3289 2540 3497 2594 τούτων
3519 2538 3757 2609 πέρατα,
3787 2535 3987 2600 ἐπειδὴ

2406 2640 2605 2711 μέτρον
2632 2638 2748 2691 ὲστί
2782 2653 2837 2690 τι
2872 2634 3231 2703 καταλήψεως
3266 2632 3469 2703 ἀρετῆς
3498 2632 3593 2683 καὶ
3640 2628 3858 2697 φύσεως
3890 2624 3989 2677 καὶ

2402 2735 2500 2804 τῆς
2520 2731 2605 2784 ἐπ’
2636 2731 2836 2798 ἀμφοῖν
2863 2725 3163 2794 θεολογίας,
3187 2722 3465 2789 ἀναλόγως
3489 2720 3633 2774 κατά
3657 2720 3820 2786 φύσιν
3850 2718 3986 2768 ἑκά-

2405 2840 2515 2892 στῳ
2537 2819 2721 2890 (195
2760 2820 2814 2885 a)
2846 2817 2954 2869 τῶν
2991 2816 3162 2870 ὄντων
3190 2815 3342 2885 παρὰ
3364 2811 3501 2866 Θεοῦ
3539 2808 3987 2882 προσηρμοσμέ-

2404 2930 2513 2973 νον,
2542 2913 2599 2963 ὲν
2629 2905 2709 2971 οἷς
2736 2910 2884 2978 ὅροις
2906 2906 3001 2958 καὶ
3024 2907 3257 2976 πέρασιν
3283 2904 3312 2955 ὀ
3347 2902 3616 2972 μακάριος
3654 2897 3989 2957 Ἀπὸστολος

2404 3003 2528 3064 τοὺς
2558 2999 2667 3052 τῶν
2700 2997 3008 3068 εἰρημένων
3039 2996 3179 3047 κατά
3216 2993 3280 3046 τὸ
3322 2991 3547 3062 ἐφικτὸν
3572 2986 3863 3059 παρελθὼν
3894 2985 3988 3037 λό-

2403 3106 2535 3159 γους
2562 3088 2804 3155 ἐγένετο.
2840 3088 2901 3139 Εἰ
2927 3086 3036 3154 γάρ
3069 3083 3384 3155 περιγραφὴ
3407 3080 3517 3133 τῶν
3559 3080 3713 3140 ἐντὸς
3738 3076 3989 3144 διειλημ-

720 3173 828 3226 que
861 3159 964 3211 sita
988 3167 1073 3211 est
1103 3157 1391 3227 theologia:
1412 3198 1428 3222 ,
1463 3158 1864 3213 convenienter
1899 3166 1957 3213 et
1996 3158 2299 3213 secundum

2410 3157 2586 3251 μένων
2609 3179 2750 3232 κατά
2778 3176 2940 3246 φύσιν
2970 3176 3117 3229 ἐστὶν
3152 3177 3180 3227 ὁ
3212 3172 3461 3244 οὐρανὸς,
3497 3172 3593 3224 καὶ
3614 3171 3739 3240 ὄρος
3762 3169 3989 3220 πάντων

721 3253 975 3300 naturam
1018 3247 1316 3316 unicuique
1374 3262 1569 3302 eorum
1620 3263 1743 3317 qua:
1788 3259 1919 3305 sunt
1973 3265 2004 3303 a
2057 3250 2171 3305 Deo
2201 3251 2301 3306 ad-

720 3344 945 3405 aptatus
991 3344 1100 3401 est,
1150 3337 1354 3406 quibus
1405 3338 1460 3391 in
1501 3338 1754 3393 terminis
1786 3348 1843 3393 et
1874 3339 2078 3395 ﬁnibus
2105 3342 2303 3398 beatus

718 3433 1015 3500 Apostolus
1051 3448 1244 3487 eorum
1275 3449 1399 3503 quae
1429 3433 1543 3489 dixi
1580 3435 1848 3500 rationes,
1890 3445 2159 3507 quantum
2191 3436 2301 3490 sibi

719 3523 915 3576 liceret
958 3524 1259 3593 superavit.
1292 3524 1429 3578 Nam
1482 3524 1528 3579 si
1566 3540 1760 3580 eorum
1807 3542 1931 3596 quae
1970 3527 2304 3581 naturaliter

720 3613 870 3667 intus
892 3614 1142 3669 continet
1166 3615 1368 3670 celum
1406 3615 1708 3685 descriptio
1746 3627 1852 3682 est,
1898 3633 1963 3672 ac
2010 3618 2137 3672 ﬁnis
2169 3633 2305 3672 cun-

719 3713 934 3757 ctorum
960 3721 1303 3775 quaecunque
1325 3706 1515 3761 sensui
1540 3706 1778 3762 obnoxia
1815 3716 1964 3775 sunt,
1994 3710 2301 3763 secundum

721 3795 1102 3851 sublimiorem
1138 3796 1399 3851 nimirum
1422 3806 1480 3851 et
1498 3797 1785 3867 mysticam
1816 3800 2089 3853 rationem
2119 3800 2303 3852 omnis

718 3905 939 3959 quoque
990 3890 1213 3945 virtutis
1261 3890 1347 3945 vel
1390 3890 1726 3961 cognitionis
1763 3892 2010 3946 rationes
2057 3891 2301 3945 circum-

719 3983 990 4045 scribens,
1020 3998 1144 4051 quae
1168 3997 1522 4053 summopere
1557 3983 1884 4049 reverenda,
1928 3984 2167 4038 cessatio
2193 4022 2208 4047 ,
2242 3992 2304 4038 ut

718 4072 845 4127 ﬁnis
876 4088 1071 4126 eorum
1106 4089 1231 4143 quae
1254 4073 1535 4137 videntur,
1565 4082 1623 4128 et
1650 4074 1926 4127 terminus
1952 4089 2148 4128 eorum
2179 4089 2302 4144 qua;

718 4164 1271 4229 circumscribuntur,
1314 4164 1549 4234 ﬁgurate
1587 4165 1788 4218 caelum
1828 4165 2157 4234 appellatur.
2192 4166 2304 4220 Aut

720 4273 915 4313 rursus
964 4277 983 4310 ι
1022 4258 1246 4312 tertium
1280 4276 1299 4309 ο
1362 4257 1650 4327 Scriptura
1719 4276 1737 4309 ι
1770 4259 1971 4313 caelum
2010 4280 2029 4310 ι
2069 4258 2301 4315 fortasse

719 4352 957 4422 appellat
988 4360 1311 4405 sanctorum
1341 4352 1662 4420 angelorum
1692 4350 1819 4417 tria,
1845 4367 1970 4419 quae
2000 4368 2165 4423 supra
2199 4368 2303 4407 nos

718 4444 913 4497 ordine
952 4458 1173 4497 sursum
1216 4442 1523 4497 escendunt
1560 4452 1765 4503 castra,
1800 4442 1868 4496 ad
1908 4460 2030 4512 qua:
2067 4455 2299 4499 sanctus

718 4535 923 4589 Paulus
962 4535 1199 4590 fortasse
1229 4536 1593 4605 pertransiit,
1644 4538 2024 4607 cognitionum
2075 4552 2299 4590 suarum
2334 4538 2377 4592 D

717 4628 1109 4697 negationibus
1157 4627 1211 4680 in
1253 4627 1477 4681 illorum
1541 4626 1937 4681 aﬁirmationes
1998 4628 2295 4693 initiatus,

716 4728 775 4772 et
808 4718 1100 4787 praecipuis
1129 4717 1477 4785 propriorum
1517 4717 1926 4786 privationibus
1948 4718 2167 4771 illorum
2202 4718 2297 4772 ha-

717 4809 871 4862 bitus
923 4808 1194 4862 imitatus.
1255 4805 1445 4862 Omnis
1498 4809 1647 4862 enim
1696 4809 2056 4863 rationalium
2102 4820 2297 4864 natura

716 4899 1024 4954 secundum
1053 4899 1304 4953 ordinem
1344 4914 1505 4953 suum
1543 4910 1601 4955 et
1652 4898 1967 4956 facultatem
2018 4902 2073 4955 in
2133 4917 2301 4971 supe-

717 4989 883 5044 rioris
914 4990 1032 5058 ipsa
1077 4989 1336 5046 essentia
1387 4998 1443 5044 et
1479 4989 1695 5045 ordinis
1749 4993 2030 5060 gnosticos
2074 4992 2299 5048 habitus

716 5092 775 5138 et
820 5083 1127 5153 positiones
1171 5090 1228 5137 et
1281 5082 1677 5139 allirmationes
1729 5087 2005 5155 prlvative
2043 5088 2300 5144 ablativis

639 5248 645 5254 .
718 5177 833 5231 suis
862 5174 1251 5245 negatiouibus
1290 5175 1541 5231 initiatur
1570 5187 1736 5247 atque
1765 5194 1861 5233 eas
1880 5179 2158 5247 imitatur,
2188 5191 2300 5236 est-

717 5284 826 5337 que
860 5268 1166 5322 secundum
1188 5268 1565 5337 cognitionem
1601 5270 1894 5326 afﬁrmatio
1938 5289 2132 5327 eorum
2176 5289 2299 5344 qua:

716 5359 1067 5427 superjacent
1089 5374 1285 5413 eorum
1328 5374 1453 5428 quze
1479 5360 1728 5430 subjecta
1765 5372 1896 5417 sunt
1924 5365 2145 5435 negatio
2166 5407 2180 5431 ,
2217 5374 2299 5418 at-

715 5466 825 5519 que
866 5465 1058 5503 rursus
1096 5465 1291 5504 earum
1332 5466 1456 5520 qua:
1505 5452 1765 5522 subjecta:
1815 5466 1946 5510 sunt
1989 5457 2296 5511 secundum

716 5542 1089 5609 cognitionem
1117 5545 1339 5612 negatio
1376 5557 1569 5598 earum
1607 5561 1731 5613 quae
1762 5549 2177 5616 superemineut
2214 5559 2298 5603 est

717 5632 1030 5697 aﬁlrmatio,
1082 5650 1256 5702 usque
1308 5634 1376 5688 ad
1436 5643 1767 5690 cunctorum
1816 5638 1977 5692 unice
2026 5654 2294 5692 summam

716 5737 969 5779 naturam
1012 5735 1069 5779 et
1117 5726 1369 5780 ordinem
1421 5728 1678 5798 negative
1729 5729 2113 5799 progrediens,
2158 5747 2298 5799 quos

718 5828 841 5887 post
866 5834 1061 5873 oume—s
1090 5817 1317 5873 ordines
1343 5828 1398 5874 ct
1442 5830 1749 5888 potestates
1792 5822 2110 5878 immediala
2149 5823 2294 5878 circa

2402 3272 2512 3325 τῶν
2549 3270 2654 3323 ὑπὸ
2692 3268 2968 3338 αἴσθησιν,
3008 3266 3256 3336 δηλονότι
3306 3263 3450 3316 κατά
3490 3262 3583 3314 τὸν
3621 3264 3722 3331 τῆς
3768 3260 3992 3324 ἀναγω-

2400 3364 2505 3434 γῆς
2533 3362 2691 3430 λόγον
2738 3361 2831 3414 καὶ
2856 3362 3007 3413 πᾶσα
3058 3357 3479 3428 περιγράφουσα
3521 3355 3648 3415 τοὺς
3678 3350 3807 3421 περί
3836 3367 3990 3411 τινος

2402 3458 2604 3528 ἀρετῆς
2635 3456 2669 3526 ἢ
2696 3454 2949 3522 γνώσεως
2981 3452 3172 3520 λόγους
3202 3450 3379 3517 λῆξις,
3401 3449 3475 3510 ὡς
3504 3447 3629 3517 ὅρος
3656 3445 3766 3497 τῶν
3799 3442 3991 3513 ὁριζο-

2406 3549 2604 3616 μένων,
2636 3546 2733 3599 καὶ
2764 3545 2938 3614 πέρας
2968 3544 3076 3597 τῶν
3116 3540 3673 3611 περιγεγραμμένων,
3706 3536 3990 3608 τροπικῶς

2401 3636 2626 3709 οὐρανὸς
2654 3636 3083 3706 ὁνομάζεται.”Η
3098 3635 3258 3687 πάλιν
3280 3652 3297 3683 ι
3324 3632 3505 3699 τρίτον
3535 3629 3764 3699 οὐρανὸν
3795 3647 3813 3677 ι
3845 3623 3990 3678 εἶναι

2401 3729 2565 3798 τυχόν
2594 3744 2761 3797 φησιν
2796 3728 2829 3798 ἡ
2863 3727 3055 3797 Γραφὴ
3087 3726 3187 3788 τάς
3233 3725 3374 3795 ὑπὲρ
3409 3724 3559 3793 ἡμᾶς
3588 3722 3728 3792 πρὸς
3773 3720 3837 3772 το
3873 3720 3992 3772 ἀνω

2403 3822 2526 3874 καθ’
2552 3821 2743 3891 εἱρμὸν
2770 3822 2920 3890 τρεῖς
2946 3819 3053 3871 τῶν
3084 3818 3257 3884 ἁγίων
3286 3816 3536 3885 ἀγγέλων
3568 3815 3771 3879 τάξεις,
3803 3812 3990 3880 ἇσπερ

2402 3912 2638 3981 ἔφθασεν
2689 3911 2817 3970 ἴσως
2847 3912 2875 3963 ὁ
2911 3909 3062 3977 ἅγιος
3100 3907 3331 3970 Παῦλος,
3375 3910 3497 3969 ταῖς
3528 3906 3639 3958 τῶν
3666 3906 3788 3957 κατ’
3824 3903 3991 3956 αὐτὸν

2403 4004 2657 4074 γνώσεων
2684 4002 2994 4070 ἀποφάσεσι
3025 4001 3137 4053 τῶν
3169 4000 3293 4053 κατ’
3333 3999 3575 4059 ἐκείνους
3606 3996 3707 4057 τάς
3730 3997 3991 4062 καταφά-

2398 4106 2517 4158 σεις
2559 4095 2885 4164 μυούμενος,
2913 4092 3010 4145 καὶ
3034 4094 3157 4153 ταῖς
3183 4088 3307 4144 καθ’
3331 4088 3606 4161 ὑπεροχὴν
3634 4088 3745 4139 τῶν
3765 4088 3991 4140 οἰκείων

2406 4186 2693 4253 στερήσεσι
2722 4182 2822 4244 τὰς
2855 4182 3080 4234 ἐκείνων
3109 4179 3251 4243 ἕξεις
3280 4178 3640 4249 μιμούμενος.
3673 4177 3836 4229 Πᾶσα
3878 4176 3992 4245 γάρ

2404 4278 2566 4348 φύσις
2608 4276 2718 4329 τῶν
2762 4275 2997 4344 λογικῶν
3031 4274 3176 4327 κατά
3225 4274 3326 4344 τὴν
3360 4272 3562 4341 ἑαυτῆς
3588 4269 3745 4336 τάξιν
3777 4269 3877 4321 καὶ
3906 4268 3991 4321 δύο

2402 4384 2568 4438 ναμιν
2608 4366 2711 4435 τῆς
2745 4366 2885 4435 ὑπὲρ
2919 4364 3088 4434 αὐτὴν
3123 4364 3314 4427 οὐσίας
3353 4364 3446 4417 καὶ
3476 4361 3681 4427 τάξεως
3714 4362 3817 4425 τὰς
3847 4380 3992 4428 γνω-

2407 4460 2598 4521 στικάς
2624 4458 2767 4523 ἕξεις
2817 4474 2875 4509 τε
2910 4459 3003 4510 καὶ
3048 4456 3227 4518 θέσεις
3261 4456 3599 4524 καταφάσεις
3645 4453 3991 4524 στερητικῶς

2404 4553 2526 4613 ταῖς
2560 4549 2680 4601 κατ’
2713 4548 2883 4619 αὐτὴν
2915 4548 3303 4618 ἀφαιρετικαῖς
3330 4545 3639 4612 ἀποφάσεσι
3671 4544 3894 4613 μυεῖταί
3928 4560 3989 4595 τε

2406 4641 2501 4693 καὶ
2530 4642 2796 4709 μιμεῖται,
2821 4640 2915 4691 x11
2936 4639 3082 4691 ἔστιν
3111 4640 3142 4707 ὴ
3174 4638 3315 4690 κατά
3335 4636 3432 4706 τὴν
3454 4635 3657 4704 γνῶσιν
3688 4635 3799 4687 τῶν
3826 4636 3993 4705 ὑπερ-

2406 4732 2673 4802 κειμένων
2709 4733 3015 4799 κατάφασις
3063 4731 3171 4783 τῶν
3201 4729 3655 4798 ὑποϐεϐληκότων
3682 4727 3987 4795 ἀπόφασις,

2406 4825 2502 4877 καὶ
2534 4824 2769 4893 ἔμπαλιν
2799 4823 2908 4876 τῶν
2942 4822 3444 4891 ὑποϐεὸληκυιῶνή
3475 4820 3616 4873 κατά
3648 4819 3749 4890 τὴν
3780 4818 3990 4885 γνῶσιν

2404 4915 2677 4980 ἀπόφασις
2714 4914 2824 4965 τῶν
2862 4913 3245 4984 ὑπερεχουσῶν
3266 4913 3572 4979 κατάφασις
3597 4950 3612 4974 ,
3669 4910 3837 4980 μέχρι
3885 4909 3990 4978 τῆς

2406 5003 2595 5058 πασῶν
2628 5004 2751 5056 καθ’
2800 5004 3073 5074 ὑπεροχὴν
3106 5004 3391 5073 ἀνωτάτης
3418 5001 3634 5071 φύσεώς
3659 5017 3719 5053 τε
3759 5002 3857 5053 καὶ
3887 5001 3983 5054 ﬂio

2406 5096 2542 5162 ξεως
2584 5096 2938 5165 ἀποφατικῶς
2970 5095 3362 5165 προοδεύουσα,
3393 5095 3459 5164 ἣν
3497 5093 3633 5162 μετὰ
3673 5093 3856 5155 πάσας
3892 5092 3991 5144 τά·

2406 5184 2517 5252 ξεις
2543 5202 2601 5238 τε
2628 5186 2724 5239 καὶ
2750 5185 3007 5254 δυνάμεις
3032 5187 3064 5255 ἡ
3109 5185 3314 5254 ἄμεσος
3346 5183 3477 5254 περὶ
3504 5182 3638 5235 Θεὸν
3676 5181 3987 5251 διαδέχεται

2405 5277 2544 5330 κατὰ
2587 5277 2685 5346 τὴν
2731 5276 2934 5344 γνῶσιν
2988 5276 3286 5343 ἀπόφασις,
3318 5274 3412 5327 ὑπ’
3441 5273 3654 5337 οὐδενὸς
3701 5273 3990 5336 παντελῶς

2406 5366 2869 5436 καταφασκομένη
2922 5364 3030 5417 τῶν
3082 5365 3282 5431 ὅντων,
3331 5364 3405 5434 μὴ
3439 5364 3592 5425 ὄντος
3634 5362 3826 5415 λοιπὸν
3852 5364 3987 5431 ὅρου

2403 5459 2551 5521 τινὸς
2602 5458 2634 5527 ἢ
2684 5461 2921 5524 πέρατος
2956 5457 3050 5510 τοῦ
3095 5456 3301 5527 ταύτην
3350 5454 3850 5525 περιλαμϐάνοντος
3883 5455 3989 5523 τὴν

2405 5551 2678 5618 ἀπόφασιν
2696 5549 2879 5619 (195
2904 5550 2979 5613 b).
3014 5550 3225 5619 Ὥσπερ
3250 5548 3358 5618 γάρ
3382 5548 3493 5600 τῶν
3530 5546 3810 5615 αἰσθητῶν
3836 5547 3986 5599 κατὰ

2406 5639 2567 5706 φύσιν
2596 5639 2875 5706 ἀπόφασίς
2930 5640 3043 5691 ἐστι
3080 5639 3148 5691 τά
3200 5637 3388 5708 νοητὰ,
3433 5636 3577 5690 οὕτω
3625 5637 3719 5689 καὶ
3754 5640 3817 5688 ἐν
3861 5639 3988 5700 ταῖς

2407 5730 2855 5799 συμπληρούσαις
2880 5730 2970 5781 τὸν
3008 5731 3120 5781 ἄνω
3155 5730 3360 5800 κόσμον
3395 5730 3606 5791 οὐσίαις
3647 5746 3706 5780 τε
3755 5730 3851 5779 καὶ
3886 5729 3985 5780 δυ-

2406 5823 2635 5893 νάμεσιν
2665 5823 2851 5876 αἰτῶν
2880 5822 3107 5893 πρώτων
3146 5822 3283 5876 κατὰ
3320 5823 3417 5893 τὴν
3453 5823 3579 5893 περὶ
3612 5821 3743 5876 Θεὸν
3780 5821 3988 5889 γνῶσιν
