4192 6434
185 416 322 479 ῙΞΗ

1465 414 1987 477 AMBIGUORUM
2026 417 2282 480 LIBER.

3318 420 3457 488 1242

180 527 459 598 ὑπεροχαὶ
505 524 594 578 διὰ
631 524 732 595 τὴν
778 523 973 592 ῦφεσιν
1024 523 1144 586 ταῖς
1201 523 1318 592 μετ’
1347 522 1518 587 αὑτάς
1561 523 1760 591 ἀποφά-

1878 524 2047 577 Deum
2076 524 2284 593 excipit
2306 523 2613 578 secundum
2640 524 3018 595 cognitionem
3058 524 3302 596 negatio,
3329 549 3454 601 qua

178 634 434 671 σκονται.
503 616 592 678 Ὠς
643 618 753 685 γάρ
788 615 933 685 άπερ
974 614 1136 685 ἡμεῖς
1170 616 1309 665 νοεῖν
1352 613 1414 665 οὑ
1466 614 1764 683 δυνάμεθα,

177 713 299 773 τοῖς
339 709 479 777 ὑπὲρ
513 708 663 777 ἡμᾶς
700 706 877 774 ἁγίοις
926 706 1181 774 ἀγγέλοις
1230 706 1337 758 εἰσὶ
1389 706 1593 775 νοητά,
1626 705 1770 758 οὕτω

178 804 283 854 καὶ
313 804 427 863 τοῖς
469 800 609 869 ὑπὲρ
637 800 781 868 ἡμᾶς
816 798 994 866 ἁγίοις
1020 797 1275 865 ἀγγέλοις
1302 798 1370 851 τά
1396 799 1472 869 μὴ
1501 796 1768 867 νοούμενα

175 897 301 956 τοῖς
338 894 481 962 ὑπὲρ
520 892 720 952 αὐτοὺς
758 891 938 957 ἁγίοις
987 889 1246 958 ἀγγέλοις
1294 890 1403 942 εἰσ)⁸
1442 890 1634 959 νοητά,
1671 888 1770 942 καὶ

175 986 330 1038 οῦτω
373 984 497 1036 καθ’
528 983 657 1053 ἑξῆς
706 982 812 1034 ἀπὸ
843 981 1124 1051 δυνάμεως
1155 982 1235 1044 είς
1281 979 1511 1048 δύναμιν
1540 978 1772 1032 άναὸαί-

176 1098 295 1132 νων
315 1082 343 1131 ὁ
373 1079 529 1145 λόγος
564 1077 660 1129 καὶ
689 1075 1015 1145 ὑψούμενος,
1044 1074 1139 1126 καὶ
1163 1073 1347 1135 πάσας
1376 1072 1560 1136 τάξεις
1586 1086 1646 1122 τε
1675 1069 1769 1122 καὶΙ

173 1170 445 1239 δυνάμεις
470 1168 783 1231 διαϐαίνων,
820 1168 903 1230 είς
936 1166 996 1219 τὸ
1035 1165 1275 1238 ἀρῤητόν
1301 1181 1360 1217 τε
1401 1164 1498 1217 καὶ
1539 1163 1769 1232 ἀνόητον

174 1263 345 1335 λήγει
376 1264 469 1316 καὶ
498 1261 779 1324 παντελῶς
824 1259 1125 1327 άγνωστον.
1183 1258 1245 1311 Εἰ
1284 1257 1465 1309 τοίνυν
1496 1255 1639 1309 κατὰ
1678 1256 1771 1308 τὸν

189 1354 601 1424 Ἀρεοπαγίτην
634 1350 913 1404 Διονύσιον
950 1351 1008 1402 αί
1040 1349 1141 1420 μὲν
1177 1348 1483 1416 ἀποφάσεις
1525 1347 1617 1398 ἐπὶ
1659 1346 1769 1398 τῶν

175 1448 350 1501 θείων
378 1447 598 1517 ἀληθείς
637 1446 739 1515 (6),
769 1445 827 1498 αἱ
865 1442 922 1495 δὲ
954 1442 1296 1510 καταφάσεις
1327 1440 1663 1510 ἀνάρμοστοι
1700 1440 1765 1509 τῇ

176 1542 518 1611 κρυφιότητι
577 1538 688 1591 τῶν
744 1537 1098 1607 ἀπορρήτων,
1138 1536 1363 1599 εἰκότως
1399 1534 1429 1586 ὁ
1478 1532 1765 1594 θεσπέσιος

187 1632 525 1694 Ἀπόστολος
553 1629 746 1682 πασῶν
782 1629 891 1682 τῶν
925 1627 1044 1682 κατ’
1067 1627 1231 1681 αὑτὸν
1260 1627 1516 1695 γνώσεων
1548 1626 1766 1695 ἀποφή-

174 1742 287 1786 σας
325 1724 425 1794 τὴν
454 1724 663 1791 νόησιν,
711 1723 807 1775 καὶ
838 1721 1023 1790 πάσης
1053 1720 1311 1790 ὑπεράνω
1336 1719 1631 1789 γενόμενος
1655 1718 1766 1771 τῶν

169 1819 357 1871 ὄντων
393 1819 652 1888 σχέσεως,
674 1814 799 1869 οῦτε
838 1815 897 1867 ὲν
928 1813 1166 1883 σώματι,
1196 1812 1381 1875 καθὼς
1413 1810 1588 1875 εἶπεν,
1622 1812 1763 1864 εἰκό-

169 1926 289 1970 τως
332 1904 420 1978 ἦν,
464 1904 791 1978 ἐνεργοῦσαν
841 1905 943 1957 οὐκ
985 1904 1125 1974 ἔχων
1167 1903 1267 1973 τὴν
1311 1902 1584 1972 αἴσθησιν,
1637 1900 1763 1954 οὔτε

171 2002 340 2063 ἐκτὸς
370 1996 529 2062 αῦθις
554 1997 649 2051 τοῦ
679 1995 952 2068 σώματος,
980 1996 1259 2068 ἀργοῦσαν
1289 1996 1428 2065 ἔχων
1453 1996 1552 2067 τὴν
1577 1996 1764 2064 νόησιν

172 2091 323 2143 κατὰ
357 2091 449 2142 τὸν
478 2088 668 2161 καιρὸν
690 2092 789 2159 τῆς
814 2087 963 2158 αὑτῷ
991 2088 1293 2159 γενομένης
1326 2088 1610 2158 ἁρπαγῆς,
1639 2088 1763 2141 καθ’

173 2185 245 2252 ἦν
284 2182 582 2253 ἀφράστως
615 2198 675 2234 τε
701 2182 797 2234 καὶ
830 2178 1130 2248 άγνώστως
1152 2180 1275 2234 τινὰ
1306 2179 1595 2250 δεξάμενος
1622 2180 1765 2233 κατά

174 2276 387 2344 μύησιν
415 2272 786 2343 ὑπερκόσμιον
837 2272 1064 2343 ῥήματα
1122 2273 1249 2342 σιγῇ
1301 2272 1476 2325 ταῦτα
1522 2273 1763 2341 τιμήσας

170 2367 415 2435 ἐφύλαξε
451 2364 732 2427 παντελῶς
764 2365 1066 2436 ἀνέκφορα,
1107 2364 1185 2429 ὡς
1238 2365 1380 2434 μήτε
1420 2363 1513 2417 νοῦ
1546 2367 1759 2433 νοῆσαι,
1802 2440 1803 2443 η

176 2460 323 2529 μήτε
354 2458 609 2528 γλώσσης
650 2458 907 2527 λαλῆσαι,
942 2458 1081 2527 μήτε
1124 2457 1298 2527 ἀκοῆς
1328 2455 1469 2509 αὑτά
1499 2455 1764 2523 δέξασθαι

170 2552 517 2621 δυναμένων.
570 2552 719 2605 [Ioui
748 2551 831 2616 δὲ,
871 2550 1054 2612 καθὼς
1086 2553 1135 2603 ol
1175 2548 1574 2621 πεπειραμένοι
1603 2550 1759 2617 φασὶ,

172 2643 278 2712 τὴν
309 2644 408 2711 μὲν
439 2644 497 2695 ἐν
528 2645 593 2712 τῇ
624 2641 879 2711 λεχῧείσῃ
915 2660 935 2693 ε
977 2641 1191 2713 προόδῳ
1230 2659 1248 2692 ι
1289 2641 1391 2711 τῆς
1430 2642 1633 2711 ἀρετῆς
1664 2657 1761 2692 τε-

171 2734 330 2787 λείαν
367 2735 568 2806 πράξιν
614 2735 799 2798 πίστις
848 2733 985 2804 ὀρθὴ
1035 2733 1131 2787 καὶ
1161 2732 1326 2800 φόϐος
1353 2734 1433 2795 είς
1473 2732 1607 2785 Θεὸν
1638 2730 1763 2785 ἀνό-

174 2828 393 2890 θευτος,
433 2828 534 2897 τὴν
571 2826 628 2879 δὲ
670 2826 811 2879 κατά
843 2825 944 2897 τὴν
972 2825 1236 2879 ἀνάδασιν
1262 2824 1563 2877 ἄπταιστον
1596 2840 1758 2892 φυσι-

172 2921 282 2990 adp;
323 2920 556 2991 θεωρίαν
598 2920 753 2982 ἰλπὶς
789 2917 975 2988 (196
1009 2917 1064 2987 α)
1105 2916 1298 2986 βεϐαία
1350 2917 1443 2970 καὶ
1475 2915 1759 2986 ἀλώόητος

175 3012 417 3075 σύνεσις,
444 3012 546 3082 τὴν
575 3012 633 3065 δὲ
660 3012 799 3064 κατά
828 3014 929 3079 τὴν
960 3030 978 3061 ι
1000 3009 1268 3079 ἀνάληψιν
1307 3028 1325 3062 ι
1345 3009 1541 3063 θέωσιν
1566 3010 1757 3081 ἀγάπη

172 3106 382 3171 τελεία,
414 3109 510 3159 καὶ
550 3104 677 3167 νοῦς
721 3106 834 3168 τοῖς
882 3097 1003 3157 οὖσι
1044 3102 1169 3156 καθ’
1199 3101 1473 3173 ὑπεροχὴν
1519 3105 1760 3171 πάμπαν

1874 630 1902 668 a
1935 615 2089 670 nullo
2122 616 2352 669 omnino
2380 630 2576 670 eorum
2601 631 2725 685 qua:
2753 626 2884 671 sunt
2921 616 3247 683 aﬂirmatur,
3272 636 3453 692 neque

1872 708 2020 761 ullus
2052 706 2122 760 de
2152 716 2353 763 eaatero
2389 708 2618 762 omnino
2667 708 2795 763 finis
2836 717 3016 763 exstat
3054 719 3152 765 aut
3184 713 3455 769 terminus

1874 799 1973 867 qui
2027 798 2172 853 hanc
2203 800 2555 868 negationem
2596 800 3055 869 comprehendat.
3078 801 3452 867 Quemadmo-

1869 890 2000 944 dum
2032 890 2181 946 enim
2213 891 2560 945 sensibilium
2594 891 2906 946 secundum
2939 902 3195 949 naturam
3229 899 3453 967 negatio

1868 992 1999 1037 sunt
2038 982 2431 1053 intelligihilia,
2477 984 2549 1038 ita
2587 984 2755 1039 etiam
2796 985 2852 1038 in
2885 985 2969 1039 eis
2990 988 3083 1055 qui
3104 990 3450 1057 superiorem

1868 1076 2139 1130 mundum
2163 1076 2445 1145 complent
2467 1078 2722 1131 essenliis
2742 1093 2806 1133 ac
2836 1079 3208 1147 potestatibus
3248 1083 3451 1150 prima-

1870 1169 2079 1222 riorum
2130 1168 2438 1223 secundum
2471 1169 2568 1222 Dei
2596 1170 2971 1238 cognitionem
3004 1185 3128 1240 quae
3171 1172 3452 1227 excellunt

1869 1269 2097 1329 propter
2140 1261 2571 1315 submissionem
2625 1261 2709 1315 eis
2740 1277 2862 1330 quas
2903 1272 3030 1332 post
3073 1278 3133 1318 se
3165 1273 3297 1317 sunt
3347 1278 3450 1317 nec

1867 1361 2086 1422 gantur.
2114 1353 2185 1408 Ut
2222 1355 2513 1422 cnimqua:
2528 1368 2632 1407 nos
2658 1340 2968 1423 intelligere
2993 1370 3103 1409 non
3126 1370 3447 1425 possumus,

1866 1442 2093 1507 sanctis,
2124 1444 2344 1511 quinos
2380 1452 2668 1512 superant,
2691 1444 2921 1513 .augelis
2970 1445 3253 1500 intellecta
3296 1454 3446 1509 sunt,

1868 1536 1942 1589 ita
1974 1551 2097 1603 quae
2120 1537 2329 1605 angelis
2358 1552 2458 1590 nos
2501 1536 2896 1605 superantibus
2922 1578 2938 1601 ,
2973 1552 3085 1591 non
3114 1548 3245 1592 sunt
3281 1537 3415 1590 intel
3436 1571 3449 1578 -

1866 1628 2006 1681 lecta
2035 1627 2119 1682 eis
2157 1634 2289 1681 sunt
2344 1628 2555 1697 angelis
2590 1627 2801 1682 sanctis
2838 1627 3122 1681 intellecta
3170 1643 3293 1696 qua:
3347 1628 3450 1681 hos

1864 1729 2148 1791 superant,
2176 1729 2342 1790 atque
2380 1724 2454 1776 ita
2486 1722 2753 1792 deinceps
2800 1738 2829 1776 a
2860 1730 3139 1791 potestate
3187 1722 3241 1775 iu
3294 1732 3451 1791 pote-

1866 1822 2063 1867 statem
2096 1813 2401 1868 ascendens
2434 1815 2600 1877 ratio,
2637 1823 2694 1868 et
2718 1815 2977 1879 exaltata,
3004 1826 3059 1868 et
3080 1830 3273 1868 omnes
3294 1815 3449 1868 ordi-

1865 1920 1965 1961 nes
1987 1914 2155 1975 atque
2188 1914 2496 1976 potestates
2522 1915 2887 1975 transgressa,
2938 1908 2992 1961 in
3037 1907 3317 1961 inctl‘abile
3347 1906 3448 1960 de-

1864 1994 1999 2049 sinit
2034 2011 2099 2050 ac
2162 1995 2323 2065 plane
2379 1995 2745 2064 incognitum.
2790 1996 2982 2065 Itaque
3047 1997 3091 2050 si
3140 1995 3446 2055 secundum

1863 2089 2186 2160 Dionysium
2211 2090 2599 2159 Areopagitam
2625 2091 2948 2159 negationes
2976 2090 3031 2143 in
3054 2091 3222 2145 rebus
3241 2089 3448 2144 divinis

1862 2181 2152 2236 veritatem
2189 2181 2416 2245 habent,
2441 2190 2634 2235 contra
2663 2181 3059 2237 aﬂirmationes
3086 2198 3275 2236 rerum
3309 2180 3450 2237 inef-

1864 2273 2113 2328 fabilium
2144 2272 2470 2326 obscuritati
2494 2288 2604 2326 non
2631 2276 2977 2328 conveniunt
2999 2315 3012 2337 ,
3051 2274 3279 2328 divinus
3302 2275 3452 2342 Δρο-
3515 2307 3521 2313 -

1863 2365 2039 2421 stolus
2056 2366 2304 2420 omnium
2336 2380 2563 2419 suarum
2602 2366 2982 2433 cognitionum
3027 2367 3317 2421 intellectu
3344 2382 3447 2420 ne-

1862 2468 2008 2530 gato,
2056 2459 2319 2526 omnique
2367 2473 2554 2511 rerum
2584 2473 2708 2527 qme
2758 2470 2889 2512 sunt
2935 2459 3230 2514 allectioue
3284 2474 3449 2525 supe-

1863 2560 2002 2614 rata,
2048 2566 2229 2619 neque
2283 2550 2337 2604 in
2394 2564 2648 2621 corpore,
2702 2559 2764 2604 ut
2806 2551 2983 2616 dixit,
3021 2550 3194 2605 fuisse
3250 2551 3449 2621 proba-

1862 2643 2047 2699 biliter
2084 2643 2356 2706 videatur,
2413 2657 2539 2696 cum
2594 2643 2836 2696 activum
2868 2658 2977 2697 non
3021 2644 3255 2698 haberet
3312 2659 3446 2698 sen-

1861 2750 2006 2799 sum,
2042 2751 2223 2805 neque
2255 2750 2450 2789 rursus
2483 2744 2639 2789 extra
2664 2751 2868 2805 corpus
2896 2777 2910 2800 ,
2944 2752 3069 2791 cum
3104 2737 3448 2793 intellectum

1862 2827 2065 2882 habere
2109 2834 2417 2882 cessantem
2446 2842 2515 2881 eo
2545 2842 2655 2896 quo
2683 2836 2874 2897 raptus
2921 2837 3007 2881 est
3035 2837 3305 2897 tempore.
3336 2844 3449 2899 quo

1862 2920 1915 2974 in
1946 2928 2108 2989 raptu
2126 2918 2482 2973 inenarrabili
2504 2919 2745 2989 quodam
2778 2928 2835 2973 et
2868 2919 3150 2989 incognito
3172 2919 3337 2974 modo
3357 2936 3449 2975 se.-

1860 3012 2104 3067 cuudum
2126 3012 2409 3068 cmlestem
2434 3011 2805 3066 initiationem
2826 3013 3075 3080 quaedam
3098 3012 3268 3068 verba
3291 3027 3450 3067 acce-

1861 3104 1964 3174 pit,
1987 3118 2111 3171 qua:
2142 3102 2309 3156 tacite
2342 3102 2552 3157 coleret
2571 3112 2626 3156 et
2645 3118 2931 3172 nunquam
2963 3103 3300 3173 divulganda
3317 3119 3448 3159 cus-

173 3199 443 3262 ὶκουσίως
467 3198 891 3269 πεπηρωμένος.
932 3196 1048 3248 Καὶ
1068 3194 1170 3265 τῆς
1202 3196 1302 3266 μὲν
1328 3196 1640 3267 πρακτικῆς
1668 3212 1759 3263 φι-

1867 3195 2096 3261 todiret,
2125 3203 2339 3265 utpote,
2362 3211 2485 3265 qua:
2518 3211 2695 3265 neque
2722 3211 2879 3251 mens
2901 3196 3234 3265 intelligere,
3267 3211 3451 3265 neque

172 3292 431 3362 λοσοφίας
467 3291 629 3345 πάλιν
682 3290 842 3360 ἔργον
886 3284 1023 3342 εἷναί
1072 3304 1208 3356 φασι
1269 3287 1452 3358 πάσης
1507 3287 1597 3340 τὸν
1630 3287 1756 3339 νοῦν

174 3385 402 3456 ὲμπαθῆ
442 3383 748 3453 φαντασίας
774 3381 1015 3451 καθαρὸν
1050 3379 1411 3448 καταστῆσαι,
1443 3381 1542 3447 τῆς
1563 3379 1620 3432 δὲ
1650 3396 1757 3447 φυ-

176 3477 339 3546 σικῆς
372 3476 609 3547 θεωρίας
654 3475 839 3543 πάσης
873 3473 974 3543 τῆς
1008 3472 1066 3524 ἐν
1106 3473 1221 3536 τοῖς
1258 3467 1379 3525 οὖσι
1416 3470 1540 3524 καθ’
1570 3470 1638 3540 ἢν
1672 3471 1757 3523 al-

172 3571 296 3625 τίαν
324 3571 666 3639 ὑπάρχουσιν
682 3563 921 3637 ἀληθοῦς
944 3562 1200 3632 γνώσεως
1226 3564 1387 3618 αὑτὸν
1412 3564 1758 3634 ἐπιστήμονα

170 3666 366 3722 δεῖται.
400 3665 498 3733 τῆς
525 3664 582 3715 δὲ
615 3661 935 3730 θεολογικῆς
973 3657 1368 3733 μυσταγωγίας
1410 3657 1598 3725 ὅμοιον
1633 3655 1755 3725 Θεῷ

172 3757 267 3809 καὶ
300 3756 437 3815 ἴσον,
468 3755 540 3818 ὠς
574 3754 816 3822 ἐφικτὸν,
848 3756 914 3823 τῇ
943 3753 1127 3823 χάριτι
1149 3748 1293 3803 κατά
1314 3747 1413 3815 τὴν
1451 3744 1566 3809 Ξξιν
1596 3745 1755 3813 ποιῆ-

174 3867 287 3910 σαι.
327 3849 559 3919 μηδενὸς
598 3848 661 3901 τὸ
697 3846 917 3900 σύνολον
948 3845 1028 3898 ἔτι
1056 3843 1164 3897 τῶν
1198 3841 1339 3913 μετά
1366 3839 1497 3892 Θεὸν
1528 3838 1619 3892 διὰ
1656 3838 1756 3908 τὴν

173 3942 450 4013 ὑπεροχὴν
489 3941 619 3994 ὄντα
640 3941 903 4008 νοήμονα.

1862 3286 2047 3356 lingua
2098 3286 2259 3340 etIari
2292 3327 2308 3351 ,
2360 3301 2541 3355 neque
2575 3301 2742 3341 aures
2776 3287 3066 3356 percipere
3122 3297 3350 3356 possent
3396 3286 3446 3342 ³.

1858 3377 2036 3432 Ellieit
2060 3386 2269 3441 autem,
2300 3387 2360 3432 ut
2392 3378 2429 3432 ii
2452 3378 2547 3447 qui
2577 3379 2791 3449 experti
2831 3387 2962 3433 sunt
3001 3378 3230 3433 tradunt
3262 3420 3276 3443 ,
3328 3380 3453 3434 vir-

1858 3469 1993 3523 tutis
2019 3468 2075 3522 in
2120 3486 2139 3519 ι
2171 3468 2580 3537 progressione,
2640 3488 2657 3519 ι
2717 3484 2883 3538 quam
2929 3469 3042 3523 dixi
3076 3509 3094 3531 ,
3145 3469 3449 3541 perfectam

1858 3561 2135 3616 actionem
2186 3560 2324 3615 ﬁdes
2368 3571 2518 3615 recta
2548 3570 2602 3615 et
2642 3571 2825 3616 metus
2858 3564 2915 3615 in
2966 3563 3140 3617 Deum
3187 3563 3449 3617 incorru-

1860 3640 2351 3725 ptus,naturalem
2384 3670 2520 3708 vero
2557 3656 2611 3707 in
2648 3674 2665 3706 ι
2704 3656 3034 3710 ascensione
3071 3673 3089 3705 ι
3118 3656 3448 3711 inoﬂ'ensam

1861 3745 2386 3815 contemplationem
2437 3761 2564 3815 spes
2598 3746 2752 3801 firma
2806 3756 2864 3801 et
2913 3748 3267 3803 immaculata
3310 3764 3449 3802 con-

1861 3837 2117 3900 scientia,
2152 3836 2565 3892 deilicationem
2594 3837 2837 3907 denique
2874 3838 2927 3892 in
2961 3857 2979 3889 ‹
3013 3838 3393 3907 assumptione
3422 3857 3440 3889 ι

1861 3928 2107 3998 perfecta
2142 3928 2392 3983 charitas
2418 3945 2482 3984 ac
2513 3945 2670 3984 mens
2703 3931 2869 3984 rebus
2898 3946 3022 3999 quae
3050 3940 3179 3985 sunt
3224 3931 3451 4000 penitus

167 4046 227 4091 et
272 4035 439 4105 plane
477 4035 628 4088 ultro
698 4031 975 4086 abdicata.
1025 4031 1206 4098 Atque
1262 4025 1458 4081 activae
1525 4020 1752 4092 quidem
1793 4018 2161 4089 philosophiae
2204 4034 2400 4074 rursus
2445 4034 2570 4075 esse
2615 4019 2815 4075 dicunt
2883 4030 3128 4075 mentem
3199 4021 3445 4090 passioni

167 4130 466 4186 obnoxiam
532 4128 683 4184 omni
747 4124 1141 4196 imaginatione
1193 4137 1260 4178 ac
1311 4117 1567 4176 saeculari
1620 4131 1815 4187 pompa
1855 4114 2115 4179 liberare,
2174 4114 2451 4169 naturalis
2498 4122 2685 4169 autem
2745 4114 3236 4184 contemplationis
3292 4121 3444 4175 omni

166 4241 288 4280 eam
358 4239 544 4279 rerum
622 4236 730 4291 qua
792 4234 961 4275 causa
1006 4217 1277 4272 exsistant
1332 4228 1461 4268 vera
1510 4209 1827 4281 cognitione
1867 4208 2153 4269 imbuere.
2207 4208 2530 4278 theologica:
2578 4208 2821 4279 denique
2879 4208 3215 4264 initiationis
3258 4216 3316 4262 et
3362 4209 3449 4262 in-

166 4317 496 4373 structionis
521 4330 642 4370 eam
679 4313 792 4367 Deo
828 4310 1097 4381 aequalem
1136 4317 1192 4364 et
1221 4322 1436 4380 parem,
1474 4314 1748 4375 quatenus
1786 4302 1935 4363 licet,
1986 4300 2162 4371 gratia
2234 4301 2546 4357 secundum
2618 4302 2873 4357 habitum
2906 4301 3145 4357 reddere
3169 4341 3185 4367 ,
3219 4308 3280 4354 ut
3332 4300 3445 4370 jam

163 4425 512 4483 quaeautque
540 4417 666 4480 post
712 4408 887 4464 Deum
924 4414 1055 4463 sunt
1083 4414 1314 4478 propter
1346 4400 1705 4459 eminentiam
1731 4398 1893 4455 nlane
1930 4396 2169 4468 ignoret.

180 4620 280 4674 Ἐκ
320 4616 426 4671 τοῦ
481 4614 669 4670 αὑτοῦ
718 4615 927 4682 λόγου,
963 4611 1051 4676 είς
1095 4609 1185 4675 τὸ,
1229 4627 1247 4660 ι
1288 4605 1426 4661 Οὐδ’
1462 4604 1540 4659 ἂν
1564 4603 1752 4659 αὐτὸν

1862 4620 1937 4675 Ba:
1969 4619 2147 4673 eodem
2175 4634 2436 4682 sermone,
2484 4619 2538 4671 in
2576 4616 2717 4671 illud
2752 4634 2770 4672 :
2812 4635 2831 4669 ι
2871 4616 2979 4672 Nec
3015 4618 3080 4671 ab
3130 4618 3323 4670 mundo
3359 4618 3444 4671 in-

229 4709 574 4777 δυνηθῆναι
602 4706 873 4777 χωρῆσαι
909 4705 1016 4759 τὸν
1048 4704 1205 4757 κάτω
1236 4702 1471 4771 κόσμον
1493 4743 1507 4764 ,
1543 4698 1745 4753 Ἰωάν-

234 4820 352 4870 νης
409 4805 443 4856 ό
480 4801 588 4855 τοῦ
622 4801 817 4870 Λόγου
871 4798 1244 4866 πρόδρομος,
1287 4795 1325 4863 ἠ
1365 4792 1600 4864 μεγάλη
1635 4791 1747 4862 τῆς

232 4894 523 4961 ἀληθείας
550 4890 743 4962 φωνὴ,
770 4887 1063 4958 διωρίζετο
1100 4888 1176 4944 ⁷.»

234 5004 510 5076 Εὔκαιρον
553 4999 623 5075 ἦν
649 5003 796 5074 κάμὲ
827 5002 964 5074 πρὸς
1003 5002 1093 5055 τὸν
1122 5000 1276 5068 ἆγιον
1302 4999 1491 5053 τοῦτον
1522 4998 1619 5053 ttat
1656 4997 1751 5069 μέο

162 5117 266 5168 γαν
313 5102 413 5169 τῆς
452 5097 710 5168 ἀληθείας
754 5095 1095 5161 διδάσκαλον,
1148 5095 1208 5148 τὸ
1249 5093 1481 5164 μέγεθος
1532 5092 1748 5163 ὁρῶντα

161 5194 259 5264 τῆς
305 5190 455 5262 αὐτῷ
504 5190 658 5260 παρά
691 5187 825 5242 Θεοῦ
853 5187 1103 5257 δοθείσης
1145 5186 1358 5256 σοφίας,
1389 5186 1564 5238 εἰπεῖν
1607 5186 1746 5255 ὅπερ

164 5284 349 5347 Δαϐὶδ,
377 5285 406 5337 ό
430 5282 541 5335 τῶν
574 5279 873 5353 προφητῶν
904 5279 999 5332 καὶ
1024 5277 1289 5346 βασιλέων
1315 5276 1741 5347 ἐπισημότατος,

165 5375 304 5445 πρὸς
330 5373 423 5428 τὸν
451 5372 604 5433 Θεὸν,
637 5370 699 5424 τὸ
730 5369 959 5441 ἄπειρον
992 5367 1090 5438 τῆς
1129 5369 1187 5421 ἐν
1230 5369 1397 5421 πᾶσιν
1438 5366 1603 5421 αὑτοῦ
1641 5384 1741 5436 με-

162 5467 514 5535 γαλειότητος
563 5462 958 5530 καταπλαγεὶς,
991 5459 1355 5524 ὲνθεαστικῶς
1388 5458 1739 5528 ἀπεφθέγξα-

163 5576 243 5625 το,
272 5559 449 5625 λέγων
476 5572 489 5584 ⁸
509 5555 971 5624 Ἐθαυμαστώθη
1008 5553 1046 5621 ἠ
1081 5550 1302 5623 ’γνῶσίς
1333 5566 1451 5605 σου
1470 5550 1540 5617 ἐξ
1568 5551 1735 5621 ἐμοῦ,

230 5690 259 5731 δ
293 5693 309 5747 Ι
340 5691 467 5747 Cor.
497 5707 554 5757 ιι,
587 5692 639 5746 9.

232 5809 305 5881 (6)
342 5807 865 5881 DinIi}'s_Areop:_tg.
893 5806 963 5859 De
997 5810 1212 5879 mystica
1258 5810 1412 5865 lln‘ol.
1447 5825 1562 5880 cap.
1604 5810 1647 5874 l,
1681 5827 1734 5881 p.

168 5870 297 5947 5“,
320 5890 453 5934 tom.
486 5870 525 5935 Ι.
551 5878 692 5948 Opp.
729 5870 831 5932 (ut
856 5880 985 5934 Ven.

1924 4713 2103 4783 feriori
2156 4728 2303 4781 posse
2375 4712 2495 4781 capi
2541 4710 2777 4763 Joannes
2841 4709 2987 4763 Verbi
3046 4725 3344 4781 prwcursor
3396 4720 3446 4765 et

1924 4822 2119 4875 magna
2152 4804 2388 4856 veritatis
2419 4818 2516 4855 vox
2545 4803 2929 4871 pronuntiavit.
2958 4822 2975 4852 ι

1922 5002 2307 5072 Opportunum
2335 5011 2457 5056 erat
2493 5012 2552 5056 ut
2581 5012 2639 5057 et
2670 5018 2775 5072 ego
2805 5011 3061 5057 sanctqu
3086 5002 3239 5058 hunc
3273 5012 3440 5075 atque

1853 5110 2113 5166 magnum
2133 5095 2386 5149 veritatis
2414 5095 2764 5165 magistrum,
2825 5111 2953 5150 cum
3000 5096 3441 5165 magnitudinem

1854 5185 2143 5256 sapientiae
2182 5184 2433 5240 viderem
2483 5200 2516 5239 a
2552 5186 2668 5240 Deo
2700 5185 2753 5241 ei
2779 5185 2956 5251 datm,
3022 5188 3096 5241 ita
3123 5188 3445 5257 alloquerer

1856 5286 1920 5331 ut
1967 5276 2141 5330 David
2180 5278 2581 5347 prophetarum
2628 5293 2934 5349 regumque
2986 5278 3395 5350 insignissimus
3422 5320 3439 5345 ,

1848 5371 2343 5435 Deum,intinitam
2388 5373 2512 5442 ejus
2563 5372 2620 5427 in
2649 5374 2909 5429 omnibus
2965 5374 3137 5429 rebus
3183 5375 3443 5447 majesta-

1848 5474 1957 5519 tem
1983 5464 2318 5531 admiratus,
2352 5464 2545 5521 divino
2572 5467 2802 5522 numine
2832 5468 3031 5537 plenus
3056 5469 3250 5525 dicens
3285 5486 3301 5523 :
3331 5468 3437 5524 Hi-

1850 5556 2069 5611 rabilior
2114 5557 2252 5623 facta
2279 5567 2356 5612 est
2388 5560 2465 5613 tui
2497 5560 2745 5631 cognitio,
2790 5569 2839 5613 et
2893 5558 3141 5615 invaluit.
3194 5577 3356 5619 quam
3381 5573 3438 5616 ut

1921 5811 1998 5885 Ut
2039 5811 2201 5885 Grcg.
2226 5812 2355 5885 Nat.
2389 5830 2468 5868 or.
2503 5815 2658 5869 thro].
2688 5814 2749 5880 ll,
2786 5830 2902 5885 cap.
2932 5814 3021 5880 :20,
3055 5831 3105 5885 p.
3141 5816 3263 5882 bll,
3298 5826 3430 5871 tom.

1854 5881 1893 5936 Ι.
1925 5882 2064 5953 Upp.
2096 5884 2228 5938 cdtt.
2267 5883 2469 5939 Bcucd.
