4192 6434
724 387 743 448 1
755 387 857 451 '24-3

1910 394 1972 453 S.
2017 393 2303 454 ΜΛΧΙΜΙ
2342 393 2856 455 CONFESSORIS

3869 408 4002 471 1254

717 507 761 555 ei
792 504 1046 570 sufﬁciam
1084 520 1124 567 ι,
1155 516 1215 560 ιιι
1243 508 1453 576 justum
1483 519 1624 572 erat,
1674 510 1910 566 maxime
1961 528 2087 567 cum
2126 512 2305 566 admi—

2420 512 2790 579 ἒκρατιιιώθη,
2839 517 2912 569 οὐ
2950 518 3039 585 μὴ
3080 518 3347 590 δύνωμαι
3393 526 3542 593 πρὸς
3572 527 3790 592 αὐτὴν,
3826 528 3906 590 ὡς
3935 525 4003 597 ἦν

720 591 894 645 rando
924 594 1101 647 solum
1133 595 1673 667 incircumscriptam
1708 600 2173 655 circumscribere
2203 619 2299 657 co-

719 690 954 732 naretur
1008 689 1361 749 potestatem,
1398 701 1500 739 nec
1549 703 1779 756 usquam
1831 690 1970 745 alias
2010 692 2156 746 circa
2191 709 2299 756 res,

717 783 859 835 quas
909 774 1125 839 assequi
1176 789 1287 827 non
1335 791 1649 844 possumus,
1686 796 1888 851 vagum
1938 793 1995 837 et
2043 786 2301 839 mobilem

721 861 923 914 animae
949 862 1182 930 gradum
1227 866 1423 922 sistere
1458 869 1710 935 haberet,
1748 884 1805 927 et
1833 882 1894 928 ut
1923 890 2027 945 ego
2056 892 2300 945 quoque,

722 958 782 1001 ut
828 950 964 1015 dixi,
1002 954 1138 1009 satis
1176 957 1439 1013 haberem
1487 976 1555 1014 ex
1605 963 1981 1022 admiratione
2033 968 2304 1036 sapientis

723 1043 973 1111 magistri
1013 1046 1392 1120 intelligentia:
1429 1056 1928 1112 sanctilicationem
1981 1060 2301 1127 abstulisse,

724 1146 826 1185 nec
858 1135 1092 1191 multum
1124 1155 1431 1208 qu:ererem
1472 1149 1754 1214 quomodo
1797 1158 1856 1203 et
1891 1165 2000 1218 qua
2053 1152 2301 1217 ratione,

723 1236 847 1289 quae
864 1227 1085 1282 nomina
1107 1229 1295 1285 divina
1319 1248 1424 1287 vox
1446 1238 1653 1291 sanctis
1680 1240 1911 1308 mystice
1939 1242 2146 1298 indidit
2172 1261 2307 1298 eon-

725 1321 806 1367 tra
838 1315 1150 1383 historiam,
1186 1324 1333 1379 inter
1374 1342 1496 1384 sese
1522 1333 1895 1396 converterit,
1944 1334 2120 1390 ﬁlium
2156 1339 2304 1390 toni-

727 1408 1111 1466 trnJoannem
1167 1431 1569 1484 praecursorem
1624 1421 1701 1475 ibi
1734 1426 2023 1494 appellans
2070 1427 2113 1482 i.
2162 1429 2302 1483 Cum

724 1514 857 1551 vero
888 1505 1212 1569 praeclarum
1244 1508 1443 1563 habeat
1480 1512 1767 1580 praemium
1795 1517 2114 1573 obedientia
2136 1561 2151 1583 ,
2197 1538 2307 1591 qua

729 1591 965 1646 maxime
991 1597 1322 1662 praesulibus
1359 1602 1685 1671 morigerari
1728 1608 2008 1677 jubemur,
2066 1626 2307 1683 eumque

730 1680 1039 1752 Scripturis
1066 1689 1240 1743 sacris
1269 1691 1443 1746 otium
1480 1694 1804 1765 impendere
1837 1709 1895 1754 et
1925 1718 2089 1757 nosse
2117 1719 2213 1759 eas
2249 1716 2308 1761 ct

730 1776 1131 1845 pervestigare,
1167 1780 1479 1852 divinaeque
1525 1785 1629 1855 legi
1655 1788 1745 1842 dic
1777 1805 1842 1845 ac
1895 1804 2057 1849 nocte
2094 1795 2309 1850 ineunt-

730 1862 883 1931 bere,
922 1868 1081 1923 bonis
1116 1872 1370 1945 ac'lrngi
1419 1877 1655 1933 maxime
1697 1884 1996 1939 convenire
2035 1885 2303 1950 viderem,

727 1956 895 2010 simul
942 1961 1414 2031 tergiversationis
1454 1978 1512 2023 et
1552 1971 1945 2030 inohedientia:
1992 1979 2303 2046 periculutn

730 2049 1100 2108 reformidans
1132 2095 1150 2121 ,
1209 2074 1385 2113 meam
1425 2061 1493 2115 de
1538 2064 1625 2118 his
1664 2068 2039 2135 conjecturam
2082 2086 2181 2139 pro
2226 2072 2308 2125 vi-

729 2142 884 2196 ribus
922 2148 1234 2213 enarrabo,
1279 2154 1501 2216 vestris,
1548 2156 1642 2225 qui
1689 2158 1795 2213 hoc
1840 2176 1927 2214 me
1975 2165 2185 2232 negotii
2224 2164 2309 2218 itt-

721 2233 1019 2302 junxistis,
1087 2245 1503 2309 precationibus
1546 2247 1742 2303 frctus.
1788 2251 2047 2307 Arbitror
2092 2255 2303 2325 igitur,

726 2324 873 2391 quod
920 2326 1024 2381 iste
1083 2330 1307 2387 divinus
1354 2345 1547 2391 contra
1588 2338 1878 2395 historiam
1903 2342 2046 2397 dixit
2086 2324 2305 2410 doctor,

724 2413 928 2468 Christi
979 2434 1378 2485 praecursorem
1429 2442 1529 2495 pro
1556 2431 1764 2484 tonitru
1817 2432 1930 2487 lilio
1962 2450 2199 2505 ponens,
2252 2438 2308 2494 id

729 2520 839 2557 non
869 2508 1033 2562 aliter
1055 2526 1217 2579 posse
1244 2514 1348 2568 nisi
1385 2531 1483 2584 per
1511 2523 2039 2591 contemplationem
2069 2529 2311 2599 compla-

727 2600 851 2653 nari
880 2641 896 2663 ,
953 2619 1076 2672 qua:
1118 2607 1235 2660 sola
1269 2618 1355 2663 est
1401 2626 1594 2666 eorum
1643 2630 1769 2683 qum
1798 2617 1867 2673 de
1913 2620 2147 2676 historia
2201 2623 2308 2678 sibi

727 2696 1117 2753 contradicere
1176 2701 1438 2757 videntur
1473 2708 1866 2775 complanatio,
1908 2712 2038 2779 quia
2099 2714 2309 2769 verita-

732 2793 843 2839 tem
898 2787 953 2841 in
1014 2792 1278 2846 omnibus
1320 2795 1633 2864 simplicem
1684 2801 1989 2855 secundum
2052 2812 2310 2859 naturam

735 2874 1161 2946 incorporaliter
1202 2883 1572 2950 demonstrat,
1614 2906 1724 2943 non
1774 2892 2009 2947 vocibus
2056 2904 2152 2948 aut
2192 2912 2317 2950 cor-

733 2967 963 3033 poribus
990 2982 1325 3027 concretam.
1361 2975 1841 3041 Quemadmodum
1876 2982 2045 3053 igitur
2084 3001 2315 3057 magnus

731 3056 976 3114 Joannes
1011 3062 1254 3132 Baptista
1293 3084 1607 3137 praenrsor
1636 3084 1864 3128 vocatus
1902 3084 2013 3140 est,
2057 3089 2313 3146 respectu

2405 606 2638 671 δίκαιον,
2695 608 2930 676 μάλιστα
2984 610 3229 677 θαύματι
3281 615 3428 684 μόνῳ
3492 618 3856 687 περιγράψας
3907 619 4005 688 τὴν

2406 698 2791 770 ἀπερίγραφον
2844 700 3099 771 δύναμιν,
3145 705 3245 757 οὐκ
3287 706 3428 774 ἔχων
3479 708 3665 761 ἄλλοθί
3722 726 3814 761 ποι
3876 711 4007 779 περὶ

2408 787 2516 842 τῶν
2558 791 2869 857 ἀνεφίκτων
2913 793 3014 861 τῆς
3048 796 3227 865 ψυχῆς
3260 798 3472 867 ἐρεῖσαι
3500 801 3603 869 τὴν
3636 802 4007 869 πολυκίνητον

2411 883 2570 952 βάσιν
2596 901 2611 915 ⁸
2637 885 2808 954 κάμὲ,
2846 886 2922 945 ὡς
2952 883 3130 952 εἷπον,
3180 890 3470 959 ἀρκεῖσθαι
3500 894 3593 945 τὸν
3627 896 3691 946 ὲκ
3732 893 3831 947 τοῦ
3878 895 4009 947 θαυ·

2411 976 2608 1045 μάζειν
2636 978 2803 1046 σοφοῦ
2846 978 3172 1034 διδασκάλου
3213 982 3433 1036 σύνεσιν
3464 986 3739 1055 ἁγιασμόν
3768 987 4006 1055 κομίσα-

2412 1068 2558 1128 σθαι,
2601 1068 2697 1122 καὶ
2737 1069 2813 1139 μὴ
2848 1072 3355 1140 πολυπραγμονεῖν,
3397 1075 3515 1137 πῶς
3563 1077 3660 1128 καὶ⁵
3698 1076 3807 1129 τίνι
3860 1076 4007 1144 λόγῳ

2410 1159 2541 1227 παρ’
2570 1160 2847 1230 ἱστορίαν,
2884 1161 3029 1233 ἅπερ
3064 1164 3185 1217 θεία
3228 1167 3383 1237 φωνὴ
3430 1169 3546 1231 τοῖς
3587 1169 3769 1235 ἁγίοις
3804 1186 4005 1237 μυστι-

2409 1252 2522 1313 κῶς
2549 1251 2793 1322 ὀνόματα
2831 1253 3097 1319 τέθεικεν,
3128 1256 3382 1327 ἀλλήλοις
3416 1260 3446 1311 ό
3474 1254 3799 1320 διδασκαλος
3830 1277 4007 1330 περι-

2407 1343 2623 1413 τρέπει,
2676 1345 2766 1397 τὸν
2822 1346 2937 1398 υἱὸν
2994 1347 3091 1416 τῆς
3148 1348 3379 1419 βροντῆς
3412 1350 3601 1420 (196
3648 1351 3700 1416 ὁ)
3748 1350 4005 1417 Ἰωάννην

2410 1437 2721 1506 πρόδρομον
2763 1438 3001 1491 ἐνταῦθα
3046 1441 3499 1509 προσαγορεύων.
3548 1442 3771 1511 Ἐπειδὴ
3805 1442 3867 1495 δὲ
3906 1443 4005 1494 καὶ

2409 1530 2509 1596 τῆς
2543 1528 2856 1591 εὐπειθείας
2886 1529 3058 1593 πολύς
3090 1532 3211 1584 ἐστι
3270 1534 3299 1585 ό
3330 1533 3543 1603 μισθὸς,
3576 1534 3793 1603 ἐντολῆς
3840 1535 4005 1603 μάλι-

2412 1634 2515 1671 στα
2538 1621 2652 1681 τοῖς
2684 1620 3015 1690 ἡγουμένοις
3047 1622 3335 1677 πείθεσθαι
3369 1623 3720 1693 κελευούσης,
3749 1626 3847 1677 καὶ
3880 1643 4003 1695 σχο-

2410 1709 2575 1763 λάσαι
2604 1712 2699 1762 καὶ
2733 1711 2939 1778 γνῶναι
2981 1713 3077 1766 καὶ
3110 1714 3339 1785 ἐρευνᾷν
3366 1715 3469 1778 τὰς
3501 1716 3747 1787 Γραφάς,
3778 1718 3875 1768 καὶ
3908 1735 4006 1786 με-

2409 1799 2570 1870 λετᾷν
2603 1801 2699 1854 τὸν
2728 1801 2870 1856 θεῖον
2896 1803 3062 1872 νόμον
3090 1805 3306 1874 ἡμέρας
3334 1807 3429 1858 καὶ
3459 1807 3675 1870 νυκτὸς,
3710 1809 3767 1859 ὲν
3798 1811 3916 1870 τοῖς
3943 1803 4004 1860 εὗ

2408 1891 2595 1962 ἔχουσι
2653 1894 2890 1962 μάλιστα
2939 1896 3198 1966 κείμενον
3228 1897 3422 1965 ἔγνων,
3458 1897 3552 1951 τοῦ
3597 1916 3657 1951 τε
3701 1899 3864 1952 δκνου
3907 1901 4007 1952 καὶ

2405 1984 2507 2052 τῆς
2535 1985 2819 2048 ἀπειθείας
2865 1986 2957 2039 τὸν
2996 1988 3239 2041 κίνδυνον
3284 1988 3671 2059 ὑφορώμενος,
3709 2007 4008 2059 στοχαπι-

2410 2075 2524 2139 κῶς
2556 2077 2685 2147 περὶ
2714 2077 2921 2130 τούτων
2948 2078 3091 2132 κατὰ
3110 2079 3341 2149 δύναμιν
3363 2080 3497 2149 ἐρῶ,
3525 2082 3647 2143 ταῖς
3677 2082 3836 2150 ὑμῶν
3865 2082 3997 2152 θαρ-

2413 2165 2523 2234 ρῶν
2550 2166 2662 2217 τῶν
2699 2167 3077 2233 ὲπιταξάντων
3115 2169 3324 2239 εὐχαῖς.
3367 2164 3539 2240 Οἶμαι
3568 2171 3750 2223 τοίνυν
3778 2172 3840 2224 τὸ
3871 2173 4009 2243 παρ’

2412 2256 2655 2326 ἱστορίαν
2700 2260 2995 2328 εἰρημένον
3044 2261 3123 2331 τῷ
3170 2262 3417 2333 θεοφόρῳ
3453 2262 3629 2333 τούτῳ
3669 2263 4007 2333 διδασκάλῳ,

2411 2348 2682 2419 παρατιθε
2693 2350 2840 2418 μένῳ
2878 2351 2972 2405 τὸν
2996 2352 3092 2406 τοῦ
3144 2353 3384 2422 Χριστοῦ
3415 2354 3723 2424 πρόδρομον
3752 2355 3877 2407 ἀντῖ⁵
3908 2355 4009 2407 τοῦ

2409 2444 2511 2511 τῆς
2557 2442 2788 2512 βροντῆς
2818 2443 2959 2509 υίοῦ,
2998 2445 3073 2515 μὴ
3110 2445 3373 2499 δύνασθαι
3414 2447 3590 2510 ἄλλως
3620 2448 3653 2516 ἢ
3687 2449 3833 2502 κατά
3866 2447 4009 2501 θεω-

2416 2535 2539 2603 ρίαν
2590 2536 2971 2605 όμαλίζεσθαι.
3015 2539 3169 2607 Μόνη
3219 2539 3330 2610 γὰρ
3390 2540 3530 2608 αὕτη
3582 2540 3692 2594 τῶν
3732 2542 3877 2594 κατά
3906 2543 4011 2610 τὴν

2416 2626 2657 2694 ἱστορίαν
2682 2626 2935 2696 ἀλλήλοις
2964 2628 3307 2681 ἀντικεῖσθαι
3341 2630 3644 2684 δοκούντων
3680 2632 3835 2685 ἐστὶν
3862 2634 4011 2699 όμα-

2413 2716 2627 2785 λισμὸς,
2653 2717 2730 2779 ὡς
2769 2718 2869 2787 τὴν
2898 2720 2956 2770 ὲν
2981 2718 3123 2781 ὅλοις
3158 2719 3422 2789 ἀλήθειαν
3455 2720 3633 2784 ἀπλῆν
3663 2716 3834 2773 οὖσαν
3863 2723 4013 2774 κατά

2414 2809 2511 2879 τὴν
2536 2809 2698 2878 φύσιν
2723 2810 3033 2877 ἀσωμάτως
3063 2812 3430 2881 ἐμφαίνουσα,
3466 2813 3540 2882 μὴ
3572 2815 4013 2882 συμπαχυνομέ-

2416 2918 2516 2969 νην
2546 2904 2669 2965 ταῖς
2716 2905 2923 2969 φωναῖς
2948 2903 2983 2973 ἢ
3022 2906 3136 2965 τοῖς
3175 2902 3447 2972 σώμασιν.
3483 2904 3696 2972 ’Ὠσπερ
3717 2898 3813 2955 οὖν
3842 2906 3873 2956 ὁ
3905 2905 4010 2973 μέ-

2416 3009 2519 3060 γας
2547 2994 2858 3063 Βαπτιστὴς
2883 2994 3139 3064 Ἰωάννης
3171 2992 3370 3066 appear;
3405 2994 3736 3065 πρόδρομος,
3768 2994 3848 3056 ὡς
3870 2994 4014 3064 πρὸς

2417 3085 2509 3137 τὸν
2552 3085 2770 3154 ἀληθῶς
2807 3085 3282 3155 προσδοκώμενον,
3332 3085 3426 3139 καὶ
3474 3086 3628 3155 φωνὴ
3656 3085 3795 3155 πρὸς
3825 3085 4013 3152 λόγον,

730 3151 856 3216 ejus
886 3154 978 3221 qni
1001 3171 1194 3211 revera
1214 3162 1633 3229 expectabatur,
1658 3175 1715 3218 et
1744 3166 1857 3219 Vox
1900 3180 2156 3237 respectu
2184 3170 2313 3224 Ser-

2420 3177 2489 3239 ὡς
2516 3151 2707 3230 τούτου
2741 3151 3059 3247 μηνυτικῶς
3087 3151 3494 3247 προηγουμένη,
3521 3177 3617 3229 καὶ
3645 3177 3842 3246 λύχνος
3874 3178 4015 3247 πρὸς

736 3242 915 3296 tnonis
942 3284 956 3307 ,
1010 3248 1168 3316 cujus
1206 3251 1569 3306 denuntiator
1628 3258 1949 3322 antecessit,
1986 3270 2044 3314 et
2084 3262 2314 3316 lucerna

737 3343 993 3400 respectu
1026 3338 1179 3402 solis,
1225 3343 1285 3393 σι
1312 3341 1621 3399 artiﬁcialis
1652 3356 1710 3400 et
1741 3350 1976 3416 positiva
2012 3359 2070 3404 et
2102 3360 2315 3422 tempo-

737 3424 872 3477 ralis
902 3426 991 3480 lux
1029 3442 1284 3499 respectu
1348 3438 1620 3492 naturalis
1669 3448 1720 3492 et
1767 3442 2082 3497 essentialis
2120 3454 2177 3497 et
2205 3461 2317 3499 non

736 3517 1051 3575 artiﬁciosa:
1089 3530 1146 3576 et
1173 3534 1395 3582 aeterna:
1434 3538 1603 3599 atque
1644 3531 2117 3603 inexstinguibilis
2154 3538 2319 3605 lucis,

735 3609 982 3665 arbitror
1028 3631 1163 3669 vero
1218 3619 1387 3675 ctiam
1439 3632 1500 3676 ut
1540 3624 1970 3694 resipisccntia,
2007 3632 2319 3686 naturalem

736 3717 945 3767 quaeso
997 3712 1361 3765 antecesserit
1410 3715 1684 3783 justitiam
1745 3728 1871 3787 post
1911 3736 1971 3775 se
2014 3723 2320 3779 secundum

738 3797 1107 3853 ceconomiam
1134 3801 1337 3857 factum
1382 3804 1450 3860 iri
1496 3809 1831 3877 praedicans,
1866 3812 1939 3866 ita
1976 3813 2069 3869 hic
2096 3832 2321 3885 quoque

739 3884 991 3942 divinum
1023 3890 1190 3947 istum
1217 3895 1505 3953 doctorem
1526 3914 1593 3955 eo
1626 3902 1774 3979 quod
1798 3913 1992 3958 contra
2031 3884 2321 3963 historiam

742 3996 999 4050 magnum
1021 3990 1334 4055 apostolum
1362 3993 1635 4050 Joannem
1684 4014 2085 4067 prtecursorem
2120 4001 2325 4057 dixerit

743 4073 974 4143 ligurate
1016 4080 1154 4135 velle
1181 4082 1522 4152 signiﬁcare,
1558 4089 1726 4143 etiam
1754 4094 2155 4162 evangelistam
2202 4112 2322 4151 ma-

740 4182 908 4232 gnum
928 4169 1197 4226 Joannem
1232 4175 1287 4229 in
1320 4177 1622 4249 Evangelio
1641 4197 1745 4236 suo
1768 4200 2171 4253 praecursorem
2202 4204 2323 4244 esse

741 4258 1029 4315 Sermonis
1060 4265 1233 4334 magis
1258 4270 1476 4338 mystici
1508 4278 1563 4325 et
1614 4275 1864 4341 majoris,
1902 4294 2103 4346 ‘quem.
2124 4282 2325 4349 praedi-

740 4353 973 4415 caverit,
1001 4356 1208 4424 quique
1238 4375 1341 4414 nec
1369 4363 1554 4417 verbis
1574 4367 1809 4434 exprimi
1844 4384 1945 4423 nec
1974 4370 2176 4441 lingua:
2201 4388 2327 4427 car-

742 4444 886 4499 nalis
916 4462 1049 4502 voce
1094 4450 1238 4505 edici
1274 4456 1469 4522 possit.
1513 4458 1847 4516 Sanctorum
1880 4464 2029 4517 enim
2076 4467 2327 4538 Evange-

2419 3267 2593 3334 ἥλιον,
2628 3265 2706 3329 ὡς
2734 3268 2984 3335 τεχνικόν
3028 3284 3087 3319 τε
3133 3267 3228 3320 καὶ
3275 3266 3491 3319 θετικὸν
3524 3267 3621 3319 καὶ
3664 3267 4016 3337 πρόσκιιφν

2421 3358 2536 3422 φῶς
2572 3357 2710 3427 πρὸς
2737 3358 2971 3427 φυσικόν
2999 3375 3057 3410 τε
3104 3359 3200 3411 καὶ
3230 3357 3489 3421 οὐσιῶδες
3540 3358 3635 3411 καὶ
3672 3359 4017 3427 ἀτέχναστον

2422 3452 2516 3503 καὶ
2545 3450 2762 3503 αἰώνιον
2793 3449 2908 3520 φῶς
2938 3452 3033 3503 καὶ
3077 3450 3369 3513 ἄσϐεστον,
3401 3445 3560 3520 οἶμαι
3601 3450 3661 3503 δὲ
3695 3451 3778 3503 ὄτι
3814 3450 3912 3502 καὶ
3940 3452 4017 3512 ὡς

2426 3540 2709 3609 μετάνοια,
2762 3541 2863 3611 τὴν
2912 3541 3020 3611 πρὸ
3069 3542 3241 3611 αὐτῆς
3273 3542 3413 3596 κατά
3448 3543 3610 3611 φύσιν
3654 3543 4019 3613 ὑπάρχουσαν

2419 3634 2773 3706 δικαιοσύνην
2816 3635 2936 3706 μετ’
2966 3634 3138 3705 αὐτὴν
3187 3635 3308 3689 κατ’
3346 3637 3662 3705 οἰκονομίαν
3711 3638 4019 3704 γενομένην

2424 3724 2798 3795 κηρύττουσα,
2820 3754 2883 3765 -
2912 3724 3088 3789 οὕτως
3121 3721 3282 3795 οἶμαι
3317 3724 3601 3779 κάνταῦθα
3624 3727 3714 3778 τὸν
3746 3726 4021 3795 θεόφρονα

2422 3815 2613 3870 τοῦτον
2642 3816 2963 3871 διδάσκαλον
2987 3816 3075 3870 διὰ
3101 3816 3197 3870 τοῦ
3236 3817 3371 3888 παρ’
3406 3816 3649 3887 ἱστορίαν
3672 3819 3854 3870 εἰπεῖν
3881 3820 4021 3889 πρὸο

2423 3909 2627 3979 δρομον
2678 3909 2771 3961 τὸν
2825 3909 3000 3978 μέγαν
3055 3909 3355 3962 ἀπόστολον
3405 3909 3661 3979 Ἰωάννην
3694 3909 4023 3977 παραινίξα-

2427 4003 2575 4065 σθαι,
2612 4002 2811 4061 θέλειν.
2835 4004 3029 4072 ὅτιπερ
3056 4002 3153 4054 καὶ
3192 4001 3450 4071 Ἰωάννης
3468 4001 3498 4053 ό
3526 4002 3701 4071 μέγας
3738 4001 4025 4069 εὐαγγελιι

2428 4097 2560 4164 στῆς
2593 4097 2653 4147 ὲν
2684 4093 2761 4164 τῷ
2791 4096 2913 4147 κατ’
2948 4093 3114 4146 αὐτὸν
3168 4092 3491 4163 Εὑαγγελίῳ
3539 4092 3853 4163 πρόδρομός
3901 4095 4023 4145 ἐστι

2424 4186 2519 4240 τοῦ
2570 4187 2636 4239 δι’
2678 4186 2846 4239 αὑτοῦ
2890 4186 3234 4256 μηνυομένου
3274 4185 3458 4255 i197
3503 4184 3559 4256 a)
3604 4185 4022 4255 μυπικωτέρον

2428 4281 2522 4333 καὶ
2556 4279 2801 4350 μείζονος
2856 4280 3053 4347 Λόγου,
3094 4279 3189 4332 καὶ
3227 4278 3527 4348 γράμμασι
3557 4276 3881 4347 τυπωθῆναι
3931 4279 4027 4330 καὶ

2428 4375 2581 4444 φωνῇ
2643 4372 2895 4441 γλώσσης
2952 4371 3215 4441 σαρκίνης
3267 4370 3503 4442 ῥηθῆναι
3559 4369 3636 4441 μὴ
3689 4369 4025 4439 δυναμένου.

2432 4464 2775 4535 Στοιχεὶωσις
2798 4463 2999 4531 γάρὼς
3028 4462 3166 4532 πρὸς
3196 4462 3293 4533 τὴν
3324 4462 3720 4531 ὲπιγινομένην
3754 4462 4029 4514 ἑκάστοτε

743 4536 947 4591 liorum
983 4541 1254 4609 scriptura
1286 4546 1564 4603 institutio
1587 4559 1674 4606 est
1708 4553 1774 4605 ad
1812 4556 2217 4626 cognitionem,
2242 4561 2314 4614 eis

2430 4559 2544 4619 τοῖς
2571 4557 2637 4609 δι’
2670 4555 2852 4609 αὐτῶν
2885 4554 3233 4623 ὑψουμένοις,
3265 4554 3362 4606 καὶ
3405 4554 3468 4605 τὸ
3498 4554 3675 4623 πάχος
3701 4553 3799 4605 τοῦ
3836 4570 4028 4623 σωμα-

743 4645 967 4699 semper
1032 4634 1413 4705 obtingentem
1476 4643 1571 4711 qni
1623 4660 1723 4713 per
1774 4646 1865 4699 illa
1900 4649 2217 4703 cxaltentur
2274 4667 2314 4705 ea

2431 4647 2585 4701 τικοῦ
2614 4646 2962 4716 φρονήματος
2994 4644 3387 4713 πνευματικῶς
3418 4641 3629 4695 ἑαυτῶν
3668 4641 4027 4707 ἀποξέουσιν,

742 4723 1052 4789 corporalis
1082 4727 1393 4793 prudentiae
1418 4733 1670 4787 crassitie
1697 4735 2064 4803 spiritualiter
2095 4756 2153 4793 se
2196 4756 2314 4809 pur-

2432 4739 2466 4809 ἦ
2516 4740 2609 4791 καὶ
2667 4736 3138 4807 ἐπιγενησομένην
3194 4737 3251 4797 ἐς
3304 4734 3531 4804 ὕστερον
3589 4733 3817 4801 γνῶσιν,
3887 4737 4030 4803 μετά

744 4819 897 4877 gent,
935 4812 1019 4866 vel
1042 4830 1165 4882 qua:
1190 4816 1243 4869 in
1276 4817 1467 4873 futuro
1512 4821 1783 4894 obtinget,
1827 4836 1953 4895 post
1988 4845 2171 4882 rerum
2209 4847 2314 4899 qua

2432 4834 2533 4903 τὴν
2562 4832 2672 4885 τῶν
2707 4829 3042 4901 κινουμένων
3075 4828 3416 4891 συντέλειαν,
3442 4829 3475 4897 η
3504 4828 3614 4880 τῶν
3641 4827 3822 4895 ἁγίων
3859 4829 4031 4895 εὐαγ-

750 4913 1033 4959 motantur
1078 4914 1636 4971 consummationem.
1684 4918 1818 4972 Nam
1862 4920 2007 4975 sicut
2048 4924 2133 4976 lex
2173 4924 2321 4978 insti-

748 4998 893 5051 tutio
920 5007 1063 5065 erat,
1104 5017 1205 5071 per
1245 5009 1603 5075 temporalem
1645 5027 1768 5079 qum.
1822 5012 1876 5066 in
1910 5030 1973 5067 ea
2030 5018 2336 5085 apparebat

748 5092 1151 5161 cognitionem,
1177 5112 1373 5151 eorum
1424 5101 1521 5169 qui
1559 5119 1657 5171 per
1707 5105 1881 5174 ipsum
1937 5107 1992 5160 in
2025 5108 2332 5173 Christum,

751 5183 1079 5241 Sermonem
1129 5188 1185 5241 in
1228 5207 1395 5245 carne
1447 5193 1675 5260 factum,
1710 5198 2115 5253 erudiebantur
2159 5209 2216 5255 et
2268 5201 2334 5255 ad

662 5279 667 5283 ’
752 5277 992 5346 primum
1029 5282 1153 5351 ejus
1186 5283 1485 5339 adventum
1519 5287 1818 5359 Evangelio
1850 5291 2214 5362 cogebantur,
2260 5294 2333 5347 ita

754 5380 1007 5426 sanctum
1039 5391 1262 5444 quoque
1300 5379 1657 5451 Evangelium
1694 5382 1972 5440 institutio
2017 5396 2104 5441 est
2141 5403 2335 5442 eorum

753 5464 850 5533 qui
883 5481 980 5534 per
1006 5466 1183 5536 ipsum
1204 5470 1257 5525 in
1285 5471 1590 5536 Christum,
1617 5474 1939 5532 Sermonem
1965 5478 2335 5548 spiritualcm,

752 5558 1113 5625 erudiuntur,
1144 5573 1201 5616 et
1226 5564 1293 5618 ad
1328 5566 1636 5621 secundmn
1664 5569 1785 5637 ejus
1813 5570 2112 5625 adventum
2147 5572 2338 5627 l'nturo

758 5651 815 5707 in
860 5653 1070 5708 mundo
1099 5652 1412 5725 coguntur;
1470 5659 1514 5713 si
1549 5660 1774 5729 quidem
1823 5680 1955 5717 caro
2003 5674 2055 5720 et
2110 5665 2339 5734 spiritus

850 5839 868 5877 ι
910 5836 1049 5892 l‘sal.
1083 5854 1298 5903 t.\x.\lll,
1327 5845 1375 5893 tv.
1462 5851 1470 5883 ι
1508 5839 1670 5895 Marc.
1703 5856 1781 5906 tu,
1820 5840 1902 5896 l7.

2435 4923 2632 4991 γελίων
2659 4922 2778 4975 ἐστὶ
2802 4921 3119 4993 συγγραφή.
3142 4921 3357 4991 Ὥσπερ
3381 4920 3491 4991 γὰρ
3514 4921 3543 4972 ό
3563 4921 3725 4990 νόμος
3750 4923 4039 4991 στοιχείω-

2439 5034 2523 5078 σις
2552 5011 2641 5085 ἦν,
2676 5015 2820 5069 κατά
2863 5016 2964 5084 τὴν
2994 5013 3132 5077 τέως
3170 5012 3587 5083 ἒμφαινομένην
3617 5011 3769 5081 αὑτῷ
3802 5013 4032 5079 γνῶσιν,

2436 5108 2545 5160 τῶν
2570 5107 2640 5160 δι’
2663 5107 2830 5161 αὑτοῦ
2859 5107 2940 5170 είς
2969 5104 3204 5175 Χριστὸν
3234 5105 3326 5158 τὸν
3354 5105 3415 5156 ἐν
3455 5102 3619 5174 σαρκὶ
3644 5102 3824 5171 Λόγον
3868 5105 4032 5157 no.5-

2437 5217 2655 5268 αγωγου
2664 5198 2860 5267 μένων,
2877 5198 3057 5267 καὶτῷ
3074 5195 3391 5267 Εὐαγγελίῳ
3406 5196 3545 5250 κατά
3561 5195 3658 5265 τὴν
3680 5195 3853 5249 αὐτοῦ
3880 5196 4034 5268 πρὼ-

2442 5310 2544 5363 την
2600 5293 2909 5362 παρουσίαν
2963 5288 3383 5359 συναγομένωνο
3436 5287 3582 5341 οὕτω
3610 5287 3705 5340 καὶ
3752 5286 3818 5339 τὸ
3872 5288 4035 5355 ἅγιον

2445 5384 2782 5455 Εὑαγγέλιον
2814 5382 3154 5455 στοιχείωσίς
3185 5384 3302 5435 ἐστι
3325 5380 3436 5434 τῶν
3472 5381 3540 5433 δι’
3578 5379 3744 5433 αὑτοῦ
3792 5380 3874 5441 εις
3901 5379 4039 5447 Χριο

2459 5478 2581 5532 στὸν
2610 5479 2702 5532 τὸν
2731 5479 2789 5530 ὲν
2821 5478 3093 5546 πνεύματι
3120 5476 3294 5543 Λόγον
3338 5472 3911 5544 παιδαγωγουμένων,
3950 5474 4043 5525 καὶ

2446 5571 2524 5643 τῷ
2565 5571 2812 5641 μέλλοντι
2863 5569 3052 5640 κόσμῳ
3086 5568 3226 5621 κατὰ
3255 5567 3354 5638 τὴν
3398 5566 3656 5636 δευτέραν
3691 5563 3862 5618 αὐτοῦ
3898 5582 4043 5637 παρ-

2448 5663 2636 5719 ουσίαν
2693 5662 3105 5733 συναγομένων·
3145 5660 3337 5734 ἐπειδὴ
3368 5660 3477 5730 γὰρ
3519 5656 3657 5731 σὰρξ
3683 5658 3779 5712 καὶ
3814 5656 4046 5727 ττνεῦμά
