4192 6434
737 372 869 437 124.7
1879 386 1938 444 S.
1982 384 2269 445 ΜΑΧΙΜῙ
2310 387 2392 448 C0

2360 387 2454 448 ΟΝ
2464 387 2825 449 FESSOIUS
3872 386 4015 453 1248

729 508 862 543 vero
889 492 1247 562 Evangelium
1280 492 1462 555 Luae,
1491 502 1552 547 ut
1576 495 1723 563 qttod
1752 497 2076 565 ampliorem
2106 514 2317 551 scrmo-
2348 527 2384 580 Α

2361 527 2385 579 λ
2420 500 2543 570 ρίαν
2573 502 2686 563 τοῖς
2730 502 2953 571 τρόποις
2987 501 3355 570 κατάλληλον,
3386 502 3483 570 τῆς
3528 501 3585 554 δὲ
3630 500 3913 568 θεολογίας
3956 502 4016 549 τό

729 584 819 636 nis
852 585 1258 637 enarrationem
1292 585 1597 645 contineat.
1631 598 1687 641 et
1732 588 2101 643 institutionis
2134 590 2310 643 histo-

2423 592 2566 644 κατὰ
2613 592 2888 663 Ἰωάννην,
2917 591 2977 657 ἐξ
3004 588 3070 664 ἧς
3105 596 3199 645 καὶ
3247 595 3327 656 εἰς
3366 594 3432 662 ἢν
3463 591 3784 662 θεοπρεπῶς
3809 590 4016 661 ἧρξατό

730 678 870 728 riam
903 677 1081 728 modis
1106 691 1406 745 congruam
1436 688 1494 731 et
1524 688 1989 745 consentaneam;
2025 682 2315 751 tlieologim

1159 692 1406 745 mgruam
1436 688 1494 731 et
1524 688 1989 745 consentaneam;
2025 682 2315 751 tlieologim
2421 699 2483 733 τε
2508 684 2604 736 καὶ
2634 683 2814 755 ἔληξε.

731 769 971 837 denique
1019 770 1328 839 symbolum
1371 786 1494 825 esse
1536 771 1765 827 Joannis
1813 773 2198 844 Evangelium,
2246 790 2313 828 ex
2351 789 2465 844 quo
2526 782 2582 830 et
2628 774 2685 831 in
2764 775 2913 847 quod
2957 776 3072 830 Deo
3115 776 3517 832 convenienter
3566 774 3918 830 inchoaverit
3964 783 4020 825 et

734 863 999 915 finiverit.

802 954 981 1023 Atque
1012 971 1206 1008 rursus
1247 964 1307 1009 ut
1336 955 1617 1009 sensibilis
1644 957 1889 1011 mundus
1916 958 2163 1026 quinque
2190 972 2321 1012 scn-

2500 956 2612 1010 Καὶ
2645 956 2809 1011 πάλιν
2851 955 3043 1025 ὥσπερ
3087 958 3116 1009 ὁ
3158 957 3417 1025 αἰσθητὸς
3469 957 3678 1027 κόσμος
3729 974 4018 1025 στοιχειω-

736 1062 897 1099 suum
935 1049 1264 1101 naturaliter
1308 1058 1392 1101 est
1439 1048 1751 1111 institutor,
1784 1050 1915 1103 dum
1959 1050 2209 1120 subjaoet
2239 1049 2323 1104 eis

2427 1048 2580 1111 τικός
2630 1050 2747 1102 ἐστι
2812 1050 2953 1103 κατά
3026 1049 3191 1119 φύσιν
3244 1050 3355 1101 τῶν
3441 1050 3605 1103 πέντε
3652 1049 3974 1119 αἰσθήσεων
4004 1093 4017 1114 ,

733 1148 900 1207 atque
943 1139 1009 1192 ad
1062 1156 1119 1193 se
1166 1140 1752 1208 comprehendendum
1800 1156 1898 1194 eos
1941 1140 2192 1203 deducit,
2245 1140 2322 1195 ita

2429 1138 2755 1192 ὑποπίπτων
2800 1140 2992 1202 αὑταῖς
3038 1141 3132 1193 καὶ
3182 1140 3320 1211 πρὸς
3367 1140 3471 1209 τὴν
3516 1140 3717 1194 ἑαυτοῦ
3770 1142 4017 1210 κατάλη-

734 1228 902 1281 ctiam
930 1228 1323 1282 intellectualis
1351 1230 1590 1283 mundus
1614 1231 1881 1284 virtutum
1908 1239 2015 1294 est,
2042 1230 2174 1284 dum
2198 1230 2322 1284 ani-

2428 1225 2523 1294 ψιν
2551 1226 2762 1297 ὁδηγῶν
2785 1270 2800 1289 ,
2852 1227 2997 1281 οὕτω
3032 1229 3127 1281 καὶ
3156 1229 3185 1281 ό
3218 1229 3362 1282 κατὰ
3407 1230 3649 1283 διάνοιαν
3678 1231 3885 1301 κόσμος
3910 1232 4021 1283 τῶν

737 1336 837 1374 nec
870 1321 1229 1373 facultatibus
1260 1322 1501 1375 obnoxia
1534 1322 1601 1375 ad
1635 1321 1893 1391 spiritum
1930 1338 2027 1375 eas
2060 1322 2320 1385 instituit,

2431 1319 2666 1387 ἀρετῶν,
2712 1323 2835 1383 ταῖς
2881 1322 2984 1390 τῆς
3023 1321 3205 1391 ψυχῆς
3243 1324 3568 1376 ὑποπίπτων
3588 1325 3852 1395 δυνάμεσι
3878 1343 4021 1379 στοι-

732 1423 793 1466 et
821 1414 1125 1466 uniformcs
1158 1414 1342 1469 reddit
1390 1415 1645 1483 circaque
1680 1429 1810 1468 eum
1858 1414 2127 1469 duntaxat
2167 1430 2324 1469 com-

2428 1410 2566 1478 χειοτ
2594 1408 2763 1471 αὐτὰς
2817 1410 2956 1477 πρὸς
3002 1408 3062 1461 τδ
3108 1409 3361 1480 πνεῦμα,
3414 1413 3669 1475 ἐνοειδείς
3711 1414 4022 1484 ἐργαζόμε-

738 1505 945 1557 moveri
980 1506 1208 1573 ejusque
1240 1506 1696 1575 perceptionibus
1731 1506 1890 1560 inniti
1922 1507 2102 1576 jubet.
2138 1494 2207 1561 Et
2240 1507 2325 1575 ip-

2428 1519 2518 1564 νος
2574 1502 2652 1572 τῷ
2695 1504 2824 1570 περὶ
2872 1502 3009 1556 αὐτὸ
3040 1503 3201 1573 μόνον
3246 1503 3421 1567 αὐτας
3454 1506 3745 1570 κινεῖσθαι,
3768 1508 3865 1559 καὶ
3895 1511 4019 1570 ταῖς

736 1594 817 1647 sis
850 1608 980 1646 vero
1028 1597 1280 1664 corporis
1328 1596 1589 1649 sensibus
1636 1596 1944 1650 secundum
1993 1597 2327 1651 diviniorem

2429 1592 2596 1646 αὐτοῦ
2646 1592 2998 1662 ἀντιλήψεσιν
3027 1594 3429 1665 ἐπερείδεσθαι.
3471 1597 3581 1647 Καὶ
3610 1597 3781 1660 αὐτὰς
3810 1598 3870 1650 δὲ
3916 1601 4014 1660 τὰς

737 1686 1010 1739 rationem
1062 1690 1145 1740 eis
1186 1688 1628 1752 convenientem,
1679 1688 1895 1742 institui
1929 1691 2084 1743 aiunt
2128 1691 2327 1746 anima:

2429 1686 2710 1755 αἰσθήσεις
2737 1685 2830 1739 τοῦ
2859 1685 3132 1756 σώματος,
3158 1688 3301 1741 κατά
3322 1687 3415 1740 τὸν
3440 1690 3630 1751 αὑταῖς
3658 1690 4022 1759 ἐμπρέποντα

740 1776 1067 1840 facultates,
1122 1787 1180 1831 ut
1223 1780 1427 1846 quilms
1487 1778 1554 1832 ad
1606 1780 1880 1849 agendum
1928 1782 2193 1850 paulatim
2239 1782 2326 1836 in-
2362 1834 2395 1851 η

2365 1834 2402 1851 __
2431 1778 2706 1847 θειότερον
2753 1778 2935 1847 λόγον,
2961 1780 3375 1850 ποιχειωτικάς
3416 1776 3557 1833 εἷναί
3585 1798 3720 1850 φασι
3782 1782 3893 1835 τῶν
3922 1784 4020 1851 τῆς

741 1879 1051 1930 struantur,
1084 1870 1393 1923 rationibus
1434 1872 1695 1926 nimirum
1728 1889 1852 1942 qum
1884 1874 1937 1927 in
1971 1875 2140 1927 rebus
2180 1874 2329 1928 exsi-
2362 1834 2396 1889 u

2369 1834 2405 1889 Β
2431 1834 2937 1939 ψυχῆςιδυνάμέων,
2964 1834 3338 1940 ποιὶειούσας
3356 1834 3523 1933 αὑτάς
3545 1834 3729 1941 ἠρέμα
3750 1873 3890 1942 πρὸς
3944 1834 4024 1924 ιζ

742 1962 1017 2012 stentilnts
1074 1962 1244 2015 insint
1288 1963 1773 2032 apprchendendis
1823 1980 1888 2019 ac
1930 1966 2328 2035 percipiendis,

2433 1960 2673 2030 έργειαν,
2692 1964 2811 2024 ταῖς
2828 1961 2893 2033 δὴ
2910 1962 2953 1994 ’⁸
2974 1962 3179 2015 ἑαυτῶν
3195 1962 3513 2032 ἀντιλήψεσι
3536 1963 3646 2015 τῶν
3672 1965 3732 2015 ἐν
3757 1966 3875 2026 τοῖς
3903 1958 4026 2016 οὖσι

744 2062 840 2113 per
891 2065 1027 2115 quas
1092 2052 1259 2103 veluti
1331 2068 1430 2120 per
1488 2053 1695 2107 litteras
1756 2056 2020 2125 quasdam
2086 2058 2170 2111 eis
2234 2058 2331 2126 qui

2433 2052 2629 2119 λόγων,
2651 2052 2719 2107 δι’
2740 2047 2817 2107 ὧν
2834 2052 2911 2116 ὼς
2923 2052 3009 2106 διὰ
3026 2055 3374 2126 γραμμάτων
3392 2056 3552 2108 τινῶν
3571 2058 3685 2117 τοῖς
3708 2055 4027 2120 ὀξυωποῦσι

745 2140 1031 2191 oculorum
1099 2141 1153 2194 in
1218 2145 1510 2197 veritatem
1581 2146 1757 2200 aciem
1827 2148 2125 2203 intendunt
2186 2150 2334 2204 Deus

2436 2144 2575 2213 πρὸς
2608 2144 2705 2215 τὴν
2732 2145 2992 2215 ἀλήθειαν
3055 2146 3085 2198 ὀ
3132 2146 3267 2209 Θεὸς
3324 2147 3498 2213 Λόγος
3554 2147 4024 2214 ἀναγινώσκεται.

743 2231 940 2283 Sermo
968 2232 1190 2301 legitur.
1220 2234 1375 2289 Unde
1407 2246 1464 2290 et
1491 2239 1835 2307 exemplares
1861 2241 2059 2294 animm
2096 2242 2331 2296 faculta-

2436 2236 2602 2291 Ὅθεν
2630 2237 2724 2290 καὶ
2756 2238 3268 2309 παραδειγματικάς
3289 2238 3397 2291 τῶν
3438 2240 3689 2309 ψυχικῶν
3729 2239 4030 2308 δυνάμεων

745 2332 861 2376 tum
892 2325 1161 2393 imagines
1194 2343 1393 2383 sensus
1416 2342 1776 2397 vocaverunt,
1799 2349 1925 2387 cmn
1951 2338 2333 2405 unusquisque

2436 2331 2653 2393 εἰκόνας
2676 2330 2775 2394 τὰς
2796 2330 3079 2400 αἰσθήσεις
3102 2332 3390 2393 ἐκάλεσαν,
3438 2330 3511 2393 ὡς
3545 2332 3783 2399 ἑκάστης
3837 2333 4031 2401 αἰσθή-

744 2432 945 2470 sensus
968 2434 1094 2471 cum
1125 2420 1496 2476 instrumento
1533 2439 1659 2488 suo,
1694 2426 1995 2495 unicuique
2022 2428 2218 2482 animze.
2253 2429 2334 2482 fa-

2439 2438 2574 2485 σεως
2609 2423 2747 2490 μετά
2795 2422 2889 2475 τοῦ
2922 2422 3097 2491 αὐτῆς
3144 2423 3406 2494 ὀργάνου,
3434 2423 3601 2491 ἤγουν
3634 2422 4027 2493 atatim-quou.

746 2510 939 2562 cultati
966 2513 1367 2567 convenienter
1396 2516 1607 2571 ratione
1636 2518 1809 2587 magis
1840 2520 2068 2590 mystica
2093 2520 2161 2573 de
2185 2521 2339 2589 prino

2438 2514 2873 2584 προηγουμένως
2898 2514 3090 2584 (198
3138 2514 3189 2585 ὁ)
3218 2515 3429 2587 ἑκάστῃ
3455 2515 3686 2583 δυνάμει
3715 2516 3819 2584 τῆς
3845 2515 4030 2584 ψυχῆς

746 2600 894 2667 eipio
926 2616 955 2653 a
1000 2613 1199 2656 natura
1244 2605 1548 2660 attributus
1579 2608 1673 2661 sit.
1705 2608 1783 2663 Ac
1816 2608 2093 2663 facultatis
2126 2610 2336 2665 intelli-

2438 2605 2719 2673 ἀναλόγως
2746 2607 3141 2675 μυστικωτέρῳ
3192 2609 3300 2659 τινὶ
3332 2606 3475 2676 λόγῳ
3510 2608 3652 2660 κατά
3688 2606 3856 2673 φύσιν
3879 2624 4028 2658 νενε-

748 2690 935 2757 gendi,
982 2694 1098 2745 sive
1155 2694 1378 2758 mentis,
1430 2696 1633 2760 visum,
1687 2696 1975 2751 rationalis
2019 2714 2174 2762 vero,
2219 2699 2337 2753 sive

2446 2695 2718 2766 μημένης.
2752 2698 2864 2749 Καί
2892 2714 3059 2764 φασιν
3092 2696 3235 2751 εἶναι
3263 2699 3363 2767 τῆς
3390 2700 3489 2767 μέν
3521 2700 3719 2768 νοερᾶς
3738 2698 4030 2767 δυνάμεως

748 2786 1023 2837 sermonis
1049 2785 1321 2849 auditum,
1350 2789 1520 2843 animi
1553 2789 1840 2854 olfactum,
1865 2792 2338 2861 concupiscentia:

2440 2787 2559 2857 ἦτοι
2583 2786 2681 2840 τοῦ
2710 2787 2803 2840 νοῦ
2824 2789 2924 2858 τὴν
2964 2790 3199 2860 όπτικὴν
3253 2792 3529 2860 αἴσθησιν,
3561 2790 3661 2859 τῆς
3685 2790 3744 2842 δέ
3796 2788 4030 2854 λογικῆς

750 2884 991 2942 gustum,
1022 2877 1207 2931 vitalis
1251 2886 1457 2933 tactum
1492 2896 1614 2934 esse
1657 2896 1881 2935 sensum
1928 2882 2143 2945 dicunt,
2171 2892 2337 2953 atque

2441 2878 2563 2947 ἦτοι
2591 2878 2684 2930 τοῦ
2713 2879 2871 2947 λόγου
2905 2880 3005 2950 τὴν
3028 2882 3389 2951 ἀκουστικὴν,
3431 2881 3533 2950 τῆς
3558 2881 3613 2934 δέ
3652 2880 3900 2949 θυμικῆς
3934 2881 4031 2948 τὴν

750 2970 1079 3037 simpliciter
1103 2980 1162 3022 ut
1184 2972 1389 3025 clarius
1414 2988 1501 3027 me
1526 2974 1856 3043 exprimam,
1883 2976 2089 3029 mentis
2111 2976 2337 3045 quidem

2441 2971 2834 3041 όσφραντικὴν,
2873 2973 2973 3041 τῆς
3014 2974 3423 3045 ἐπιθυμητικῆς
3458 2976 3517 3028 δὲ
3553 2979 3654 3046 τὴν
3702 2974 4034 3043 γευστικὴν.

752 3058 934 3129 imago
964 3069 1047 3112 est
1080 3062 1252 3124 visus,
1287 3062 1393 3117 hoc
1424 3073 1509 3117 est
1536 3065 1753 3129 oculus,
1793 3066 2070 3120 sermonis
2112 3078 2200 3121 est
2243 3082 2340 3121 au-

2441 3065 2539 3132 τῆς
2561 3062 2619 3115 δὲ
2650 3063 2887 3133 ζωτικῆς
2908 3064 3007 3134 τὴν
3030 3065 3290 3135 ἀπτικὴν,
3317 3067 3410 3118 καὶ
3437 3064 3625 3127 ἁπλῶς
3648 3066 3737 3117 ἵνα
3764 3064 4033 3133 σαφέστεο

751 3150 922 3213 ditus,
959 3152 1063 3207 hoc
1110 3163 1197 3207 est
1241 3155 1417 3216 auris,
1450 3156 1621 3210 animi
1668 3163 1755 3210 est
1796 3156 2054 3223 olfactus,
2102 3159 2209 3213 hoc
2252 3167 2340 3214 est
2366 3174 2406 3233 ο

2379 3174 2411 3233 Β
2448 3172 2541 3224 ρον
2572 3156 2731 3219 εἴπω,
2767 3154 2863 3209 τοῦ
2896 3156 2995 3222 μὲν
3024 3157 3115 3210 νοῦ
3143 3159 3291 3211 ἐστιν
3331 3158 3499 3211 είκὼν
3539 3160 3573 3227 ἠ
3610 3158 3754 3226 ὄψις,
3806 3158 3981 3226 ἥγουν
4006 3159 4034 3208 ὁ

753 3258 942 3305 nasus,
986 3246 1452 3314 concupiscentia
1489 3254 1574 3302 est
1619 3256 1836 3317 gustus,
1870 3257 2034 3318 atque
2080 3249 2207 3304 vitae
2253 3260 2340 3305 est

2446 3244 2747 3314 ὀφθαλμὸς,
2774 3263 2868 3298 του
2902 3248 2960 3298 δὲ
2985 3249 3144 3314 λόγου
3173 3248 3378 3316 ἐστὶνὴ
3406 3249 3565 3315 ἀκοὴ,
3606 3248 3776 3315 ῆγουν
3812 3246 3873 3298 τδ
3914 3243 4034 3307 οὖς.

754 3346 961 3403 tactus;
999 3339 1203 3407 quibus
1244 3343 1425 3395 anima
1473 3342 1777 3395 secundum
1824 3341 1944 3406 Dei,
1990 3343 2087 3412 qui
2137 3353 2338 3398 cuncta

2446 3340 2541 3389 τοῦ
2570 3339 2630 3391 δὲ
2651 3337 2825 3408 θυμοῦ
2860 3342 3008 3393 ἐστιν
3032 3342 3065 3409 η
3090 3340 3381 3411 δσφρησις,
3408 3343 3577 3410 ἤγουν
3615 3342 3648 3408 ὴ
3687 3340 3795 3410 ῥὶς,
3838 3338 3946 3406 τῆς
3982 3340 4037 3391 δὲ

753 3431 1034 3497 sapienter
1076 3432 1335 3497 instituit,
1381 3433 1557 3503 legem
1590 3434 1919 3488 naturaliter
1966 3435 2209 3489 innitens
2245 3451 2347 3504 per

2447 3430 2741 3500 ἐπιθυμίας
2770 3430 2920 3485 ἐστὶν
2955 3433 2989 3502 ή
3025 3431 3236 3499 γεῦσις,
3267 3434 3365 3486 καὶ
3387 3435 3483 3503 τῆς
3514 3432 3663 3502 ζωῆς
3693 3434 3727 3501 ἡ
3763 3432 3877 3501 ἁφή
3901 3448 3916 3460 ·
3950 3425 4038 3491 αἷς

754 3539 883 3576 suas
924 3524 1233 3589 facultates,
1266 3536 1323 3580 et
1368 3526 1436 3579 ad
1482 3527 1765 3581 sensibilia
1809 3529 1958 3582 varie
2004 3528 2343 3593 transducta,

2446 3525 2481 3591 ὴ
2525 3522 2673 3593 ψυχὴ
2707 3524 2846 3577 κατά
2876 3524 2971 3577 τὸν
3025 3524 3192 3594 νόμον
3230 3523 3325 3577 τοῦ
3356 3524 3425 3577 τά
3470 3524 3649 3578 πάντα
3698 3524 3880 3591 σοφῶς
3937 3522 4032 3591 δη-

756 3615 801 3665 si
836 3614 977 3669 bene
1009 3632 1105 3684 per
1138 3617 1432 3671 facultates
1471 3634 1602 3673 suas
1629 3635 1727 3673 usa
1761 3620 1929 3674 fuerit
1972 3620 2026 3673 in
2077 3621 2347 3689 multipli-

2454 3614 2888 3683 μιουργήσαντος
2937 3614 3076 3669 Θεοῦ
3132 3615 3275 3669 κατά
3324 3615 3486 3683 φύσιν
3550 3614 3899 3685 ἐποχουμένη
3948 3614 4039 3667 διὰ

756 3707 917 3761 cibus
950 3725 1134 3762 rerum
1168 3711 1482 3766 rationibus
1515 3713 1864 3781 colligendis,
1902 3722 1959 3767 et
1987 3713 2055 3767 ad
2080 3729 2140 3767 se
2169 3714 2343 3782 ipsam

2449 3704 2559 3757 τῶν
2579 3705 2750 3774 αὐτῆς
2777 3706 3081 3775 δυνάμεων,
3114 3706 3210 3758 καὶ
3238 3704 3376 3774 πρὸς
3404 3704 3476 3758 τὰ
3508 3704 3744 3774 αίσθητά
3773 3703 4042 3764 ποικίλοις

754 3798 1040 3867 sapienter
1082 3803 1380 3857 transferre
1411 3806 1655 3873 potuerit
1701 3806 1961 3860 universa
2005 3822 2127 3874 quae
2169 3806 2351 3860 oculis

2450 3793 2899 3864 διαδιὸαζομένη,
2932 3796 2981 3849 εί
3031 3795 3133 3865 μὲν
3151 3794 3337 3858 καλῶς
3382 3794 3648 3865 χρήσαιτο
3678 3796 3801 3856 ταῖς
3838 3793 4040 3861 αἶσθῆ-

757 3892 1017 3959 objaccnt
1063 3893 1117 3946 in
1161 3894 1367 3961 quibus
1413 3895 1559 3949 Deus
1602 3895 1803 3949 tacitus
1844 3912 2023 3966 przeco
2050 3896 2348 3959 delitescit,

2454 3902 2573 3939 σεσι
2603 3887 2691 3939 διὰ
2725 3887 2835 3939 τῶν
2874 3886 3097 3941 οἰκείων
3145 3886 3435 3956 δυνάμεων
3481 3888 3609 3947 τοὺς
3652 3886 4043 3948 παντοδαποὺς

762 3985 1193 4053 pulcherrimum
1226 3988 1390 4042 etiam
1423 3988 1539 4057 ipsa
1571 3988 1639 4043 de
1660 3990 1946 4043 voluntate
1978 3989 2032 4042 in
2067 3989 2349 4042 intellectu

2451 3978 2568 4031 τῶν
2588 3978 2757 4031 ὄντων
2782 3979 2973 4047 λόγους
3008 3979 3404 4049 ἀναλεγομένη,
3438 3981 3535 4033 καὶ
3558 3979 3765 4049 δυνηθῇ
3807 3978 4038 4047 μεταϐι-

760 4087 818 4131 et
858 4078 1206 4147 spiritualcm
1261 4080 1532 4134 mundum
1588 4081 1798 4145 condit,
1833 4081 2189 4150 generalibus
2216 4095 2355 4148 qua-

2456 4069 2621 4122 ίάσαι
2651 4070 2789 4141 πρὸς
2840 4070 3044 4141 ἑαυτὴν
3093 4071 3273 4140 σοφῶς
3319 4074 3429 4124 πᾶν
3459 4072 3521 4124 τὸ
3547 4070 3849 4142 ὁρώμενον,
3895 4071 3959 4122 ἐν
4000 4064 4046 4135 ᾧ

757 4180 889 4221 tuor
929 4170 1233 4224 virtutibus
1268 4172 1671 4225 elementorum
1721 4174 1777 4226 in
1832 4172 2055 4225 modum
2106 4173 2252 4225 inter
2294 4188 2352 4225 se

2454 4160 2761 4228 κέκρυπται
2785 4160 2919 4222 Θεὸς
2958 4163 3136 4231 σιωπῇ
3166 4161 3590 4231 κηρυττόμενος,
3620 4160 3917 4212 κάλλιστον
3950 4162 4049 4211 καὶ

755 4261 968 4330 junctis
1020 4262 1087 4315 ad
1147 4263 1340 4315 mundi
1385 4264 1812 4333 intelligibilitcr
1874 4264 2003 4318 inde
2052 4265 2105 4317 in
2153 4264 2350 4333 spiritu

2455 4251 2595 4321 αὐτὴ
2628 4250 2771 4305 κατὰ
2801 4252 3123 4321 προαίρεσιν
3147 4252 3204 4305 ἐν
3236 4254 3303 4323 τῇ
3334 4251 3544 4322 διανοίᾳ
3586 4251 3683 4304 καὶ
3728 4267 4045 4318 πνευματμ

758 4354 1181 4407 consummandi
1212 4355 1775 4423 compaginationem,
1801 4354 2063 4408 nimirum
2093 4354 2224 4407 dum
2253 4368 2355 4422 pro

2456 4345 2552 4397 κον
2601 4343 2806 4413 κόσμον
2852 4344 3279 4415 ἐδημιούργησε,
3335 4345 3436 4408 τάς
3469 4343 3695 4411 γενικὰς
3747 4344 4036 4411 τέσσαρας

764 4462 908 4499 nexu
944 4454 999 4498 et
1038 4446 1409 4513 applicatione
1456 4444 1778 4498 facultatum
1830 4445 2004 4512 ipsius
2055 4444 2109 4496 in
2158 4458 2355 4496 sensus
2390 4510 2411 4513 A

2390 4510 2411 4513 Α
2458 4436 2664 4504 ἀρετὰς
2715 4438 2995 4505 στοιχείων
3038 4437 3197 4506 δίκην
3266 4436 3527 4506 ἀλλήλαις
3579 4436 3840 4489 συνθεῖσα
3900 4434 4045 4506 πρὸς

762 4537 998 4591 actionis
1030 4510 1273 4606 singulas
1308 4537 1543 4589 virtutes
1583 4535 1731 4589 sistit
1760 4552 1773 4587 :
1800 4543 1860 4586 nt
1893 4534 2242 4603 prudentiam
2287 4548 2355 4585 ex
2389 4510 2417 4565 ί

2400 4510 2432 4565 Ῑ)
2462 4529 2743 4599 σύμπηξιν
2771 4528 2866 4582 τοῦ
2895 4528 2954 4592 ἐξ
2986 4528 3166 4582 αὐτῶν
3197 4529 3404 4600 νοητῶς
3450 4531 3593 4581 κατά
3640 4526 3864 4597 πνεῦμα
3912 4543 4055 4597 συμ-

757 4628 1012 4700 gnostica
1061 4636 1117 4681 et
1163 4628 1339 4696 perita
1376 4625 1769 4681 intellectualis
1800 4632 1858 4679 et
1901 4624 2185 4678 rationalis
2228 4638 2355 4676 cum

2460 4620 2841 4689 πληρουμένου
2874 4621 3103 4689 κόσμου,
3154 4621 3298 4676 κατά
3348 4621 3670 4691 συμπλοκὴν
3709 4620 3901 4689 μέντοι
3950 4620 4054 4687 τῆς

762 4735 1019 4774 sermone
1068 4719 1392 4775 facultatum
1434 4718 1504 4772 ad
1546 4718 1771 4772 videndi
1808 4716 2181 4786 audiendique
2227 4732 2355 4770 sen-

2459 4712 2597 4780 πρδς
2624 4711 2723 4773 τάς
2758 4712 3043 4780 αἰσθήσεις
3082 4712 3193 4763 τῶν
3224 4712 3398 4781 αὐτῆς
3430 4711 3715 4777 δυνάμεων
3760 4711 4052 4779 ἐνεργείας

757 4828 886 4867 sum
910 4812 1311 4881 applieatarum
1336 4810 1485 4865 circa
1521 4810 1807 4864 sensibilia
1834 4826 1933 4864 sua
1960 4810 2213 4873 actione;
2249 4808 2360 4862 for-

2459 4804 2697 4873 ἑκάστην
2725 4805 2927 4874 ἀρετὴν
2953 4805 3313 4874 ὑποστήσασα
3340 4820 3354 4832 ·
3390 4797 3502 4856 οἷον
3524 4805 3623 4872 τὴν
3650 4805 3750 4871 μὲν
3782 4802 4053 4871 φρόνησιν

763 4906 1063 4959 titndinem
1094 4921 1228 4960 vero
1270 4921 1337 4960 cx
1368 4920 1582 4959 summa
1625 4905 1794 4958 animi
1838 4903 1907 4957 ad
1939 4903 2221 4963 olfactum,
2252 4902 2359 4956 hoc

2460 4895 2527 4947 ἐκ
2559 4895 2658 4961 τῆς
2688 4893 2832 4947 κατὰ
2862 4894 3185 4963 συμπλοκὴν
3216 4895 3318 4962 τῆς
3354 4910 3413 4947 τε
3452 4895 3651 4963 νοερᾶς
3693 4893 3791 4945 καὶ
3820 4893 4055 4960 λογικῆς

770 5006 853 5050 cst
897 5011 1113 5055 nasum.
1148 4996 1202 5049 in
1252 5011 1363 5064 quo
1412 4994 1578 5048 animi
1622 4994 1879 5063 spiritum
1928 4994 2115 5047 sedem
2150 4992 2358 5047 habere

2458 4987 2742 5057 δυνάμεως
2768 4987 2907 5055 πρὸς
2934 4986 3035 5056 τὴν
3080 4988 3319 5057 ὀπτικήν
3369 5003 3427 5040 τε
3461 4988 3555 5040 καὶ
3585 4985 3933 5055 ἀκουστικὴν
3976 4988 4055 5039 αι’-

763 5086 983 5149 dicunt,
1032 5088 1292 5156 applicati
1336 5087 1484 5141 circa
1524 5103 1687 5141 sumn
1733 5086 1995 5141 sensibile
2049 5087 2357 5141 secundum

2463 5081 2676 5149 σθησιν,
2712 5081 2843 5150 περὶ
2876 5080 2946 5133 τά
2972 5080 3153 5133 αὐτῶν
3182 5080 3443 5150 αἰσθητὰ,
3497 5078 3816 5148 γνωστικῆς
3860 5096 3929 5131 τε
3966 5081 4056 5133 καὶ

766 5179 1046 5237 notionem
1090 5180 1500 5249 aequabilitate;
1541 5181 1959 5249 temperantiam
2003 5194 2070 5231 cx
2100 5177 2363 5246 concupi-

2461 5173 2901 5243 ἐπιστημονικῆς
2940 5173 3245 5244 ἐνεργείας,
3296 5173 3396 5242 τὴν
3442 5172 3500 5226 δέ
3537 5171 3796 5240 ἀνδρείαν
3838 5171 3909 5222 ἐκ
3958 5173 4054 5238 τῆς

770 5269 1035 5325 εεοιιιὶνειι
1066 5270 1345 5327 facultatis
1369 5271 1436 5325 ad
1462 5280 1682 5341 gustum
1708 5271 1994 5340 applicata:
2021 5269 2169 5323 circa
2200 5282 2362 5322 suum

2462 5268 2605 5319 κατὰ
2656 5266 2979 5337 συμπλοκὴν
3034 5265 3130 5319 τοῦ
3166 5264 3400 5335 Θυμικοῦ
3432 5264 3567 5335 πρὸς
3595 5263 3694 5333 τὴν
3739 5262 4053 5333 ὄσφρησιν,

772 5362 1041 5415 sensibile
1069 5364 1354 5417 moderato
1385 5380 1524 5429 usu;
1551 5365 1824 5433 justitiam
1849 5380 1916 5419 ex
1946 5378 2100 5433 aqua
2129 5370 2185 5416 et
2214 5359 2367 5415 ordi-

2465 5362 2635 5431 ἧγουν
2664 5362 2756 5414 τὸν
2815 5359 3089 5430 μυκτῆρα,
3143 5362 3201 5412 ἐν
3254 5354 3300 5426 ᾧ
3341 5359 3403 5411 τὸ
3451 5357 3706 5427 θυμικὸν,
3746 5355 3826 5419 ῶς
3866 5373 4054 5425 φασιν,

772 5466 902 5509 nata
932 5463 991 5508 et
1021 5454 1077 5508 in
1102 5456 1322 5510 cunctis
1344 5457 1602 5525 aequabili
1630 5473 1732 5526 per
1756 5466 1961 5512 tactum
1986 5467 2043 5511 ct
2067 5456 2216 5510 circa
2241 5454 2365 5508 uni-

2469 5452 2751 5515 αὐλίζεται
2812 5452 3028 5521 πνεῦμα
3064 5490 3079 5514 ,
3136 5450 3323 5521 (199
3375 5452 3430 5518 a)
3504 5450 3633 5519 περὶ
3686 5450 3749 5501 τὸ
3810 5448 4058 5517 συμφυὲς

773 5563 934 5602 versa
985 5548 1103 5601 fere
1156 5550 1439 5604 scnsibilia
1486 5549 1671 5603 vitalis
1723 5549 1999 5604 facultatis
2056 5546 2361 5602 secundmn

2472 5542 2729 5611 αἰσθητὸν
2779 5540 2956 5612 ἄκρας
3014 5541 3156 5594 κατὰ
3211 5544 3311 5610 τὴν
3365 5540 3651 5609 ἐνέργειαν
3693 5539 4056 5608 όμαλότητος,

774 5642 1051 5695 actionem
1086 5641 1500 5697 distributione.
1535 5642 1612 5696 Ex
1650 5642 1737 5697 his
1778 5640 2129 5712 generalibus
2168 5651 2364 5691 rursus

2470 5634 2570 5703 τὴν
2617 5633 2675 5685 δὲ
2721 5632 3081 5704 σωφροσύνην
3116 5635 3178 5686 ἐκ
3216 5633 3318 5702 τῆς
3368 5636 3512 5685 κατὰ
3561 5630 3897 5702 συμπλοκὴν
3963 5628 4057 5697 τῆς

2072 5760 2306 5816 ΥΛΒΙᾸί
2335 5756 2739 5812 LECTIUNES.

852 5830 899 5860 δ”
929 5834 1047 5893 ταῖς
1077 5834 1131 5886 ὀί.
1167 5834 1267 5887 17ml
1324 5834 1464 5887 (iud.
