4192 6434
219 377 359 443 2249
1486 377 1999 441 AMBIGUORUM
2043 378 2291 440 manu.
3346 390 3484 453 3250

219 489 345 542 κατ’
381 486 679 556 ἐπιθυμίαν
733 485 1021 554 δυνάμεως
1055 486 1191 555 πρὸς
1238 486 1337 555 τὴν
1384 487 1679 558 γευστικὴν
1707 490 1791 540 αί-

1899 495 2136 553 quatuor
2173 486 2473 542 virtutibus
2513 488 2652 544 duas
2698 492 3070 558 generaliorcs
3099 493 3167 549 dc
3213 505 3484 568 composi-

217 580 418 649 σθησιν
454 581 584 648 περὶ
658 578 721 630 τὸ
780 580 979 631 οἰκεῖον
1042 579 1301 649 αἰσθητὸν
1371 581 1795 650 μεμετρημένης

216 670 495 734 χρήσεως,
535 664 633 733 τὴν
685 664 741 717 δὲ
793 666 1144 735 δικαιοσύνην
1200 671 1263 719 ἑκ
1311 668 1410 737 τῆς
1439 670 1497 721 ὲν
1534 668 1675 730 ὅλοις
1707 668 1796 721 διὰ

212 761 321 825 τῆς
351 754 587 825 ἀπτικῆς
622 756 717 808 καὶ
770 758 900 826 περὶ
949 758 1052 810 ὅλα
1096 758 1283 826 σχεδὸν
1317 760 1385 811 τά
1425 760 1657 827 αἰσθητά
1694 760 1795 828 τῆς

212 848 458 918 ζωτικῆς
516 848 801 916 δυνάμεως
858 849 1002 902 κατὰ
1048 850 1145 920 τὴν
1204 849 1486 919 ἐνέργειαν
1542 851 1665 923 ίσης
1700 853 1796 905 καὶ

211 943 485 995 εὐτάκτου
513 943 607 995 καὶ
640 942 944 1012 ἁρμονικῆς
989 942 1382 1013 διανεμήσεως.
1430 944 1526 996 Ἐκ
1568 943 1624 996 δὲ
1655 943 1781 997 τού-

212 1049 329 1086 των
361 1031 515 1096 αὖθις
545 1034 655 1086 τῶν
674 1034 906 1102 γενικῶν
932 1034 1218 1104 τεσσάρων
1250 1035 1464 1106 ἀρετῶν
1499 1036 1595 1090 δύο
1638 1054 1789 1105 γενι-

211 1124 473 1196 κωτέρας
496 1125 642 1178 κατά
671 1124 921 1179 σύνθεσιν
950 1125 1155 1198 ἀρετάς
1189 1130 1364 1180 ποιεῖν
1380 1125 1792 1193 ίὲκδιδάσκεται,

208 1216 320 1284 τὴν
354 1216 547 1285 σοφίαν
573 1217 718 1285 φημὶ
741 1215 838 1269 καὶ
857 1216 955 1287 τὴν
996 1216 1302 1289 πραότητα,
1320 1216 1418 1289 τὴν
1448 1218 1550 1288 μὲν
1576 1220 1792 1288 σοφίαν,

209 1305 299 1369 ὼς
345 1308 521 1370 πέρας
560 1301 729 1361 οὖσαν
764 1306 876 1359 τῶν
925 1308 1222 1375 γνωστῶν,
1260 1308 1371 1360 τῶν
1413 1309 1471 1362 δὲ
1511 1310 1792 1380 πρακτῶν,

208 1397 320 1467 τὴν
349 1396 660 1467 πραότηταο
686 1391 798 1449 οἷον
825 1396 890 1449 ὲκ
924 1396 1023 1467 μὲν
1058 1397 1162 1465 τῆς
1210 1399 1525 1467 φρονήσεως
1567 1398 1663 1451 καὶ
1695 1400 1796 1468 τῆς

208 1487 567 1555 δικαιοσύνης
603 1488 747 1540 ποιεί
769 1487 867 1557 την
905 1487 1120 1557 σοφίαν,
1137 1487 1213 1549 ὡς
1240 1488 1496 1557 γνώσεως
1524 1490 1623 1559 τῆς
1649 1489 1795 1543 κατά

209 1579 320 1649 τὴν
354 1580 618 1649 φρόνησιν
646 1581 739 1633 καὶ
766 1582 867 1649 τῆς
898 1583 1041 1634 κατά
1058 1582 1158 1651 τὴν
1186 1580 1538 1651 δικαιοσύνην
1560 1581 1795 1650 ἐπιστή-

215 1686 335 1740 μης
361 1670 714 1740 ὑπάρχουσαν
777 1672 1106 1739 συνεκτικὴν
1141 1670 1346 1732 αἰτίαν,
1398 1672 1494 1723 καὶ
1520 1670 1610 1724 διὰ
1637 1671 1797 1723 τοῦτο

210 1762 396 1831 πέρας
415 1762 529 1816 τῶν
557 1760 840 1830 γνωστῶν,
877 1762 951 1825 ὡς
978 1758 1154 1827 εἷπον,
1184 1763 1557 1834 τυγχάνουσαν
1578 1778 1596 1794 ο
1639 1764 1704 1815 ἐκ
1737 1764 1794 1817 δὲ

1903 577 2051 629 tione
2096 578 2332 632 virtutes
2369 578 2584 633 ellicere
2625 582 2807 646 discit,
2836 585 3188 653 sapientiam,
3236 593 3482 660 inquam,

1900 676 1955 720 et
1991 670 2493 735 mansuetudinem,
2520 674 2845 739 sapientiam
2871 678 3119 745 quidem,
3150 696 3273 749 qua:
3297 698 3484 739 rerum

1904 761 2372 828 perceptihilium,
2416 764 2915 831 mansuetudinem,
2950 784 3074 837 qua:
3100 787 3283 826 rerum
3322 790 3487 844 agen-

1902 852 2097 905 darum
2135 852 2261 906 linis
2282 863 2401 920 est;
2428 870 2552 921 nam
2584 870 2652 909 ex
2682 857 2976 925 prudentia
3003 868 3059 913 et
3075 863 3284 929 justitia
3314 866 3486 920 cﬂicit

1903 942 2252 1008 sapientiam,
2278 959 2399 1011 quae
2421 946 2752 1014 cognitionis
2776 963 2808 1001 a
2842 949 3139 1018 prudentia
3168 962 3224 1007 et
3249 957 3385 1012 artis
3412 959 3483 1011 ab

1900 1034 2111 1102 iustitia
2144 1036 2441 1089 moderata:
2471 1050 2635 1091 causa
2666 1046 2753 1093 est
2783 1043 3180 1103 conservatrix,
3218 1045 3479 1115 ideoque,

1903 1135 1964 1179 ut
2009 1126 2146 1191 dixi,
2196 1126 2641 1196 perceptibilium
2690 1130 2815 1185 linis
2863 1140 2948 1186 est
2984 1150 2998 1186 :
3034 1149 3103 1188 ex
3157 1135 3484 1193 fortitudine

1900 1231 2035 1271 vero
2089 1228 2146 1273 et
2195 1218 2560 1287 temperantia
2605 1224 3116 1290 mansuetudinem,
3170 1243 3292 1295 qua:
3342 1229 3481 1284 nihil

1900 1307 2049 1361 aliud
2084 1316 2170 1362 est
2215 1324 2379 1377 quam
2422 1309 2591 1365 animi
2631 1320 2689 1365 et
2727 1314 3191 1383 concupiscentiae
3239 1320 3484 1388 perfecta

1899 1398 1967 1452 aii
1996 1415 2060 1454 ea
2084 1415 2205 1469 quae
2226 1410 2437 1455 natura:
2463 1402 2740 1457 contraria
2771 1413 2899 1457 sunt
2922 1406 3293 1473 innuohilitas,
3317 1428 3481 1480 quam

1900 1491 2125 1559 quidam
2154 1491 2511 1547 indolentiam
2542 1504 2831 1558 vocarunt,
2860 1495 3095 1567 ideoque
3130 1514 3321 1554 eorum
3360 1520 3485 1571 qua:

1902 1581 2006 1635 sub
2046 1581 2317 1637 actionem
2349 1585 2554 1639 cadunt
2588 1588 2715 1641 linis
2744 1597 2846 1642 est.
2892 1589 3000 1644 llas
3029 1606 3162 1645 vero
3194 1610 3390 1650 rursus
3424 1597 3482 1650 in

1902 1683 2164 1729 virtutem
2190 1676 2439 1729 omnium
2465 1680 2954 1747 generalissimam,
2980 1682 3307 1739 charitalem
3332 1687 3480 1752 dico,

1901 1766 2200 1831 contrahit,
2223 1782 2343 1836 qua:
2366 1767 2613 1823 dimovet
2635 1786 2699 1824 ea
2728 1786 2851 1840 qua:
2878 1788 2944 1826 ex
2976 1774 3113 1843 ipsa,
3137 1784 3193 1829 ct
3225 1778 3485 1833 conciliat

209 1855 321 1921 τῆς
348 1852 599 1923 ἀνδρείας
651 1852 745 1906 καὶ
798 1852 897 1922 τῆς
955 1854 1314 1925 σωφροσύνης
1340 1854 1442 1923 τὴν
1484 1854 1791 1927 πραότητα,

1895 1868 1959 1906 ea
1997 1869 2119 1921 qua:
2150 1869 2247 1923 per
2278 1854 2474 1923 ipsam,
2507 1867 2563 1911 et
2608 1858 2665 1912 in
2708 1875 2878 1915 unum
2912 1862 3117 1916 confiat
3146 1880 3210 1919 ea
3256 1882 3379 1935 qua:
3424 1868 3481 1922 in

213 1944 393 2015 μηδὲν
448 1944 577 1999 ἄλλο
627 1944 1007 2015 τυγχάνουσαν
1044 1946 1078 2016 ἢ
1130 1945 1305 2017 θυμοῦ
1362 1947 1457 2001 καὶ
1498 1946 1796 2016 ἐπιθυμίας

210 2037 458 2106 παντελῆ
492 2037 628 2108 πρὸς
658 2037 726 2090 τὰ
766 2038 917 2108 παρά
949 2037 1113 2106 φύσιν
1155 2038 1469 2107 ἀκινησίαν,
1522 2038 1590 2108 ἦν
1647 2053 1795 2100 τινες

208 2128 487 2183 ἐκάλεσαν
539 2128 835 2193 ἀπάθειαν,
866 2129 964 2181 καὶ
1027 2128 1116 2182 διὰ
1161 2129 1322 2182 τοῦτο
1370 2130 1482 2182 τῶν
1533 2129 1794 2201 πρακτῶν

209 2218 374 2282 τέλος
413 2218 791 2290 ὑπάρχουσαν.
856 2218 1075 2282 Ταύτας
1122 2218 1181 2272 δὲ
1229 2219 1394 2274 πάλιν
1431 2220 1513 2283 είς
1554 2221 1653 2288 τὴν
1683 2218 1793 2272 τῶν

213 2310 414 2364 πασῶν
440 2310 816 2381 γενικωτάτην
867 2310 1094 2381 ἀρετὴν,
1129 2310 1275 2382 φημὶ
1315 2310 1373 2363 δὲ
1414 2311 1514 2381 τὴν
1545 2311 1790 2380 ἀγάπην,

215 2404 469 2472 συνάγει,
497 2402 829 2473 ἐκστατικὴν
852 2398 1019 2456 οὖσαν
1056 2401 1164 2455 τῶν
1209 2401 1268 2469 ἐξ
1298 2401 1470 2471 αὐτῆς
1498 2402 1591 2455 καὶ
1620 2418 1790 2472 προσ-

213 2493 506 2564 αγωγικὴν
543 2493 653 2547 τῶν
686 2492 755 2547 δι’
777 2493 947 2563 αὐτῆς
992 2493 1089 2546 καὶ
1131 2493 1513 2564 ὲνοποιητικὴν
1550 2493 1659 2546 τῶν
1712 2494 1792 2557 εἰς

210 2586 388 2655 αὐτὴν
415 2585 737 2656 ἀρξαμένων
764 2602 823 2638 τε
855 2585 950 2638 καὶ
998 2584 1327 2653 κινηθέντων
1358 2585 1454 2637 καί⁵
1491 2584 1787 2655 ληξάντων,

210 2679 316 2732 καὶ
351 2677 719 2749 διαφερόντως
748 2678 843 2729 ἐπὶ
880 2678 1017 2730 πᾶσι
1050 2676 1458 2746 θεοποιητικήν.
1501 2677 1658 2730 Οὕτω
1691 2676 1790 2747 μὲν

211 2768 314 2823 οὖν
343 2771 376 2839 ή
409 2768 558 2838 ψυχὴ
583 2767 876 2838 κινουμένη
910 2783 971 2819 τε
1001 2765 1183 2835 σοφῶς
1212 2767 1305 2819 καὶ
1332 2766 1632 2837 ὲνεργοῦσα
1665 2765 1790 2819 καθ’

212 2859 281 2913 ὃν
309 2859 405 2912 καὶ
450 2858 567 2912 ἔστι
610 2859 705 2912 καὶ
747 2858 1040 2929 γεγένηται
1076 2856 1297 2927 θεοτελῆ
1330 2856 1489 2924 λόγον
1540 2858 1647 2911 τῶν
1692 2857 1791 2927 μὲν

214 2949 496 3021 αίσθητῶν
527 2949 813 3021 χρησίμως
843 2949 935 3002 διὰ
963 2950 1072 3001 τῶν
1108 2948 1413 3019 αἰσθήσεων
1448 2948 1791 3019 ἀντιλαμϐά-

215 3061 394 3110 νεται,
428 3044 556 3106 τοὺς
606 3045 664 3094 ὲν
708 3042 895 3104 αὐτοῖς
926 3040 1275 3112 πνευματικὴ
1330 3041 1523 3108 λόγους
1557 3041 1791 3094 οἰκειου-

215 3137 383 3206 μένη,
430 3136 529 3199 τὰς
581 3135 640 3189 δὲ
688 3134 970 3203 αίσθησεις
1029 3134 1220 3197 αύτάς,
1275 3131 1621 3232 λογισθεξσας
1685 3133 1786 3203 ἥδη
1816 3174 1858 3232 C

214 3226 479 3298 (199M
509 3228 576 3295 τῇ
628 3225 720 3278 τοῦ
752 3224 912 3292 λόγου
939 3224 1248 3295 περιουσίᾳ,
1299 3222 1489 3294 ὥσπερ
1539 3225 1787 3295 ὀχήματα

212 3315 412 3384 λογικά
438 3316 723 3386 προσίεται
742 3316 850 3368 τῶν
881 3316 1049 3386 αὐτῆς
1069 3315 1373 3385 δυνάμεων,
1411 3316 1579 3380 αύτάς
1602 3316 1658 3370 δὲ
1690 3318 1788 3381 τάς

210 3408 477 3476 δυνάμεις
513 3409 632 3468 ταῖς
657 3407 882 3477 ἀρεταῖς
914 3407 1196 3472 συνάπτει,
1221 3407 1315 3460 καὶ
1335 3407 1533 3476 ἑαυτὴν
1570 3407 1658 3461 διά
1679 3407 1789 3460 τῶν

211 3496 430 3567 ἀρετῶν
461 3499 576 3561 τοῖς
599 3499 657 3550 ὲν
683 3499 878 3560 αὑταῖς
919 3497 1210 3568 θειοτέροις
1232 3496 1432 3566 λόγοις,
1475 3498 1526 3551 of.
1556 3497 1614 3550 δὲ
1642 3498 1785 3551 θειόο

210 3606 369 3663 τεροι
404 3588 516 3643 τῶν
545 3589 757 3660 ἀρετῶν
794 3589 941 3656 λόγοι
997 3588 1076 3659 τῷ
1121 3590 1179 3641 ὲν
1227 3589 1408 3652 αύτοίς
1442 3589 1662 3658 ἀφανῶς
1693 3607 1787 3643 κε-

212 3680 525 3750 κρυμμένῳ
558 3678 915 3749 πνευματικῷ
950 3677 1048 3747 νῷ,
1095 3679 1123 3729 ό
1155 3677 1212 3731 δὲ
1255 3678 1627 3748 πνευματικὸς
1662 3678 1789 3740 νοῦς

208 3772 327 3825 τῶν
349 3773 408 3824 ὲν
453 3773 574 3835 ταῖς
628 3772 855 3841 ἀρεταῖς
903 3768 1193 3839 θειοτέρων
1231 3768 1424 3837 λόγων,
1465 3772 1648 3824 πᾶσαν
1687 3774 1787 3840 τῆς

208 3865 393 3934 ψυχῆς
431 3863 499 3934 ἢν
529 3861 642 3933 ἔχει
693 3863 831 3932 πρὸς
868 3861 937 3915 τὰ
982 3860 1225 3928 παρόντα
1284 3861 1525 3932 φυσικήν
1582 3877 1643 3913 τε
1690 3864 1787 3914 καὶ

210 3954 611 4025 προαιρετικὴν
640 3951 826 4022 σχέσιν
882 3948 1264 4018 διωθούμενος,
1321 3948 1499 4017 ἁπλῆν
1522 3949 1650 4020 ὅλην
1680 3950 1786 4018 ὅλῳ

207 4046 399 4100 δίδωσι
426 4040 503 4113 τῷ
529 4041 669 4112 Θεῷ,
696 4042 725 4094 ὁ
746 4041 803 4094 δὲ
832 4039 965 4102 Θεὸς
993 4038 1287 4110 ταύτηνδι’
1318 4039 1442 4091 ὅλου
1471 4039 1785 4109 περιλαϐὼν

213 4122 359 4203 μετά
410 4130 504 4185 τοῦ
551 4129 968 4200 συμπεφυκότος
1014 4128 1153 4198 αὐτῇ
1205 4127 1455 4197 σώματος
1504 4129 1784 4197 ἀναλόγως

207 4224 357 4279 αὑτά
400 4223 638 4292 ἐξομοιοῖ
667 4218 869 4291 ἐαυτῷ,
901 4218 1043 4271 ὥστε
1101 4217 1167 4270 δι’
1195 4218 1367 4286 αὐτῆς
1414 4218 1541 4288 ὅλης
1590 4221 1785 4289 ἀπερι-

208 4316 439 4384 γράρως
456 4313 575 4366 ὅλον
601 4308 884 4381 φαίνεσθαι
910 4306 1191 4371 δύνασθαι,
1217 4307 1305 4361 τὸν
1319 4309 1364 4339 ³ο
1389 4308 1651 4379 μηδαμῶς
1676 4326 1783 4363 τινι

207 4407 323 4462 τῶν
351 4406 522 4459 ὅντων
575 4403 697 4457 καθ’
732 4402 911 4456 ὁτιοῦν
940 4401 1000 4469 ἑξ
1038 4401 1231 4456 ἑαυτοῦ
1286 4400 1577 4470 φαίνεσθαι
1621 4402 1783 4470 φύσιν

208 4499 428 4569 ἔχοντα.
453 4498 561 4550 Καὶ
590 4496 747 4549 τοῦτο
778 4495 939 4566 τυχόν
964 4496 1111 4548 ἐστιν
1141 4495 1276 4563 ὅπερ
1304 4496 1503 4563 νοήσας
1540 4496 1568 4547 ό
1602 4495 1783 4563 μακά-ι

212 4606 334 4663 ριος
361 4583 514 4652 οὗτος
543 4589 635 4642 καὶ
666 4588 839 4660 μέγας
856 4586 1172 4649 διδάσκαλος
1196 4586 1254 4637 ὲν
1274 4585 1353 4654 τῷ
1375 4586 1455 4649 είς
1485 4585 1787 4656 Καισάριον

207 4682 308 4736 τὸν
340 4680 568 4751 ἀδελφὸν
609 4679 912 4750 Ἐπιταφίῳ
947 4680 1299 4741 ἀναστάσεως
1331 4678 1458 4748 ἔφη,
1500 4695 1519 4729 ι
1571 4678 1785 4744 Μικρὸν

210 4773 275 4828 δὲ
310 4771 538 4844 ὕστερον
586 4771 683 4825 καὶ
721 4771 783 4823 τὸ
839 4769 1101 4838 συγγενὲς
1148 4769 1373 4840 σαρκίον
1428 4768 1785 4823 ἀπολαϐοῦσα

216 4865 375 4937 (περὶ
414 4864 516 4933 τῆς
572 4863 748 4933 ψυχῆς
802 4862 1043 4933 δηλονότι
1091 4853 1424 4929 φάσκων)ᾧ
1456 4861 1524 4914 τὰ
1573 4860 1784 4914 ἐκεῖθεν

216 4955 699 5026 συνεφιλοσόφησε,
727 4954 878 5023 παρά
905 4954 1005 5022 τῆς
1056 4953 1151 5007 καὶ
1178 4951 1374 5023 δούσης
1406 4953 1502 5005 καὶ
1554 4968 1782 5005 πιστευ-

214 5049 402 5119 θείσης
431 5047 556 5116 γῆς,
586 5047 787 5116 τρόπον
841 5046 900 5099 ὃν
942 5040 1085 5099 οἶδεν
1126 5046 1155 5099 δ
1188 5044 1362 5099 ταῦτα
1397 5044 1663 5115 συνδήσας
1691 5043 1787 5097 καὶ

213 5141 472 5204 διαλύσας
501 5139 655 5205 Θεὸς,
708 5138 885 5208 τούτῳ
942 5137 1372 5209 συγκληρονομεῐ
1416 5138 1516 5207 τῆς
1565 5136 1775 5189 ἐκεῖθεν

216 5232 398 5303 δόξης,
427 5232 521 5286 καὶ
571 5230 825 5301 καθάπερ
858 5230 966 5283 τῶν
1014 5229 1306 5301 μοχθηρῶν
1337 5226 1506 5282 αὑτοῦ
1542 5226 1777 5297 μετέσχε

215 5327 306 5379 διά
333 5323 435 5395 τὴν
468 5325 771 5394 συμφυΐαν,
813 5322 957 5375 οὓτω
1008 5322 1103 5375 καὶ
1154 5322 1265 5375 τῶν
1297 5320 1548 5391 τερπνῶν
1581 5319 1783 5386 ἑαυτῆς

217 5416 596 5489 μεταδίδωσιν,
628 5415 748 5467 ὅλον
778 5416 857 5476 είς
881 5412 1078 5485 ἑαυτὴν
1112 5411 1459 5477 ἀναλώσασα,
1489 5411 1586 5464 καὶ
1628 5426 1783 5477 γενο-

218 5508 359 5579 μένη
388 5508 483 5561 σὺν
505 5506 680 5577 τούτῳ
710 5506 788 5569 ἓν,
816 5507 909 5558 καὶ
932 5505 1166 5575 πνεῦμα,
1196 5504 1290 5557 καὶ
1314 5504 1460 5569 νοῦς,
1498 5503 1592 5555 καὶ
1628 5500 1780 5565 Θεὸς,

216 5598 621 5660 καταποθέντος
667 5596 773 5650 ὑπὸ
832 5596 927 5665 τῆς
986 5595 1131 5665 ζωῆς
1181 5594 1275 5648 τοῦ
1331 5593 1527 5664 θνητοῦ
1594 5608 1654 5644 τε
1687 5590 1783 5643 καὶ

1898 1941 2071 2011 ipsam
2099 1955 2437 2013 occeperunt
2465 1956 2523 1999 et
2542 1957 2687 2000 mota
2719 1959 2845 2003 sunt
2868 1960 2923 2004 et
2949 1952 3111 2006 finem
3142 1954 3479 2021 habuerunt,

1894 2047 2127 2101 qumque
2159 2032 2215 2086 in
2244 2033 2508 2089 omnibus
2553 2036 2795 2106 denique
2844 2040 3079 2096 maxime
3108 2042 3349 2099 deificat.
3389 2049 3481 2103 Sic

1895 2121 2065 2191 igitur
2090 2124 2270 2179 anima
2315 2134 2520 2180 motata
2550 2128 2828 2197 sapienter
2864 2140 2921 2185 et
2964 2147 3133 2202 agens
3174 2138 3478 2194 secundum

1893 2214 2093 2269 divinas
2157 2216 2518 2285 perfectionis
2570 2221 2840 2275 rationem
2896 2239 3003 2291 qua
3049 2238 3106 2280 et
3155 2228 3367 2283 exsistit
3424 2240 3481 2287 et

1893 2307 2036 2361 facta
2062 2314 2167 2371 est,
2202 2308 2483 2363 sensibilia
2522 2311 2744 2379 quidem
2783 2314 2994 2369 utiliter
3013 2332 3112 2385 per
3140 2334 3335 2375 sensus
3356 2338 3454 2391 per

1892 2397 2048 2467 cipit,
2085 2413 2387 2469 earumque
2422 2402 2665 2458 rationes
2696 2405 3005 2473 spiritualis
3048 2409 3157 2463 sibi
3204 2413 3479 2484 adjungit,

1894 2489 2044 2559 ipsos
2070 2505 2199 2544 vero
2224 2506 2441 2556 sensus,
2475 2493 2704 2548 rationis
2734 2495 2995 2553 facultate
3013 2501 3125 2570 jam
3151 2504 3475 2570 mstimatos,

1893 2589 2152 2649 tanquam
2180 2580 2434 2637 vehicula
2467 2584 2756 2639 rationalia
2785 2601 3009 2643 suarum
3042 2591 3218 2660 ipsius
3245 2594 3474 2651 faculta-

1892 2677 2008 2723 tum
2040 2670 2303 2738 admittit,
2351 2671 2608 2743 ipsasque
2641 2674 2932 2733 facultates
2964 2680 3266 2737 virtutibus
3306 2701 3477 2755 seque

1893 2760 2069 2829 ipsam
2115 2777 2214 2831 per
2246 2762 2483 2818 virtutes
2524 2764 2895 2822 diviniorihus
2938 2783 3127 2824 earum
3168 2773 3478 2830 rationibus

1889 2853 2159 2923 adjungit,
2193 2863 2252 2908 et
2291 2854 2593 2909 diviniores
2613 2856 2883 2910 virtutum
2919 2859 3160 2915 rationes
3202 2864 3476 2932 spirituali

1890 2945 1983 3013 qui
2006 2946 2060 2999 in
2079 2944 2162 2999 eis
2186 2947 2405 2999 occulto
2432 2946 2567 2999 latet
2591 2947 2927 3015 intellectui;
2960 2952 3266 3020 Spiritualis
3288 2966 3474 3012 autem

1892 3034 2201 3091 intellectus
2228 3036 2565 3090 diviniorum
2613 3037 2668 3091 in
2701 3039 3002 3095 virtutibus
3046 3043 3320 3098 rationum
3354 3062 3475 3100 om-

1890 3142 2018 3181 nem
2061 3127 2278 3193 animae,
2311 3143 2475 3198 quam
2523 3129 2691 3185 habet
2723 3131 2791 3185 ad
2826 3134 3120 3201 praesentia
3168 3139 3474 3193 naturalem

1892 3218 2302 3288 voluntatisque
2356 3219 2614 3274 affectum
2662 3230 2718 3274 et
2772 3223 3096 3277 relationem
3150 3240 3473 3293 removens,

1892 3310 2199 3378 simplicem
2235 3318 2405 3365 totam
2452 3313 2550 3366 toti
2602 3313 2769 3368 tradit
2798 3314 2931 3380 Deo,
2967 3324 3131 3385 atque
3177 3316 3322 3371 Deus
3353 3335 3472 3372 eam

1888 3415 1957 3456 ex
1994 3409 2111 3456 toto
2148 3418 2256 3457 una
2289 3419 2414 3458 eum
2444 3418 2678 3474 corpore
2710 3422 2948 3475 quocum
2985 3417 3212 3477 cognata
3243 3420 3330 3464 est
3354 3404 3473 3464 anf—

1889 3493 2104 3563 plexus,
2138 3498 2534 3550 convenienter
2561 3507 2859 3567 utrumque
2902 3500 3009 3554 sibi
3039 3500 3145 3569 ipsi
3186 3503 3473 3570 assimilat,

1888 3582 2027 3637 adeo
2061 3593 2122 3638 ut
2161 3600 2261 3654 per
2311 3584 2485 3655 ipsam
2538 3595 2705 3639 totam
2756 3589 2914 3657 plane
2962 3590 3475 3663 incircumscriptus

1888 3689 2156 3745 apparere
2183 3684 2238 3730 et
2272 3684 2424 3731 totus
2453 3680 2651 3747 possit,
2686 3681 2779 3747 qui
2823 3696 2887 3734 ea
2929 3691 3130 3736 natura
3168 3694 3253 3738 est
3283 3694 3341 3739 ut
3371 3701 3473 3739 eo-

1889 3780 2010 3818 rum
2041 3768 2137 3834 qui
2182 3775 2311 3819 sunt
2341 3754 2584 3821 ulli’ullo
2615 3768 2777 3821 modo
2811 3769 2879 3823 de
2905 3785 2963 3824 se
2996 3771 3115 3841 ipso
3148 3788 3257 3827 non
3300 3791 3473 3845 appa—

1888 3866 2024 3911 reat.
2072 3859 2249 3925 Atque
2298 3858 2403 3912 hoc
2446 3868 2530 3913 est
2577 3859 2811 3915 fortasse
2853 3862 2999 3930 quod
3038 3864 3234 3919 beatus
3279 3867 3369 3921 hic
3414 3878 3473 3923 et

1886 3963 2118 4018 magnus
2161 3949 2355 4003 doctor
2397 3950 2453 4004 in
2497 3951 2683 4005 animo
2730 3952 2936 4008 habens
2986 3954 3042 4008 in
3076 3956 3370 4028 Epitaphio
3412 3960 3469 4015 in

1884 4037 2183 4093 Caesarium
2206 4038 2433 4093 fratrem
2454 4040 2674 4095 dicebat
2699 4060 2713 4096 :
2741 4062 2758 4093 ι
2784 4042 2914 4097 Post
2930 4045 3097 4099 etiam
3114 4046 3417 4116 aliquanto,
3441 4066 3463 4095 ι

1885 4128 1940 4182 id
1984 4139 2070 4183 est
2099 4140 2222 4199 post
2254 4134 2741 4199 resurrectionem,
2780 4152 2802 4186 ι
2837 4150 2964 4189 cum
3010 4147 3296 4207 cognatam
3343 4154 3467 4193 car-

1886 4239 2011 4277 nem
2039 4223 2130 4294 (de
2171 4223 2352 4278 anima
2386 4225 2644 4279 videlicet
2679 4226 2953 4297 loquens),
2997 4244 3160 4297 quam
3203 4245 3328 4283 cum
3379 4230 3469 4285 hic

1885 4312 2392 4382 philosopharetur,
2424 4316 2629 4368 sociam
2660 4316 2875 4380 habuit,
2900 4333 2931 4370 a
2956 4327 3124 4384 terra,
3151 4334 3272 4387 quae
3294 4330 3350 4372 et
3372 4320 3468 4373 de-

1886 4405 2046 4458 derat
2074 4415 2131 4457 et
2152 4404 2207 4457 in
2232 4404 2393 4457 fidem
2424 4419 2733 4474 acceperat,
2764 4409 2975 4477 recepit
2999 4410 3165 4478 (quod
3192 4414 3467 4477 quomodo

1819 4511 1862 4565 ι)
1891 4496 1983 4548 lict
2030 4494 2177 4548 Deus
2221 4495 2394 4559 novit,
2444 4496 2539 4563 qui
2571 4510 2635 4549 ea
2683 4497 2829 4551 inter
2869 4513 2928 4552 se
2973 4500 3258 4569 mnjunxit
3303 4514 3467 4571 atque

1884 4584 2183 4661 dissolvit),
2218 4594 2332 4639 tum
2374 4586 2595 4640 demum
2628 4602 2748 4642 eam
2783 4603 3003 4657 quoque
3043 4590 3110 4644 ad
3145 4591 3332 4661 gloria:
3360 4610 3465 4647 tne-

1884 4657 2040 4730 lesiis
2066 4676 2443 4730 hereditatem
2481 4693 2667 4732 secum
2710 4678 3099 4745 admissuram,
3125 4657 3181 4736 ett
3206 4685 3468 4752 quemad—

1887 4767 2112 4821 modum
2155 4766 2227 4821 ob
2269 4777 2480 4821 natura:
2503 4768 2950 4839 conjunctionem
2984 4787 3349 4827 utrumnarum
3384 4776 3467 4846 ip—

1884 4856 2001 4911 sius
2038 4856 2312 4926 particeps
2349 4856 2549 4919 fuerat,
2597 4858 2678 4913 sic
2723 4859 2888 4913 etiam
2918 4861 3294 4929 jucunditates
3336 4880 3464 4919 suas

1885 4963 2010 5003 cum
2046 4949 2162 5018 ipsa
2193 4950 2738 5018 communicaturam,
2778 4962 2951 5007 totum
2978 4953 3233 5009 videlicet
3262 4971 3464 5025 corpus

1889 5042 1945 5096 in
1987 5056 2046 5097 se
2090 5043 2263 5111 ipsam
2296 5040 2702 5106 absumentem,
2735 5052 2791 5096 et
2833 5059 2958 5098 cum
3001 5059 3069 5099 eo
3116 5061 3285 5099 unum
3329 5049 3461 5100 effc—

1887 5140 2053 5195 ctam,
2096 5140 2153 5185 et
2183 5130 2460 5199 spiritum,
2503 5137 2560 5184 et
2588 5138 2852 5191 mentem,
2884 5141 2940 5185 et
2978 5132 3173 5196 Deum,
3200 5132 3460 5201 absorpto

1886 5225 2154 5281 nimirum
2180 5239 2211 5277 a
2239 5224 2349 5277 vita
2375 5239 2444 5294 eo
2467 5224 2614 5294 quod
2639 5224 2869 5278 mortale
2891 5232 2947 5278 et
2965 5223 3232 5278 caducum
3261 5234 3399 5278 erat.
3434 5245 3449 5274 ι

1883 5317 2170 5383 Quomodo
2201 5317 2349 5371 enim
2369 5293 2499 5387 'p‘ér'
2527 5325 2812 5385 peccatum
2842 5331 2970 5370 caro
3005 5316 3074 5369 ab
3110 5316 3332 5369 interitu
3364 5316 3460 5369 ah-

1889 5419 2074 5478 sorpta
2129 5418 2276 5471 erat,
2324 5423 2355 5462 a
2404 5398 2581 5461 carne.
2620 5422 2753 5461 vero
2805 5407 2983 5461 anima
3033 5405 3103 5460 de
3148 5406 3457 5462 actionibus

1889 5499 2091 5567 agnita,
2120 5497 2189 5550 ab
2210 5496 2390 5550 anima
2412 5510 2543 5549 vero
2564 5510 2663 5565 per
2682 5496 2897 5565 plenam
2918 5495 3278 5565 ignorantiam
3302 5494 3457 5564 agni-

1889 5591 1967 5643 tio
1992 5589 2111 5653 Dei,
2136 5588 2274 5644 adeo
2299 5598 2357 5643 ut
2378 5588 2464 5643 vel
2494 5603 2560 5643 an
2590 5589 2732 5643 Deus
2757 5596 2902 5644 esset
2927 5589 3222 5660 ignoraret,
3252 5588 3322 5641 ita
3341 5588 3453 5659 jam

1489 5703 1574 5757 VA
1585 5702 1720 5757 RL‘E
1760 5700 2159 5757 LECTIUNES.

298 5778 343 5811 ³⁸
369 5777 478 5831 τῶν
508 5778 669 5833 habet
703 5778 1073 5848 apographum
