4192 6434
739 384 865 453 ιεδι

1869 374 1931 430 S.
1970 368 2257 430 ΜΛΧΙΜΙ
2298 363 2811 426 CONFESSORIS

3873 345 4010 412 1259.

737 508 986 567 tempore
1017 490 1438 548 resurm-tionis
1466 500 1772 544 secundum
1799 483 2088 554 pulchram
2133 481 2319 535 inver-

2429 483 2642 552 ῥέοντος
2661 476 2761 547 (8).
2801 497 2820 528 ι
2868 471 2960 536 Ὣς
2990 472 3098 542 γὰρ
3132 466 3406 536 κατεπόθη
3449 464 3536 517 διὰ
3572 462 3691 533 τὴν
3725 462 4009 532 ἁμαρτίαν

736 590 949 643 sionem
979 587 1033 640 in
1063 592 1253 640 sancto
1274 581 1487 650 Spiritu
1511 586 1832 633 eventuram
1857 573 1925 627 de
1950 572 2044 627 Dei
2068 572 2162 641 qui
2189 584 2319 623 caro

737 681 914 735 factus
960 687 1044 732 est
1088 676 1261 745 gratia
1305 688 1436 727 caro
1480 672 1550 725 ab
1578 668 1765 724 anima
1812 666 1974 735 plane
2007 664 2061 717 in
2111 661 2317 731 Spiritu

737 770 1086 830 absorbetur,
1122 761 1318 821 anima'
1340 771 1525 819 autem
1558 778 1587 815 a
1619 762 1750 822 Dco,
1780 757 1875 827 qui
1906 771 2035 809 vera
2063 754 2174 807 vita
2217 761 2321 816 est,

735 871 791 916 et
817 874 981 929 quem
1018 858 1109 911 illa
1141 857 1318 911 solum
1353 853 1597 909 onmium
1644 859 1701 904 et
1745 849 1969 902 unicum
2003 854 2115 900 tota
2149 851 2321 898 totum

738 954 791 1007 in
842 960 1138 1021 conspectu
1173 955 1529 1019 apparentem
1565 945 1751 1007 habet,
1787 953 1862 1006 et,
1896 950 1957 996 ut
2000 937 2325 1008 simpliciter

736 1044 939 1106 dicam,
977 1053 1174 1097 cuncta
1218 1049 1403 1094 nostra
1444 1038 1605 1092 aliter
1634 1046 1800 1105 atque
1833 1035 1886 1088 in
1920 1032 2006 1087 his
2036 1029 2325 1101 praesenti-

737 1133 842 1186 bus
872 1133 1058 1195 rebus,
1109 1132 1253 1185 circa
1290 1145 1427 1198 quas
1455 1143 1605 1182 nunc
1647 1141 1840 1180 sumus
1867 1132 1923 1178 et
1964 1122 2233 1192 degimus,
2264 1134 2325 1174 se

737 1225 964 1287 habent,
999 1226 1051 1278 in
1091 1224 1278 1277 futuro
1309 1223 1497 1276 divine
1526 1217 1901 1287 manifestabit
1927 1215 2099 1287 gratia
2136 1229 2327 1269 resur-

740 1319 1025 1379 rectionis,
1062 1329 1122 1370 ut
1158 1314 1437 1385 quomodo
1466 1330 1563 1383 per
1589 1320 1875 1382 peccatum
1908 1310 2001 1363 hic
2026 1323 2175 1363 mors
2199 1322 2325 1362 cor-

740 1408 998 1461 roborata
1030 1406 1337 1470 absorbuit,
1364 1405 1442 1459 sic
1469 1407 1592 1474 jure
1622 1403 1894 1457 infirmata
1926 1401 2041 1455 illic
2067 1416 2167 1470 per
2198 1415 2326 1469 gra-

741 1499 873 1552 tiam
920 1499 1306 1552 absorbeatur.
1353 1496 1533 1562 Quare
1576 1495 1621 1549 si
1663 1494 1843 1549 anima
1879 1493 2042 1558 bene,
2075 1492 2155 1545 uti
2190 1490 2324 1555 dixi,

737 1591 857 1643 suis
893 1590 1251 1645 facultatibus
1283 1597 1490 1651 utetur,
1525 1595 1584 1641 et
1626 1587 1929 1641 secundum
1979 1584 2075 1639 Dei
2120 1600 2325 1654 propo-

737 1683 929 1745 situm,
972 1681 1221 1735 sensibili
1272 1681 1378 1733 hoc
1419 1680 1627 1733 mundo
1661 1694 1759 1748 per
1795 1678 2108 1747 spirituales
2153 1677 2209 1731 in
2257 1692 2325 1731 eo

2426 575 2459 643 ἠ
2483 570 2621 643 σάρξ
2648 568 2753 622 ὑπὸ
2788 569 2888 637 τῆς
2912 565 3140 635 φθορᾶς,
3175 562 3282 615 ὑπὸ
3306 560 3363 615 δὲ
3408 560 3506 630 τῆς
3536 557 3743 627 σαρκὸς
3779 558 3814 625 ὴ
3857 553 4011 623 ψυχὴ

2425 663 2733 731 γνωσθεῖσα
2760 662 2881 722 ταῖς
2904 656 3229 728 ἐνεργείαις,
3248 652 3351 706 ὑπὸ
3370 652 3427 705 δὲ
3462 653 3563 720 τῆς
3594 648 3772 719 ψυχῆς
3798 647 3891 699 διά
3912 647 4012 712 τῆς

2426 753 2727 816 παντελοῦς
2759 751 3035 820 ἀγνωσίας
3070 751 3104 819 ὴ
3131 750 3426 815 ἐπίγνωσις
3455 743 3550 797 τοῦ
3577 740 3739 803 Θεοῦ,
3770 740 3850 803 ὡς
3876 737 4013 808 μηδὲ

2426 848 2612 918 (200
2658 846 2711 914 u)
2742 845 2789 897 ει
2818 843 2934 895 ἐστι
2976 840 3112 902 Θεὸς
3145 834 3533 907 γινώσκεσθαι,
3581 833 3727 885 οὕτω
3751 831 3815 899 δὴ
3878 829 4017 880 πάνυ

2425 956 2535 1002 τως
2560 937 2636 1008 τῷ
2674 933 2851 1006 καιρῷ
2880 933 2978 1002 τῆς
3002 930 3352 990 ἀναστάσεως
3389 924 3532 979 κατά
3563 923 3665 993 τὴν
3708 919 3893 981 καλῶς
3922 934 4017 985 γε-

2425 1028 2737 1099 νησομένην
2778 1022 3144 1094 ἀντιστροφὴν
3175 1024 3233 1074 ὲν
3278 1019 3561 1088 Πνεῦματι
3595 1015 3738 1085 ἁγίῳ
3784 1014 3880 1067 διὰ
3910 1013 4015 1079 τὴν

2426 1121 2590 1191 χάριν
2624 1116 2718 1171 τοῦ
2738 1114 3115 1186 σαρκωθέντος
3151 1111 3290 1165 Θεοῦ
3326 1105 3776 1176 καταποθήσεται
3806 1104 3843 1174 ὴ
3876 1100 4017 1171 σὰρξ

2427 1211 2532 1266 ὑπὸ
2558 1212 2657 1281 τῆς
2673 1208 2854 1279 ψυχῆς
2880 1209 2939 1260 ἐν
2958 1204 3255 1275 πνεύματι,
3284 1203 3320 1275 ἡ
3346 1201 3403 1254 δὲ
3429 1198 3579 1270 ψυχὴ
3600 1192 3709 1251 ὑπὸ
3723 1194 3818 1249 τοῦ
3849 1192 4013 1257 Θεοῦ,

2424 1305 2524 1375 τῆς
2554 1305 2724 1366 ὅντως
2752 1299 2920 1370 οῦσης
2968 1298 3137 1368 ζωῆς,
3176 1296 3253 1359 ὡς
3314 1294 3481 1347 αὐτὸν
3545 1288 3865 1361 μονώτατον
3922 1285 4016 1338 διά

2429 1400 2649 1454 πάντων
2677 1399 2799 1452 ὅλον
2826 1396 2925 1466 ὅλη
2959 1392 3400 1464 προφαινόμενον
3430 1388 3654 1459 ἔχουσα,
3687 1384 3785 1438 καὶ
3820 1381 4015 1444 ἀπλῶς

2426 1494 2624 1557 εἰπεῖν,
2655 1489 3029 1562 ἀντιστρόφως
3072 1488 3187 1550 τοῖς
3219 1482 3479 1552 παροῦσι,
3506 1480 3636 1548 περὶ
3655 1477 3692 1531 ὃ.
3722 1476 3820 1530 νῦν
3841 1473 4017 1562 ἐσμέν

2425 1601 2484 1637 τε
2514 1583 2610 1636 καὶ
2640 1561 3024 1650 διεξαγόμεθα,
3052 1576 3233 1630 πάντα
3267 1566 3408 1627 κατά
3427 1571 3489 1624 τὸ
3523 1568 3716 1640 μέλλον
3741 1564 3908 1631 δείξει
3942 1561 4015 1615 τά

2425 1674 2676 1744 ἡμετέρα
2703 1675 2736 1743 ἠ
2762 1668 3077 1741 θεοπρεπὴς
3137 1667 3238 1736 τῆς
3279 1662 3627 1723 ἀναστάσεως
3678 1658 3864 1728 χάρις,
3924 1654 4017 1706 ἶνα

741 1772 982 1827 rationes
1030 1771 1309 1840 sapienter
1353 1746 1765 1840 peragrato—ad
1813 1746 1985 1823 Deum
2036 1767 2323 1837 perveniet

2429 1765 2619 1835 ῶσπερ
2669 1764 2759 1817 διὰ
2793 1762 2890 1832 τὴν
2921 1759 3199 1831 ἁμαρτίαν
3220 1753 3456 1810 ἐνταῦθα
3490 1751 3750 1806 κατέπιεν
3778 1750 3810 1801 ό
3847 1746 4018 1840 θάναο

738 1874 865 1913 cunt
901 1833 1293 1928 intellig-entia;
1334 1833 1392 1912 at
1437 1833 1661 1912 sivmalc
1695 1865 1903 1921 utetur,
1945 1833 2143 1926 plaeter
2186 1872 2322 1911 con-

2429 1874 2520 1920 τος
2552 1833 2801 1926 ἰσχύσας,
2831 1852 2976 1907 οὕτω
3008 1849 3452 1919 καταποθήσεται
3507 1841 3734 1904 δικαίως
3777 1837 4021 1928 ἀσθενή-

739 1950 1053 2004 venientem
1103 1949 1372 2004 rationem
1405 1951 1659 2020 praesenti
1712 1949 1922 2003 mundo
1966 1948 2322 2017 pel-lustrato,

740 2058 850 2097 non
886 2044 1104 2097 occulto
1152 2043 1295 2097 forte
1344 2042 1399 2096 in
1434 2043 1671 2096 infamiae
1714 2041 1948 2096 aﬂ‘ectus
1998 2041 2211 2110 illapsa,
2242 2040 2326 2094 di-

740 2134 865 2188 vina
896 2149 1117 2202 quoque
1166 2134 1219 2186 in
1262 2133 1447 2187 futuro
1475 2133 1648 2202 gloria
1678 2133 1876 2187 merito
1918 2131 2154 2195 excidet,
2188 2132 2323 2185 bor-

741 2225 1022 2295 rendaque
1049 2224 1247 2295 judieii
1294 2224 1348 2278 in
1395 2223 1636 2278 infinitas
1673 2224 2011 2277 aeternitatcs
2052 2223 2322 2277 sententia

741 2318 1094 2372 damnabitur
1126 2325 1185 2371 ut
1222 2332 1383 2370 omne
1422 2331 1547 2370 cum
1585 2316 1697 2370 Deo
1720 2316 2003 2372 vinculum
2040 2326 2094 2370 et
2122 2330 2323 2369 nexum

741 2411 978 2474 amittat,
1010 2409 1065 2464 in
1098 2425 1261 2479 quam
1295 2408 1623 2462 sententiam
1656 2408 1701 2461 si
1737 2423 1796 2462 se
1831 2406 2044 2469 induet,
2077 2422 2136 2462 se
2178 2406 2324 2477 inju-

744 2502 885 2556 riam
917 2502 1027 2571 pati
1072 2500 1260 2555 dicere
1289 2516 1400 2553 non
1428 2498 1671 2563 habebit,
1702 2514 1827 2553 cum
1870 2499 2128 2553 allectum
2174 2499 2324 2554 Non-

741 2594 986 2648 existens
1010 2599 1493 2663 repraesentantem
1518 2591 1719 2645 habeat
1743 2599 2142 2654 accusatorem,
2160 2604 2323 2658 quem

745 2687 997 2756 ignorare
1032 2700 1140 2739 non
1170 2684 1362 2754 possit.
1391 2682 1499 2738 Sed
1524 2683 1593 2737 ad
1635 2682 1978 2753 propositum
2008 2697 2196 2737 sermo
2236 2698 2326 2738 re-

742 2776 1024 2832 vocandus
1051 2785 1156 2831 cst.

2432 1965 2531 2011 σας
2566 1950 2685 2000 ἐκεῖ
2720 1945 2810 1999 διά
2860 1946 2961 2015 τὴν
3008 1942 3191 2014 χάριν.
3247 1937 3433 1992 Ταῦτα
3466 1934 3569 2006 μὲν
3607 1934 3655 1986 εἰ
3686 1930 3894 1994 καλῶς,
3939 1927 4019 1989 ῶς

2429 2043 2668 2113 εἴρηται,
2723 2041 2989 2110 χρήσαιτο
3038 2036 3159 2098 ταῖς
3190 2032 3366 2100 αὐτῆς
3413 2028 3702 2097 δυνάμεσι,
3739 2024 3837 2077 καὶ
3869 2021 4020 2073 κατά

2427 2112 2520 2187 τδν
2548 2133 2761 2187 σκοπὸν
2783 2129 2877 2184 τοῦ
2916 2127 3074 2194 Θεοῦ,
3105 2127 3194 2179 τὸν
3243 2121 3503 2192 αἰσθητὸν
3538 2120 3744 2189 κόσμον
3780 2115 3872 2168 διὰ
3905 2112 4021 2164 τῶν

2430 2229 2488 2281 ἐν
2512 2226 2661 2296 αὐτῷ
2697 2221 3087 2293 πνευματικῶν
3123 2218 3300 2287 λόγων
3354 2218 3389 2286 ἠ
3414 2213 3565 2284 ψυχὴ
3594 2208 3773 2278 σοφῶς
3804 2204 4019 2296 διοόειῖι-

2432 2336 2573 2373 σασα
2602 2293 2740 2389 πρὸς
2769 2315 2900 2368 Θεὸν
2930 2313 3063 2385 ἔλθῃ
3095 2310 3236 2383 μετά
3286 2306 3592 2366 συνέσεως·
3637 2301 3686 2353 εί
3736 2296 3794 2351 δὲ
3826 2293 4020 2389 κακῶς

2430 2386 2719 2483 χρήσαιτο,
2760 2406 2913 2479 παρά
2944 2406 3033 2459 τὸν
3058 2404 3251 2457 δέοντα
3274 2399 3434 2468 λόγον
3472 2394 3567 2448 τὸν
3621 2390 3872 2483 παρόντα
3894 2386 4021 2483 δια-

2430 2477 2682 2571 θρῆσασα
2706 2477 2933 2568 κόσμον,
2971 2496 3073 2549 οὐκ
3100 2491 3294 2564 ἄδηλόν
3326 2506 3444 2550 πως
3466 2487 3545 2549 είς
3583 2483 3731 2553 πάθη
3780 2477 4015 2571 ἀτιμίας

2431 2566 2824 2655 ἐκπίπτουσα,
2846 2590 2939 2642 καὶ
2975 2591 3074 2658 τῆς
3126 2585 3280 2646 θείας
3317 2581 3478 2651 δόξης
3510 2576 3736 2636 εἰκότως
3784 2570 3935 2625 κατά
3962 2566 4026 2619 τὺ

2437 2684 2630 2755 μέλλον
2664 2682 3107 2753 ἀποριφήσεται,
3163 2675 3402 2746 φοϐερὰν
3431 2671 3518 2725 ἐπ’
3548 2667 3741 2723 αἰῶσιν
3764 2662 4025 2755 ἀπείροις

2431 2775 2675 2829 λαϐοῦσα
2728 2774 3057 2844 κατάκρισιν
3108 2767 3209 2839 τὴν
3248 2766 3386 2838 πρὸς
3436 2763 3532 2815 τὸν
3581 2759 3717 2813 Θεὸν
3748 2752 4020 2825 σχετικὴν

742 2869 1121 2939 ἀλλοτρίωσιν,
1150 2860 1294 2941 ὲφ⁹ᾖ
1328 2867 1633 2938 τρεχομένη
1658 2867 1757 2920 οὐκ
1796 2866 1911 2937 ἔχει
1940 2866 2119 2935 λέγειν
2153 2866 2230 2929 ὡς
2261 2866 2322 2919 οὐ
2361 2866 2605 2931 δικαίως,
2667 2869 2766 2939 τὴν
2801 2866 3189 2935 ὐποστήσασαν
3248 2860 3311 2913 τὸ
3355 2859 3433 2929 μὴ
3463 2855 3523 2909 ὂν
3565 2852 3808 2909 διάθεσιν
3878 2860 4024 2941 κατ-

745 2936 944 3033 ήγορον
998 2963 1234 3033 ἔχουσα,
1264 2936 1378 3031 *τήν
1437 2936 1705 3030 ἀγνοῆσαι
1755 2936 2009 3013 οὐδέποτε
2080 2959 2330 3014 δύναται.
2388 2961 2530 3016 Ἀλλ’
2574 2963 2669 3016 ἐπὶ
2724 2936 2819 3015 ’τὸ
2880 2958 3241 3032 προκείμενον
3312 2953 3444 3026 ἡμῖν
3529 2944 3867 3004 ὲπανακτὲον
3928 2936 4026 3013 τρν

744 3055 924 3123 λόγον.

816 3146 1033 3201 Etenim
1064 3142 1401 3213 evangelista
1434 3141 1626 3197 dicens
1658 3158 1672 3193 :
1706 3139 1840 3193 Sunt
1876 3157 1997 3194 vero
2029 3141 2188 3194 etiam
2221 3140 2333 3195 alia

2514 3138 2696 3193 Εἰπὼν
2728 3136 2838 3206 γάρ
2864 3137 2892 3188 ό
2922 3132 3346 3202 εὐαγγελιστής·
3380 3130 3556 3182 Ἐστι
3582 3123 3650 3177 δὲ
3704 3124 3803 3177 καί
3850 3125 4025 3178 ἄλλα

743 3255 906 3310 quam
937 3236 1104 3290 multa
1132 3250 1252 3305 quae
1280 3234 1431 3288 Jews
1457 3234 1596 3302 fecit,
1621 3246 1740 3302 qua:
1761 3233 1805 3285 si
1823 3232 1877 3285 in
1906 3248 2070 3285 unum
2103 3232 2325 3286 conscri-

2433 3233 2637 3287 :to.1.1c‘t
2676 3231 2795 3285 ὅσα
2824 3229 3118 3295 ἐποίησεν
3158 3228 3192 3279 ὁ
3218 3221 3483 3310 Ἰησοῦς,
3524 3220 3699 3310 ἅτινα
3731 3208 4028 3287 ἐὰντρό.

744 3331 1011 3393 bereutur,
1052 3342 1117 3380 ne
1149 3328 1322 3396 ipsum
1361 3325 1572 3393 quidem
1615 3323 1869 3376 mundum
1901 3331 2179 3392 capturum
2220 3339 2329 3377 esse

744 3420 973 3473 arbitror
1002 3418 1159 3471 libros
1179 3417 1399 3487 scriptos
1432 3414 1474 3479 ι,
1498 3431 1597 3485 per
1621 3413 1738 3469 hzec
1761 3414 1921 3469 nobis
1952 3416 2239 3480 revelavit,
2264 3431 2330 3471 ea

742 3526 868 3579 quas
889 3511 958 3564 ab
979 3524 1037 3563 se
1059 3510 1263 3577 scripta
1293 3518 1478 3562 essent
1508 3507 2005 3576 complanationcm
2033 3506 2328 3577 quamdam

744 3601 1000 3670 przeviam
1028 3615 1149 3655 esse
1185 3599 1532 3670 perfectioris
1575 3607 1632 3654 et
1658 3600 1841 3653 adhuc
1871 3598 2330 3668 imperceptibilis

745 3692 998 3745 rationis.
1048 3692 1161 3747 liae
1207 3691 1373 3761 igitur
1439 3690 1712 3744 sententia
1760 3690 2027 3744 Joannem
2074 3700 2327 3745 sanctum

742 3783 1134 3853 evangelistam
1163 3783 1209 3837 si
1237 3782 1362 3853 quis
1387 3798 1786 3851 przeeursorem
1815 3783 2124 3852 appellarit,
2148 3783 2203 3836 in
2228 3798 2329 3837 suo

744 3876 1008 3929 nimirum
1058 3875 1355 3944 Evangelio
1401 3873 1551 3943 quod
1595 3874 1662 3927 ad
1714 3873 2132 3943 praeparandam
2184 3875 2327 3929 viam

746 3966 1050 4020 intellectui
1096 3965 1161 4018 ad
1203 3965 1594 4035 perfectiorem
1638 3964 1906 4018 rationem
1954 3964 2327 4033 recipiendam

743 4059 1075 4126 composuit,
1111 4056 1155 4110 is
1189 4072 1219 4109 a
1262 4056 1498 4110 veritate
1542 4073 1653 4111 non
1695 4056 1995 4111 aberrabit.
2031 4055 2123 4111 Sic
2161 4055 2329 4126 igitur

746 4164 997 4219 magnam
1027 4147 1281 4202 veritatis
1307 4163 1501 4202 vocem
1528 4147 1725 4201 doctor
1750 4155 1915 4201 vocat
1944 4162 2072 4201 eum
2101 4147 2193 4217 qui
2219 4147 2331 4217 spi-

745 4240 962 4295 ritualia
991 4247 1268 4294 tonuerat.
1299 4238 1535 4293 Tonitru
1577 4248 1763 4293 autent
1798 4249 1884 4293 est
1915 4254 2018 4293 vox
2054 4238 2191 4292 nihil
2222 4239 2326 4293 nisi

744 4341 1015 4387 terrorem
1062 4332 1423 4387 audientibus
1470 4346 1709 4391 creans.
1760 4330 1899 4385 nihil
1952 4330 2142 4401 utique
2194 4331 2325 4385 clari

743 4423 1017 4487 reddens,
1078 4423 1260 4492 qualis
1304 4430 1390 4476 est
1437 4421 1834 4476 elementarius
1883 4437 2083 4476 sermo.
2137 4421 2329 4476 Omnis

740 4513 888 4567 enim
917 4524 1101 4567 sermo
1127 4511 1397 4566 divinitus
1425 4511 1481 4565 in
1508 4511 1614 4565 hoc
1637 4512 1838 4564 szeculo
1864 4510 2181 4564 hominibus
2204 4526 2329 4580 per-

740 4604 983 4674 scriptus
1022 4619 1331 4673 praecursor
1376 4612 1465 4658 est
1518 4602 1865 4673 perfectioris
1911 4601 2186 4657 sermonis
2228 4602 2324 4671 qui

739 4698 1019 4751 nullarum
1066 4697 1378 4750 litterarum
1422 4712 1526 4765 ope
1570 4712 1668 4766 per
1716 4711 1775 4750 se
1824 4695 1879 4749 in
1914 4695 2111 4764 spiritu
2156 4694 2325 4748 menti

741 4790 1040 4854 reveletur,
1091 4790 1297 4860 quique
1333 4789 1390 4843 in
1442 4787 1631 4843 futuro
1679 4788 1985 4857 apparebit,
2034 4787 2326 4841 veritatem

739 4880 962 4951 quidem
998 4881 1052 4935 in
1089 4895 1146 4935 se
1177 4881 1298 4950 ipso
1330 4879 1629 4934 revelatam
1659 4878 1890 4941 habens,
1922 4877 2018 4931 sed
2043 4878 2329 4932 involucro

739 4987 844 5027 suo
868 4970 1131 5025 nudatam
1165 4986 1275 5024 non
1298 4968 1617 5024 ostendens.
1641 4967 1734 5029 Sit:
1762 4967 1950 5037 igitur,
1979 4967 2059 5020 uti
2088 4967 2327 5032 videtur,

740 5065 910 5118 totius
942 5079 1110 5119 sacra:
1133 5062 1435 5133 Scriptura:
1467 5062 1782 5116 intellectus
1812 5061 1900 5131 pie
1943 5060 2324 5130 complanatus

740 5153 879 5208 nihil
915 5152 1137 5208 ditficile
1187 5161 1284 5208 aut
1334 5152 1600 5222 inaequale
1635 5153 1689 5205 in
1729 5152 1812 5206 eis
1852 5167 1974 5222 quae
2018 5150 2321 5206 secundum

741 5245 1031 5300 historiam
1063 5245 1169 5300 sibi
1199 5246 1479 5300 contraria
1504 5259 1624 5299 esse
1648 5243 1911 5298 videntur
1942 5243 2146 5297 habere
2172 5258 2325 5295 mon—

738 5334 1029 5391 strabitur.
1075 5335 1463 5406 Antiquiorum
1509 5335 1658 5390 enim
1697 5334 2077 5406 unusquisque
2109 5344 2327 5389 sancto-

816 5496 833 5536 ¹
870 5496 1027 5552 Joan.
1067 5511 1178 5560 xxx,
1208 5495 1300 5551 25.

2433 3340 2614 3393 φηται
2665 3322 2798 3375 καθ’
2840 3320 2933 3383 ἐν,
2990 3316 3134 3371 οὐδὲ
3175 3313 3364 3369 αὐτὸν
3417 3307 3575 3379 οἶμαι
3615 3309 3723 3361 τὸν
3781 3310 4030 3376 κόσμον

2431 3411 2702 3482 χωρῆσαι
2725 3410 2797 3464 τὰ
2820 3408 3169 3480 γραφόμενα
3189 3402 3421 3470 βιϐλία,
3463 3400 3721 3470 ἐνέφηνεν
3765 3402 3905 3469 ἡμῖν
3935 3400 4029 3451 δια

2429 3505 2662 3568 τούτων,
2694 3504 2777 3556 ὅτι
2806 3502 2875 3555 τά
2903 3500 3189 3571 γραφέντα
3226 3494 3364 3567 πρὸς
3410 3492 3577 3546 αὐτοῦ
3602 3490 4031 3561 προομαλισμός

2430 3602 2515 3663 τίς
2544 3600 2660 3651 ἐστι
2690 3597 2784 3650 τοῦ
2811 3594 3144 3664 τελεωτέρου
3175 3588 3272 3643 καὶ
3298 3588 3437 3651 τέως
3486 3585 3671 3656 (200
3700 3585 3753 3644 bl
3788 3584 4023 3653 ἀχωρή-

2429 3708 2523 3743 του
2558 3689 2742 3757 λόγον.
2772 3686 2928 3740 Κατά
2957 3684 3163 3753 ταύτην
3192 3678 3287 3735 οὖν
3313 3680 3413 3750 τὴν
3455 3678 3666 3731 ἔννοιαν
3712 3675 3894 3729 είπὼν
3925 3692 4018 3737 τις

2431 3782 2524 3835 τὸν
2546 3782 2705 3850 ἅγιον
2761 3775 3160 3845 εὐαγγελιστὴν
3224 3771 3482 3839 Ἰωάννην
3510 3768 3838 3839 πρόδρομον,
3876 3768 3944 3818 ὲν
3985 3759 4035 3833 ᾧ

2433 3873 2727 3938 συνέταξεν
2763 3868 3084 3939 Εὑαγγε).ίῳ
3133 3862 3580 3937 προοδοποιοῦντι
3624 3861 3725 3931 τὴν
3774 3860 4034 3914 διάνοιαν

2433 3968 2568 4036 πρὸς
2603 3960 2920 4032 παραδοχὴν
2941 3959 3036 4013 τοῦ
3059 3957 3393 4027 τελεωτέρου
3417 3954 3600 4023 λόγου.
3627 3953 3727 4023 τῆς
3753 3952 4033 4022 ἀληθείας

2430 4058 2529 4126 οὐχ
2557 4056 2957 4126 ἁμαρτήσεται.
2984 4051 3266 4122 Ταύτῃτοι
3305 4048 3402 4101 καὶ
3452 4045 3696 4117 μεγάλην
3744 4045 3845 4114 τῆς
3882 4044 3997 4113 ἀλη
4019 4074 4034 4083 ο

2431 4150 2580 4211 θείας
2611 4146 2877 4201 ἀποκαλεῖ
2907 4145 3089 4215 φωνὴν
3111 4144 3139 4195 ὁ
3191 4140 3517 4202 διδάσκαλος
3558 4139 3627 4193 τά
3662 4138 4035 4207 πνευματικά

2433 4240 2827 4311 βροντήσαντα.
2866 4235 3075 4306 Βροντὴ
3102 4233 3159 4288 δέ
3183 4234 3302 4286 ἐστι
3345 4232 3499 4303 φωνὴ
3537 4232 3697 4301 μόνον
3727 4229 4031 4298 κατάπλη-

2431 4331 2513 4397 ξιν
2552 4331 2667 4392 τοῖς
2702 4328 2996 4382 άκοὺουσιν
3047 4322 3373 4395 ἐμποιοῦσα,
3430 4321 3598 4392 μηδὲν
3649 4320 3836 4391 μέντοι
3890 4336 4034 4390 τρα-

2430 4421 2619 4481 νοῦσα,
2647 4413 2872 4489 οἷόσπερ
2903 4418 3054 4471 εστὶν
3089 4417 3118 4470 ό
3149 4413 3496 4485 στοιχειῶδης
3528 4413 3707 4482 λόγος.
3748 4413 3874 4474 Πᾶς
3916 4413 4034 4483 γάρ

2428 4512 2587 4580 λόγος
2622 4510 2805 4565 θεόθεν
2839 4511 2955 4573 τοῖς
2973 4508 3285 4579 ἀνθρώποις
3316 4506 3459 4559 κατά
3494 4505 3587 4558 τὸν
3615 4502 3793 4557 αίῶνα
3824 4504 4035 4558 τοῦτον

2428 4604 2662 4675 γραφεὶς
2701 4602 3007 4674 πρόδρομός
3060 4603 3179 4655 ἐστι
3213 4598 3307 4653 τοῦ
3336 4598 3405 4653 δι’
3446 4596 3612 4652 αὑτοῦ
3658 4596 3944 4666 ἀγράσως
3972 4600 4033 4650 ἐν

2428 4690 2702 4761 πνεύματι
2720 4690 2863 4744 κατά
2892 4689 3017 4743 νοῦν
3038 4688 3380 4759 μηνυομένου
3404 4690 3498 4740 καὶ
3515 4690 3570 4751 ες
3590 4685 3818 4758 ὕστερον
3844 4704 4035 4757 φανη-

2429 4782 2663 4852 σομένου
2696 4780 3023 4850 τελεωτέρου
3056 4779 3244 4848 λόγου,
3284 4780 3362 4842 ὡς
3411 4778 3672 4849 ἀλήθειαν
3722 4778 3825 4847 μὲν
3878 4777 4033 4849 ἔχων

2431 4876 2489 4928 ἐν
2518 4872 2696 4944 ἑαυτῷ
2729 4872 3095 4945 μηνυομένην,
3132 4873 3194 4926 οὐ
3252 4872 3362 4943 μὴν
3393 4870 3450 4924 δὲ
3501 4869 3674 4940 αὐτὴν
3709 4870 3854 4922 εὐπε
3868 4887 4035 4941 ρικα-

2430 4968 2650 5030 λὺπτως
2674 4967 2715 4998 ³⁸
2752 4966 2969 5037 γυμνὴν
2998 4966 3217 5029 δεικνὺς
3249 4964 3348 5035 τὴν
3375 4963 3659 5035 ἀλήθειαν.
3712 4961 3887 5016 Οῦτω
3928 4965 4034 5035 μὲν

2429 5055 2545 5125 οὖν,
2578 5060 2654 5123 ὡς
2679 5053 2855 5128 οῒμαι,
2886 5058 2986 5126 τῆς
3033 5058 3184 5121 θείας
3229 5056 3354 5128 ὅλης
3382 5057 3607 5129 Γραφῆς
3638 5057 3667 5108 δ
3701 5055 3835 5117 νοῦς
3869 5057 4034 5109 εὗσε-

2431 5150 2543 5213 6ῶς
2586 5150 2985 5220 όμαλιξόμενος
3024 5150 3177 5203 οὐδὲν
3209 5150 3471 5221 δυσχερὲς
3504 5148 3536 5220 ἧ
3585 5146 3893 5217 ἀνώμαλον
3944 5147 4035 5202 διὰ

2430 5242 2541 5296 τῶν
2613 5242 2740 5296 καθ’
2797 5242 3045 5314 ἱστορίαν
3116 5242 3393 5295 δοκουσῶν
3450 5239 3836 5294 ἐναντιώσεων
3886 5240 4034 5311 ἔχων

2430 5332 2801 5405 δειχθήσεται.
2859 5334 2974 5397 Πᾶς
3021 5332 3132 5405 γάρ
3171 5332 3281 5388 τῶν
3336 5329 3604 5387 ἀνέκαθεν
3652 5328 3833 5399 ἁγίων
3882 5328 4032 5383 κατά

2014 5587 2249 5644 VARI/li
2288 5586 2692 5645 LECTlONES.

812 5662 854 5693 ⁸¹
888 5660 1152 5716 Rescribe
1186 5658 1668 5733 ἀπσρικαλύπτως.

807 5797 884 5869 (8)
916 5797 1077 5870 Grcg.
1110 5798 1239 5854 Naz.
1273 5797 1364 5853 0r.
1394 5798 1597 5869 [κηρὸν.
1638 5801 1687 5851 in
1718 5798 1928 5854 Iaudem
1965 5800 2096 5856 (ἕως.
2131 5802 2313 5869 fratris
2355 5802 2481 5858 hab.
2526 5816 2645 5870 cap.
2676 5799 2768 5866 9.1,
2798 5766 2853 5868 p.
2884 5798 3011 5859 ets,
3056 5806 3189 5853 tom.
3222 5796 3262 5852 Ι.
3292 5795 3410 5866 Opp
3461 5795 3549 5849 ed.
3582 5794 3794 5853 Bcncd.
