4192 6434
153 376 284 448 1253

1418 370 1933 433 AMlllGUORUM
1974 371 2223 432 LIBER.

3259 385 3396 452 225'»

145 491 236 544 τὸν
264 489 442 560 ἀληθῆ
471 490 629 559 λόγον
661 488 758 543 τοῦ
807 488 874 541 δι’
913 485 1086 541 αὑτοῦ
1135 483 1472 596 μηνυοτμένξυ
1502 483 1704 596 ἔεικα

1826 493 1945 531 rum
1983 493 2172 533 revera
2209 481 2332 550 ejus
2363 484 2507 551 quod
2540 486 2652 555 ipse
2696 492 2965 548 revelaret
2995 502 3050 549 et
3083 498 3394 563 praeforma-

144 583 596 652 προτυπουμένου
629 580 929 651 μυστηρίου
962 578 1268 649 πρόδρομος
1293 571 1384 644 ἦν,
1406 576 1472 627 δι’
1493 568 1570 628 ὧν
1589 575 1722 626 sm-
1826 578 2023 668 Potui-13

145 672 240 740 σχέ
273 689 333 725 τε
367 673 462 725 καὶ
497 672 626 743 εδρα
653 673 746 726 καὶ
790 671 942 739 ἔλεγε
978 671 1046 724 τά
1086 669 1290 722 τούτων
1329 667 1720 739 προκηρύττων

140 763 452 832 ἀρχέτυπα.
474 764 566 816 Διὸ
588 764 683 816 καὶ
709 763 822 816 ἀντ’
839 763 1083 834 ἀλλήλων
1102 761 1407 831 ἀμέμπτως
1429 759 1722 829 παραλαμο-

141 852 421 916 ϐάνονται,
478 857 574 909 καὶ
629 857 848 910 πάντων
883 855 1147 917 ἀπαντες,
1199 853 1292 907 καὶ
1328 852 1557 915 ἕκαστος
1588 853 1718 906 ἑκά-

140 959 294 1008 στου,
329 947 427 997 καὶ
453 946 576 999 ἀντὶ
600 947 710 999 τῶν
734 947 828 998 ὑπ’
852 944 1034 1000 αὐτῶν
1056 943 1479 1016 συγγραφεισῶν
1499 944 1716 1013 βίϐλων,

138 1035 238 1086 καὶ
269 1036 386 1088 ἀντ’
434 1037 615 1090 αὐτῶν
664 1039 722 1091 αί
777 1037 950 1106 βίϐλοι
999 1038 1150 1108 παρά
1207 1038 1272 1106 τῇ
1331 1035 1588 1106 συνηθείᾳ
1617 1037 1719 1104 τῆς

138 1125 370 1196 Γραφῆς
420 1127 939 1198 προσαγορεύονται.
1002 1128 1111 1180 Καὶ
1146 1126 1298 1198 δηλοῖ
1341 1127 1500 1179 τοῦτο
1533 1125 1720 1194 σαφῶς

133 1215 230 1267 τὸν
286 1217 597 1288 Βαπτιστὴν
662 1218 915 1288 Ἰωάννην
985 1217 1171 1270 Ὴλίαν
1233 1217 1328 1271 καὶ
1391 1217 1557 1270 ποιῶν
1623 1217 1720 1270 καὶ

132 1305 314 1373 λέγων
352 1309 380 1359 6
413 1306 636 1378 Κύριος,
663 1308 774 1363 εἴτε
804 1309 894 1363 διὰ
925 1309 1024 1379 τὴν
1056 1309 1176 1378 ἴσην
1204 1309 1305 1378 τῆς
1355 1309 1561 1379 ἀρετῆς
1584 1309 1716 1374 ἕξιν,

132 1395 212 1457 ὥς
245 1413 414 1464 φασιν
459 1399 510 1450 oi
567 1398 901 1462 διδάσκαλοι,
953 1401 1047 1452 καὶ
1103 1400 1203 1469 τὴν
1261 1399 1401 1452 κατὰ
1459 1399 1584 1452 νοῦν
1629 1399 1720 1451 διά

131 1485 361 1539 πάντων
389 1489 762 1559 καθαρότητα,
802 1492 896 1542 καὶ
927 1491 990 1542 τὸ
1020 1491 1120 1560 τῆς
1143 1490 1416 1552 πολιτείας
1447 1491 1714 1555 σύντονον,

128 1574 249 1629 εῐτε
298 1577 389 1630 διά
450 1578 552 1650 τὴν
599 1580 657 1633 ἐν
697 1581 1026 1650 ἀμφοτέροις
1063 1583 1368 1652 ταυτότητά
1415 1582 1515 1651 τῆς
1564 1584 1622 1635 ἐν
1649 1584 1714 1652 τῇ

128 1667 322 1738 χάριτι
353 1669 658 1740 δυνάμεως,
690 1672 869 1741 (201
896 1678 951 1739 a)
987 1672 1096 1726 εἴτε
1158 1673 1282 1727 καθ’
1314 1674 1496 1744 ἓτερον
1552 1674 1711 1742 λόγον

128 1759 476 1828 ἀπόκρυφον,
517 1761 676 1824 αὐτὸς
727 1761 795 1814 ἂν
841 1762 1009 1834 εἰδείη
1047 1767 1076 1817 6
1103 1763 1276 1832 λέγων
1302 1763 1378 1828 ὡς
1419 1765 1572 1828 Θεὸς,
1617 1767 1712 1819 καὶ

125 1853 177 1902 oi
201 1854 339 1922 παρ’
368 1853 536 1906 αὐτοῦ
561 1855 631 1909 τά
649 1856 871 1910 τοιαῦτα
902 1859 1176 1928 μυστήρια
1202 1859 1565 1930 σοφιζόμενοι.
1602 1863 1710 1916 Καὶ

125 1941 298 1994 πάλιν
322 1944 560 1998 Μωῦσέα
590 1946 682 1998 τὸν
728 1947 912 2018 νόμον,
942 1948 1040 2001 καὶ
1085 1955 1368 2020 προφήτας
1405 1953 1502 2015 τάς
1530 1953 1709 2006 αὐτῶν

121 2035 479 2104 προφητικάς
539 2036 778 2106 βίϐλους,
815 2039 1072 2103 καλέσας,
1123 2043 1183 2093 ὲν
1225 2038 1306 2106 οἷς
1362 2043 1499 2114 πρὸς
1537 2045 1626 2097 τὸν
1651 2046 1710 2098 ὲν

121 2127 192 2196 τῇ
265 2128 458 2196 γεέννῃ
531 2128 957 2199 βασανιζόμενον
1011 2131 1264 2186 πλούσιον
1317 2135 1565 2202 φήσαντα
1617 2135 1710 2188 τὸν

123 2217 480 2286 πατριάρχην
518 2220 812 2286 εἰσήγαγεν
865 2219 1134 2291 Ἀϐραάμ·
1162 2221 1413 2290 Ἔχουσι
1456 2225 1708 2278 Μωῦσέα

121 2307 227 2359 καὶ
265 2308 410 2373 τοὺς
462 2309 795 2378 προφήτας,
841 2311 1282 2366 ἀκουσάτωσαν
1313 2312 1534 2379 αὐτῶν,
1587 2317 1708 2369 ἀντὶ

117 2396 236 2449 τῶν
273 2399 365 2451 ὑπ’
399 2399 580 2454 αὐτῶν
627 2402 1047 2474 συγγραφεισῶν
1083 2402 1243 2457 θείων
1270 2403 1468 2474 βίϐλων
1509 2407 1708 2470 αὐτοὺς

122 2490 372 2555 ἐκείνους
403 2494 806 2564 παραθέμενος,
851 2493 1093 2551 Μωῦσέα
1116 2496 1258 2566 φημὶ
1288 2496 1384 2549 καὶ
1418 2497 1545 2560 τοὺς
1570 2513 1707 2566 προ-

120 2580 326 2649 φήτας.
365 2583 474 2634 Καὶ
502 2582 814 2653 θαυμαστὸν
862 2585 1038 2639 οὐδέν.
1073 2586 1136 2640 Ei
1167 2586 1275 2656 γὰρ
1303 2578 1382 2647 εἷς
1411 2585 1559 2640 ἐστιν
1583 2587 1612 2636 ὁ
1639 2585 1706 2637 δι’

123 2668 311 2720 αὐτῶν
332 2671 855 2742 καταγγελλόμενος,
889 2675 940 2727 oi
966 2677 1166 2740 πάντες
1195 2675 1272 2738 ὡς
1311 2671 1392 2737 εἷς
1419 2676 1478 2728 ὃν
1499 2693 1706 2748 καταγ-

122 2759 380 2825 γέλλουσι
456 2764 696 2818 νοεῖσθαι
769 2765 1061 2830 δύνανται,
1137 2767 1232 2821 καὶ
1306 2767 1428 2821 ἀντὶ
1491 2769 1705 2823 πάντων

123 2849 359 2915 ἕκαστος
381 2853 474 2906 καὶ
498 2856 698 2919 πάντες
720 2857 938 2910 πάντων
952 2857 1192 2921 εὐσεϐῶς
1214 2860 1704 2931 ἀντιπαραλαμϐά-

121 2940 334 3005 νεσθαι,
360 2942 469 2996 τῶν
497 2961 554 2997 τε
571 2945 1048 3018 διακονησαμένων
1065 2947 1144 3020 τῷ
1163 2950 1306 3004 κατά
1331 2950 1431 3021 τὴν
1462 2953 1705 3008 Παλαιὰν
1750 2980 1755 2986 ·

123 3031 409 3104 Διαθήκην
489 3037 776 3108 μυστηρίῳ
841 3039 936 3092 καὶ
1006 3040 1115 3092 τῶν
1188 3041 1583 3096 πιστευθέντων
1643 3045 1704 3098 τὸ

1822 747 2146 818 primigenia
2176 757 2569 819 pnenuntians.
2598 759 2778 824 Quare
2808 765 2975 819 etiam
3010 768 3146 823 bene
3170 747 3244 825 et-
3262 788 3401 841 pne-

1823 847 1906 892 ter
1932 842 2419 909 reprehensionem
2452 864 2552 918 pro
2579 866 2638 905 se
2675 853 2908 910 invicem
2941 860 3308 928 accipiuntur,
3343 877 3400 920 et

1820 945 1920 999 pro
1948 933 2206 989 omnibus
2237 951 2429 993 onmes
2465 951 2522 995 et
2553 943 2790 1016 quisque
2825 964 2925 1016 pro
2957 966 3195 1022 quoque,
3229 957 3396 1011 etiam

1819 1037 1921 1090 pro
1954 1024 2113 1079 libris
2135 1026 2206 1079 ab
2231 1027 2366 1096 ipsis
2400 1035 2750 1105 conscriptis,
2784 1048 2842 1092 et
2868 1057 2968 1109 pro
3021 1043 3156 1111 ipsis
3187 1046 3312 1100 libri
3340 1049 3395 1102 in

1820 1110 2119 1182 Scriptura:
2151 1131 2250 1169 usu
2274 1120 2642 1188 appellantur.
2668 1125 2822 1191 Quod
2857 1110 3050 1194 aperte?
3083 1136 3398 1192 manifestat

1818 1200 2092 1272 Dominusl
2123 1204 2389 1262 Joannem
2413 1208 2716 1279 “baptistam
2765 1215 2936 1271 Eliam
2990 1230 3047 1274 et
3090 1223 3298 1280 faciens
3341 1238 3399 1281 et

1817 1292 2008 1350 dicens
2053 1306 2113 1362 ω,
2162 1297 2278 1353 sive
2327 1311 2554 1371 propter
2610 1321 2796 1374 parem
2865 1311 3079 1368 virtutis
3121 1315 3394 1383 habitum,

1818 1395 1878 1439 ut
1923 1387 2181 1457 discipuli
2215 1390 2430 1458 dicunt,
2460 1410 2524 1448 ac
2565 1399 2766 1453 mentis
2812 1416 2910 1468 per
2951 1409 3135 1460 omnia
3181 1412 3393 1476 purita-

1818 1485 1966 1540 tem,
2043 1490 2376 1551 propterque
2426 1489 2862 1545 conversationis
2927 1505 2982 1547 et
3042 1495 3165 1552 iiue
3213 1515 3396 1570 aequa-

1815 1567 2048 1634 litatem,
2079 1572 2196 1625 sive
2226 1574 2297 1626 ob
2326 1575 2671 1632 identitatem
2701 1582 2984 1654 utriusque
3017 1588 3071 1640 in
3099 1567 3396 1662 gratiarpo-
3505 1577 3512 1611 ί

1814 1661 2048 1722 testatis,
2092 1663 2208 1718 sive
2252 1666 2322 1719 de
2357 1669 2460 1721 alia
2503 1672 2722 1725 occulta
2765 1675 2998 1742 ratione,
3049 1685 3164 1748 ipse
3203 1661 3392 1751 quiut

1816 1749 1959 1805 Deus
1981 1753 2200 1810 locutus
2221 1766 2306 1811 est
2327 1759 2572 1826 sciverit,
2596 1770 2652 1816 et
2672 1764 2765 1833 qui
2793 1767 2923 1820 talia
2949 1770 3017 1823 ab
3038 1786 3105 1825 eo
3130 1749 3391 1842 mysteria

1809 1843 1991 1897 edocti
2026 1857 2171 1900 sunt.
2207 1847 2384 1918 Atque
2419 1850 2618 1907 iterum
2665 1855 2887 1928 Moysen
2933 1861 3130 1930 legem,
3167 1876 3222 1918 et
3257 1883 3390 1934 pro-

1810 1931 2006 1999 phetas
2061 1935 2232 1990 libros
2280 1955 2471 1994 eorum
2528 1946 2878 2014 propheticus
2937 1931 3390 2021 appellatum—ubi

1808 2024 2178 2080 Abrahamum
2228 2030 2596 2098 patriarcham
2645 2037 2711 2090 ad
2758 2039 2983 2096 divitem
3039 2044 3094 2098 in
3141 2049 3390 2116 gehenna

1808 2115 2128 2171 alllictatum
2155 2128 2209 2173 et
2233 2132 2488 2177 vexatum
2521 2125 2823 2184 introducit
2847 2132 3122 2190 dicentem
3147 2115 3160 2190 ξ
3183 2138 3388 2195 Haben:

1807 2207 2017 2278 Moysen
2040 2219 2088 2263 et
2119 2215 2423 2282 prapltelas,
2457 2219 2679 2272 audiunt
2705 2237 2789 2274 eos
2814 2231 2862 2287 υ,
2896 2240 2997 2292 pro
3027 2227 3184 2284 libris
3211 2231 3280 2284 ab
3304 2219 3388 2286 eis

1808 2300 2138 2368 conscriptis
2168 2301 2316 2372 ipsos
2355 2304 2476 2360 illos
2511 2323 2746 2377 ponens,
2783 2312 3025 2384 Moysen,
3059 2312 3389 2388 inquam,’et

1809 2391 2125 2470 prophetas.
2152 2394 2340 2465 Neque
2371 2399 2571 2454 mirtun
2617 2402 2741 2458 hoc.
2774 2405 2910 2461 Nam
2945 2409 2989 2463 si
3017 2426 3160 2464 unus
3181 2424 3264 2468 est
3290 2431 3390 2484 per

1807 2495 1906 2535 eos
1933 2483 2285 2552 praedicatus,
2317 2490 2560 2546 universi
2595 2503 2850 2565 tanquam
2881 2516 3026 2556 unus
3053 2519 3216 2572 quem
3244 2523 3386 2575 pra:-

1809 2574 1996 2629 dicant
2033 2578 2360 2649 intelligere,
2393 2593 2449 2638 et
2480 2600 2581 2653 pro
2615 2588 2888 2646 universis
2928 2594 3131 2665 singuli
3155 2574 3384 2669 quique,

1807 2675 1863 2721 et
1895 2683 2089 2724 omnes
2121 2687 2220 2740 pro
2250 2675 2528 2742 omnibus,
2555 2679 2642 2747 pie
2675 2683 2847 2752 accipi
2878 2698 3129 2753 possunt,
3154 2692 3247 2759 qui
3280 2693 3387 2748 Ve-

1809 2756 1944 2812 teris
1988 2757 2324 2815 Testamenti
2367 2767 2627 2833 mysterio
2679 2769 3056 2830 inservierunt
3085 2787 3142 2830 et
3173 2756 3388 2847 quibus

1807 2847 2086 2919 Evangelii
2117 2853 2306 2921 gratiae
2348 2856 2665 2923 praedicatio
2697 2862 2905 2917 credita
2945 2876 3082 2920 erat.
3115 2867 3298 2939 Itaque
3326 2884 3387 2926 ut

1807 2955 2038 3009 "mgnus
2072 2941 2310 2997 Joannes
2338 2945 2578 3014 Baptista
2606 2949 2661 3002 in
2694 2959 2861 3006 totam
2883 2955 3019 3010 Novi
3047 2957 3383 3016 Testamenti

1805 3030 2033 3100 ejusque
2061 3034 2246 3090 cultus
2273 3037 2504 3106 gratiam
2538 3039 2626 3108 pie
2660 3041 2892 3114 intelligi
2925 3057 3124 3116 potest,
3164 3053 3236 3107 ita
3259 3055 3385 3123 jure

122 3124 390 3194 κήρυγμα
420 3125 521 3196 τῆς
563 3130 705 3180 κατά
736 3128 798 3182 τὸ
835 3130 1168 3198 Εύαγγέλιον
1200 3133 1443 3202 χάριτος.
1493 3135 1704 3189 Οὐκοῦν

1809 3119 1864 3172 in
1915 3130 2088 3175 totum
2141 3123 2352 3178 Novum
2402 3127 2812 3187 Testamentum
2869 3136 3098 3206 ejusque
3147 3119 3381 3210 cultum,

121 3212 317 3285 ὥσπερ
345 3218 423 3278 είς
444 3216 571 3283 ὃλην
591 3215 758 3272 οὖσαν
780 3219 880 3290 τῆς
912 3221 1120 3291 Καινῆς
1177 3224 1452 3295 Διαθήκης
1479 3226 1573 3278 καὶ
1608 3227 1708 3297 τῆς

123 3305 248 3356 κατ’
286 3305 456 3375 αὐτὴν
498 3305 756 3378 λατρείας
791 3310 821 3362 ὁ
860 3308 1032 3380 μέγας
1079 3310 1393 3382 Βαπτιστὴς
1457 3315 1708 3384 Ἰωάννης

122 3392 366 3458 εὐσεϐῶς
419 3398 950 3468 παραλαμϐάνεσθαι
978 3401 1243 3471 ιδύναται,
1297 3403 1441 3458 οὕτω
1485 3404 1706 3469 δικαίως

121 3483 203 3547 τις
229 3485 360 3556 ὅλην
389 3485 487 3558 τὴν
517 3489 726 3559 Καινὴν
747 3490 1026 3562 Διαθήκην
1085 3493 1181 3546 καὶ
1221 3492 1328 3564 τὴνΙ
1364 3495 1485 3548 κατ’
1535 3495 1704 3567 αὐτὴν

121 3571 402 3643 λατρείαν,
459 3575 766 3647 πρόδρομον
821 3574 988 3633 οὖσαν
1047 3580 1145 3650 τῆς
1203 3580 1262 3633 ὲν
1319 3579 1399 3651 τῷ
1452 3581 1701 3652 μέλλοντι

120 3663 281 3718 αἰῶνι
311 3666 578 3737 μυστικῆς
605 3666 712 3720 τῶν
743 3669 1002 3740 ἀρρήτων
1045 3668 1267 3738 ἀγαθῶν
1316 3672 1699 3744 κρυφιότητος,

120 3753 218 3808 καὶ
257 3754 510 3825 Ἰωάννης
550 3759 580 3810 6
609 3757 782 3826 μέγας
827 3757 1045 3830 ἀληθῶς
1071 3760 1464 3832 εὐαγγελιστὴς
1490 3761 1699 3835 ληφθῆ-

119 3863 210 3899 ναι
260 3846 506 3909 δύναται,
555 3849 632 3912 ὡς
684 3849 994 3922 πρόδρομος
1057 3851 1210 3923 φωνὴ
1262 3850 1355 3905 τοῦ
1415 3852 1698 3922 μέλλοντος

117 3937 336 4008 τρανῶς
376 3939 654 3994 λαλεῖσθαι
707 3941 982 4012 θειοτέρου
1033 3941 1216 4011 λόγου,
1265 3944 1360 3996 καὶ
1385 3944 1698 4016 εἰκὼν-τῆς

115 4027 542 4101 δειχθησομένης
598 4032 875 4102 ἀληθείας.
924 4033 1058 4105 Σκιᾷ
1095 4033 1206 4107 γὰρ
1249 4036 1346 4090 καὶ
1385 4037 1552 4091 εἰκόνι
1602 4041 1697 4092 καὶ

116 4121 348 4191 ἀληθείᾳ
404 4122 467 4174 τὸ
512 4121 635 4177 καθ’
691 4125 839 4194 ἡμᾶς
883 4123 1004 4178 ὅλον
1050 4125 1153 4196 τῆς
1197 4127 1470 4196 σωτηρίας
1515 4128 1696 4198 σοφῶς

115 4209 445 4282 ᾠκονομήθη
480 4213 802 4284 μυστήριον.
838 4215 1024 4268 Σκιὰν
1050 4215 1162 4285 γὰρ
1208 4211 1376 4283 εἶχεν
1405 4219 1440 4271 ὁ
1484 4218 1692 4287 νόμος,

114 4301 192 4362 ῶς
216 4317 383 4371 φησιν
411 4305 441 4356 6
469 4303 612 4367 θεῖος
648 4305 990 4373 ’Δπόστολος,
1038 4305 1158 4359 τῶν
1175 4308 1526 4374 μελλόντων
1550 4310 1693 4378 ἀτα-

115 4391 278 4456 θῶν,
338 4395 452 4449 οὐκ
509 4394 708 4462 αὐτὴν
759 4396 958 4465 (201
1018 4396 1089 4466 b)
1143 4397 1258 4465 τὴν
1313 4401 1518 4453 εἰκόνα
1571 4398 1691 4453 τῶν

1811 3214 1903 3279 qui
1935 3213 2107 3267 futuri
2145 3216 2244 3270 :evi
2292 3220 2534 3288 mysticae
2583 3223 2944 3283 ineﬂabilium
2987 3230 3257 3290 bonorum
3287 3253 3384 3294 oc-

1808 3305 2124 3360 cultationis
2167 3322 2477 3376 praeeursor
2505 3323 2620 3380 est,
2662 3319 2830 3373 etiam
2873 3322 3113 3380 Joannes
3154 3344 3385 3401 magnus

1807 3407 1998 3447 revera
2030 3398 2364 3466 evangelista
2393 3410 2575 3469 potest
2615 3407 2813 3476 accipi,
2849 3421 2910 3463 ut
2939 3427 3041 3466 vox
3073 3398 3384 3484 prmcu'rsor

1804 3483 2096 3540 divinioris
2143 3486 2424 3546 Sermonis
2467 3505 2657 3562 aperte
2699 3499 2833 3552 olim
2877 3483 3290 3572 pronuntiandi,
3325 3522 3385 3567 et

1803 3576 2159 3632 simulacrum
2204 3582 2455 3637 veritatis
2484 3585 2949 3647 demonstrandae.
2989 3594 3190 3652 Umbra
3229 3601 3381 3655 enim

1801 3678 1859 3720 et
1907 3667 2206 3724 simulacro
2253 3683 2309 3726 et
2355 3677 2586 3731 veritate
2635 3687 2806 3734 totum
2857 3683 3054 3777 salqtis
3084 3689 3227 3756 apud
3279 3706 3382 3747 nos

1803 3761 2125 3830 mysterium
2181 3764 2459 3833 sapienter
2514 3767 2893 3838 dispensatum
2950 3761 3054 3831 est.
3126 3779 3377 3837 Umbrum

1802 3854 1939 3906 enim
1973 3855 2193 3909 habebat
2228 3859 2331 3923 lex,
2377 3868 2438 3912 ut
2477 3861 2611 3915 dicit
2639 3863 2857 3920 divinus
2878 3866 3192 3936 Apostolus,
3238 3874 3380 3941 futu-

1801 3962 1980 3999 rorum
2011 3949 2288 4014 bonorum,
2320 3968 2423 4005 non
2454 3953 2626 4023 ipsum
2657 3972 2834 4010 rerum
2875 3959 3239 4028 simulacrum,
3269 3982 3377 4035 qua

1799 4052 1900 4092 suo
1923 4039 2030 4092 sibi
2053 4055 2235 4094 sermo
2261 4044 2422 4097 modo
2463 4061 2566 4114 per
2596 4046 2886 4104 obscuram
2911 4055 3205 4121 quamdam
3229 4060 3375 4112 veri-

1799 4137 1969 4183 tatum
2007 4131 2463 4201 signiﬁcationem
2504 4139 2570 4191 ad
2595 4139 2951 4212 Evangeliqu
2991 4131 3373 4216 accipiendum

1795 4221 1934 4290 legis
1953 4223 2196 4285 cultores
2218 4225 2518 4282 instrueret
2543 4237 2588 4283 °.
2619 4231 2974 4302 Evangeliutn
2997 4248 3180 4292 autem
3205 4243 3377 4296 sintu-

1793 4313 2000 4368 lacruln
2045 4316 2293 4383 possidet
2327 4319 2660 4386 veritatum,
2704 4332 2761 4377 et
2806 4333 2950 4382 totos
2991 4339 3180 4398 aperte
3225 4341 3376 4390 tenet

1794 4405 1924 4460 hinc
1958 4407 2072 4475 jam
2117 4408 2210 4477 qui
2255 4408 2361 4462 sibi
2407 4409 2718 4468 futurorum
2752 4414 3021 4473 bonorum
3056 4421 3375 4481 similitudi-

113 4487 495 4558 πραγμάτων,
526 4489 596 4544 δι’
619 4486 688 4561 ἦς
713 4492 840 4555 τοὺς
867 4491 1009 4546 κατά
1031 4492 1196 4563 νόμον
1229 4493 1447 4556 οἰκείως
1477 4495 1689 4559 ἑαυτοῖς

1804 4513 1919 4550 nem
1950 4498 2347 4567 quaesiverunt.
2391 4501 2667 4571 Prazparat
2708 4521 2890 4562 sermo
2927 4525 3026 4578 per
3049 4527 3198 4582 spem
3228 4519 3374 4571 veri-

114 4579 237 4632 κατ’
292 4580 540 4651 ἀμυδράν
587 4597 709 4635 τινα
748 4581 858 4636 τῶν
893 4581 1110 4654 ἀληθῶν
1144 4583 1385 4654 ἔμφασιν
1433 4586 1569 4654 πρὸς
1590 4586 1689 4658 τὴν

111 4670 209 4723 τοῦ
239 4669 571 4742 Εὑαγγελίου
599 4673 912 4744 παραδοχὴν
954 4676 984 4727 6
1016 4674 1174 4744 λόγος
1201 4675 1589 4746 ἐπαιδαγώγει.
1617 4680 1691 4732 Τὸ

110 4762 170 4814 δὲ
230 4760 562 4832 Εύαγγέλιον
591 4767 774 4820 εἰκόνα
815 4767 1078 4838 κέκτηται
1120 4767 1230 4821 τῶν
1263 4767 1499 4840 ἀληθῶν,
1535 4770 1689 4835 ὅλους

111 4856 240 4925 ἔχον
288 4855 502 4926 τρανῶς
549 4855 878 4911 ἀπεντεῦθεν
930 4858 1034 4928 ἤδη
1071 4860 1199 4922 τοὺς
1231 4860 1339 4915 τῶν
1387 4861 1690 4931 μελλόντων

111 4945 341 5014 ἀγαθῶν
375 4949 669 5019 ὁμοιότητα
712 4950 1111 5019 κτησαμένους.
1144 4951 1424 5023 Ἐτοίμους
1463 4953 1492 5006 ό
1533 4953 1690 5022 λόγος

108 5038 179 5091 δι’
210 5038 426 5102 ἐλπίδος
455 5039 747 5102 καθίστησι
783 5044 850 5112 τῇ
881 5043 1160 5114 παραδοχῇ
1194 5044 1293 5115 τῆς
1320 5044 1430 5097 τῶν
1475 5045 1690 5116 ἀληθῶν

110 5129 448 5199 ἀρχετυπίας
491 5129 806 5202 ψυχωθῆναι
840 5133 932 5186 κα)⁵
973 5132 1224 5202 γενέσθαι
1273 5135 1451 5199 ζώσας
1477 5136 1692 5196 εἰκόνας

110 5219 375 5292 Χριστοῦ,
419 5222 512 5275 καὶ
546 5223 742 5276 ταυτὸν
779 5222 928 5294 αὐτῷ
966 5224 1166 5294 μᾶλλον
1216 5225 1358 5278 κατὰ
1395 5226 1494 5297 τὴν
1531 5229 1690 5298 χάριν

111 5311 146 5382 ἦ
180 5311 532 5381 ἀφομοίωμα,
556 5312 718 5383 τυχὸν
762 5313 818 5366 δὲ
846 5314 939 5368 καὶ
983 5315 1144 5378 αὐτὸς
1177 5317 1207 5368 6
1254 5314 1477 5386 Κύριος,
1525 5319 1571 5370 εἰ
1607 5317 1684 5387 μὴ

113 5404 373 5475 φορτικὸς
409 5404 439 5456 ό
478 5404 634 5473 λόγος
665 5407 810 5458 τισὶν
853 5401 990 5465 εἶναι
1032 5407 1196 5462 δοκεῖ.
1246 5408 1334 5469 Ὠς
1380 5409 1686 5479 πρόδρομος

113 5495 311 5551 ἑαυτοῦ
340 5495 476 5568 πρὸς
492 5496 586 5550 τοῦ
616 5497 874 5570 θεοφόρου
903 5499 1222 5555 διδασκάλου
1247 5501 1686 5572 προσηγόρευται

113 5589 235 5656 νῦν,
262 5589 336 5654 ὡς
369 5590 557 5646 ἑαυτὸν
607 5591 880 5660 ἀναλόγως
928 5595 1041 5657 τοῖς
1082 5594 1497 5666 ὑποδεχομένοις
1546 5599 1689 5652 κατά

185 5777 228 5810 II
254 5768 441 5827 Matth.
469 5787 540 5837 ιι,
570 5772 655 5827 14.

733 5781 758 5809 η
791 5772 922 5830 Luc.
952 5790 1058 5840 ενι,
1088 5776 1177 5832 29.
1252 5786 1272 5805 °
1307 5775 1472 5832 llebr.
1510 5795 1562 5845 ιι,
1591 5780 1640 5834 l.

1795 4597 1966 4642 tatum
1997 4589 2170 4643 forma
2199 4591 2522 4661 primigenia
2554 4606 2772 4666 recepta
2811 4601 3111 4657 animatum
3156 4605 3226 4660 iri
3271 4625 3372 4663 nos

1791 4687 1848 4731 et
1881 4680 2034 4734 vivas
2064 4680 2271 4736 Christi
2301 4683 2416 4738 l‘ore
2449 4684 2734 4755 imagines,
2766 4688 2878 4744 imo
2909 4692 3054 4748 idem
3085 4697 3231 4765 quod
3277 4701 3370 4756 ille

1795 4770 1979 4840 potius
2024 4786 2123 4841 per
2167 4774 2395 4842 gratiam
2443 4775 2560 4831 fore
2604 4793 2767 4847 quam
2811 4782 3193 4854 simulacrum,
3236 4793 3371 4860 quin

1795 4861 2027 4916 fortasse
2050 4863 2133 4916 vel
2166 4863 2343 4932 ipsum
2371 4867 2662 4923 Dominum
2703 4869 2821 4927 fore
2841 4913 2856 4938 ,
2887 4874 2992 4930 nisi
3033 4877 3228 4935 durius
3265 4861 3371 4936 huc

1791 4952 2000 5008 dictum
2044 4954 2321 5025 aliquibus
2377 4958 2652 5016 videatur.
2704 4961 3175 5028 Quemadmodum
3221 4989 3369 5028 nunc

1792 5060 2096 5114 praecursor
2129 5047 2214 5100 sui
2259 5046 2431 5116 ipsius
2471 5066 2501 5103 a
2553 5050 2744 5106 divino
2785 5053 3014 5112 doctore
3061 5062 3369 5130 appellatus

1789 5145 1875 5191 est
1903 5137 1997 5206 qui
2034 5153 2153 5191 sese
2186 5138 2268 5192 eis
2295 5154 2417 5208 qua:
2444 5149 2498 5194 et
2522 5141 2589 5195 de
2615 5144 2812 5199 Vetere
2832 5154 2888 5200 et
2913 5147 2980 5202 de
3001 5148 3153 5204 Novo
3179 5152 3370 5209 Testa-

1791 5239 1976 5284 mento
2004 5241 2289 5300 acceperat
2313 5233 2708 5289 convenienter
2731 5237 3085 5304 ostendisset,
3115 5257 3212 5311 per
3237 5247 3368 5299 :eni-

1790 5333 1968 5393 gmata
2002 5332 2057 5376 et
2099 5338 2262 5377 voces
2305 5334 2360 5378 et
2395 5326 2662 5397 imagines
2691 5329 2774 5383 sui
2820 5329 2994 5398 ipsius
3035 5348 3365 5402 praecursor,

1790 5430 1994 5484 perque
2041 5414 2156 5469 haec
2201 5416 2267 5468 ad
2312 5418 2600 5474 veritatem
2636 5420 2721 5474 his
2759 5413 3022 5478 'nudatam
3051 5425 3364 5495 deducens;

1791 5506 1844 5561 id
1873 5506 2019 5576 quod
2043 5507 2216 5578 ipsius
2234 5509 2451 5564 Domini
2478 5511 2663 5567 verbis
2690 5523 2941 5580 testatur,
2967 5517 3169 5586 quibus
3190 5518 3327 5574 dixit
3351 5539 3363 5575 :

1789 5600 1971 5657 Adhuc
1997 5601 2162 5656 multa
2194 5602 2331 5658 vobis
2353 5603 2521 5657 dicere
2544 5605 2726 5673 habeo,
2749 5607 2838 5660 sed
2863 5625 2967 5663 non
2989 5613 3200 5679 potestis
3227 5627 3366 5666 nunc
