4192 6434
776 382 913 444 1255

1903 376 1963 434 S.
2002 373 2294 434 MAXIMI
2331 370 2842 434 CONFESSORIS

3909 379 4048 442 1256

771 488 1019 559 bajutare
1048 498 1096 553 ν,
1142 486 1521 543 sublimiorem
1557 486 1780 555 quidem
1821 502 1884 539 ea
1911 502 2033 555 qua!
2062 499 2354 555 prxgressa

2461 501 2519 537 τε
2548 485 2650 555 τὴν
2679 485 2923 540 Παλαιὰν
2947 488 3089 541 κατά
3129 503 3189 540 τε
3218 488 3317 559 τὴν
3362 488 3509 542 Νέαν
3547 489 3826 559 Διαθήκην
3852 491 4049 559 Exqui-

770 587 913 639 erat,
938 578 1031 630 sed
1058 592 1123 630 ea
1147 594 1269 646 qua:
1292 586 1415 645 post
1437 591 1495 628 se
1518 592 1616 644 per
1636 576 1885 627 divinum
1917 574 2183 643 Spiritum
2205 574 2353 627 circa

774 668 952 737 ipsum
1000 670 1180 720 futura
1227 674 1373 720 esset
1406 666 1757 719 humiliorem
1803 675 1860 718 et
1895 666 2067 734 ipsam
2110 664 2355 734 discipli-

772 774 899 813 nam
932 757 1219 826 discipulis
1243 757 1580 827 signiﬁcans.
1610 756 1785 820 Unde,
1830 756 1889 809 ni
1928 756 2107 820 fallor,
2153 756 2355 826 adjecit

775 851 910 905 illud
946 850 1119 904 :Cum
1176 861 1359 904 autem
1414 851 1613 903 verterit
1664 848 1757 901 ille
1812 850 2048 904 ueritatis
2102 847 2350 917 Spiritus,

772 943 987 994 deducet
1019 958 1106 994 eos
1133 940 1188 994 in
1212 943 1357 994 omni
1382 942 1601 994 veritate
1625 950 1684 1005 ‘l;
1713 942 1799 995 vel
1823 942 1907 995 eis
1930 956 2053 1010 qua:
2072 940 2205 994 alibi
2232 941 2310 995 ait
2337 957 2351 993 :

772 1033 907 1086 Ecce
936 1050 1030 1103 ego
1064 1050 1172 1087 una
1200 1050 1319 1086 cum
1341 1033 1479 1086 vobis
1512 1049 1602 1085 ero
1626 1049 1806 1086 omnes
1829 1034 1938 1087 dies
1964 1048 2129 1103 usque
2153 1033 2224 1085 ad
2258 1034 2355 1086 a'vi

769 1125 1273 1177 consummationem
1308 1133 1351 1176 ι’.
1382 1123 1503 1177 Non
1532 1123 1681 1192 quod
1710 1131 1901 1193 postea
1932 1124 2092 1192 plane
2121 1138 2232 1175 non
2267 1121 2355 1174 fu-

771 1221 933 1267 turus
961 1214 1033 1268 sit
1064 1230 1172 1267 una
1203 1230 1328 1268 cum
1363 1214 1465 1278 eis,
1501 1214 1599 1271 sed
1643 1215 1793 1286 quod
1832 1214 2125 1269 sublimior
2160 1213 2358 1268 videli-

770 1316 858 1360 cet
899 1308 970 1362 sit
1003 1308 1225 1362 futurus
1253 1323 1418 1377 quam
1447 1324 1612 1378 quem
1659 1324 1727 1362 eo
1782 1322 1955 1376 usque
2001 1307 2355 1361 humiliorem

770 1398 1073 1460 novissent,
1100 1406 1162 1450 ut
1192 1414 1355 1467 quem
1389 1398 1458 1451 ad
1504 1413 1657 1452 suam
1685 1396 2002 1451 facultatem
2044 1396 2354 1465 augendam

770 1498 955 1545 essent
976 1491 1239 1560 agnituri.
1268 1490 1414 1544 Idem
1442 1489 1590 1543 enim
1615 1504 1713 1558 per
1734 1502 1794 1541 se
1821 1502 2041 1556 semper
2058 1487 2353 1551 exsistens,

771 1583 1089 1651 nullamque
1132 1596 1200 1635 ex
1248 1581 1628 1635 immutatione
1657 1578 2103 1642 conversionem,
2151 1593 2256 1631 nec
2298 1578 2356 1631 in

768 1673 941 1742 magis
985 1681 1081 1725 aut
1127 1672 1311 1725 minus
1359 1679 1715 1741 augmentum
1768 1679 1864 1723 aut
1909 1668 2353 1723 imminutionem

766 1764 1088 1826 admittens,
1132 1762 1392 1817 omnibus
1431 1762 1616 1816 omnia
1659 1776 1758 1830 per
1805 1760 2069 1814 bonitatis
2100 1760 2162 1813 tit
2192 1774 2355 1812 exsu-

2453 595 2582 639 νων,
2636 576 2706 629 δι’
2762 578 3102 648 αἰνιγμάτων
3161 596 3223 632 τε
3285 580 3383 634 καὶ⁵
3437 579 3634 649 φωνῶν
3695 583 3793 633 καὶ
3856 583 4050 635 τύπων

2454 668 2775 741 προτρέχων
2816 671 2981 733 αὑτὸς
3007 670 3227 736 ἑαυτοῦ,
3268 674 3365 725 καὶ
3410 673 3499 727 διὰ
3531 674 3737 727 τούτων
3780 675 3922 743 πρὸς
3953 677 4053 745 τὴν

2453 764 2627 834 χωρὶς
2675 762 2885 817 τούτων
2935 764 3084 830 ἄγων
3128 764 3408 835 ἀλήθειαν,
3456 769 3570 828 τοῖς
3622 765 3788 819 αὑτοῦ
3838 769 4052 836 Κυρίου

2454 854 2633 922 λόγοις
2688 854 2851 908 τοῦτο
2893 857 3353 925 τεκμαιρομένου,
3412 857 3481 910 δι’
3526 851 3602 910 ῶν
3636 858 3844 927 ἔλεγεν,
3920 860 4052 912 Ἔτι

2455 945 2657 1000 πολλὰ
2680 947 2799 1016 ἔχω
2829 948 3034 1016 λέγειν
3050 947 3213 1017 ὑμῖν,
3250 950 3391 1003 ἀλλ’
3416 951 3489 1003 οὐ
3518 949 3789 1005 δύνασθε
3809 951 4053 1016 ,Βαστά-

2455 1036 2574 1096 (scr
2596 1036 2762 1104 dprs'
2795 1038 3079 1108 σημαίνων
3111 1038 3213 1110 τὴν
3252 1038 3596 1110 ὑψηλοτέραν
3631 1041 3732 1109 μὲν
3761 1041 3867 1110 τῆς
3912 1058 4054 1111 προ-

2456 1126 2749 1196 λαϐούσης,
2817 1127 3237 1198 χθαμαλοτέραν
3289 1128 3347 1181 δὲ
3414 1130 3505 1182 καὶ
3557 1131 3729 1201 αὒτὴν
3778 1133 3882 1201 τῆς
3938 1150 4040 1203 μετ

2455 1217 2627 1288 αὐτὴν
2655 1218 2747 1271 διὰ
2776 1218 2871 1270 τοῦ
2903 1218 3050 1271 θείου
3096 1220 3415 1288 Πνεῦματος
3460 1222 3589 1289 περὶ
3627 1222 3791 1276 αὑτοῦ
3825 1224 4053 1293 μέλλου-

2456 1326 2558 1360 σαν
2629 1308 2868 1373 ἔσεσθαι,
2943 1310 3085 1381 πρὸς
3158 1313 3359 1376 αὐτοὺς
3428 1313 3801 1368 διδασκαλίαν.
3883 1317 4054 1370 ὐθεν

2456 1399 2681 1462 εἰκότως
2726 1401 3006 1469 ἐπήγαγεν
3033 1418 3047 1432 ·
3089 1403 3276 1456 Ὀταν
3325 1403 3397 1457 δὲ
3462 1404 3611 1473 ἔλθη
3672 1407 3934 1473 ἐκεῖνος,
3986 1410 4053 1461 τὸ

2457 1491 2697 1560 Πνεῦμα
2757 1491 2869 1559 τῆς
2927 1494 3236 1560 ἀληθείας,
3293 1494 3581 1563 ὁδηγήσει
3628 1496 3783 1566 ὑμᾶς
3839 1500 3914 1551 ἐν
3978 1497 4051 1565 τῇ

2454 1584 2706 1651 ἀληθείᾳ
2736 1584 2902 1650 πάσῃ
2928 1598 2942 1613 °
2966 1586 3000 1654 ἢ
3036 1587 3129 1639 καὶ
3150 1585 3217 1637 δι’
3250 1580 3325 1641 ὧν
3359 1588 3588 1655 ἑτέρωθί
3619 1604 3809 1657 φησιν·
3865 1589 4049 1651 Ἰδοὺ,

2453 1673 2569 1741 ἐγὼ
2607 1676 2737 1741 μεθ’
2776 1673 2945 1744 ὑμῶν
2981 1678 3098 1744 ειμι
3141 1676 3344 1742 πάσας
3393 1679 3501 1744 τὰς
3543 1680 3759 1748 ἡμέρας
3794 1680 3909 1745 ἓως
3941 1679 4052 1747 τῆς

2454 1763 2817 1825 συντελείας
2849 1762 2958 1816 τοῦ
2977 1762 3196 1827 αὶῶνος
3222 1780 3238 1795 ·
3260 1767 3360 1835 οὑχ
3378 1766 3455 1830 ὡς
3482 1770 3619 1836 μετὰ
3654 1769 3814 1821 τοῦτο
3846 1788 4051 1822 παντε-

766 1855 1097 1925 perantiam,
1147 1854 1372 1907 humilis
1421 1852 1762 1916 humilibus,
1814 1851 2069 1904 sublimis
2108 1850 2354 1905 sublimi-

2458 1847 2566 1910 λῶς
2614 1849 2796 1918 (202
2826 1851 2883 1919 a)
2932 1851 3032 1903 οὐκ
3099 1854 3364 1922 ἐσομένου
3410 1859 3529 1926 μετ’
3571 1858 3769 1923 αὑτῶν,
3823 1861 3945 1914 ἀλλ’
3977 1862 4052 1925 ὡς

767 1947 893 2009 bus,
922 1956 978 2000 et
1006 1947 1089 2000 eis
1120 1947 1215 2016 qui
1245 1963 1302 1999 se
1332 1961 1432 2015 per
1472 1960 1531 1999 se
1564 1944 1742 2013 ipsum
1775 1942 2105 1996 deiﬁcentur
2136 1942 2355 2011 proprie

766 2040 933 2101 Deus,
981 2039 1118 2093 adeo
1164 2047 1227 2091 ut
1270 2038 1557 2107 praesentis
1605 2036 1707 2090 aevi
1761 2036 1947 2089 omnia
1996 2033 2357 2103 providentia:

764 2130 913 2184 circa
943 2129 1221 2183 hominem
1264 2129 1451 2182 forma:
1482 2139 1646 2196 atque
1690 2124 1948 2195 mysteria
1973 2164 1987 2188 ,
2012 2132 2357 2193 quantacun-

761 2237 873 2291 que
901 2228 1052 2284 sunt,
1084 2221 1190 2274 via:
1231 2217 1561 2289 praeparatio
1596 2226 1654 2271 et
1693 2217 2006 2270 futurorum
2035 2212 2236 2283 praevia
2261 2212 2356 2266 de-

764 2313 998 2382 scriptio
1028 2312 1119 2366 sit.
1147 2310 1513 2378 Comparatus
1546 2308 1713 2377 igitur
1746 2316 1803 2361 et
1834 2306 1953 2375 ipse
1982 2304 2198 2359 Domini
2231 2319 2355 2372 per-

763 2402 1043 2474 ceptibilis
1075 2401 1295 2456 interim
1325 2416 1510 2455 sermo
1550 2413 1677 2453 cum
1716 2413 1783 2453 eo
1814 2398 1910 2467 qui
1951 2396 2126 2465 magis
2162 2395 2356 2465 mysti-

762 2510 863 2550 cus
885 2492 1176 2562 diseipulis
1202 2493 1334 2545 olim
1359 2491 1605 2554 dabitur,
1636 2500 1694 2544 et
1725 2489 1993 2559 pristinus
2013 2490 2132 2557 ejus
2161 2502 2355 2541 rursus

762 2600 889 2638 cum
934 2582 1180 2637 secundo
1223 2581 1517 2644 adventus,
1551 2580 1635 2634 sui
1690 2580 1862 2649 ipsius
1903 2592 2214 2648 prazcursor
2243 2586 2349 2642 est,

762 2675 1000 2727 obscure
1031 2671 1255 2740 quidem
1282 2671 1339 2722 in
1382 2684 1442 2724 se
1482 2668 1784 2723 ostendens
1806 2668 1873 2722 ad
1900 2667 2244 2721 audientium
2272 2667 2353 2720 l‘a-

761 2764 1053 2823 cultatem,
1078 2773 1189 2813 non
1229 2756 1585 2826 patefaciens,
1616 2771 1766 2811 nunc
1789 2771 1911 2825 quae
1935 2756 1990 2809 in
2016 2756 2237 2809 occulto
2258 2770 2355 2825 pe-

763 2868 863 2906 nes
895 2866 954 2904 se
982 2850 1149 2903 tacite
1176 2848 1341 2901 habet
1366 2848 1645 2917 mysteria,
1680 2856 1974 2916 propterea
2018 2845 2166 2915 quod
2210 2846 2352 2900 inte-

762 2942 869 2994 rim
898 2938 1205 2993 conditioni
1233 2938 1395 3006 plane
1421 2938 1534 2991 sint
1558 2935 2039 3006 imperceptibilia.
2067 2936 2349 3007 Quidquid

762 3033 935 3096 enim,
980 3040 1040 3085 ut
1077 3030 1213 3094 dixi,
1259 3030 1463 3085 litteris
1489 3030 1737 3101 subjacet
1769 3036 1825 3083 et
1864 3027 2113 3093 vocibus,
2143 3029 2197 3083 id
2229 3029 2346 3082 ﬁeri

761 3140 873 3180 non
901 3133 1083 3196 potest
1111 3125 1247 3195 quin
1276 3132 1332 3177 et
1362 3139 1523 3177 suum
1566 3138 1634 3176 ex
1662 3130 1838 3177 semet
1868 3122 2229 3186 intellectum,
2260 3123 2346 3177 vel

2459 1939 2794 2011 ὑψηλοτέρου
2871 1941 3114 2012 δηλονότι
3169 1946 3318 2017 ,παρ’
3390 1948 3451 2001 ὃν
3529 1950 3666 2013 τέως
3743 1953 4055 2021 ἠπίσταντο

2457 2030 2900 2103 χθαμαλώτερον,
2925 2032 3002 2097 ὼς
3026 2036 3164 2104 πρὸς
3190 2037 3289 2108 τὴν
3336 2040 3546 2095 ἑαυτῶν
3591 2042 3824 2113 δύναμιν
3879 2046 4055 2114 γινώ-

2458 2120 2686 2175 σκεσθαι
2736 2123 3043 2193 μέλλοντος.
3081 2128 3355 2193 Ὡσαύτως
3401 2131 3512 2203 γὰρ
3559 2132 3823 2204 ὑπάρχων
3845 2138 3937 2190 ἀεὶ
3984 2139 4053 2191 δι’

2454 2213 2671 2279 ἑαυτὸν,
2710 2216 2806 2269 καὶ
2837 2218 3109 2288 μηδεμίαν
3136 2221 3578 2293 παραδεχόμενος
3617 2226 3675 2293 ἐξ
3701 2226 4051 2291 ἀλλοιώσεως

2457 2304 2784 2376 μεταϐολὴν,
2836 2306 2962 2360 οὔτε
2998 2308 3062 2361 τὸ
3097 2310 3300 2378 μᾶλλον
3341 2314 3438 2366 καὶ⁸
3464 2308 3650 2385 ⁴ἦττον,
3680 2319 3818 2369 πᾶσι
3869 2321 4054 2371 πάντα

2452 2395 2666 2463 γίνεται
2726 2397 2795 2450 δι’
2847 2398 3157 2469 ὑπερϐολὴν
3215 2402 3572 2475 ἀγαθότητος,
3630 2407 3889 2471 ταπεινὸς
3939 2413 4054 2473 τοῖς

2452 2490 2750 2556 ταπεινοῖς,
2803 2489 3007 2559 ὑψηλὸς
3040 2495 3155 2554 τοῖς
3200 2493 3448 2564 ὑψηλοῖς,
3496 2497 3589 2550 καὶ
3632 2501 3745 2562 τοῖς
3782 2499 3854 2552 δι’
3882 2502 4055 2555 αὑτὸν

2453 2581 2774 2651 θεουμένοις
2799 2582 2829 2634 ό
2876 2582 3037 2652 φύσει
3072 2584 3227 2649 Θεὸς,
3269 2586 3346 2649 ὼς
3378 2583 3517 2643 εἶναι
3550 2590 3621 2642 τὰ
3648 2590 3744 2644 τοῦ
3775 2595 4054 2663 παρόντος

2415 2700 2420 2706 -
2451 2670 2646 2734 αἰῶνος
2674 2672 2851 2726 πάντα
2883 2678 2983 2745 τῆς
3033 2676 3161 2745 περὶ
3183 2676 3278 2729 τὸν
3321 2678 3611 2750 ἄνθρωπον
3640 2684 3903 2753 προνοίας
3932 2687 4054 2751 εἴδη

2449 2775 2509 2811 τε
2546 2760 2642 2812 καὶ
2673 2765 2967 2832 μυστήρια,
3000 2763 3105 2817 κᾶν
3133 2766 3345 2834 μεγάλα
3373 2764 3429 2839 ᾗ,
3463 2769 3879 2841 προοδοποίησεν
3928 2790 4056 2825 τινα

2451 2852 2547 2905 καὶ
2593 2854 3035 2922 προδιατύπωσιν
3082 2859 3191 2912 τῶν
3232 2859 3554 2928 μελλόντων.
3600 2863 4055 2934 Συγκρινόμενος

2450 2939 2545 2999 οὖν
2591 2947 2685 2999 καὶ
2719 2946 2882 3011 αὐτὸς
2930 2949 2958 3001 ὁ
2996 2949 3134 3012 τέως
3184 2950 3281 3003 τοῦ
3332 2953 3539 3022 Κυρίου
3587 2957 3838 3026 χωρητὸς
3884 2957 4054 3025 λόγος

2452 3035 2587 3104 πρὸς
2638 3036 2731 3089 τὸν
2797 3037 3059 3106 μέλλοντα
3134 3040 3249 3103 τοῖς
3308 3041 3580 3111 μαθηταῖς
3640 3045 4056 3116 μυπικόπερον

2450 3120 2933 3198 ὲπιχορηγεῖσθαι,
2960 3131 2994 3199 ἢ
3020 3148 3079 3183 τε
3110 3133 3354 3203 προτέρα
3381 3132 3545 3186 πάλιν
3574 3134 3739 3188 αὑτοῦ
3770 3140 4055 3207 παρουσία

762 3220 808 3273 si
857 3217 1140 3287 spirituale
1193 3215 1326 3285 quid
1376 3215 1469 3278 sit,
1502 3224 1779 3283 quatenus
1819 3212 2242 3282 haudquaquam
2291 3211 2346 3266 in

2451 3218 2519 3286 τῇ
2562 3197 2816 3289 δευτέρᾳ,
2874 3197 3180 3290 πρόδρομός
3232 3197 3381 3274 ἔστιν
3434 3222 3649 3286 ἑαυτοῦ,
3708 3197 4055 3296 παραδείξας

763 3309 978 3361 litteras
1001 3316 1165 3376 atque
1191 3305 1561 3360 elocutionem
1586 3303 1754 3367 cadit,
1781 3312 2041 3371 tanquam
2072 3303 2139 3357 ad
2173 3304 2345 3357 mani-

762 3400 964 3454 festum
1016 3408 1073 3453 et
1142 3398 1491 3468 perspicuum
1542 3395 1745 3465 dirigat
1793 3394 2063 3459 verbum;
2111 3393 2347 3464 ideoque

761 3505 1103 3561 quaacunque
1135 3506 1165 3544 a
1192 3489 1414 3543 Christo
1441 3488 1552 3542 Deo
1580 3486 1870 3555 discipulis
1913 3485 1970 3539 in
2003 3485 2347 3540 inenarrabi-

761 3582 870 3636 lem
930 3582 1271 3635 intellectum
1330 3589 1390 3634 et
1454 3576 1971 3646 interpretationem
2020 3576 2167 3631 dicta
2215 3586 2346 3633 sunt

760 3672 1027 3726 Joannem
1084 3671 1315 3725 fortasse
1362 3670 1586 3724 divinus
1632 3668 1723 3721 hic
1767 3667 1963 3720 doctor
2009 3667 2342 3736 appellavit,

763 3778 1158 3835 pnecursorem
1202 3762 1431 3832 gratiam
1473 3776 1542 3815 ex
1590 3775 1659 3814 eo
1695 3774 1807 3828 quo
1849 3758 1915 3812 ad
1965 3758 2343 3827 recipiendum

762 3863 924 3924 aptus
953 3862 1076 3908 erat
1104 3853 1335 3922 pulchre
1375 3862 1542 3921 atque
1580 3850 1863 3919 sapienter
1889 3850 2203 3904 nominans.

2457 3307 2558 3376 μὲν
2586 3307 2845 3378 ἀμυδρῶς
2874 3311 2934 3361 ὲν
2979 3311 3162 3380 ἐαυτῷ
3189 3312 3327 3383 πρὸς
3349 3314 3449 3384 τὴν
3490 3315 3600 3367 τῶν
3628 3315 4055 3386 ὑποδεχομένων

2450 3400 2705 3470 δύναμιν,
2743 3401 2804 3454 οὑ
2852 3403 3176 3472 φανερώσας
3218 3405 3277 3457 δὲ
3326 3405 3423 3459 νῦν
3460 3406 3608 3478 ἅπερ
3662 3408 3774 3478 ἔχει
3820 3427 4054 3481 deum.

2455 3491 2634 3559 μένως
2669 3493 2803 3561 παρ’
2852 3494 3034 3563 ἑαυτῷ
3080 3496 3141 3547 ἐν
3178 3496 3482 3565 ἀποκρύφῳ
3524 3502 3821 3569 μυστήρια,
3851 3502 3949 3554 διὰ
3988 3504 4052 3555 τὸ

2449 3582 2518 3649 τῇ
2553 3581 2726 3634 κτίσει
2770 3583 2909 3642 τέως
2953 3581 3096 3640 εἶναι
3137 3589 3417 3652 παντελῶς
3444 3590 3725 3662 ἁχὼρητα.
3781 3594 3901 3646 [liv
3934 3598 4052 3665 γὰρ

2449 3672 2479 3723 ὃ
2511 3674 2831 3743 γράμμασιν
2875 3677 3194 3745 ὑποπίπτει,
3221 3680 3404 3745 καθὼς
3432 3685 3669 3755 εἴρηται,
3700 3688 3794 3737 καὶ
3830 3692 4053 3756 φωναῖς

2452 3765 2672 3829 πάντως
2700 3766 2786 3819 ὅτι
2828 3770 2925 3821 καὶ
2966 3770 3059 3824 τὸν
3095 3773 3387 3843 νοούμενον
3428 3773 3489 3839 ἐξ
3514 3776 3703 3843 αὑτοῦ,
3732 3778 3837 3832 κᾶν
3873 3796 4051 3831 meo-

2455 3855 2683 3924 ματικδν
2720 3851 2779 3927 ᾖ,
2826 3857 2952 3911 ὅσον
3001 3861 3141 3931 πρὸς
3188 3862 3252 3915 τὸ
3304 3863 3549 3934 μηδόλως
3592 3867 3888 3937 γράμμασι
3949 3869 4053 3920 καὶ

762 3948 1071 4018 ἐκφωνήσει
1141 3945 1508 4016 προσπίπτον,
1581 3946 1766 4014 φωνῆς
1843 3942 2001 4011 λόγον
2068 3943 2146 4006 ὼς
2212 3943 2348 4013 πρὶς
2420 3947 2619 4016 τρανὸν
2692 3948 2849 4017 λόγον
2893 3952 3102 4022 ἐπέχει,
3153 3956 3249 4008 καὶ
3296 3954 3386 4009 διὰ
3427 3956 3587 4011 τοῦτο
3631 3958 3809 4012 πάντα
3846 3960 3923 4012 τὰ
3954 3961 4051 4013 διὰ

762 4034 1000 4106 Χριστοῦ
1051 4034 1147 4089 τοῦ
1196 4034 1335 4088 Θεοῦ
1379 4035 1491 4097 τοῖς
1573 4032 1840 4105 μαθηταῖς

1929 4032 2231 4102 λαληθέντα
2284 4034 2422 4104 πρὸς
2456 4035 2547 4089 τὸν
2586 4037 2857 4109 ἀλάλητον
2915 4041 3042 4096 νοῦν
3096 4043 3218 4115 ἦτοι
3273 4045 3461 4117 νόησιν
3527 4046 3781 4119 Ἰωάννην
3830 4049 3970 4115 ἴσως
4014 4053 4051 4103 ὁ

764 4134 1055 4196 θεσπέσιος
1111 4125 1266 4196 οὗτος
1299 4130 1621 4195 διδάσκαλος
1676 4129 2093 4202 προσηγόρευσε
2122 4168 2139 4195 ,
2179 4130 2279 4201 τὴν
2343 4130 2653 4203 πρόδρομον
2698 4136 2859 4207 χάριν
2893 4138 2958 4192 ὲκ
2985 4138 3079 4193 τοῦ
3124 4140 3378 4196 δεκτικοῦ
3417 4141 3601 4207 καλῶς
3625 4159 3688 4198 τι
3721 4145 3818 4199 καὶ
3849 4146 4048 4217 σοφῶς

761 4229 1058 4300 ὀνομάσας.

764 4414 850 4470 Ea:
878 4411 1055 4465 eodem
1081 4423 1344 4470 sermone,
1393 4407 1451 4460 in
1494 4405 1664 4460 illud:
1706 4405 2059 4475 «Disputatio
2105 4421 2227 4459 vero
2275 4421 2340 4460 ea

836 4518 955 4575 qua:
982 4502 1045 4554 de
1071 4500 1178 4554 Deo
1203 4500 1512 4568 suscipitur,
1541 4514 1644 4568 quo
1693 4498 1991 4568 perfectior,
2024 4512 2084 4548 eo
2138 4512 2342 4566 quoque

834 4594 1094 4667 difficilior
1112 4602 1207 4656 est,
1272 4591 1615 4662 pluribusque
1680 4589 2121 4658 objectationibus
2170 4599 2337 4658 patet,

836 4691 893 4743 in
929 4690 1096 4757 iisque
1137 4684 1405 4739 dituendis
1458 4698 1524 4736 ac
1578 4680 1922 4736 dissolvendis
1975 4685 2096 4751 plus
2150 4683 2345 4751 negotii

837 4781 1068 4851 facessit.
1096 4798 1113 4831 ι

838 4897 896 4951 Si
929 4911 1051 4966 qua:
1085 4893 1227 4948 facta
1266 4900 1399 4947 sunt
1431 4890 1606 4944 multa
1637 4900 1789 4953 sunt,
1824 4888 2090 4944 diﬂerunt
2118 4903 2342 4957 quoque

766 4989 996 5043 omnino
1049 5000 1172 5055 quae
1227 4982 1372 5038 facta
1423 4990 1574 5045 sunt,
1641 4979 1917 5049 siquidem
1974 4979 2149 5032 multa
2188 4988 2338 5033 sunt.

770 5076 915 5132 Fieri
942 5076 1093 5130 enim
1128 5090 1238 5127 non
1264 5080 1451 5142 potest
1477 5072 1614 5141 quin
1632 5086 1755 5140 qua:
1780 5071 1975 5135 multa,
2006 5069 2205 5123 eadem
2232 5085 2341 5123 non

667 5209 672 5213 .
767 5175 825 5219 et
885 5164 1102 5219 diversa
1159 5163 1295 5217 sint.
1361 5162 1540 5231 Atque
1592 5161 1639 5215 si
1689 5160 1909 5215 diversa
1950 5168 2082 5214 sunt
2147 5159 2345 5223 multa,

767 5257 1002 5311 diversae
1040 5264 1172 5309 sunt
1217 5254 1387 5308 etiam
1437 5252 1811 5323 intelligenda;
1850 5253 2093 5306 rationes
2139 5252 2347 5321 quibus

769 5347 1083 5404 secundum
1108 5346 1408 5401 essentiam
1438 5345 1736 5411 exsistunt,
1771 5344 1977 5416 quibus
2015 5352 2073 5399 et
2117 5352 2348 5414 prepter

769 5454 908 5508 quas
935 5439 1110 5510 magis
1133 5437 1402 5492 diil‘erunt
1436 5451 1559 5507 qua:
1585 5436 1889 5502 differunt;
1924 5451 2036 5491 non
2078 5435 2229 5490 enim
2255 5434 2346 5489 in-

2448 4408 2632 4477 (202
2687 4407 2741 4478 ὁ)
2796 4409 2891 4462 Ἐκ
2946 4411 3055 4464 τοῦ
3106 4411 3296 4467 αὐτοῦ
3350 4413 3579 4479 λόγου,
3629 4415 3717 4479 εις
3770 4414 3864 4480 τὸ,
3932 4418 4045 4470 «⁸0

2518 4499 2589 4551 δὲ
2643 4499 2779 4566 περὶ
2837 4502 2987 4555 Θεοῦ
3040 4503 3244 4570 λόγος,
3300 4503 3425 4567 ὅσῳ
3471 4504 3847 4571 τελεώτερος,
3892 4522 4045 4561 τοσ-

2521 4589 2676 4653 ούτῳ
2719 4588 3238 4658 δυσεφικτότερος,
3290 4593 3389 4646 καὶ
3439 4593 3688 4657 πλείους
3728 4594 3837 4658 τὰς
3867 4596 4044 4649 ἀντι-

2519 4680 2742 4747 λήψεις
2814 4680 2972 4749 ἔχων
2992 4721 3010 4746 ,
3092 4683 3201 4735 καὶ
3270 4679 3375 4749 τὰς
3456 4684 3671 4750 λύσεις
3732 4685 4044 4754 ἐργωδεσ-

2521 4770 2712 4838 τέρας.
2751 4789 2770 4824 ι

2521 4883 2583 4936 Ei
2634 4883 2806 4938 πολλὰ
2838 4883 2906 4937 τὰ
2944 4885 3204 4953 γεγονότα
3233 4886 3369 4947 ἐστὶ,
3416 4888 3512 4941 καὶ
3545 4887 3781 4957 διάφορα
3815 4891 4041 4955 πάντως

2449 4973 2519 5026 τὰ
2545 4976 2806 5043 γεγονότα
2848 4976 3019 5041 ἐστὶν,
3056 4979 3215 5049 εἴπερ
3242 4978 3432 5033 πολλά.
3466 4980 3541 5033 Οὐ
3571 4980 3679 5051 γὰρ
3706 4980 3948 5035 δυνατὸν
3975 4983 4043 5036 τὰ

2449 5065 2623 5119 πολλὰ
2666 5067 2741 5137 μὴ
2790 5066 2886 5119 καὶ
2914 5067 3147 5138 διάφορα
3195 5064 3357 5121 εἶναι.
3406 5071 3512 5123 Καὶ
3557 5073 3605 5123 εί
3650 5069 3895 5142 διάφορά
3924 5075 4041 5128 ἐστι

2447 5159 2518 5211 τὰ
2538 5158 2727 5224 πολλὰ,
2757 5158 3049 5230 διαφόρους
3096 5160 3189 5213 καὶ
3214 5161 3341 5223 τοὺς
3381 5155 3463 5223 οἷς
3493 5163 3611 5215 κατ’
3633 5164 3832 5217 οὐσίαν
3858 5166 4040 5238 ὑπάρο

2448 5266 2603 5320 χουσι
2635 5249 2828 5318 λόγους
2853 5251 3096 5320 νοητέον,
3127 5248 3206 5313 οἷς
3236 5251 3440 5321 μᾶλλον
3476 5253 3572 5306 xui.
3620 5253 3692 5307 δι’
3717 5253 3824 5318 οὓς
3850 5256 4041 5324 διαφέ-

2452 5355 2603 5410 ρουσι
2629 5339 2698 5392 τὰ
2746 5340 3107 5411 διαφέροντα·
3147 5341 3210 5394 οὑ
3243 5340 3353 5413 γὰρ
3396 5342 3465 5396 ἂν
3496 5342 3751 5414 διέφερον
3778 5344 4037 5418 ἀλλήλων

2448 5430 2516 5484 τὰ
2545 5430 2886 5501 διαφέροντα,
2924 5432 2999 5504 μὴ
3025 5431 3135 5485 τῶν
3164 5433 3336 5502 λόγων
3364 5428 3445 5498 οἷς
3470 5435 3764 5503 γεγόνασιν
3793 5438 4037 5507 ἑχόντων

771 5536 858 5580 ter
901 5540 1019 5581 sese
1071 5524 1333 5579 diﬂ'erent
1377 5540 1501 5594 quze
1565 5523 1833 5579 diﬂerunt
1868 5564 1891 5605 ,ι
1929 5522 2039 5578 nisi
2096 5523 2348 5577 rationes

2451 5519 2726 5591 διαφοράν.
2773 5522 2835 5575 Et
2875 5520 3055 5575 τοίνυν
3102 5520 3293 5591 ῶσπερ
3338 5522 3396 5577 ai
3441 5521 3723 5593 αἰσθήσεις
3782 5527 4038 5607 φυσικῶς

842 5673 873 5716 P
904 5664 1061 5721 Joan.
1084 5678 1193 5727 xw,
1228 5662 1315 5716 12.
1388 5674 1415 5715 ει
1446 5664 1584 5721 Ibid.
1614 5665 1698 5720 l5.
1781 5674 1806 5705 τ
1832 5665 2020 5720 Matth.
2053 5680 2239 5731 xxvm,
2269 5663 2361 5718 20.

842 5782 918 5856 (0)
948 5788 1093 5842 idem
1120 5789 1241 5842 ibid.
1270 5803 1389 5858 cap.
1427 5786 1518 5850 2|,
1552 5804 1605 5856 p.
1634 5787 1757 5853 5H,
1793 5795 1923 5842 tom.
1954 5786 1992 5841 Ι.
2018 5785 2155 5856 Oop.
2189 5785 2277 5839 ed.
2305 5781 2507 5839 Bcned.
