4192 6434
147 393 264 456 ΞΞΞιἹ

1384 400 1488 458 AM
1498 392 1897 456 BIGUORUM
1942 391 2191 451 LIBER.

3215 390 3350 453 1258

137 499 653 569 ἀντιλαμϐανόμεναι
700 502 807 553 τῶν
848 501 1122 573 αἰσθητῶν
1176 503 1234 568 ἐξ
1270 505 1510 572 ἀνάγκης
1552 503 1691 557 κατὰ

1804 498 1995 568 quibus
2020 496 2162 549 facta
2196 503 2325 547 sunt
2360 496 2731 550 ditl'ercntiam
2764 497 3054 551 haberent.
3084 497 3142 551 Si
3165 500 3352 567 igitur,

136 588 435 660 παραδοχὴν
490 589 693 654 πολλὰς
743 591 1024 645 ποιοῦνται
1094 594 1185 644 καὶ
1242 592 1530 660 διαφόρους
1581 592 1688 643 τῶν

136 678 501 747 ὑποκειμένων
530 682 626 731 καὶ
672 680 1089 733 ὑποπιπτόντων
1127 683 1315 739 αὐταῖς
1342 682 1440 743 τὰς
1474 680 1689 747 ἀντιλή-

131 770 263 836 ψεις,
296 768 438 820 οὕτω
464 771 559 823 καὶ
587 772 614 822 6
640 771 762 832 νοῦς
786 771 1001 822 πάντων
1031 772 1271 839 φυσικῶς
1301 770 1692 838 ἀντιλαμϐανό-

133 876 286 927 μενος
323 859 429 910 τῶν
458 862 516 910 ἐν
553 861 665 921 τοῖς
697 856 812 912 οῦσι
868 861 1062 927 λόγων,
1112 858 1193 923 οἷς
1220 862 1465 930 ἀπείροις
1494 859 1690 911 ὲνθεω-

132 946 236 1012 ρῶν
266 946 545 1014 ἐνεργείας
570 947 706 998 Θεοῦ
748 948 946 1009 πολλὰς
998 951 1228 1001 ποιεῖται
1275 950 1367 1000 καὶ
1407 948 1688 1017 ἀπείρους.

128 1038 298 1089 εἰπεῖν
335 1037 556 1106 ἀληθὲς,
605 1038 710 1089 τῶν
748 1031 823 1091 ὧν
856 1039 1314 1109 ἀντιλαμϐάνεται
1341 1038 1499 1091 θείων
1537 1042 1689 1107 ἐνερ-

127 1129 287 1195 γειῶν
342 1130 624 1199 διαφορὰς.
664 1130 851 1184 ἄτονον
889 1130 1113 1193 εἰκότως
1161 1130 1272 1197 ἓξει
1324 1130 1422 1199 τὴν
1463 1129 1692 1197 δύναμιν

127 1221 217 1273 καὶ
240 1220 339 1289 τὴν
372 1220 593 1291 μέθοδον
635 1220 839 1290 ἄπορον
867 1220 967 1289 τῆς
998 1220 1428 1292 ἐπιπημονικῆς
1465 1221 1691 1291 ἐρεύνης

123 1312 218 1364 τοῦ
241 1312 411 1373 ὅντως
450 1312 602 1374 ὄντος
652 1311 907 1380 ἀληθοῦς,
951 1313 1052 1365 οὑκ
1099 1312 1238 1381 ἔχων
1267 1306 1458 1379 νοῆσαι
1489 1314 1604 1374 πῶς
1637 1315 1694 1364 ἐν

124 1406 340 1474 ἑκάστῳ
385 1404 496 1457 τῶν
548 1404 669 1458 καθ’
723 1405 883 1458 ἑαυτὸ
930 1407 1174 1460 ἑκάστων
1202 1407 1248 1439 ³¹
1306 1406 1448 1475 λόγῳ
1500 1406 1594 1459 καὶ
1636 1409 1693 1457 ἐν

125 1495 293 1547 πᾶσιν
337 1492 474 1563 ὁμοῦ
513 1493 635 1545 καθ’
676 1492 771 1556 οὓς
802 1493 1109 1563 ὑπάρχουσι
1136 1494 1205 1546 τὰ
1246 1494 1424 1547 πάντα
1456 1493 1635 1560 λόγοις
1667 1496 1694 1545 6

128 1587 295 1656 μηδὲν
334 1586 408 1637 ῶν
433 1586 540 1637 τῶν
586 1586 754 1638 ὄντων
797 1586 1012 1657 ἀληθῶς
1038 1587 1133 1640 καί
1154 1586 1354 1640 ⁴πάντα
1387 1588 1591 1656 κυρίως
1620 1586 1695 1638 ὢν

124 1678 217 1730 καὶ
247 1676 386 1743 ὑπὲρ
410 1676 584 1729 πάντα
624 1676 777 1740 Θεός.
809 1677 873 1730 Εἰ
920 1678 1052 1744 γοῦν
1090 1680 1235 1731 πᾶσα
1281 1678 1400 1730 θεία
1441 1679 1581 1730 κατά
1604 1677 1695 1729 τὸν

122 1765 297 1835 ἀληθῆ
356 1765 512 1831 λόγον
557 1766 804 1834 ἐνέργεια
859 1765 951 1818 τὸν
1008 1766 1142 1818 Θεὸν
1191 1766 1415 1837 ἀμερῶς
1461 1767 1580 1819 ὅλον
1626 1766 1694 1818 δι’

125 1855 328 1923 ἑαυτῆς
354 1857 412 1907 ὲν
428 1855 643 1924 ἑκάστῳ
667 1854 787 1908 καθ’
810 1856 980 1926 ὅνπερ
1001 1858 1126 1909 τινὰ
1154 1857 1311 1926 λόγον
1336 1859 1484 1910 ἐστὶν
1514 1856 1696 1920 ἰδικῶς

125 1946 514 2016 ὑποσημαίνει.
560 1947 646 2009 τίς
698 1947 941 2019 ἀκριϐῶς
982 1950 1129 2001 ἐστιν
1172 1949 1202 2000 6
1247 1947 1439 2017 νοῆσαί
1490 1965 1550 2000 τε
1603 1948 1697 2002 καὶ

123 2043 303 2093 εἰπεῖν
336 2041 655 2110 δυνάμενος,
706 2040 823 2103 πῶς
864 2041 923 2093 ἐν
966 2041 1102 2094 πᾶσί
1130 2058 1188 2094 τε
1234 2041 1428 2103 κοινῶς
1462 2040 1581 2103 ὅλος
1605 2042 1698 2093 καὶ

123 2133 181 2183 ἐν
225 2132 442 2202 ἑκάστῳ
471 2131 582 2185 τῶν
636 2132 806 2185 ὄντων
858 2131 1188 2196 ἰδιαζόντως,
1236 2133 1455 2204 ἀμερῶς
1495 2150 1555 2186 τε
1606 2134 1699 2185 καὶ

124 2221 441 2289 ἀμερίστως
465 2222 610 2274 ἐστὶν
633 2222 662 2273 6
682 2221 831 2284 Θεὸς,
866 2223 999 2292 μήτε
1021 2222 1279 2285 ποικίλως
1303 2222 1700 2275 συνδιαστελλό-

127 2325 292 2377 μενος
318 2313 433 2370 ταῖς
471 2312 579 2362 τῶν
619 2311 788 2364 ὄντων
831 2306 911 2374 οἷς
943 2312 1150 2364 ἔνεστιν
1189 2313 1264 2375 ὡς
1291 2311 1368 2365 ῶν
1400 2316 1415 2381 (
1435 2312 1595 2382 203
1630 2317 1698 2378 a)

126 2400 383 2469 ἀπείροις
428 2402 735 2468 διαφοραῖς,
798 2404 938 2470 μήτε
963 2397 1056 2454 οῦν
1109 2402 1528 2471 συστελλόμενος
1562 2403 1701 2455 κατὰ

125 2474 228 2557 τὴν
257 2488 353 2541 τοῦ
390 2490 510 2551 ἐνὸς
558 2490 865 2554 ἰδιάζουσαν
917 2490 1172 2561 ὓπαρξιν,
1233 2494 1368 2562 μήτε
1401 2492 1701 2545 συστέλλων

127 2577 274 2629 κατά
323 2578 423 2647 τὴν
480 2580 605 2649 μίαν
655 2582 869 2633 πάντων
927 2582 1113 2651 ἑνικὴν
1162 2582 1391 2652 ὁλότητα
1449 2583 1547 2645 τὰς
1595 2583 1703 2634 τῶν

127 2668 302 2719 ὄντων
331 2668 616 2737 διαφορὰς,
654 2668 791 2720 ἀλλὰ
820 2669 997 2721 πάντα
1019 2672 1077 2721 ὲν
1106 2671 1272 2723 πᾶσίν
1295 2671 1442 2723 ἐστιν
1463 2669 1697 2741 ἀληθῶς,

128 2757 160 2811 ὁ
191 2759 461 2829 μηδέποτε
493 2760 590 2829 τῆς
626 2760 833 2823 οἰκείας
881 2760 1122 2831 ἀμεροῦς
1161 2762 1460 2832 ἁπλότητος
1487 2764 1701 2828 ἐξιστά-

133 2867 329 2920 μενος;
361 2848 555 2914 Καλῶς
586 2847 681 2903 οῦν
723 2853 753 2903 6
778 2851 1096 2915 διδάσκαλος
1125 2851 1230 2920 ἔφη
1259 2854 1357 2916 τὰς
1391 2853 1704 2923 ἀντιλήψεις

129 2940 227 2995 τοῦ
255 2942 384 3011 περὶ
410 2942 662 3023 θεότητος
689 2941 845 3009 λόγου
877 2941 1076 3005 πολλὰς
1100 2938 1259 3005 εἶναι,
1289 2944 1347 3008 ἐξ
1369 2936 1443 2995 ὧν
1473 2945 1555 2996 ὅτι
1588 2943 1703 2994 ἐστί

135 3034 300 3103 μόνον
362 3034 492 3095 Θεὸς
545 3032 927 3099 διδασκόμεθα,
991 3034 1083 3085 καὶ
1140 3034 1236 3097 τὰς
1288 3034 1468 3093 λύσεις
1526 3036 1700 3105 ὲργω-

1797 596 1859 641 ut
1890 601 2090 640 sensus
2121 585 2452 639 naturaliter
2501 587 2787 642 sensibilis
2830 588 3205 658 percipientes
3260 604 3357 643 ne-

1791 677 2035 730 cessario
2072 676 2274 730 multas
2301 691 2406 745 pro
2438 678 2761 746 receptione
2792 680 3003 734 faciunt
3036 688 3091 734 ct
3113 680 3358 734 diversas

1788 782 1981 820 eorum
2013 782 2136 835 qua:
2199 768 2491 836 subjacent
2520 769 2777 823 sensibus
2804 779 2864 824 et
2892 771 3186 826 succidunt
3231 785 3350 839 per-

1791 857 2098 924 ceptiones,
2130 856 2212 909 sic
2244 856 2409 909 etiam
2437 872 2616 922 mens,
2635 873 2761 912 cum
2788 875 2983 914 omnes
3028 862 3357 913 naturaliter

1791 944 1848 996 in
1884 945 2052 998 rebus
2076 945 2317 999 rationes
2337 946 2628 1015 percipiat,
2667 948 2720 1000 in
2769 949 2970 1017 quibus
3002 949 3233 1002 inﬁnitis
3262 948 3355 1001 Dei

1791 1038 2041 1091 actiones
2071 1037 2342 1091 intuendo
2365 1038 2567 1091 multas
2589 1039 2757 1093 elﬁcit
2788 1047 2847 1091 et
2886 1038 3150 1102 inﬁnitas,
3182 1050 3242 1092 ut
3264 1055 3359 1092 ve-

1795 1143 1916 1179 rum
1949 1127 2151 1187 dicam,
2178 1126 2491 1180 divinarum
2517 1143 2545 1179 a
2579 1142 2637 1180 se
2665 1139 3051 1196 perceptarum
3075 1128 3356 1182 actionum

1795 1221 2173 1286 virtutumque
2194 1218 2558 1281 differentias,
2591 1218 2805 1271 inﬁrma
2862 1227 3050 1273 utetur
3093 1219 3358 1273 nimirum

1796 1309 2054 1362 facultate
2100 1308 2427 1378 irritamque
2456 1308 2686 1361 habebit
2738 1324 2883 1362 vera;
2916 1308 3168 1363 veritatis
3197 1307 3360 1361 inda-

1796 1398 1989 1465 ganda:
2037 1396 2173 1449 artis
2223 1411 2337 1450 sua:
2396 1396 2539 1450 viam
2573 1404 2743 1464 atque
2772 1396 3067 1458 rationem,
3104 1411 3229 1450 cum
3276 1396 3361 1447 in-

1799 1488 2045 1556 telligere
2072 1487 2217 1539 haud
2246 1496 2413 1555 queat
2437 1486 2719 1555 quomodo
2763 1487 2821 1539 in
2872 1499 3201 1554 unaquaque
3247 1484 3361 1537 sin-

1796 1580 2047 1647 gulorum
2080 1593 2426 1647 quorumque
2471 1578 2708 1641 ratione,
2737 1586 2794 1631 et
2851 1577 2906 1629 in
2945 1576 3159 1631 cunctis
3199 1574 3361 1629 simul

1798 1670 2002 1737 quibus
2032 1680 2233 1723 cuncta
2256 1671 2531 1723 exsistunt
2562 1670 2892 1733 rationibus,
2933 1669 2979 1722 is
3010 1669 3106 1736 qui
3172 1681 3364 1720 revera

1801 1762 2028 1815 interea
2056 1777 2178 1829 qua:
2214 1768 2345 1814 sunt
2388 1776 2499 1814 non
2522 1769 2799 1821 censetur,
2832 1768 2890 1812 et
2921 1759 3105 1812 omnia
3135 1757 3361 1827 proprie

1799 1856 1888 1921 sit,
1919 1865 1974 1909 et
2004 1871 2171 1925 supra
2195 1855 2379 1909 omnia
2427 1856 2592 1909 Deus.
2628 1854 2793 1909 Certe
2828 1854 2875 1907 si
2925 1852 3106 1906 omnis
3151 1851 3360 1914 divina,

1800 1957 1859 2001 ut
1880 1962 2074 2000 verum
2100 1954 2205 2009 est,
2230 1946 2377 1999 actio
2408 1954 2464 2000 et
2496 1945 2674 1999 virtus
2724 1945 2895 1999 Deum
2948 1942 3236 1997 individue
3278 1950 3363 1994 to-

1805 2049 1919 2090 tum
1980 2053 2079 2106 per
2129 2039 2481 2106 semetipsam
2531 2037 2586 2089 in
2632 2050 2963 2104 unaquaque
3014 2049 3098 2097 re,
3145 2047 3361 2103 quaqua

1801 2129 2012 2184 ratione
2039 2129 2183 2183 inest
2233 2129 2457 2200 proprie
2512 2128 2803 2198 signiﬁcat,
2859 2127 2983 2196 quis
3024 2132 3280 2179 accurate
3309 2132 3367 2177 et

1801 2218 2108 2286 intelligere
2137 2227 2194 2272 et
2221 2233 2482 2271 enarrare
2508 2218 2734 2287 poterit,
2758 2216 3038 2285 quomodo
3065 2216 3119 2269 in
3148 2214 3365 2268 cunctis

1798 2311 2170 2363 communiter
2227 2319 2375 2364 totus
2432 2318 2488 2362 et
2542 2310 2598 2362 in
2642 2324 2974 2378 unoquoque
3007 2322 3202 2362 eorum
3245 2322 3367 2375 qua:

1798 2402 2195 2471 suntprivatim
2225 2402 2463 2471 partium
2487 2416 2688 2469 expers
2709 2408 2766 2454 et
2788 2401 3112 2454 individuus
3136 2400 3368 2454 exsistat

1801 2493 1969 2555 Deus,
2003 2509 2183 2562 neque
2231 2493 2383 2546 varie
2431 2507 2498 2545 ac
2538 2492 2924 2560 multipliciter
2965 2491 3229 2545 diductus
3260 2505 3368 2544 una

1800 2600 1926 2639 cum
1974 2599 2159 2639 rerum
2191 2584 2419 2653 quibus,
2475 2592 2533 2637 ut
2582 2585 2878 2646 exsistens,
2941 2583 3085 2637 inest
3135 2582 3369 2636 inﬁnitis

1802 2674 2153 2735 rliﬂ‘ercntiis,
2214 2689 2395 2742 neque
2436 2683 2752 2728 contractus
2806 2674 3109 2728 secundum
3170 2674 3369 2742 singuli

1801 2767 2072 2835 cujusque
2106 2765 2441 2833 peculiarem
2468 2765 2867 2828 exsistentiam,
2906 2778 3087 2833 neque
3148 2774 3370 2818 contra-

1805 2854 1944 2909 hens
1964 2854 2270 2909 secundum
2295 2870 2460 2908 unam
2485 2864 2812 2909 cunctorum
2845 2862 2901 2907 et
2925 2854 3255 2924 singularem
3290 2862 3372 2906 to—

1806 2944 2017 2998 titatem
2048 2959 2242 2998 eorum
2268 2960 2390 3013 qua:
2418 2952 2548 2998 sunt
2582 2944 2950 3007 diﬂ‘erentias,
2983 2942 3079 2997 sed
3101 2942 3285 2996 omnia
3318 2941 3372 2994 iu

1804 3034 2063 3089 omnibus
2098 3049 2287 3089 revera
2313 3035 2542 3090 exsistat
2568 3035 2615 3089 is
2636 3035 2730 3105 qui
2780 3050 3061 3105 nunquam
3102 3035 3370 3104 peculiari

130 3124 413 3193 δεπέρας,
465 3123 526 3185 ἐξ
569 3117 643 3176 ὧν
699 3123 859 3173 πάλιν
912 3123 964 3174 τί
1005 3124 1103 3173 οὑκ
1155 3125 1269 3175 ἔστι
1321 3125 1698 3191 μανθάνομεν⁹

1807 3142 1903 3179 sua
1928 3134 1985 3180 et
2017 3125 2303 3180 individua
2328 3127 2686 3196 simplicium
2741 3127 3000 3181 excidat?
3037 3127 3181 3180 Bene
3206 3126 3370 3195 igitur

136 3214 276 3283 πρὸς
306 3213 368 3269 τὸ
394 3214 597 3267 παῦσαι
622 3217 940 3286 περιεργίας
968 3214 1275 3283 ἀνωφελοῦς
1315 3218 1407 3268 καὶ
1437 3216 1703 3286 βλαϐερᾶς

134 3308 263 3367 τοὺς
296 3303 501 3374 ληπτὸν
539 3307 817 3374 οἰομένους
859 3307 919 3358 τὸ
960 3305 1100 3359 θεῖον
1137 3310 1246 3367 τοῖς
1279 3306 1545 3370 διακένοις
1576 3307 1707 3360 ἀνα-

136 3396 411 3462 πλασμοίς
437 3395 534 3464 τῆς
565 3396 742 3448 αὑτων
769 3395 1029 3457 διανοίας,
1109 3396 1231 3447 οὑδὲ
1263 3396 1321 3446 τὸ
1350 3396 1574 3465 ἔσχατον
1597 3396 1706 3448 τῶν

135 3487 197 3541 ὲν
226 3488 339 3549 τοῖς
365 3482 483 3539 οῦσι
516 3486 638 3539 καθ’
678 3487 737 3538 ὃν
762 3488 878 3538 ἐστι
919 3488 1013 3538 καὶ
1045 3488 1278 3555 ὑπάρχει
1306 3487 1459 3554 λόγον
1489 3487 1706 3558 ἀληθῶς

138 3579 259 3633 ἐστι
276 3577 499 3647 ληπτὸν.

1808 3218 2068 3286 magister
2106 3218 2331 3272 deitatis
2354 3219 2583 3272 rationis
2621 3218 2825 3272 multas
2848 3232 2970 3271 esse
2991 3216 3374 3287 perceptiones

1806 3307 1967 3372 dixit,
1996 3307 2064 3361 de
2103 3308 2309 3377 quibus
2338 3309 2521 3363 solum
2557 3309 2706 3378 quod
2758 3309 2902 3361 Deus
2928 3309 3000 3361 sit
3047 3308 3371 3361 doceamur.

1804 3399 2221 3468 solutioncsque
2246 3399 2593 3469 operosiores
2609 3408 2665 3453 et
2692 3398 3053 3462 dilIiciliores,
3084 3397 3154 3451 de
3176 3396 3377 3465 quibus

1806 3505 2001 3543 rursus
2022 3489 2155 3558 quid
2178 3505 2290 3544 non
2312 3492 2386 3545 sit
2408 3491 2719 3557 discamus;
2757 3507 2869 3560 quo
2900 3492 2971 3545 ab
3003 3490 3184 3544 inutili
3212 3498 3377 3559 atque

1808 3581 2005 3635 nociva
2037 3581 2359 3635 curiositate
2387 3591 2675 3636 revocaret
2724 3598 2821 3636 eos
2854 3582 2947 3651 qui
3003 3582 3251 3635 divinum
3281 3594 3376 3633 va-

137 3672 232 3725 nis
284 3671 632 3741 ingeniorum
699 3686 928 3725 suorum
982 3670 1254 3739 ﬁgmentis
1307 3672 1776 3740 comprehendere
1814 3687 1977 3741 posse
2002 3674 2109 3727 sibi
2144 3675 2423 3739 videntur,
2467 3677 2672 3745 quibus
2722 3694 2788 3730 ne
2852 3677 3105 3730 ultimum
3151 3674 3375 3744 quidem

138 3780 335 3821 eorum
367 3779 490 3840 qua:
512 3773 643 3819 sunt
693 3779 801 3834 qua
825 3762 899 3817 sit
948 3764 1164 3818 ratione
1222 3779 1277 3818 et
1313 3767 1542 3819 exsistat
1573 3780 1701 3818 vere
1740 3767 2134 3835 comprehendi
2166 3778 2368 3838 potest.

151 3956 257 4009 Ἕκ
301 3952 407 4006 τοῦ
429 3950 562 4019 περὶ
603 3951 741 4005 Υίοῦ
778 3951 1012 4019 πρώτου
1044 3952 1251 4018 λόγου,
1292 3954 1379 4014 εἰς
1427 3952 1513 4013 τὸ,
1553 3973 1573 3995 ι
1608 3952 1708 4002 Διὰ

212 4044 387 4100 τοῦτο
425 4044 611 4112 μονὰς
652 4042 754 4097 ἀπ’
799 4039 991 4110 ἀρχῆς
1037 4043 1125 4107 εἰς
1167 4042 1357 4095 δυάδα
1399 4040 1705 4106 κινηθεῖσα

205 4136 386 4206 μέχρι
413 4134 650 4202 Τριάδος
676 4135 826 4200 ἔστη
853 4133 986 4201 (10).
1020 4151 1038 4183 ι

211 4250 330 4302 Πᾶν
376 4248 516 4300 κατὰ
562 4245 722 4315 φύσιν
778 4245 1097 4314 κινούμενον
1141 4244 1207 4298 δι’
1254 4246 1435 4297 αἰτίαν
1492 4245 1706 4308 παντως

138 4344 398 4403 κινεῖται,
438 4339 532 4391 καὶ
556 4339 668 4390 πᾶν
686 4337 747 4389 τὸ
772 4336 838 4389 δι’
872 4337 1057 4390 αἰτίαν
1088 4338 1404 4406 κινουμένον
1436 4338 1503 4389 δι’
1527 4338 1707 4391 αἰτίαν

136 4434 361 4494 πάντως
406 4430 501 4482 καὶ
562 4429 698 4494 ἔστι,
734 4430 844 4481 πᾶν
887 4428 943 4481 δὲ
982 4428 1042 4481 τὸ
1086 4429 1155 4481 δι’
1198 4431 1378 4482 αἰτίαν
1420 4430 1477 4480 ὃν
1517 4432 1610 4482 καὶ
1641 4430 1707 4482 δι’

1810 3952 1893 4005 Ex
1922 3955 2093 4021 primo
2138 3954 2200 4005 de
2258 3952 2390 4006 Filio
2432 3970 2693 4017 sermone,
2760 3955 2816 4006 in
2849 3953 3024 4007 illud:
3062 3973 3080 4004 ι
3117 3952 3376 4017 Quocirca

1880 4045 2058 4097 unitas
2098 4046 2355 4115 principio
2386 4047 2440 4098 in
2495 4047 2759 4099 binarium
2814 4056 2955 4100 mola
3016 4046 3071 4097 in
3124 4046 3379 4099 Trinitatt'

1874 4137 2126 4189 constitit.
2156 4157 2174 4185 ι

1873 4224 2251 4294 Quodcunque
2301 4224 2606 4278 secundum
2662 4234 2916 4279 naturam
2960 4234 3244 4292 movetur,
3279 4241 3377 4281 ne—

1805 4334 1959 4373 cesse
2006 4326 2092 4371 est
2139 4324 2200 4369 ut
2250 4317 2318 4370 de
2369 4332 2533 4371 causa
2586 4327 2894 4378 moveatur,
2925 4325 2982 4371 et
3009 4317 3378 4388 quodcunque

1805 4412 1873 4464 de
1934 4424 2097 4464 causa
2134 4418 2408 4473 movetur,
2444 4424 2667 4463 necesse
2693 4420 2788 4465 est
2815 4419 2876 4464 ut
2908 4412 2976 4465 de
3006 4423 3169 4464 causa
3211 4412 3376 4465 etiam

136 4522 324 4576 αξτῖαν
366 4519 679 4588 κινούμενον
710 4517 881 4587 ἀρχὴν
923 4518 1020 4587 μὲν
1047 4515 1159 4586 εἶχε
1200 4520 1415 4581 πάντως
1444 4520 1538 4571 τοῦ
1572 4516 1707 4573 εἶναι
1741 4540 1782 4595 D
1804 4509 2033 4595 ειδῑδπξη
2064 4517 2079 4565 ;
2137 4500 2505 4568 ηυοάοιιηίιυθ
2558 4515 2689 4555 vero
2736 4502 2805 4556 de
2840 4518 3002 4558 causa
3049 4504 3267 4560 οΧδίειίῐ
3297 4512 3381 4556 ³1·-

135 4615 243 4683 τὴν
278 4613 343 4665 δι’
382 4611 447 4681 ἥν
478 4611 592 4662 εστι
623 4610 717 4661 καὶ
740 4608 798 4674 ἐξ
820 4602 886 4681 ἧς
912 4610 1045 4680 πρὸς
1074 4610 1133 4662 τὸ
1168 4605 1307 4663 εἶναι
1332 4610 1468 4680 ἤχθη
1502 4611 1703 4672 αἰτίαν,

134 4704 295 4765 τέλος
322 4702 379 4754 δὲ
398 4699 492 4752 τοῦ
527 4700 794 4752 κινεῖσθαι
820 4699 919 4771 τὴν
955 4701 1126 4771 αὐτὴν
1164 4701 1232 4754 δι’
1262 4701 1329 4772 ῆν
1355 4705 1583 4753 κινεῖται
1615 4702 1708 4755 καὶ

135 4797 281 4869 πρὸς
313 4796 378 4866 ἢν
407 4792 684 4860 ἐπείγεται
729 4791 929 4846 αἰτίαν.
957 4793 1071 4846 Πᾶν
1112 4794 1169 4846 δὲ
1206 4794 1266 4847 τὸ
1296 4794 1361 4846 δι’
1402 4796 1579 4846 αἰτίαν
1612 4794 1707 4846 καὶ

132 4891 202 4942 ὃν
236 4888 327 4940 καὶ
354 4882 671 4954 κινούμενον
715 4882 812 4936 καὶ
852 4883 1075 4953 γενητὸν
1123 4886 1359 4948 πάντως.
1417 4886 1476 4937 Εἰ
1519 4885 1574 4937 δὲ
1610 4883 1705 4937 τοῦ

132 4974 465 5046 κινουμένου
489 4972 645 5035 τέλος
677 4973 824 5025 ἐστὶν
872 4974 904 5043 ἡ
948 4973 1016 5026 δι’
1064 4974 1131 5042 ἣν
1172 4976 1403 5027 κινεῖται
1450 4975 1621 5036 αἰτία,
1671 4975 1705 5043 ἡ

130 5068 278 5138 αὐτὴ
330 5066 547 5120 πάντως
600 5064 716 5116 ἐστί
765 5066 829 5133 τῇ
888 5064 953 5116 δι’
988 5066 1053 5134 ἣν
1092 5066 1512 5134 γεγένηταικαί
1559 5067 1705 5118 ἐστιν

130 5162 312 5233 αἰτία.
346 5158 458 5213 Μία
483 5154 577 5210 οῦν
599 5157 708 5227 ἄρα
744 5157 958 5219 πάντως
988 5156 1083 5208 τοῦ
1113 5157 1364 5211 ὁπωσοῦν
1415 5158 1567 5221 ὄντος
1612 5159 1705 5211 καὶ

130 5254 461 5325 κινουμένου
491 5252 632 5306 κατὰ
671 5250 834 5319 φύσιν
858 5252 935 5312 ὡς
968 5251 1112 5321 ἀρχὴ
1139 5253 1234 5305 xui.
1265 5253 1419 5316 τέλος
1448 5253 1598 5306 αἰτία
1640 5252 1705 5305 δι’

130 5352 207 5422 ἢν
234 5348 330 5402 καὶ
358 5345 473 5399 ἔστι
502 5345 595 5398 καί
625 5345 857 5397 κινεῖται
899 5344 1006 5397 πᾶν
1036 5343 1096 5396 τὸ
1129 5342 1187 5395 ὃν
1234 5344 1328 5397 καὶ
1362 5342 1700 5413 κινούμενον.

132 5438 475 5514 Δραστήριος
532 5434 639 5506 γὰρ
684 5434 1003 5505 ὑπάρχουσα
1054 5433 1283 5504 δύναμις
1328 5435 1422 5486 καὶ
1461 5437 1606 5486 ποιεῖ
1638 5436 1706 5487 τὰ

1809 4605 1916 4659 que
1948 4589 2016 4642 de
2050 4605 2213 4644 causa
2249 4600 2519 4650 movetur,
2568 4591 2785 4646 initium
2838 4610 3060 4665 quoque
3111 4599 3380 4654 exsisten-

1810 4681 1897 4736 tiae
1939 4691 1999 4735 ut
2044 4682 2243 4737 habeat
2297 4697 2522 4737 necesse
2586 4691 2672 4737 est
2730 4700 2850 4740 eam
2905 4703 3004 4756 per
3053 4706 3215 4759 quam
3281 4707 3378 4745 ex-

1808 4775 1953 4830 sistit
2002 4784 2059 4828 et
2089 4790 2155 4828 cx
2200 4790 2308 4844 qua
2358 4776 2425 4829 ad
2483 4776 2860 4832 exsistentiam
2923 4780 3087 4834 ducta
3133 4792 3218 4835 est
3249 4797 3372 4836 cau-

1810 4880 1950 4929 sam,
1976 4865 2137 4918 linem
2169 4880 2301 4919 vero
2336 4867 2599 4919 motionis
2624 4869 2876 4921 eamdem
2917 4886 3022 4939 qua
3056 4881 3376 4928 moveturet

1811 4956 1879 5011 ad
1910 4972 2070 5026 quam
2089 4967 2349 5025 properat
2371 4972 2618 5011 causam.
2659 4959 3039 5030 Quodcunque
3073 4972 3260 5017 autem
3280 4981 3378 5035 per

1811 5062 2032 5101 causam
2054 5057 2109 5099 et
2146 5053 2231 5099 est
2257 5056 2315 5100 et
2352 5057 2608 5101 movetur
2640 5047 2845 5101 factum
2885 5058 2944 5103 ut
2982 5050 3055 5103 sit
3102 5051 3229 5104 item
3283 5069 3378 5105 ne-

1806 5154 1960 5193 cesse
1996 5146 2102 5192 est.
2154 5138 2314 5203 Quod
2372 5139 2419 5192 si
2463 5141 2585 5209 ejus
2639 5141 2784 5209 quod
2841 5152 3092 5197 movetur
3133 5142 3257 5198 ﬁnis
3292 5155 3373 5198 est

1807 5248 1972 5286 causa
2003 5246 2099 5299 per
2130 5245 2296 5299 quam
2347 5240 2622 5292 movetur,
2681 5246 2906 5285 necesse
2936 5242 3022 5285 est
3067 5233 3261 5287 eadem
3306 5236 3375 5288 sit

1806 5338 1970 5377 causa
1996 5338 2092 5389 per
2115 5336 2279 5389 quam
2331 5321 2535 5375 factum
2562 5330 2749 5376 est‘et
2801 5320 3039 5375 exsistit.
3079 5322 3221 5392 Ergo
3267 5339 3375 5377 una

1806 5415 2032 5468 omnino
2060 5421 2145 5466 est
2178 5414 2298 5483 ejus
2321 5412 2467 5482 quod
2502 5422 2781 5482 utcunque
2804 5414 3021 5469 exsistit
3047 5424 3100 5469 et
3125 5424 3375 5469 movetur

1400 5554 1635 5608 VARUE
1682 5555 2081 5612 LECTIONES.

227 5630 275 5663 ⁸³
296 5627 525 5682 ἑκάστου
558 5626 683 5681 cod.
704 5623 844 5679 Gud.

210 5722 323 5797 (ιο)
350 5721 509 5791 Greg.
540 5720 670 5776 Naz.
709 5719 800 5774 0r.
840 5718 1010 5774 Τήιοι.
1045 5719 1135 5776 Ill.
1169 5719 1231 5773 de
1265 5718 1418 5785 Filio,
1447 5736 1566 5790 cap.
1603 5720 1655 5783 ξ’..
1688 5738 1741 5791 p.
1776 5722 1897 5786 524,
1935 5731 2063 5776 tom.
2093 5721 2275 5792 lOpp.
2301 5722 2431 5776 edit.
2458 5720 2655 5776 Bcned.

343 5817 594 5876 Punor.
661 5813 778 5872 (in.
821 5811 982 5873 XCI.
