4192 6434
135 392 265 459 12ὁὶ
1392 379 1765 445 AMBIGUOI

1850 378 1908 438 M
1949 376 2200 438 LIBER.
3229 373 3368 441 1262

130 502 437 559 ὶπιΰάλλειν
466 498 679 567 θεότητι
711 495 818 549 τῶν
856 492 1157 564 ἀμηχάνων
1196 491 1332 544 ἔστί.
1380 490 1610 557 Λέγεται
1639 488 1693 540 δὲ
1726 490 1765 540 Α

1846 483 1936 534 ice
1994 490 2051 534 et
2090 479 2304 533 occulte
2340 478 2391 529 ei
2456 475 2797 547 persuadens
2844 476 3199 531 infecundam
3242 496 3372 536 cen-

129 591 395 647 κινεῖσθαι
428 590 587 642 πάλιν
616 587 711 640 καὶ
744 585 832 639 διὰ
867 583 968 653 τὴν
996 583 1138 638 κατὰ
1177 583 1341 652 μέρος
1391 581 1696 650 φανέρωσιν

1846 571 2036 625 sudum
2080 583 2359 637 nunquam
2408 583 2530 622 esse
2592 569 2696 622 hoc
2750 570 2952 621 bonum
2996 570 3269 623 sermonis
3315 586 3371 628 et

130 684 224 738 τοῦ
255 683 382 754 περὶ
411 680 584 750 αὐτῆς
615 678 944 747 τελεωτέρου
988 675 1148 742 λόγου
1193 673 1339 726 κατὰ
1396 673 1493 742 τὴν
1542 672 1699 738 ἁγίαν

1846 661 2114 728 spientim,
2153 660 2268 714 sive
2293 659 2589 729 potestatis
2609 658 3074 723 sanctificatorize,
3116 674 3372 715 coessen-

129 750 372 845 Γραφὴν,
410 771 519 824 ἀπο
554 769 649 822 τοῦ
683 768 900 835 Ιιατέρα
928 765 1208 833 ὁμολογεῖν
1243 762 1568 831 ἀρχομένου,
1609 761 1702 811 καὶ

1854 752 2020 803 alium
2054 760 2111 803 et
2171 750 2589 805 subsistentiam
2652 751 3001 813 habentium,
3062 766 3131 804 ne
3179 766 3246 804 ex
3289 752 3375 807 his

130 842 211 928 είς
251 842 315 918 τδ
356 864 480 916 Υίδν
514 860 897 932 συνομολογεῖν
939 858 1112 927 Πατρὶ
1156 856 1558 925 προϐαίνοντος,
1610 853 1703 904 καὶ

1846 857 2067 909 mquam
2091 843 2405 911 congressis
2429 844 2795 911 compositum
2833 857 2954 897 esse
2981 842 3231 896 divinum
3260 844 3371 895 Nu-

128 956 314 1027 ῐιατρὶ
364 956 457 1008 καὶ
516 952 630 1021 Υἱῷ
686 946 1202 1019 συμπαραδέχεσθαι
1244 946 1304 997 τὸ
1364 945 1587 1013 Πνεῦμα
1645 945 1705 995 τὸ

1846 948 1937 985 ten
1965 942 2213 1000 putetur,
2248 942 2305 987 et
2348 950 2459 988 non
2507 949 2729 1002 semper
2758 936 2873 989 haec
2907 950 3029 988 esse
3087 934 3368 988 credatur.

133 1023 316 1115 ἅγιον,
346 1045 438 1097 καὶ
493 1042 929 1111 συμπροσκυνεῖν
973 1042 989 1106 (
1015 1037 1177 1108 2ο4
1204 1038 1265 1103 b)
1303 1037 1430 1098 τοὺς
1458 1035 1705 1088 διδασκο-

1846 1023 2017 1077 loveri
2052 1024 2217 1093 igitur
2251 1024 2397 1077 Deus
2427 1025 2634 1079 dicitur
2666 1034 2727 1078 ut
2754 1041 2918 1079 causa
2962 1027 3287 1094 quaestionis
3311 1026 3378 1077 de

134 1113 337 1201 uiuat);
391 1132 675 1199 ἐνάγοντος
725 1130 931 1200 Τριάὸα
981 1128 1191 1181 τελείαν
1257 1127 1446 1195 μονάδι
1508 1125 1706 1195 τελείᾳ,

1846 1113 1979 1167 nodo
2015 1130 2124 1183 quo
2153 1114 2269 1183 ipse
2299 1116 2546 1170 exsistat.
2571 1117 2786 1171 Etenim
2817 1118 2933 1170 sine
2971 1118 3383 1172 illuminatione

130 1224 307 1294 ἧγουν
360 1224 487 1292 μίαν
533 1222 720 1274 οὐσίαν
770 1221 866 1274 καὶ
920 1220 1148 1290 θεότητα
1206 1220 1294 1270 καὶ
1345 1218 1572 1287 δύναμιν
1621 1218 1715 1269 καὶ

1846 1206 2043 1275 ιεςτοιιὶ
2080 1206 2341 1260 deitatem
2376 1222 2656 1275 nunquam
2684 1209 2913 1277 poteris.
2944 1208 3155 1262 Rursus
3200 1218 3383 1262 autem

130 1315 421 1385 ἐνέργειαν
462 1315 519 1364 ὲν
551 1315 727 1383 τρισὶν
765 1312 1146 1364 ὑποστάσεσιν.

1846 1298 2032 1349 novcri
2073 1297 2276 1351 dicitur
2298 1295 2464 1350 etiam
2500 1307 2726 1365 propter
2767 1298 3210 1353 vicissitudinem
3271 1313 3391 1350 ma-

135 1408 517 1465 nifestationis
543 1406 897 1477 perfectioris
939 1406 1086 1459 circa
1124 1406 1303 1472 ipsum
1367 1405 1599 1459 rationis
1644 1421 1737 1475 per
1802 1423 2012 1462 sacram
2053 1410 2414 1478 Scripturam,
2448 1424 2571 1477 quae
2613 1409 2828 1462 initium
2861 1409 2990 1462 facit
3013 1410 3232 1463 Patrem
3266 1424 3396 1478 pro-

135 1503 370 1566 titendo,
396 1512 453 1556 et
498 1499 747 1571 procedit
787 1501 841 1552 in
880 1498 1244 1568 profitendum
1290 1516 1396 1553 una
1452 1515 1577 1552 cum
1619 1501 1772 1554 Patre
1828 1503 2045 1566 Filium,
2110 1512 2166 1556 et
2199 1504 2265 1557 ad
2323 1504 2698 1572 recipiendum
2744 1520 2851 1557 una
2878 1519 3002 1559 cum
3036 1506 3197 1559 Patre
3253 1505 3395 1558 Filio

136 1596 410 1665 Spiritum
456 1605 723 1657 sanctum,
779 1600 831 1647 et
868 1594 935 1647 ad
969 1594 1294 1648 Trinitatem
1349 1593 1643 1663 perfectam
1675 1596 1918 1664 perfecta
1949 1598 2181 1661 unitate,
2213 1598 2317 1653 hoc
2377 1608 2461 1652 est
2519 1615 2682 1652 unam
2710 1600 3005 1653 essentiam
3037 1608 3095 1652 et
3128 1598 3389 1653 deitatem

134 1697 198 1742 et
235 1695 558 1756 potestatem
604 1695 659 1740 et
694 1686 968 1740 actionem
998 1686 1054 1739 in
1098 1685 1275 1739 tribus
1327 1685 1653 1740 substantiis
1700 1689 2034 1756 conjunctim
2059 1698 2114 1743 et
2150 1705 2257 1742 una
2293 1690 2631 1744 venerandas
2685 1690 2907 1744 instruit
2953 1699 3116 1759 atque
3150 1690 3373 1744 deducit

150 1864 265 1918 Ἐκ
291 1863 396 1915 τοῦ
416 1862 606 1917 αὐτοῦ
630 1865 839 1932 λόγου,
861 1865 947 1928 εις
969 1862 1053 1915 τό·
1083 1882 1101 1913 ι
1126 1862 1278 1917 Ἀλλ’
1300 1863 1525 1931 ἕτερον,
1548 1863 1726 1936 οἶμαι,
1762 1878 1765 1886 ‘

1846 1870 1916 1923 Ex.
1938 1872 2115 1924 eodem
2140 1887 2402 1933 sermone,
2433 1873 2488 1924 in
2522 1870 2690 1924 illud:
2725 1889 2740 1920 ι
2774 1869 2964 1922 Verum
3005 1868 3170 1929 aliud,
3206 1870 3261 1922 ni
3291 1869 3400 1938 fal-

217 1955 412 2007 θέλων
472 1954 573 2006 xal
616 1952 865 2021 θέλησις
888 1994 904 2017 ,
969 1952 1200 2023 γεννῶν
1246 1955 1342 2007 καὶ
1409 1956 1720 2024 γέννησις,

216 2044 419 2114 λέγων
450 2044 548 2098 καὶ
595 2046 797 2112 λόγος,
847 2046 899 2097 εὶ
932 2044 1019 2111 μὴ
1046 2047 1346 2113 μεθύομεν
1369 2061 1381 2073 °
1437 2045 1510 2098 τὰ
1540 2046 1658 2115 μὲν
1694 2051 1728 2101 ό

219 2138 609 2205 κινούμενος,
663 2139 735 2189 τὰ
775 2135 846 2187 δὲ
889 2131 1020 2189 οἷον
1063 2137 1101 2202 ἠ
1159 2137 1419 2204 κίνησις.
1478 2120 1729 2193 ,Οὔκουν

222 2227 529 2293 Θελήσεως
580 2227 645 2279 τὸ
675 2226 943 2291 omnes,
982 2224 1127 2279 οὐδὲ
1166 2227 1233 2280 τὸ
1272 2228 1570 2296 γεννηθὲν
1598 2247 1732 2298 γεγε

222 2314 464 2377 νήσεως
504 2312 690 2380 (οὐδὲ
737 2312 847 2382 γὰρ
883 2314 1089 2367 ἕπεται
1129 2314 1423 2383 πάντως),
1464 2320 1538 2371 οὐ
1571 2318 1637 2371 δὲ
1665 2320 1729 2373 τὸ

222 2399 534 2453 ἀκουσθέν
578 2399 995 2469 ἐκφωνήσεως,
1049 2401 1212 2454 ἀλλὰ
1274 2403 1381 2456 τοῦ
1448 2404 1732 2472 θέλοντος

225 2492 325 2544 καί
361 2491 466 2543 τοῦ
494 2491 825 2560 γεννῶντος
856 2491 957 2547 καὶ
1008 2490 1116 2545 τοῦ
1148 2494 1452 2561 λέγοντος.
1508 2497 1584 2550 Τὰ
1626 2497 1733 2550 τοῦ

229 2581 379 2636 Θεοῦ
424 2580 493 2633 δὲ
534 2581 631 2634 καὶ
684 2582 835 2650 ὑπὲρ
868 2581 1066 2636 πάντα
1104 2584 1311 2649 ταῦτα,
1448 2587 1731 2656 γέννησίς

223 2673 400 2725 ἐστιν
428 2673 575 2736 ἴσως
606 2672 644 2737 ἠ
677 2671 783 2725 τοῦ
816 2671 1035 2741 τεννᾷν
1071 2674 1319 2742 θέλησις
1364 2676 1499 2745 (12).
1533 2697 1551 2727 ›

232 2891 379 2963 Πρὸς
418 2892 543 2955 τοὺς
598 2893 911 2963 Ἀρειανοὺς
956 2895 1134 2948 πάντα
1183 2896 1467 2959 κινοῦντας
1516 2896 1735 2965 τρόπον,

157 2984 302 3054 πρὸς
325 2983 384 3035 τὺ
408 2981 726 3035 εὐεπίϐατον
758 2983 940 3045 αὐτοῖς
972 2982 1228 3056 εἶναιτὴν
1263 2988 1403 3041 κατὰ
1433 2986 1527 3039 τοῦ
1560 2988 1736 3040 Μονο-

158 3074 357 3141 γενοῦς
391 3072 762 3142 βλασφημίαν,
786 3075 877 3127 καὶ
906 3076 1165 3143 λέγοντας
1194 3077 1487 3147 θελήσεως,
1519 3078 1635 3131 ἀλλ’
1678 3081 1737 3133 οὗ

165 3164 384 3233 nam
412 3163 539 3215 Υἱὺν
564 3159 704 3216 εἶναι
742 3164 832 3215 τὸν
860 3166 1119 3236 μονογενῆ
1172 3167 1318 3228 Υίὸν,
1362 3167 1538 3221 ταῦτά
1578 3185 1739 3238 φησιν

163 3255 193 3307 ὁ
228 3254 389 3320 σοφὸς
412 3253 747 3315 διδάσκαλος,
777 3256 1086 3308 εὐδιάλυτον
1128 3254 1294 3310 οὖσαν
1321 3259 1530 3321 δεικνὺς
1560 3261 1743 3312 πᾶσαν

166 3343 353 3397 αὐτῶν
382 3344 629 3397 ἐντεῦθεν
660 3344 756 3414 τὴν
781 3347 924 3399 κατὰ
960 3346 1057 3416 τῆς
1097 3347 1353 3418 ἀληθείας
1382 3351 1650 3419 μηχανήν.
1685 3351 1744 3402 Εἰ

167 3436 286 3505 γὰρ
317 3436 418 3498 τὰς
435 3437 532 3503 τῆς
561 3436 737 3504 ψυχῆς
764 3437 1041 3505 δυνάμεις,
1071 3438 1136 3499 ἃς
1178 3438 1306 3501 ἴσως
1340 3440 1470 3507 φαίη
1495 3457 1578 3501 τις
1607 3436 1745 3492 εἶναι

172 3527 641 3595 συμπληρωτικὰς
689 3528 788 3595 τῆς
829 3528 1013 3591 οὐσίας
1054 3530 1245 3599 αὐτῆς,
1314 3530 1571 3583 δύνασθαι
1649 3532 1749 3601 μὲν

171 3615 383 3679 ταύτας
432 3619 673 3687 ἐνεργεῖν
722 3618 951 3686 λέγομεν
999 3620 1057 3671 ὲν
1102 3614 1406 3691 ᾖσύνεισιν
1433 3622 1613 3690 οὐσία,
1676 3613 1769 3692 μὴ’

177 3708 365 3776 μέντοι
399 3708 494 3760 καὶ
528 3710 795 3761 κινεῖσθαι
827 3710 1042 3772 πάντως
1073 3711 1190 3762 κατ’
1227 3712 1505 3780 ἐνέργειαν
1551 3715 1750 3765 ἀποτε-

175 3798 517 3865 λεσματικὴν
573 3798 748 3867 χωρὶς
793 3797 891 3865 τῆς
951 3797 1045 3849 τοῦ
1112 3797 1355 3861 θέλοντος
1425 3802 1753 3862 ἐπινεύσεως

176 3884 463 3938 δύνασθαι.
516 3885 581 3936 El
614 3885 671 3936 δὲ
712 3885 809 3938 καὶ
841 3885 1017 3955 δοθείη
1064 3888 1185 3940 καθ’
1231 3888 1486 3940 ὑπόθεσιν
1522 3888 1580 3940 τὸ
1627 3889 1756 3941 ἴδιον

181 3980 391 4031 ἐθέλειν
439 3977 607 4039 αὐτὰς
657 3978 898 4047 ἐνεργεῖν
945 3980 1008 4049 ἐᾼκ
1044 3979 1142 4047 τῆς
1180 3980 1416 4048 φυσικῆς
1466 3983 1753 4049 κινήσεως.

181 4070 359 4141 χωρὶς
389 4070 490 4137 τῆς
520 4070 613 4121 τοῦ
641 4069 866 4132 ταύτας,
908 4046 976 4121 iv:
1010 4070 1182 4133 οὕτως
1213 4072 1375 4129 εἴπω,
1420 4072 1755 4140 κεκτημένου

182 4162 362 4232 ῥοπῆς
396 4160 561 4229 μηδὲν
591 4161 758 4229 ίσχείν
782 4161 951 4224 αὐτὰς
969 4161 1222 4225 καθάπαξ
1244 4162 1758 4232 ἀποτελεσματικῶς

180 4254 430 4320 ἐνεργεῖν
475 4250 577 4318 τῆς
609 4250 743 4311 ἰδίας
768 4252 962 4321 ὁρμῆς.
997 4252 1070 4304 Οὐ
1096 4252 1204 4322 γὰρ
1235 4251 1522 4305 ἀκολουθεῖ
1543 4252 1757 4317 πάντως

180 4346 257 4411 τῇ
291 4342 514 4411 δυνάμει
549 4342 608 4393 τὸ
652 4341 831 4411 ἔργον,
877 4342 952 4412 μὴ
1002 4343 1198 4413 ἐχούσῃ
1231 4344 1330 4412 τὴν
1385 4343 1476 4394 τοῦ
1535 4340 1596 4397 οὗ
1643 4346 1760 4397 ἐστι

179 4434 415 4501 δύναμις
457 4434 650 4504 ῥοπὴν,
693 4435 1151 4504 συνεισφέρουσαν
1194 4435 1327 4506 αὐτῇ
1371 4435 1432 4486 τὸ
1461 4437 1583 4489 κατ’
1608 4438 1760 4506 ἐνέρ-

1900 1962 2001 2027 lor,
2024 1974 2100 2015 est
2135 1962 2334 2024 uolens,
2363 1962 2511 2015 aliud
2532 1962 2795 2023 voluntas,
2826 1961 2974 2014 aliud
2997 1963 3234 2030 gignens,
3258 1961 3404 2014 aliud

1897 2057 2187 2124 generatio,
2220 2055 2376 2108 aliud
2422 2056 2509 2125 qui
2554 2054 2809 2123 loquitur,
2862 2052 3010 2105 aliud
3064 2067 3257 2113 sermo,
3300 2053 3403 2104 nisi

1901 2144 2034 2212 forte
2059 2144 2328 2198 temulenti
2353 2146 2551 2197 simus:
2578 2144 2767 2196 horum
2811 2143 2949 2195 enim
2976 2140 3207 2194 alterum
3256 2148 3329 2193 est
3362 2142 3404 2193 is

1900 2238 1989 2306 qui
2024 2243 2211 2297 movet,
2249 2233 2477 2287 alterum
2520 2234 2661 2288 velut
2688 2245 2856 2285 motus
2878 2234 3006 2301 ipse.
3036 2232 3148 2285 Non
3172 2248 3292 2298 ergo
3320 2247 3408 2284 uo-

1904 2323 2126 2375 luntatis
2144 2332 2215 2375 est
2258 2323 2496 2384 volitum,
2524 2338 2616 2374 nec
2635 2322 2988 2391 generationis
3019 2321 3155 2388 quod
3173 2321 3409 2388 genitum

1903 2420 1975 2465 est
2006 2414 2197 2482 (neque
2228 2413 2367 2465 enim
2414 2414 2506 2465 hoc
2547 2427 2761 2480 prorsus
2815 2410 3096 2479 sequitur),
3130 2427 3221 2462 nec
3266 2409 3412 2463 locu-

1905 2506 2057 2557 tionis
2096 2504 2234 2574 quod
2265 2505 2504 2557 auditum
2551 2511 2647 2567 est,
2678 2503 2768 2556 sed
2812 2502 3028 2555 uolentis
3053 2510 3101 2553 et
3150 2503 3409 2570 gignentia

1905 2606 1951 2647 et
1978 2595 2256 2665 loquentis.
2288 2596 2355 2649 At
2385 2610 2502 2664 qua?
2524 2596 2577 2647 in
2610 2592 2716 2647 Deo
2757 2594 3188 2657 considerantur,
3238 2610 3408 2663 supra

1906 2690 2014 2740 haec
2037 2704 2240 2757 quoque
2272 2688 2451 2739 omnia
2508 2696 2651 2750 sunt,
2686 2695 2864 2754 utpote
2886 2686 2969 2737 cui
2996 2688 3269 2754 generatio
3295 2686 3409 2754 {or-

1908 2788 2046 2834 tasse
2062 2782 2128 2833 sit
2161 2781 2276 2848 ipsa
2304 2778 2551 2849 gignendi
2572 2777 2835 2832 voluntas.
2858 2796 2875 2827 ι

1907 2894 1987 2947 Ad
2020 2894 2253 2947 Arianos
2299 2892 2486 2947 omnia
2528 2892 2946 2961 perturbantes,
2979 2905 3090 2960 quo
3151 2892 3417 2962 Unigeni-

1841 2994 1955 3036 tum
2004 2982 2421 3051 blasphemandi
2473 2981 2943 3050 opportunitatem
2978 2980 3080 3034 sibi
3129 2978 3411 3046 facerent,

1840 3083 2005 3143 atque
2054 3074 2252 3126 Filium
2314 3072 2644 3134 voluntatis,
2687 3087 2797 3125 non
2838 3080 3023 3124 autem
3077 3071 3257 3125 Patris
3290 3086 3414 3127 esse

1768 3198 1810 3253 ϐ
1843 3165 2189 3234 unigenitum
2218 3163 2418 3218 Filium
2449 3170 2783 3226 statuentes,
2817 3163 2935 3217 haec
2966 3162 3190 3231 sapiens
3220 3162 3418 3219 doctor

1843 3255 2000 3319 dicit,
2039 3253 2197 3307 facile
2229 3268 2351 3306 esse
2385 3252 2780 3307 demonstrans
2827 3252 2956 3306 inde
3006 3252 3074 3305 ad
3108 3252 3419 3306 dissolven-

1845 3344 1974 3399 dum
2006 3359 2168 3398 omne
2212 3343 2514 3398 artificium
2568 3352 2763 3399 contra
2799 3343 3090 3397 veritatem
3122 3351 3418 3398 structum.

1846 3440 1979 3493 Nam
2026 3438 2071 3492 si
2100 3438 2298 3491 anima:
2332 3437 2645 3501 facultates,
2677 3451 2815 3505 quas
2843 3436 3050 3505 aliquis
3098 3435 3305 3489 dixerit
3329 3450 3422 3490 es-

1848 3531 2038 3583 sentiae
2064 3530 2229 3598 lmjus
2255 3528 2647 3597 eompletorias
2674 3543 2818 3589 esse,
2862 3527 2963 3580 has
2982 3526 3207 3596 quidem
3248 3526 3423 3593 inqua

1850 3622 2011 3673 simul
2068 3621 2261 3673 insunt
2302 3619 2548 3673 essentia
2592 3634 2755 3688 agere
2798 3629 3126 3681 statuamus,
3178 3616 3321 3671 haud
3347 3625 3427 3670 ta-

1852 3725 1975 3763 men
2005 3709 2135 3762 item
2158 3708 2368 3761 moveri
2400 3723 2500 3777 per
2542 3707 2819 3762 actionem
2853 3705 3115 3761 effectum
3163 3713 3399 3775 priestan

1855 3809 1961 3853 tem
1994 3800 2098 3853 nisi
2133 3815 2231 3869 per
2251 3799 2494 3853 volentis
2523 3808 2721 3853 nutum
2754 3813 2939 3869 posse.
2965 3796 3021 3850 Si
3049 3805 3235 3852 autem
3261 3798 3426 3853 etiam

1854 3892 2082 3945 daretur
2143 3892 2246 3945 sub
2305 3890 2628 3945 conditione
2688 3889 2965 3959 privatum
3028 3897 3085 3942 et
3138 3887 3426 3957 proprium

1857 3984 1997 4037 velle
2036 3998 2130 4036 eas
2183 3998 2347 4052 agere
2407 3998 2473 4035 ex
2499 3982 2740 4036 naturali
2798 3989 2977 4043 motu,
3015 3989 3196 4034 tamen
3231 3989 3431 4047 praeter

1856 4076 1977 4142 ejus
2005 4074 2098 4141 qui
2152 4089 2247 4126 eas
2283 4072 2554 4143 possidet,
2612 4080 2676 4126 ut
2707 4072 2781 4125 ita
2821 4070 3039 4134 dicam,
3096 4070 3430 4123 libramento

1860 4164 1995 4217 nihil
2022 4178 2115 4217 eas
2150 4164 2225 4215 ita
2266 4173 2325 4216 ut
2362 4163 2665 4232 perfectam
2708 4160 3101 4216 administrent
3133 4160 3431 4215 efﬁcaciam

1859 4254 2067 4322 proprii
2112 4253 2352 4322 impetus
2389 4268 2571 4321 posse.
2602 4252 2791 4321 Neque
2818 4251 2967 4306 enim
3004 4249 3234 4305 omnino
3266 4250 3434 4302 faeul~

1863 4353 2029 4397 tatem
2084 4345 2341 4411 sequitur
2373 4358 2538 4413 opus,
2588 4358 2711 4412 quae
2737 4342 2857 4413 ejus
2912 4343 3069 4412 cujus
3095 4350 3178 4395 est
3206 4341 3437 4395 facultas

1864 4436 2194 4488 libramento
2233 4443 2407 4497 caret,
2443 4433 2590 4502 quod
2626 4432 2863 4488 activam
2896 4432 2949 4487 in
3002 4433 3148 4487 facto
3177 4446 3438 4486 consum—

182 4542 348 4592 γειαν
372 4527 430 4576 ὲν
460 4525 743 4593 πράγματι
782 4525 953 4587 τέλος,
996 4527 1117 4578 καθ’
1150 4528 1347 4598 ἑαυτὴν
1387 4527 1519 4598 οὔσῃ
1559 4531 1759 4581 ἀνυπο-

1866 4526 2159 4579 matiouem
2185 4526 2233 4579 ei
2274 4526 2485 4581 allcrat.
2511 4526 2642 4577 dum
2686 4525 2801 4593 ipsa
2826 4540 2924 4593 per
2955 4539 3011 4577 se
3043 4533 3126 4577 est
3156 4524 3273 4577 sine
3310 4522 3439 4575 suh-

186 4618 372 4685 στάτῳ
399 4617 591 4685 (205
621 4635 651 4669 a
680 4631 711 4673 ).
750 4619 940 4684 Μάτην
981 4618 1077 4689 τὴν
1124 4619 1338 4689 θέλησιν
1379 4621 1759 4691 προεϐάλοντο,

190 4710 273 4777 μὴ
328 4709 490 4760 οὖσαν
535 4726 678 4770 τινος
723 4711 1165 4781 ἀποτελεστικὴν,
1231 4712 1398 4782 χωρὶς
1447 4713 1540 4765 τοῦ
1598 4707 1764 4783 αὐτὴν

187 4801 407 4867 ἔχοντές
436 4817 494 4851 τε
535 4800 630 4851 καὶ
660 4800 924 4861 θέλοντος.
956 4803 1061 4854 Καὶ
1096 4802 1253 4854 τοῦτὸ
1284 4805 1430 4855 ἐστιν
1465 4806 1491 4856 ὃ
1536 4821 1699 4873 φησιν
1738 4807 1765 4856 ὁ

186 4890 528 4950 διδασκαλος.
579 4891 711 4942 Οὐδὲ
761 4891 870 4961 γὰρ
918 4893 1107 4946 ἕπεται
1165 4895 1376 4957 πάντως
1423 4893 1663 4963 δηλονότι
1697 4898 1761 4965 τῇ

190 4980 413 5050 Θελήσει
447 4981 508 5032 τὸ
534 4980 782 5050 θε).ηθἐν,
829 4984 923 5036 καὶ
967 4987 1086 5048 ταῖς
1122 4985 1333 5048 λοιπαῖς
1380 4985 1644 5049 ὡσαύτως
1697 4989 1765 5040 τὰ

110 5100 128 5127 ,ν
192 5075 380 5135 λοιπὰ,
416 5076 582 5143 χωρὶς
611 5074 707 5143 τῆς
734 5074 825 5127 τοῦ
861 5075 1084 5138 ταύταις
1125 5078 1485 5148 ὑποκειμένου
1517 5082 1573 5131 ἐν
1602 5073 1646 5147 ᾧ
1676 5083 1769 5133 καὶ

197 5164 309 5214 εἰσὶ
343 5164 717 5232 συνεισφορᾶς.
745 5164 803 5215 Εἰ
834 5165 1014 5217 τοίνυν
1035 5167 1097 5219 ὲκ
1130 5165 1237 5218 τῶν
1268 5167 1389 5219 καθ’
1422 5167 1567 5235 ἡμᾶς
1598 5183 1773 5236 παρα-

196 5254 508 5323 δειγμάτων
544 5255 905 5326 τεκμαίρεσθε
945 5258 1011 5310 τὰ
1064 5257 1203 5320 θεῖα,
1258 5251 1303 5310 ὦ
1348 5253 1516 5321 οὗτοι,
1550 5257 1773 5322 δέξασθε

198 5346 322 5407 ταῖς
370 5345 523 5413 ὑμῶν
564 5345 693 5412 γοῦν
738 5347 919 5400 αὐτῶν
966 5349 1301 5419 ποιχοῦντες
1346 5350 1633 5402 ὑποθέσεσι
1666 5349 1774 5403 τῶν

202 5434 322 5505 ἅμα
351 5438 563 5499 πάντως
600 5433 736 5489 εἶναι
778 5439 844 5490 τὰ
874 5440 1015 5493 κατὰ
1044 5440 1139 5510 τὴν
1177 5442 1348 5511 μέσην
1387 5442 1568 5511 σχέσιν
1614 5442 1778 5511 ἀλλή-

200 5531 321 5590 λοις
353 5528 599 5590 συνόντα,
631 5528 773 5596 λέγω
813 5529 875 5600 δὴ
921 5531 1011 5583 τὸν
1062 5531 1280 5584 θέλοντα
1306 5533 1402 5584 καὶ
1436 5532 1498 5585 τὸ
1532 5532 1776 5600 θεληθὲν,

204 5619 302 5673 τὸν
345 5620 616 5685 γεννῶντα
670 5623 759 5674 καὶ
804 5622 863 5674 τὸ
892 5623 1170 5690 γεννηθὲν,
1229 5625 1368 5676 κατὰ
1421 5623 1520 5692 τὴν
1571 5625 1776 5693 σχέσιν,

1864 4616 2083 4671 stantia.
2109 4617 2332 4670 Frustra
2356 4618 2694 4670 voluntatem
2723 4623 3150 4685 proposuerunt,
3192 4630 3313 4681 qua:
3358 4614 3439 4665 ni-

1867 4708 1942 4760 hil
1989 4708 2202 4778 pcrlicit
2242 4717 2443 4777 praeter
2488 4722 2613 4761 eum
2647 4707 2741 4776 qui
2788 4706 2960 4775 ipsam
2995 4705 3163 4759 habet
3209 4716 3265 4759 et
3299 4706 3433 4759 vult.

1868 4802 2045 4868 Atque
2070 4800 2173 4853 hoc
2232 4799 2505 4869 estquod
2560 4799 2697 4852 dicit
2745 4798 3026 4867 magister.
3081 4796 3435 4865 Nequaquam

1861 4892 2032 4954 enim,
2078 4899 2139 4945 ut
2192 4900 2442 4960 apparet,
2475 4891 2816 4945 voluntatem
2865 4888 3121 4957 sequitur
3178 4887 3431 4951 volitum,

1869 4998 1971 5037 nec
1986 4982 2155 5051 magis
2184 4982 2428 5052 reliquas
2452 4981 2689 5050 reliqua,
2713 4980 2832 5033 sine
2857 4980 2976 5049 ejus
3006 4977 3155 5047 quod
3186 4978 3275 5034 Itis
3302 4978 3435 5033 sub-

1867 5076 2032 5145 jacct,
2076 5074 2129 5127 in
2159 5088 2270 5143 quo
2294 5082 2350 5127 et
2381 5074 2590 5136 insunt,
2613 5072 2933 5127 collatione.
2967 5071 3127 5138 Quod
3158 5071 3205 5125 si
3242 5070 3309 5124 de
3340 5070 3427 5123 hu-

1874 5164 2050 5219 manis
2082 5164 2315 5229 nostris,
2365 5178 2398 5217 ο
2428 5163 2541 5228 isti,
2584 5162 2852 5234 exemplis
2898 5162 3086 5217 divina
3132 5163 3438 5219 aestimatis.

1873 5254 2074 5309 vestris
2113 5256 2307 5309 saltem
2369 5256 2504 5324 ipsis
2554 5255 2973 5309 conditionibus
3002 5254 3170 5309 innisi
3218 5269 3442 5309 necesse

1875 5363 1995 5402 esse
2019 5347 2303 5401 concedite
2343 5357 2402 5400 ut
2426 5362 2548 5416 qute
2575 5347 2881 5403 secundum
2914 5346 3157 5401 medium
3184 5346 3441 5401 affectum

1876 5440 1990 5492 sive
2042 5439 2363 5493 relationem
2418 5454 2540 5492 sese
2594 5440 2932 5493 comitantur
2985 5438 3148 5493 simul
3186 5438 3442 5499 sint,vo-

1876 5533 2101 5595 lentem,
2132 5532 2378 5601 inquam,
2404 5543 2461 5586 et
2493 5533 2749 5597 volitum,
2788 5540 3144 5602 generantem
3182 5538 3237 5585 et
3274 5544 3442 5597 gene—

1880 5635 2080 5683 ratum,
2114 5640 2236 5693 qua:
2274 5624 2577 5680 secundum
2632 5625 2891 5678 affectum
2925 5628 3039 5676 sive
3100 5622 3431 5678 relationem

282 5756 393 5825 (l2)
429 5756 577 5811 Idem
608 5758 732 5811 ibid.
763 5773 881 5827 cap.
913 5758 965 5823 6,
1003 5774 1055 5827 p.
1088 5759 1209 5822 527,
1246 5770 1374 5813 tom.
1405 5760 1420 5812 1
1456 5758 1594 5829 Opp.
1626 5760 1713 5814 ed.
1753 5761 1953 5815 Bcned.
