4192 6434
778 387 911 449 1263

1927 385 1989 443 S.
2024 381 2277 441 MAXIM
2289 382 2313 439 [
2351 381 2862 442 CONFESSORIS

3880 378 4015 439 ΗΒΑ

772 500 823 553 id
844 507 931 552 est
960 499 1300 552 voluntatem
1334 506 1388 550 et
1410 499 1847 566 generationem,
1877 513 1936 551 se
1965 499 2203 551 invicem
2237 511 2332 551 co-

2444 501 2581 565 φημὶ
2631 499 2687 550 δὲ
2719 499 2816 564 τὴν
2862 497 3085 564 θέλησιν
3114 498 3209 548 καὶ
3268 497 3367 565 τὴν
3425 497 3699 563 γέννησιν,
3760 494 4015 562 ἀλλήλοις

770 592 1055 643 mitantur.
1083 588 1563 653 Quemadmodum
1596 590 1747 642 enim
1783 599 1937 643 extra
1974 588 2253 642 videntem
2277 597 2334 640 et

770 681 949 734 visum
982 695 1089 732 non
1132 688 1219 732 est
1276 679 1450 741 visus,
1483 695 1666 748 neque
1699 679 1962 749 cogitatio
2004 687 2158 732 extra
2182 678 2335 747 cogi-

771 782 977 824 tantem
1013 780 1070 824 et
1098 771 1422 839 cogitatum,
1447 772 1521 824 ita
1573 786 1674 824 nec
1708 778 1861 823 extra
1890 777 2245 838 generantem
2281 776 2338 820 et

771 870 1090 931 generatum
1120 861 1428 928 generatio,
1461 876 1565 914 nec
1586 868 1743 914 extra
1790 860 2069 913 volentem
2096 867 2153 912 et
2196 858 2337 912 voli-

773 962 884 1001 tum
907 950 1181 1009 voluntas,
1202 949 1353 1017 quia,
1388 960 1448 1002 ut
1492 948 1931 1002 demonstratum
1955 954 2059 1011 est,
2101 961 2205 1000 nec
2235 960 2335 998 vo-

772 1042 928 1092 litum
965 1040 1217 1105 sequitur
1271 1039 1610 1091 voluntatem
1643 1038 1763 1090 sine
1796 1039 1918 1107 ejus
1944 1036 2039 1105 qui
2070 1036 2189 1089 vult
2225 1035 2339 1089 col-

769 1132 998 1184 latione.
1035 1128 1190 1193 Quod
1222 1128 1268 1181 si
1302 1128 1467 1181 simul
1514 1136 1645 1181 sunt
1703 1128 1819 1181 luec
1862 1126 2170 1181 secundum
2202 1124 2339 1179 ειπε-

768 1234 941 1285 ctum,
969 1219 1271 1275 immobilis
1292 1219 1441 1273 enim
1492 1221 1783 1273 amborum
1825 1220 2077 1282 allectus,
2104 1246 2174 1257 —
2202 1230 2338 1271 con-

770 1313 1115 1382 temporabat
1147 1325 1280 1379 ergo
1299 1312 1588 1379 generantl
1620 1311 1791 1371 Patri,
1823 1310 1972 1363 Patri
1992 1309 2086 1377 qui
2121 1322 2339 1376 semper

765 1412 905 1467 erat,
944 1419 1044 1470 per
1066 1404 1478 1472 generationem
1506 1404 1669 1456 etiam
1695 1400 1996 1454 secundum
2042 1414 2138 1452 vos
2170 1414 2340 1467 gene-

772 1504 922 1548 ratus
994 1494 1187 1557 Filius,
1245 1509 1370 1547 cum
1422 1494 1566 1545 inter
1621 1492 1976 1559 semetipsum
2023 1500 2079 1544 et
2123 1491 2338 1544 Patrem

764 1589 1115 1648 generantem
1188 1580 1341 1631 nullo
1406 1578 1568 1631 modo
1655 1577 1910 1631 admittat
1991 1578 2336 1631 intervallum

766 1669 1579 1738 temporis,nequeestamplius
1625 1668 1921 1720 voluntatis
1950 1667 2117 1720 Filius
2140 1666 2333 1725 Filius,

765 1758 861 1811 sed
897 1757 1074 1810 l’atris
1124 1756 1461 1824 generautis.
1499 1756 1679 1823 Atque
1723 1756 1857 1815 hmc,
1896 1756 2093 1822 inquit,
2126 1771 2193 1808 ex
2236 1756 2336 1807 hu-

2439 590 2686 641 συνόντα.
2759 590 2844 651 Ὠς
2891 591 2998 659 γὰρ
3027 589 3123 641 τοῦ
3153 588 3389 657 ὁρῶντος
3441 589 3535 638 καὶ
3583 585 3680 637 τοῦ
3733 585 4014 652 ὁρωμένου

2437 681 2604 749 χωρὶς
2630 681 2732 732 οὐκ
2760 680 2907 732 ἐστιν
2957 682 3168 745 ὅρασις,
3201 678 3324 730 οὔτε
3366 677 3458 728 τοῦ
3496 676 3746 735 νοοῦντος
3786 675 3879 726 καὶ
3920 674 4015 725 τοῦ

2438 770 2727 837 νοουμένου
2759 770 2960 838 νόησις,
2992 769 3165 830 οὕτως
3192 769 3313 819 οὐδὲ
3341 768 3435 819 τοῦ
3466 767 3763 832 γεννῶντος
3794 768 3889 816 καὶ
3920 764 4017 818 τοῦ

2435 859 2774 929 γεννωμένου
2820 860 3092 927 γέννησις,
3148 859 3270 910 οὐδὲ
3325 857 3420 908 τοῦ
3475 856 3721 919 θέλοντος
3768 858 3864 907 καὶ
3922 854 4017 906 τοῦ

2439 949 2735 1019 θελομένου
2771 950 3009 1019 θέλησις,
3040 951 3122 1002 ὃτι
3159 951 3291 1018 μηδὲ
3321 950 3513 1000 ἕπεται
3543 947 3760 1016 θελήσει
3780 948 3839 999 τὸ
3868 947 4020 1015 θελη-

2438 1039 2530 1091 θὲν
2553 1078 2569 1100 ,
2609 1039 2686 1101 ὼς
2712 1040 2946 1109 ἐδείχθη,
2978 1041 3148 1107 χωρὶς
3181 1040 3279 1107 τῆς
3322 1039 3417 1090 τοῦ
3456 1039 3701 1098 Θέλοντος
3736 1054 4020 1105 συνεισφο-

2442 1130 2560 1197 ρᾶς.
2593 1130 2656 1181 Εἰ
2692 1129 2751 1182 δὲ
2791 1129 2902 1181 τῶν
2934 1130 3050 1197 ἁμα
3075 1127 3251 1181 ταῦτὰ
3295 1129 3414 1179 ἔστι
3467 1129 3610 1181 κατὰ
3654 1126 3755 1193 τὴν
3808 1128 4019 1195 σχέσιν,

2438 1220 2693 1289 ἀκίνητος
2715 1219 2823 1290 γὰρ
2846 1223 2881 1289 ή
2918 1219 3004 1271 ἐπ’
3033 1220 3237 1287 ἀμφοῖν
3286 1219 3489 1285 σχέσις,
3538 1220 3656 1288 ἅμα
3694 1215 3762 1288 ἦν
3794 1220 3902 1286 ἄρα
3941 1219 4022 1284 τῷ

2438 1308 2700 1374 γεννῶντι
2735 1309 2927 1377 Πατρὶ,
2958 1308 3045 1360 ἀεὶ
3068 1308 3181 1359 om
3217 1308 3411 1374 Πατρὶ,
3440 1306 3529 1358 διὰ
3561 1308 3893 1373 γεννήσεως,
3925 1306 4017 1356 καὶ

2440 1397 2564 1450 καθ’
2608 1399 2753 1467 ὑμᾶς
2804 1400 2833 1449 ό
2870 1395 3211 1465 γεννώμενος
3246 1394 3385 1454 Υἱὸς,
3448 1394 3521 1462 μὴ
3573 1392 4021 1460 παραδεχόμενος

2440 1486 2562 1538 καθ’
2598 1486 2910 1555 οἱονδήπστε
2938 1484 3140 1553 τρόπον
3190 1482 3393 1550 μεταξὺ
3429 1480 3595 1535 αὑτοῦ
3636 1481 3730 1533 καὶ
3761 1480 3857 1533 τοῦ
3892 1496 4020 1545 γεν-

2442 1578 2641 1640 νῶντος
2688 1578 2901 1646 Πατρὸς
2961 1575 3317 1645 παρενθήκην
3366 1575 3579 1643 χρόνου,
3629 1573 3723 1623 καὶ
3784 1573 3885 1623 οὐκ
3941 1572 4021 1621 ἔτι

2441 1668 2712 1735 θελήσεὼς
2759 1671 2907 1719 ἐστιν
2942 1667 3068 1727 Υἱὸς
3115 1668 3144 1718 ό
3182 1665 3328 1726 Υἱὸς,
3386 1664 3521 1716 ἀλλὰ
3561 1662 3657 1714 τοῦ
3720 1661 4024 1728 γεννῶντος

2444 1758 2677 1826 Πατρός.
2710 1758 2817 1808 Καὶ
2847 1756 3045 1819 ταῦτα,
3078 1757 3264 1825 φησὶν,
3285 1756 3349 1805 ὲκ
3374 1754 3484 1805 τῶν
3512 1753 3632 1805 καθ’
3664 1754 3813 1822 ἡμᾶς
3851 1768 4025 1821 παρα-

766 1848 939 1899 manis
974 1847 1187 1911 nostris
1208 1846 1360 1899 dicta
1391 1846 1503 1899 sint
1551 1848 1857 1915 exemplis;
1891 1857 1947 1900 at
1987 1863 2108 1916 qua:
2147 1848 2202 1900 in
2228 1848 2340 1902 Deo

2444 1824 2755 1916 δειγμὰτων
2789 1846 3047 1917 εἰρήσθω,
3081 1824 3226 1898 τὰδὲ
3259 1845 3353 1898 τοῦ
3380 1842 3516 1896 Θεοῦ
3546 1844 3635 1895 καὶ
3668 1843 3809 1911 ὑπὲρ
3844 1844 4026 1895 πάντα

765 1936 1211 1997 considerantur,
1252 1952 1419 2005 supra
1446 1936 1559 1990 ltzec
1587 1953 1808 2005 quoque
1854 1938 2036 1991 omnia
2066 1948 2214 1999 sunt,
2246 1938 2335 1991 cui

764 2027 1047 2095 generatio
1074 2025 1307 2079 fortasse
1343 2036 1426 2080 est
1444 2027 1701 2095 gignendi
1727 2029 2000 2081 voluntas.
2035 2029 2336 2082 lndubium

764 2132 895 2170 vero
943 2117 994 2169 id
1028 2117 1257 2170 adduxit
1292 2133 1387 2185 per
1419 2137 1436 2165 ι
1483 2118 1713 2172 fortasse
1750 2139 1767 2169 ι
1819 2120 2164 2179 adverbium,
2214 2136 2339 2189 pro-

766 2214 954 2273 pterea
973 2205 1122 2273 quod
1153 2206 1275 2259 Filii
1308 2222 1371 2258 ex
1416 2207 1577 2260 Patre
1626 2209 1911 2276 generatio
1945 2210 2113 2261 etiam
2147 2210 2340 2262 volun-

767 2305 931 2350 tatem
968 2304 1210 2363 superat.
1244 2296 1432 2364 Neque
1460 2298 1610 2349 enim
1660 2308 1949 2365 separatur
2000 2301 2282 2351 voluntate
2309 2316 2339 2351 a

766 2389 925 2442 Patre
980 2386 1169 2451 Filius,
1230 2401 1411 2454 neque
1465 2388 1578 2439 ullo
1629 2388 1791 2441 modo
1850 2389 2031 2442 Patris
2085 2392 2341 2443 voluntas

765 2477 1139 2547 Cagitantibus
1161 2476 1324 2528 nobis
1368 2476 1631 2545 anticipat
1662 2477 1886 2540 Filium,
1924 2478 2053 2547 quia
2112 2494 2212 2532 nec
2244 2480 2340 2531 Pa-

769 2576 852 2620 ter
885 2564 1245 2619 antecedebat
1264 2563 1484 2627 Filium,
1510 2580 1620 2618 non
1646 2567 1996 2635 magisquam
2030 2567 2342 2620 intellectus

764 2665 893 2709 ante
925 2670 1234 2709 sermonem
1272 2671 1340 2708 ex
1372 2656 1514 2723 ipso,
1534 2664 1633 2709 aut
1680 2657 1772 2710 lux
1797 2668 1923 2711 ante
1968 2657 2336 2726 splendorem.

765 2749 899 2802 Nam
923 2748 1083 2800 simul
1118 2747 1388 2800 habentes
1433 2747 1811 2800 exsistentiam
1866 2762 2033 2801 unam
2084 2749 2246 2801 Pater
2286 2758 2342 2801 et

764 2839 860 2906 qui
882 2855 947 2892 ex
977 2853 1045 2891 eo
1073 2837 1191 2891 sine
1221 2837 1380 2891 initio
1409 2845 1702 2905 generatus
1724 2845 1807 2890 est
1836 2837 2027 2900 Filius,
2060 2845 2117 2891 et
2148 2838 2341 2890 volun-

764 2936 934 2980 tatem
993 2927 1200 2981 habent
1246 2926 1554 2995 simplicem
1616 2934 1781 2995 atque
1842 2926 2218 2991 individuam,
2282 2938 2341 2981 ut

765 3018 931 3071 etiam
956 3018 1253 3072 essentiam
1280 3033 1447 3071 unam
1478 3025 1535 3072 et
1570 3026 1846 3072 naturam.

2444 1940 2639 2003 ταῦτα,
2672 1933 2717 2006 ᾧ
2745 1940 2998 2008 γέννησις
3034 1938 3161 2000 ἴσως
3196 1937 3345 1990 ἐστὶν
3374 1938 3408 2005 ή
3440 1935 3533 1988 τοῦ
3558 1938 3751 2005 γεννᾷν
3779 1935 4021 2003 θέλησις.

2454 2035 2763 2105 Ἀμφέσαλε
2810 2035 2867 2087 δὲ
2900 2034 3059 2086 τοῦτο
3103 2033 3191 2085 διὰ
3217 2032 3312 2085 τοῦ
3347 2051 3365 2082 ι
3398 2033 3558 2093 Ἴσως
3583 2049 3601 2081 ι
3642 2032 4026 2100 ἑπιῤῥήματος

2439 2124 2527 2176 διὰ
2583 2124 2645 2175 τὸ
2698 2125 2793 2175 καὶ
2838 2122 2979 2189 ὑπὲρ
3011 2120 3231 2187 θέλησιν
3260 2114 3401 2170 εἶναι
3432 2117 3532 2186 τὴν
3576 2118 3639 2169 ὲκ
3684 2115 3778 2167 τοῦ
3806 2114 4028 2183 Πατρὸς

2438 2211 2534 2264 τοῦ
2573 2210 2701 2262 Υἱοῦ
2756 2212 3030 2279 γέννησιν.
3084 2209 3159 2260 Οὐ
3194 2208 3303 2275 γὰρ
3359 2204 3649 2275 μεσάζεται
3697 2205 3913 2272 θελήσει
3963 2204 4027 2254 ἐκ

2439 2302 2533 2354 τοῦ
2566 2300 2748 2369 (205
2775 2301 2827 2365 ὁ)
2862 2300 3070 2367 Πατρός
3112 2300 3140 2350 ὁ
3164 2298 3318 2361 Υἱὸς,
3344 2298 3465 2347 οὐδὲ
3498 2298 3901 2363 προεπινοεῖται
3927 2294 4026 2345 τοῦ

2446 2386 2573 2438 Υἱοῦ
2617 2387 2736 2437 καθ’
2782 2386 2962 2438 ὁτιοῦν
2997 2388 3029 2451 ή
3075 2384 3168 2436 τοῦ
3203 2385 3415 2453 Ιιατρὺς
3459 2384 3695 2453 θέλησις,
3756 2385 3840 2435 ὅτι
3887 2382 4025 2451 μηδὲ

2442 2478 2694 2546 προῦπῆν
2730 2480 2757 2529 ὁ
2786 2477 2974 2545 Πατὴρ
3003 2477 3097 2528 τοῦ
3126 2476 3278 2538 Υἱοῦ,
3320 2477 3510 2545 ὥσπερ
3556 2477 3675 2529 οὐδὲ
3709 2474 3833 2537 νοῦς
3862 2476 4028 2541 λόγου

2441 2569 2535 2620 τοῦ
2566 2570 2626 2631 ἐξ
2656 2569 2844 2629 αὑτοῦ,
2884 2569 3007 2620 οὗτε
3050 2569 3168 2635 φῶς
3219 2568 3313 2619 τοῦ
3365 2569 3821 2635 ἁπαυγάσματος.
3871 2566 4030 2634 Ἀμα

2396 2698 2401 2703 .
2442 2657 2551 2725 γὰρ
2590 2659 2649 2710 τὸ
2681 2653 2819 2709 εἶναι
2855 2658 3065 2725 ἔχοντες
3097 2659 3190 2708 καὶ
3220 2656 3439 2724 θέλησιν
3482 2657 3608 2725 μίαν
3650 2657 3868 2723 ἔχουσιν
3903 2656 3937 2706 ὃ
3967 2671 4027 2705 τε

2446 2750 2633 2818 Πατὴρ
2682 2752 2775 2801 καὶ
2824 2751 2851 2800 ὀ
2906 2750 2966 2811 ἐξ
3022 2747 3187 2800 αὐτοῦ
3232 2749 3482 2817 ἀνάρχως
3531 2748 3814 2814 γεννηθεὶς
3876 2747 4029 2806 Υἱὸς.

2442 2840 2623 2907 ἁπλῆν
2652 2856 2709 2890 τε
2750 2839 2845 2889 καὶ
2865 2838 3187 2906 ἀδιαίρετον,
3212 2840 3404 2907 ὥσπερ
3432 2833 3525 2890 οὖν
3557 2840 3649 2889 καὶ
3674 2837 3862 2889 οὐσίαν
3892 2836 4032 2905 μίαν

2444 2930 2539 2980 καὶ
2580 2930 2761 2995 φύσιν.

2372 3139 2441 3148 σ-

769 3195 850 3248 Ea:
883 3193 1061 3245 eodem
1086 3208 1348 3256 sermone,
1379 3195 1434 3246 in
1468 3193 1605 3247 illud
1626 3211 1645 3248 :
1688 3213 1705 3245 ι
1735 3195 1949 3265 Alioqui
1979 3196 2106 3266 quid
2153 3200 2335 3267 prohi-

2452 3197 2548 3249 Ἐκ
2592 3191 2698 3246 τοῦ
2744 3190 2929 3245 αὐτοῦ
2963 3190 3174 3258 λόγου,
3226 3190 3314 3255 εις
3347 3191 3434 3244 τό·
3469 3207 3493 3240 ι
3526 3188 3689 3242 Ἐπεὶ
3718 3189 3776 3241 τί
3805 3188 4030 3242 κελεύει

834 3286 916 3338 bet
940 3286 1216 3354 quominus
1243 3287 1354 3354 ipse
1382 3301 1584 3355 quoque
1615 3286 1787 3340 allata
1812 3289 1910 3340 hac
1941 3290 2295 3357 propositione
2320 3308 2337 3344 :

833 3374 997 3429 Pater
1025 3376 1201 3442 major
1223 3383 1418 3427 natura
1448 3382 1543 3436 est,
1563 3391 1624 3427 ac
1639 3375 1824 3428 deinde
1846 3387 2118 3446 assumpta
2143 3377 2337 3442 altera,

837 3465 1045 3519 Natura
1078 3475 1256 3518 autent
1292 3482 1395 3517 non
1427 3470 1639 3519 omnino
1669 3470 1864 3537 major,
1916 3485 2010 3521 nec
2056 3469 2238 3533 Pater,
2264 3471 2338 3523 ita

832 3566 1103 3628 postremo
1152 3557 1462 3609 concludam
1495 3558 1715 3628 :Mnjus
1766 3562 1931 3627 igitur
1976 3563 2190 3614 omnino
2235 3579 2338 3631 non

838 3650 1035 3717 majus,
1077 3648 1177 3713 uel,
1212 3648 1375 3700 Pater
1399 3650 1611 3702 omnino
1644 3667 1745 3703 non
1770 3650 1975 3703 Pater?
1997 3672 2014 3702 ι

834 3758 971 3812 Cum
1004 3758 1071 3811 de
1125 3773 1289 3812 causa
1322 3760 1584 3828 majorem
1626 3760 1763 3813 Filio
1809 3761 2049 3825 Patrem,
2098 3762 2227 3831 quia
2271 3779 2337 3817 ex

766 3852 928 3906 Patre
954 3850 1026 3902 sit
1060 3849 1251 3911 Filius,
1275 3859 1330 3903 at
1357 3866 1467 3903 non
1494 3866 1559 3903 ex
1592 3851 1731 3904 Filio
1766 3852 1928 3904 Pater
1951 3852 2199 3915 exsistat,
2243 3854 2341 3908 do-

768 3951 891 3995 ctor
924 3940 1205 4008 sapienter
1261 3939 1538 4003 deﬁniret,
1601 3941 1789 3995 Ariani
1838 3942 1987 4009 quod
2037 3943 2106 3996 de
2144 3952 2339 3996 natura

766 4047 930 4086 causa
958 4032 1027 4084 sit
1058 4030 1438 4099 propositione
1483 4041 1765 4099 assumpta
1805 4032 1857 4085 ei
1904 4032 2139 4102 maligne
2193 4032 2341 4101 quod

767 4124 837 4178 de
893 4131 1090 4175 natura
1127 4122 1303 4190 majus
1336 4122 1408 4174 sit
1465 4123 1830 4186 collegerunt.
1867 4123 2046 4192 Atque
2103 4125 2339 4193 primum

769 4220 995 4265 strenue
1027 4209 1174 4280 quod
1206 4210 1295 4264 isti
1322 4211 1535 4278 privata
1562 4212 1982 4265 ratiocinatione
2005 4213 2344 4282 collegerunt

769 4302 933 4355 diluit
964 4300 1190 4354 dicens:
1233 4300 1437 4353 cllaud
1490 4301 1606 4353 scio
1641 4316 1697 4354 se
1754 4302 1972 4370 ipsosne
2030 4302 2215 4371 potius
2273 4317 2341 4355 an

767 4411 863 4449 vos
895 4394 960 4447 ad
996 4408 1138 4461 quos
1158 4392 1404 4461 dirigunt
1429 4406 1741 4445 sermonem
1769 4392 2014 4461 captiosa
2042 4394 2147 4447 hac
2177 4408 2342 4461 argu-

768 4483 1111 4537 mentatione
1142 4480 1597 4534 circumveniant.
1628 4499 1645 4529 ι
1671 4480 1860 4549 Neque
1903 4481 2051 4533 enim
2080 4479 2343 4549 simplici-

770 4585 854 4627 ter
882 4586 1226 4640 quacunque
1261 4569 1329 4623 de
1358 4570 1545 4638 aliquo
1608 4570 1892 4634 dicuntur,
1923 4572 2089 4625 etiam
2122 4570 2189 4625 de
2242 4572 2348 4624 isto

769 4666 1025 4718 dicentur
1046 4660 1196 4729 quod
1241 4661 1344 4729 ipsi
1377 4661 1664 4730 subjacet;
1694 4661 1794 4715 sed
1824 4670 1975 4730 patet
2025 4662 2092 4716 de
2127 4678 2257 4731 quo,
2292 4671 2350 4717 et

768 4768 1021 4824 qttaznam
1048 4752 1325 4805 dicantur.
1380 4751 1651 4805 Nimirum
1692 4767 2035 4821 quaecunque
2084 4751 2151 4806 de
2182 4766 2347 4805 causa

772 4858 1030 4915 tanquam
1058 4860 1244 4908 causa,
1280 4843 1478 4914 inquit,
1535 4844 1815 4906 dicuntur,
1839 4860 1903 4897 ea
1948 4844 2112 4897 etiam
2168 4844 2236 4898 de
2280 4858 2348 4896 eo

770 4935 917 5005 quod
947 4934 1016 4988 de
1048 4943 1243 4988 natura
1274 4944 1359 4989 est
1392 4936 1668 4989 dicentur.
1706 4935 1894 5005 Neque
1924 4935 2073 4989 enim
2117 4935 2348 4989 rationis

772 5035 853 5081 est
891 5042 955 5079 ea
997 5041 1119 5094 qua:
1150 5034 1208 5077 ut
1236 5028 1489 5096 exemplo
1520 5027 1629 5081 hoc
1660 5035 1805 5092 utar,
1858 5027 1927 5081 de
1964 5027 2212 5096 sapiente
2264 5027 2350 5079 vel

779 5135 901 5187 rege
932 5126 991 5170 ut
1021 5118 1269 5187 sapiente
1304 5118 1391 5173 vel
1426 5127 1487 5172 ut
1515 5134 1641 5190 rege
1665 5119 1931 5174 dicuntur
1978 5118 2145 5173 etiam
2191 5117 2257 5171 de
2289 5133 2355 5171 co

773 5210 922 5279 quod
948 5212 1032 5265 liis
1054 5213 1300 5281 subjacet
1328 5211 1536 5276 dicere,
1565 5222 1627 5267 ut
1679 5214 2017 5280 hominibus,
2060 5222 2117 5268 et
2156 5221 2354 5283 praeter

777 5307 953 5374 legem
1003 5303 1257 5359 essentia:
1304 5302 1631 5359 deﬁnitione
1680 5321 1875 5361 eorum
1910 5321 2032 5375 quae
2068 5304 2352 5375 subiacent

778 5408 887 5447 una
910 5392 1378 5463 comprehendere
1412 5409 1537 5461 quae
1559 5394 1628 5449 de
1662 5396 1935 5465 sapientia
1969 5403 2029 5447 ut
2058 5393 2351 5463 sapientia,

778 5501 1011 5555 qumque
1058 5485 1127 5540 de
1195 5500 1364 5555 regno
1415 5495 1475 5540 ut
1511 5501 1682 5557 regno
1721 5487 2003 5550 dicuntur,
2034 5485 2085 5539 id
2120 5493 2205 5539 est
2233 5500 2355 5553 qua:

778 5576 919 5633 nihil
947 5576 1174 5631 omnino
1208 5578 1624 5632 communicant
1648 5593 1773 5633 cum
1822 5579 2035 5633 ratione
2072 5576 2350 5638 essentia,

2512 3284 2663 3353 κάμὲ
2709 3284 2937 3348 ταύτην
2983 3284 3282 3347 πρότασιν
3326 3280 3739 3347 ποιησάμενον
3766 3280 3881 3345 τὴν
3910 3280 4031 3339 ὅτι.

2523 3377 2585 3426 '0
2620 3373 2820 3439 Πατὴρ
2862 3370 3075 3438 pellitur
3114 3369 3189 3438 τῇ
3240 3371 3442 3438 φύσει,
3498 3370 3703 3422 ἔπειτα
3746 3373 4030 3436 προσλα-

2511 3468 2693 3518 ϐόντα
2726 3464 2813 3525 τὸ,
2859 3464 3043 3515 Φύσει
3095 3462 3159 3514 δὲ
3212 3464 3285 3514 οὐ
3339 3461 3575 3526 πάντως
3609 3460 3833 3528 μεῖζον,
3879 3460 4033 3513 οὐδὲ

2512 3557 2734 3623 Πατὴρ,
2796 3552 3183 3621 συναγαγεῖν,
3248 3553 3318 3605 Τὸ
3370 3552 3578 3620 μεῖζον
3645 3555 3716 3605 οὐ
3784 3556 4036 3617 πάντως

2512 3646 2725 3714 μεῖζον,
2755 3644 2814 3711 ἢ,
2857 3644 2919 3694 '0
2939 3643 3139 3710 Πατὴρ
3165 3646 3235 3695 οὺ
3262 3644 3498 3707 πάντως
3520 3642 3739 3708 Πατήρ.
3777 3661 3796 3693 ι

2525 3758 2854 3828 Ἐπειδήπερ
2895 3757 3115 3826 μείζονα
3161 3754 3239 3824 τῷ
3270 3758 3426 3826 αἰτίῳ
3470 3756 3567 3809 τοῦ
3614 3756 3744 3808 Υἱοῦ
3778 3758 3869 3809 τὸν
3908 3759 4032 3811 Ha-

2442 3851 2574 3920 τέρα
2606 3848 2786 3916 σοφῶς
2806 3851 2834 3899 ό
2862 3847 3203 3908 διδάσκαλος,
3221 3847 3295 3908 ὡς
3321 3848 3385 3898 ὲκ
3409 3846 3505 3898 τοῦ
3526 3847 3736 3916 Πατρὸς
3753 3849 3908 3909 όντος
3935 3850 4031 3899 τοῦ

2444 3940 2596 4001 Υἱοῦ,
2633 3938 2747 3991 ἀλλ’
2779 3938 2878 3990 οὐκ
2913 3939 2975 3988 ὲκ
3000 3936 3095 3988 τοῦ
3129 3935 3259 3988 Υἱοῦ
3285 3936 3377 3988 τοῦ
3418 3936 3627 4005 Πατρός
3663 3938 4033 4006 ὑπάρχοντος,

2442 4031 2747 4101 διωρίζετο,
2795 4030 3197 4099 προσλαϐόντες
3225 4031 3275 4081 οἱ
3328 4029 3595 4100 Ἀρειανοὶ
3635 4030 3736 4098 τὴν
3763 4034 3825 4080 τὸ
3851 4030 4035 4082 αἴτιον

2447 4124 2608 4192 φύσει
2641 4123 2909 4192 πρότασιν
2941 4121 3175 4189 συνῆγον
3214 4120 3367 4190 αὐτῷ
3399 4120 3721 4191 κακούργως
3766 4122 3828 4174 τὸ
3859 4123 4034 4188 φύσει

2447 4212 2650 4282 μεῖξον.
2693 4211 2919 4281 Πρῶτον
2956 4211 3055 4279 μὲν
3084 4210 3365 4264 ὲπιλύεται
3399 4212 3661 4279 γενναίως
3681 4212 3743 4264 τὸ
3784 4213 4033 4282 παραλε-

2444 4304 2781 4372 λογισμένως
2812 4304 2903 4354 ὑπ’
2959 4302 3135 4355 αὐτῶν
3185 4301 3447 4371 συναχθὲν
3475 4303 3663 4355 εἰπών·
3715 4305 3865 4355 (Οὐκ
3910 4299 4033 4356 οἶδα

2447 4396 2674 4463 πότερον
2709 4393 2939 4454 ἑαυτοὺς
2966 4392 3443 4462 παραλογὶζονται,
3486 4393 3519 4460 ἢ
3550 4395 3676 4455 τοὺς
3712 4393 3847 4463 πρὸς
3878 4394 3981 4454 οὓς
4005 4397 4037 4446 ὀ

2447 4484 2622 4550 λόγος.
2652 4502 2669 4533 ι
2731 4484 2805 4535 Οὐ
2845 4483 2953 4551 γὰρ
3003 4482 3190 4543 ἁπλῶς
3240 4483 3339 4534 ὅσα
3395 4483 3536 4535 κατά
3588 4500 3733 4544 τινος
3786 4483 4035 4548 λέγεται,

2453 4572 2627 4625 ταῦτα
2666 4572 2761 4625 καὶ
2795 4571 2937 4623 κατὰ
2965 4570 3058 4623 τοῦ
3093 4570 3458 4639 ἀποκειμένου
3482 4570 3657 4639 τούτῳ
3684 4570 3995 4639 ῥηθήσεται
4019 4590 4033 4599 ·

2453 4664 2590 4717 ἀλλὰ
2614 4663 2774 4731 δῆλον
2800 4663 2941 4715 κατὰ
2968 4664 3111 4724 τίνος
3142 4661 3235 4713 καὶ
3275 4662 3396 4713 τίνα
3430 4662 3573 4713 τοῦτ’
3610 4660 3780 4713 ἐστιν.
3818 4664 3896 4713 Οὐ
3926 4662 4035 4730 γὰρ

2452 4758 2551 4810 ὅσα
2578 4758 2719 4809 κατὰ
2751 4754 2846 4807 τοῦ
2877 4754 3051 4807 αἰτίου
3081 4754 3156 4816 ὡς
3194 4755 3392 4819 αἰτίου,
3418 4755 3570 4822 φησὶ,
3595 4753 3837 4820 λέγεται,
3857 4754 4037 4806 ταῦτα

2451 4848 2547 4901 καὶ
2588 4847 2732 4899 κατὰ
2757 4844 2850 4898 τοῦ
2885 4847 3045 4913 φύσει
3085 4846 3404 4916 ῥηθήσεται.
3447 4847 3559 4898 Οὐκ
3581 4847 3697 4898 ἐστι
3730 4848 3844 4917 γὰρ
3872 4848 4037 4916 λόγου

2451 4940 2519 4993 τὰ
2557 4939 2697 4992 κατά
2742 4955 2887 5000 τινος
2935 4940 3072 5008 φέρε
3131 4941 3303 4991 εἰπεῖν
3339 4939 3503 5007 σοφοῦ
3552 4940 3583 5009 ἢ
3642 4940 3917 5009 βασιλέως
3966 4943 4039 5003 ὡς

2455 5028 2621 5097 σοφοῦ
2657 5030 2690 5100 ἥ
2719 5028 2794 5091 ὼς
2826 5028 3088 5097 βασιλέως
3117 5029 3387 5097 λεγόμενα
3415 5031 3509 5083 καὶ
3534 5030 3675 5083 κατὰ
3699 5030 3798 5083 τοῦ
3821 5033 4042 5085 ὑποκει-

2454 5120 2617 5190 μένου
2650 5119 2859 5181 τούτοις
2886 5119 3136 5189 ῥηθῆναι,
3160 5119 3234 5182 ὡς
3261 5120 3585 5191 ἀνθρώπων,
3614 5121 3707 5173 καὶ
3741 5139 4039 5193 συμπαρα-

2452 5212 2750 5282 λαμόἀνειν
2785 5211 3041 5280 ἁθέσμως
3069 5211 3147 5280 τῷ
3176 5213 3273 5280 τῆς
3302 5212 3491 5275 οὐσίας
3538 5214 3649 5283 ὅρῳ
3678 5214 3791 5265 τῶν
3816 5213 4041 5267 ὑποκει-

2458 5304 2635 5374 μένων
2676 5302 2747 5356 τὰ
2779 5302 2925 5355 κατὰ
2948 5303 3048 5371 τῆς
3090 5304 3282 5371 σοφίας
3310 5304 3387 5367 ὡς
3420 5305 3633 5371 σοφίας,
3665 5305 3765 5357 καὶ
3797 5304 3869 5357 τὰ
3901 5305 4040 5357 κατὰ

2460 5392 2559 5461 τῆς
2595 5391 2871 5461 βασιλείας
2894 5392 2970 5456 ὡς
2990 5392 3268 5461 βασιλείας
3288 5394 3576 5463 λεγόμενα,
3624 5395 3693 5448 τὰ
3718 5394 3893 5464 μηδὲν
3916 5393 4041 5448 καθ-

2460 5484 2584 5537 όλου
2615 5484 2691 5555 τῷ
2741 5484 2886 5555 λόγῳ
2917 5483 3019 5553 τῆς
3050 5485 3237 5548 οὐσίας
3270 5486 3461 5558 (206
3487 5486 3554 5554 a)
3581 5486 4041 5539 ἐπικοινωνοῦντα

2459 5574 2534 5637 ὡς
2564 5574 2895 5640 συστατικὰς
2927 5575 3194 5647 διαφορὰς
3230 5578 3398 5646 αὐτῆς
3431 5578 3526 5630 καὶ
3570 5577 4039 5648 συμπληριινεικάς

855 5709 967 5779 (15)
1001 5710 1147 5767 idem
1181 5712 1306 5767 ibid.
1339 5727 1459 5783 cap.
1487 5711 1579 5779 15,
1611 5729 1664 5783 p.
1702 5714 1826 5782 554,
1859 5720 1993 5769 ιοιη.
2026 5714 2048 5768 l
2077 5711 2215 5782 Opp.
2241 5711 2375 5767 edit.
2413 5710 2617 5766 Bened.
