4192 6434
214 390 351 457 1265

1438 389 1950 450 AMBIGUORUM
1989 391 2232 450 LIBER.

3300 386 3432 450 1266

212 501 308 555 τοῦ
340 504 458 553 κατ’
484 500 655 568 αὐτὴν
689 500 815 569 ὅρου
845 496 1316 567 παραλαμϐάνειν.
1353 494 1582 549 Ἔπειτα
1610 496 1779 565 σοφώ-

1882 506 1940 550 υι
1978 496 2314 550 ditl‘erentias
2362 494 2532 562 ipsam
2574 496 2972 548 constituentes
3016 503 3073 548 et
3097 498 3437 565 complentes

206 609 370 662 τερον
409 590 722 660 συμπλέξας
777 590 959 651 αὐτοῖς
996 590 1060 640 ἐκ
1106 588 1206 656 τῆς
1256 586 1437 640 αὐτῶν
1463 588 1775 657 προτάσεως

212 682 573 752 συλλογισμὸν
622 678 940 750 περιτρέπει
998 677 1195 739 αὐτοὺς
1224 677 1451 738 ἑαυτοῖς.
1513 676 1668 744 Ἔχει
1720 676 1777 727 δὲ

207 772 426 835 οὕτως·
495 772 647 824 Ἐπεὶ
689 770 743 822 τί
794 768 996 822 κωλύει
1057 768 1200 837 κάμὲ
1255 767 1460 835 ταύτην
1513 768 1777 836 πρότασιν

209 865 581 934 ποιησάμενον
615 862 713 931 τὴν
762 862 865 923 ὅτι,
913 860 972 912 '0
1014 858 1203 928 Πατὴρ
1250 856 1449 927 μείζων
1487 860 1553 926 τῇ
1592 857 1773 924 φύσει,

207 957 405 1009 ἔπειτα
433 954 809 1025 προσλαωντα
838 952 920 1013 τὸ,
955 950 1121 1002 Φύσει
1152 950 1209 1002 δὲ
1237 950 1299 1002 οὐ
1344 949 1562 1008 πάντως
1594 944 1778 1016 μεῖξον

206 1048 332 1101 οὐδέ
381 1047 588 1117 Πατὴρ,
647 1043 895 1099 ἐντεῦθεν
951 1045 1297 1111 συναγαγεῖν,
1350 1043 1423 1094 Τὸ
1481 1040 1664 1111 μεῖξον
1716 1039 1776 1091 οὐ

209 1139 430 1198 πάντως
479 1136 684 1205 μεῖζον,
732 1134 791 1203 ἦ,
857 1133 916 1187 '0
970 1133 1162 1203 Πατὴρ
1191 1135 1252 1186 οὐ
1290 1133 1508 1195 πάντως
1564 1131 1774 1201 Πατήρ.

209 1228 357 1295 Πρὸς
387 1226 444 1278 δὲ
470 1226 532 1277 τὸ
562 1225 896 1294 σαφέστερον
931 1224 1061 1294 ἡμῖν
1106 1221 1357 1290 γενέσθαι
1394 1221 1489 1273 καὶ
1523 1236 1777 1273 συνεκτι-

205 1317 450 1383 κώτερον
496 1313 909 1383 διαγράφωμεν,
964 1315 1011 1366 si
1042 1313 1208 1377 δοκεῖ,
1254 1313 1493 1381 σχήματι
1524 1311 1584 1363 τὺ
1622 1310 1776 1378 λεγό-

210 1423 397 1474 μενον,
428 1409 491 1459 ἐκ
521 1407 620 1475 μὲν
645 1407 743 1475 τῆς
774 1407 883 1459 τῶν
909 1405 1163 1457 ἐναντίων
1190 1404 1587 1472 ἐπιχειρήσεως
1612 1403 1777 1471 ἀρχό-

209 1512 387 1565 μενοι,
414 1497 492 1559 είς
515 1496 571 1550 δὲ
601 1497 703 1565 τὴν
727 1494 822 1549 τοῦ
851 1495 1061 1566 [ἰατρὸς
1086 1492 1491 1554 καταπαύοντες
1523 1492 1778 1545 διδασκα-

206 1588 352 1643 λίαν.

282 1678 550 1747 Πρότασις
614 1677 929 1747 Ἀρειανῶν,
988 1678 1156 1746 ἦγουν
1223 1672 1593 1743 Εὐνομιανῶψ
1673 1693 1690 1723 ι
1717 1673 1777 1724 Εί

205 1768 369 1835 φύσει
401 1768 570 1831 αἴτιος
599 1769 626 1820 6
662 1767 848 1837 Πατὴρ
880 1765 974 1818 τοῦ
1003 1764 1157 1825 Υίοῦ,
1193 1764 1392 1833 μείζων
1433 1764 1490 1816 δὲ
1528 1765 1558 1816 6
1593 1764 1779 1832 Πατὴρ

202 1858 302 1911 τοῦ
340 1858 491 1921 Υίοὺ,
525 1858 724 1926 μείζων
744 1857 851 1924 ἄρα
884 1859 948 1925 τῇ
975 1854 1134 1924 φύσει
1170 1856 1199 1906 6
1227 1855 1417 1925 Πατὴρ
1444 1853 1537 1907 τοῦ
1571 1852 1721 1907 Υίοῦ.
1753 1872 1772 1904 ι

219 1947 494 2010 Ἑπίλυσις
537 1947 631 2000 τοῦ
684 1947 842 2015 ἁγίου
881 1947 1090 2016 [ἰατρὸς
1129 1946 1287 2016 ἡμῶν
1353 1946 1655 2016 Γρηγορίου
1690 1945 1778 1998 διὰ

196 2042 306 2108 τῆς
331 2042 408 2102 είς
436 2040 637 2093 ἄτοπον
664 2039 967 2108 ἀπαγωγῆς
1006 2036 1433 2107 περιτρέποντος
1462 2036 1587 2098 τοὺς
1620 2036 1778 2087 ἐναν-

201 2129 377 2191 τίους·
402 2147 420 2179 ι
442 2130 503 2181 Et
521 2128 681 2197 φύσει
704 2128 907 2199 μείζων
932 2127 1055 2181 καθ’
1073 2128 1217 2196 ὑμᾶς
1237 2128 1267 2179 6
1289 2126 1480 2196 Πατὴρ
1505 2125 1600 2180 τοῦ
1625 2126 1774 2187 Υίοῦ,

201 2217 269 2269 τὸ
295 2217 352 2270 δέ
391 2220 552 2286 φύσει
582 2220 644 2271 οὐ
684 2219 902 2279 πάντως
940 2216 1199 2287 μείζωνῆ
1237 2216 1450 2286 Πατὴρ,
1504 2216 1566 2268 τὸ
1594 2214 1779 2283 μεῖζον

201 2305 316 2376 ἄρα
330 2307 392 2359 οὐ
411 2308 627 2369 πάντως
660 2306 866 2376 μεῖξον,
895 2305 928 2373 ἢ
947 2307 977 2359 6
998 2302 1186 2374 Πατὴρ
1205 2304 1265 2356 οὐ
1288 2303 1503 2365 πάντως
1521 2301 1727 2371 Πατήρ.
1753 2320 1772 2352 ι

276 2483 434 2538 οὕτω
462 2484 881 2553 περιτρέπονται
910 2484 1022 2544 τοῖς
1063 2481 1287 2543 οἰκείοις
1327 2477 1631 2540 ἐαλωκότες
1665 2493 1761 2547 μη-

201 2576 518 2645 χανήμασιν
570 2577 618 2628 οί
674 2574 773 2642 τὴν
820 2572 1080 2643 ἀλήθειαν
1130 2571 1575 2639 ἀπαναινόμενοι,
1629 2570 1777 2623 κενοὶ

204 2669 380 2731 κενῶς
411 2669 511 2736 τῆς
548 2668 831 2729 εὐσεὸείας
874 2664 1307 2734 ἐκτιναχθέντες.
1354 2663 1482 2716 Ἐπὶ
1514 2664 1625 2732 γὰρ
1670 2664 1777 2715 τῶν

200 2759 464 2811 τοιούτων
507 2758 681 2825 λόγων
708 2756 777 2809 τὰ
818 2755 1264 2823 συμπεράσματα
1307 2752 1415 2805 τῶν
1459 2751 1777 2823 προτάσεων

202 2853 312 2902 εἰσι
341 2849 657 2912 συστατικὰ,
675 2848 785 2900 τῶν
807 2846 863 2900 δὲ
885 2844 1375 2913 συμπερασμάτων
1400 2846 1455 2895 αἱ
1485 2842 1777 2914 προτάσεις

203 2936 540 3008 ὑπάρχουσιν
577 2936 872 3006 ὁριστικαὶ,
916 2932 998 2995 οἷς
1027 2934 1515 3003 περιπεπτώκασιν
1550 2934 1615 2985 ἐκ
1645 2932 1776 2984 πο).-

199 3028 302 3096 λῆς
334 3026 575 3095 ἀμαθίας
608 3027 658 3079 οἱ
678 3026 902 3088 ἑαυτοὺς
931 3025 1170 3094 οἰόμενοι
1203 3022 1422 3090 σοφούς.

1878 590 1997 656 ejus
2018 587 2393 641 definitionem
2423 585 2734 639 admittere.
2770 586 2976 641 Deinde
3015 587 3322 655 sapientius
3342 592 3438 643 ad—

1872 675 2065 744 juncto
2096 676 2178 729 eis
2205 689 2271 728 ex
2300 673 2677 742 propositione
2702 674 2949 741 ipsorum
2970 675 3286 745 syllogismo
3338 693 3437 731 suo

1878 769 2122 837 ipsorum
2181 783 2278 823 eos
2324 767 2506 838 gladio
2537 767 2770 837 jugulat.
2804 768 2936 834 Quae
2982 769 3055 822 ita
3083 784 3143 823 se
3195 770 3436 824 habent:

1886 860 2135 928 «Alioqui
2164 858 2296 929 quid
2323 859 2582 928 prohibet
2617 859 2912 927 quominus
2955 859 3070 926 ipse
3098 873 3317 927 quoque
3364 862 3441 913 al-

1877 949 1985 1003 lata
2016 949 2120 1003 hac
2150 949 2524 1018 propositione
2552 966 2565 1001 :
2599 949 2761 1003 Pater
2802 948 2977 1017 major
3007 957 3204 1001 natura
3233 960 3336 1013 est,
3378 964 3442 1002 ac

1877 1038 2075 1093 deinde
2108 1045 2387 1106 assumpta
2408 1038 2600 1101 altera,
2633 1038 2837 1092 Natura
2862 1046 3047 1091 autem
3078 1040 3304 1092 omnino
3332 1055 3441 1091 non

1880 1123 2070 1193 major,
2100 1137 2201 1178 nec
2217 1124 2412 1188 Pater;
2440 1125 2514 1177 ita
2548 1133 2825 1192 postremo
2876 1126 3238 1179 concludam:
3273 1126 3445 1196 Majns

1879 1214 2048 1281 igitur
2080 1214 2307 1268 omnino
2327 1229 2436 1267 non
2464 1215 2661 1283 majus,
2690 1215 2796 1278 vel,
2847 1216 3007 1270 Pater
3055 1216 3293 1270 omnino‘
3332 1233 3444 1270 non

1880 1303 2060 1357 Pater.
2087 1323 2104 1353 ι
2145 1303 2348 1357 Verum
2370 1319 2481 1372 quo
2504 1304 2680 1372 magis
2706 1304 2864 1357 nobis
2899 1305 2992 1359 fiat
3009 1306 3369 1374 perspicuum
3389 1316 3446 1359 et

1877 1404 2339 1456 consummatum,
2371 1409 2487 1463 age,
2520 1395 2576 1447 in
2609 1394 2922 1457 formulam,
2969 1396 3015 1447 si
3075 1396 3273 1463 placet,
3302 1397 3447 1449 redi-

1878 1499 2071 1553 gamus
2098 1485 2247 1553 quod
2302 1485 2525 1549 dicitur,
2567 1485 2637 1538 ab
2663 1485 3106 1538 adversariorum
3157 1488 3446 1541 conamine

1881 1574 2225 1642 incipientes,
2256 1584 2312 1629 et
2337 1575 2392 1628 in
2420 1574 2599 1629 Patris
2630 1574 2940 1629 doctrinam
2982 1575 3325 1629 desinentes.

1950 1663 2256 1731 Propositio
2286 1664 2631 1727 Arianorum,
2652 1664 2768 1719 sive
2791 1667 3292 1720 Eunomianorum:
3330 1685 3348 1717 ι
3381 1668 3436 1720 Si
3492 1698 3493 1703 η

1881 1753 2043 1807 Pater
2090 1762 2285 1806 natura
2324 1753 2445 1806 Filii
2498 1763 2789 1817 causaest,
2824 1764 2881 1808 et
2913 1756 3086 1824 major
3113 1756 3276 1810 Pater
3308 1756 3449 1810 Filio

1880 1852 1983 1905 est,
2017 1844 2268 1911 sequitur
2298 1855 2357 1897 ut
2384 1844 2547 1898 Pater
2576 1853 2773 1898 natura
2793 1844 2932 1898 Filio
2969 1845 3143 1913 major
3165 1847 3256 1900 sit.
3288 1868 3306 1897 ι
3343 1848 3447 1902 So-

1883 1934 2020 1986 lutio
2054 1933 2226 1986 sancti
2255 1934 2426 1986 nostri
2483 1934 2657 2001 patris
2702 1934 2951 2005 Gregorii
3005 1936 3073 1990 ad
3140 1937 3446 1991 absurdqu

1878 2022 2205 2077 deducentis
2235 2037 2290 2077 et
2316 2024 2655 2080 confutantis
2679 2025 3027 2081 adversarios
3053 2028 3127 2082 ita
3158 2046 3172 2081 :
3213 2047 3230 2079 ι
3262 2028 3319 2083 Si
3350 2043 3448 2082 na-

1881 2122 2000 2167 tura
2030 2115 2334 2168 secundum
2369 2129 2465 2169 vos
2494 2115 2657 2169 Pater
2709 2117 2883 2184 major
2911 2127 2997 2171 est
3024 2118 3182 2183 Filio,
3223 2119 3279 2172 id
3312 2133 3455 2171 vero-

1877 2206 2023 2275 quod
2050 2216 2243 2259 natura
2270 2214 2356 2259 est
2412 2221 2762 2274 nequaquam
2798 2209 2978 2276 majus
3009 2218 3093 2263 est
3124 2209 3307 2273 Patre,
3358 2226 3448 2264 se-

1877 2297 2068 2366 quitur
2099 2305 2159 2350 ut
2186 2296 2364 2365 majus
2394 2296 2622 2349 omnino
2650 2307 2762 2350 non
2800 2298 2873 2351 sit
2904 2299 3100 2367 majus,
3133 2310 3231 2353 aut
3257 2308 3320 2354 ut
3347 2302 3448 2354 Pa—

1877 2395 1962 2440 ter
1988 2387 2215 2441 omnino
2242 2401 2352 2439 non
2402 2386 2564 2439 Pater
2586 2386 2677 2439 sit.
2718 2406 2735 2437 ι

1947 2478 2025 2532 Ita
2053 2475 2409 2530 confutantur
2451 2475 2568 2529 suis
2613 2475 2855 2544 ipsorum
2896 2477 3146 2533 artificiis
3171 2482 3316 2548 capti
3354 2498 3444 2534 ve-

1878 2569 2058 2623 ritatis
2086 2576 2456 2636 renegatores,
2504 2575 2560 2619 et
2603 2566 2753 2622 leves
2795 2568 2998 2637 pietate
3043 2570 3241 2624 leviter
3276 2588 3444 2625 exeu-

1876 2661 2111 2714 tiuntur.
2141 2658 2218 2713 De
2248 2658 2449 2712 talibus
2492 2659 2640 2712 enim
2689 2658 2854 2713 dictis
2900 2661 3285 2716 conclusiones
3314 2679 3446 2715 con-

1877 2752 2113 2806 stituunt
2148 2750 2572 2820 propositiones,
2625 2749 3013 2805 conclusiones
3071 2759 3256 2805 autem
3308 2753 3447 2808 deti-

1876 2842 2036 2895 niunt
2059 2842 2483 2911 propositiones,
2501 2841 2704 2911 quibus
2732 2857 2791 2896 se
2816 2842 3113 2896 induerunt
3131 2859 3231 2912 pro
3254 2861 3453 2913 magna

1877 2944 1974 2983 sua
2004 2928 2311 2999 ignorantia
2346 2928 2425 2983 illi
2451 2928 2547 2997 qui
2579 2928 2686 2984 sibi
2721 2930 3002 2998 sapientes
3029 2929 3161 2998 ipsis
3190 2929 3449 2985 videntur

1877 3034 2020 3074 esse.

207 3260 230 3292 ι
269 3242 466 3295 Ἔστω
517 3241 585 3294 δὲ
610 3242 709 3295 καὶ
741 3243 1059 3312 ἐνεργείας,
1097 3249 1150 3298 ει
1199 3244 1379 3311 δοκεῖ,
1415 3244 1558 3298 οὐδὲ
1586 3246 1775 3309 οὕτως

1886 3264 1903 3295 ι
1940 3243 2018 3299 Sit
2053 3244 2212 3295 etiam
2239 3243 2479 3304 actionis,
2514 3243 2557 3294 si
2588 3244 2664 3294 ita
2706 3243 2932 3306 videtur,
2984 3259 3075 3295 nec
3108 3248 3181 3296 sic
3236 3244 3445 3313 quidem

274 3329 433 3399 ἡμᾶς
453 3332 751 3400 αἱρήσετε.
804 3334 956 3387 Αὐτὸ
1000 3334 1069 3386 δὲ
1120 3334 1295 3388 τοῦτο
1335 3335 1668 3402 ἐγερτηκὼς
1696 3335 1774 3388 ἂν

272 3423 367 3487 ειη
397 3422 463 3475 τὸ
509 3424 853 3491 ὀμοούσιον,
888 3426 938 3476 εί
969 3424 1068 3476 καὶ
1104 3423 1325 3488 ἄτοπος
1343 3422 1543 3489 ἄλλως
1588 3424 1627 3491 ἠ
1663 3423 1772 3491 τῆς

276 3512 407 3580 περὶ
423 3513 596 3567 τοῦτο
617 3514 918 3584 ἐνεργείας
941 3516 1252 3583 ὑπόληψις
1289 3515 1423 3585 (id).
1463 3533 1482 3566 ι

289 3705 503 3775 Ἐπειδὴ
540 3706 588 3757 οί
609 3704 707 3775 τὴν
735 3703 985 3773 γλῶσσαν
1012 3704 1143 3757 ὡσεὶ
1173 3703 1333 3773 ξυρὸν
1353 3704 1493 3756 κατὰ
1514 3704 1610 3772 τῆς
1640 3702 1772 3772 ἁλη-

199 3795 353 3859 Θείας
388 3795 735 3865 ἡκονημένην
770 3794 982 3865 ἔχοντες
1015 3794 1200 3862 ἔλεγον
1234 3793 1399 3862 δῆθεν
1433 3794 1765 3862 ἐρωτῶντες*

210 3886 276 3938 Ὃ
300 3888 487 3955 Πατὴρ
502 3886 688 3949 οὐσίας
712 3885 878 3951 ἐστὶν,
904 3885 937 3955 ἢ
974 3886 1254 3955 ἐνεργείας
1279 3885 1449 3952 ὄνομα
1472 3886 1656 3956 (206
1679 3886 1729 3954 ὁ)
1753 3902 1767 3950 ;

200 3980 293 4030 ἕνα
332 3978 381 4029 εί
428 3979 525 4047 μὲν
560 3979 803 4046 εἴπωμεν
828 3978 1016 4039 οὐσίας
1052 3977 1224 4044 ὄνομα
1260 3972 1401 4030 εἶναι
1450 3978 1528 4039 τὸ,
1559 3978 1766 4047 Πατὴρ,

198 4068 452 4123 ἐντεῦθεν
484 4068 826 4136 συναγάγωσι
861 4068 920 4120 τὸ
945 4067 1280 4137 ἐτεροούσιον
1320 4062 1460 4120 εἶναι
1489 4067 1566 4136 τῷ
1597 4068 1769 4136 Πατρὶ

197 4158 295 4209 τὸν
323 4158 467 4222 Υἱδν,
499 4158 575 4219 ὡς
597 4157 699 4226 τῆς
725 4157 896 4227 αὐτῆς
924 4157 1114 4219 οὐσίας
1147 4155 1240 4209 δύο
1271 4156 1346 4227 μὴ
1378 4158 1767 4226 ἐπιδεχομένης

198 4251 299 4303 καὶ
356 4249 586 4319 διάφορα
636 4248 842 4319 κυρίως
883 4249 1124 4317 ὀνόματα
1180 4249 1267 4317 (εἰ
1320 4249 1426 4319 γὰρ
1470 4251 1530 4301 τὸ
1580 4250 1768 4320 Πατὴρ

196 4341 391 4403 οὐσίας
442 4341 590 4393 ἐστὶν
626 4340 819 4409 ὄνομα,
867 4341 969 4393 οὐκ
998 4340 1064 4394 ἄν
1101 4356 1231 4392 ποτε
1272 4343 1371 4410 τῆς
1399 4341 1566 4410 αὐτῆς
1599 4341 1769 4411 ὄνομα

197 4434 287 4501 εἴη
321 4432 380 4483 τὸ
416 4431 543 4486 Υἱὸς
568 4430 607 4499 )·
667 4432 715 4483 εί
752 4431 809 4483 δὲ
847 4430 1146 4500 ἐνεργείας,
1202 4431 1386 4500 σαφῶς
1418 4431 1518 4485 τοῦΔ
1558 4434 1767 4503 Ila-:96;

199 4524 415 4593 ποίημα
446 4522 537 4574 τὸν
579 4523 698 4576 Υίὸν
739 4522 1136 4592 ὁμολογοῦντας
1183 4524 1450 4589 δείξωσιν,
1495 4524 1571 4588 ὡς
1617 4525 1769 4596 ἐνέρ-

196 4632 378 4684 γημα,
418 4614 557 4683 μετὰ
578 4615 639 4667 τὸ
669 4616 767 4683 τὴν
801 4615 1140 4685 κυριολεξίαν
1178 4615 1532 4679 ἀντιθετικῶς
1569 4617 1771 4683 διεξελ-

196 4707 317 4758 θεῖν
366 4706 566 4769 εὐθέως
627 4708 763 4775 πρὸς
792 4707 991 4769 αὐτοὺς
1017 4707 1110 4760 τὸν
1149 4707 1465 4761 διδάσκαλον
1511 4710 1769 4779 εἰρηκότα

195 4795 329 4848 οὐτε
361 4797 547 4857 οὐσίας
574 4790 711 4849 εἷναι
744 4798 805 4851 τὸ
837 4796 1034 4864 πατὴρ
1060 4797 1251 4867 ὄνομα,
1302 4798 1425 4851 οὔτε
1464 4799 1768 4869 ἐνεργείας,

195 4883 340 4936 ἀλλὰ
378 4884 635 4953 σχέσεως,
681 4886 896 4938 καὶτοῦ
931 4885 1049 4946 πῶς
1099 4885 1211 4954 ἔχει
1261 4887 1397 4956 πρὸς
1440 4887 1533 4939 τὸν
1576 4888 1703 4940 Υίὸν
1738 4891 1766 4942 6

198 4974 410 5043 Πατὴρ,
439 4975 472 5046 ἢ
502 4975 531 5026 6
555 4975 680 5037 Υίὸς
709 4976 845 5046 πρὸς
872 4976 962 5029 τὸν
1010 4977 1248 5047 Πατέρα,
1281 4978 1765 5048 συμπεριφορικῶς

195 5066 469 5134 ἐνήγαγεν
511 5066 702 5119 εἰπών·
766 5086 784 5118 ι
816 5068 995 5121 Ἔστω
1044 5071 1137 5122 καὶ
1187 5070 1488 5139 ἐνεργείας,
1534 5071 1582 5122 εί
1611 5070 1770 5123 τοῦτο

193 5157 365 5221 δοκεῖ,
393 5176 411 5209 ι
447 5158 541 5211 καὶ
584 5158 857 5229 ἐπιφέρει·
912 5178 931 5213 ‹
962 5161 1104 5213 Αὐτὸ
1150 5162 1208 5214 δὲ
1247 5161 1407 5214 τοῦτο
1445 5162 1769 5233 ἐνηργηκὼς

198 5249 268 5302 ἂν
319 5256 403 5320 εἰη
456 5251 516 5303 τὸ
553 5251 859 5321 ὁμοούσιον.
892 5272 910 5303 ›
965 5252 1087 5316 Πῶς
1122 5248 1218 5307 οὖν
1256 5255 1468 5322 ἐνεργεῖ
1494 5254 1553 5306 τὸ
1577 5254 1769 5321 ὁμοσύ-

198 5357 345 5405 ctov;
381 5339 612 5411 ζητήσαι
650 5359 734 5404 τις
779 5342 844 5396 ἂν
881 5343 1042 5413 τυχὸν
1073 5343 1179 5397 τῶν
1224 5345 1363 5411 ἄγαν
1407 5344 1767 5410 ἐξεταστικῶν

197 5434 296 5487 καὶ
348 5434 512 5503 μηδὲν
553 5434 661 5485 τῶν
710 5435 1097 5504 συμφερόντων
1141 5437 1356 5503 ἀγνοεῖν
1401 5437 1763 5506 ἀνεχομένων.

194 5519 373 5574 Τοῦτο
418 5521 474 5574 δὲ
524 5522 668 5575 κατὰ
695 5521 898 5574 τοιόνδε
942 5523 1144 5593 τρόπον
1180 5523 1625 5594 ὀμαλισθήσεται.
1661 5524 1765 5577 Δύο

200 5612 429 5668 ιιαθόλου
478 5614 576 5677 τὰς
625 5612 902 5684 ἐνεργείας
951 5610 1092 5668 εἷναί
1154 5632 1318 5684 φασιν
1357 5619 1415 5668 ἐν
1461 5619 1573 5679 τοῖς
1618 5616 1760 5683 οὖσι,

1948 3348 2164 3386 causam
2209 3331 2518 3385 obtinebitis.
2569 3330 2766 3384 Eodem
2813 3332 2951 3384 enim
3015 3332 3167 3384 modo
3218 3333 3447 3387 dicemus

1948 3425 2042 3477 hoc
2073 3421 2243 3491 ipsum
2260 3422 2421 3491 egisse
2462 3420 2677 3473 Patrem
2701 3460 2714 3482 ,
2753 3430 2811 3473 ut
2852 3421 3313 3476 consubstantith
3347 3425 3450 3493 ipsi

1947 3512 2109 3566 Filius
2140 3520 2291 3574 esset;
2340 3510 2436 3563 etsi
2492 3509 2729 3579 alioquin
2774 3510 3095 3563 absurditate
3125 3528 3229 3564 non
3287 3524 3431 3567 caret

1947 3603 2245 3675 hujusmodi
2289 3602 2509 3655 actionis
2534 3602 2775 3670 opinioh

1946 3714 2051 3781 Qui
2081 3713 2322 3782 linguam
2350 3720 2608 3780 tanquam
2645 3713 2969 3765 novaculam
3009 3720 3205 3767 contra
3242 3715 3447 3769 verita-

1878 3816 1986 3859 tem
2038 3813 2255 3857 acutam
2302 3802 2508 3855 habent
2564 3816 2693 3854 eum
2731 3802 3003 3865 dicerent,
3042 3804 3447 3873 interrogantes

1876 3895 2140 3948 nimirum
2166 3910 2178 3944 :
2205 3892 2365 3945 Pater
2385 3889 2711 3945 essentisene
2727 3898 2833 3954 est,
2854 3906 2924 3944 an
2950 3892 3187 3946 actionis
3205 3909 3405 3948 nomen
3429 3901 3445 3945 ;'

1876 3995 1956 4047 ut,
2008 3983 2055 4037 si
2114 3981 2377 4035 cssentiae
2429 3981 2654 4049 quidem
2719 3995 2921 4035 nomen
2988 3997 3111 4036 esse
3167 4002 3185 4034 ι
3222 3983 3382 4038 Pater
3420 4006 3436 4034 ι

1876 4074 2245 4136 statuerimus,
2312 4072 2437 4127 inde
2519 4072 2711 4126 alienae
2785 4088 2816 4125 a
2887 4073 3046 4127 Patre
3125 4074 3443 4129 substantiae

1879 4168 2072 4221 Filium
2144 4181 2266 4219 esse
2360 4165 2644 4233 colligant,
2706 4164 2855 4233 quod
2928 4165 3149 4219 eadem.
3188 4172 3445 4220 substan-

1877 4258 1951 4311 tia
1987 4257 2096 4311 duo
2133 4265 2191 4309 et
2252 4256 2471 4309 diversa
2521 4254 2744 4324 proprie
2803 4255 2951 4309 haud
2998 4257 3181 4324 capiat
3222 4257 3445 4311 nomina

1877 4346 2023 4413 (nam
2049 4344 2099 4398 si
2124 4344 2287 4398 Pater
2304 4344 2557 4398 essentia:
2576 4351 2661 4397 est
2687 4354 2913 4405 nomen,
2933 4358 3279 4413 nequaquam
3303 4346 3447 4414 ejus-

1875 4436 2001 4490 dem
2031 4435 2105 4490 sit
2139 4455 2156 4485 ι
2200 4435 2398 4489 Filius»
2426 4450 2629 4489 nomen
2674 4434 2715 4503 ),
2757 4433 2843 4488 sin
2877 4434 3136 4497 actionis,
3175 4445 3237 4489 ut
3297 4437 3443 4490 clare

1876 4534 2038 4594 atque
2068 4534 2254 4595 aperte
2293 4526 2491 4579 Filium
2550 4523 2729 4579 Patris
2768 4526 3148 4580 conditionem
3200 4534 3443 4580 statuere

1873 4631 1996 4679 nos,
2045 4615 2195 4669 velut
2246 4614 2464 4670 actione
2488 4614 2810 4677 conflatum,
2839 4615 3132 4669 ostendere
3179 4616 3439 4679 habeant.

1873 4716 2159 4775 postquam
2191 4704 2259 4758 de
2291 4706 2532 4774 propriis
2576 4704 2895 4758 nominibus
2918 4714 3109 4759 contra
3147 4705 3443 4775 disputavit

1874 4798 2130 4867 magister
2183 4794 2479 4865 statimque
2543 4796 2683 4850 dixit
2726 4813 2906 4866 neque
2956 4797 3206 4851 essentia:
3270 4797 3445 4851 Patris

1871 4901 2071 4940 nomen
2130 4900 2286 4948 esse,
2333 4899 2512 4953 neque
2563 4885 2816 4947 actionis,
2875 4887 2971 4940 sed
3028 4886 3328 4950 relationis,
3390 4898 3445 4941 et

1864 4973 2139 5043 quomodo
2197 4973 2266 5026 ad
2301 4972 2499 5027 Filium
2551 4990 2609 5028 se
2646 4974 2829 5038 Pater,
2910 4984 3006 5029 aut
3048 4976 3218 5029 Filius
3243 4975 3311 5029 ad
3345 4977 3443 5030 Ba-

1878 5077 2014 5120 trem
2051 5079 2107 5118 se
2132 5063 2354 5128 habeat,
2394 5064 2628 5118 comiter
2652 5064 2817 5119 infert
2844 5064 3037 5119 dicens
3068 5082 3080 5117 :
3118 5083 3135 5115 ι
3161 5065 3244 5118 Sit
3272 5065 3441 5119 etiam

1873 5158 2124 5218 actionis,
2157 5155 2203 5210 si
2229 5156 2301 5209 ita
2334 5155 2571 5219 videtur,
2600 5164 2655 5210 et
2679 5155 2862 5221 addit,
2886 5156 3122 5210 «Eodem
3150 5158 3299 5211 enim
3321 5173 3432 5211 mo-

1873 5253 1943 5307 do
1963 5252 2207 5306 dicemus
2232 5250 2527 5319 hocipsum
2551 5249 2727 5319 egisse
2750 5250 3053 5304 Patrem-ut
3081 5248 3449 5304 consubstanv

1876 5342 2022 5397 tialis
2058 5339 2159 5410 ipsi
2185 5341 2357 5395 Filius
2380 5347 2545 5394 esset.
2595 5357 2614 5390 ι
2660 5336 2949 5405 Quomodo
3000 5338 3188 5407 igitur,
3229 5349 3433 5406 quaaret

1875 5436 2105 5489 fortasse
2141 5434 2343 5502 aliquis
2381 5432 2658 5487 curiosior
2703 5439 2761 5485 et
2810 5430 2947 5484 nihil
2988 5429 3134 5497 quod
3201 5429 3335 5482 utile
3368 5429 3441 5483 sit

1871 5528 2124 5597 ignorare
2150 5523 2450 5587 sustinens,
2474 5522 2753 5592 quomodo
2776 5521 2886 5591 agit
2910 5530 2970 5574 ut
2998 5519 3445 5575 consubstantia-

1870 5617 1937 5671 lis
1969 5615 2141 5670 Filius
2178 5614 2249 5671 sit
2274 5614 2298 5667 ?
2326 5611 2480 5680 Quod
2528 5612 2633 5669 hoc
2662 5612 2776 5667 fere
2835 5610 2995 5665 modo
3033 5608 3438 5680 explanabitur.

266 5748 382 5824 (14)
409 5750 556 5807 Idem
584 5753 708 5808 ibid.
734 5770 854 5825 cap.
900 5753 982 5820 16,
1015 5769 1071 5824 p.
1102 5752 1225 5819 5'55,
1264 5760 1395 5807 tom.
1425 5752 1463 5806 1.
1492 5751 1631 5823 Opp.
1669 5751 1759 5809 ed.
1794 5751 1994 5807 Bened.
