4192 6434
759 348 890 414 1267

1910 354 1970 410 ὃ.
2012 350 2293 411 ΜΑΧΙΜΙ
2330 349 2832 411 (ΣΠΝΒἙΞΒΟΒΙΞ

3859 343 3997 410 1268

755 468 897 520 Duas
950 467 1003 521 in
1052 466 1367 520 universum
1431 468 1673 520 actiones
1735 466 1787 518 in
1842 466 2005 520 rebus
2033 476 2320 525 statuunt.

2430 467 2557 535 μίαν
2591 469 2687 535 μὲν
2720 468 2819 535 τὴν
2845 468 3193 536 προάγουσαν
3232 467 3296 519 ἐκ
3332 465 3437 518 τῶν
3458 464 3625 518 ὄντων
3654 466 3902 533 φυσικῶς
3926 466 3994 517 τὰ

753 572 985 625 quarum
1018 572 1121 609 una
1152 564 1239 610 est
1267 571 1389 624 qua:
1415 572 1481 610 ex
1517 556 1584 609 iis
1632 571 1753 625 quae
1809 567 1938 609 sunt
1994 555 2321 609 naturaliter

754 655 1003 713 procreat
1031 661 1153 713 qua:
1180 645 1292 699 sint
1321 644 1573 715 ejusdem
1603 656 1656 699 et
1688 646 1904 715 generis
1959 656 2016 700 et
2045 648 2319 711 essentia,

751 730 969 799 sibique
1001 730 1136 799 ipsis
1189 730 1381 785 eadem
1431 732 1634 801 ultique
1662 743 1717 787 et
1748 735 2078 787 constantia.
2110 735 2185 789 De
2215 751 2321 803 qua

753 820 921 874 veluti
949 820 1290 890 morigerans
1318 825 1585 892 argutulis
1608 824 1716 877 illis
1745 834 1891 878 recte
1912 825 2189 894 magister,
2211 841 2320 893 quo

754 912 1030 981 paulisper
1085 913 1278 967 saltem
1310 931 1340 968 α
1374 914 1801 983 blasphemando
1856 932 1951 971 eos
2005 916 2317 985 prohibeat,

753 1001 888 1054 dicit
924 1020 937 1054 :
978 1021 995 1052 ί
1031 1002 1164 1057 Esto
1195 1019 1327 1058 vero
1357 1004 1655 1058 secundum
1687 1020 1803 1069 vos,
1829 1024 1847 1057 ι
1871 1005 2175 1059 secundum
2204 1006 2319 1059 dis-

754 1093 1058 1160 putationis
1085 1094 1448 1163 suppositum,
1489 1115 1506 1145 ι
1541 1105 1662 1150 esto
1688 1097 1850 1150 etiam
1880 1096 2109 1150 actionis
2124 1112 2320 1150 nomen

753 1183 964 1247 Patent
1000 1192 1056 1238 et
1078 1183 1161 1240 his
1190 1185 1499 1256 subjuugit:
1539 1206 1555 1236 ι
1580 1187 1783 1241 Eodem
1810 1189 1954 1240 enim
1985 1187 2147 1241 modo
2175 1186 2324 1240 dice-

754 1288 878 1325 mvs
906 1273 1009 1326 hoc
1038 1273 1213 1342 ipsum
1244 1275 1420 1344 egisse
1445 1276 1680 1339 Patrem;
1713 1295 1729 1324 ι
1769 1275 1819 1327 id
1851 1286 1935 1329 est
1966 1285 2024 1329 ut
2080 1277 2321 1329 consuli-

750 1365 1026 1419 stantialis
1054 1366 1155 1434 ipsi
1186 1367 1361 1421 Filius
1384 1377 1549 1427 esset.
1584 1375 1840 1436 uniquant
1881 1368 2125 1422 elIiceret
2152 1369 2323 1421 actio-

752 1473 874 1509 netn
908 1458 1277 1511 essentialiter
1318 1459 1657 1512 subslantem
1688 1468 1745 1511 et
1799 1459 2094 1521 viventem,
2127 1475 2318 1527 quem-

751 1547 1042 1601 admodum
1073 1558 1127 1601 ct
1169 1549 1485 1602 Sermonem
1517 1546 1758 1615 profecto
1788 1548 1968 1599 vivum
2001 1556 2055 1599 ct
2086 1557 2321 1615 potesta-

754 1649 861 1691 tem
895 1647 949 1691 et
970 1639 1294 1707 sapientiam
1344 1655 1438 1707 per
1456 1639 2052 1707 seipsamsubstautent
2075 1639 2318 1705 unigeni-

754 1740 867 1783 tum
899 1731 994 1785 Dei
1035 1732 1428 1785 b‘ermoncmet
1458 1731 1652 1784 Filium
1676 1730 1849 1783 Patris
1871 1729 2042 1781 divini
2068 1729 2317 1782 veritatis

2424 558 2662 626 ὁμογενῆ
2721 559 2814 610 καὶ
2865 558 3125 627 ὁμοούσια
3170 557 3260 608 καὶ
3311 558 3524 617 ἑαυτοῖς
3577 562 3756 622 πάντη
3796 556 3993 607 ταῦτα.

2425 646 2560 698 Καθ’
2591 648 2657 716 ἢν
2700 647 3186 717 συμπεριενεχθεὶς
3215 649 3325 708 τοῖς
3356 646 3702 714 ὶογολέσχαις
3731 646 3995 707 ἐπιεικῶς

2424 737 2560 805 πρὸς
2586 738 2646 789 τὸ
2684 739 2877 807 μικρὸν
2922 736 3053 803 γοῦν
3086 738 3331 805 ἐπισχεῖν
3360 737 3556 797 αὑτοὺς
3599 734 3695 787 τοῦ
3744 735 3992 803 βλασφη-

2426 830 2548 895 μεῖν
2576 845 2739 897 φησιν
2779 830 2805 881 ό
2850 828 3187 890 διδάσκαλος,
3246 847 3262 878 ι
3294 827 3475 879 Ἔστω
3503 827 3557 879 δὲ
3591 826 3713 878 καθ’
3763 828 3929 895 ὑμᾶς,
3970 844 3988 875 s

2424 920 2562 971 κατά
2585 920 2674 970 τὸν
2714 919 3045 972 ἀποὼθέντα
3078 920 3277 970 σκοπὸν
3301 916 3395 969 τοῦ
3435 918 3616 985 λόγου,
3662 936 3679 966 ι
3704 918 3797 969 καὶ
3843 919 3993 983 ἐνερ-

2422 1009 2574 1076 γείας
2600 1010 2770 1077 (ονομα
2802 1013 2830 1060 ὁ
2862 1010 3069 1078 Πατήρ.
3104 1003 3200 1070 Οἷς
3234 1010 3451 1074 ὲπάγει·
3512 1026 3530 1057 ι
3555 1008 3698 1059 Δὺτὸ
3746 1008 3802 1059 δὲ
3838 1006 3996 1059 τοῦτο

2422 1098 2741 1169 ὲνηργηκὼς
2770 1098 2835 1151 ἀν
2868 1099 2953 1167 εἴη
2980 1101 3008 1151 ὁ
3040 1098 3281 1167 Πατὴρ.»
3317 1096 3559 1167 δηλονότι
3592 1097 3652 1147 τὸ
3682 1097 3992 1164 ὁμοούσιον,

2420 1190 2495 1252 ὡς
2515 1191 2792 1259 ἐνέργειαν
2815 1188 3085 1250 οὑσιωδῶς
3105 1188 3424 1255 ὑφεστῶσαν
3453 1189 3549 1239 καὶ
3584 1186 3785 1251 ζῶσαν,
3804 1189 3995 1254 ὡσπερ

2422 1283 2515 1334 οῦν
2544 1280 2739 1348 ἀμέλει
2774 1281 2870 1332 καὶ
2898 1280 3055 1347 λόγον
3077 1279 3255 1343 ζῶντα
3289 1279 3381 1332 καὶ
3417 1278 3645 1347 δύναμιν
3669 1280 3766 1332 καὶ
3802 1276 3997 1344 σοφίαν

2421 1372 2834 1423 αὑΘυπόστατον
2882 1370 2973 1421 τὸν
3021 1370 3285 1437 μονογενῆ
3336 1370 3474 1420 Θεοῦ
3517 1370 3685 1436 Λόγον
3730 1369 3822 1421 καὶ
3866 1367 3995 1418 Υἱὶν

2420 1460 2514 1512 τοῦ
2569 1460 2783 1527 Πατρὸς
2830 1461 3117 1530 εἰρήκασιν
3164 1460 3212 1510 οί
3261 1458 3553 1527 οεόερρονες
3588 1458 3685 1525 τῆς
3734 1456 3996 1525 ἀληθείας

2419 1551 2747 1604 διδάσκαλοι.
2795 1552 2905 1619 Τὴν
2961 1551 3018 1602 δὲ
3063 1550 3255 1617 ἑτέραν
3314 1549 3593 1620 ἰνέργειάν
3642 1564 3807 1614 φασιν
3854 1542 3993 1598 εἶναι

2420 1644 2526 1695 τῶν
2562 1644 2719 1704 ἐκτὸς
2754 1641 3184 1711 ἀπεργαστικὴν,
3222 1642 3339 1693 καθ’
3383 1643 3448 1708 ἢν
3482 1640 3608 1709 περί
3641 1657 3692 1692 τι
3720 1639 3827 1689 τῶν
3860 1637 3984 1701 ἔξω.

2423 1731 2513 1784 οεν
2543 1731 2733 1799 (207
2763 1734 2826 1795 a)
2866 1731 2961 1782 καὶ
3011 1730 3362 1798 ἑτεροονσίων
3416 1729 3653 1797 ἐνεργῶν
3698 1745 3779 1789 τις
3806 1726 3996 1792 ἕτερόν

751 1824 1007 1875 doctores
1024 1821 1302 1875 dixerunt.
1326 1822 1563 1875 Alteram
1594 1830 1773 1875 autem
1805 1821 2077 1874 actionem
2108 1820 2175 1873 ad
2219 1836 2314 1873 es-

2428 1839 2465 1873 rt
2497 1825 2595 1891 τῆς
2623 1821 2757 1883 ἰδίας
2788 1821 2973 1883 οὐσίας
3002 1819 3279 1888 ἀλλότριον
3304 1822 3365 1871 ἐκ
3387 1818 3830 1887 προὺποκειμὲνη
3864 1817 3997 1883 ὕλης

755 1921 910 1967 terna
938 1913 1221 1967 ellicicnda
1254 1914 1527 1983 pertinere
1558 1920 1828 1974 statuunt,
1868 1928 1974 1980 qua
2014 1912 2139 1980 quis
2167 1904 2309 1964 circa

752 2013 1038 2059 externum
1069 2004 1275 2071 aliquid
1305 2012 1361 2058 et
1389 2006 1579 2058 alienae
1606 2005 1856 2059 essentia:
1884 2020 2050 2073 agens
2072 2003 2310 2057 alienum

750 2093 883 2164 quid
913 2110 943 2147 a
973 2093 1195 2163 pr0pria
1226 2095 1463 2148 essentia
1493 2103 1658 2164 atque
1687 2095 1964 2148 diversum
1992 2110 2059 2147 ex
2091 2094 2318 2147 materia

745 2185 855 2253 jam
889 2185 1037 2253 prius
1070 2186 1371 2239 exsistente
1402 2185 1659 2237 instituit.
1713 2185 1860 2238 Hanc
1906 2194 2087 2237 autem
2145 2185 2322 2237 actio-

754 2292 878 2330 nem
896 2292 1021 2330 cum
1044 2278 1258 2331 artibus
1281 2276 1578 2330 secundum
1598 2276 1883 2328 scientiam
1916 2274 2314 2327 communicari

749 2379 807 2424 et
834 2370 1191 2439 compositam
1222 2384 1342 2423 esse
1384 2368 1557 2420 aiunt.
1591 2370 1665 2421 De
1695 2383 1801 2436 qua
1832 2367 2051 2421 divinus
2076 2367 2267 2421 doctor
2303 2385 2315 2419 :

757 2482 776 2515 ι
800 2464 934 2525 Etsi,
965 2460 1419 2530 iuquit,alioquiu
1436 2458 1771 2513 absurditate
1792 2473 1899 2511 non
1924 2466 2092 2520 caret,
2114 2477 2130 2508 ι
2160 2458 2313 2527 juxta

748 2568 912 2622 quam
952 2550 1210 2604 videlicet
1238 2548 1507 2603 rationem
1535 2556 1754 2616 accepta
1801 2556 1907 2607 est.
1942 2566 1959 2597 ι
2000 2548 2313 2618 hujusmodi

751 2642 985 2697 actionis
1029 2641 1239 2712 opinio,
1276 2660 1294 2691 ι
1350 2639 1654 2709 ρηςοηίιιι
1695 2639 1739 2693 si
1781 2639 1849 2693 de
1884 2640 2041 2693 Patre
2091 2648 2147 2693 et
2176 2638 2314 2693 Filio

752 2733 1038 2802 accipitur,
1082 2733 1152 2787 de
1196 2732 1401 2802 quibus
1440 2746 1509 2785 ne
1562 2731 1804 2800 priorem
1838 2731 2059 2800 quidem
2090 2732 2314 2800 proprie

2414 1911 2557 1974 τινὸς
2592 1911 3017 1974 κατασκευάζει.
3052 1909 3267 1979 Ταύτην
3306 1910 3362 1962 δὲ
3402 1909 3500 1979 τὴν
3547 1909 3827 1979 ἐνέργειαν
3874 1910 3997 1966 ταῖς

2415 2003 2631 2072 τέχναις
2676 2002 3112 2071 ὲπιστημονικῶς
3146 2000 3471 2068 συγκεῖσοαί
3501 2018 3652 2068 φασι.
3698 2000 3837 2067 Περὶ
3877 1995 3943 2068 ἧς
3968 2002 3997 2050 ὁ

2419 2095 2661 2163 Θεόιρρων
2685 2092 3006 2154 διδάσκαλός
3032 2108 3189 2161 φησι,
3236 2113 3251 2143 ε
3280 2094 3343 2145 Εἰ
3378 2094 3469 2146 καὶ
3514 2094 3708 2153 ἄτοπος
3740 2092 3938 2153 ἄλλως,
3972 2109 3992 2140 ι

2420 2184 2549 2255 παρ’
2576 2186 2633 2238 ὂν
2664 2184 2871 2254 ἐλήφθη
2906 2184 3150 2253 δηλονότι
3178 2184 3400 2251 τρόπον,
3429 2204 3446 2234 ι
3470 2185 3533 2235 'H
3551 2187 3652 2252 τῆς
3678 2184 3805 2252 περὶ
3836 2182 3999 2235 τοῦτο

2418 2277 2698 2346 ἐνεργείας
2730 2275 3055 2343 ὑπόληψις,ι
3111 2273 3205 2326 καὶ
3249 2275 3483 2343 μάλιστα
3517 2275 3609 2327 ἐπὶ
3645 2274 3863 2343 Πατρός
3896 2274 3995 2325 καὶ

2422 2366 2551 2418 Υἱοῦ
2577 2365 3017 2435 λαμϐανομένης,
3047 2364 3130 2433 ἐφ’
3156 2360 3231 2417 ὧν
3260 2364 3382 2417 οὐδὲ
3410 2365 3509 2433 τὴν
3534 2364 3755 2435 πρώτην
3782 2364 3993 2432 κυρίως

2420 2456 2676 2522 δέξασθαι
2712 2459 2741 2510 ὁ
2772 2458 3003 2526 εὐσεϐὴς
3040 2458 3295 2529 ἀνέχεται
3337 2457 3484 2521 νοῦς,
3518 2457 3608 2510 διὰ
3638 2458 3700 2509 τὸ
3725 2457 3820 2508 καὶ
3854 2454 4001 2523 ὑπὲρ

2420 2549 2623 2619 ταύτην
2652 2545 2792 2603 εἶναι
2815 2551 2913 2620 τὴν
2944 2551 3009 2603 ἐκ
3032 2550 3126 2602 τοῦ
3176 2550 3387 2619 Πατρδς
3423 2549 3518 2603 καὶ
3551 2549 3668 2618 ἅμα
3704 2548 3783 2617 τῷ
3819 2549 4003 2617 Πατρὶ

2387 2694 2393 2702 ,
2421 2643 2515 2694 καὶ
2543 2644 2600 2694 ὲν
2628 2642 2708 2711 τῷ
2740 2644 2917 2709 Πατρῖ⁵
2947 2642 3223 2712 ἄφραστον
3251 2642 3344 2695 καὶ
3374 2641 3730 2712 ἀπερινόητον
3760 2639 4005 2709 ὓπαρξιν

2421 2732 2516 2785 τοῦ
2554 2732 2913 2802 Μονογενοῦς.

750 2824 1019 2878 actionem
1063 2832 1303 2877 statuere
1353 2837 1455 2876 nos
1492 2821 1613 2890 pius
1664 2836 1858 2875 sensus
1900 2821 2130 2889 patitur,
2174 2831 2459 2888 propterea
2490 2822 2637 2890 quod
2691 2823 2855 2876 etiam
2892 2824 3033 2877 hanc
3072 2831 3300 2891 superat
3337 2822 3633 2877 ineﬂahilis
3680 2832 3737 2876 et
3776 2824 3998 2876 incom-

753 2913 1143 2983 prehensibilis
1168 2912 1441 2982 Unigeniti
1475 2913 1801 2975 substantia,
1833 2927 1937 2980 qua
1976 2926 2042 2965 ex
2073 2912 2229 2965 Patre
2254 2920 2461 2965 etcum
2490 2914 2650 2969 Patre
2672 2924 2724 2969 et
2754 2916 2807 2968 in
2844 2916 3005 2969 Patre
3044 2923 3149 2968 est.

754 3121 837 3177 Ea:
863 3123 1088 3176 secundo
1119 3122 1180 3175 de
1206 3120 1339 3175 Filio
1373 3136 1629 3182 sermone,
1660 3121 1713 3172 in
1752 3118 1885 3172 illud
1913 3135 1930 3172 :
1976 3138 1993 3169 ι
2029 3120 2165 3172 Deus
2199 3137 2317 3173 vero

2433 3123 2533 3175 Ἐκ
2588 3122 2696 3174 τοῦ
2740 3122 2801 3184 β’
2850 3121 2981 3189 περὶ
3023 3120 3158 3174 Ποῦ
3185 3122 3394 3188 λόγου,
3442 3122 3529 3183 είς
3576 3120 3661 3171 τό·
3708 3138 3726 3167 ἰ
3756 3118 3901 3182 Θεὸς
3939 3116 4011 3166 δὲ

823 3215 1033 3267 dicatur
1077 3231 1179 3267 non
1212 3214 1415 3266 ratione
1446 3212 1613 3275 Verbi,
1648 3212 1738 3264 sed
1780 3213 1945 3280 partis
1970 3228 2085 3280 qua:
2113 3214 2165 3265 in
2197 3228 2321 3265 ocis--

824 3304 997 3359 lorum
1027 3320 1236 3357 sensum
1275 3302 1431 3354 cadit.
1483 3298 1595 3364 Quo
1634 3300 1771 3352 enim
1826 3300 1976 3352 modo
2019 3300 2185 3363 illius,
2235 3302 2323 3370 qui

827 3396 1038 3465 proprie
1070 3394 1206 3448 Deus
1229 3402 1303 3446 est
1334 3392 1471 3445 Deus
1512 3392 1613 3443 dici
1646 3392 1841 3460 queat?
1871 3389 2323 3455 Quemadmodum

825 3487 985 3542 Pater
1035 3504 1137 3540 non
1189 3486 1556 3546 humanitatis,
1592 3483 1681 3536 sed
1720 3482 1866 3535 Verbi
1923 3492 2173 3551 respectu.
2212 3483 2324 3536 Du-

824 3581 947 3650 plici
983 3580 1170 3650 quippe
1216 3588 1409 3631 natura
1438 3575 1744 3637 constabat;
1778 3590 1878 3643 quo
1919 3573 1980 3640 ﬁt
2010 3582 2066 3626 ut
2101 3575 2323 3628 alterum

828 3675 893 3727 de
943 3682 1159 3741 utroque
1198 3669 1408 3741 proprie
1464 3669 1692 3731 dicatur,
1745 3666 1975 3720 alterum
2021 3669 2323 3737 improprie.

827 3773 1013 3818 contra
1056 3780 1216 3833 quam
1255 3764 1310 3815 in
1359 3761 1501 3814 nobis
1551 3776 1607 3811 se
1642 3776 1723 3812 res
1770 3760 1941 3812 habet.
1995 3758 2134 3811 Deus
2190 3761 2326 3812 enim

828 3857 1039 3924 proprie
1063 3864 1237 3907 uoster
1254 3853 1393 3906 Deus
1419 3861 1513 3912 est,
1544 3868 1643 3904 non
1672 3859 1849 3903 autem
1873 3852 2080 3919 proprie
2100 3850 2281 3906 Pater.
2304 3872 2319 3899 ι

838 3990 855 4021 ι
890 3971 1133 4022 Alterum
1170 3967 1392 4036 proprie
1439 3966 1507 4021 de
1550 3973 1782 4032 utroque
1810 3984 1827 4013 ι
1867 3974 1949 4017 est
1990 3965 2326 4033 ponendum,

761 4071 816 4117 et
856 4062 923 4114 de
950 4062 1109 4115 Patre
1140 4066 1196 4112 et
1223 4059 1290 4113 de
1327 4058 1460 4119 Deo,
1507 4064 1569 4110 ut
1592 4070 1822 4123 quorum
1868 4064 2165 4123 utrumque
2199 4070 2326 4124 pro-

762 4152 875 4219 prie
908 4159 1087 4218 potest
1118 4150 1185 4202 de
1207 4149 1428 4204 Christo
1459 4147 1566 4199 dici
1595 4154 1822 4215 pr0pter
1852 4146 2171 4199 substantia:
2211 4147 2331 4199 uui-

762 4253 947 4296 tatem.
991 4241 1193 4295 Christi
1227 4241 1376 4294 enim
1418 4240 1581 4293 Pater
1623 4237 1847 4305 proprie
1888 4245 1971 4289 est
2008 4238 2169 4301 Deus,
2202 4237 2328 4305 quia

764 4332 933 4384 Filius
970 4340 1023 4383 ct
1071 4331 1215 4383 Deus
1254 4329 1447 4382 Sermo
1496 4336 1552 4381 et
1598 4317 1763 4379 unus.
1797 4337 1996 4379 sanctze
2046 4325 2331 4378 Trinitatis

761 4423 979 4476 exsistit
1029 4421 1113 4473 vel
1178 4429 1299 4488 post
1361 4418 1850 4481 carniﬁcatiouem,
1907 4428 1967 4470 ut
2022 4420 2187 4472 etiam
2235 4420 2326 4472 Dei

762 4514 1008 4583 ejusdem
1056 4512 1262 4567 Christi
1320 4526 1515 4565 rursus
1555 4520 1641 4565 est
1697 4510 1939 4579 proprie,
1984 4512 2112 4580 quia
2166 4511 2330 4564 homo

765 4619 952 4659 revera
982 4612 1067 4657 est
1095 4610 1321 4672 propter
1352 4615 1594 4660 carnem,
1635 4610 1689 4653 et
1723 4616 1866 4653 unus
1900 4600 2185 4653 hominum
2234 4616 2332 4669 ap-

765 4694 1111 4763 pellabatur;
1159 4707 1281 4760 qua:
1323 4690 1470 4744 enint
1505 4690 1744 4758 partium
1792 4700 1940 4751 sunt,
1973 4706 2034 4743 ea
2085 4691 2154 4743 de
2193 4701 2330 4752 toto,

764 4785 909 4854 quod
934 4784 1059 4837 inde
1090 4782 1362 4845 consistit,
1388 4780 1611 4849 proprie
1636 4780 2025 4849 praedicantur.
2055 4782 2182 4849 quia
2210 4798 2334 4851 pro-

763 4876 881 4945 prie
916 4874 1110 4943 recipit
1157 4887 1497 4943 quacunque
1538 4872 1864 4924 naturaliter
1910 4872 2179 4925 inltzereut
2209 4888 2334 4941 par-

764 4966 933 5027 tibus,
971 4964 1116 5018 unde
1163 4964 1329 5017 etiam
1374 4970 1649 5016 constant.
1708 4981 1723 5009 ι
1759 4962 2000 5014 Alterum
2033 4961 2333 5029 improprie

765 5060 834 5112 de
871 5067 1146 5125 utroque»
1194 5069 1348 5124 atque
1397 5052 1721 5123 capiendum
1757 5062 1841 5106 est
1881 5061 1933 5105 et
1984 5052 2052 5105 de
2104 5052 2215 5106 Deo
2278 5061 2329 5105 et

768 5151 837 5203 de
878 5149 1059 5207 Patre,
1106 5148 1235 5215 quia
1285 5155 1581 5213 utrumque
1627 5144 1953 5197 vocabulum
2000 5146 2068 5197 de
2113 5143 2335 5199 Christo

768 5240 990 5310 proprie
1030 5238 1140 5291 dici
1180 5238 1390 5305 nequit,
1428 5242 1653 5305 propter
1694 5235 1997 5287 naturalem
2034 5249 2227 5287 earum
2269 5250 2333 5287 ex

768 5332 973 5402 quibus
1022 5339 1077 5383 et
1120 5330 1175 5384 in
1208 5329 1410 5397 quibus
1444 5327 1694 5381 consistit
1723 5336 2041 5379 naturarum
2072 5324 2333 5380 dill‘eren-

768 5422 922 5477 tiam.
957 5420 1087 5487 Qua:
1118 5418 1266 5472 enim
1311 5418 1362 5471 ei
1410 5416 1557 5487 quod
1596 5416 1670 5469 'de
1709 5416 2107 5484 compositione
2163 5426 2333 5470 totum

768 5518 855 5568 est
893 5511 1174 5565 adhzerent
1202 5508 1271 5561 de
1304 5523 1411 5561 una
1441 5508 1678 5560 alterave
1718 5506 1958 5574 partium
1988 5520 2233 5569 suarum,
2272 5521 2334 5559 ea

772 5617 1053 5673 nunquam
1089 5600 1310 5671 proprie
1338 5597 1803 5670 praedicabantur.
1831 5616 1848 5647 ‹
1874 5596 2075 5651 Contra
2106 5616 2123 5646 ι
2158 5606 2337 5651 autem

2495 3214 2729 3282 λέγοιτο
2784 3213 2861 3267 ἂν
2890 3216 2962 3267 οὺ
2996 3213 3101 3266 τοῦ
3151 3214 3369 3280 Λόγου,
3423 3209 3527 3263 τοῦ
3573 3208 3876 3276 ἐρωμένου
3918 3206 4008 3257 δέ.

2497 3305 2630 3371 Πῶς
2672 3306 2782 3373 γὰρ
2835 3305 2929 3371 ειη
2977 3306 3081 3356 τοὺ
3141 3303 3358 3367 κυρίως
3394 3300 3543 3353 Θεοῦ
3587 3302 3762 3363 Θεός;
3800 3300 4011 3362 ὥσπερ

2497 3396 2596 3449 καί
2641 3396 2844 3464 Πατὴρ
2876 3397 2947 3448 οὐ
2997 3394 3103 3447 τοῦ
3145 3394 3465 3462 ὁρωμένου,
3506 3392 3611 3445 τοῦ
3672 3394 3865 3457 Λόγου
3920 3392 4009 3441 δέ.

2499 3488 2603 3541 Kal
2636 3488 2743 3557 γὰρ
2787 3483 2865 3555 ἦν
2907 3486 3179 3550 διπλοῦς,
3213 3484 3368 3537 ὥστε
3398 3484 3465 3537 τὸ
3499 3483 3614 3553 μὲν
3656 3482 3871 3547 κυρίως
3916 3482 4013 3530 ἐπ’

2497 3580 2740 3648 ἀμφοῖν,
2767 3579 2834 3632 τὸ
2863 3579 2930 3631 δὲ
2961 3580 3032 3632 οὐ
3056 3577 3272 3645 κυρίως
3290 3594 3303 3607 ⁸
3336 3576 3620 3641 ἐναντίως
3646 3575 3712 3626 δὲ
3836 3572 4017 3640 ὴμιῗιν

2499 3670 2644 3738 ἔχει.
2685 3669 2883 3739 Ἠμῶν
2912 3670 3020 3738 γὰρ
3057 3668 3271 3736 κυρίως
3306 3666 3447 3733 Θεὸς
3496 3670 3529 3721 ό
3568 3667 3730 3730 Θεὸς,
3779 3667 3850 3719 οὺ
3900 3683 4014 3717 κυ-

2494 3764 2639 3829 ρίως
2669 3762 2735 3814 δὲ
2771 3761 2970 3829 Πατήρ
3006 3760 3140 3829 (15).
3175 3780 3193 3811 ι

2504 3962 2577 4013 Τὸ
2611 3961 2706 4028 μὲν
2737 3960 2940 4028 κυρίως
2968 3961 3051 4010 ἐπ’
3073 3960 3273 4026 ἀμφοῖν
3293 3956 3495 4020 ῢετέον,
3519 3956 3633 4017 τοῦ,
3669 3954 3881 4020 Πατὴρ,
3918 3957 4017 4005 καὶ

2430 4050 2546 4112 τοῦ,
2578 4049 2728 4113 Θεὸς,
2753 4050 2827 4110 ὡς
2870 4050 3073 4116 ἀμφοῖν
3115 4046 3207 4099 ἐπὶ
3240 4044 3477 4115 Χριστοῦ
3513 4044 3717 4112 κυρίως
3750 4042 4019 4108 λέγεσθαι

2430 4140 2747 4209 δυναμένων
2786 4138 2874 4191 διὰ
2908 4137 3006 4207 τὴν
3063 4138 3193 4205 μίαν
3243 4136 3567 4188 ὑπόστασιν.
3610 4131 3848 4200 Χριστοῦ
3902 4132 4020 4199 γὰρ

2438 4235 2586 4300 [latin
2595 4250 2623 4303 ρ
2658 4232 2860 4301 κυρίως
2897 4231 3046 4283 ἐστὶν
3072 4231 3099 4282 ὁ
3125 4228 3279 4288 Θεὸς,
3302 4227 3377 4287 ὡς
3402 4225 3531 4278 Υίοῦ
3560 4227 3651 4277 καὶ
3673 4223 3806 4276 Θεοῦ
3831 4224 4021 4289 Λόγου

2434 4327 2527 4380 καὶ
2574 4325 2693 4389 ἑνὸς
2742 4325 2842 4393 τῆς
2893 4324 3051 4390 ἁγίας
3082 4320 3311 4387 Τριάδος
3362 4319 3697 4386 ὑπάρχοντος
3731 4316 3824 4367 καὶ
3871 4316 4020 4381 μετὰ

2435 4418 2531 4485 τὴν
2565 4416 2864 4484 σάρκωσιν,
2901 4414 2995 4467 καὶ
3031 4410 3167 4464 Θεοῦ
3204 4408 3300 4462 τοῦ
3344 4407 3510 4459 αὑτοῦ
3561 4406 3794 4475 Χριστοῦ
3848 4406 4021 4458 πάλιν

2438 4506 2639 4576 κυρίως
2661 4508 2827 4566 ἐστὶν,
2860 4505 2934 4565 ὡς
2968 4501 3255 4572 ἀνθρώπου
3284 4500 3428 4551 κατά
3457 4498 3712 4566 ἀλήθειαν
3730 4496 3891 4556 barro;
3928 4497 4022 4549 διὰ

2433 4600 2533 4667 τὴν
2566 4597 2765 4667 σάρκα,
2798 4598 2890 4648 καὶ
2920 4595 3036 4655 ἐνὸς
3070 4592 3178 4645 τῶν
3201 4591 3501 4660 ἀνθρώπων
3542 4586 3983 4657 χρηματίζοντος
4004 4604 4020 4617 ’

2434 4692 2501 4742 τὰ
2539 4691 2646 4757 γὰρ
2679 4690 2789 4740 τῶν
2832 4684 3014 4755 μερῶν
3040 4684 3132 4736 τοῦ
3186 4683 3247 4745 ἐξ
3282 4681 3462 4734 αὑτῶν
3490 4681 3612 4732 ὅλου
3644 4678 3853 4748 κυρίως
3897 4694 4023 4731 κατ-

2435 4781 2736 4846 ηγορεῖται,
2754 4778 2827 4838 ὠς
2844 4773 3231 4843 ἐπιδεχομένου
3250 4773 3426 4825 πάντα
3450 4770 3651 4838 κυρίως
3674 4769 3743 4820 τὰ
3768 4769 4026 4837 φυσικῶς

2442 4869 2713 4935 προσόντα
2747 4870 2857 4928 τοῖς
2895 4866 3139 4933 μέρεσιν,
3169 4862 3228 4924 ἐξ
3256 4855 3332 4912 ὧν
3357 4861 3446 4912 καὶ
3473 4860 3769 4928 ὑφέστηκε.
3812 4878 3833 4908 ι
3864 4859 3940 4910 Τὸ
3965 4858 4026 4910 δὲ

2447 4962 2497 5012 »ὑ
2528 4960 2730 5027 κυρίως
2756 4957 3017 5017 ὡσαύτως
3046 4954 3130 5006 ἐπ’
3164 4955 3368 5023 ἀμφοῖν
3394 4972 3413 5002 ι
3436 4950 3831 5019 ).ηπτέον,τοῦ,
3861 4950 4023 5010 Θεὸς,

2441 5050 2533 5103 καὶ
2580 5048 2944 5116 τοῦ,11ατὴρ,
3001 5046 3075 5108 ὡς
3139 5045 3343 5113 ἀμφοῖν
3392 5044 3485 5095 ἐπὶ
3519 5040 3759 5110 Χριστοῦ
3813 5041 4026 5107 κυρίως

2440 5138 2699 5208 λεχθῆναι
2734 5138 2807 5206 μὴ
2839 5136 3171 5200 δυναμένων,
3220 5134 3309 5185 διὰ
3340 5136 3436 5200 τὴν
3478 5133 3711 5198 φυσικὴν
3751 5130 4026 5198 διαφορὰν

2441 5230 2549 5284 τῶν
2581 5228 2637 5293 ἑξ
2661 5221 2735 5279 ὧν
2768 5228 2859 5278 καὶ
2886 5230 2941 5277 ὲν
2963 5220 3051 5289 αἶς
3083 5227 3379 5291 συνέστηκε
3410 5222 3645 5288 φύσεων.
3683 5220 3769 5272 Τὰ
3798 5218 3914 5287 γάρ
3943 5218 4025 5286 τῷ

2441 5321 2581 5374 κατά
2631 5319 2878 5372 σύνθεσιν
2931 5317 3034 5384 ὅλῳ
3083 5316 3353 5386 προσόντα
3388 5312 3617 5379 Θατέρου
3669 5310 3779 5361 τῶν
3821 5308 4025 5361 ἑαυτοῦ

2445 5413 2625 5483 μερῶν
2654 5412 2908 5467 οὐδέποτε
2950 5408 3152 5477 κυρίως
3199 5404 3734 5474 κατηγορηθήσεται.
3783 5421 3799 5450 ι
3828 5402 4023 5453 Ίιίναν-

2442 5505 2568 5567 τίως
2595 5523 2613 5553 ι
2650 5502 2706 5554 δὲ
2744 5502 2815 5570 «ἦ
2846 5501 2930 5567 ἐφ’
2970 5500 3125 5567 ἡμῶν
3387 5498 3445 5564 b)
3482 5496 3627 5563 ἔχει,
3668 5512 3685 5544 ι
3739 5493 4025 5544 τουτέστιν

2447 5594 2681 5663 ἔμπαλιν
2731 5592 2910 5654 καθὼς
2965 5590 3047 5657 ἐφ’
3102 5587 3256 5658 ἡμῶν
3309 5587 3444 5655 ἔχει.
3500 5583 3696 5638 Ἠνίκα
3757 5584 3871 5650 γαρ
3925 5581 4027 5652 τὴν

845 5748 955 5818 (ίὸ)
985 5747 1146 5817 Creg.
1171 5744 1420 5802 Nazianz.
1450 5743 1601 5798 Orat.
1633 5742 1827 5797 Theol.
1868 5740 1953 5799 IV.
1988 5742 2052 5795 de
2081 5741 2236 5799 Filio.
2271 5756 2388 5808 cup.
2424 5741 2475 5799 8,
2509 5754 2561 5807 ιι.
2590 5736 2713 5801 535,
2756 5743 2889 5790 tem.
2926 5734 2945 5787 Ι
2976 5731 3112 5801 Opp.
3148 5729 3280 5785 edit.
3313 5724 3517 5781 Bened.
