4192 6434
174 378 302 445 1969

1382 391 1891 453 AMBIGUORUM
1933 393 2004 451 LI
2016 394 2179 453 BER.

3241 390 3376 453 1270

166 492 425 561 διαφορὰν
454 492 643 560 θεωρῶ
678 492 785 545 τῶν
814 492 1049 560 φύσεων,
1108 497 1200 549 καὶ
1239 497 1337 565 τὴν
1385 498 1566 552 αὑτῶν
1604 500 1721 553 κατ’
1750 504 1794 561 Α

1832 516 1850 549 ι
1881 514 2041 567 quam
2077 501 2133 552 in
2174 502 2330 552 nobis
2359 514 2415 551 se
2462 514 2549 551 res
2581 498 2765 558 habet,
2794 516 2812 548 ι
2854 496 2961 549 hoc
2983 502 3070 548 est
3092 508 3288 548 rursus
3316 503 3378 549 ut

166 582 404 634 ἐπίνοιαν
438 582 698 650 ποιοῦμαι
734 584 1025 653 διάκρισιν,
1062 585 1122 636 οὑ
1156 585 1388 655 δύναμαι
1413 586 1474 640 τὸ
1497 589 1582 641 ἐπ’
1616 592 1723 656 άμ-

166 672 284 735 φοῖν
305 669 509 739 κυρίως
522 670 750 732 τιθέναι,
767 671 883 733 τοῦ,
912 673 1120 741 Πατήρ,
1145 675 1288 744 φημὶ
1312 676 1403 727 καὶ
1424 677 1540 730 τοῦ.
1567 677 1717 740 Θεός.

162 762 237 812 υὺ
272 760 383 830 γὰρ
429 762 632 830 κυρίως
661 761 753 813 τοῦ
786 763 958 829 Λόγου
988 762 1120 825 Θεός
1150 767 1295 816 ἐστιν
1338 769 1366 818 ό
1408 768 1614 836 Πατὴρ,
1660 771 1720 821 οὑ

160 849 215 900 δὲ
244 851 449 919 κυρίως
481 851 667 920 Πατὴρ
693 851 790 919 τῆς
840 853 1039 921 σαρκός
1076 856 1223 905 ἐστιν
1257 858 1283 907 ὁ
1312 855 1462 917 Θεός.
1502 874 1519 905 ι
1544 858 1723 910 Ἐναν-

157 941 291 1001 τίως
314 940 391 1002 δέ,
420 959 438 992 ι
474 942 749 994 τουτέστιν
779 943 1011 1010 ἔμπαλιν
1040 944 1117 1007 δὲ,
1157 947 1189 1014 ἦ
1240 947 1610 1016 ἀντιστρόφως
1639 948 1718 1010 δὲ,

157 1029 253 1083 τοῦ
290 1047 349 1083 τε
394 1033 633 1100 (κυρίως
661 1051 679 1083 ι
712 1032 953 1101 δηλονότι
985 1035 1080 1087 καὶ
1112 1055 1129 1085 ι
1155 1038 1215 1087 οὑ
1241 1038 1465 1105 κυρίως,
1492 1057 1510 1087 ι
1542 1039 1631 1091 ἐπί
1660 1056 1719 1090 τε

156 1119 259 1186 τῆς
288 1119 532 1182 ἐνὼσεως
562 1122 655 1173 καὶ
691 1122 790 1188 τῆς
839 1123 969 1191 μίας
1018 1126 1386 1189 ὑποστάσεως,
1424 1129 1514 1181 ἐπί
1541 1147 1597 1181 τε
1626 1132 1721 1199 τῆς

155 1208 422 1275 διαφορᾶς
451 1212 559 1263 τῶν
582 1212 798 1278 φύσεων
836 1215 929 1267 καὶ
962 1216 1058 1284 τῆς
1103 1218 1224 1269 κατ’
1271 1218 1512 1272 ἐπίνοιαν
1542 1222 1722 1273 αὑτῶν

155 1298 481 1368 διακρίσεως
535 1302 979 1373 λαμϐανομένων,
1016 1306 1090 1368 ὡς
1136 1308 1235 1375 τῆς
1272 1310 1367 1377 μὲν
1424 1312 1552 1379 μίαν
1590 1313 1721 1363 51:0-

158 1388 404 1451 στάσεως
425 1391 628 1461 κυρίως
653 1392 785 1445 Θεὸν
813 1397 904 1447 καὶ
930 1396 1144 1465 Πατέρα
1163 1397 1471 1464 λεγόμενον,
1499 1401 1574 1461 ὡς
1604 1403 1717 1463 ἐνὸς

155 1475 418 1545 Χριστοῦ,
477 1481 568 1533 τὸν
614 1481 743 1534 Θεὸν
788 1485 1176 1557 ἐπιδεχομένης
1206 1490 1345 1542 κατὰ
1389 1492 1486 1560 τὴν
1526 1494 1719 1544 ἀποδο-

157 1563 347 1616 θεῖσαν
408 1568 607 1633 αίτίαν,
664 1572 763 1639 τῆς
817 1572 873 1624 δὲ
928 1577 1049 1626 κατ’
1081 1576 1268 1628 οὑσίαν
1314 1579 1573 1648 διαφορᾶς
1614 1582 1721 1632 τῶν

156 1652 378 1717 φύσεων
404 1654 637 1722 ἔμπαλιν
667 1658 726 1709 τὸ
759 1661 831 1728 μὴ
874 1664 1077 1730 κυρίως
1102 1664 1505 1735 ἐπιδεχομένης,
1541 1670 1717 1733 καθὼς

153 1740 245 1805 ἐφ’
276 1742 433 1810 ἡμῶν
458 1743 589 1812 ἔχει.
637 1746 823 1814 Ἦμῶν
846 1749 953 1819 γὰρ
991 1752 1196 1820 κυρίως
1226 1754 1324 1821 μὲν
1350 1755 1479 1818 Θεὸς
1509 1759 1534 1808 ὀ
1567 1758 1715 1820 Θεὸς,

153 1829 348 1900 ῶσπερ
395 1834 487 1884 καὶ
542 1835 640 1904 τῆς
687 1838 779 1889 τοῦ
815 1815 986 1906 Λόγου
1041 1815 1261 1911 σαρκὸς,
1312 1846 1370 1896 οὑ
1418 1815 1617 1915 κυρίως
1662 1815 1717 1900 δέ
1754 1815 1794 1871 Β

156 1920 368 1989 Πατὴρ.
396 1922 584 1993 ὥσπερ
614 1927 731 1979 οὑδὲ
755 1928 852 1996 τῆς
888 1929 986 1981 τοῦ
1037 1934 1213 1999 Λόγου
1267 1937 1485 2001 σαρκός.
1533 1936 1719 2006 Ὲνηὶρ

153 2006 446 2076 λαγμένως
473 2009 564 2066 οῦν
604 2018 669 2069 τά
706 2017 800 2069 τοῦ
835 2020 955 2070 ὅλου
985 2024 1098 2083 τοῖς
1128 2024 1341 2092 μέρεσι,
1375 2027 1466 2076 καὶ
1506 2028 1582 2094 τῷ
1615 2029 1720 2097 ὅλῳ

151 2098 225 2149 τὰ
250 2100 358 2151 τῶν
386 2103 605 2155 οἰκείων
636 2108 819 2176 μερῶν
849 2112 1210 2180 ἐκφωτητέον,
1256 2116 1347 2166 καὶ
1378 2116 1529 2167 ἔσται
1563 2118 1719 2186 ῥᾳδία

152 2191 250 2242 καὶ
289 2195 530 2265 σαφὴςὴ
574 2198 665 2249 τοῦ
710 2202 1073 2268 προκειμένου
1115 2206 1438 2274 κατάληψις.
1495 2209 1601 2261 Καὶ
1637 2210 1720 2263 ἵνα

154 2282 494 2353 σαφέστερον
532 2287 754 2356 γένηται
806 2292 867 2341 τὸ
910 2293 1219 2360 λεγόμενον,
1277 2297 1437 2363 ἡνίκα
1496 2297 1593 2365 μὲν
1648 2299 1723 2361 ὡς

154 2373 456 2439 ὑπόστασις
516 2378 545 2429 ὀ
599 2381 831 2448 Χριστὸς
879 2382 1188 2453 θεωρεῖται,
1239 2387 1300 2438 τὸ
1357 2389 1600 2458 ικυρίως
1637 2393 1723 2442 ἐπ’

153 2464 379 2533 ἀμφοῖν,
408 2486 427 2518 δ
456 2470 571 2533 τοῦ,
598 2471 751 2535 Θεὸς,
783 2474 925 2540 λέγω
972 2478 1063 2527 καὶ
1102 2476 1218 2540 τοῦ,
1250 2478 1457 2548 Πατὴρ,
1518 2480 1720 2543 θετέον,

154 2552 322 2620 ἡνίκα
348 2554 403 2606 δέ
433 2555 518 2610 διὰ
546 2557 642 2627 τὴν
666 2561 969 2630 ἀσὺγχυτον
1002 2564 1233 2634 ὓπαρξιν
1262 2566 1371 2617 τῶν
1418 2570 1473 2618 ἐν
1519 2563 1598 2630 οἷς
1631 2570 1724 2620 καὶ

155 2641 217 2705 ἐξ
244 2635 322 2695 ὧν
355 2645 501 2698 ἐστιν
540 2649 595 2699 αἱ
631 2649 721 2700 τοῦ
773 2651 1011 2717 Χριστοῦ
1045 2652 1236 2719 φύσεις
1270 2652 1621 2723 θεωροῦνται,
1664 2658 1724 2710 τὸ

162 2750 182 2783 ι
205 2732 443 2802 ἔμπαλιν
466 2755 484 2786 υ
529 2736 730 2801 θετέον,
766 2742 901 2809 ὅπερ
942 2743 1060 2794 ἐστὶ
1098 2745 1160 2795 τὸ
1190 2746 1263 2814 μὴ
1288 2747 1510 2813 κυρίως,
1544 2748 1722 2811 καθὼς

157 2822 246 2889 ἐφ’
298 2824 455 2893 ἡμῶν
512 2827 645 2896 ἔχει.
674 2830 803 2904 .Kat
846 2832 997 2899 δηλοῖ
1048 2832 1203 2884 τοῦτο
1252 2835 1439 2900 σαφῶς
1493 2835 1666 2902 λέγων
1696 2841 1723 2889 ό

156 2912 476 2978 διδάσκαλος
504 2916 589 2968 διὰ
612 2917 704 2969 τοῦ
738 2921 1059 2985 ἐπαγαγεῖν,
1100 2922 1240 2973 «Καὶ
1266 2921 1423 2974 τοῦτο
1453 2926 1596 2976 ποιεῖ
1615 2929 1723 2987 τοῖς

158 3007 457 3075 αἱρετικοῖς
490 3007 588 3077 τὴν
639 3008 869 3078 πλάνην,
905 3010 1069 3079 ἡτῶν
1106 3012 1383 3081 ὀνομάτων
1423 3014 1719 3080 ἐπίζευξις,

1823 586 1890 641 de
1929 588 2088 640 nobis
2132 603 2190 641 se
2239 588 2404 641 habet
2450 601 2556 639 res.
2597 585 2826 650 Quando
2863 583 3011 639 enim
3057 592 3375 635 naturarum

1823 687 2009 747 specto
2058 678 2449 740 diﬂ‘ercntiam,
2481 691 2689 745 easque
2722 675 3052 744 cogitatione
3098 671 3374 735 discerno,

1821 768 1891 821 de
1930 777 2163 834 utroque
2200 768 2418 835 proprie
2450 780 2655 833 ponere
2685 778 2794 816 non
2820 776 3063 831 possum,
3095 761 3163 814 de
3194 759 3373 820 Patre,

1823 856 2067 925 inquam,
2098 865 2153 909 et
2187 855 2253 908 de
2288 856 2420 909 Deo.
2468 853 2628 908 Haud
2668 853 2817 907 enim
2846 853 3065 922 pr0prie
3094 849 3377 904 Sermonis

1821 944 1963 997 Deus
2009 954 2093 998 est
2139 946 2318 1007 Pater,
2371 960 2549 1013 neque
2592 943 2810 1012 proprie
2857 944 3017 997 Pater
3061 942 3247 995 carnis
3293 948 3378 994 est

1822 1034 1985 1087 Deus.
2032 1052 2048 1083 ι
2074 1035 2273 1087 Contra
2328 1049 2510 1102 quam,
2541 1051 2558 1083 ι
2600 1033 2705 1087 hoc
2739 1042 2825 1086 est
2863 1045 3055 1085 rursus
3088 1045 3241 1093 vero,
3290 1031 3374 1083 vel

1822 1126 2096 1177 contrario
2136 1125 2321 1187 modo,
2362 1124 2507 1193 quod
2551 1124 2808 1177 nimirum
2858 1122 3098 1192 pertinet
3147 1121 3214 1175 ad
3243 1120 3375 1173 illud

1830 1234 1846 1265 ι
1876 1218 2093 1283 prOprie
2124 1236 2139 1265 ι
2174 1225 2229 1269 et
2276 1236 2292 1263 ι
2320 1215 2636 1284 improprie,
2670 1232 2687 1263 ι
2728 1213 2793 1266 ad
2824 1212 3126 1266 unitionem
3162 1221 3217 1263 et
3248 1210 3375 1264 sub-

1822 1308 2033 1359 slanliae
2074 1307 2358 1371 unitatem,
2391 1306 2456 1359 ad
2489 1305 2854 1359 differentiam
2886 1314 3200 1355 naturarum
3227 1311 3284 1355 et
3308 1301 3375 1354 ad

1821 1395 2112 1449 discrimen
2151 1412 2261 1463 quo
2308 1405 2490 1448 mente
2521 1393 2873 1461 percipimus,
2905 1408 3029 1444 cum
3060 1390 3377 1445 substantia

1824 1483 2002 1535 unitas
2074 1484 2289 1551 proprie
2327 1483 2435 1536 dici
2496 1482 2666 1534 Deum
2706 1488 2763 1534 et
2806 1481 3041 1541 Patrem,
3104 1491 3163 1532 ut
3215 1479 3378 1532 unius

1820 1572 2044 1634 Christi,
2097 1572 2165 1624 de
2211 1588 2375 1625 causa
2429 1570 2689 1639 praedicta
2724 1570 2894 1623 Deum
2925 1568 3195 1629 admittat,
3228 1583 3380 1621 cum-

1821 1678 1925 1731 que
1977 1678 2167 1715 rursus
2213 1661 2522 1715 essentialis
2578 1670 2899 1713 naturarum
2932 1659 3243 1713 dilferentia
3274 1661 3378 1711 im-

1822 1751 2045 1820 proprie
2084 1751 2192 1804 dici
2235 1751 2482 1819 recipiat,
2514 1749 2974 1819 quemadmodum
3004 1750 3081 1801 .in
3130 1748 3289 1802 nobis
3321 1762 3378 1801 se

1824 1857 1909 1895 res
1956 1842 2141 1895 habet.
2190 1842 2387 1896 Noster
2439 1841 2585 1895 enim
2634 1840 2856 1909 proprie
2909 1840 3055 1892 Deus
3092 1847 3177 1891 est
3213 1837 3376 1898 Deus,

1824 1940 1881 1983 ut
1918 1932 2081 1984 etiam
2124 1932 2405 1985 Sermonis
2427 1931 2630 1992 carnis,
2659 1929 2754 1984 sed
2779 1944 2886 1981 non
2920 1929 3159 1998 pr0prie,
3195 1929 3377 1991 Pater,

1823 2032 1881 2073 ut
1904 2036 2003 2074 nec
2028 2022 2307 2074 Sermonis
2337 2021 2537 2074 carnis.
2560 2020 2801 2073 Invicem
2824 2021 2969 2073 enim
2999 2030 3163 2087 atque
3191 2026 3380 2071 mutuo

1821 2126 1942 2178 qum
1975 2111 2143 2165 totius
2193 2119 2321 2165 sunt
2361 2111 2623 2165 debemus
2666 2112 2933 2179 partibus,
2976 2124 3204 2178 quaeque
3253 2124 3384 2177 pro-

1822 2202 2063 2269 priarum
2104 2212 2187 2255 est
2212 2202 2450 2269 partium
2482 2202 2581 2253 toti
2612 2201 2877 2254 debemus
2921 2200 3185 2261 tribucre,
3218 2208 3380 2266 atque

1824 2292 2001 2343 facilis
2022 2291 2129 2345 erit
2152 2301 2209 2343 et
2238 2291 2527 2358 perspicua
2554 2306 2744 2344 eorum
2774 2306 2894 2358 quae
2916 2298 3219 2343 tractantur
3237 2303 3386 2341 com-

1824 2381 2137 2449 prehensio.
2156 2381 2222 2433 Et
2242 2396 2349 2448 quo
2376 2381 2545 2449 magis
2573 2383 2923 2449 perspicuum
2959 2381 3052 2433 ﬁat
3073 2379 3218 2447 quod
3236 2378 3383 2440 dico,

1824 2473 2040 2538 quando
2088 2478 2147 2524 ut
2197 2471 2556 2524 substantiam
2623 2471 3058 2538 contemplamur
3106 2467 3381 2522 Christum

1826 2561 1957 2613 illud
2004 2580 2020 2610 ι
2055 2562 2277 2629 proprie
2320 2560 2388 2613 de
2445 2568 2735 2628 utroque,»
2773 2560 2841 2613 de
2875 2560 3006 2619 Deo,
3048 2559 3292 2626 inquam,
3327 2570 3387 2609 ο.

1826 2653 2004 2715 Patre,
2033 2650 2383 2719 ponendum;
2418 2650 2639 2719 quando
2674 2660 2857 2703 autem
2890 2664 2988 2717 per
3013 2646 3384 2702 exsistentiam

1826 2742 2170 2797 inconfusam
2196 2757 2389 2796 eorum
2423 2743 2478 2795 in
2508 2741 2711 2810 quibus
2733 2748 2790 2794 et
2816 2756 2881 2793 ex
2910 2739 3113 2809 quibus
3133 2744 3388 2793 constant

1824 2832 2026 2885 Christi
2072 2843 2300 2894 naturae,
2362 2831 2494 2886 illud
2541 2849 2559 2880 ι
2588 2847 2781 2885 rursus
2806 2851 2822 2881 ι
2863 2830 3203 2904 ponendum,
3238 2827 3395 2897 quod

1824 2930 1908 2975 est
1953 2935 2061 2973 non
2102 2920 2342 2989 proprie,
2386 2921 2851 2989 quemadmodum
2898 2922 2955 2973 in
3000 2921 3158 2975 nobis
3199 2936 3259 2975 se
3297 2936 3389 2973 res

1828 3010 2009 3064 habet.
2064 3010 2132 3063 Et
2175 3011 2280 3063 hoc
2323 3011 2596 3080 signiﬁcat
2643 3012 2927 3067 manifesta
2968 3013 3213 3082 magistri
3261 3029 3387 3068 ora-

156 3095 643 3166 ὲπαλλιιττομένων
668 3099 775 3151 τῶν
803 3100 1082 3168 ὀνομάτων
1104 3100 1191 3153 διὰ
1222 3102 1321 3171 τὴν
1349 3102 1666 3173 σύγκρασιν.
1698 3124 1715 3153 ι
1748 3139 1788 3195 C

1828 3100 1923 3163 tio,
1968 3114 2093 3154 cum
2144 3100 2419 3169 subjiciat,
2477 3119 2494 3149 ι
2529 3100 2706 3169 Atque
2753 3102 2858 3155 hoc
2890 3110 2975 3155 est
3024 3101 3169 3170 quod
3212 3102 3387 3156 hmre-

158 3186 393 3255 Σημεῖον
417 3186 495 3249 δὲ,
534 3186 695 3253 ἡνίκα
747 3190 801 3241 αἱ
857 3189 1151 3258 (2030)
1198 3191 1384 3257 φύσεις
1424 3192 1720 3245 διίστανται

156 3278 281 3336 ταῖς
306 3276 594 3343 ἐπινοίαις,
630 3280 1011 3349 συνδιῄρηνται
1042 3282 1134 3332 καί
1168 3281 1235 3333 τὰ
1263 3282 1518 3348 ὀνόματα.
1556 3284 1724 3336 Τουτ-

157 3365 330 3430 έστιν,
362 3367 467 3429 ἕως
508 3368 803 3421 ὑπόστασιν
831 3372 959 3437 μίαν
1006 3376 1226 3434 σκοπεῖς
1268 3373 1359 3424 τὸν
1406 3375 1657 3443 Χριστὸν,
1690 3393 1721 3444 η

158 3455 282 3508 κατ’
338 3458 647 3528 ἐπαλλαγὴν
726 3461 834 3510 τῶν
901 3460 1180 3527 ὀνομάτων
1254 3460 1527 3526 ὲπίζευξίς
1578 3465 1723 3517 ἐστιν

156 3545 485 3617 ἀδιαίρετος,
521 3548 740 3600 ἐπειδὰν
768 3548 825 3600 δὲ
859 3551 979 3610 ταῖς
1008 3549 1270 3611 ἐπινοίαις
1308 3550 1597 3621 διαττήσῃς
1626 3553 1722 3614 τὰς

160 3634 515 3704 συμπλούσας
593 3638 693 3707 τὴν
757 3638 886 3707 μίαν
961 3639 1258 3691 ὑπόστασιν
1327 3642 1420 3692 τοῦ
1487 3642 1722 3710 Χριστοῦ

159 3724 371 3793 φύσεις,
404 3729 695 3790 συνδιεῖλες
715 3733 836 3792 ταῖς
870 3731 1063 3799 φύσεσι
1118 3733 1211 3785 καὶ
1258 3734 1324 3784 τὰ
1374 3735 1609 3802 ὀνόματα
1634 3753 1645 3764 ·
1688 3737 1720 3804 ἢ

159 3817 343 3879 πάλιν,
378 3820 607 3888 ἐπείπερ
636 3821 734 3890 τὴν
771 3821 931 3890 φύσιν
963 3822 1183 3885 διπλοῦς
1215 3824 1244 3875 ό
1277 3824 1528 3894 Χριστὸς,
1559 3828 1723 3895 ἄμφω

158 3911 547 3976 κατηγορεῖται
572 3911 762 3973 αὑτοῦ,
794 3911 854 3963 τὸ
878 3910 1007 3974 Θεὸς
1033 3916 1127 3965 καὶ
1156 3914 1365 3984 Πατὴρ,
1395 3918 1594 3986 κυρίως
1626 3919 1721 3986 μὲν

158 3999 322 4065 ἡνίκα
370 4004 793 4067 συνεκφωνεῖται
840 4004 1187 4074 καταλλήλως
1240 4010 1359 4068 ταῖς
1411 4007 1604 4074 φύσεσι
1653 4010 1720 4061 τὰ

157 4090 419 4158 ὀνόματα,
452 4092 510 4142 οὑ
541 4092 749 4161 κυρίως
787 4092 841 4146 δὲ
862 4094 990 4147 ὅταν
1017 4096 1050 4163 ἡ
1074 4096 1216 4149 κατὰ
1256 4096 1419 4163 φύσιν
1458 4098 1721 4168 ἑκατέρου

157 4179 270 4231 τῶν
303 4178 362 4243 ἐξ
385 4173 459 4231 ὧν
485 4182 545 4233 ὲν
582 4176 663 4243 οἷς
694 4199 753 4233 τε
785 4182 879 4234 καὶ⁹
922 4182 1065 4253 ἆπερ
1106 4184 1224 4236 ἐστὶ
1264 4183 1480 4256 θατέρῳ
1507 4185 1595 4238 διὰ
1623 4188 1722 4256 τὴν

161 4271 292 4341 μίαν
324 4272 620 4325 ὑπόστασιν
668 4274 1094 4344 ἐπηλλαγμένως
1137 4275 1461 4329 ἅντιδίδοται
1508 4278 1718 4347 κτῆσις.

157 4362 337 4432 Ὅπερ
372 4366 541 4415 ποιεῖν
574 4364 648 4434 μὴ
678 4364 1064 4432 γινώσκοντες,
1116 4366 1149 4437 ἢ
1185 4366 1519 4439 κυριώτερος
1548 4372 1723 4423 είπεῖν

1826 3194 1960 3246 ticos
1994 3193 2049 3245 in
2090 3207 2339 3246 errorem
2376 3193 2606 3255 inducit,
2643 3209 2842 3262 nempe
2873 3194 3157 3247 nominum
3191 3193 3386 3246 horum

1821 3279 2154 3347 conjunctio,
2187 3280 2510 3347 permutatis
2529 3280 2787 3334 videlicet
2810 3281 2951 3333 inter
2982 3296 3040 3340 se
3067 3279 3389 3335 nominibus

1829 3378 2055 3438 propter
2090 3377 2301 3424 natura:
2358 3371 2646 3439 utriusque
2695 3370 3113 3423 connexionem.
3147 3388 3164 3420 ι
3215 3372 3364 3439 Argu

1824 3469 2009 3513 mento
2049 3470 2133 3512 est
2166 3460 2309 3527 quod
2348 3475 2472 3513 cum
2519 3469 2733 3512 natura:
2763 3459 2951 3512 animo
2980 3468 3035 3512 et
3056 3458 3389 3527 cogitatione

1822 3550 2259 3618 distinguuntur,
2314 3550 2473 3602 simul
2510 3564 2731 3617 quoque
2784 3549 3007 3617 nomina
3036 3547 3387 3602 dividuntur.

1826 3638 1937 3691 Hoc
1989 3647 2094 3700 est,
2139 3636 2384 3705 quandiu
2431 3636 2714 3691 Christum
2772 3653 2934 3690 unam
2998 3638 3391 3707 contemplaris

1824 3727 2209 3786 substantiam,
2260 3725 2541 3777 nominum
2589 3725 2891 3779 secundum
2927 3727 3389 3794 permutationem

1825 3814 2143 3885 coniunctio
2179 3813 2458 3867 individua
2490 3824 2595 3876 est,
2615 3814 2705 3867 ubi
2737 3824 2918 3867 autem
2962 3816 3242 3868 intellectu
3275 3816 3394 3870 dis-

1832 3904 2216 3957 criminaveris
2254 3912 2481 3957 naturas
2500 3918 2620 3972 qua:
2639 3902 2843 3957 Christi
2872 3903 3190 3957 substantiae
3210 3904 3389 3958 unita-

1825 4008 1933 4050 tem
1958 4004 2364 4056 consummant,
2400 4011 2507 4047 una
2534 4010 2659 4048 cum
2684 3995 2896 4047 naturis
2924 3996 3146 4047 nomina
3171 4009 3392 4063 quoque

1822 4086 2288 4149 discriminahis,
2316 4097 2413 4138 aut
2466 4101 2676 4147 rursus,
2728 4100 2851 4138 cum
2899 4084 3152 4138 Christus
3192 4085 3392 4153 duplex

1824 4190 2021 4233 natura
2066 4177 2157 4241 sit,
2204 4185 2499 4245 utrumque
2540 4176 2608 4230 de
2651 4192 2718 4231 eo
2773 4176 3126 4245 praedicatur,
3161 4185 3221 4230 et
3245 4176 3396 4232 Deus

1821 4279 1878 4325 et
1900 4272 2081 4336 Pater,
2104 4271 2329 4340 proprie
2349 4268 2568 4345 quidem
2586 4270 2808 4339 quando
2829 4271 3047 4325 naturis
3060 4256 3393 4341 convenien-

1825 4373 1908 4419 ter
1936 4364 2161 4417 nomina
2200 4362 2366 4416 simul
2398 4363 2853 4431 pronuntiantur,
2881 4362 3180 4431 improprie
3207 4371 3391 4418 autem

158 4454 236 4524 μὴ
264 4454 600 4523 ἀνεχόμενοι,
625 4457 674 4508 οί
703 4456 823 4507 τότε
855 4457 949 4509 καὶ
973 4458 1022 4509 oi
1046 4456 1141 4509 νῦν
1161 4459 1427 4528 αἱρετικοὶ
1445 4460 1536 4512 τὸν
1568 4478 1723 4528 μονο-
1753 4456 1794 4514 Ι]

1827 4454 2047 4524 quando
2080 4454 2349 4508 naturalis
2390 4455 2682 4522 utriusque
2710 4454 2990 4522 possessio
3017 4469 3212 4508 eorum
3246 4455 3391 4508 unde

153 4546 289 4615 γενῆ
335 4545 467 4597 Θεὸν
515 4547 684 4613 Λόγον
726 4546 1065 4617 βλασφημεῖν
1110 4549 1171 4601 οὑ
1214 4550 1624 4619 παραιτοῦνται,
1673 4556 1720 4605 oi

158 4634 261 4703 μὲν
283 4635 363 4696 είς
389 4635 596 4700 κτίσμα
623 4635 955 4701 κατάγοντες
992 4634 1080 4687 διὰ
1109 4634 1179 4687 τά
1216 4635 1555 4705 ἀνθρώπινα,
1589 4640 1635 4689 οἱ
1666 4638 1721 4691 δὲ

152 4726 255 4793 τὴν
286 4725 596 4793 οἰκονομίαν
632 4725 949 4793 συγχέοντες
1000 4724 1088 4777 διὰ
1108 4726 1207 4794 τὴν
1248 4727 1474 4797 ἄρνησιν
1518 4727 1625 4779 τῶν
1664 4729 1722 4793 ἐξ

154 4809 235 4868 ὧν
267 4816 381 4867 ἐστι
404 4814 641 4881 φύσεων.
683 4814 875 4878 ΙΙἌλλος
905 4814 961 4867 δὲ
978 4816 1116 4869 πάνυ
1147 4816 1215 4868 τὰ
1242 4815 1364 4868 θεῖα
1391 4817 1553 4884 σοφὸς
1592 4819 1718 4871 τοῦ-

152 4924 250 4960 τον
293 4900 589 4976 ἐρωτηθεὶς
642 4908 773 4977 παρ’
832 4908 970 4976 ἐμοῦ
1003 4908 1095 4961 τὸν
1122 4908 1283 4960 τόπον
1321 4908 1460 4977 ἔφη·
1501 4909 1575 4961 Τὸ
1625 4912 1722 4978 μὲν

159 5018 177 5049 ι
202 4998 428 5070 κυρίως,
448 5017 467 5050 ι
500 5000 562 5051 τὸ
583 4998 642 5050 δὲ
680 5016 699 5048 ι
726 4998 788 5050 οὑ
825 4998 1027 5070 κυρίως
1057 5001 1142 5051 ἐπ’
1170 5002 1393 5069 ἀμφοῖν,
1429 5020 1446 5048 ι
1492 5003 1591 5068 τῆς
1624 5003 1720 5054 αὐ·

152 5091 257 5161 τῆς
276 5092 391 5143 ἐστι
421 5090 759 5159 κατηγορίας
787 5091 886 5156 τῆς
928 5090 1202 5158 ηετικῆς,
1234 5090 1346 5143 εῐτε
1376 5092 1473 5160 τῆς
1507 5093 1717 5163 Πατὴρ,

151 5184 266 5236 εῐτε
290 5182 389 5251 τῆς
416 5181 569 5245 Θεὸς,
599 5181 632 5251 ἢ
658 5181 752 5234 καὶ
776 5182 1060 5252 ἑκατέρας,
1107 5181 1178 5244 ὡς
1225 5181 1308 5248 ἐφ’
1336 5182 1453 5245 ἐνὸς
1486 5183 1719 5251 Χριστοῦ

150 5273 464 5344 τιθεμένης,
521 5274 613 5327 τοῦ
653 5274 980 5337 συνεστῶτος
1022 5278 1085 5327 ἐκ
1124 5276 1267 5328 δυοῖν
1295 5277 1404 5328 τῶν
1440 5278 1718 5342 ἐναντίων,

160 5386 178 5417 ι
200 5366 443 5436 κυρίως»
496 5366 586 5417 καί
624 5383 642 5414 ι
669 5365 730 5416 οὑ
772 5364 996 5432 κυρίως.
1022 5384 1040 5415 ι
1096 5364 1156 5417 El
1194 5364 1290 5435 μὲν
1316 5365 1447 5428 Θεὸς
1483 5369 1511 5419 ό
1533 5367 1720 5437 Πατὴρ

150 5457 249 5509 τοῦ
300 5456 537 5524 Χριστοῦ
587 5454 805 5525 λεχθείη
857 5455 997 5508 κατὰ
1050 5455 1148 5525 τὴν
1194 5456 1436 5509 ἐπίνοιαν
1468 5456 1577 5508 τῶν
1627 5457 1720 5511 δύο

154 5546 395 5615 φύσεων,
455 5566 471 5596 ι
498 5545 702 5616 κυρίως
727 5564 744 5596 ι
778 5545 876 5616 μὲν
907 5545 1003 5598 τοῦ
1058 5546 1356 5615 κτίσματος
1391 5546 1457 5600 ἂν
1483 5546 1716 5613 λέγοιτο,

158 5656 179 5690 ι
210 5637 268 5689 οὑ
302 5636 502 5707 κυρίως
530 5654 548 5687 ι
581 5634 638 5688 δὲ
667 5634 761 5689 τοῦ
789 5634 925 5689 Θεοῦ
968 5635 1145 5703 λόγου.
1193 5634 1423 5705 Ὁμοίως
1454 5634 1509 5687 δὲ
1534 5637 1627 5689 καὶ
1656 5637 1719 5689 ἐκ

151 5722 257 5781 τῶν
293 5725 546 5782 ἐναντίων
570 5725 758 5796 Πατὴρ
802 5744 820 5779 ι
844 5725 1046 5795 κυρίως
1074 5745 1091 5778 ι
1148 5724 1241 5777 τοῦ
1302 5725 1494 5793 Λόγου,
1529 5723 1620 5777 τοῦ
1664 5727 1720 5779 δὲ

1821 4555 1877 4599 et
1908 4546 1961 4598 in
1998 4544 2201 4613 quibus
2220 4544 2438 4597 exsistit
2458 4544 2604 4612 quod
2633 4544 2848 4599 exsistit
2880 4544 3133 4599 alterutri
3163 4552 3396 4614 propter

1824 4638 2145 4693 substantiae
2210 4638 2475 4691 unitatem
2543 4638 2779 4690 invicem
2834 4636 3182 4690 attribuitur.
3234 4636 3389 4701 Quod

1824 4747 1948 4784 cum
1979 4730 2160 4784 facere
2202 4729 2468 4791 nesciant,
2497 4736 2611 4789 aut,
2639 4739 2699 4782 ut
2728 4728 2901 4797 magis
2934 4728 3152 4797 proprie
3187 4726 3390 4792 dicam,

1825 4837 1933 4875 non
1979 4822 2290 4874 sustineant
2346 4832 2403 4873 et
2452 4821 2817 4889 reiragentur,
2869 4828 3084 4873 veteres
3122 4828 3178 4872 et
3226 4817 3393 4876 hodie

1823 4912 1917 4981 qui
1964 4918 2179 4964 exstant
2208 4910 2453 4963 hmretici
2482 4909 2821 4978 unigenitum
2866 4909 3035 4963 Deum
3070 4908 3392 4966 Sermonem

1824 5002 2204 5073 blasphemare
2242 5017 2349 5055 non
2384 5001 2714 5062 detrectant,
2768 5015 2914 5053 nunc
2966 5000 3032 5054 ad
3080 5012 3390 5056 creaturam

1822 5109 1949 5148 cum
1977 5092 2338 5161 deprimendo
2365 5100 2591 5160 propter
2631 5091 2889 5156 humana,
2925 5107 3072 5146 nunc
3105 5090 3389 5159 dispensa-

1827 5185 2033 5238 tionem
2054 5182 2443 5235 conl’undendo
2472 5197 2570 5250 per
2588 5197 2779 5235 earum
2814 5181 2957 5235 unde
2984 5189 3199 5235 constat
3225 5188 3389 5235 natu-

1826 5289 2009 5327 rarum
2049 5274 2478 5340 renegationem.
2510 5272 2665 5326 Alius
2684 5286 2817 5325 vero
2858 5270 3174 5325 divinarum
3206 5285 3390 5325 rerum

1824 5364 2195 5434 peritissimus
2239 5379 2268 5415 a
2300 5378 2383 5416 me
2431 5363 2722 5416 consultus
2766 5362 2817 5414 in
2852 5361 2998 5413 hunc
3025 5360 3138 5414 fere
3167 5359 3392 5417 modum

1824 5455 2219 5523 interpretatus
2244 5463 2368 5506 est:
2402 5451 2514 5507 Hoc
2549 5472 2565 5502 ι
2596 5452 2836 5521 proprie,
2863 5472 2880 5502 ι
2930 5459 2986 5505 et
3027 5450 3184 5515 illud,
3219 5471 3236 5501 ι
3287 5450 3394 5505 im-

1823 5546 2046 5615 proprie
2091 5562 2108 5594 ›
2157 5545 2225 5598 de
2256 5552 2510 5612 utroque,
2539 5566 2553 5593 ο
2580 5542 2825 5612 ejusdem
2878 5550 2959 5597 est
2990 5540 3393 5611 przedicationis

1826 5634 2085 5699 relativae,
2112 5634 2228 5689 sive
2251 5635 2450 5697 Patris,
2477 5634 2591 5687 sive
2616 5633 2735 5697 Dei,
2760 5634 2876 5687 sive
2904 5634 3068 5687 etiam
3097 5630 3389 5699 utriusque

1825 5726 2083 5789 nominis,
2110 5734 2165 5778 ut
2186 5710 2252 5779 de
2280 5741 2385 5779 uno
2402 5723 2620 5777 Christo
2646 5734 2939 5785 ιιειιτρειιιε,
2966 5722 3058 5791 qui
3080 5736 3147 5775 ex
3168 5719 3389 5776 duobus
