4192 6434
166 451 274 501 ἀπὸ
305 449 440 510 [δίας
473 449 644 517 ἀρχῆς
672 447 784 516 ἔχει
810 446 900 498 τὸν
939 447 1148 518 εἱρμὸν,
1178 446 1262 497 ἴνα
1366 447 1424 499 τὸ
1457 449 1626 500 κῶλον
1647 448 1738 501 οὗ·

161 557 276 604 τως
306 539 724 609 ὀμαλιζόμενον,
767 555 784 588 ι
809 539 893 599 Ὡς
923 537 1031 606 γὰρ
1062 537 1319 589 ἀδύνατον
1345 533 1478 590 εἶναι
1505 538 1733 607 λέγομεν

164 634 402 706 πονηρὸν
435 630 574 687 εἶναι
602 633 752 696 Θεὸν,
787 652 803 680 ι
833 631 926 684 καὶ
959 631 1131 696 στίξαι
1163 632 1258 684 καὶ
1289 631 1447 685 πάλιν
1472 633 1736 702 ἄρξασθαι

160 727 436 796 νοήματος
466 726 656 796 ἑτέρου
685 724 782 778 καὶ
808 726 1268 792 προσεπαγαγείν,
1309 725 1410 776 «Ἦ
1438 724 1514 794 μὴ
1539 720 1730 786 εἶναι.»

160 820 286 873 ἀντὶ
315 817 410 872 τοῦ
441 817 791 888 ἀνύπαρκτον
817 811 977 869 εῖναι.

1411 343 1512 399 ΛΜ
1523 343 1925 405 HlGUORUM
1964 349 2207 412 LIBER.

3272 361 3406 429 12354

1769 485 1812 536 Α
1842 453 2018 508 Absit.
2045 455 2150 510 Sed
2180 474 2338 513 suum
2367 466 2793 535 unumquodque
2821 483 2849 520 a
2880 483 2982 522 suo
3009 472 3230 540 proprio
3256 475 3407 541 prin-

1842 541 1990 608 cipio
2021 559 2218 600 nexum
2250 550 2435 616 habet,
2463 563 2522 606 ut
2547 557 2851 611 membrum
2882 560 3150 614 orationis
3175 561 3306 616 illud
3331 565 3404 618 ita

1845 633 2274 700 complanclur:
2313 658 2329 689 ι
2363 641 2830 706 Quemadmodum
2869 650 3017 703 enim
3069 652 3404 720 impossibile

1838 736 1958 776 esse
1989 725 2221 781 dicimus
2253 735 2450 786 malum
2476 751 2596 790 esse
2625 738 2814 803 Deum,
2842 760 2860 789 ι
2884 749 3136 810 postqua:
3160 743 3406 798 inciden-

1839 813 1968 868 dum
1990 827 2092 881 est,
2131 831 2189 872 ut
2215 839 2404 878 rursus
2433 828 2668 882 alterum
2708 832 3051 886 enuntiatum
3091 833 3216 893 inde
3245 833 3404 888 addi-

1839 909 1954 955 tum
1989 904 2217 974 incipiat
2269 928 2282 961 :
2341 931 2355 960 ι
2387 913 2495 968 Aut
2537 933 2643 974 non
2665 934 2785 974 esse
2807 960 2822 984 ,
2850 939 2868 972 ι
2903 920 2958 974 id
2983 930 3066 976 est
3088 923 3404 978 exsistentia

1836 1006 2048 1047 carere.

170 1165 280 1236 ’Βκ
328 1177 433 1232 τοῦ
480 1173 667 1229 αὐτοῦ
712 1173 921 1242 λόγου,
970 1173 1056 1236 εις
1085 1178 1174 1236 τό,
1216 1189 1234 1222 ι
1296 1173 1473 1239 εἴκεις
1499 1167 1605 1233 τὰς
1634 1166 1733 1220 τοῦ

1839 1167 1924 1221 Ea:
1956 1172 2134 1224 eodem
2167 1189 2432 1239 sermone,
2457 1178 2509 1230 in
2547 1178 2680 1231 illud
2712 1196 2730 1233 :
2773 1199 2790 1230 ι
2830 1181 3000 1234 Habes
3031 1179 3131 1247 ﬁlii
3164 1181 3404 1250 appella-

230 1269 370 1324 υίοῧ
428 1265 832 1335 προσηγορίας
860 1304 875 1329 ,
935 1261 1141 1327 ,ϐάδιζε
1201 1260 1276 1314 δι’
1313 1259 1543 1318 αὐτῶν.
1602 1257 1741 1322 ὅσαι

228 1360 465 1429 ὑψηλαί
496 1399 511 1422 ,
569 1355 816 1421 θετκῶς,
873 1354 969 1406 καί
1021 1353 1160 1406 ὅσαι
1186 1351 1530 1419 σωματικαὶ,
1586 1367 1740 1418 συμ-

231 1450 457 1516 παθῶς,
485 1446 728 1517 μᾶλλον
750 1443 818 1498 δὲ
846 1443 993 1497 ὅλον
1018 1441 1250 1507 θεϊκῶς,
1282 1443 1380 1494 ἵνα
1412 1440 1554 1510 γέν-η
1588 1439 1734 1503 Θεὸς

227 1539 496 1596 κάτωθεν
526 1533 799 1588 ἀνελθὼν
841 1531 940 1585 διὰ
965 1531 1072 1584 τὸν
1100 1531 1457 1583 κατελθόντα
1483 1529 1556 1582 δι’
1578 1525 1733 1596 ἡμᾶς

229 1629 462 1682 ἄνωθεν
499 1626 633 1697 (l8).
673 1643 690 1675 ι

1910 1263 2104 1326 tiones,
2140 1280 2233 1332 per
2276 1281 2363 1318 eas
2415 1268 2623 1333 incede,
2655 1287 2749 1338 per
2795 1287 2911 1334 eas,
2945 1273 3188 1340 inquam,
3223 1289 3401 1326 omnes

1907 1368 2024 1420 qua:
2061 1354 2307 1408 sublimes
2344 1365 2496 1420 sunt,
2532 1359 2731 1424 divine,
2776 1377 2870 1430 per
2909 1377 3186 1429 corporeus
3228 1373 3400 1416 autem

1911 1442 2168 1506 Imntane,
2194 1444 2299 1495 imo
2329 1461 2450 1497 vero
2479 1464 2694 1514 prorsus
2723 1449 2890 1501 divine
2908 1488 2922 1512 ,
2948 1458 3004 1501 ut
3034 1465 3097 1501 ea:
3122 1451 3240 1502 imis
3268 1450 3403 1502 hisce

1911 1527 2194 1581 ascendens
2233 1528 2333 1595 ﬁas
2373 1531 2509 1584 Deus
2548 1542 2760 1604 propter
2789 1551 2907 1588 eum
2945 1536 3034 1604 qui
3068 1543 3280 1606 prapter
3309 1551 3400 1588 nos

1907 1615 1971 1666 de
1996 1618 2237 1684 supernis
2261 1617 2540 1673 descendit.
2574 1641 2590 1672 ι

245 1743 304 1795 Ὀ
357 1741 451 1794 τὸν
497 1740 622 1793 νοῦν
674 1738 761 1791 διὰ
807 1738 905 1807 τῆς
947 1737 1156 1807 ὑψηλῆς
1189 1735 1420 1804 Θεωρίας
1464 1734 1606 1788 κατὰ
1638 1734 1733 1804 τὴν

1907 1746 2010 1812 Qui
2053 1758 2290 1803 mentem
2330 1751 2553 1805 sublimi
2592 1754 3053 1822 contemplatione
3084 1770 3183 1822 per
3214 1756 3404 1808 unius-

153 1837 394 1888 ἑκάστου
428 1833 536 1886 τῶν
563 1832 723 1886 θείων
750 1831 1032 1898 ὀνομάτων
1076 1828 1322 1881 ἐπίνοιαν
1351 1827 1734 1894 καταφωτίσας

151 1928 258 1980 καὶ
293 1927 429 1996 πρὸς
460 1925 550 1978 τὸν
579 1923 809 1994 ἀρχικὸν
839 1921 1072 1974 ἑκάστου
1123 1920 1218 1972 καὶ
1251 1918 1620 1986 πνευματικὸν
1647 1917 1734 1968 λό-

150 2035 258 2084 γον
291 2012 585 2082 ἀναγαγών
613 2031 672 2066 τε
720 2013 815 2065 καὶ
846 2011 1218 2080 μεταποιήσας
1243 2048 1257 2073 ν
1314 2007 1406 2059 καὶ
1451 2009 1562 2068 τοῖς
1596 2006 1736 2074 ὑπὲρ

151 2108 362 2178 ἀρετῆς
391 2107 572 2168 πόνοις
616 2103 679 2156 τὸ
710 2103 966 2173 φρόνημα
997 2100 1098 2168 τῆς
1127 2099 1328 2167 σαρκὸς
1356 2096 1733 2160 καθυποτάξας

149 2199 237 2269 τῷ
271 2198 540 2268 πνεύματι
559 2238 574 2262 ,
615 2195 849 2265 ὑπήκοος
875 2211 935 2246 τε
971 2193 1132 2262 μέχρι
1161 2190 1392 2244 θανάτου
1421 2191 1731 2258 γενόμενος,

149 2284 315 2353 οὗτος
349 2287 562 2358 άληθῶς
593 2286 772 2356 βάδιζε
811 2303 831 2336 ι
857 2285 945 2338 διὰ
973 2283 1082 2335 τῶν
1110 2282 1271 2336 θείων
1298 2279 1676 2351 προσηγοριῶν
1708 2299 1726 2330 ι

151 2384 468 2450 ἀμέμπτως
516 2378 660 2432 κατά
691 2394 752 2430 τε
794 2377 1011 2446 πνεῦμα
1062 2376 1155 2429 καὶ
1189 2376 1366 2444 σάρκα
1393 2415 1406 2436 ,
1459 2373 1555 2442 τὴν
1584 2373 1734 2424 θείαν

153 2473 259 2524 καὶ
279 2472 414 2541 πρὸς
432 2468 564 2523 Θεὸν
585 2468 827 2537 ἄγουσαν
849 2467 1073 2537 πορείαν
1090 2467 1436 2546 ποιούμενοςΞ
1453 2485 1468 2513 ι
1485 2463 1694 2532 ὑψηλῶς
1711 2482 1727 2510 ι

155 2563 264 2632 μὲν
316 2563 456 2615 κατὰ
503 2562 604 2632 τὴν
650 2561 920 2630 μυστικὴν
965 2561 1197 2630 θεωρίαν
1244 2559 1331 2611 διὰ
1372 2559 1480 2610 τῶν
1519 2556 1733 2625 ὑψηλῶν

150 2654 439 2722 ὀνομάτων
464 2693 479 2717 ,
543 2673 560 2704 ι
599 2650 900 2721 συμπαθῶς
934 2672 950 2702 ι
996 2651 1052 2703 δὲ
1109 2651 1245 2703 κατὰ
1289 2651 1386 2718 τὴν
1426 2649 1732 2716 πρακτικὴν

153 2747 500 2815 φιλοσοφίαν,
541 2743 626 2798 διὰ
653 2743 758 2796 τῶν
791 2741 1124 2812 σωματικῶν
1152 2740 1288 2810 πρὸς
1314 2743 1414 2809 τὴν
1442 2742 1553 2793 ἄνω
1582 2738 1732 2809 λῆξιν

153 2837 533 2906 ἐπειγόμενος,
574 2855 591 2888 ι
624 2834 824 2904 μᾶλλον
845 2833 902 2886 δὲ
929 2833 992 2886 τὸ
1014 2833 1134 2885 ὅλον
1160 2832 1404 2892 θεῖκῶς,ι
1429 2832 1504 2893 ὡς
1527 2830 1733 2900 θεωρη-

149 2930 321 2996 τικῆς
349 2927 517 2997 οὔσης
567 2930 660 2980 καὶ
688 2927 789 2995 τῆς
817 2925 1073 2994 πράξεως
1119 2925 1213 2976 xui.
1257 2923 1480 2993 λογικῆς
1512 2925 1734 2992 χάριτος

1836 1840 2105 1906 cujusque
2154 1839 2467 1895 divinarum
2517 1843 2940 1911 appellationum
2991 1845 3400 1913 interpretatio-

1836 1944 1959 1982 nem
1989 1930 2286 1983 illustravit
2310 1941 2366 1985 et
2393 1933 2458 1985 ad
2490 1935 2844 2002 principalem
2873 1935 3140 2004 cujusque
3164 1944 3221 1988 et
3241 1936 3404 2003 spiri-

1838 2020 2040 2074 tualem
2079 2022 2344 2076 rationem
2381 2024 2640 2078 subduxit
2673 2035 2835 2094 atque
2873 2025 3308 2086 transformavit,
3340 2041 3404 2078 ac

1835 2110 2118 2164 laboribus
2157 2128 2256 2180 pro
2296 2114 2498 2167 virtute
2535 2115 2806 2182 susceptis
2844 2115 3189 2183 prudentiam
3223 2115 3403 2169 carnis

1835 2199 2056 2268 spiritui
2101 2202 2365 2270 subjecit,
2409 2203 2476 2256 ad
2519 2214 2752 2258 mortem
2797 2220 2974 2272 usque
3015 2204 3281 2258 obediens
3319 2204 3402 2258 fa-

1835 2302 1956 2344 ctus
1981 2301 2025 2355 ',
2055 2293 2100 2344 is
2133 2309 2259 2346 vere
2295 2293 2486 2348 incede
2526 2314 2542 2343 ι
2583 2311 2680 2362 per
2709 2295 2920 2350 divinas
2952 2295 3345 2364 appellationes
3376 2315 3394 2347 ι

1834 2391 1890 2436 οι
1919 2383 2112 2451 spiritu
2147 2384 2708 2451 irreprehensibiliter
2731 2394 2787 2438 et
2811 2401 2996 2450 carne,
3020 2386 3267 2439 divinum
3297 2387 3402 2440 iter

1834 2481 1890 2526 et
1925 2473 2071 2540 quod
2108 2473 2174 2526 ad
2218 2475 2387 2527 Deum
2430 2475 2586 2528 ducit
2630 2475 2970 2544 ingrediens,
3015 2495 3032 2526 ι
3077 2476 3331 2530 sublimis
3377 2495 3394 2526 ι

1833 2565 2055 2633 quidem
2089 2565 2393 2618 secundum
2431 2567 2715 2636 mysticam
2750 2567 3268 2636 conlcmplationem
3305 2581 3404 2634 per

1835 2655 2099 2709 sublimes
2154 2655 2580 2724 appellationes,
2615 2675 2633 2706 ι
2665 2657 2964 2725 eademque
3017 2657 3233 2724 patiens
3265 2675 3285 2707 ι
3317 2671 3404 2711 se-

1835 2747 2074 2800 cundum
2114 2748 2410 2815 practicam
2444 2746 2877 2816 philosophiam,
2910 2747 3039 2799 dum
3076 2762 3173 2814 per
3202 2761 3402 2816 corpo-

1836 2838 1969 2891 ralia
2010 2839 2076 2890 ad
2118 2853 2410 2906 supernam
2457 2853 2716 2905 properas
2753 2839 3015 2905 quietem,
3057 2856 3074 2886 ι
3125 2837 3235 2889 imo
3270 2851 3402 2890 vero

1835 2944 2061 2997 prorsus
2089 2927 2299 2990 divine,
2339 2947 2356 2977 ι
2400 2943 2522 2980 cum
2556 2929 2976 2995 contemplativa
3009 2939 3099 2980 tua
3132 2927 3296 2980 etiam
3333 2927 3404 2980 sit

155 3024 238 3091 μὴ
269 3020 625 3090 ἀμοιροὺσης·
660 3017 779 3070 ἀλλ’
799 3017 920 3070 ὅτου
949 3017 1108 3086 χάριν
1139 3015 1236 3084 τὴν
1269 3015 1404 3084 πρὸς
1432 3013 1530 3084 τὴν
1559 3015 1733 3082 σάρκα

1837 3016 1982 3070 actio
2024 3024 2082 3069 et
2123 3016 2378 3069 rationali
2421 3017 2596 3084 gratia
2640 3031 2748 3068 non
2795 3016 3063 3084 indigeat;
3108 3014 3203 3068 sed
3247 3015 3404 3083 cujus

152 3113 443 3181 ῖονωμικὴν
497 3109 847 3180 ἀλλοτρίωσιν
906 3107 994 3159 διὰ
1042 3107 1139 3174 τῆς
1187 3105 1398 3168 τελείας
1431 3103 1732 3172 περιτομῆς

157 3203 269 3255 τῶν
315 3203 483 3271 αὐτῆς
531 3199 780 3268 φυσικῶν
826 3197 1142 3266 κινημάτων
1193 3195 1367 3248 εἵλετο
1411 3193 1598 3262 σαφῶς
1629 3195 1731 3244 ὺπ-

150 3291 440 3364 αγορεύων
469 3291 680 3360 ὅτιπερ,
717 3289 804 3342 ἵνα
832 3288 1056 3356 γένηται
1083 3289 1175 3338 καὶ
1199 3286 1360 3348 αὐτὸς
1381 3287 1560 3354 χάριτι
1579 3285 1730 3345 Θεὸς,

152 3387 304 3458 ὑπὲρ
330 3385 430 3456 τὴν
460 3384 591 3454 ὓλην
624 3382 766 3436 κατὰ
793 3381 973 3452 σάρκα
1004 3378 1091 3432 διὰ
1116 3381 1214 3448 τῆς
1239 3376 1489 3446 πράξεως
1507 3378 1550 3408 ³³
1569 3414 1584 3436 ,
1643 3374 1734 3426 7.0.1

152 3477 302 3530 κατὰ
327 3475 450 3528 νοῦν
474 3474 564 3527 διὰ
589 3472 822 3543 θεωρίας
853 3471 992 3538 ὑπὲρ
1022 3469 1081 3522 τὸ
1107 3465 1264 3532 εἶδος,
1299 3466 1483 3536 (209
1502 3467 1553 3533 ὁ)
1581 3466 1637 3530 ἐξ
1660 3458 1734 3515 ὧν

152 3572 188 3640 ἡ
234 3567 342 3622 τῶν
369 3567 539 3620 ῦντων
571 3563 804 3634 ὓπαρξις
835 3563 1142 3630 ὑφέστηκεν
1167 3596 1182 3618 .
1242 3558 1434 3610 ἑαυτὸν
1461 3556 1733 3624 καταστή-

156 3677 298 3724 σας,
356 3659 451 3712 καὶ
479 3659 539 3710 τὸ
566 3657 687 3710 ὅλον
712 3657 885 3708 εἰπεῖν
903 3693 921 3717 ι
977 3654 1117 3707 κατὰ
1145 3653 1243 3721 τὴν
1269 3651 1381 3715 ἕξιν
1409 3651 1506 3720 τῆς
1535 3651 1733 3718 ἀρετῆς

154 3753 255 3804 καὶ
305 3749 404 3818 τῆς
449 3747 703 3815 γνώσεως
745 3745 906 3807 άῦλος
957 3743 1055 3795 καὶ
1101 3741 1336 3803 άνείὸεος
1371 3740 1544 3808 πάντη
1579 3740 1732 3804 γενό-

157 3857 322 3909 μενος
348 3878 362 3899 .
414 3839 502 3891 διὰ
529 3838 622 3888 τὸν
649 3836 716 3888 δι’
744 3835 890 3904 ἡμᾶς
938 3835 995 3885 ὲν
1023 3832 1127 3902 ὕλῃ.
1157 3833 1250 3885 καὶ
1273 3834 1401 3884 εῖδει
1439 3831 1562 3883 καθ’
1585 3832 1733 3898 ἡμᾶς

153 3930 378 4001 άληθῶς
407 3929 466 3993 ἐξ
489 3931 522 3999 ἡ
532 3927 645 3998 μῶν
673 3926 966 3994 γενόμενον
988 3923 1120 3976 Θεὸν
1143 3923 1337 3989 Λόγον,
1363 3921 1454 3974 τὸν
1479 3922 1615 3973 κατὰ
1638 3921 1733 3987 σύ-

157 4040 249 4074 σιν
302 4021 504 4089 κυρίοις
547 4017 709 4072 άϋ).ον
743 4017 838 4067 καὶ
881 4013 1138 4067 ἀνείδεον.
1181 4012 1253 4064 Ἦ
1301 4011 1395 4064 καὶ
1441 4011 1599 4063 πάλιν
1628 4011 1688 4062 τό
1713 4028 1728 4041 ο

163 4135 184 4165 ι
218 4111 432 4166 Μᾶλλον
453 4109 510 4161 δὲ
537 4108 656 4162 ὅλον
683 4107 934 4168 Osirim,»
968 4103 1056 4157 διὰ
1080 4091 1178 4171 τὴν
1202 4102 1562 4172 ἐγγενομένην
1588 4102 1732 4170 αὐτῷ

157 4197 572 4270 κατορθώσαντι
626 4194 725 4265 τὴν
774 4195 1001 4264 έφικτὴν
1051 4191 1358 4264 ἀνθρώποις
1398 4193 1598 4262 ἀρετὴν
1643 4193 1735 4245 καὶ

155 4290 366 4360 γνῶσιν
384 4327 398 4351 ,
438 4290 502 4340 ὲκ
531 4288 630 4354 τῆς
664 4285 801 4356 πρὸς
827 4284 920 4338 τὸν
942 4285 1073 4337 Θεὸν
1105 4284 1201 4336 καὶ
1227 4283 1318 4334 τὸν
1344 4283 1571 4353 πλησίον
1598 4300 1736 4352 συμο

1835 3105 2008 3177 gratia
2063 3105 2364 3159 voluntatis
2419 3121 2448 3157 a
2501 3121 2670 3158 carne
2722 3106 3109 3158 alienationem
3161 3104 3403 3172 perfecta

1833 3196 1955 3264 ejus
1999 3195 2333 3247 naturalium
2383 3194 2682 3247 motionum
2732 3195 3156 3248 circumcisione
3195 3194 3404 3263 ceperit

1833 3298 2022 3358 aperte
2060 3289 2287 3351 indicat,
2313 3290 2574 3342 nimirum
2612 3299 2673 3342 ut
2703 3291 2867 3342 etiam
2910 3290 3024 3358 ipse
3057 3291 3226 3358 gratia
3259 3290 3407 3344 Deus

1835 3376 2013 3440 ﬁeret,
2036 3393 2201 3446 super
2221 3378 2504 3431 materiam
2532 3378 2587 3432 in
2611 3393 2775 3432 carne
2799 3394 2897 3447 per
2922 3379 3213 3441 actionem,
3239 3379 3406 3448 inque

1836 3478 2017 3522 mente
2048 3483 2146 3536 per
2176 3469 2690 3536 contemplationem
2723 3485 2889 3538 super
2915 3469 3166 3531 formam,
3191 3483 3258 3522 ex
3285 3469 3408 3537 qui-

1837 3563 1938 3616 bus
1972 3577 2156 3614 rerum
2188 3570 2384 3613 natura
2420 3568 2669 3623 constat,
2703 3576 2821 3614 sese
2855 3563 3227 3624 constituens,
3253 3569 3313 3616 et
3344 3567 3406 3615 ut

1837 3660 2007 3704 totum
2035 3651 2268 3715 edicam,
2294 3651 2596 3703 secundum
2625 3651 2874 3713 habitum
2899 3651 3122 3705 virtutis
3145 3660 3202 3708 et
3223 3653 3407 3721 cogni-

1840 3745 2004 3796 tionis
2052 3744 2427 3796 immaterialis
2471 3753 2527 3795 et
2572 3743 2759 3796 forma:
2796 3758 2992 3811 expers
3032 3743 3190 3812 plane
3229 3743 3411 3798 factus

1836 3849 1934 3902 per
1963 3833 2130 3886 Deum
2163 3832 2483 3885 Sermonem
2513 3834 2604 3900 qui
2637 3841 2858 3901 propter
2880 3848 2980 3886 nos
3008 3833 3062 3886 in
3091 3833 3319 3886 materia
3351 3842 3406 3888 et

1835 3924 2009 3977 forma
2044 3939 2235 3978 revera
2265 3924 2330 3977 ad
2364 3939 2463 3976 nos
2493 3923 2559 3976 de
2593 3922 2752 3976 nobis
2787 3924 3056 3991 pervenit,
3087 3923 3180 3992 qui
3211 3933 3406 3978 natura

1837 4031 1937 4069 sua
1969 4016 2192 4084 proprie
2222 4025 2306 4068 est
2334 4014 2714 4068 immaterialis
2741 4015 3036 4083 l'ornncque
3069 4030 3283 4083 expers.
3308 4014 3410 4070 Vel

1836 4106 2003 4158 etiam
2039 4119 2250 4166 rursus,
2279 4103 2411 4156 illud
2451 4120 2464 4156 :
2513 4122 2530 4152 ι
2569 4103 2682 4156 lmo
2711 4116 2844 4155 vero
2879 4117 3102 4171 prorsus
3133 4102 3340 4166 divine,
3379 4122 3403 4154 ›

1836 4193 1974 4246 dixit
2024 4201 2249 4261 propter
2293 4194 2442 4261 ejus,
2487 4195 2582 4261 qui
2625 4194 2880 4246 virtutem
2930 4208 2994 4246 ac
3039 4194 3408 4259 cognitionem

1837 4292 2071 4355 quantas
2128 4283 2446 4337 hominibus
2506 4284 2699 4336 liceret
2749 4283 3030 4346 exercuit,
3079 4300 3146 4338 ex
3202 4284 3298 4337 Dei
3351 4293 3408 4338 et

160 4348 420 4443 σταθείας.
451 4348 747 4441 ἀπάθειαν,
774 4378 912 4446 ὑπὲρ
938 4377 1037 4446 τῆς
1062 4375 1172 4429 τῶν
1196 4375 1370 4430 ἄλλων
1395 4348 1614 4443 ὀερειλῆς
1639 4348 1733 4427 τέά-

1840 4348 2075 4442 proximi
2107 4387 2315 4432 amore,
2342 4372 2578 4424 liberum
2612 4371 2680 4424 ab
2714 4370 2914 4425 aﬂ'ectu
2949 4379 3173 4435 statum,
3198 4386 3309 4440 quo
3339 4372 3408 4426 de

159 4488 316 4544 qui:
347 4472 442 4524 καὶ
472 4468 571 4540 τὴν
599 4467 777 4538 ψυχὴν
808 4466 1040 4536 ἑτοίμως
1069 4465 1374 4534 προΐεσθαι,
1408 4464 1483 4526 ὡς
1503 4464 1733 4535 κηλίδων

156 4562 512 4619 ⁸παντάπασιν
547 4558 806 4629 ὑπάρχων
830 4556 1135 4627 ἐλεύθερος.

165 4828 284 4885 Τοῦ
303 4825 511 4888 αὐτοῦ,
536 4825 606 4878 ἐκ
631 4823 738 4876 τοῦ
766 4823 853 4887 είς
878 4823 949 4874 τὰ
973 4820 1264 4876 Γενέθλια
1292 4825 1500 4892 λόγου,
1529 4826 1616 4891 είς
1640 4827 1729 4892 τὸ,

233 4922 420 4988 Νόμοι
465 4920 704 4987 φύσεως
755 4915 1154 4968 καταλύονται
1175 4930 1189 4945 ·
1223 4915 1608 4984 πληρωθῆναι
1641 4918 1738 4972 δεῖ

233 5011 341 5065 τὸν
374 5009 496 5063 ἄνω
530 5009 782 5076 κόσμον.
832 5007 1086 5073 Χριστὸς
1129 5007 1360 5061 κελεύει
1383 5025 1396 5039 ο
1441 5007 1526 5076 μὴ
1563 5009 1729 5062 ἀντι-

234 5100 537 5168 τείνωμεν.
579 5118 595 5148 ι

236 5211 398 5266 Κατὰ
419 5210 680 5281 ἀλήθειαν
707 5211 758 5263 οἱ
789 5209 944 5279 νόμοι
976 5212 1076 5278 τῆς
1105 5207 1320 5277 φύσεως
1341 5209 1735 5274 καταλυθέντες

157 5305 264 5375 τὴν
288 5302 382 5358 τοῦ
425 5302 539 5356 ἄνω
584 5302 790 5371 κόσμου
825 5300 1109 5370 πλήρωσιν
1153 5299 1496 5370 εἰργάσαντο.
1535 5299 1735 5368 Δηλον-

239 5428 264 5459 ⁸
298 5417 538 5486 Philipp.
569 5432 627 5479 ιι,
654 5413 705 5468 8.

1837 4465 2071 4520 aliorum
2104 4463 2292 4517 debito
2326 4463 2566 4532 patiatur
2595 4464 2944 4531 animamque
2973 4463 3211 4518 libenter
3240 4465 3409 4534 proji-

1837 4556 1977 4618 eiat,
2008 4563 2198 4623 utpote
2235 4553 2305 4608 ab
2346 4552 2603 4607 omnibus
2639 4553 2863 4607 omnino
2894 4552 3062 4607 naevis
3090 4563 3149 4608 et
3179 4554 3410 4608 maculis

1835 4647 1998 4701 liber.

1837 4826 2095 4897 Ejusdem
2149 4839 2211 4876 ea:
2261 4840 2500 4876 sermone
2559 4825 2614 4877 iu
2665 4824 3042 4890 Nativitatem,
3092 4828 3147 4879 in
3200 4827 3335 4881 illud
3387 4845 3408 4884 :

1915 4936 1934 4968 ι
1977 4916 2134 4986 Leges
2166 4924 2373 4969 natura:
2406 4914 2711 4978 solvuntur;
2740 4915 2948 4984 impleri
2979 4927 3177 4987 oportet
3204 4927 3255 4973 et
3285 4936 3408 4972 com

1907 5007 2168 5061 summari
2208 5006 2462 5059 mundum
2501 5021 2808 5074 supernum.
2841 5005 3076 5061 Christus
3104 5010 3252 5078 jubet
3287 5028 3307 5065 :
3343 5028 3409 5063 ue

1909 5098 2240 5151 obsistamus.
2276 5116 2294 5147 ι

1909 5207 2080 5278 Leges
2105 5218 2316 5262 naturae
2350 5222 2538 5260 revera
2571 5208 2764 5262 solutae
2795 5209 3018 5278 superni
3047 5211 3236 5264 mundi
3273 5227 3407 5264 con-

1841 5300 2260 5355 summationem
2297 5299 2623 5354 elIecerunt.
2653 5299 2924 5354 Nimirum
2959 5316 3068 5354 non
3103 5302 3296 5358 solutis
3322 5302 3407 5358 eis

1438 5477 1674 5535 VARIE
1712 5477 2112 5534 LECTIONES.

238 5578 284 5609 ⁸³
314 5577 370 5631 ln
401 5575 714 5646 apographo
753 5583 929 5629 exstat
967 5573 1105 5645 ὑπὲρ
1134 5573 1232 5644 τὴν
1264 5570 1452 5642 ὑλικὴν
1481 5573 1620 5624 κατὰ
1649 5569 1828 5642 σάρκα
1851 5571 1951 5642 τῆς
1978 5568 2253 5640 πράξεως,
2283 5583 2404 5635 qua:
2437 5566 2682 5636 supplevi
2717 5579 2773 5623 et
2799 5571 3105 5625 emendavi.

190 5687 352 5808 1HSd)
385 5685 528 5740 Idem
558 5703 678 5757 cap.
733 5685 825 5750 2i,
855 5702 976 5755 pag.
1032 5685 1156 5752 556,
1208 5695 1338 5741 tom.
1391 5683 1412 5738 Ι
1450 5681 1588 5754 Opp.
1639 5679 1728 5738 ed.

213 5770 311 5808 anc
358 5798 370 5808 .

163 5770 347 5811 ιωιιοα
358 5798 370 5808 .

1911 5682 2028 5758 (l9)_
2049 5680 2208 5758 (ξι-ος.
2235 5678 2374 5758 N_az_._
2393 5677 2569 5758 0r._iu
2594 5679 2887 5752 Theophan.
2922 5698 3042 5753 cap.
3083 5685 3136 5750 2,
3188 5701 3246 5758 p.
3275 5687 3397 5753 σει,

1840 5748 1972 5810 tom.
2002 5748 2028 5806 ’1
2059 5748 2194 5821 Opp.
2221 5749 2309 5804 ed.
2335 5748 2534 5804 Bcncd.
