4192 6434
746 363 885 430 1375

1907 367 1970 425 S.
2012 366 2299 426 MAXIMI
2338 366 2850 429 (ll-NFESSORIS

3847 369 3993 432 1276

742 491 1017 546 supernus
1050 491 1290 530 munous
1324 476 1678 544 imperfectus
1718 474 2009 529 mansisset
2040 485 2204 545 atque
2239 475 2323 529 iu-

2442 476 2501 527 ἑτι
2548 475 2625 547 μὴ
2656 478 3070 531 καταλυθέντων
3098 478 3143 509 ⁸⁸
3185 479 3410 547 ἐλλιπὴς
3444 479 3511 532 ἀν
3561 482 3589 532 6
3633 484 3743 533 ἀνω
3793 484 4003 549 κόσμος

742 573 1178 617 consummatus.
1204 562 1463 627 Quaenam
1508 574 1635 617 sunt
1671 572 1853 616 autem
1891 564 2008 617 ista:
2046 579 2169 631 qua:
2210 563 2319 617 sol-

742 659 953 705 vuntur
985 652 1133 720 leges
1168 653 1415 704 nature?
1449 652 1541 705 Est
1573 653 1861 720 conceptio
1898 668 1996 721 per
2027 654 2319 715 sationem,

743 751 801 797 et
834 758 932 812 per
964 742 1269 803 interitum,
1304 750 1363 794 ut
1400 752 1553 811 puto,
1586 744 1889 811 generatio,
1916 759 2149 811 quarum
2189 759 2323 795 neu-

748 846 829 888 tra
850 849 1035 887 veram
1065 833 1158 885 Dei
1189 834 1620 887 incarnationem
1654 836 2064 903 perfectamque
2095 834 2320 886 humani

746 924 995 992 corporis
1038 925 1469 993 assumptionem
1518 924 1675 993 plene
1719 926 2046 995 designavit.
2083 926 2325 979 Sationis

744 1015 894 1067 enim
920 1029 1047 1068 vere
1076 1016 1177 1068 fuit
1207 1016 1514 1083 conceptio,
1539 1026 1594 1070 et
1623 1017 1883 1070 interitus
1905 1017 2134 1069 omnino
2161 1033 2327 1083 gene-

748 1106 918 1167 ratio,
969 1122 1105 1173 pura
1159 1118 1323 1173 atque
1375 1107 1748 1170 immaculata,
1793 1117 2191 1176 proptereaque
2238 1109 2323 1160 vel

748 1204 868 1261 post
890 1196 1132 1264 generati
1168 1206 1382 1264 partum
1414 1199 1565 1266 virgo
1592 1208 1786 1260 mater,
1815 1214 1940 1251 cum
1970 1216 2068 1268 per
2096 1199 2148 1251 id
2176 1198 2324 1267 quod

748 1286 962 1354 peperit
998 1288 1179 1355 potius
1222 1288 1341 1341 sine
1386 1291 1637 1357 passione
1676 1298 2047 1358 permaneret,
2079 1290 2132 1342 id
2178 1290 2323 1358 quod

747 1378 911 1429 etiam
944 1380 1144 1431 mirum
1173 1390 1231 1432 et
1256 1390 1452 1448 pneter
1476 1396 1694 1433 onmem
1724 1390 1933 1435 natura:
1962 1382 2133 1449 legem
2161 1393 2325 1451 atque

750 1465 1019 1519 rationem
1056 1468 1258 1520 factum
1294 1477 1398 1525 est.
1427 1468 1505 1520 uti
1542 1468 1687 1521 Deus
1718 1470 1811 1537 qui
1846 1484 1913 1522 ex
1948 1470 2036 1521 illa
2073 1470 2127 1522 in
2160 1486 2325 1524 carne

748 1556 899 1610 nasci
938 1557 1194 1625 dignatus
1234 1568 1339 1617 est,
1370 1560 1466 1627 qui
1506 1559 1836 1629 virginitatis
1873 1561 2092 1615 vincula
2135 1562 2235 1625 illi,
2270 1570 2330 1614 ut

748 1647 945 1709 matri,
978 1649 1162 1715 potius
1197 1650 1455 1702 astrinxit
1489 1666 1587 1719 per
1620 1651 2054 1719 generationem.
2088 1652 2145 1704 ld
2181 1653 2326 1720 quod

749 1738 895 1791 factu
946 1754 1053 1791 non
1104 1740 1287 1793 minus
1326 1756 1490 1809 quam
1537 1742 1726 1795 auditu
1772 1758 1898 1795 vere
1942 1743 2326 1797 admirandum

2421 566 2658 634 διέμεινε
2695 568 2791 619 καὶ
2836 568 3180 639 ἀπλήρωτος.
3217 572 3374 631 τίνες
3403 573 3460 623 δὲ
3502 573 3550 622 οί
3599 571 4003 637 καταλυόμενοι

2422 655 2577 723 νόμοι
2610 657 2713 724 τῆς
2757 657 2971 723 φύσεώς
3007 662 3181 725 εἰσινς
3243 662 3307 713 ἸΙ
3362 662 3451 713 διά
3496 665 3703 730 σπορᾶς
3740 661 4007 728 adiit-gs;

2425 745 2520 797 καὶ
2558 748 2590 813 ἡ
2620 746 2708 798 διὰ
2733 747 2943 814 φθορᾶς
2984 751 3153 813 ἐστιν,
3187 752 3261 812 Co;
3286 749 3461 819 οἶμαι,
3498 754 3775 818 γέννησις,
3805 747 3879 803 ὦν
3912 754 4009 803 οὐ·

2422 836 2641 903 δὲτερον
2691 836 2792 903 τὴν
2828 838 3089 907 ἀληθινὴν
3132 840 3226 891 τοῦ
3266 840 3402 891 Θεοῦ
3455 842 3735 909 σάρκωσιν
3773 843 3867 892 καὶ
3915 857 4011 890 τε-

2428 924 2575 976 λείαν
2619 926 3033 995 ὲνανθρώπησιν
3079 930 3361 992 παντελῶς
3413 932 3834 999 ἐχαρακτήρισε.
3872 932 4014 981 Σπο-

2432 1018 2532 1083 pi;
2585 1017 2695 1085 γάρ
2749 1016 2965 1085 ἀληθῶς
3023 1020 3056 1087 ἡ
3088 1020 3383 1086 σύλληψις,
3425 1022 3521 1073 καὶ
3552 1021 3756 1091 φθοράς
3808 1023 4011 1087 γέγονε

2426 1107 2662 1174 πάμπαν
2699 1109 2730 1175 ἡ
2772 1107 3049 1176 γέννησις,
3086 1110 3300 1179 καθαρά
3330 1112 3423 1162 καὶ
3459 1112 3759 1178 ἀνέπασος,
3798 1114 3894 1162 καὶ
3923 1111 4017 1161 διὰ

2426 1198 2587 1249 τοῦτο
2621 1199 2896 1267 Παρθένος
2928 1203 3022 1252 καὶ
3060 1203 3197 1269 μετά
3222 1200 3312 1251 τὸν
3341 1202 3497 1252 τόκον
3527 1202 3623 1253 τοῦ
3648 1202 4014 1269 γεννηθέντος

2428 1290 2461 1357 ἡ
2495 1290 2715 1357 Μήτηρ,
2752 1290 2841 1342 διά
2885 1293 2977 1342 τοῦ
3033 1293 3254 1343 τοκετοῦ
3306 1294 3508 1361 μᾶλλον
3541 1293 3755 1361 ἀπαθὴς
3801 1292 4020 1359 δεαμεξο

2428 1394 2593 1441 νασα,
2632 1380 2663 1430 ὃ
2704 1381 2800 1431 καὶ
2841 1381 3141 1449 παράδοξον
3173 1383 3267 1433 καὶ
3298 1384 3471 1433 πάντα
3509 1384 3723 1448 φύσεως
3746 1383 3919 1449 νόμον
3958 1398 4015 1430 τε

2433 1470 2528 1520 καὶ
2555 1469 2713 1536 λόγον
2741 1471 3062 1539 ἐκϐεϐηκὸς,
3094 1475 3185 1525 καὶ
3212 1472 3341 1533 Θεὸς
3363 1476 3391 1524 6
3421 1472 3480 1535 ἐξ
3506 1473 3672 1539 αὐτῆς
3700 1474 3862 1539 σαρκὶ
3880 1488 4019 1537 γεν-

2435 1560 2666 1629 νηθῆναι
2717 1561 3082 1625 καταξιώσας,
3134 1564 3461 1627 διασφίγξας
3512 1565 3650 1630 αὐτῇ
3698 1563 3899 1629 μᾶλλον
3941 1562 4020 1621 ὡς

2434 1651 2603 1718 μητρὶ
2632 1649 2700 1701 τά
2722 1650 2820 1717 τῆς
2839 1652 3138 1720 παρθενίας
3170 1654 3422 1721 (21οα)
3448 1653 3621 1720 δεσμά
3648 1652 3735 1703 διά
3764 1652 3862 1718 τῆς
3894 1668 4022 1716 γεν-

2432 1742 2664 1809 νήσεως.
2691 1742 2765 1792 Τὸ
2793 1741 3107 1811 θαυμαστὸν
3135 1745 3304 1805 ὅντως
3331 1746 3424 1795 καὶ
3454 1746 3683 1812 πρᾶγμα
3711 1747 3805 1794 καὶ
3844 1743 4022 1793 άκουο

748 1836 855 1892 est,
882 1831 1133 1899 generari
1171 1832 1429 1885 nimirum
1468 1834 1730 1887 infantem
1763 1844 1817 1887 et
1849 1844 2008 1903 partu
2039 1836 2151 1899 edi,
2180 1837 2332 1906 geni-

2442 1846 2571 1899 σμα,
2604 1831 2859 1901 γέννησιν
2915 1833 3168 1899 γενέσθαι
3206 1834 3437 1902 βρέφους
3482 1836 3575 1885 καὶ
3622 1834 3870 1903 πρόοδον,
3905 1835 4022 1886 τῶν

751 1916 955 1971 talibus
993 1920 1253 1973 claustris
1295 1921 1487 1973 matris
1530 1938 1638 1976 non
1679 1925 1907 1991 apertis.
1938 1924 2174 1980 Necesse
2216 1936 2338 1981 erat

748 2008 897 2061 enim
938 2024 1152 2073 revera,
1188 2025 1410 2063 necesse
1452 2021 1571 2064 erat
1609 2022 1669 2065 ut
1705 2024 1912 2068 natura:
1952 2016 2205 2070 conditor
2239 2034 2338 2087 per

749 2098 1104 2166 semetipsum
1175 2110 1429 2154 naturam
1496 2104 1799 2157 einendans
1860 2110 2065 2173 primas
2126 2118 2339 2163 natura

752 2188 900 2257 leges
928 2188 1289 2255 dissolveret,
1323 2194 1527 2262 quibus
1560 2207 1849 2262 peccatum
1887 2207 2115 2267 propter
2148 2200 2339 2254 inube-

748 2279 1011 2333 ilientiam
1082 2298 1265 2349 parem
1327 2298 1452 2337 cum
1522 2286 1935 2340 irrationalibus
1998 2290 2331 2344 animalibus

750 2369 1003 2423 homines
1034 2371 1385 2425 damnaverat
1414 2372 1621 2427 habere
1659 2390 1727 2428 ex
1767 2378 2082 2446 semetipsis
2116 2395 2339 2433 succes-

749 2456 962 2512 sionem
1020 2462 1403 2517 continuanda:
1457 2465 1674 2533 stirpis,
1727 2476 1783 2519 et
1832 2468 2024 2535 prima:
2078 2472 2219 2524 adeo
2270 2487 2335 2525 ac

756 2564 943 2603 revera
986 2550 1187 2605 divinae
1230 2554 1533 2608 creationis
1571 2557 1719 2625 leges
1763 2558 2071 2622 innovaret,
2097 2570 2157 2613 ut
2189 2562 2337 2629 quod

757 2642 921 2692 homo
951 2656 1018 2693 ex
1058 2642 1408 2712 negligentia,
1442 2656 1501 2699 ut
1536 2648 1805 2710 inlirmus,
1839 2650 2196 2718 perdidisset,
2235 2653 2339 2707 hoc

756 2732 903 2785 Deus
940 2732 1009 2787 de
1048 2735 1341 2789 clementia
1387 2754 1506 2800 sua,
1540 2750 1599 2792 ut
1639 2750 1855 2808 potens,
1889 2752 2247 2797 restauraret.
2280 2746 2336 2799 Si

756 2823 922 2889 igitur
954 2823 1100 2893 leges
1130 2836 1343 2881 natura:
1366 2829 1435 2882 de
1471 2842 1697 2896 peccato
1728 2833 1997 2902 imposita:
2030 2836 2086 2888 in
2117 2836 2339 2890 Christo

747 2911 949 2979 soluta:
979 2924 1128 2976 sunt,
1154 2925 1211 2968 et
1236 2917 1419 2970 omnis
1445 2918 1740 2972 allectuum
1768 2924 1985 2976 servilis
2008 2924 2339 2979 insurrectio

757 2998 825 3051 de
866 2997 1149 3053 Sermonis
1191 3002 1431 3057 adventu
1472 3008 1693 3074 penitus
1730 3017 1938 3063 remota
1973 3022 2079 3074 est,
2110 3026 2338 3067 necesse

755 3097 841 3141 est
872 3090 1097 3144 omnino
1132 3102 1191 3145 ut
1223 3107 1497 3161 supernus
1532 3097 1771 3151 mundus
1803 3110 2242 3163 consummetur,
2274 3111 2337 3155 ut

759 3181 835 3233 ait
869 3183 1152 3251 magister.
1188 3184 1255 3236 Et
1285 3195 1480 3240 contra
1516 3188 1621 3241 hoc
1660 3205 1728 3241 ne
1762 3190 2170 3259 obstrepamus.
2204 3191 2339 3245 Nam

759 3278 804 3325 si
838 3281 1015 3337 vetus,
1042 3276 1137 3343 qui
1178 3286 1405 3344 peccato
1444 3279 1781 3347 subiacebat,
1809 3280 1979 3334 Adam
2018 3281 2251 3350 simplex
2289 3292 2345 3335 et

759 3364 917 3416 exilis
948 3365 1131 3425 homo,
1162 3366 1366 3433 primas
1403 3368 1458 3419 in
1499 3370 1695 3437 spiritu
1734 3371 1883 3437 leges
1918 3379 2128 3423 natura:
2154 3372 2338 3424 inobe-

762 3454 967 3507 dieutia
1002 3455 1277 3517 dissolvit,
1316 3456 1745 3527 inl‘crioremque
1782 3460 2045 3513 mundum
2075 3462 2228 3529 prole
2262 3477 2348 3515 re-

764 3547 931 3612 plevit
954 3546 1021 3599 de
1049 3562 1149 3599 suo
1176 3552 1384 3602 semine
1414 3560 1470 3602 et
1500 3552 1552 3603 in
1582 3568 1747 3604 carne
1787 3562 1903 3605 sata
1943 3554 1998 3606 in
2035 3554 2344 3618 interitum,

766 3638 1222 3703 transgressionis
1272 3654 1385 3691 sua:
1431 3641 1798 3693 similitudine
1849 3642 2108 3711 princeps
2146 3643 2345 3706 factus,

765 3732 820 3775 et
852 3740 1015 3776 nemo
1044 3725 1399 3794 obloquetur,
1430 3730 1603 3781 multo
1637 3732 1808 3799 magis
1840 3733 1934 3799 qui
1967 3732 2085 3785 sine
2117 3744 2347 3802 peccato

766 3824 851 3866 est
879 3829 1053 3867 novus
1081 3816 1252 3869 Adam
1279 3817 1531 3871 Christus
1558 3821 1703 3873 Deus
1730 3822 1879 3888 leges
1907 3823 2351 3878 irrationalitatis

769 3914 978 3959 natura:
1004 3905 1072 3958 de
1100 3918 1326 3974 peccato
1358 3910 1535 3962 illatas
1560 3910 1896 3975 dissolverit,
1922 3924 1980 3965 ut
2006 3914 2165 3977 ratio,
2190 3929 2353 3982 supc-

773 3996 1083 4065 rioremque
1114 3999 1377 4051 mundum
1414 4014 1558 4053 recte
1595 4002 1661 4054 iis
1689 4003 1983 4071 repleverit
2018 4020 2159 4072 quos
2189 4021 2256 4058 ex
2293 4021 2351 4059 se

775 4088 827 4140 in
874 4088 1072 4155 spiritu
1127 4099 1356 4157 generat
1400 4092 1657 4145 interitus
1702 4104 1987 4163 expertes,
2027 4095 2353 4149 obedientia:

774 4193 885 4231 sua:
932 4179 1296 4234 similitudine
1345 4182 1603 4251 princeps
1644 4184 1839 4238 lactus.
1874 4187 1941 4239 Et
1982 4202 2147 4241 nemo
2189 4189 2351 4241 ﬁdem

774 4269 1007 4338 deneget
1036 4286 1228 4323 eorum
1254 4272 1349 4340 qui
1375 4274 1459 4326 vel
1490 4275 1769 4342 paululum
1801 4288 2096 4332 senserunt
2120 4280 2217 4335 Dei
2254 4282 2355 4334 im—

778 4356 988 4425 perium
1019 4359 1249 4427 ejusque
1282 4362 1711 4430 magnitudinem
1739 4377 2104 4434 agnoverunt.
2136 4368 2226 4421 Sic
2256 4369 2355 4437 igi-

2446 1922 2784 1991 γεννητικῶν
2826 1923 3090 1992 κλείθρων
3132 1925 3227 1993 τῆς
3258 1925 3522 1993 τεκούσης
3553 1925 3625 1993 μὴ
3660 1927 4020 1990 ἀνοιγέντων.

2444 2012 2591 2065 Ἔδει
2638 2014 2746 2082 γάρ
2787 2014 2957 2075 ὅντως
2986 2058 2999 2077 ,
3038 2014 3143 2068 ἔδει
3176 2015 3266 2067 τὸν
3296 2016 3525 2085 ποιητὴν
3554 2016 3652 2081 τῆς
3694 2015 3914 2081 φύσεως
3949 2013 4021 2064 δι’

2439 2102 2634 2155 ἑαυτοῦ
2676 2104 2774 2171 τὴν
2800 2103 2960 2171 φύσιν
2984 2104 3453 2174 ἐπανορθούμενον
3482 2106 3727 2174 πρώτους
3768 2102 4019 2155 καταλῦ-

2440 2210 2529 2245 σαι
2560 2194 2688 2253 τοὺς
2719 2194 2921 2262 νόμους
2953 2194 3049 2261 τῆς
3081 2194 3319 2260 φύσεως,
3347 2190 3430 2256 οἷς
3452 2197 3484 2263 ἡ
3517 2196 3759 2263 ἁμαρτία
3798 2196 3887 2247 διὰ
3922 2196 4025 2261 τῆς

2438 2285 2721 2353 παρακοῆς
2753 2284 2850 2353 τὴν
2875 2286 3044 2354 αὑτὴν
3072 2289 3184 2347 τοῖς
3217 2286 3432 2353 ἀλόγοις
3455 2286 3614 2350 ζώοὶς
3636 2289 3761 2348 τοὺς
3798 2286 4027 2353 ἀνθρὼο

2438 2393 2571 2437 ποῦς
2600 2375 2744 2443 ἔχειν
2776 2376 2873 2443 τῆς
2902 2375 2961 2437 ἐξ
3002 2376 3248 2445 ἀλλήλων
3300 2377 3553 2445 διαδοχῆς
3600 2377 3835 2445 ἰδιότητα
3880 2392 4027 2427 κατ-

2438 2467 2685 2526 εδίκασε,
2714 2466 2806 2517 καὶ
2847 2464 2992 2517 οὕτω
3033 2467 3131 2533 τῆς
3161 2466 3383 2536 πρώτης
3411 2468 3505 2519 xui.
3536 2467 3704 2527 ὄντως
3737 2466 3889 2525 θείας
3925 2467 4027 2533 δη-

2442 2555 2734 2623 μιουργίας
2786 2558 2915 2617 τοὺς
2963 2556 3163 2623 νόμους
3205 2556 3631 2617 ἀνανεώσασθαι,
3668 2558 3755 2609 ἵνα
3804 2558 3953 2624 ὅπερ
3998 2558 4029 2606 ὁ

2438 2645 2727 2715 ἄνθρωπος
2767 2646 2827 2709 ἐξ
2850 2647 3182 2715 ἀπροσεξίας
3215 2647 3290 2708 ὡς
3318 2646 3547 2714 ἀσθενὴς
3578 2650 3835 2716 ἠφάνισε,
3856 2646 4029 2698 τοῦτο

2438 2736 2526 2787 διά
2548 2734 2963 2802 φιλανθρωπίαν
2987 2738 3016 2787 6
3035 2735 3169 2795 Θεὸς
3194 2735 3268 2796 ὡς
3295 2735 3519 2796 δυνατὸς
3547 2736 4026 2805 ἐπανορθώσηται.

2440 2826 2503 2877 Εἰ
2533 2827 2712 2877 τοίνυν
2751 2828 2798 2877 οἱ
2840 2826 2929 2877 διὰ
2967 2825 3065 2895 τὴν
3098 2827 3376 2895 ἁμαρτίαν
3409 2828 3564 2895 νόμοι
3592 2827 3691 2893 τῆς
3717 2827 3942 2893 φύσεως
3969 2831 4029 2879 ἐν

2439 2914 2663 2983 Χριστῷ
2697 2914 3099 2980 κατελύθησαν,
3154 2915 3248 2966 καὶ
3300 2918 3451 2966 πᾶσα
3501 2917 3877 2986 δουλοπρεπὴς
3916 2918 4032 2967 τῶν

2442 3003 2629 3055 παθών
2665 3003 3036 3064 ἐπανάστασις
3085 3003 3172 3055 διὰ
3220 3003 3321 3072 τῆς
3371 3005 3674 3074 παρουσίας
3717 3006 3810 3057 τοῦ
3862 3006 4030 3073 λόγου

2445 3093 2723 3154 παντελῶς
2758 3095 3056 3158 ἀπεγένετο
3082 3135 3097 3158 ,
3135 3094 3491 3163 πληρωθῆναι
3544 3098 3621 3147 δεῖ
3668 3099 3889 3159 πάντως
3938 3100 4034 3150 τον

2446 3184 2556 3235 ἄνω
2583 3184 2811 3251 κόσμον,
2840 3182 2915 3245 ὥς
2942 3200 3108 3251 φησιν
3133 3186 3161 3236 6
3189 3184 3527 3247 διδάσκαλος.
3561 3188 3671 3239 Καὶ
3699 3188 3835 3251 πρὸς
3865 3188 4036 3240 τοῦτο

2450 3276 2523 3341 μὴ
2556 3275 2970 3341 ἀντιτείνωμεν.
3014 3276 3075 3326 Εἰ
3099 3276 3208 3343 γάρ
3234 3277 3264 3326 6
3304 3276 3534 3338 παλαιὸς
3567 3278 3673 3328 ὑπὸ
3717 3279 3818 3345 τὴν
3842 3279 4033 3346 ἀμαρ-

2445 3365 2566 3415 τίαν
2604 3365 2648 3394 ³⁸
2700 3365 2869 3433 ’Δδάμ
2896 3364 3051 3432 ψιλὸς
3097 3366 3382 3435 ἄνθρωπος
3417 3366 3491 3418 ὣν
3519 3368 3644 3428 τοὺς
3680 3370 3944 3437 πρώτους
3976 3372 4036 3420 ἑν

2448 3454 2719 3523 πνεύματι
2754 3457 2951 3524 νόμους
2979 3457 3079 3525 τῆς
3116 3456 3331 3522 φύσεως
3354 3457 3441 3510 διά
3471 3459 3569 3527 τῆς
3604 3461 3898 3528 παρακοῆς
3932 3477 4037 3512 κα·-

2448 3544 2686 3606 ταλῦσας
2714 3546 2805 3596 τὸν
2835 3548 2984 3598 κάτω
3016 3548 3218 3615 κόσμον
3260 3548 3547 3616 ἐπλήρωσε
3578 3549 3688 3599 τών
3719 3551 3843 3601 κατ’
3867 3551 4039 3602 αὐτόν

2453 3636 2616 3702 σαρκὶ
2662 3636 3038 3703 γεννηθέντων
3076 3639 3157 3698 εἰς
3205 3636 3413 3706 φθοράν
3438 3676 3451 3695 .
3483 3638 3560 3705 τῷ
3589 3638 3908 3706 ὁμοιώματι
3938 3641 4041 3707 τῆς

2451 3724 2615 3777 αὑτοῦ
2652 3725 3020 3794 παραϐάσεως
3056 3728 3347 3796 γενόμενος
3398 3728 3663 3796 ἀρχηγὸς,
3714 3732 3815 3781 καὶ
3857 3730 4040 3791 οὐδεὶς

2450 3817 2685 3886 ἀντερεῖ,
2710 3817 2888 3885 πολλῷ
2923 3817 3123 3885 μᾶλλον
3148 3820 3174 3870 6
3204 3819 3592 3887 ἀναμάρτητος
3615 3818 3758 3881 νέος,
3790 3822 3820 3870 6
3863 3821 4042 3888 Ἀδάμ

2455 3905 2688 3975 Χριστὸς
2715 3906 2744 3956 6
2781 3905 2913 3967 Θεὸς
2948 3907 3076 3967 τοὺς
3105 3905 3193 3957 διά
3222 3906 3319 3975 τὴν
3353 3907 3625 3974 ἁμαρτίαν
3673 3908 4041 3975 ἐπεισαχθέν-

2452 4015 2550 4060 τας
2593 4001 2659 4067 τῇ
2708 3997 2866 4066 φύσει
2909 3998 3106 4067 νόμους
3157 4001 3254 4067 τῆς
3303 3997 3526 4063 ἀλογίας
3577 3998 3923 4060 καταλύσας,
3957 4001 4034 4060 ώς

2455 4088 2631 4155 λόγος,
2673 4086 2766 4139 τὸν
2812 4090 2924 4142 ἀνω
2962 4088 3165 4157 κόσμον
3194 4087 3536 4157 πληρώσειεν
3572 4088 3637 4140 ἂν
3668 4088 3902 4151 δικαίως
3933 4091 4043 4141 τῶν

2454 4179 2574 4231 κατ’
2602 4178 2764 4231 αὐτὸν
2794 4181 2874 4240 εἰς
2903 4179 3212 4248 ἀφθαρσίαν
3242 4178 3515 4245 πνεύματι
3538 4181 3930 4246 γεννωμένων,
3963 4180 4042 4248 τῷ

2455 4269 2762 4339 ὁμοιώματι
2800 4269 2900 4337 τῆς
2946 4269 3113 4321 αὑτοῦ
3148 4268 3393 4337 ὑπακοῆς
3437 4269 3727 4336 γενόμενος
3761 4269 4039 4337 ἀρχηγός.

2457 4362 2565 4413 Καὶ
2594 4361 2891 4413 ἀπιστείτω
2922 4359 3110 4427 μηδεὶς
3135 4358 3241 4410 τῶν
3268 4358 3372 4409 κᾶν
3406 4357 3600 4427 μικρὸς
3628 4358 3845 4426 ὲπησθη
3859 4359 4043 4425 μένων

780 4459 870 4499 tur
896 4450 1149 4515 superior
1179 4450 1419 4505 mundus
1449 4454 1695 4521 repletur
1724 4456 1792 4509 iis
1820 4457 1913 4524 qui
1947 4457 2015 4511 de
2044 4457 2268 4513 Christo
2298 4461 2339 4513 ir

2456 4454 2553 4521 τῆς
2583 4452 2676 4504 τοῦ
2724 4450 2859 4502 Θεοῦ
2897 4450 3217 4510 δυναστείας
3248 4449 3429 4500 καὶτὸ
3472 4447 3699 4517 μέγεθος
3734 4449 3918 4515 αὐτῆς
3969 4450 4043 4517 μὴ

779 4538 977 4599 spiritu
1018 4548 1375 4607 generantur,
1395 4550 1451 4593 et
1474 4542 1554 4595 sic
1580 4541 1742 4596 tinem
1771 4544 2000 4598 sortitur
2020 4549 2355 4601 convenien-

782 4637 889 4681 tem
931 4628 1165 4681 carnalis
1204 4638 1261 4683 et
1302 4629 1583 4685 inferioris
1626 4632 1791 4702 hujus
1834 4636 2205 4703 generationis
2246 4638 2353 4701 lex,

779 4727 835 4771 et
868 4717 933 4771 ad
974 4720 1314 4787 superiorem
1353 4722 1620 4775 mundum
1654 4724 1911 4792 aequabili
1947 4727 2129 4779 omnia
2164 4728 2357 4789 ordine

782 4807 1207 4879 dispunguntur.

1202 5106 1324 5159 Alia
1362 5108 1415 5159 in
1458 5108 1597 5161 idem
1636 5109 1943 5161 observatio.

854 5214 992 5269 Cum
1020 5230 1148 5270 vero
1176 5218 1339 5272 aliam
1364 5234 1584 5289 quoque
1610 5221 1857 5291 magistri
1886 5236 2068 5275 sermo
2096 5222 2365 5290 interpre-

790 5304 1052 5361 tationem
1086 5306 1377 5363 admittere
1411 5310 1544 5363 mihi
1572 5311 1844 5374 videatur,
1874 5313 1989 5365 haec
2017 5327 2235 5380 quoque
2266 5326 2364 5380 pro

790 5397 999 5453 viribus
1042 5398 1182 5453 meis
1222 5401 1331 5455 erit
1372 5403 1757 5471 prolionenda,
1793 5403 1908 5457 Deo
1955 5403 2008 5456 in
2055 5402 2367 5473 Evangeliis

791 5486 911 5554 ipso
943 5502 1253 5544 sermonem
1278 5492 1568 5562 dirigenle.
1599 5493 1722 5549 Sola
1752 5506 1807 5549 et
1832 5497 1995 5549 unica
2028 5512 2211 5549 rerum
2244 5496 2366 5548 uni-

2457 4541 2815 4606 ἀγνοούντων.
2857 4538 3013 4590 υῦτω
3044 4539 3142 4605 μὲν
3165 4532 3259 4601 οὖν
3285 4538 3314 4588 6
3341 4537 3453 4589 ἄνω
3489 4538 3692 4605 κόσμος
3726 4537 4044 4607 πληροῦται

2460 4632 2644 4700 (210
2670 4632 2721 4699 ὁ)
2761 4630 2869 4681 τῶν
2901 4628 3043 4681 κατά
3091 4628 3325 4697 Χριστὸν
3356 4630 3413 4680 ἐν
3440 4629 3709 4697 πνεύματι
3757 4629 4044 4696 γεννωμέ-

2459 4740 2604 4784 νων,
2650 4721 2742 4772 καὶ
2796 4720 2937 4771 οὕτω
2976 4722 3154 4787 πέρας
3191 4716 3405 4787 δέχεται
3453 4718 3764 4787 πρόσφορον
3816 4720 3845 4770 6
3898 4719 4042 4771 κατά

2462 4810 2639 4880 σάρκα
2684 4811 2848 4877 νόμος
2899 4810 2991 4861 καὶ
3043 4808 3141 4875 τῆς
3180 4808 3329 4860 κάτω
3364 4809 3702 4875 γεννήσεως.
3751 4809 3852 4859 καὶ
3908 4808 4043 4878 πρὸς

2462 4901 2556 4977 τὸν
2589 4902 2702 4955 ἄνω
2726 4901 2929 4970 κόσμον
2962 4900 3137 4950 πάντα
3182 4898 3667 4967 ἀναρῤυθμίζεται.

2810 5112 3003 5175 Ἀλλη
3033 5108 3281 5174 ἐπιϐολὴ
3308 5110 3394 5174 εις
3422 5109 3488 5159 τὸ
3529 5109 3696 5159 αὐτό.

2549 5219 2765 5289 Ἐπειδὴ
2796 5220 2852 5271 δὲ
2897 5219 2990 5270 καλ.
3016 5217 3175 5271 ἄλλον
3206 5214 3333 5268 νοῦν
3362 5214 3496 5286 πρὸς
3525 5214 3739 5278 τούτοις
3775 5218 3805 5268 6
3842 5216 3943 5268 τοῦ
3966 5216 4043 5268 δι·

2467 5309 2735 5362 δασκάλου
2760 5308 2915 5375 λόγος
2944 5306 3081 5375 ἔχων
3111 5322 3201 5375 μοι
3244 5302 3512 5372 φαίνεται,
3543 5304 3763 5356 λεκτέον
3790 5305 3889 5356 καὶ
3920 5303 4042 5357 τοῦ·

2467 5417 2560 5453 τον
2590 5398 2667 5462 ὡς
2694 5398 2816 5451 καθ’
2850 5400 2995 5468 ἡμᾶς
3027 5400 3142 5450 ἐστι
3173 5394 3417 5457 δυνατὸν,
3458 5395 3593 5447 Θεοῦ
3617 5395 3709 5447 τὸν
3732 5395 3902 5462 λόγον
3932 5394 4043 5448 ἰθύ-

2473 5505 2653 5551 νοντος
2688 5489 2745 5539 ἐν
2778 5491 2889 5551 τοῖς
2920 5485 3292 5554 Εὐαγγελίοις.
3335 5484 3396 5536 'll
3426 5485 3560 5555 μόνη
3584 5484 3693 5537 τῶν
3726 5485 3873 5541 ὅλων
3898 5485 4043 5540 αἰτία

2092 5628 2331 5685 unus
2366 5596 2778 5682 'LECTIONES.

875 5735 918 5765 ”
947 5735 1326 5809 Apographuui
1364 5746 1773 5812 καταλυθέντες.
1854 5750 1896 5780 ³³
1929 5749 1969 5802 Α
1995 5749 2167 5819 prima
2202 5761 2363 5800 manu
2395 5744 2659 5814 scriptum
2697 5750 2779 5795 est
2808 5739 2906 5809 τῆς
2940 5736 3212 5808 ἁμαρτίας
3240 5736 3295 5789 ill
3323 5734 3443 5789 60d-
3469 5733 3609 5789 Gildo
