4192 6434
177 349 298 412 127Ἰ

1396 361 1914 425 AMBIGUORUM
1954 370 2208 434 LIBER.

3271 384 3408 452 1278

173 462 257 516 καὶ
308 462 441 524 Θεὸς
496 461 700 530 Ἰησοῦς
755 464 782 512 ὁ
819 459 956 530 ἐμὸς
1008 464 1065 516 ἐν
1103 467 1438 536 παραϐολαῖς
1489 469 1732 538 κρυφίως

1855 489 2120 532 :ersarum
2161 497 2324 536 causa
2368 493 2532 554 atquc
2574 488 2719 543 Deus
2761 507 2914 546 meus
2952 493 3112 548 Jesus
3153 496 3207 549 iu
3253 513 3410 565 para-

167 551 424 606 διδάσκων
462 551 735 620 πρόϐατον
763 551 912 615 θείας
947 554 1304 616 ἐκατοντάδος
1333 557 1732 624 ἁποςροιτῆσαν,

168 644 258 697 κάλ
282 643 534 713 δραχμὴν
557 643 706 706 θἐίας
737 645 961 707 δεκάδος
991 649 1472 718 παραπολομένην,
1504 649 1597 700 καὶ
1623 651 1734 700 υἱὸν

164 734 370 787 ἄσωτον
415 734 671 802 ἀφραδιῖκ
697 734 741 765 ³⁸
779 734 874 786 τοῦ
917 737 1126 806 πατρὸς
1173 739 1603 808 ἀποπηδήσαντα
1642 740 1736 789 καὶ

168 825 462 895 ἁδελφικῆς
503 825 652 888 θείας
702 826 891 890 δυάδος
932 828 1030 897 τὴν
1083 829 1337 898 ἐμόνοιαν
1371 830 1606 884 λύσαντα
1647 832 1738 882 τὸν

161 915 450 986 ἄνθρωπον
529 917 756 970 ἐκάλεσε
809 919 1086 992 πρόϐατον
1123 923 1221 990 μὲν
1267 922 1341 984 ὡς
1401 924 1735 992 προνοητζν,

160 1003 346 1076 οἶμαι,
391 1008 488 1060 καὶ
539 1009 841 1077 ἀγόμενον,
900 988 1006 1062 καί
1027 1011 1374 1080 ταττόμενον,
1421 1015 1514 1066 καὶ
1559 1015 1737 1083 τριῶν

161 1097 438 1166 χρειωδῶν
461 1097 542 1167 τῷ
570 1101 894 1168 κεκτημένῳ
922 1103 1273 1172 παρεκτικὸν,
1318 1103 1489 1173 μα)ιοῦ
1513 1107 1606 1156 καὶ
1634 1107 1728 1172 ἀμ-

162 1186 254 1241 νοῦ
279 1189 376 1242 καὶ
404 1189 696 1256 γάλακτος,
731 1191 807 1253 ὡς
844 1192 1178 1260 τρεφόμενόν
1213 1210 1272 1244 τε
1320 1195 1413 1246 καὶ
1446 1195 1736 1262 τρέφοντα,

160 1285 241 1354 τῷ
281 1285 426 1355 λόγῳ
471 1303 530 1338 τε
588 1288 682 1339 καὶ
726 1287 802 1354 τῷ
849 1289 1038 1357 τρόπῳ
1065 1289 1166 1356 τῆς
1213 1295 1446 1360 φυσικῆς
1480 1291 1738 1362 θεωρίας,

162 1377 258 1428 καὶ
292 1376 608 1445 ἐνδυόμενον
661 1378 754 1429 καὶ
787 1377 1041 1431 ἐνδύοντα
1085 1379 1163 1449 τῷ
1200 1380 1387 1448 τρόπῳ
1416 1381 1514 1448 τῆς
1545 1382 1742 1450 ήθικῆς

162 1467 485 1535 φιλοσοφίας
508 1508 522 1529 ,
577 1469 670 1520 καὶ
711 1469 1057 1521 ’πλουτοῦντα
1093 1471 1187 1522 καὶ
1219 1470 1568 1532 πλουτίζοντα
1607 1472 1745 1522 κατὰ

161 1560 264 1628 τὴν
299 1558 392 1612 τοῦ
435 1561 625 1627 ὁμοίου
662 1561 915 1629 γέννησιν
947 1561 1023 1630 τῷ
1060 1562 1342 1632 μυστηρίῳ
1375 1564 1472 1631 τῆς
1509 1561 1744 1630 ἀληθοῦς

163 1650 421 1718 ἐποψίας·
454 1651 706 1720 δραχμήν
729 1652 805 1717 δὲ,
834 1652 907 1714 ὡς
939 1651 1191 1720 λαμπρὸν
1219 1654 1309 1704 καὶ
1329 1651 1624 1722 βασιλικὸν,
1654 1654 1745 1704 καὶ

161 1738 243 1808 τῷ
277 1738 379 1807 τῆς
404 1741 617 1802 εἰκόνος
643 1741 787 1810 λόγῳ
821 1745 1321 1812 χαρακτηριστικον
1347 1747 1446 1809 τῆς
1476 1744 1624 1804 θείας
1650 1746 1745 1812 άρ·

165 1831 458 1900 χετυπίας,
492 1833 587 1884 καὶ
617 1832 745 1899 ὅλης
774 1834 1092 1903 ὑπάρχοντα
1119 1835 1214 1902 τῆς
1256 1834 1444 1902 θείκῆς
1473 1834 1742 1903 ὡραιότη-

162 1939 257 1983 τος
291 1922 368 1986 ὼς
413 1923 635 1990 ἐφικτὸν
677 1922 961 1975 δεκτικόν·
1012 1925 1125 1976 υἱὸν
1157 1923 1249 1986 δὲ,
1291 1924 1365 1987 ὡς
1411 1924 1742 1994 κληρονόμον

163 2014 278 2066 τῶν
303 2014 584 2083 πατρικῶν
615 2013 837 2080 ἀγαθῶν
883 2017 975 2067 καὶ
1011 2015 1252 2084 ἰσότιμον
1286 2014 1365 2083 τῷ
1401 2014 1570 2082 πατρὶ
1603 2013 1746 2064 κατὰ

164 2104 265 2174 τὴν
296 2106 362 2156 ἐκ
387 2105 610 2174 χάριτος
643 2105 880 2177 δωρεάν.
911 2106 1115 2158 Τοῦτον
1142 2105 1196 2158 δέ
1240 2106 1331 2156 τὸν
1359 2104 1644 2175 ἄνθρωπον
1671 2104 1745 2165 ὡς

169 2196 272 2264 μὲν
308 2196 581 2266 πρόϐατον
619 2197 963 2268 πλανηθέντα
1002 2199 1031 2250 ὀ
1066 2199 1372 2268 προνοητὴς
1408 2197 1540 2260 Θεὸς
1581 2198 1747 2267 ζητή-

171 2302 274 2349 σας
305 2286 379 2350 ὼς
410 2286 613 2357 ποιμὴν
656 2284 803 2360 εὗρε,
832 2289 926 2342 καὶ
955 2292 1065 2352 τοῖς
1097 2290 1319 2352 οἰκείοις
1347 2287 1517 2358 ὤμοις
1542 2290 1748 2351 ἐπιθεὶς

168 2377 309 2444 πρὸς
338 2377 438 2446 τὴν
461 2377 570 2430 τῶν
605 2378 890 2448 συννόμων
932 2380 1246 2448 ἐπανήγαγε
1297 2378 1558 2448 μάνδραν·
1593 2378 1668 2440 ὼς
1693 2377 1747 2429 δὲ

169 2468 358 2520 εἰκόνα
393 2468 802 2537 συγχωσθεῖσαν
837 2471 1016 2539 (211
1066 2470 1121 2539 a)
1174 2471 1285 2531 τοῖς
1321 2469 1519 2521 πάθεσι
1556 2469 1650 2521 καὶ
1687 2468 1748 2519 τὺ

169 2559 399 2628 ἀρχικὸν
435 2561 630 2624 κάλλος
661 2560 1048 2628 ἀχρειώσαντα
1085 2561 1158 2624 ὡς
1203 2561 1366 2629 σοφία
1407 2561 1506 2632 τὴν
1551 2559 1746 2613 ἐαυτοῦ

172 2653 354 2721 σάρκα
387 2653 580 2722 λύχνου
626 2655 828 2724 τρόπον
873 2655 1076 2722 ἐξάψας
1116 2655 1193 2724 τῷ
1238 2656 1377 2722 φωτὶ
1424 2657 1523 2724 τῆς
1556 2653 1747 2707 ἑαυτοῦ

170 2744 426 2813 θεότητος
469 2747 498 2798 ό
521 2746 692 2814 Λόγος
719 2739 868 2818 εὗρε,
896 2748 987 2800 καὶ
1018 2749 1193 2817 χαρᾶς
1224 2748 1482 2801 ὑπόθεσιν
1507 2746 1748 2817 μεγάλης

173 2839 410 2890 ποιεῖται
453 2839 553 2906 τὴν
602 2836 842 2908 εὕρεσιν,
879 2839 944 2890 δι’
978 2835 1046 2910 ἦς
1090 2839 1189 2906 τῆς
1225 2840 1374 2902 θείας
1407 2839 1628 2902 δεκάδος
1650 2838 1750 2909 τὴν

169 2927 411 2997 ἔλλειψιν
461 2928 867 2999 ἀνεπλήρωσεν.
932 2930 1019 2991 ’ος
1061 2929 1116 2980 δὲ
1159 2929 1274 2980 υἱὸν
1315 2928 1656 2998 νεκρωθέντα
1682 2930 1747 2998 τῇ

170 3020 421 3092 ἁμαρτίᾳ
453 3021 548 3074 καὶ
577 3020 916 3089 ἀπολόμενον
946 3023 1014 3090 τῇ
1062 3022 1191 3090 περὶ
1220 3021 1313 3074 τὸν
1344 3021 1478 3074 Θεὸν
1505 3021 1750 3090 ἀγνωσία

1837 567 1977 619 bolis
2017 572 2231 626 occulte
2274 574 2479 627 docens
2505 576 2572 629 de
2602 594 2702 632 ove
2731 597 2851 648 qua:
2881 582 2947 636 de
2976 582 3165 638 divino
3192 601 3409 641 centum

1839 673 2066 710 nurnero
2102 661 2380 718 aberravit
2404 667 2449 729 ί,
2476 674 2532 719 ct
2564 667 2633 722 de
2669 669 2931 725 drachma
2967 689 3089 741 quae
3123 675 3191 730 de
3226 676 3409 730 divina

1837 746 2040 802 decade
2094 751 2290 805 amissa
2341 766 2426 810 est
2457 769 2515 820 υ,
2555 767 2611 812 et
2659 758 2727 813 de
2778 761 2889 813 ﬁlio
2938 764 3166 833 prodigo
3211 767 3303 834 qui
3353 778 3412 821 et
3467 747 3470 749 ⁸

1839 851 2045 907 pati-cm
2081 842 2483 902 inconsiderate
2514 851 2809 922 dereliquit
2841 864 2898 908 ct
2929 856 3181 911 fraterna:
3214 858 3412 912 divina:

1838 933 2029 1001 dyadis
2048 937 2396 990 concordiam
2416 940 2635 1004 solvit',
2652 944 2926 998 hominem
2947 947 3237 1014 appellavit
3253 963 3410 1002 ovem

1839 1025 2084 1089 quidem,
2113 1036 2171 1080 ut
2199 1030 2356 1098 cujus
2381 1046 2512 1084 cura
2542 1032 2795 1098 habetur,
2822 1045 2974 1104 puto,
3001 1038 3207 1107 quique
3237 1041 3411 1108 agitur

1839 1125 1894 1170 et
1949 1117 2002 1170 in
2057 1117 2308 1174 ordinem
2363 1122 2631 1192 redigitur
2686 1129 3099 1196 possessor-ique
3156 1146 3256 1184 suo
3311 1133 3412 1185 tria

1843 1209 2154 1262 necessaria
2192 1220 2444 1278 premat,
2474 1213 2652 1267 lanam
2685 1224 2741 1268 et
2769 1231 2966 1286 agnum
3001 1229 3056 1271 ct
3089 1220 3201 1285 lac,
3232 1231 3293 1275 ut
3319 1223 3412 1289 qui

1842 1299 2006 1352 alitur
2031 1310 2088 1353 et
2115 1301 2240 1363 alit,
2267 1302 2480 1355 ratione
2511 1312 2565 1357 et
2595 1306 2758 1358 modo
2787 1309 3053 1362 naturalis
3081 1313 3416 1380 contempla-

1845 1388 2033 1452 tionis,
2063 1401 2118 1444 et
2147 1392 2238 1459 qui
2271 1393 2503 1446 vestitur
2530 1403 2588 1448 et
2614 1397 2775 1449 vestit
2801 1400 2963 1453 modo
2990 1401 3214 1454 moralis
3243 1403 3418 1469 philo-

1845 1479 2074 1546 sophiae,
2097 1489 2153 1533 et
2175 1481 2266 1548 qui
2292 1482 2501 1536 ditatnr
2526 1493 2582 1538 et
2605 1485 2744 1538 ditat
2763 1489 3061 1542 secundum
3088 1491 3234 1559 paris
3256 1507 3419 1561 gene-

1848 1569 2114 1621 rationem
2138 1572 2398 1639 mysterio
2415 1589 2557 1626 vera:
2577 1575 2905 1628 intuitionis.
2925 1577 3054 1629 Item
3079 1579 3414 1642 drachmam,

1849 1670 2034 1728 utpote
2069 1661 2297 1714 nitidam
2333 1671 2388 1715 ct
2421 1665 2656 1731 regalem
2695 1665 3053 1735 imaginisque
3084 1668 3251 1722 verbo
3280 1669 3420 1723 divi-

1849 1769 1970 1806 nam
2012 1753 2277 1822 originem
2314 1753 2736 1821 exprimentem,
2766 1763 2821 1809 et
2858 1758 3035 1810 omnis
3067 1757 3264 1813 divinae
3300 1761 3421 1828 pul-

1847 1845 2181 1898 chritudinis
2208 1862 2372 1914 quam
2405 1856 2586 1916 potest
2615 1848 2732 1902 ﬁeri
2762 1864 3037 1918 capacem.
3065 1851 3196 1906 Item
3223 1851 3415 1916 ﬁlium,

1850 1946 1904 1988 ut
1929 1948 2277 2004 paternorum
2303 1939 2572 1992 bonorum
2599 1939 2867 1994 hmredcm
2894 1951 2948 1994 et
2969 1944 3085 2011 pari
3114 1959 3237 1996 cum
3264 1950 3416 2012 patre

1848 2025 2054 2078 honore
2109 2026 2378 2080 fruentem
2435 2027 2503 2081 de
2556 2029 2742 2098 gratia:
2794 2045 3040 2083 munere.
3086 2031 3241 2084 Hunc
3287 2046 3419 2086 vero

1848 2107 2124 2168 hominem
2162 2125 2416 2184 tanquam
2451 2131 2611 2171 ovem
2643 2127 2921 2173 errantem
2955 2120 3100 2173 Deus
3125 2119 3420 2188 providen-

1850 2207 1921 2259 tia
1953 2221 2050 2259 sua
2076 2207 2398 2277 vestigatam
2429 2216 2490 2262 ut
2514 2220 2700 2278 pastor
2727 2209 2956 2272 invenit,
2978 2212 3203 2279 suisque
3229 2212 3421 2264 hume-

1849 2296 1923 2349 ris
1958 2297 2212 2365 injectam
2253 2297 2322 2351 ad
2358 2301 2696 2353 consortium
2734 2301 2876 2354 ovile
2915 2301 3152 2354 reduxit.
3189 2302 3258 2356 Ut
3290 2303 3424 2356 ima-

1848 2385 2027 2455 ginem
2053 2401 2185 2438 vero
2215 2385 2506 2439 ali‘ectibus
2534 2389 2953 2456 conspurcatam
2977 2398 3032 2440 et
3057 2389 3222 2456 regali
3248 2389 3422 2442 forma

1849 2477 2098 2531 orbatam
2145 2478 2339 2532 Sermo
2359 2518 2371 2542 ,
2404 2487 2464 2531 ut
2495 2478 2766 2547 sapientia
2795 2479 2880 2532 sui
2914 2479 3085 2547 ipsius
3116 2495 3334 2532 carnem
3369 2480 3422 2533 in

1850 2568 2087 2623 lucerna:
2111 2569 2333 2622 modum
2364 2569 2642 2623 incensam
2669 2570 2790 2624 luce
2815 2569 3118 2623 divinitatis
3139 2586 3250 2633 sua:
3277 2570 3425 2622 iuve-

1849 2661 1950 2723 nit,
1980 2671 2036 2715 et
2062 2663 2240 2732 magni
2271 2661 2455 2731 gaudii
2487 2663 2834 2716 occasionem
2876 2662 3019 2715 hanc
3055 2662 3422 2714 inventionem

1852 2752 2012 2815 facit,
2044 2769 2151 2822 qua
2193 2753 2394 2808 divinae
2439 2755 2662 2808 dccadis
2703 2755 2979 2808 defectum
3028 2752 3320 2821 supplevit.
3357 2753 3425 2808 Ut
3520 2762 3523 2763 '

1852 2845 2022 2898 ﬁlium
2056 2861 2186 2898 vero
2217 2855 2444 2914 peccato
2474 2846 2860 2900 mortiﬁcatum
2899 2855 2957 2898 et
2989 2845 3081 2898 Dei
3121 2844 3421 2912 ignorantia

1852 2935 2128 3004 perditum
2175 2945 2234 2990 ut
2275 2947 2431 3006 pater
2461 2938 2652 2990 bonus
2697 2937 2953 2989 reducem
2996 2936 3232 3003 recepit,
3265 2934 3425 3004 eique

1851 3025 2096 3094 pristina:
2137 3025 2422 3095 dignitatis
2464 3026 2696 3096 insignia
2739 3027 2897 3095 plene
2938 3039 3129 3078 rursus
3165 3023 3334 3086 indit,
3368 3037 3423 3078 et

172 3111 249 3171 ὡς
287 3110 471 3180 πατὴρ
503 3109 707 3178 ἀγαθός
736 3111 1137 3180 ἐπιστρέφοντα
1168 3113 1502 3181 προσήκατο,
1525 3112 1619 3163 καὶ
1645 3111 1746 3179 τῆς

1855 3114 1993 3183 quod
2025 3114 2318 3166 maximum
2351 3114 2596 3166 omnium
2635 3129 2766 3167 sane
2802 3121 2885 3166 est
2919 3112 3118 3180 cuique
3151 3127 3422 3165 summum

175 3201 449 3270 προτέρας
483 3199 642 3263 ἀξίας
671 3199 942 3268 ἐπιτίθησι
974 3200 1134 3252 πάλιν
1174 3199 1478 3262 ἀνελλιπῶς
1507 3201 1574 3252 τά
1613 3217 1749 3267 γνω-

178 3288 444 3362 ρίσματα,
473 3293 567 3345 καὶ
595 3293 656 3344 τὸ
690 3292 754 3360 δὴ
798 3292 1052 3360 μέγιστον
1088 3292 1324 3344 πάντων
1345 3292 1439 3344 καὶ¹
1472 3290 1748 3361 μυστικά)⁹

173 3399 360 3447 τατον,
385 3383 477 3434 τὸν
513 3383 708 3452 μόσχον
733 3381 851 3433 θύει
880 3382 971 3434 τὸν
1002 3381 1265 3444 σιτευτὸν,
1294 3381 1442 3443 ὅστις
1473 3383 1601 3434 ποτὲ
1637 3378 1702 3450 ἦν
1723 3384 1751 3433 ό

178 3475 380 3544 μόσχος
401 3467 556 3534 οὗτος
584 3474 678 3526 καὶ
706 3476 741 3544 ή
763 3473 958 3527 τούτου
981 3473 1282 3543 παράδοξος
1311 3472 1473 3524 θυσία
1496 3467 1669 3541 (οἶμαι
1695 3472 1750 3524 δὲ

177 3565 260 3619 δτι
288 3566 317 3617 ό
341 3564 639 3634 ἀκρότατός
679 3567 795 3618 ἐστι
831 3564 926 3618 τοῦ
958 3565 1099 3618 κατὰ
1134 3565 1232 3634 τὴν
1268 3564 1420 3617 θείαν
1448 3565 1542 3617 καὶ
1576 3565 1750 3634 ἄρρη-

177 3674 269 3710 τον
290 3657 551 3728 πρόνοιαν
580 3657 944 3728 ἀπερινοήτου
977 3657 1071 3710 καὶ
1094 3656 1370 3724 ἀγνώστου
1399 3657 1599 3726 τρόπου
1623 3674 1752 3726 κρυο

178 3749 447 3818 φιώτατός
478 3766 538 3801 τε
577 3751 670 3802 καὶ
699 3748 1107 3817 ἀγνωστότατος
1147 3749 1340 3816 Λόγος,
1387 3750 1478 3801 καὶ
1506 3751 1538 3817 ἡ
1564 3748 1752 3801 τούτου

179 3839 490 3909 θεοπρεπὴς
522 3843 633 3902 τοῖς
664 3836 782 3893 οὖσι
818 3840 1149 3910 μετάδοσις),
1187 3842 1280 3892 καὶ
1309 3842 1483 3909 χαρᾶς
1512 3841 1754 3909 ἀρρήτου

180 3934 418 3986 ποιεῖται
445 3932 742 4000 κεφάλαιον
766 3931 859 3984 τοῦ
892 3931 1008 3983 υίοῦ
1039 3933 1137 4000 τὴν
1161 3932 1436 3990 ἐπάνοδον,
1463 3930 1567 4000 πλη
1579 3931 1756 4000 prima-

180 4041 284 4078 σαν
337 4023 695 4093 μεγαλοφυῶς
749 4022 858 4076 τῶν
908 4023 1040 4075 υἱῶν
1087 4023 1182 4092 τὴν
1228 4022 1414 4085 δυάδα,
1459 4023 1578 4092 ἥτις
1627 4023 1757 4075 ποτέ

181 4118 335 4170 ἐστιν
366 4115 530 4186 αὕτη,
569 4116 664 4168 καὶ
704 4117 737 4184 ἡ
774 4114 880 4185 πρὸ
920 4115 1088 4183 αὐτῆς
1129 4113 1291 4176 δεκάς
1323 4113 1434 4166 τῶν
1475 4114 1754 4184 δραχμῶν,

182 4208 281 4261 καὶ
313 4209 349 4278 ή
392 4207 498 4277 πρὸ
533 4207 754 4276 ἐκείκης
777 4206 888 4258 τῶν
926 4206 1218 4278 προϐάτων
1263 4206 1580 4269 ἐκατοντάς.
1623 4206 1760 4277 ξιερὶ

182 4293 260 4353 ὧν
289 4299 386 4353 νῦν
430 4299 632 4368 λέγειν,
671 4301 719 4353 εί
766 4301 933 4364 δοκεῖ,
980 4297 1425 4370 παραλείψωμεν,
1457 4299 1762 4366 εὐκαιρότε-

186 4410 283 4462 ρον
343 4394 402 4444 ἐν
444 4393 624 4455 ἄλλοις
687 4390 802 4463 μετ’
847 4390 1123 4460 ἐμμελοῦς
1174 4391 1500 4459 ἐξεργασίας
1547 4389 1636 4442 τὸν
1676 4387 1758 4454 ἐφ’

1857 3203 1999 3256 inest
2027 3203 2348 3272 mysterium
2367 3243 2380 3265 ,
2408 3202 2640 3255 vitulum
2679 3211 2878 3256 mactat
2909 3202 3244 3271 saginatum,
3278 3202 3428 3270 quis-

1856 3293 1981 3360 quis
2005 3302 2125 3345 erat
2151 3292 2358 3345 vitulus
2389 3292 2490 3346 iste
2517 3299 2573 3345 et
2606 3293 2896 3346 miriﬁcum
2941 3296 3061 3362 ejus
3100 3291 3425 3345 sacriﬁcium

1859 3381 1997 3450 (erat
2020 3396 2170 3443 vero,
2194 3389 2252 3434 ut
2277 3381 2408 3434 mihi
2434 3381 2673 3444 videtur,
2693 3397 2941 3436 summus
2964 3381 3031 3434 de
3056 3380 3240 3434 divina
3265 3388 3431 3449 atque

1860 3469 2122 3523 ineﬁ‘abili
2170 3470 2518 3538 providentia
2570 3470 3021 3540 imperceptibilis
3067 3480 3124 3524 et
3168 3470 3429 3539 incogniti

1860 3561 2006 3614 modi
2042 3562 2235 3615 Sermo
2269 3561 2672 3616 occultissimus
2707 3569 2870 3625 atque
2907 3561 3064 3629 plane
3101 3560 3430 3631 incognitus.

1857 3654 2086 3722 ejusque
2127 3669 2250 3706 cum
2288 3654 2370 3708 eis
2405 3653 2499 3722 qui
2543 3653 2813 3706 exsistunt
2850 3652 3035 3706 divina
3067 3653 3434 3705 communica-

1863 3744 2065 3815 tio),et
2100 3760 2200 3814 pro
2236 3744 2420 3815 gaudii
2462 3743 2760 3798 ineﬁ'abilis
2803 3757 3016 3796 summa
3056 3741 3152 3796 ﬁlii
3195 3741 3432 3795 reditum

1862 3838 2048 3900 habet,
2072 3853 2180 3905 qua
2209 3837 2444 3890 ﬁliorum
2482 3836 2614 3907 dvas
2648 3834 2935 3904 magniﬁce
2971 3834 3185 3901 expleta
3220 3842 3276 3885 et
3307 3847 3436 3885 con-

1862 3938 2130 3985 summata
2161 3937 2262 3991 est,
2289 3927 2542 3998 quisquis
2569 3934 2653 3981 est
2674 3924 2887 3980 reditus
2916 3925 3040 3987 iste,
3065 3933 3123 3978 et
3151 3923 3437 3977 drachma—

1865 4037 1985 4076 rum
2022 4035 2144 4090 quae
2177 4034 2303 4072 eum
2338 4033 2640 4088 praegressa
2677 4026 2761 4071 est
2796 4016 2988 4078 decas,
3013 4023 3068 4069 et
3097 4013 3281 4067 ovium
3311 4026 3438 4066 cen—

1865 4121 1980 4166 tum
2023 4123 2287 4164 numerus
2327 4117 2454 4162 ante
2497 4108 2639 4161 hanc
2683 4113 3168 4160 commemoratus.
3198 4103 3437 4170 De.qui-

1867 4203 1998 4264 bus,
2026 4201 2071 4254 si
2098 4199 2282 4260 lubet,
2311 4212 2460 4251 nunc
2489 4196 2674 4250 dicere
2702 4195 3048 4257 omittamus,
3076 4190 3439 4262 opportunius

1867 4293 1920 4346 in
1952 4291 2073 4345 aliis
2097 4304 2223 4344 cum
2249 4298 2510 4341 accurato
2540 4285 2727 4340 studio
2754 4283 2982 4354 mystice
3019 4282 3073 4336 in
3111 4293 3438 4349 unoquoque

1868 4400 1990 4454 qum
2040 4381 2171 4435 insit
2218 4393 2481 4442 numero,
2525 4377 2570 4431 si
2621 4378 2769 4432 Deus
2813 4373 3065 4437 dederit,
3099 4371 3439 4427 observaturi

183 4454 406 4554 ἐκάστῳ
435 4483 654 4554 ἀριθμῷ
687 4454 984 4554 ,μυστικως
1029 4482 1162 4534 ε)εοῦ
1191 4454 1422 4543 διδόντος
1459 4483 1501 4513 ³⁷
1535 4481 1752 4549 συνοψό·

1874 4475 2162 4530 rationem.
2196 4472 2252 4526 Si
2291 4471 2456 4539 igitur
2485 4477 2544 4522 ut
2575 4484 2732 4523 ovem
2766 4467 2946 4520 bonus
2978 4473 3164 4535 pastor
3197 4461 3444 4517 humeris

188 4593 348 4647 μενοι
378 4575 559 4643 λόγον.
606 4577 666 4628 El
698 4575 875 4627 τοίνυν
923 4573 999 4636 ὡς
1057 4573 1155 4642 μέν
1200 4573 1474 4642 πρόϐατον
1521 4574 1550 4626 ὁ
1602 4573 1766 4634 καλὸς

185 4665 398 4735 ποιμὴν
430 4667 542 4727 τοῖς
572 4662 745 4733 ὤμοις
775 4663 983 4727 ἐπιθεὶς
1016 4663 1152 4735 πρὸς
1182 4664 1248 4716 τὰ
1278 4663 1521 4731 σύννομα
1551 4663 1642 4714 τὸν
1673 4663 1766 4716 ἄν·

188 4760 411 4830 θρωπον
435 4756 778 4826 ἐπανήγαγε,
803 4756 899 4808 καὶ
921 4754 996 4817 ὠς
1025 4753 1278 4825 δραχμὴν
1317 4742 1408 4806 διὰ
1431 4753 1526 4821 τῆς
1559 4753 1768 4814 εἰκόνος

187 4850 293 4920 τὴν
331 4847 616 4917 βασιλικὴν
648 4846 960 4899 ἐκτύπωσιν
993 4845 1187 4915 ἔχοντα
1243 4844 1336 4897 τὸν
1383 4844 1666 4912 ἄνθρωπον
1694 4844 1769 4906 ὡς

191 4938 361 5008 σοφία
385 4938 480 4992 τοῦ
501 4937 636 4992 Θεοῦ
668 4939 762 4992 καί
793 4938 1004 5008 Πατρδς
1034 4939 1128 4990 καὶ
1154 4937 1381 5006 δύναμις
1403 4936 1489 4988 διὰ
1513 4936 1611 5005 τῆς
1640 4951 1771 5006 σαρ-

190 5029 421 5092 κώσεως
450 5025 608 5100 εὗρεν
636 5031 663 5083 ὁ
692 5029 893 5100 Κύριος
924 5027 1016 5081 καὶ
1039 5027 1250 5099 Σωτὴρ,
1285 5029 1378 5080 καὶ
1405 5027 1482 5087 ὡς
1508 5026 1621 5079 υἱὸν
1651 5029 1772 5078 ἐπτι-⁴

195 5120 506 5190 στρέφοντα
547 5122 864 5192 προσήκατο
909 5121 938 5173 ὁ
990 5119 1190 5186 ἀγαθὸς
1234 5119 1327 5171 καὶ
1362 5117 1772 5187 πανοικτίρμων

197 5214 421 5284 Πατὴρ,
458 5213 552 5267 καὶ
578 5216 693 5276 ταῖς
730 5214 852 5266 κατ’
884 5212 1114 5282 οὐρανὸν
1151 5211 1413 5278 δυνάμεσι
1438 5209 1774 5279 συναριθμή-

199 5317 307 5364 σας
349 5300 712 5370 ἐγκατέταξεν
734 5343 750 5367 ,
792 5303 1024 5356 ἐκάστου
1084 5299 1196 5353 τῶν
1247 5301 1306 5352 ἐν
1361 5301 1475 5363 τοῖς
1524 5300 1774 5368 οὐρανοῖς

198 5391 445 5464 ἀριθμοῦ
487 5393 783 5466 πληρώσας
815 5393 914 5464 τὴν
947 5392 1188 5462 ἔλλειψιν
1233 5391 1324 5444 διὰ
1358 5391 1454 5445 τοῦ
1507 5390 1774 5455 σωθέντος

287 5513 306 5547 ί
330 5508 464 5565 Luc.
490 5527 579 5575 xv,
612 5511 663 5566 4.
735 5523 762 5550 ιι
794 5510 926 5566 ibid.
953 5509 1006 5565 8.
1081 5520 1110 5548 '
1144 5509 1276 5566 ibid.
1305 5509 1390 5565 12.

1871 4567 2127 4636 injectam
2169 4562 2237 4616 ad
2285 4569 2574 4615 consortes
2614 4559 2892 4613 hominem
2934 4555 3262 4626 reportavit,
3294 4560 3350 4606 et
3386 4559 3446 4606 ut

1872 4655 2189 4710 drachmam
2227 4653 2468 4722 regalem
2510 4652 2567 4704 in
2605 4650 2842 4719 imagine
2881 4647 3112 4718 eﬁigiem
3153 4647 3444 4701 habentem

1874 4739 2152 4800 hominem
2193 4749 2256 4796 ut
2289 4741 2562 4810 sapientia
2597 4741 2692 4795 Dei
2735 4757 2798 4794 ac
2838 4738 3012 4792 Patris
3048 4747 3105 4792 et
3138 4739 3315 4792 virtus
3353 4752 3450 4807 per

1875 4836 2346 4892 carniﬁcationem
2376 4834 2644 4888 Dominus
2671 4842 2727 4888 et
2756 4832 3006 4887 Salvator
3035 4831 3272 4891 invenit,
3301 4838 3357 4883 et
3390 4836 3450 4882 ut

1876 4929 2050 4984 ﬁlium
2086 4926 2348 4981 reducem
2387 4926 2566 4979 bonus
2599 4932 2656 4978 et
2691 4939 2909 4992 semper
2944 4921 3260 4977 misericors
3293 4921 3451 4974 Pater

1878 5029 2160 5090 receptum
2227 5017 2545 5074 ccelestibus
2609 5014 2980 5084 potestatibus
3033 5011 3448 5072 annumeravit,

1880 5113 2316 5183 uniuscujusque
2352 5108 2595 5166 cmlestis
2628 5107 2847 5161 numeri
2885 5105 3100 5162 defectu
3138 5119 3236 5173 per
3271 5101 3450 5155 homi-

1879 5220 2006 5260 nem
2035 5203 2301 5258 salvatum
2330 5200 2608 5269 suppleto,
2633 5198 2983 5254 manifestum
3011 5204 3094 5250 est
3119 5193 3266 5264 quod
3295 5191 3454 5247 Chri-

1880 5305 1997 5352 stus
2019 5295 2167 5350 Deus
2194 5292 2534 5362 superiorem
2560 5290 2826 5345 mundum
2851 5286 3164 5356 complevit,
3190 5284 3375 5338 divine
3396 5282 3452 5336 in

1880 5387 2176 5458 sentietipso
2205 5385 2321 5454 ipse
2345 5395 2672 5439 cunctorum
2699 5382 2928 5436 salutem
2959 5386 3236 5448 operatus.

1485 5621 1724 5678 VARIE
1755 5618 2164 5677 LECTIONES.

299 5719 346 5754 "
376 5717 761 5790 Apographum
796 5717 1066 5790 ἀφθαδῶς.

1156 5717 1199 5750 ³⁷
1229 5717 1430 5775 Eadem
1461 5731 1655 5773 manus
1679 5714 1917 5772 correxit
1948 5713 2206 5785 μυστικὸν
2237 5710 2311 5776 ὡς
2345 5705 2479 5763 Θεοῦ
2508 5705 2762 5770 διδόντος,
2790 5712 2894 5759 etc.
