4192 6434
740 403 876 466 1279

1902 407 1963 465 s.
2000 403 2283 464 MAXIM]
2329 380 2849 462 CONFESSORIS'

3852 395 3992 458 1280

743 510 1058 580 ἀιθρὼπου,
1092 510 1248 580 δῆλον
1275 512 1350 573 ὡς
1376 510 1466 563 τὸν
1491 511 1603 564 ἄνω
1674 514 1877 581 κόσμον
1943 512 2232 583 ἐπλήρωσε
2260 510 2495 580 Χριστὸς
2532 512 2561 563 6
2626 510 2783 577 Θεὸς,
2824 508 2923 581 τὴν
2972 510 3188 565 πάντων
3220 512 3281 565 ὲν
3322 510 3502 581 ἑαυτῷ
3534 509 3857 579 θεοπρεπῶς
3904 512 3998 562 αό-

740 605 1053 676 τουργήσας
1078 604 1375 672 σωτηρίαν.

1133 780 1256 834 Alia
1286 782 1340 833 in
1370 783 1506 835 idem
1535 781 1927 850 contemplatio.
2344 784 2392 838 Δ

809 894 916 949 Sed
954 893 1118 947 aliter
1154 909 1408 963 quoque.
1443 894 1487 947 si
1529 895 1739 963 placet,
1771 896 1915 949 hanc
1954 895 2315 964 questionem

740 993 1157 1055 pertractemus.
1186 986 1290 1051 Qui
1328 1002 1511 1041 rerum
1549 1000 1803 1041 accurate
1835 987 2195 1056 dispexerunt
2223 1003 2319 1041 na-

740 1086 942 1137 turam,
965 1076 1398 1145 uniuscujusque
1426 1084 1637 1131 natura:
1663 1078 1837 1146 legem
1867 1076 2097 1131 rationis
2124 1093 2320 1131 secun-

740 1167 870 1220 dum
894 1182 1057 1236 quam
1084 1168 1155 1221 sit
1180 1178 1235 1220 et
1257 1168 1533 1222 exstiterit
1554 1177 1899 1222 constantem
1924 1180 1981 1223 et
2006 1169 2323 1222 immutabi-

741 1257 848 1311 lem
878 1258 1208 1312 soliditatem
1237 1274 1357 1313 esse
1388 1268 1658 1323 statuunt,
1685 1269 1741 1313 et
1778 1260 1913 1329 legis
1944 1269 2155 1313 natura:
2190 1260 2325 1315 deti.

743 1348 1010 1401 nitionem
1042 1349 1121 1402 sic
1148 1349 1287 1403 bene
1314 1364 1372 1403 se
1397 1349 1624 1413 habere,
1652 1359 1711 1402 ut
1735 1350 1868 1403 mihi
1894 1350 2135 1413 videtur,
2163 1367 2325 1405 nemo

744 1436 976 1491 rationis
1011 1438 1289 1508 particeps
1320 1439 1415 1492 ubi
1448 1440 1683 1493 audierit
1710 1456 1820 1494 non
1854 1443 2141 1496 concedet.
2168 1441 2327 1507 Quod

744 1527 790 1579 si
825 1540 1018 1580 verum
1050 1538 1167 1593 est,
1203 1538 1429 1597 apparet
1463 1530 1581 1598 lege
1616 1538 1830 1583 natura:
1864 1532 2181 1585 necessario
2220 1544 2327 1587 tam

747 1619 1019 1671 rationem
1061 1627 1275 1673 natura:
1312 1620 1577 1674 cuStodiri
1624 1621 1977 1686 inviolatam,
2009 1639 2172 1691 quam
2210 1626 2329 1694 ejus

748 1707 1057 1760 secundum
1116 1708 1445 1777 positionem
1498 1710 1727 1763 omnino
1784 1712 1967 1764 locum
2023 1715 2331 1781 perservari

748 1797 1119 1851 immutatum.
1149 1799 1352 1853 Verum
1390 1802 1485 1870 qui
1526 1802 1643 1871 lege
1685 1810 1743 1855 et
1784 1802 1998 1858 ratione
2042 1812 2099 1858 et
2136 1814 2332 1860 natura

748 1888 1029 1958 sapienter
1069 1908 1165 1959 per
1202 1893 1446 1963 singulas
1487 1896 1699 1963 species
1738 1910 1923 1948 rerum
1964 1896 2333 1952 substantiam

750 1978 999 2043 deﬁniit,
1030 1981 1077 2034 is
1104 1990 1305 2037 natura
1334 1992 1393 2037 et
1422 1986 1539 2054 lege
1565 1993 1621 2039 et
1650 1985 1931 2038 intellectu
1957 1996 2013 2040 et
2040 1988 2252 2041 ratione
2280 1998 2335 2042 et

755 2068 879 2124 loco
904 2081 962 2123 et
986 2073 1231 2126 motione
1260 2075 1515 2142 superior
1538 2077 1843 2131 secundum
1873 2078 2085 2131 nullum
2113 2088 2337 2131 natura-

751 2160 887 2216 lium
926 2163 1038 2233 agit
1070 2164 1152 2218 eis
1187 2181 1309 2233 qua:
1342 2176 1552 2221 natum
1592 2169 1839 2239 subjecta
1879 2179 2026 2234 sunt,
2065 2172 2162 2225 sed
2200 2172 2335 2226 sibi-

753 2253 973 2323 metipsi
1016 2266 1384 2325 congruenter
1426 2258 1480 2311 in
1533 2260 1602 2313 iis
1641 2276 1763 2329 quae
1803 2261 2091 2330 subjacent
2126 2273 2335 2317 naturae

753 2352 971 2399 sectans
994 2349 1491 2415 supernaturaliter
1514 2365 1578 2403 ea
1602 2366 1723 2419 quae
1750 2351 2052 2406 secundum
2078 2362 2335 2408 naturam

754 2442 883 2487 sunt
909 2444 965 2488 et
997 2435 1127 2489 facit
1148 2444 1205 2490 ct
1235 2438 1463 2506 patitur,
1496 2440 1781 2509 utrisque,
1811 2449 1923 2494 tam
1966 2442 2072 2495 sibi
2109 2443 2336 2511 patienti

752 2540 917 2592 quam
948 2526 1029 2579 cis
1054 2541 1176 2594 quae
1206 2526 1344 2580 ﬁunt
1372 2528 1602 2583 miriﬁce
1646 2532 1969 2585 custodiens
2010 2533 2337 2587 naturaliter

754 2614 1019 2669 illibatam
1066 2619 1460 2673 constantiam.
1494 2618 1572 2673 Ita
1615 2629 1671 2674 et
1717 2620 1786 2673 ad
1834 2637 1935 2675 nos
1982 2622 2099 2690 ipsc
2148 2636 2336 2675 revera

755 2716 937 2760 motus
984 2721 1082 2760 sua
1129 2708 1274 2777 apud
1324 2725 1429 2764 nos
1475 2712 1795 2779 apparentia
1843 2712 2121 2780 perfectus
2173 2712 2338 2765 homo

754 2796 932 2851 factus
955 2806 1072 2861 est,
1098 2799 1253 2853 nullo
1280 2809 1461 2855 tamen
1491 2801 1655 2855 modo
1681 2803 1747 2857 de
1777 2806 2075 2873 semetipso
2124 2814 2335 2869 motus,

758 2885 1082 2954 nullumque
1119 2888 1279 2955 plane
1318 2889 1511 2943 localis
1552 2892 2080 2960 circumscriptionis
2122 2895 2341 2963 pericu-

756 2975 869 3029 lum
908 2986 1189 3045 expertus,
1225 2986 1389 3047 atque
1429 2994 1530 3033 nos
1568 2981 1810 3049 perfecte
1855 2983 2155 3047 deiﬁcavit,
2196 2984 2339 3037 nihil

756 3065 982 3118 omnino
1030 3076 1235 3120 nostra:
1285 3075 1498 3124 naturae
1549 3070 1618 3125 de
1677 3072 2056 3127 immutatione
2109 3076 2340 3128 interci-

758 3155 935 3223 piens,
963 3162 1252 3226 totumque
1293 3172 1356 3211 ac
1391 3159 1556 3227 plene
1604 3176 1662 3214 se
1705 3163 1929 3217 tradens
1968 3173 2024 3216 et
2061 3173 2235 3217 totum
2273 3166 2341 3219 de

761 3243 1028 3298 ineffabili
1087 3244 1457 3315 inviolataque
1515 3249 1723 3301 unione
1782 3250 2004 3316 plenum
2063 3250 2341 3304 hominem

758 3348 986 3387 sumens
1028 3334 1169 3388 nihil
1217 3335 1287 3390 de
1340 3338 1513 3390 altera
1562 3339 1905 3407 perfectione
1956 3340 2243 3403 diminuit,
2286 3348 2343 3393 et

2778 778 2974 843 ’Ἄλλη
3025 778 3236 844 θεωρία
3267 778 3355 842 εις
3377 777 3444 828 τὸ
3468 777 3638 829 αὑτό.

2489 892 2600 944 Kal.
2628 890 2803 953 ἄλλως
2848 890 2927 954 δὲ,
2958 892 3007 942 εί
3040 890 3207 955 δοκεῖ,
3258 891 3628 958 θεωρήσωμεν
3674 889 3737 940 τὸ
3775 888 4003 957 προκεῖ-

2425 998 2586 1049 μενον
2630 981 2855 1050 ἄπορον.
2906 982 3074 1033 Φασὶν
3122 984 3170 1033 oi
3216 981 3326 1032 τῶν
3360 981 3540 1047 (211
3590 979 3642 1046 b)
3688 979 3858 1030 ὅντων
3900 979 4005 1047 τὴν

2423 1071 2585 1139 φύσιν
2631 1071 2872 1137 ἀκριὸῶς
2914 1072 3306 1141 διαθρήσαντες
3347 1074 3511 1139 νόμον
3574 1065 3716 1122 εἶναι
3784 1069 4006 1138 φύσεως

2424 1162 2665 1231 ἑκάστης
2706 1162 2803 1230 τὴν
2847 1161 2941 1214 τοῦ
2993 1163 3113 1215 καθ’
3147 1165 3205 1215 ὅν
3236 1165 3354 1215 ἐστι
3386 1162 3480 1215 καὶ
3511 1161 3808 1230 γεγένηται
3838 1160 4009 1227 λόγου

2425 1253 2646 1323 ἀρρεπῆ
2696 1254 2791 1305 καὶ
2823 1252 3183 1305 ἀναλλοίωτον
3217 1253 3574 1322 μονιμότητα,
3602 1251 3697 1303 καὶ
3727 1250 3912 1312 καλῶς
3939 1248 4012 1302 ἂν

2427 1344 2571 1413 ἔχειν
2606 1343 2750 1397 οὕτω
2765 1345 2855 1396 τὸν
2872 1346 2996 1414 ὅρον
3017 1343 3111 1395 τοῦ
3146 1347 3310 1413 νόμου
3333 1344 3430 1412 τῆς
3459 1342 3697 1409 φύσεως,
3719 1343 3794 1404 ὡς
3827 1338 4010 1410 οἶμαι,

2430 1438 2539 1498 πᾶς
2575 1436 2738 1503 λόγου
2780 1435 3120 1505 μετειληφὼς
3167 1435 3382 1487 ἀκούων
3438 1435 3785 1503 συνθήσεται.
3844 1435 3906 1485 Εἰ
3953 1434 4013 1484 δὲ

2430 1526 2588 1579 τοῦτό
2616 1527 2768 1578 ἐστιν
2801 1526 3020 1595 ἀληθὲς,
3042 1526 3285 1591 δηλονότι
3309 1528 3336 1577 ὁ
3366 1527 3533 1593 νόμος
3564 1525 3663 1593 τῆς
3699 1524 3919 1591 φύσεως
3954 1523 4019 1585 εξ

2431 1617 2677 1685 ἀνάγκης
2711 1615 2900 1686 ῶσπερ
2925 1616 3018 1667 τὸν
3051 1615 3207 1682 λόγον
3237 1614 3592 1684 ἀπαράϐατον
3624 1614 3882 1679 φυλάττει
3910 1613 4020 1679 τῆς

2435 1704 2672 1774 φύσεως,
2713 1704 2856 1756 οὕτω
2888 1705 2983 1756 καὶ
3016 1704 3109 1756 τὸν
3146 1704 3316 1770 αὐτῆς
3352 1703 3495 1756 κατὰ
3545 1702 3643 1771 τὴν
3678 1701 3831 1754 θέσιν
3870 1701 4023 1753 πάν-υ

2434 1814 2539 1859 τως
2569 1797 2820 1866 διατηρεῖ
2856 1796 3019 1848 τόπον
3062 1794 3429 1865 ἀμετάθετον.
3478 1794 3621 1847 Ἀλλ’
3661 1796 3689 1846 6
3734 1794 3886 1862 νόμῳ
3921 1794 4026 1845 καὶ

2436 1888 2579 1956 λόγῳ
2622 1890 2716 1941 καὶ
2749 1888 2909 1956 φύσει
2956 1886 3136 1954 σοφῶς
3180 1886 3423 1955 διορίσας
3460 1885 3582 1937 καθ’
3604 1885 3838 1937 ἕκαστον
3873 1878 4031 1943 εἶδος

2436 1979 2535 2049 τὴν
2560 1979 2669 2031 τῶν
2691 1979 2860 2032 ὅντων
2895 1980 3214 2039 ὑπόστασιν,
3248 1977 3388 2046 ὑπὲρ
3416 1976 3577 2045 φύσιν
3600 1975 3699 2026 καὶ
3728 1976 3891 2043 νόμον
3923 1974 4032 2025 καὶ

2440 2072 2563 2124 νοῦν
2595 2072 2692 2124 καὶ
2711 2072 2869 2139 λόγον
2900 2070 2994 2122 καὶ
3020 2070 3186 2121 τόπον
3215 2071 3307 2119 καὶ
3331 2067 3546 2135 κίνησιν
3572 2066 3858 2134 ὑπάρχων,
3889 2065 4028 2116 κατ’

2436 2161 2589 2213 οὐδὲν
2618 2162 2727 2211 τῶν
2772 2159 2913 2212 κατά
2948 2157 3108 2227 φύσιν
3152 2159 3367 2227 ἐνεργεῖ
3397 2160 3509 2218 τοῖς
3539 2154 3643 2207 ὑπὸ
3677 2154 3863 2223 φύσιν,
3897 2154 4032 2204 ἀλλ’

2437 2252 2613 2322 ἐαυτῷ
2664 2251 2958 2321 προσφυῶς
3006 2250 3143 2319 ὑπὲρ
3194 2248 3355 2315 φύσιν
3402 2249 3470 2300 τὶ
3514 2248 3656 2299 κατά
3705 2246 3865 2313 φύσιν
3911 2244 4034 2296 τῶν

2439 2343 2543 2397 ὑπὸ
2598 2343 2759 2411 φύσιν
2812 2343 3213 2412 μετερχόμενος
3268 2339 3373 2409 δρᾷ
3411 2355 3470 2390 τε
3512 2339 3608 2390 καὶ
3645 2338 3861 2406 πάσχει,
3912 2338 4036 2403 ἀμ-

2440 2437 2558 2504 φοῖν
2595 2432 2877 2501 φυλάττων
2920 2430 3098 2501 ἐαυτῷ
3148 2447 3208 2483 τε
3256 2431 3520 2498 πάσχοντι
3573 2428 3667 2481 καὶ
3716 2431 3827 2489 τοίς
3874 2428 4035 2495 δρω-

2442 2525 2625 2594 μένοις
2659 2522 2978 2591 παραδόξως
3012 2522 3153 2575 κατά
3200 2520 3361 2591 φύσιν
3395 2520 3695 2591 ἀκραιφνὲς
3721 2518 3783 2570 τὸ
3810 2518 4029 2585 ἀμετά-

2440 2615 2614 2669 ϐολον.
2654 2613 2813 2667 Οὕτω
2876 2631 2932 2666 τε
2961 2614 3112 2667 κάτω
3167 2613 3303 2684 πρὸς
3362 2612 3509 2681 ἡμᾶς
3565 2611 3729 2672 αὐτὸς
3776 2606 4034 2676 κινηθεὶς

2441 2707 2659 2777 ἀληθῶς
2696 2710 2762 2777 τῇ
2814 2705 2938 2759 καθ’
2992 2707 3139 2775 ἡμᾶς
3194 2705 3454 2772 ὲκφάνσει
3506 2701 3790 2770 ἄνθρωπος
3827 2702 4034 2766 γέγονε

2441 2796 2664 2859 τέλειος,
2715 2795 2791 2864 μὴ
2841 2792 3079 2863 κινηθεὶς
3120 2792 3314 2844 ἑαυτοῦ
3360 2791 3423 2843 τὸ
3471 2791 3734 2859 παράπαν
3785 2790 3880 2840 καὶ
3931 2789 4034 2851 τῆς

2442 2888 2500 2939 ὲν
2544 2886 2693 2955 τόπῳ
2740 2885 3086 2954 περιγραφῆς
3130 2882 3397 2952 μηδαμῶς
3434 2883 3633 2949 πεῖραν
3680 2877 3889 2942 λαϐὼν,
3938 2897 4037 2929 και

2441 2979 2588 3047 ἡμᾶς
2620 2976 2819 3029 ὲθέωσε
2849 2974 3090 3037 τελείως,
3124 2972 3290 3043 μηδὲν
3312 2972 3469 3042 ἡμῶν
3495 2971 3592 3041 τῆς
3634 2970 3849 3039 φύσεως
3895 2986 4040 3021 παν-

2442 3069 2648 3120 τάπασι
2698 3067 2819 3119 κατ’
2869 3064 3151 3118 ἀλλοίωσιν
3212 3063 3566 3132 ὑφελόμενος,
3616 3058 3736 3113 ὅλον
3794 3078 3853 3111 τε
3907 3059 4040 3121 δοὺς

2443 3160 2746 3221 ἀνελλιπῶς
2785 3160 2977 3211 ἑαυτὸν
3020 3158 3113 3210 καὶ
3144 3157 3263 3209 ὅλον
3309 3156 3453 3207 κατά
3499 3153 3597 3224 τὴν
3628 3153 3911 3222 ἄφραστον
3940 3154 4037 3203 καὶ

2444 3250 2724 3320 ἀλώὅητον
2747 3250 2939 3302 ἕνωσιν
2965 3249 3149 3317 πλήρη
3182 3248 3272 3300 τὸν
3300 3246 3587 3315 ἄνθρωπον
3609 3244 3845 3312 εἰληφὼς
3874 3242 4039 3295 οὐδὲν

2442 3343 2541 3409 τῆς
2570 3343 2690 3393 κατ’
2720 3342 2907 3409 ἕτερον
2933 3341 3167 3409 ἐμείωσε
3196 3339 3563 3405 τελειότητος,
3596 3337 3689 3390 καὶ
3718 3336 3867 3387 ἐστιν
3896 3336 4040 3405 ἀλη-

758 3440 949 3480 revera
992 3435 1077 3480 est
1114 3436 1262 3480 totus
1299 3427 1446 3481 Deus
1489 3427 1658 3490 idem,
1686 3438 1742 3481 et
1785 3438 1931 3482 totus
1970 3431 2136 3483 homo
2174 3429 2340 3493 idem,

2446 3431 2555 3493 θῶς
2590 3432 2708 3494 ὅλος
2736 3431 2866 3494 Θεὸς
2902 3434 2929 3483 6
2958 3432 3140 3493 αὐτὸς,
3180 3431 3273 3482 καὶ
3301 3430 3423 3491 ὅλος
3446 3428 3732 3498 ἄνθρωπος
3772 3430 3801 3479 6
3843 3427 4037 3490 αὐτὸς,

760 3516 891 3570 dum
939 3517 1232 3586 utriusque
1274 3533 1467 3572 eorum
1512 3518 1566 3571 in
1606 3519 1809 3587 quibus
1852 3536 2040 3573 revera
2083 3529 2169 3573 est
2210 3535 2343 3574 con-

762 3608 1131 3661 summatione
1163 3608 1385 3662 sibimet
1413 3610 1740 3663 testiﬁcatur
1770 3612 2057 3680 utriusque
2090 3612 2345 3665 immuta-

764 3695 1030 3748 bilitatem
1068 3703 1231 3763 atque
1276 3696 1659 3749 constantiam.
1690 3696 1781 3750 Sic
1820 3698 1964 3750 Deus
2003 3697 2167 3751 solvit
2200 3697 2348 3766 leges

762 3791 995 3847 naturae,
1024 3782 1154 3836 dum
1186 3785 1687 3853 supernaturaliter
1714 3786 1769 3838 in
1796 3786 2144 3840 naturalibus
2173 3787 2346 3840 utitur

762 3882 980 3927 natura.

762 4092 889 4150 Alia
916 4092 1309 4163 contemplatio,
1342 4095 1396 4147 in
1444 4093 1582 4148 illud
1611 4111 1628 4149 :
1662 4114 1680 4144 ‹
1719 4092 2096 4151 Consummari
2143 4110 2346 4169 oportet

1195 4183 1451 4237 mundum
1492 4186 1839 4254 superiorem.
1873 4204 1891 4235 ι

836 4310 893 4366 Si
916 4311 1085 4381 igitur
1108 4309 1381 4373 Christus,
1397 4316 1458 4362 ut
1477 4310 1665 4370 homo,
1681 4309 1947 4363 delibatio
1964 4320 2169 4366 nostra:
2188 4322 2349 4365 natu-

766 4418 842 4456 ra
870 4413 926 4456 et
949 4402 1107 4471 quasi
1137 4402 1467 4456 fermentum
1504 4403 1674 4455 totius
1694 4416 1886 4455 massae
1912 4402 2056 4471 apud
2084 4404 2251 4457 Deum
2284 4420 2348 4458 ac

767 4492 988 4547 Patrem
1015 4500 1121 4555 est,
1151 4502 1233 4546 cst
1265 4507 1398 4546 vero
1426 4492 1569 4561 apud
1606 4492 1776 4544 Dcum
1810 4508 1872 4546 ac
1904 4494 2118 4547 Patrem
2155 4511 2349 4550 secun-

767 4582 901 4636 dum
949 4583 1308 4637 humanitatis
1358 4584 1677 4652 Opinionem
1718 4584 1765 4637 is
1804 4584 1898 4653 qui
1950 4601 2229 4654 nunquam
2279 4590 2347 4641 de

768 4685 867 4726 sua
911 4671 969 4725 in
1028 4670 1195 4725 Patre
1246 4670 1529 4724 soliditate
1569 4671 1838 4732 excessit,
1893 4679 1953 4723 ut
2009 4672 2233 4734 Sermo.
2276 4689 2347 4728 nc

768 4763 1113 4833 ambigamus
1157 4762 1315 4831 quin,
1367 4762 1670 4816 secundum
1729 4763 1903 4831 ipsius
1940 4763 2083 4832 apud
2129 4764 2345 4818 Patrem

771 4856 1117 4925 petitionem,
1166 4870 1268 4908 nos
1321 4853 1494 4907 futuri
1537 4854 1712 4907 simus
1744 4854 1839 4906 ubi
1885 4854 2001 4923 ipse
2049 4865 2135 4909 est
2173 4857 2348 4910 nostri

774 4946 993 5016 generis
1045 4944 1331 5000 delibatio.
1390 4943 1864 5009 Quemadmodum
1918 4945 2067 4998 enim
2122 4955 2351 5015 propter

775 5051 877 5092 nos
906 5025 1191 5092 descendit
1225 5037 1568 5099 immutatus,
1608 5045 1664 5090 et
1687 5037 1853 5090 homo
1875 5036 1945 5090 ad
1975 5038 2148 5091 nostri
2180 5037 2353 5092 instar

773 5128 953 5182 factus
999 5136 1087 5181 est
1128 5138 1327 5197 praeter
1369 5128 1543 5181 ullum
1586 5137 1896 5197 peccatum,
1932 5137 2221 5203 postquam
2256 5130 2355 5183 ad-

674 5244 677 5245 ν
780 5218 1108 5274 mirabiliter
1152 5220 1314 5275 solvit
1364 5220 1512 5290 leges
1573 5228 1811 5283 naturae,
1866 5220 1942 5273 ita
1994 5235 2099 5274 nos
2135 5235 2356 5289 quoque

776 5319 1184 5379 consequenter
1232 5325 1331 5377 per
1391 5325 1518 5363 eum
1573 5310 1963 5375 ascendemus,
2017 5313 2115 5366 Dei
2162 5312 2355 5378 futuri,

781 5407 844 5453 ut
868 5398 982 5465 ille,
1012 5400 1203 5469 gratia:
1228 5400 1512 5469 mysterio,
1544 5400 1794 5470 nihilque
1828 5411 2086 5456 naturam
2112 5412 2357 5457 nostram

781 5489 1009 5542 omnino
1055 5489 1492 5543 immutabimur.
1547 5492 1727 5560 Atque
1782 5494 1877 5557 ita,
1916 5496 2218 5549 secundum
2271 5510 2361 5549 sa-

784 5580 1028 5650 pientem
1052 5580 1398 5649 magistrum,
1425 5582 1681 5650 superior
1709 5598 1900 5639 rursus
1928 5586 2171 5653 repletur
2195 5602 2357 5639 mun-

784 5673 910 5735 dus,
950 5672 1214 5725 membris
1255 5672 1507 5742 corporis
1538 5689 1605 5727 ex
1641 5674 1907 5744 dignitate
1951 5686 2115 5747 atque
2161 5680 2359 5733 merito

786 5762 855 5818 ad
894 5773 1061 5833 caput
1088 5765 1453 5835 congregatis,
1487 5766 1747 5821 nimirutn
1797 5784 1921 5823 cum
1960 5786 2121 5825 suum
2156 5787 2353 5825 unum-

2444 3525 2510 3592 τῇ
2542 3521 2662 3573 κατ’
2714 3522 2883 3590 ἄμφω
2931 3519 3039 3571 τῶν
3070 3522 3129 3572 ὲν
3166 3514 3247 3581 οἷς
3295 3518 3511 3587 ἀληθῶς
3561 3516 3677 3569 ἐστι
3726 3516 4040 3585 τελειότητι

2450 3612 2742 3682 μαρτυρῶν
2784 3611 2961 3681 ἐαυτῷ
3005 3611 3063 3663 τὸ
3124 3612 3247 3663 κατ’
3297 3610 3464 3679 ἄμφω
3506 3609 3779 3677 ἀτρεπτόν
3831 3626 3894 3660 τε
3945 3610 4041 3660 καὶ⁵

2446 3697 2857 3752 ἀναλλοίωττον.
2899 3698 3056 3751 Οὕτω
3094 3698 3210 3750 λύει
3256 3698 3383 3759 τοὺς
3412 3697 3610 3765 νόμους
3650 3696 3754 3765 τῆς
3795 3697 4043 3765 φύσεως,

2449 3788 2589 3859 ὑπὲρ
2624 3788 2785 3856 φύσιν
2815 3790 2872 3841 ὲν
2897 3791 3011 3853 τοῖς
3060 3788 3200 3842 κατὰ
3237 3787 3400 3856 φύσιν
3434 3788 3497 3855 τῇ
3530 3785 3691 3848 φύσει
3725 3786 4043 3857 χρώμενος.

2448 3881 2477 3932 ὁ
2498 3880 2651 3943 Θεός.

2454 4104 2650 4168 ’Ἄλλη
2683 4101 2918 4169 θεωρία,
2956 4105 3042 4166 είς
3071 4103 3158 4155 τό’
3198 4121 3216 4152 ι
3242 4100 3639 4170 Πληρωθῆναι
3664 4101 3759 4155 δεῖ
3782 4103 3895 4154 τὸν
3919 4103 4046 4156 ἄνω

3086 4192 3340 4259 κόσμον.
3370 4212 3389 4242 ο

2523 4317 2587 4368 Ei
2608 4316 2786 4367 τοίνυν
2820 4314 3045 4386 ἀπαρχὴ
3071 4318 3168 4386 τῆς
3202 4314 3324 4368 καθ’
3371 4317 3519 4385 ἡμᾶς
3542 4316 3783 4383 φύσεως,
3814 4316 3897 4379 ὡς
3948 4318 4043 4368 ἀν-

2454 4404 2695 4475 θρωπος,
2726 4405 2871 4457 ὲστίν
2891 4407 2919 4458 6
2953 4406 3187 4475 Χριστὸς
3214 4406 3352 4475 πρὸς
3386 4406 3478 4458 τὸν
3510 4405 3641 4458 Θεὸν
3668 4406 3765 4457 καὶ
3795 4407 4043 4474 Πατέρα.

2454 4496 2548 4549 καὶ
2578 4491 2689 4549 οἷον
2723 4496 2868 4567 ζύμη
2892 4484 2987 4549 τοῦ
3016 4497 3136 4549 ὅλου
3162 4500 3504 4567 φυράματος,
3532 4497 3648 4549 ἐστι
3674 4498 3731 4549 δὲ
3773 4498 3921 4565 πρὸς
3956 4499 4045 4548 τὸν

2452 4588 2585 4641 Θεὸν
2619 4591 2712 4641 καὶ
2764 4588 2984 4658 Πατέρα
3029 4589 3167 4641 κατά
3216 4589 3313 4658 τὴν
3347 4588 3588 4641 ἐπίνοιαν
3620 4592 3718 4657 τῆς
3750 4588 4044 4657 ἀνθρωπό-

2450 4695 2611 4748 τητος
2662 4680 2690 4731 ὁ
2746 4677 3015 4747 μηδέποτε
3060 4677 3158 4743 τῆς
3188 4678 3246 4728 ὲν
3273 4676 3352 4747 τῷ
3380 4678 3555 4747 Πατρὶ
3582 4679 3782 4739 ὲκστάς
3814 4680 4045 4747 μονιμὸ-

2383 4811 2424 4865 D
2451 4787 2614 4841 τητος
2636 4808 2650 4833 ,
2686 4769 2762 4832 ὼς
2816 4768 2990 4836 λόγος,
3029 4767 3211 4837 (212
3247 4766 3301 4833 a)
3335 4767 3851 4865 plpdmosﬁowpev
3924 4768 4044 4819 ἔσε-

2460 4860 2603 4924 σθαι,
2647 4859 2788 4913 κατά
2838 4860 2937 4927 τὴν
2988 4858 3153 4911 αὐτοῦ
3202 4858 3337 4927 πρὸς
3388 4858 3481 4909 τὸν
3532 4859 3754 4929 Πατέρα
3798 4859 4043 4929 αἴτησιν,

2460 4949 2587 5002 ἔνθα
2620 4950 2780 5011 αὐτός
2818 4950 2966 5000 ἐστιν
2998 4950 3031 5018 ἡ
3078 4948 3304 5018 ἀπαρχὴ
3361 4947 3455 5000 τοῦ
3509 4947 3779 5017 ἡμετέρου
3826 4949 4043 5016 γένους.

2472 5043 2561 5104 Ὠς
2599 5042 2708 5111 γὰρ
2753 5044 2942 5107 γέγονε
3000 5041 3151 5092 κάτω
3196 5039 3263 5091 δι’
3319 5040 3466 5109 ἡμᾶς
3518 5038 3902 5100 ἀναλλοιώτως
3955 5042 4044 5092 καὶ

2464 5132 2752 5203 ἄνθρωπος
2786 5132 2907 5184 καθ’
2945 5134 3094 5201 ἡμᾶς
3132 5132 3298 5201 χωρὶς
3330 5134 3500 5201 μόνης
3534 5130 3837 5200 ἁμαρτίας,
3875 5131 4043 5191 λύσας

2460 5223 2757 5294 ὑπερφυῶς
2785 5224 2913 5286 τοὺς
2944 5222 3143 5290 νόμους
3176 5224 3276 5291 τῆς
3306 5221 3543 5291 φύσεως,
3577 5221 3721 5273 οὕτω
3751 5222 3851 5273 καὶ
3883 5225 4042 5291 ήμεξ

2460 5314 2601 5367 κατά
2632 5312 2693 5365 τὸ
2726 5311 3017 5365 ἀκόλουθον
3044 5312 3157 5364 ἀνω
3194 5311 3263 5364 δι’
3306 5310 3468 5364 αὐτὸν
3523 5310 3897 5378 γενησόμεθα,
3952 5311 4043 5361 καὶ

2461 5407 2573 5459 θεολ⁵
2602 5406 2721 5458 κατ’
2752 5405 2917 5458 αὑτὸν
2944 5403 3023 5473 τῷ
3058 5403 3159 5469 τῆς
3182 5403 3402 5473 χάριτος
3432 5401 3741 5473 μυστηρίῳ,
3784 5402 3959 5471 μηδὲν
3986 5401 4041 5452 τὸ

2463 5495 2725 5565 παράπαν
2775 5493 3114 5555 ἀλλοιοῦντες
3152 5494 3251 5563 τῆς
3293 5492 3528 5560 φύσεως.
3569 5492 3678 5543 Καὶ
3716 5490 3867 5543 οὕτω
3910 5490 4040 5559 πλη·

2470 5585 2656 5656 ροῦται
2691 5584 2853 5637 πάλιν
2912 5582 3053 5636 κατὰ
3099 5583 3189 5635 τὸν
3250 5583 3412 5652 σοφὸν
3462 5582 3783 5636 διδάσκαλον
3845 5584 3877 5634 6
3936 5582 4041 5635 ἂνω

2467 5676 2690 5745 κόσμος,
2722 5676 2857 5745 πρὸς
2882 5675 2979 5744 τὴν
3020 5674 3260 5745 κεφαλὴν
3293 5676 3400 5728 τῶν
3430 5672 3607 5743 μελῶν
3653 5673 3748 5726 τοῦ
3789 5673 4040 5741 σώματος

2471 5770 2589 5823 κατ’
2619 5768 2771 5834 ἀξίαν
2818 5767 3221 5838 συναγομένων,
3270 5768 3500 5821 ἑκάστου
3545 5764 3791 5835 δηλονότι
3853 5763 4035 5833 μέλους
