4192 6434
195 382 308 448 1281

1401 370 1917 430 AMBIGUORUM
1955 370 2205 430 LIBER.

3259 375 3398 443 1282

191 493 244 557 τῇ
275 483 397 539 κατ’
426 479 622 551 ἀρετὴν
651 478 911 547 ὲγγὺτητι
958 475 1060 548 τὴν
1104 474 1416 550 πρέπουσαν
1459 475 1607 544 αὐτῷ
1650 476 1736 527 θέο
1765 485 1808 535 Α
1836 493 1846 528 1

1765 485 1808 535 Α
1836 477 2091 544 quodque
2133 478 2439 530 membrum
2470 491 2569 544 pro
2599 479 2820 533 virtutis
2850 493 2963 532 sua:
2989 481 3396 552 propinquitate

189 595 262 631 σιν
296 574 385 627 διὰ
407 572 505 640 τῆς
551 565 965 639 ἀρχιτεκτονίας
1005 565 1099 619 τοῦ
1157 564 1463 632 πνεύματος
1500 566 1733 633 ἐναρμο-

188 666 298 724 νίως
327 659 696 730 λαμϐάνοντος
731 656 822 708 καὶ
854 651 1297 724 συμπληροῦντος
1333 652 1426 704 τοῦ
1459 652 1525 704 τὰ
1558 654 1734 704 πάντα

186 756 236 805 ὲν
262 752 392 804 πᾶσι
425 745 798 818 πληρουμένου
820 743 880 796 τὸ
907 743 1064 812 σῶμα
1085 743 1146 795 τὸ
1177 743 1352 794 πάντα
1379 739 1617 810 πληροῦν
1643 741 1736 794 καὶ

182 845 242 894 ἐκ
267 841 482 894 πάντων
511 835 906 907 πληρούμενον.
935 833 1058 887 Εἴτε
1082 833 1196 897 οὖν,
1221 833 1296 894 ὡς
1327 831 1564 901 εἴρηται,
1595 833 1736 885 κατὰ

178 931 270 1000 τὴν
312 928 684 997 πνευματικὴν
744 925 1100 992 άναγέννησιν
1159 923 1267 976 τῶν
1320 921 1460 974 κατὰ
1505 924 1735 992 Χριστὸν

179 1020 545 1090 γεννωμένων,
585 1017 695 1069 εἴτε
729 1017 871 1068 κατὰ
899 1014 996 1084 τὴν
1026 1016 1082 1066 ὲν
1109 1014 1327 1084 Χριστῷ
1355 1015 1446 1066 καὶ
1483 1014 1568 1066 διὰ
1601 1016 1733 1083 Χρι-

179 1111 300 1166 στοῦ
327 1108 696 1180 γεγενημένην
721 1106 828 1160 τῶν
858 1109 971 1168 τοῖς
1018 1106 1263 1174 οὐρανοῖς
1298 1105 1570 1173 μυστικῶν
1615 1106 1736 1174 ἀρι-

180 1204 327 1274 θμῶν
358 1200 760 1270 ἀναπλήρωσιν,
795 1197 895 1265 τῆς
929 1213 988 1248 τε
1027 1195 1174 1258 θείας
1208 1196 1348 1265 φημὶ
1371 1196 1480 1248 τῶν
1507 1195 1737 1263 λογικῶν

179 1294 464 1363 προϐάτων
520 1288 890 1353 ὲκατοντάδος,
941 1287 1036 1340 καὶ
1084 1287 1182 1354 τῆς
1221 1287 1329 1338 τῶν
1370 1288 1569 1356 νοερῶν
1611 1288 1742 1355 δρα-

183 1380 330 1450 χμῶν
372 1377 639 1449 μυστικῆς
673 1375 914 1437 δεκάδος,
963 1374 1054 1426 καὶ
1085 1374 1183 1442 τῆς
1207 1372 1315 1425 τῶν
1362 1374 1493 1426 υἱῶν
1548 1373 1736 1442 τιμίας

173 1467 380 1531 δυάδος,
413 1466 522 1518 εἴτε
551 1463 689 1517 κατὰ
716 1463 816 1533 τὴν
853 1462 962 1515 τῶν
991 1461 1166 1531 μελῶν
1198 1461 1290 1514 τοῦ
1319 1461 1566 1532 σώματος
1601 1461 1736 1532 πρὸς

173 1557 271 1626 τὴν
300 1556 505 1608 οἰκείαν
531 1553 768 1622 κεφαλὴν
800 1553 892 1604 καὶ
923 1552 1057 1622 πρὸς
1083 1551 1180 1622 τὴν
1212 1552 1346 1604 ἰδίαν
1367 1551 1617 1622 ἀπαρχὴν
1642 1551 1736 1604 τοῦ

1837 565 2253 618 convenientem
2306 565 2410 618 sibi
2447 565 2628 618 locum
2677 582 2774 634 per
2805 569 3034 636 spiritus
3062 572 3398 627 architecto-

1836 653 1983 707 niam
2030 663 2398 720 congruenter
2458 654 2730 716 obtineat,
2782 665 2948 724 atque
2995 659 3115 727 ejus
3168 661 3262 728 qui
3299 677 3398 730 per

1838 744 2092 797 universa
2129 745 2182 796 in
2228 747 2503 798 universis
2551 746 2855 812 completus
2885 755 2940 799 et
2985 751 3394 805 consummatus

1834 842 1920 886 est
1961 849 2180 902 corpus,
2228 835 2374 902 quod
2421 835 2678 888 universa
2717 835 2899 902 explet
2940 844 2996 888 et
3028 851 3095 889 ex
3124 838 3399 893 universis

1835 923 2085 991 expletur
2111 925 2400 991 compleat.
2445 924 2633 992 Itaque
2661 924 2798 985 sive,
2845 932 2907 976 ut
2941 924 3146 978 dictum
3177 936 3280 991 est,
3310 943 3396 981 se-

1836 1013 2076 1065 cundum
2113 1012 2453 1080 spiritualem
2493 1029 2683 1066 eorum
2711 1013 2805 1082 qui
2845 1029 2946 1081 per
2987 1012 3266 1070 Christum
3301 1033 3395 1087 ge-

1836 1111 2098 1155 nerantur
2122 1104 2612 1171 regenerationem,
2639 1104 2752 1156 sive
2784 1103 3085 1157 secundum
3116 1107 3396 1176 mysticam

1837 1206 1958 1259 qua:
1998 1192 2052 1244 in
2096 1191 2318 1246 Christo
2356 1201 2414 1246 et
2453 1208 2553 1260 per
2573 1191 2854 1246 Christum
2885 1194 3026 1249 facta
3055 1203 3140 1247 est
3177 1196 3232 1248 in
3261 1198 3398 1251 caelo

1836 1297 2193 1336 numerorum
2225 1283 2613 1351 repletionem,
2645 1283 2698 1336 id
2727 1291 2810 1336 est
2843 1284 3012 1337 divini
3048 1284 3397 1338 rationalium

1836 1371 2024 1424 ovium
2052 1372 2379 1434 centuriam,
2415 1381 2470 1425 et
2510 1371 2967 1426 intellectualium
3010 1375 3398 1430 drachmarum

1836 1463 2078 1532 mysticae
2120 1460 2365 1523 decadis,
2426 1469 2484 1514 et
2517 1460 2754 1514 ﬁliorum
2813 1462 3131 1516 honoriﬁca:
3185 1463 3395 1533 dyadis,

1836 1551 1949 1605 sive
1976 1551 2275 1604 secundum
2310 1551 2686 1604 membrorum
2721 1551 2969 1619 corporis
3011 1553 3078 1605 ad
3116 1553 3399 1621 proprium

171 1648 490 1717 φυράματος
519 1643 954 1711 ἐπισυναγωγὴν,
991 1645 1019 1695 ὁ
1049 1643 1161 1696 ἄνω
1209 1643 1408 1712 κόσμος
1447 1642 1734 1712 πληρωθή-

1837 1647 2002 1707 caput
2048 1652 2105 1692 et
2157 1639 2222 1692 ad
2266 1642 2542 1708 propriam
2592 1639 2986 1695 delibationem
3031 1657 3222 1696 massae
3272 1659 3401 1697 con-

172 1752 323 1788 σεται
367 1733 584 1795 πάντως
628 1735 770 1784 κατὰ
805 1733 896 1783 τὸν
924 1731 1259 1793 διδάσκαλον,
1291 1731 1602 1801 πληρωθεὶς
1634 1732 1731 1800 μὲν

1838 1729 2232 1799 gregationem,
2279 1731 2532 1798 superior
2569 1731 2809 1786 mundus
2836 1732 3206 1800 complebitur
3237 1733 3399 1800 plane

168 1826 268 1896 ήδη
297 1827 354 1878 ἐν
396 1824 636 1895 Χριστῷ,
682 1823 1173 1894 πληρωθησόμενος
1219 1823 1275 1876 δὲ
1322 1825 1381 1874 ὲν
1429 1826 1539 1886 τοῖς
1595 1822 1735 1876 κατὰ
1765 1810 1807 1866 Β

1765 1810 1807 1866 Β
1839 1820 2141 1873 secundum
2181 1822 2528 1889 magistrum,
2583 1822 2889 1890 completus
2925 1824 3037 1892 jam
3087 1823 3310 1890 quidem
3345 1825 3400 1876 in

165 1915 401 1986 Χριστὸν
426 1912 580 1978 αὖθις
609 1913 833 1985 ὕστερον
857 1955 872 1979 ,
909 1914 1070 1984 ἡνίκα
1107 1915 1372 1983 σύμφυτοι
1415 1916 1733 1984 γενήσονται

1840 1908 2078 1973 Christo,
2131 1911 2489 1979 complendus
2537 1927 2670 1966 vero
2725 1927 2920 1966 rursus
2966 1923 3156 1981 postea
3208 1915 3264 1966 in
3319 1913 3402 1968 eis

168 2005 389 2074 καὶτῆς
423 2005 772 2066 ἀναστάσεως
818 2003 983 2057 αὐτοῦ
1032 2004 1076 2035 ³⁸
1128 2004 1242 2071 οἵγε
1291 2004 1366 2073 τῷ
1424 2003 1730 2073 ὁμοιώματι

1832 2000 1926 2068 qui
1973 2000 2280 2054 secundum
2325 2001 2609 2055 Christum
2642 2009 2789 2064 sunt,
2824 2002 2917 2055 ubi
2944 2005 3251 2056 coalescent
3275 2019 3399 2057 cum

167 2093 260 2146 τοῦ
296 2095 523 2148 Θανάτου
561 2093 725 2146 αὑτοῦ
760 2093 848 2147 διὰ
874 2093 984 2147 τῶν
1027 2092 1207 2146 αὐτῶν
1251 2093 1588 2165 παθημάτων
1635 2093 1732 2162 ήδη

1831 2107 1897 2143 eo
1925 2099 2002 2153 et,
2039 2091 2132 2159 qui
2186 2094 2386 2146 mortis
2436 2094 2557 2162 ejus
2613 2093 2979 2147 similitudine
3015 2094 3235 2148 easdem
3279 2109 3401 2162 pas-

167 2187 470 2252 γεγονότες.

195 2451 282 2501 Εκ
310 2448 416 2501 τοῦ
449 2447 633 2502 αὑτοῦ
657 2450 861 2515 λόγου,
885 2451 965 2512 είς
999 2470 1023 2500 z
1039 2479 1069 2500 υ
1092 2463 1105 2478 ο
1125 2465 1144 2498 ι
1180 2447 1424 2500 Παιδίον
1447 2447 1735 2515 ἐγεννήθη

235 2540 384 2605 ἡμῖν
416 2539 542 2604 Υἱὸς
584 2538 682 2592 καὶ
735 2538 910 2605 ἐδόθη
954 2538 1115 2607 ἡμῖν,
1153 2534 1225 2594 οὗ
1275 2537 1430 2605 ἀρχὴ
1477 2537 1573 2590 ἐπὶ
1628 2539 1734 2591 τοῦ

238 2630 399 2698 ὤμου
419 2629 605 2682 αὐτοῦ
631 2645 644 2658 ’
662 2627 739 2692 τῲ
756 2629 863 2696 γὰρ
877 2627 1114 2695 σταυρῷ
1128 2629 1548 2694 συνεπαίρεται
1566 2628 1696 2696 (‘20).
1713 2647 1730 2676 ι

241 2740 400 2801 Ὀλος
442 2740 528 2792 διὰ
557 2739 650 2790 τοῦ
683 2740 844 2806 λόγου
870 2741 947 2808 τῷ
979 2739 1179 2809 πρώτῳ
1199 2739 1342 2808 λόγῳ
1371 2739 1734 2810 προσθέμενος

170 2834 309 2882 κατὰ
338 2830 491 2895 λόγον
539 2830 630 2880 τὸν
670 2833 797 2899 περὶ
839 2833 932 2881 τοῦ
987 2829 1161 2896 Λόγου
1223 2827 1377 2894 λόγον
1433 2828 1491 2880 ὃν
1560 2830 1730 2896 μέγας

171 2920 456 2989 προφήτης
501 2919 731 2983 Ἡσαΐας
761 2923 990 2972 ποιεῖται
1045 2919 1168 2987 περὶ
1216 2919 1307 2971 τοῦ
1363 2917 1733 2988 σαρκωθέντος

1831 2182 2017 2235 siones
2036 2183 2146 2250 jam
2186 2190 2316 2235 sunt
2343 2183 2576 2251 experti,
2613 2182 2782 2236 etiam
2836 2182 3259 2237 resurrectionis
3284 2183 3404 2252 ejus

1835 2269 1969 2324 ﬁent
2018 2270 2334 2340 participes.

1841 2450 1924 2504 Ea:
1962 2450 2139 2502 eodem
2158 2462 2416 2508 sermone,
2442 2447 2497 2498 in
2523 2446 2657 2498 illud
2684 2462 2702 2499 :
2744 2445 2932 2511 «:Puer
2953 2447 3098 2500 nobis
3123 2456 3277 2501 natus
3301 2459 3395 2516 est,

1908 2549 1956 2592 et
1985 2539 2128 2607 ﬁlius
2164 2538 2319 2590 datus
2356 2544 2432 2589 est
2474 2537 2642 2600 nobis,
2690 2537 2840 2606 cujus
2879 2538 3205 2608 principatus
3249 2554 3407 2607 super

1909 2629 2184 2682 humerum
2221 2629 2366 2697 ejus;
2408 2643 2527 2681 cum
2567 2641 2720 2679 cruce
2765 2627 2905 2678 enim
2935 2625 3225 2680 extollitur.
3258 2645 3276 2678 ι

1908 2741 2074 2794 Plane
2103 2756 2204 2809 per
2242 2755 2558 2794 sermonem
2583 2739 2874 2793 sententia:
2893 2739 3064 2808 priori
3102 2740 3407 2810 adjungens

1839 2831 2139 2884 secundum
2183 2831 2432 2885 ordinem
2459 2829 2592 2884 illud
2622 2829 2691 2882 de
2727 2829 2991 2884 Sermone
3020 2831 3228 2885 dictum
3258 2831 3406 2900 quod

1840 2936 2072 2990 magnus
2129 2922 2403 2990 propheta
2464 2921 2632 2975 Isaias
2678 2921 2747 2975 de
2816 2919 3084 2976 Sermone
3137 2923 3230 2992 qui
3279 2939 3408 2978 caro

170 3011 367 3076 Λόγου,
403 3009 679 3077 μυστικῶς
717 3011 916 3078 φήσας,
947 3005 1028 3064 οὗ
1081 3011 1119 3076 ἡ
1173 3010 1215 3041 ³³
1269 3009 1424 3077 ἀρχὴ
1475 3010 1571 3062 ἐπὶ
1627 3010 1731 3062 τοῦ

1762 2996 1804 3068 C
1839 3012 2013 3065 factus
2047 3022 2131 3065 est
2178 3011 2408 3081 profert,
2443 3013 2671 3082 mystice
2718 3012 2910 3066 dicens
2942 3029 2955 3064 :
3006 3014 3169 3083 Cujus
3208 3016 3406 3083 princi-

169 3099 329 3166 ῶμου
367 3099 574 3163 αὐτοῦ,
614 3099 972 3163 συνοπτικῶς,
1010 3098 1080 3162 ὡς
1124 3099 1243 3162 ἔθος
1275 3101 1418 3168 αὐτῴ
1445 3102 1580 3160 ὲστι,
1613 3099 1731 3150 τίνα

176 3192 266 3258 τὴν
299 3191 472 3260 ἀρχὴν
496 3190 696 3260 ταύτην
745 3192 855 3244 δεῖν
919 3191 1121 3243 οἴεσθαι
1171 3191 1324 3259 θέμις
1376 3190 1729 3259 διετράνωσεν

173 3280 354 3348 (212
403 3281 454 3349 ὁ)
511 3283 540 3332 ὁ
587 3281 758 3350 μέγας
811 3276 964 3344 οὗτος
996 3281 1330 3342 διδάσκαλος,
1360 3279 1547 3332 εἰπών·
1587 3299 1604 3329 ί
1642 3279 1730 3348 Τῷ

170 3372 278 3440 γὰρ
315 3372 534 3441 σταυρῷ
567 3372 972 3442 συνεπαίρεται.
1012 3391 1028 3422 ι
1075 3373 1210 3424 Ἀλλ’
1253 3372 1439 3438 ἐπειδὴ
1477 3371 1674 3434 πολλὰς
1705 3375 1732 3424 ὁ

173 3463 405 3532 σταυρὸς
456 3467 573 3526 ταῖς
620 3465 750 3532 περὶ
785 3465 949 3516 αὑτὸν
977 3463 1240 3525 ἐπινοίαις
1262 3463 1565 3532 ἐπιδέχεται
1596 3464 1731 3514 θεω-

172 3553 317 3622 ρίας,
364 3553 512 3616 ἄξιόν
557 3556 669 3605 ἐστι
720 3554 950 3621 ζητῆσαι
990 3554 1132 3605 κατὰ
1169 3553 1328 3604 ποίαν
1365 3553 1604 3605 ἐπίνοιαν
1642 3554 1733 3605 τὸν

173 3641 406 3710 σταυρὸν
447 3642 540 3692 ἐπὶ
571 3641 662 3693 τοῦ
695 3643 961 3711 παρόντος
990 3641 1159 3710 ἀρχὴν
1198 3644 1225 3692 ὁ
1248 3640 1563 3701 διδάσκαλος
1591 3635 1729 3694 εἶπε.

171 3731 465 3800 Θεωρεῖται
506 3732 615 3800 γὰρ
651 3734 679 3783 ὁ
714 3731 943 3800 σταυρὸς
961 3731 1104 3782 κατὰ
1137 3731 1344 3798 σχῆμα,
1378 3729 1516 3781 κατὰ
1543 3729 1730 3781 σύνθε-

173 3839 279 3883 σιν,
320 3822 456 3874 κατὰ
483 3823 582 3891 τὴν
629 3822 737 3873 τῶν
775 3833 954 3891 μερῶν
1001 3821 1258 3888 ἰδιότητα,
1298 3821 1390 3872 καὶ
1428 3819 1547 3871 κατ’
1579 3819 1730 3890 ἐνέρ-

169 3929 326 3978 γειαν
358 3913 450 3966 καὶ
482 3915 601 3965 κατ’
639 3913 802 3974 ἄλλας
840 3912 1039 3974 πολλὰς
1071 3912 1331 3973 ἐπινοίας,
1375 3913 1428 3962 αί
1476 3913 1585 3973 τοῖς
1624 3910 1733 3964 τῶν

170 4003 331 4055 θείων
357 4002 736 4071 φιλοθεάμοσίν
764 4005 900 4054 εἰσιν
947 4001 1158 4070 ὁραταί.
1207 3999 1358 4052 Κατὰ
1391 4000 1569 4068 σχῆμα
1611 4001 1731 4069 μὲν,

169 4091 244 4152 ὡς
265 4091 392 4143 ὅταν
419 4090 514 4158 τὴν
533 4089 599 4141 τὰ
625 4089 740 4151 ὅλα,
778 4091 846 4141 τά
874 4105 932 4140 τε
963 4090 1072 4142 ἄνω
1102 4089 1196 4140 καὶ
1219 4088 1286 4139 τὰ
1315 4087 1464 4139 κάτω
1495 4089 1580 4155 ἐφ’
1605 4089 1734 4141 ἑκά-

165 4200 324 4250 τερα,
348 4185 460 4246 τοῖς
487 4183 608 4236 καθ’
638 4183 777 4236 αὐτὰ
806 4182 1002 4252 πέρασι
1033 4181 1499 4250 διαλαμϐάνουσαν
1518 4185 1546 4233 ὁ
1574 4198 1734 4234 σταυ-

172 4276 266 4343 ρὸς
298 4274 692 4344 θεωρούμενος,
721 4273 1071 4341 ὑποσημαίνῃ
1117 4271 1344 4340 δύναμιν
1378 4287 1394 4301 °
1439 4271 1580 4324 κατὰ
1612 4271 1735 4324 σύν-

169 4366 321 4418 θεσιν
342 4366 417 4430 δὲ,
451 4366 526 4428 ὡς
557 4366 684 4418 ὅταν
727 4364 916 4418 οὐσίαν
955 4364 1051 4415 καὶ
1097 4362 1351 4430 πρόνοιαν
1389 4363 1484 4414 καὶ
1529 4361 1729 4430 κρίσιν,

167 4457 343 4524 {now
361 4455 460 4516 τὰς
479 4454 682 4507 τούτων
709 4457 1040 4521 ὲκφάνσεις,
1061 4451 1250 4518 σοφίαν
1283 4451 1425 4520 φημὶ
1459 4453 1554 4502 καὶ
1589 4451 1730 4517 γνῶ-

169 4561 258 4597 σιν
289 4544 384 4598 καὶ
402 4545 600 4614 ἀρετὴν
628 4544 728 4613 τῆς
763 4544 823 4596 τὸ
872 4545 979 4595 πᾶν
1026 4541 1316 4610 διεπούσης
1368 4541 1606 4612 ὲμφαίνῃ
1645 4543 1736 4594 δυ-

167 4635 414 4703 νάμεως,
445 4635 544 4704 τὴν
565 4634 662 4703 μὲν
683 4633 868 4685 οὐσίαν
897 4633 990 4685 καὶ
1010 4632 1107 4702 τὴν
1138 4631 1329 4700 σοφίαν
1351 4630 1426 4694 ὼς
1448 4632 1736 4702 ποιητικὴν

165 4724 260 4777 διὰ
281 4725 380 4794 τῆς
406 4723 686 4792 ὐψιτενοῦς
709 4723 992 4794 γραμμῆς,
1031 4721 1131 4792 τὴν
1155 4721 1211 4775 δὲ
1242 4721 1494 4791 πρόνοιαν
1519 4722 1612 4773 καὶ
1636 4721 1735 4789 τὴν

165 4813 375 4880 γνῶσιν
409 4813 485 4876 ὡς
514 4813 930 4884 περιποιητικὴν
957 4812 1047 4866 διὰ
1079 4814 1175 4882 τῆς
1205 4811 1522 4883 ἐγκαρσίας,
1553 4811 1652 4880 τὴν
1674 4812 1731 4864 δὲ

168 4905 356 4973 κρίσιν
390 4905 485 4957 καὶ
531 4905 624 4975 τὴν
658 4905 857 4976 ἀρετὴν
907 4905 982 4966 ὡς
1015 4903 1212 4966 κακίας
1242 4902 1610 4974 ἀναιρετικὴν,
1643 4904 1737 4955 uati.

165 4995 274 5064 τῆς
307 4995 417 5047 τῶν
467 4995 848 5066 πεποιημένων
896 4997 991 5050 καὶ
1047 4995 1560 5064 περιπεποιημένων
1600 4995 1736 5058 πρὸς

165 5085 274 5156 τὴν
310 5085 446 5138 ἰδίαν
476 5088 648 5158 ἀρχὴν
681 5087 772 5140 καὶ
804 5086 982 5140 αἰτίαν
1005 5085 1317 5155 συνδετικὴν
1347 5086 1436 5137 διὰ
1465 5085 1558 5136 τοῦ
1589 5085 1733 5137 ὅλου·

168 5176 320 5230 κατὰ
343 5175 401 5229 δὲ
425 5176 524 5248 τὴν
551 5179 659 5232 τῶν
695 5177 876 5249 μερῶν
913 5175 1170 5248 ἰδιότητα,
1209 5177 1337 5230 ὅταν
1370 5175 1458 5230 διὰ
1502 5175 1602 5245 μὲν
1638 5175 1737 5245 τῆς

255 5310 512 5374 1152.“,
541 5311 576 5366 6

1836 3111 1987 3171 palus
2024 3119 2181 3172 super
2223 3105 2496 3156 humerum
2539 3104 2650 3172 ejus
2691 3117 2740 3167 ι,
2784 3105 3098 3173 perspicue,
3142 3115 3205 3158 ut
3243 3106 3395 3163 solet

1835 3192 1925 3245 hic
1959 3208 2187 3261 magnus
2227 3192 2508 3260 magister,
2557 3192 2780 3260 quinam
2809 3194 3156 3262 principatus
3191 3193 3397 3248 intellio

1833 3283 2044 3351 gendus
2063 3292 2210 3338 esset
2236 3282 2524 3352 explicuit,
2558 3283 2751 3338 dicens
2784 3302 2797 3336 :
2842 3303 2859 3334 ι
2898 3283 3038 3339 Cum
3067 3302 3232 3340 cruce
3258 3287 3405 3340 enim

1833 3373 2132 3427 extollitur.
2169 3373 2276 3428 Sed
2299 3389 2421 3428 cum
2447 3374 2651 3427 multas
2673 3390 2808 3428 crux
2846 3374 3008 3430 nobis
3034 3377 3408 3447 cogitantibus

1834 3462 2330 3530 contemplationes
2359 3463 2632 3525 admittat,
2675 3463 2902 3532 dignum
2939 3480 3120 3533 opera;
3168 3465 3404 3535 pretium

1835 3552 1942 3605 erit
1981 3567 2230 3619 quaerere
2279 3568 2388 3620 qua
2441 3553 2845 3622 signiﬁcatione
2887 3555 3146 3623 magister
3179 3556 3234 3610 in
3269 3571 3407 3625 praer

1837 3643 1979 3694 senti
2021 3657 2239 3695 crucem
2281 3642 2656 3710 principatum
2700 3642 2922 3696 dixerit.
2957 3643 3406 3714 Contemplamur

1835 3732 1982 3784 enim
2034 3747 2255 3785 crucem
2278 3731 2584 3786 secundum
2630 3731 2889 3796 formam,
2920 3735 3223 3787 secundum
3258 3750 3407 3788 com-1

1836 3821 2191 3891 positionem,
2230 3822 2536 3876 secundum
2587 3823 2824 3890 partium
2871 3823 3284 3892 proprietatem,
3312 3841 3404 3879 se-

1835 3911 2075 3966 cundum
2108 3913 2403 3976 actionem,
2455 3911 2756 3966 secundum
2802 3913 2938 3966 alias
2979 3915 3178 3969 multas
3202 3915 3402 3984 cogita-

1839 4003 2050 4055 tionum
2101 4003 2365 4064 rationes,
2420 4018 2556 4071 quas
2598 4003 2692 4070 qui
2747 4017 2836 4056 res
2883 4003 3100 4058 divinas
3153 4017 3402 4074 spectare

1836 4102 2017 4145 amant
2074 4093 2359 4161 percipere
2398 4101 2652 4162 possunt.
2692 4092 2869 4160 Atque
2908 4095 3147 4161 primum
3181 4094 3403 4162 quidem

1837 4182 2140 4237 secundum
2189 4183 2440 4245 formam,
2482 4185 2567 4237 vel
2623 4194 2682 4236 ut
2724 4197 2848 4237 cum
2896 4200 3030 4239 crux
3075 4194 3401 4254 potestatem

1837 4288 1958 4341 quae
2005 4273 2282 4333 universa,
2331 4283 2437 4327 tam
2480 4290 2600 4342 quae
2631 4290 2794 4344 supra
2822 4291 2984 4345 quam
3014 4292 3136 4343 qua:
3170 4277 3308 4331 infra
3348 4287 3404 4332 et

1837 4379 1958 4431 qua:
1973 4361 2038 4416 ad
2061 4373 2291 4431 utraque
2309 4365 2479 4417 latera
2498 4366 2612 4418 suis
2633 4381 2863 4434 quaeque
2883 4368 3134 4421 terminis
3157 4383 3404 4436 compre-

1838 4453 2033 4506 hendit
2072 4453 2382 4522 signiﬁcat;
2432 4454 2734 4508 secundum
2766 4456 3219 4524 compositionem
3246 4471 3399 4518 vero,

1838 4543 1988 4596 velut
2028 4558 2154 4596 cum
2185 4543 2481 4598 essentiam
2516 4551 2574 4597 et
2602 4546 3002 4613 providentiam
3029 4555 3085 4600 et
3107 4547 3398 4616 judicium,

1837 4635 1893 4690 id
1923 4645 2007 4690 est
2035 4635 2507 4689 manifestationes
2537 4651 2748 4699 earum,
2776 4637 3124 4705 sapientiam,
3153 4637 3398 4705 inquam,

1838 4726 2276 4794 etcognitionem
2311 4733 2366 4778 et
2397 4725 2655 4778 virtutem
2677 4727 2962 4793 potestatis
2986 4725 3401 4779 universitatem

1840 4815 2172 4869 moderantis
2213 4814 2461 4878 denotat,
2503 4815 2797 4869 essentiam
2847 4816 3068 4884 quidem
3098 4824 3155 4868 et
3182 4816 3402 4884 sapien-

1840 4904 1968 4957 tiam
1997 4912 2057 4956 ut
2077 4903 2352 4956 factricem
2375 4918 2475 4971 per
2493 4912 2736 4956 erectam
2755 4903 2977 4968 lineam,
3001 4903 3401 4970 providentiam

1800 5025 1812 5040 .
1835 5000 1892 5046 et
1909 4990 2278 5060 cognitionem
2304 4998 2364 5043 ut
2389 4991 2849 5045 conservatricem
2877 5006 2974 5059 per
2995 4991 3400 5059 obliquitatem,

1831 5081 2102 5152 judicium
2149 5079 2386 5148 denique
2432 5090 2488 5133 et
2515 5080 2773 5134 virtutem
2809 5091 2868 5134 ut
2899 5081 3183 5150 pravitatis
3211 5088 3268 5133 et
3299 5095 3399 5134 ne-

1835 5172 2024 5242 quitia:
2063 5171 2534 5242 expugnatricem,
2576 5185 2698 5240 quae
2727 5187 2792 5226 ea
2845 5187 2967 5240 quae
3012 5169 3153 5225 facta
3176 5177 3235 5225 et
3263 5185 3400 5225 con-

1431 5397 1660 5453 γΑῐιυΕ
1700 5395 2099 5452 LECTIONES.

255 5495 306 5528 ⁸⁸
336 5493 394 5551 Si
427 5493 638 5550 scheda:
665 5509 776 5550 non
806 5493 1019 5557 fallunt,
1043 5491 1164 5547 cod.
1205 5488 1346 5545 Gud.
1389 5488 1556 5544 habet
1585 5487 1762 5542 αὐτῶν
1791 5503 1890 5558 pro
1925 5488 2108 5542 αὑτοῦ.

169 5565 353 5622 curis.

2213 5487 2260 5521 ”
2292 5486 2573 5542 Articulus
2618 5485 2850 5542 debetur
2900 5483 3155 5541 secundis
3185 5482 3396 5538 librarii

248 5678 362 5749 (20)
391 5677 542 5734 Idem
565 5677 698 5732 ibid.
727 5691 848 5746 cap.
888 5677 944 5742 2,
973 5691 1027 5746 p.
1059 5675 1184 5740 664,
1215 5681 1348 5730 tom.
1381 5672 1559 5744 l0pp.
1588 5671 1680 5728 ed.
1712 5669 1919 5728 Bened.
