  <div class='ocr_page' id='page_1' title='image "/cluster/home/n/w/nwhite01/storage/ocr_20150623/91/nnc1.0038446014/653.png"; bbox 0 0 4192 6434; ppageno 0'>
   <div class='ocr_carea' id='block_1_1' title="bbox 764 396 897 462">
    <p class='ocr_par' dir='ltr' id='par_1_1' title="bbox 764 396 897 462">
     <span class='ocr_line' id='line_1_1' title="bbox 764 396 897 462; baseline 0.023 -3"><span class='ocrx_word' id='word_1_1' title='bbox 764 396 897 462; x_wconf 73' lang='grc'><strong>1283</strong></span> 
     </span>
    </p>
   </div>
   <div class='ocr_carea' id='block_1_2' title="bbox 1949 387 2881 452">
    <p class='ocr_par' dir='ltr' id='par_1_2' title="bbox 1949 387 2881 452">
     <span class='ocr_line' id='line_1_2' title="bbox 1949 387 2881 452; baseline -0.001 -3"><span class='ocrx_word' id='word_1_2' title='bbox 1949 393 2009 451; x_wconf 93' lang='lat' dir='ltr'><strong>S.</strong></span> <span class='ocrx_word' id='word_1_3' title='bbox 2047 388 2333 450; x_wconf 71' lang='lat' dir='ltr'><strong>MAXIM!</strong></span> <span class='ocrx_word' id='word_1_4' title='bbox 2373 387 2881 452; x_wconf 81' lang='lat' dir='ltr'><strong>CONFESSORIS</strong></span> 
     </span>
    </p>
   </div>
   <div class='ocr_carea' id='block_1_3' title="bbox 3880 390 4019 458">
    <p class='ocr_par' dir='ltr' id='par_1_3' title="bbox 3880 390 4019 458">
     <span class='ocr_line' id='line_1_3' title="bbox 3880 390 4019 458; baseline 0.029 -3"><span class='ocrx_word' id='word_1_5' title='bbox 3880 390 4019 458; x_wconf 74' lang='grc'><strong>1284</strong></span> 
     </span>
    </p>
   </div>
   <div class='ocr_carea' id='block_1_4' title="bbox 751 507 2332 586">
    <p class='ocr_par' dir='ltr' id='par_1_4' title="bbox 751 513 2322 586">
     <span class='ocr_line' id='line_1_4' title="bbox 751 513 2322 586; baseline -0.006 -14"><span class='ocrx_word' id='word_1_6' title='bbox 751 527 966 573; x_wconf 82' lang='lat' dir='ltr'><strong>servata</strong></span> <span class='ocrx_word' id='word_1_7' title='bbox 994 527 1125 572; x_wconf 90' lang='lat' dir='ltr'><strong>sunt</strong></span> <span class='ocrx_word' id='word_1_8' title='bbox 1148 517 1214 572; x_wconf 91' lang='lat' dir='ltr'><strong>ad</strong></span> <span class='ocrx_word' id='word_1_9' title='bbox 1250 518 1496 586; x_wconf 90' lang='lat' dir='ltr'><strong>ipsorum</strong></span> <span class='ocrx_word' id='word_1_10' title='bbox 1522 513 1857 583; x_wconf 82' lang='lat' dir='ltr'><strong>principium</strong></span> <span class='ocrx_word' id='word_1_11' title='bbox 1902 519 2067 579; x_wconf 89' lang='lat' dir='ltr'><strong>atque</strong></span> <span class='ocrx_word' id='word_1_12' title='bbox 2101 522 2322 564; x_wconf 82' lang='lat' dir='ltr'><strong>causam</strong></span> 
     </span>
    </p>
   </div>
   <div class='ocr_carea' id='block_1_5' title="bbox 2435 507 4014 586">
    <p class='ocr_par' dir='ltr' id='par_1_5' title="bbox 2435 507 4014 584">
     <span class='ocr_line' id='line_1_5' title="bbox 2435 507 4014 584; baseline 0.005 -25"><span class='ocrx_word' id='word_1_13' title='bbox 2435 507 2711 575; x_wconf 74' lang='grc' dir='ltr'>ὑψιτενοῦς</span> <span class='ocrx_word' id='word_1_14' title='bbox 2741 509 3007 579; x_wconf 80' lang='grc' dir='ltr'><strong>γραμμῆς</strong></span> <span class='ocrx_word' id='word_1_15' title='bbox 3041 509 3131 563; x_wconf 85' lang='grc' dir='ltr'><strong>τὸν</strong></span> <span class='ocrx_word' id='word_1_16' title='bbox 3160 510 3249 563; x_wconf 79' lang='grc' dir='ltr'>ἀεὶ</span> <span class='ocrx_word' id='word_1_17' title='bbox 3273 511 3536 574; x_wconf 78' lang='grc' dir='ltr'><strong>ὡσαύτως</strong></span> <span class='ocrx_word' id='word_1_18' title='bbox 3567 511 3758 584; x_wconf 77' lang='grc' dir='ltr'>ἔχοντα</span> <span class='ocrx_word' id='word_1_19' title='bbox 3789 514 3887 566; x_wconf 74' lang='grc' dir='ltr'>καὶ</span> <span class='ocrx_word' id='word_1_20' title='bbox 3912 512 4014 578; x_wconf 71' lang='grc' dir='ltr'>τῆς</span> 
     </span>
    </p>
   </div>
   <div class='ocr_carea' id='block_1_6' title="bbox 748 602 2326 679">
    <p class='ocr_par' dir='ltr' id='par_1_6' title="bbox 748 602 2326 679">
     <span class='ocr_line' id='line_1_6' title="bbox 748 602 2326 679; baseline -0.007 -15"><span class='ocrx_word' id='word_1_21' title='bbox 748 610 1040 679; x_wconf 89' lang='lat' dir='ltr'><strong>astringat,</strong></span> <span class='ocrx_word' id='word_1_22' title='bbox 1074 626 1174 679; x_wconf 90' lang='lat' dir='ltr'><strong>per</strong></span> <span class='ocrx_word' id='word_1_23' title='bbox 1202 618 1413 672; x_wconf 86' lang='lat' dir='ltr'><strong>totum;</strong></span> <span class='ocrx_word' id='word_1_24' title='bbox 1447 607 1752 660; x_wconf 84' lang='lat' dir='ltr'><strong>secundum</strong></span> <span class='ocrx_word' id='word_1_25' title='bbox 1787 603 2025 673; x_wconf 88' lang='lat' dir='ltr'><strong>partium</strong></span> <span class='ocrx_word' id='word_1_26' title='bbox 2072 602 2326 673; x_wconf 91' lang='lat' dir='ltr'><strong>proprie-</strong></span> 
     </span>
    </p>
   </div>
   <div class='ocr_carea' id='block_1_7' title="bbox 753 691 2325 768">
    <p class='ocr_par' dir='ltr' id='par_1_7' title="bbox 753 691 2325 768">
     <span class='ocr_line' id='line_1_7' title="bbox 753 691 2325 768; baseline -0.005 -16"><span class='ocrx_word' id='word_1_27' title='bbox 753 708 941 761; x_wconf 86' lang='lat' dir='ltr'><strong>tatem,</strong></span> <span class='ocrx_word' id='word_1_28' title='bbox 979 716 1101 753; x_wconf 88' lang='lat' dir='ltr'><strong>cum</strong></span> <span class='ocrx_word' id='word_1_29' title='bbox 1129 716 1227 768; x_wconf 90' lang='lat' dir='ltr'><strong>per</strong></span> <span class='ocrx_word' id='word_1_30' title='bbox 1252 709 1491 753; x_wconf 76' lang='lat' dir='ltr'><strong>erectam</strong></span> <span class='ocrx_word' id='word_1_31' title='bbox 1517 698 1742 765; x_wconf 84' lang='lat' dir='ltr'><strong>quidem</strong></span> <span class='ocrx_word' id='word_1_32' title='bbox 1774 696 1976 747; x_wconf 83' lang='lat' dir='ltr'><strong>lineam</strong></span> <span class='ocrx_word' id='word_1_33' title='bbox 2008 694 2200 754; x_wconf 91' lang='lat' dir='ltr'><strong>Deum,</strong></span> <span class='ocrx_word' id='word_1_34' title='bbox 2231 691 2325 760; x_wconf 90' lang='lat' dir='ltr'><strong>qui</strong></span> 
     </span>
    </p>
   </div>
   <div class='ocr_carea' id='block_1_8' title="bbox 750 788 2324 861">
    <p class='ocr_par' dir='ltr' id='par_1_8' title="bbox 750 788 2324 861">
     <span class='ocr_line' id='line_1_8' title="bbox 750 788 2324 861; baseline -0.006 -16"><span class='ocrx_word' id='word_1_35' title='bbox 750 808 969 861; x_wconf 83' lang='lat' dir='ltr'><strong>semper</strong></span> <span class='ocrx_word' id='word_1_36' title='bbox 995 793 1100 845; x_wconf 85' lang='lat' dir='ltr'><strong>sibi</strong></span> <span class='ocrx_word' id='word_1_37' title='bbox 1125 801 1340 845; x_wconf 90' lang='lat' dir='ltr'><strong>constat</strong></span> <span class='ocrx_word' id='word_1_38' title='bbox 1372 792 1702 859; x_wconf 90' lang='lat' dir='ltr'><strong>propriaque</strong></span> <span class='ocrx_word' id='word_1_39' title='bbox 1736 788 2017 841; x_wconf 83' lang='lat' dir='ltr'><strong>soliditate</strong></span> <span class='ocrx_word' id='word_1_40' title='bbox 2044 800 2324 853; x_wconf 85' lang='lat' dir='ltr'><strong>nunquam</strong></span> 
     </span>
    </p>
   </div>
   <div class='ocr_carea' id='block_1_9' title="bbox 750 876 2327 951">
    <p class='ocr_par' dir='ltr' id='par_1_9' title="bbox 750 876 2327 951">
     <span class='ocr_line' id='line_1_9' title="bbox 750 876 2327 951; baseline -0.006 -16"><span class='ocrx_word' id='word_1_41' title='bbox 750 884 977 946; x_wconf 80' lang='lat' dir='ltr'><strong>excidit,</strong></span> <span class='ocrx_word' id='word_1_42' title='bbox 1011 891 1237 951; x_wconf 89' lang='lat' dir='ltr'><strong>pr0pter</strong></span> <span class='ocrx_word' id='word_1_43' title='bbox 1271 884 1522 935; x_wconf 76' lang='lat' dir='ltr'><strong>stabilem</strong></span> <span class='ocrx_word' id='word_1_44' title='bbox 1558 892 1614 934; x_wconf 86' lang='lat' dir='ltr'><strong>et</strong></span> <span class='ocrx_word' id='word_1_45' title='bbox 1644 878 2046 933; x_wconf 78' lang='lat' dir='ltr'><strong>immutabilem</strong></span> <span class='ocrx_word' id='word_1_46' title='bbox 2088 876 2327 930; x_wconf 83' lang='lat' dir='ltr'><strong>colloca-</strong></span> 
     </span>
    </p>
   </div>
   <div class='ocr_carea' id='block_1_10' title="bbox 752 967 2327 1042">
    <p class='ocr_par' dir='ltr' id='par_1_10' title="bbox 752 967 2327 1042">
     <span class='ocr_line' id='line_1_10' title="bbox 752 967 2327 1042; baseline -0.001 -21"><span class='ocrx_word' id='word_1_47' title='bbox 752 973 984 1036; x_wconf 91' lang='lat' dir='ltr'><strong>tionem,</strong></span> <span class='ocrx_word' id='word_1_48' title='bbox 1033 990 1131 1042; x_wconf 92' lang='lat' dir='ltr'><strong>per</strong></span> <span class='ocrx_word' id='word_1_49' title='bbox 1170 975 1557 1041; x_wconf 75' lang='lat' dir='ltr'><strong>obliquitatem</strong></span> <span class='ocrx_word' id='word_1_50' title='bbox 1609 988 1743 1024; x_wconf 86' lang='lat' dir='ltr'><strong>vero</strong></span> <span class='ocrx_word' id='word_1_51' title='bbox 1796 981 1965 1025; x_wconf 89' lang='lat' dir='ltr'><strong>totam</strong></span> <span class='ocrx_word' id='word_1_52' title='bbox 2001 969 2096 1023; x_wconf 89' lang='lat' dir='ltr'><strong>Dei</strong></span> <span class='ocrx_word' id='word_1_53' title='bbox 2134 967 2327 1022; x_wconf 90' lang='lat' dir='ltr'><strong>condi-</strong></span> 
     </span>
    </p>
   </div>
   <div class='ocr_carea' id='block_1_11' title="bbox 753 1060 2325 1135">
    <p class='ocr_par' dir='ltr' id='par_1_11' title="bbox 753 1060 2325 1135">
     <span class='ocr_line' id='line_1_11' title="bbox 753 1060 2325 1135; baseline -0.001 -21"><span class='ocrx_word' id='word_1_54' title='bbox 753 1065 957 1119; x_wconf 84' lang='lat' dir='ltr'><strong>tionem</strong></span> <span class='ocrx_word' id='word_1_55' title='bbox 981 1066 1188 1135; x_wconf 80' lang='lat' dir='ltr'><strong>ubique</strong></span> <span class='ocrx_word' id='word_1_56' title='bbox 1219 1080 1540 1133; x_wconf 83' lang='lat' dir='ltr'><strong>suspensam</strong></span> <span class='ocrx_word' id='word_1_57' title='bbox 1565 1080 1698 1117; x_wconf 79' lang='lat' dir='ltr'><strong>crux</strong></span> <span class='ocrx_word' id='word_1_58' title='bbox 1732 1063 2023 1133; x_wconf 78' lang='lat' dir='ltr'><strong>signiﬁcat,</strong></span> <span class='ocrx_word' id='word_1_59' title='bbox 2072 1076 2193 1128; x_wconf 61' lang='lat' dir='ltr'><strong>quae</strong></span> <span class='ocrx_word' id='word_1_60' title='bbox 2220 1060 2325 1113; x_wconf 86' lang='lat' dir='ltr'><strong>alia</strong></span> 
     </span>
    </p>
   </div>
   <div class='ocr_carea' id='block_1_12' title="bbox 748 1152 2324 1225">
    <p class='ocr_par' dir='ltr' id='par_1_12' title="bbox 748 1152 2324 1225">
     <span class='ocr_line' id='line_1_12' title="bbox 748 1152 2324 1225; baseline -0.004 -15"><span class='ocrx_word' id='word_1_61' title='bbox 748 1158 1088 1211; x_wconf 69' lang='lat' dir='ltr'><strong>exsistentiaa</strong></span> <span class='ocrx_word' id='word_1_62' title='bbox 1111 1158 1378 1225; x_wconf 81' lang='lat' dir='ltr'><strong>principia</strong></span> <span class='ocrx_word' id='word_1_63' title='bbox 1402 1166 1496 1209; x_wconf 88' lang='lat' dir='ltr'><strong>aut</strong></span> <span class='ocrx_word' id='word_1_64' title='bbox 1533 1156 1951 1209; x_wconf 85' lang='lat' dir='ltr'><strong>fundamentum</strong></span> <span class='ocrx_word' id='word_1_65' title='bbox 1974 1164 2130 1206; x_wconf 83' lang='lat' dir='ltr'><strong>extra</strong></span> <span class='ocrx_word' id='word_1_66' title='bbox 2154 1152 2324 1205; x_wconf 89' lang='lat' dir='ltr'><strong>Deum</strong></span> 
     </span>
    </p>
   </div>
   <div class='ocr_carea' id='block_1_13' title="bbox 749 1245 2326 1313">
    <p class='ocr_par' dir='ltr' id='par_1_13' title="bbox 749 1245 2326 1313">
     <span class='ocr_line' id='line_1_13' title="bbox 749 1245 2326 1313; baseline -0.002 -14"><span class='ocrx_word' id='word_1_67' title='bbox 749 1261 859 1300; x_wconf 91' lang='lat' dir='ltr'><strong>non</strong></span> <span class='ocrx_word' id='word_1_68' title='bbox 930 1248 1126 1305; x_wconf 86' lang='lat' dir='ltr'><strong>habet;</strong></span> <span class='ocrx_word' id='word_1_69' title='bbox 1184 1247 1491 1299; x_wconf 86' lang='lat' dir='ltr'><strong>secundum</strong></span> <span class='ocrx_word' id='word_1_70' title='bbox 1551 1248 1820 1300; x_wconf 86' lang='lat' dir='ltr'><strong>actionem</strong></span> <span class='ocrx_word' id='word_1_71' title='bbox 1880 1245 2141 1313; x_wconf 89' lang='lat' dir='ltr'><strong>denique,</strong></span> <span class='ocrx_word' id='word_1_72' title='bbox 2200 1259 2326 1297; x_wconf 91' lang='lat' dir='ltr'><strong>cum</strong></span> 
     </span>
    </p>
   </div>
   <div class='ocr_carea' id='block_1_14' title="bbox 749 1336 2328 1407">
    <p class='ocr_par' dir='ltr' id='par_1_14' title="bbox 749 1336 2328 1407">
     <span class='ocr_line' id='line_1_14' title="bbox 749 1336 2328 1407; baseline -0.003 -15"><span class='ocrx_word' id='word_1_73' title='bbox 749 1353 941 1392; x_wconf 90' lang='lat' dir='ltr'><strong>eorum</strong></span> <span class='ocrx_word' id='word_1_74' title='bbox 988 1338 1079 1407; x_wconf 89' lang='lat' dir='ltr'><strong>qui</strong></span> <span class='ocrx_word' id='word_1_75' title='bbox 1123 1338 1272 1391; x_wconf 90' lang='lat' dir='ltr'><strong>cruci</strong></span> <span class='ocrx_word' id='word_1_76' title='bbox 1299 1337 1476 1391; x_wconf 79' lang='lat' dir='ltr'><strong>sufﬁxi</strong></span> <span class='ocrx_word' id='word_1_77' title='bbox 1505 1346 1636 1391; x_wconf 91' lang='lat' dir='ltr'><strong>sunt</strong></span> <span class='ocrx_word' id='word_1_78' title='bbox 1669 1336 2068 1390; x_wconf 86' lang='lat' dir='ltr'><strong>inactivitatem</strong></span> <span class='ocrx_word' id='word_1_79' title='bbox 2095 1343 2151 1388; x_wconf 89' lang='lat' dir='ltr'><strong>et</strong></span> <span class='ocrx_word' id='word_1_80' title='bbox 2182 1349 2328 1387; x_wconf 90' lang='lat' dir='ltr'><strong>mor-</strong></span> 
     </span>
    </p>
   </div>
   <div class='ocr_carea' id='block_1_15' title="bbox 752 1425 2323 1497">
    <p class='ocr_par' dir='ltr' id='par_1_15' title="bbox 752 1425 2323 1497">
     <span class='ocr_line' id='line_1_15' title="bbox 752 1425 2323 1497; baseline -0.001 -16"><span class='ocrx_word' id='word_1_81' title='bbox 752 1428 1106 1483; x_wconf 80' lang='lat' dir='ltr'><strong>tiﬁcationem</strong></span> <span class='ocrx_word' id='word_1_82' title='bbox 1148 1428 1414 1493; x_wconf 86' lang='lat' dir='ltr'><strong>denotat;</strong></span> <span class='ocrx_word' id='word_1_83' title='bbox 1464 1444 1575 1497; x_wconf 92' lang='lat' dir='ltr'><strong>quo</strong></span> <span class='ocrx_word' id='word_1_84' title='bbox 1618 1426 2101 1495; x_wconf 88' lang='lat' dir='ltr'><strong>contemplationis</strong></span> <span class='ocrx_word' id='word_1_85' title='bbox 2138 1425 2323 1489; x_wconf 92' lang='lat' dir='ltr'><strong>modo,</strong></span> 
     </span>
    </p>
   </div>
   <div class='ocr_carea' id='block_1_16' title="bbox 751 1518 2328 1588">
    <p class='ocr_par' dir='ltr' id='par_1_16' title="bbox 751 1518 2328 1588">
     <span class='ocr_line' id='line_1_16' title="bbox 751 1518 2328 1588; baseline -0.002 -17"><span class='ocrx_word' id='word_1_86' title='bbox 751 1519 831 1571; x_wconf 90' lang='lat' dir='ltr'><strong>uti</strong></span> <span class='ocrx_word' id='word_1_87' title='bbox 874 1518 1008 1571; x_wconf 90' lang='lat' dir='ltr'><strong>mihi</strong></span> <span class='ocrx_word' id='word_1_88' title='bbox 1050 1521 1293 1583; x_wconf 89' lang='lat' dir='ltr'><strong>videtur,</strong></span> <span class='ocrx_word' id='word_1_89' title='bbox 1322 1520 1607 1588; x_wconf 60' lang='lat' dir='ltr'><strong>prophetae</strong></span> <span class='ocrx_word' id='word_1_90' title='bbox 1634 1534 1781 1572; x_wconf 92' lang='lat' dir='ltr'><strong>nunc</strong></span> <span class='ocrx_word' id='word_1_91' title='bbox 1819 1518 2031 1573; x_wconf 90' lang='lat' dir='ltr'><strong>dictum</strong></span> <span class='ocrx_word' id='word_1_92' title='bbox 2066 1518 2328 1586; x_wconf 84' lang='lat' dir='ltr'><strong>magister</strong></span> 
     </span>
    </p>
   </div>
   <div class='ocr_carea' id='block_1_17' title="bbox 747 1606 2325 1677">
    <p class='ocr_par' dir='ltr' id='par_1_17' title="bbox 747 1606 2325 1677">
     <span class='ocr_line' id='line_1_17' title="bbox 747 1606 2325 1677; baseline -0.001 -17"><span class='ocrx_word' id='word_1_93' title='bbox 747 1608 988 1676; x_wconf 80' lang='lat' dir='ltr'><strong>excepit.</strong></span> <span class='ocrx_word' id='word_1_94' title='bbox 1016 1608 1488 1673; x_wconf 81' lang='lat' dir='ltr'><strong>Quemadmodum</strong></span> <span class='ocrx_word' id='word_1_95' title='bbox 1522 1608 1690 1677; x_wconf 83' lang='lat' dir='ltr'><strong>igitur</strong></span> <span class='ocrx_word' id='word_1_96' title='bbox 1717 1608 2151 1677; x_wconf 86' lang='lat' dir='ltr'><strong>uniuscujusque</strong></span> <span class='ocrx_word' id='word_1_97' title='bbox 2177 1606 2325 1675; x_wconf 90' lang='lat' dir='ltr'><strong>prin-</strong></span> 
     </span>
    </p>
   </div>
   <div class='ocr_carea' id='block_1_18' title="bbox 749 1698 2327 1768">
    <p class='ocr_par' dir='ltr' id='par_1_18' title="bbox 749 1698 2327 1768">
     <span class='ocr_line' id='line_1_18' title="bbox 749 1698 2327 1768; baseline 0 -17"><span class='ocrx_word' id='word_1_98' title='bbox 749 1698 968 1768; x_wconf 87' lang='lat' dir='ltr'><strong>cipatus</strong></span> <span class='ocrx_word' id='word_1_99' title='bbox 1016 1701 1298 1763; x_wconf 79' lang='lat' dir='ltr'><strong>(convenit</strong></span> <span class='ocrx_word' id='word_1_100' title='bbox 1361 1699 1506 1752; x_wconf 89' lang='lat' dir='ltr'><strong>enim</strong></span> <span class='ocrx_word' id='word_1_101' title='bbox 1554 1699 1622 1753; x_wconf 91' lang='lat' dir='ltr'><strong>dc</strong></span> <span class='ocrx_word' id='word_1_102' title='bbox 1660 1699 1867 1752; x_wconf 85' lang='lat' dir='ltr'><strong>nostris</strong></span> <span class='ocrx_word' id='word_1_103' title='bbox 1912 1698 2078 1751; x_wconf 88' lang='lat' dir='ltr'><strong>rebus</strong></span> <span class='ocrx_word' id='word_1_104' title='bbox 2136 1705 2327 1765; x_wconf 80' lang='lat' dir='ltr'><strong>petere</strong></span> 
     </span>
    </p>
   </div>
   <div class='ocr_carea' id='block_1_19' title="bbox 748 1789 2327 1858">
    <p class='ocr_par' dir='ltr' id='par_1_19' title="bbox 748 1789 2327 1858">
     <span class='ocr_line' id='line_1_19' title="bbox 748 1789 2327 1858; baseline -0.003 -17"><span class='ocrx_word' id='word_1_105' title='bbox 748 1791 998 1858; x_wconf 80' lang='lat' dir='ltr'><strong>exempla</strong></span> <span class='ocrx_word' id='word_1_106' title='bbox 1035 1790 1237 1857; x_wconf 89' lang='lat' dir='ltr'><strong>quibus</strong></span> <span class='ocrx_word' id='word_1_107' title='bbox 1271 1789 1558 1843; x_wconf 84' lang='lat' dir='ltr'><strong>veritatem</strong></span> <span class='ocrx_word' id='word_1_108' title='bbox 1592 1804 1777 1843; x_wconf 88' lang='lat' dir='ltr'><strong>rerum</strong></span> <span class='ocrx_word' id='word_1_109' title='bbox 1809 1800 2172 1855; x_wconf 86' lang='lat' dir='ltr'><strong>supernarum</strong></span> <span class='ocrx_word' id='word_1_110' title='bbox 2202 1801 2327 1853; x_wconf 85' lang='lat' dir='ltr'><strong>pro-</strong></span> 
     </span>
    </p>
   </div>
   <div class='ocr_carea' id='block_1_20' title="bbox 750 1876 2329 1948">
    <p class='ocr_par' dir='ltr' id='par_1_20' title="bbox 750 1876 2329 1948">
     <span class='ocr_line' id='line_1_20' title="bbox 750 1876 2329 1948; baseline -0.003 -15"><span class='ocrx_word' id='word_1_111' title='bbox 750 1879 965 1947; x_wconf 88' lang='lat' dir='ltr'><strong>bemus)</strong></span> <span class='ocrx_word' id='word_1_112' title='bbox 994 1879 1243 1948; x_wconf 68' lang='lat' dir='ltr'><strong>quaedam</strong></span> <span class='ocrx_word' id='word_1_113' title='bbox 1284 1888 1415 1933; x_wconf 90' lang='lat' dir='ltr'><strong>sunt</strong></span> <span class='ocrx_word' id='word_1_114' title='bbox 1450 1880 1685 1948; x_wconf 86' lang='lat' dir='ltr'><strong>insignia</strong></span> <span class='ocrx_word' id='word_1_115' title='bbox 1709 1880 1912 1947; x_wconf 88' lang='lat' dir='ltr'><strong>quibus</strong></span> <span class='ocrx_word' id='word_1_116' title='bbox 1932 1878 2024 1946; x_wconf 91' lang='lat' dir='ltr'><strong>qui</strong></span> <span class='ocrx_word' id='word_1_117' title='bbox 2050 1876 2329 1946; x_wconf 87' lang='lat' dir='ltr'><strong>accipiunt</strong></span> 
     </span>
    </p>
   </div>
   <div class='ocr_carea' id='block_1_21' title="bbox 748 1969 2328 2039">
    <p class='ocr_par' dir='ltr' id='par_1_21' title="bbox 748 1969 2328 2039">
     <span class='ocr_line' id='line_1_21' title="bbox 748 1969 2328 2039; baseline -0.001 -16"><span class='ocrx_word' id='word_1_118' title='bbox 748 1970 1007 2023; x_wconf 87' lang='lat' dir='ltr'><strong>omnibus</strong></span> <span class='ocrx_word' id='word_1_119' title='bbox 1036 1978 1335 2023; x_wconf 78' lang='lat' dir='ltr'><strong>noscantur</strong></span> <span class='ocrx_word' id='word_1_120' title='bbox 1356 1970 1502 2039; x_wconf 92' lang='lat' dir='ltr'><strong>quod</strong></span> <span class='ocrx_word' id='word_1_121' title='bbox 1536 1972 1676 2024; x_wconf 87' lang='lat' dir='ltr'><strong>alter</strong></span> <span class='ocrx_word' id='word_1_122' title='bbox 1698 1970 1920 2039; x_wconf 89' lang='lat' dir='ltr'><strong>quidem</strong></span> <span class='ocrx_word' id='word_1_123' title='bbox 1942 1986 2089 2024; x_wconf 90' lang='lat' dir='ltr'><strong>nunc</strong></span> <span class='ocrx_word' id='word_1_124' title='bbox 2109 1969 2178 2023; x_wconf 89' lang='lat' dir='ltr'><strong>ab</strong></span> <span class='ocrx_word' id='word_1_125' title='bbox 2201 1984 2328 2039; x_wconf 86' lang='lat' dir='ltr'><strong>rege</strong></span> 
     </span>
    </p>
   </div>
   <div class='ocr_carea' id='block_1_22' title="bbox 750 2060 2327 2131">
    <p class='ocr_par' dir='ltr' id='par_1_22' title="bbox 750 2060 2327 2131">
     <span class='ocr_line' id='line_1_22' title="bbox 750 2060 2327 2131; baseline -0.003 -16"><span class='ocrx_word' id='word_1_126' title='bbox 750 2070 933 2115; x_wconf 87' lang='lat' dir='ltr'><strong>teneat</strong></span> <span class='ocrx_word' id='word_1_127' title='bbox 982 2061 1385 2130; x_wconf 80' lang='lat' dir='ltr'><strong>magistratum,</strong></span> <span class='ocrx_word' id='word_1_128' title='bbox 1434 2063 1514 2116; x_wconf 90' lang='lat' dir='ltr'><strong>uti</strong></span> <span class='ocrx_word' id='word_1_129' title='bbox 1566 2064 1784 2131; x_wconf 68' lang='lat' dir='ltr'><strong>praesidi</strong></span> <span class='ocrx_word' id='word_1_130' title='bbox 1835 2072 1965 2115; x_wconf 89' lang='lat' dir='ltr'><strong>sunt</strong></span> <span class='ocrx_word' id='word_1_131' title='bbox 2012 2076 2152 2129; x_wconf 92' lang='lat' dir='ltr'><strong>quos</strong></span> <span class='ocrx_word' id='word_1_132' title='bbox 2187 2060 2327 2113; x_wconf 87' lang='lat' dir='ltr'><strong>dici-</strong></span> 
     </span>
    </p>
   </div>
   <div class='ocr_carea' id='block_1_23' title="bbox 746 2152 2324 2215">
    <p class='ocr_par' dir='ltr' id='par_1_23' title="bbox 746 2152 2324 2215">
     <span class='ocr_line' id='line_1_23' title="bbox 746 2152 2324 2215; baseline -0.002 -10"><span class='ocrx_word' id='word_1_133' title='bbox 746 2167 871 2205; x_wconf 87' lang='lat' dir='ltr'><strong>mus</strong></span> <span class='ocrx_word' id='word_1_134' title='bbox 909 2152 1169 2213; x_wconf 77' lang='lat' dir='ltr'><strong>codicilli,</strong></span> <span class='ocrx_word' id='word_1_135' title='bbox 1201 2153 1341 2204; x_wconf 88' lang='lat' dir='ltr'><strong>alter</strong></span> <span class='ocrx_word' id='word_1_136' title='bbox 1374 2167 1507 2205; x_wconf 83' lang='lat' dir='ltr'><strong>vero</strong></span> <span class='ocrx_word' id='word_1_137' title='bbox 1536 2152 1710 2215; x_wconf 89' lang='lat' dir='ltr'><strong>illum,</strong></span> <span class='ocrx_word' id='word_1_138' title='bbox 1738 2153 1816 2204; x_wconf 91' lang='lat' dir='ltr'><strong>uti</strong></span> <span class='ocrx_word' id='word_1_139' title='bbox 1867 2152 2127 2213; x_wconf 86' lang='lat' dir='ltr'><strong>duciano,</strong></span> <span class='ocrx_word' id='word_1_140' title='bbox 2162 2166 2324 2215; x_wconf 90' lang='lat' dir='ltr'><strong>quem</strong></span> 
     </span>
    </p>
   </div>
   <div class='ocr_carea' id='block_1_24' title="bbox 745 2241 2328 2312">
    <p class='ocr_par' dir='ltr' id='par_1_24' title="bbox 745 2241 2328 2312">
     <span class='ocr_line' id='line_1_24' title="bbox 745 2241 2328 2312; baseline -0.003 -15"><span class='ocrx_word' id='word_1_141' title='bbox 745 2244 1004 2303; x_wconf 90' lang='lat' dir='ltr'><strong>dicimus,</strong></span> <span class='ocrx_word' id='word_1_142' title='bbox 1055 2243 1268 2311; x_wconf 80' lang='lat' dir='ltr'><strong>gladius</strong></span> <span class='ocrx_word' id='word_1_143' title='bbox 1317 2243 1531 2312; x_wconf 85' lang='lat' dir='ltr'><strong>insigne</strong></span> <span class='ocrx_word' id='word_1_144' title='bbox 1576 2253 1683 2306; x_wconf 90' lang='lat' dir='ltr'><strong>est,</strong></span> <span class='ocrx_word' id='word_1_145' title='bbox 1713 2250 1878 2310; x_wconf 89' lang='lat' dir='ltr'><strong>atque</strong></span> <span class='ocrx_word' id='word_1_146' title='bbox 1910 2241 2035 2295; x_wconf 85' lang='lat' dir='ltr'><strong>aliis</strong></span> <span class='ocrx_word' id='word_1_147' title='bbox 2064 2242 2169 2294; x_wconf 87' lang='lat' dir='ltr'><strong>alia</strong></span> <span class='ocrx_word' id='word_1_148' title='bbox 2199 2250 2328 2293; x_wconf 89' lang='lat' dir='ltr'><strong>sunt</strong></span> 
     </span>
    </p>
   </div>
   <div class='ocr_carea' id='block_1_25' title="bbox 745 2333 2327 2403">
    <p class='ocr_par' dir='ltr' id='par_1_25' title="bbox 745 2333 2327 2403">
     <span class='ocr_line' id='line_1_25' title="bbox 745 2333 2327 2403; baseline -0.004 -14"><span class='ocrx_word' id='word_1_149' title='bbox 745 2336 1003 2403; x_wconf 87' lang='lat' dir='ltr'><strong>insignia,</strong></span> <span class='ocrx_word' id='word_1_150' title='bbox 1045 2351 1167 2403; x_wconf 73' lang='lat' dir='ltr'><strong>quae</strong></span> <span class='ocrx_word' id='word_1_151' title='bbox 1202 2334 1303 2403; x_wconf 89' lang='lat' dir='ltr'><strong>ipsi</strong></span> <span class='ocrx_word' id='word_1_152' title='bbox 1356 2334 1425 2388; x_wconf 90' lang='lat' dir='ltr'><strong>ab</strong></span> <span class='ocrx_word' id='word_1_153' title='bbox 1475 2349 1600 2402; x_wconf 85' lang='lat' dir='ltr'><strong>rege</strong></span> <span class='ocrx_word' id='word_1_154' title='bbox 1648 2333 1929 2401; x_wconf 88' lang='lat' dir='ltr'><strong>accipiunt</strong></span> <span class='ocrx_word' id='word_1_155' title='bbox 1974 2333 2327 2401; x_wconf 86' lang='lat' dir='ltr'><strong>propriisque</strong></span> 
     </span>
    </p>
   </div>
   <div class='ocr_carea' id='block_1_26' title="bbox 745 2421 2324 2491">
    <p class='ocr_par' dir='ltr' id='par_1_26' title="bbox 745 2421 2324 2491">
     <span class='ocr_line' id='line_1_26' title="bbox 745 2421 2324 2491; baseline -0.003 -14"><span class='ocrx_word' id='word_1_156' title='bbox 745 2424 1003 2477; x_wconf 91' lang='lat' dir='ltr'><strong>manibus</strong></span> <span class='ocrx_word' id='word_1_157' title='bbox 1029 2422 1347 2491; x_wconf 69' lang='lat' dir='ltr'><strong>praeferunt,</strong></span> <span class='ocrx_word' id='word_1_158' title='bbox 1377 2436 1503 2475; x_wconf 85' lang='lat' dir='ltr'><strong>cum</strong></span> <span class='ocrx_word' id='word_1_159' title='bbox 1530 2432 1716 2475; x_wconf 89' lang='lat' dir='ltr'><strong>autem</strong></span> <span class='ocrx_word' id='word_1_160' title='bbox 1748 2421 1914 2475; x_wconf 91' lang='lat' dir='ltr'><strong>domo</strong></span> <span class='ocrx_word' id='word_1_161' title='bbox 1941 2421 2324 2490; x_wconf 86' lang='lat' dir='ltr'><strong>egrediuntur,</strong></span> 
     </span>
    </p>
   </div>
   <div class='ocr_carea' id='block_1_27' title="bbox 743 2511 2328 2583">
    <p class='ocr_par' dir='ltr' id='par_1_27' title="bbox 743 2511 2328 2583">
     <span class='ocr_line' id='line_1_27' title="bbox 743 2511 2328 2583; baseline -0.003 -14"><span class='ocrx_word' id='word_1_162' title='bbox 743 2515 1067 2571; x_wconf 84' lang='lat' dir='ltr'><strong>domesticis</strong></span> <span class='ocrx_word' id='word_1_163' title='bbox 1098 2513 1325 2568; x_wconf 89' lang='lat' dir='ltr'><strong>tradunt</strong></span> <span class='ocrx_word' id='word_1_164' title='bbox 1352 2513 1623 2583; x_wconf 88' lang='lat' dir='ltr'><strong>portanda</strong></span> <span class='ocrx_word' id='word_1_165' title='bbox 1651 2513 1915 2576; x_wconf 88' lang='lat' dir='ltr'><strong>servitiis,</strong></span> <span class='ocrx_word' id='word_1_166' title='bbox 1956 2513 2011 2566; x_wconf 92' lang='lat' dir='ltr'><strong>in</strong></span> <span class='ocrx_word' id='word_1_167' title='bbox 2034 2511 2184 2566; x_wconf 89' lang='lat' dir='ltr'><strong>hunc</strong></span> <span class='ocrx_word' id='word_1_168' title='bbox 2206 2527 2328 2565; x_wconf 90' lang='lat' dir='ltr'><strong>mo-</strong></span> 
     </span>
    </p>
   </div>
   <div class='ocr_carea' id='block_1_28' title="bbox 742 2602 2327 2662">
    <p class='ocr_par' dir='ltr' id='par_1_28' title="bbox 742 2602 2327 2662">
     <span class='ocr_line' id='line_1_28' title="bbox 742 2602 2327 2662; baseline -0.004 0"><span class='ocrx_word' id='word_1_169' title='bbox 742 2608 876 2662; x_wconf 91' lang='lat' dir='ltr'><strong>dum</strong></span> <span class='ocrx_word' id='word_1_170' title='bbox 914 2607 1080 2661; x_wconf 91' lang='lat' dir='ltr'><strong>etiam</strong></span> <span class='ocrx_word' id='word_1_171' title='bbox 1113 2606 1380 2660; x_wconf 89' lang='lat' dir='ltr'><strong>Dominus</strong></span> <span class='ocrx_word' id='word_1_172' title='bbox 1406 2614 1597 2658; x_wconf 86' lang='lat' dir='ltr'><strong>noster</strong></span> <span class='ocrx_word' id='word_1_173' title='bbox 1639 2604 1802 2659; x_wconf 85' lang='lat' dir='ltr'><strong>Jesus</strong></span> <span class='ocrx_word' id='word_1_174' title='bbox 1837 2602 2096 2659; x_wconf 87' lang='lat' dir='ltr'><strong>Christus</strong></span> <span class='ocrx_word' id='word_1_175' title='bbox 2135 2602 2327 2656; x_wconf 88' lang='lat' dir='ltr'><strong>buma-</strong></span> 
     </span>
    </p>
   </div>
   <div class='ocr_carea' id='block_1_29' title="bbox 742 2694 2325 2766">
    <p class='ocr_par' dir='ltr' id='par_1_29' title="bbox 742 2694 2325 2766">
     <span class='ocr_line' id='line_1_29' title="bbox 742 2694 2325 2766; baseline -0.004 -15"><span class='ocrx_word' id='word_1_176' title='bbox 742 2698 935 2752; x_wconf 84' lang='lat' dir='ltr'><strong>nitatis</strong></span> <span class='ocrx_word' id='word_1_177' title='bbox 958 2705 1210 2766; x_wconf 89' lang='lat' dir='ltr'><strong>respectu</strong></span> <span class='ocrx_word' id='word_1_178' title='bbox 1232 2694 1445 2766; x_wconf 83' lang='lat' dir='ltr'><strong>proprii</strong></span> <span class='ocrx_word' id='word_1_179' title='bbox 1470 2695 1629 2764; x_wconf 86' lang='lat' dir='ltr'><strong>regni</strong></span> <span class='ocrx_word' id='word_1_180' title='bbox 1650 2694 1903 2764; x_wconf 81' lang='lat' dir='ltr'><strong>symbola</strong></span> <span class='ocrx_word' id='word_1_181' title='bbox 1925 2709 2147 2748; x_wconf 91' lang='lat' dir='ltr'><strong>crucem</strong></span> <span class='ocrx_word' id='word_1_182' title='bbox 2172 2709 2325 2751; x_wconf 87' lang='lat' dir='ltr'><strong>suam</strong></span> 
     </span>
    </p>
   </div>
   <div class='ocr_carea' id='block_1_30' title="bbox 743 2784 2327 2856">
    <p class='ocr_par' dir='ltr' id='par_1_30' title="bbox 743 2784 2327 2856">
     <span class='ocr_line' id='line_1_30' title="bbox 743 2784 2327 2856; baseline -0.003 -14"><span class='ocrx_word' id='word_1_183' title='bbox 743 2787 958 2856; x_wconf 85' lang='lat' dir='ltr'><strong>accepit</strong></span> <span class='ocrx_word' id='word_1_184' title='bbox 985 2796 1042 2841; x_wconf 90' lang='lat' dir='ltr'><strong>et</strong></span> <span class='ocrx_word' id='word_1_185' title='bbox 1087 2800 1346 2856; x_wconf 90' lang='lat' dir='ltr'><strong>egressus</strong></span> <span class='ocrx_word' id='word_1_186' title='bbox 1388 2786 1443 2840; x_wconf 92' lang='lat' dir='ltr'><strong>in</strong></span> <span class='ocrx_word' id='word_1_187' title='bbox 1479 2785 1733 2840; x_wconf 89' lang='lat' dir='ltr'><strong>humeris</strong></span> <span class='ocrx_word' id='word_1_188' title='bbox 1755 2784 2022 2854; x_wconf 88' lang='lat' dir='ltr'><strong>portavit,</strong></span> <span class='ocrx_word' id='word_1_189' title='bbox 2063 2785 2327 2854; x_wconf 85' lang='lat' dir='ltr'><strong>primum-</strong></span> 
     </span>
    </p>
   </div>
   <div class='ocr_carea' id='block_1_31' title="bbox 743 2874 2327 2948">
    <p class='ocr_par' dir='ltr' id='par_1_31' title="bbox 743 2874 2327 2948">
     <span class='ocr_line' id='line_1_31' title="bbox 743 2874 2327 2948; baseline -0.003 -16"><span class='ocrx_word' id='word_1_190' title='bbox 743 2893 852 2948; x_wconf 90' lang='lat' dir='ltr'><strong>que</strong></span> <span class='ocrx_word' id='word_1_191' title='bbox 910 2877 1027 2946; x_wconf 89' lang='lat' dir='ltr'><strong>ipse</strong></span> <span class='ocrx_word' id='word_1_192' title='bbox 1066 2876 1355 2947; x_wconf 77' lang='lat' dir='ltr'><strong>baiulavit,</strong></span> <span class='ocrx_word' id='word_1_193' title='bbox 1406 2874 1608 2929; x_wconf 89' lang='lat' dir='ltr'><strong>deinde</strong></span> <span class='ocrx_word' id='word_1_194' title='bbox 1651 2874 1814 2929; x_wconf 90' lang='lat' dir='ltr'><strong>alteri</strong></span> <span class='ocrx_word' id='word_1_195' title='bbox 1877 2874 2052 2939; x_wconf 90' lang='lat' dir='ltr'><strong>dedit,</strong></span> <span class='ocrx_word' id='word_1_196' title='bbox 2110 2874 2211 2928; x_wconf 93' lang='lat' dir='ltr'><strong>hac</strong></span> <span class='ocrx_word' id='word_1_197' title='bbox 2268 2888 2327 2927; x_wconf 90' lang='lat' dir='ltr'><strong>re</strong></span> 
     </span>
    </p>
   </div>
   <div class='ocr_carea' id='block_1_32' title="bbox 743 2968 2327 3042">
    <p class='ocr_par' dir='ltr' id='par_1_32' title="bbox 743 2968 2327 3042">
     <span class='ocr_line' id='line_1_32' title="bbox 743 2968 2327 3042; baseline -0.003 -16"><span class='ocrx_word' id='word_1_198' title='bbox 743 2970 1062 3042; x_wconf 88' lang='lat' dir='ltr'><strong>signiﬁcans</strong></span> <span class='ocrx_word' id='word_1_199' title='bbox 1117 2985 1245 3025; x_wconf 88' lang='lat' dir='ltr'><strong>eum</strong></span> <span class='ocrx_word' id='word_1_200' title='bbox 1294 2971 1383 3025; x_wconf 91' lang='lat' dir='ltr'><strong>cui</strong></span> <span class='ocrx_word' id='word_1_201' title='bbox 1436 2968 1733 3038; x_wconf 88' lang='lat' dir='ltr'><strong>imperium</strong></span> <span class='ocrx_word' id='word_1_202' title='bbox 1795 2968 2093 3023; x_wconf 88' lang='lat' dir='ltr'><strong>mandetur</strong></span> <span class='ocrx_word' id='word_1_203' title='bbox 2126 2968 2327 3022; x_wconf 89' lang='lat' dir='ltr'><strong>debere</strong></span> 
     </span>
    </p>
   </div>
   <div class='ocr_carea' id='block_1_33' title="bbox 744 3060 2320 3133">
    <p class='ocr_par' dir='ltr' id='par_1_33' title="bbox 744 3060 2320 3133">
     <span class='ocr_line' id='line_1_33' title="bbox 744 3060 2320 3133; baseline -0.003 -16"><span class='ocrx_word' id='word_1_204' title='bbox 744 3063 983 3132; x_wconf 91' lang='lat' dir='ltr'><strong>primum</strong></span> <span class='ocrx_word' id='word_1_205' title='bbox 1027 3064 1224 3133; x_wconf 66' lang='lat' dir='ltr'><strong>praeire</strong></span> <span class='ocrx_word' id='word_1_206' title='bbox 1250 3066 1332 3117; x_wconf 92' lang='lat' dir='ltr'><strong>eis</strong></span> <span class='ocrx_word' id='word_1_207' title='bbox 1354 3062 1450 3132; x_wconf 91' lang='lat' dir='ltr'><strong>qui</strong></span> <span class='ocrx_word' id='word_1_208' title='bbox 1483 3076 1551 3115; x_wconf 92' lang='lat' dir='ltr'><strong>eo</strong></span> <span class='ocrx_word' id='word_1_209' title='bbox 1579 3061 1819 3130; x_wconf 90' lang='lat' dir='ltr'><strong>imperio</strong></span> <span class='ocrx_word' id='word_1_210' title='bbox 1847 3060 2125 3115; x_wconf 89' lang='lat' dir='ltr'><strong>ducantur</strong></span> <span class='ocrx_word' id='word_1_211' title='bbox 2152 3069 2320 3129; x_wconf 91' lang='lat' dir='ltr'><strong>atque</strong></span> 
     </span>
    </p>
   </div>
   <div class='ocr_carea' id='block_1_34' title="bbox 746 3152 2400 3233">
    <p class='ocr_par' dir='ltr' id='par_1_34' title="bbox 746 3152 2400 3233">
     <span class='ocr_line' id='line_1_34' title="bbox 746 3152 2400 3233; baseline -0.003 -24"><span class='ocrx_word' id='word_1_212' title='bbox 746 3155 891 3209; x_wconf 90' lang='lat' dir='ltr'><strong>tueri</strong></span> <span class='ocrx_word' id='word_1_213' title='bbox 937 3170 1035 3209; x_wconf 92' lang='lat' dir='ltr'><strong>eos</strong></span> <span class='ocrx_word' id='word_1_214' title='bbox 1065 3154 1160 3225; x_wconf 88' lang='lat' dir='ltr'><strong>qui</strong></span> <span class='ocrx_word' id='word_1_215' title='bbox 1207 3154 1288 3209; x_wconf 88' lang='lat' dir='ltr'><strong>illi</strong></span> <span class='ocrx_word' id='word_1_216' title='bbox 1328 3153 1665 3208; x_wconf 89' lang='lat' dir='ltr'><strong>addicuntur</strong></span> <span class='ocrx_word' id='word_1_217' title='bbox 1701 3152 1800 3224; x_wconf 92' lang='lat' dir='ltr'><strong>(ita</strong></span> <span class='ocrx_word' id='word_1_218' title='bbox 1830 3154 1981 3207; x_wconf 90' lang='lat' dir='ltr'><strong>enim</strong></span> <span class='ocrx_word' id='word_1_219' title='bbox 2004 3153 2175 3222; x_wconf 84' lang='lat' dir='ltr'><strong>jussis</strong></span> <span class='ocrx_word' id='word_1_220' title='bbox 2209 3154 2328 3222; x_wconf 89' lang='lat' dir='ltr'><strong>ejus</strong></span> <span class='ocrx_word' id='word_1_221' title='bbox 2356 3176 2400 3233; x_wconf 70' lang='grc' dir='ltr'>ο</span> 
     </span>
    </p>
   </div>
   <div class='ocr_carea' id='block_1_35' title="bbox 743 3244 2332 3314">
    <p class='ocr_par' dir='ltr' id='par_1_35' title="bbox 743 3244 2332 3314">
     <span class='ocr_line' id='line_1_35' title="bbox 743 3244 2332 3314; baseline -0.002 -14"><span class='ocrx_word' id='word_1_222' title='bbox 743 3254 800 3301; x_wconf 89' lang='lat' dir='ltr'><strong>et</strong></span> <span class='ocrx_word' id='word_1_223' title='bbox 822 3246 1311 3300; x_wconf 89' lang='lat' dir='ltr'><strong>adhortationibus</strong></span> <span class='ocrx_word' id='word_1_224' title='bbox 1339 3246 1602 3300; x_wconf 88' lang='lat' dir='ltr'><strong>lubenter</strong></span> <span class='ocrx_word' id='word_1_225' title='bbox 1628 3244 1951 3314; x_wconf 87' lang='lat' dir='ltr'><strong>parebunt),</strong></span> <span class='ocrx_word' id='word_1_226' title='bbox 1975 3260 2039 3298; x_wconf 90' lang='lat' dir='ltr'><strong>ac</strong></span> <span class='ocrx_word' id='word_1_227' title='bbox 2070 3244 2332 3311; x_wconf 91' lang='lat' dir='ltr'><strong>deinceps</strong></span> 
     </span>
    </p>
   </div>
   <div class='ocr_carea' id='block_1_36' title="bbox 746 3333 2329 3408">
    <p class='ocr_par' dir='ltr' id='par_1_36' title="bbox 746 3333 2329 3408">
     <span class='ocr_line' id='line_1_36' title="bbox 746 3333 2329 3408; baseline -0.004 -16"><span class='ocrx_word' id='word_1_228' title='bbox 746 3353 843 3393; x_wconf 92' lang='lat' dir='ltr'><strong>eos</strong></span> <span class='ocrx_word' id='word_1_229' title='bbox 890 3338 988 3408; x_wconf 89' lang='lat' dir='ltr'><strong>qui</strong></span> <span class='ocrx_word' id='word_1_230' title='bbox 1037 3335 1451 3392; x_wconf 72' lang='lat' dir='ltr'><strong>sibi&#39;mandati</strong></span> <span class='ocrx_word' id='word_1_231' title='bbox 1514 3345 1647 3390; x_wconf 89' lang='lat' dir='ltr'><strong>sunt</strong></span> <span class='ocrx_word' id='word_1_232' title='bbox 1694 3335 1842 3388; x_wconf 90' lang='lat' dir='ltr'><strong>idem</strong></span> <span class='ocrx_word' id='word_1_233' title='bbox 1877 3333 2060 3389; x_wconf 90' lang='lat' dir='ltr'><strong>facere</strong></span> <span class='ocrx_word' id='word_1_234' title='bbox 2110 3333 2329 3402; x_wconf 75' lang='lat' dir='ltr'><strong>jubere.</strong></span> 
     </span>
    </p>
   </div>
   <div class='ocr_carea' id='block_1_37' title="bbox 745 3425 2330 3495">
    <p class='ocr_par' dir='ltr' id='par_1_37' title="bbox 745 3425 2330 3495">
     <span class='ocr_line' id='line_1_37' title="bbox 745 3425 2330 3495; baseline -0.003 -12"><span class='ocrx_word' id='word_1_235' title='bbox 745 3428 905 3495; x_wconf 87' lang='lat' dir='ltr'><strong>Quod</strong></span> <span class='ocrx_word' id='word_1_236' title='bbox 928 3429 975 3482; x_wconf 92' lang='lat' dir='ltr'><strong>si</strong></span> <span class='ocrx_word' id='word_1_237' title='bbox 994 3428 1214 3483; x_wconf 89' lang='lat' dir='ltr'><strong>Domini</strong></span> <span class='ocrx_word' id='word_1_238' title='bbox 1242 3428 1417 3481; x_wconf 88' lang='lat' dir='ltr'><strong>nostri</strong></span> <span class='ocrx_word' id='word_1_239' title='bbox 1448 3428 1578 3482; x_wconf 88' lang='lat' dir='ltr'><strong>Jesu</strong></span> <span class='ocrx_word' id='word_1_240' title='bbox 1609 3426 1817 3481; x_wconf 87' lang='lat' dir='ltr'><strong>Christi</strong></span> <span class='ocrx_word' id='word_1_241' title='bbox 1866 3426 2082 3494; x_wconf 85' lang='lat' dir='ltr'><strong>insigne</strong></span> <span class='ocrx_word' id='word_1_242' title='bbox 2113 3425 2330 3494; x_wconf 90' lang='lat' dir='ltr'><strong>imperii</strong></span> 
     </span>
    </p>
   </div>
   <div class='ocr_carea' id='block_1_38' title="bbox 746 3516 2335 3589">
    <p class='ocr_par' dir='ltr' id='par_1_38' title="bbox 746 3516 2335 3589">
     <span class='ocr_line' id='line_1_38' title="bbox 746 3516 2335 3589; baseline -0.004 -14"><span class='ocrx_word' id='word_1_243' title='bbox 746 3536 882 3575; x_wconf 80' lang='lat' dir='ltr'><strong>crux</strong></span> <span class='ocrx_word' id='word_1_244' title='bbox 907 3529 1013 3585; x_wconf 89' lang='lat' dir='ltr'><strong>est,</strong></span> <span class='ocrx_word' id='word_1_245' title='bbox 1041 3535 1204 3589; x_wconf 90' lang='lat' dir='ltr'><strong>quam</strong></span> <span class='ocrx_word' id='word_1_246' title='bbox 1251 3520 1306 3572; x_wconf 94' lang='lat' dir='ltr'><strong>in</strong></span> <span class='ocrx_word' id='word_1_247' title='bbox 1342 3518 1591 3572; x_wconf 87' lang='lat' dir='ltr'><strong>humeris</strong></span> <span class='ocrx_word' id='word_1_248' title='bbox 1620 3517 1909 3587; x_wconf 89' lang='lat' dir='ltr'><strong>bajulavit,</strong></span> <span class='ocrx_word' id='word_1_249' title='bbox 1941 3516 2085 3572; x_wconf 89' lang='lat' dir='ltr'><strong>scire</strong></span> <span class='ocrx_word' id='word_1_250' title='bbox 2113 3526 2335 3586; x_wconf 89' lang='lat' dir='ltr'><strong>oportet</strong></span> 
     </span>
    </p>
   </div>
   <div class='ocr_carea' id='block_1_39' title="bbox 745 3602 2335 3680">
    <p class='ocr_par' dir='ltr' id='par_1_39' title="bbox 745 3602 2335 3680">
     <span class='ocr_line' id='line_1_39' title="bbox 745 3602 2335 3680; baseline -0.003 -15"><span class='ocrx_word' id='word_1_251' title='bbox 745 3602 879 3680; x_wconf 83' lang='lat' dir='ltr'><strong>quid</strong></span> <span class='ocrx_word' id='word_1_252' title='bbox 906 3626 1005 3679; x_wconf 90' lang='lat' dir='ltr'><strong>per</strong></span> <span class='ocrx_word' id='word_1_253' title='bbox 1031 3625 1129 3664; x_wconf 93' lang='lat' dir='ltr'><strong>eos</strong></span> <span class='ocrx_word' id='word_1_254' title='bbox 1156 3608 1498 3675; x_wconf 83' lang='lat' dir='ltr'><strong>signiﬁcasse</strong></span> <span class='ocrx_word' id='word_1_255' title='bbox 1527 3608 1760 3675; x_wconf 90' lang='lat' dir='ltr'><strong>cupiens</strong></span> <span class='ocrx_word' id='word_1_256' title='bbox 1804 3618 1914 3660; x_wconf 90' lang='lat' dir='ltr'><strong>tam</strong></span> <span class='ocrx_word' id='word_1_257' title='bbox 1958 3608 2187 3677; x_wconf 78' lang='lat' dir='ltr'><strong>mystice</strong></span> <span class='ocrx_word' id='word_1_258' title='bbox 2218 3607 2335 3661; x_wconf 69' lang='lat' dir='ltr'><strong>hazc</strong></span> 
     </span>
    </p>
   </div>
   <div class='ocr_carea' id='block_1_40' title="bbox 746 3695 2331 3769">
    <p class='ocr_par' dir='ltr' id='par_1_40' title="bbox 746 3695 2331 3769">
     <span class='ocr_line' id='line_1_40' title="bbox 746 3695 2331 3769; baseline -0.001 -17"><span class='ocrx_word' id='word_1_259' title='bbox 746 3698 1088 3769; x_wconf 89' lang='lat' dir='ltr'><strong>disposuerit</strong></span> <span class='ocrx_word' id='word_1_260' title='bbox 1135 3707 1303 3766; x_wconf 90' lang='lat' dir='ltr'><strong>atque</strong></span> <span class='ocrx_word' id='word_1_261' title='bbox 1352 3695 1704 3750; x_wconf 89' lang='lat' dir='ltr'><strong>sustinuerit.</strong></span> <span class='ocrx_word' id='word_1_262' title='bbox 1760 3696 2148 3767; x_wconf 79' lang='lat' dir='ltr'><strong>Symbolorum</strong></span> <span class='ocrx_word' id='word_1_263' title='bbox 2176 3698 2331 3765; x_wconf 88' lang='lat' dir='ltr'><strong>gnari</strong></span> 
     </span>
    </p>
   </div>
   <div class='ocr_carea' id='block_1_41' title="bbox 749 3788 2332 3854">
    <p class='ocr_par' dir='ltr' id='par_1_41' title="bbox 749 3788 2332 3854">
     <span class='ocr_line' id='line_1_41' title="bbox 749 3788 2332 3854; baseline 0 -11"><span class='ocrx_word' id='word_1_264' title='bbox 749 3792 1037 3844; x_wconf 88' lang='lat' dir='ltr'><strong>humerum</strong></span> <span class='ocrx_word' id='word_1_265' title='bbox 1058 3789 1253 3844; x_wconf 88' lang='lat' dir='ltr'><strong>dicunt</strong></span> <span class='ocrx_word' id='word_1_266' title='bbox 1268 3790 1506 3843; x_wconf 87' lang='lat' dir='ltr'><strong>actionis</strong></span> <span class='ocrx_word' id='word_1_267' title='bbox 1529 3804 1651 3843; x_wconf 90' lang='lat' dir='ltr'><strong>esse</strong></span> <span class='ocrx_word' id='word_1_268' title='bbox 1669 3788 2086 3854; x_wconf 90' lang='lat' dir='ltr'><strong>documentum,</strong></span> <span class='ocrx_word' id='word_1_269' title='bbox 2112 3804 2332 3843; x_wconf 91' lang='lat' dir='ltr'><strong>erucem</strong></span> 
     </span>
    </p>
   </div>
   <div class='ocr_carea' id='block_1_42' title="bbox 748 3879 2332 3951">
    <p class='ocr_par' dir='ltr' id='par_1_42' title="bbox 748 3879 2332 3951">
     <span class='ocr_line' id='line_1_42' title="bbox 748 3879 2332 3951; baseline 0 -16"><span class='ocrx_word' id='word_1_270' title='bbox 748 3899 879 3938; x_wconf 79' lang='lat' dir='ltr'><strong>vero</strong></span> <span class='ocrx_word' id='word_1_271' title='bbox 904 3882 1392 3951; x_wconf 87' lang='lat' dir='ltr'><strong>impassibilitatis,</strong></span> <span class='ocrx_word' id='word_1_272' title='bbox 1416 3891 1607 3951; x_wconf 89' lang='lat' dir='ltr'><strong>utpote</strong></span> <span class='ocrx_word' id='word_1_273' title='bbox 1639 3881 2065 3935; x_wconf 88' lang='lat' dir='ltr'><strong>mortiﬁcatione</strong></span> <span class='ocrx_word' id='word_1_274' title='bbox 2089 3879 2332 3935; x_wconf 82' lang='lat' dir='ltr'><strong>afﬁcien-</strong></span> 
     </span>
    </p>
   </div>
   <div class='ocr_carea' id='block_1_43' title="bbox 750 3972 2334 4042">
    <p class='ocr_par' dir='ltr' id='par_1_43' title="bbox 750 3972 2334 4042">
     <span class='ocr_line' id='line_1_43' title="bbox 750 3972 2334 4042; baseline -0.001 -16"><span class='ocrx_word' id='word_1_275' title='bbox 750 3983 882 4028; x_wconf 89' lang='lat' dir='ltr'><strong>tem.</strong></span> <span class='ocrx_word' id='word_1_276' title='bbox 926 3972 1025 4027; x_wconf 85' lang='lat' dir='ltr'><strong>llis</strong></span> <span class='ocrx_word' id='word_1_277' title='bbox 1067 3972 1239 4042; x_wconf 84' lang='lat' dir='ltr'><strong>igitur</strong></span> <span class='ocrx_word' id='word_1_278' title='bbox 1272 3972 1584 4041; x_wconf 73' lang='lat' dir='ltr'><strong>aznigmatis</strong></span> <span class='ocrx_word' id='word_1_279' title='bbox 1624 3972 1893 4025; x_wconf 91' lang='lat' dir='ltr'><strong>Dominus</strong></span> <span class='ocrx_word' id='word_1_280' title='bbox 1937 3980 2131 4026; x_wconf 90' lang='lat' dir='ltr'><strong>noster</strong></span> <span class='ocrx_word' id='word_1_281' title='bbox 2168 3982 2334 4040; x_wconf 89' lang='lat' dir='ltr'><strong>atque</strong></span> 
     </span>
    </p>
   </div>
   <div class='ocr_carea' id='block_1_44' title="bbox 751 4063 2333 4134">
    <p class='ocr_par' dir='ltr' id='par_1_44' title="bbox 751 4063 2333 4134">
     <span class='ocr_line' id='line_1_44' title="bbox 751 4063 2333 4134; baseline 0 -16"><span class='ocrx_word' id='word_1_282' title='bbox 751 4065 933 4127; x_wconf 89' lang='lat' dir='ltr'><strong>Deus,</strong></span> <span class='ocrx_word' id='word_1_283' title='bbox 982 4071 1217 4131; x_wconf 91' lang='lat' dir='ltr'><strong>utraque</strong></span> <span class='ocrx_word' id='word_1_284' title='bbox 1256 4072 1552 4117; x_wconf 77' lang='lat' dir='ltr'><strong>exsecutus</strong></span> <span class='ocrx_word' id='word_1_285' title='bbox 1604 4077 1839 4131; x_wconf 90' lang='lat' dir='ltr'><strong>quorum</strong></span> <span class='ocrx_word' id='word_1_286' title='bbox 1887 4072 2017 4118; x_wconf 88' lang='lat' dir='ltr'><strong>sunt</strong></span> <span class='ocrx_word' id='word_1_287' title='bbox 2043 4063 2333 4134; x_wconf 78' lang='lat' dir='ltr'><strong>aenigmata</strong></span> 
     </span>
    </p>
   </div>
   <div class='ocr_carea' id='block_1_45' title="bbox 753 4153 2335 4225">
    <p class='ocr_par' dir='ltr' id='par_1_45' title="bbox 753 4153 2335 4225">
     <span class='ocr_line' id='line_1_45' title="bbox 753 4153 2335 4225; baseline 0 -16"><span class='ocrx_word' id='word_1_288' title='bbox 753 4156 1028 4224; x_wconf 88' lang='lat' dir='ltr'><strong>(actionis,</strong></span> <span class='ocrx_word' id='word_1_289' title='bbox 1056 4153 1301 4222; x_wconf 92' lang='lat' dir='ltr'><strong>inquam,</strong></span> <span class='ocrx_word' id='word_1_290' title='bbox 1321 4163 1375 4209; x_wconf 92' lang='lat' dir='ltr'><strong>et</strong></span> <span class='ocrx_word' id='word_1_291' title='bbox 1396 4153 1904 4225; x_wconf 86' lang='lat' dir='ltr'><strong>impassibilitatis).</strong></span> <span class='ocrx_word' id='word_1_292' title='bbox 1932 4170 1997 4209; x_wconf 92' lang='lat' dir='ltr'><strong>ne</strong></span> <span class='ocrx_word' id='word_1_293' title='bbox 2025 4156 2171 4209; x_wconf 89' lang='lat' dir='ltr'><strong>actio</strong></span> <span class='ocrx_word' id='word_1_294' title='bbox 2195 4172 2335 4209; x_wconf 84' lang='lat' dir='ltr'><strong>vana</strong></span> 
     </span>
    </p>
   </div>
   <div class='ocr_carea' id='block_1_46' title="bbox 751 4243 2336 4316">
    <p class='ocr_par' dir='ltr' id='par_1_46' title="bbox 751 4243 2336 4316">
     <span class='ocr_line' id='line_1_46' title="bbox 751 4243 2336 4316; baseline 0.001 -17"><span class='ocrx_word' id='word_1_295' title='bbox 751 4246 928 4313; x_wconf 78' lang='lat' dir='ltr'><strong>gloria</strong></span> <span class='ocrx_word' id='word_1_296' title='bbox 972 4244 1343 4314; x_wconf 84' lang='lat' dir='ltr'><strong>perimeretur</strong></span> <span class='ocrx_word' id='word_1_297' title='bbox 1374 4259 1468 4297; x_wconf 83' lang='lat' dir='ltr'><strong>eas</strong></span> <span class='ocrx_word' id='word_1_298' title='bbox 1503 4243 1774 4299; x_wconf 81' lang='lat' dir='ltr'><strong>indicavit</strong></span> <span class='ocrx_word' id='word_1_299' title='bbox 1812 4245 2049 4300; x_wconf 84' lang='lat' dir='ltr'><strong>virtutes</strong></span> <span class='ocrx_word' id='word_1_300' title='bbox 2076 4263 2177 4316; x_wconf 91' lang='lat' dir='ltr'><strong>per</strong></span> <span class='ocrx_word' id='word_1_301' title='bbox 2199 4263 2336 4316; x_wconf 91' lang='lat' dir='ltr'><strong>quas</strong></span> 
     </span>
    </p>
   </div>
   <div class='ocr_carea' id='block_1_47' title="bbox 757 4334 2335 4406">
    <p class='ocr_par' dir='ltr' id='par_1_47' title="bbox 757 4334 2335 4406">
     <span class='ocr_line' id='line_1_47' title="bbox 757 4334 2335 4406; baseline 0.001 -16"><span class='ocrx_word' id='word_1_302' title='bbox 757 4352 986 4391; x_wconf 88' lang='lat' dir='ltr'><strong>munere</strong></span> <span class='ocrx_word' id='word_1_303' title='bbox 1028 4352 1129 4389; x_wconf 92' lang='lat' dir='ltr'><strong>suo</strong></span> <span class='ocrx_word' id='word_1_304' title='bbox 1174 4334 1497 4403; x_wconf 82' lang='lat' dir='ltr'><strong>perfunctus</strong></span> <span class='ocrx_word' id='word_1_305' title='bbox 1530 4336 1602 4389; x_wconf 87' lang='lat' dir='ltr'><strong>sit</strong></span> <span class='ocrx_word' id='word_1_306' title='bbox 1625 4351 1727 4404; x_wconf 89' lang='lat' dir='ltr'><strong>pro</strong></span> <span class='ocrx_word' id='word_1_307' title='bbox 1755 4336 1952 4405; x_wconf 86' lang='lat' dir='ltr'><strong>eisqui</strong></span> <span class='ocrx_word' id='word_1_308' title='bbox 1984 4338 2038 4390; x_wconf 91' lang='lat' dir='ltr'><strong>in</strong></span> <span class='ocrx_word' id='word_1_309' title='bbox 2067 4337 2335 4406; x_wconf 90' lang='lat' dir='ltr'><strong>obsequio</strong></span> 
     </span>
    </p>
   </div>
   <div class='ocr_carea' id='block_1_48' title="bbox 752 4426 2331 4489">
    <p class='ocr_par' dir='ltr' id='par_1_48' title="bbox 752 4426 2331 4489">
     <span class='ocr_line' id='line_1_48' title="bbox 752 4426 2331 4489; baseline 0 -8"><span class='ocrx_word' id='word_1_310' title='bbox 752 4428 857 4481; x_wconf 87' lang='lat' dir='ltr'><strong>sibi</strong></span> <span class='ocrx_word' id='word_1_311' title='bbox 897 4442 961 4480; x_wconf 90' lang='lat' dir='ltr'><strong>ac</strong></span> <span class='ocrx_word' id='word_1_312' title='bbox 1007 4426 1112 4480; x_wconf 88' lang='lat' dir='ltr'><strong>ﬁde</strong></span> <span class='ocrx_word' id='word_1_313' title='bbox 1149 4427 1401 4489; x_wconf 84' lang='lat' dir='ltr'><strong>haberet,</strong></span> <span class='ocrx_word' id='word_1_314' title='bbox 1451 4426 1566 4481; x_wconf 88' lang='lat' dir='ltr'><strong>fere</strong></span> <span class='ocrx_word' id='word_1_315' title='bbox 1607 4428 1757 4480; x_wconf 89' lang='lat' dir='ltr'><strong>clara</strong></span> <span class='ocrx_word' id='word_1_316' title='bbox 1802 4427 2112 4481; x_wconf 80' lang='lat' dir='ltr'><strong>vociferans</strong></span> <span class='ocrx_word' id='word_1_317' title='bbox 2157 4446 2291 4481; x_wconf 80' lang='lat' dir='ltr'><strong>voce</strong></span> <span class='ocrx_word' id='word_1_318' title='bbox 2319 4448 2331 4460; x_wconf 89' lang='grc'><strong>·</strong></span> 
     </span>
    </p>
   </div>
   <div class='ocr_carea' id='block_1_49' title="bbox 755 4503 2406 4589">
    <p class='ocr_par' dir='ltr' id='par_1_49' title="bbox 755 4503 2406 4589">
     <span class='ocr_line' id='line_1_49' title="bbox 755 4503 2406 4589; baseline 0.001 -17"><span class='ocrx_word' id='word_1_319' title='bbox 755 4520 868 4572; x_wconf 89' lang='lat' dir='ltr'><strong>lloc</strong></span> <span class='ocrx_word' id='word_1_320' title='bbox 907 4518 1216 4589; x_wconf 89' lang='lat' dir='ltr'><strong>symbolum</strong></span> <span class='ocrx_word' id='word_1_321' title='bbox 1263 4518 1373 4571; x_wconf 89' lang='lat' dir='ltr'><strong>mei</strong></span> <span class='ocrx_word' id='word_1_322' title='bbox 1406 4518 1623 4587; x_wconf 91' lang='lat' dir='ltr'><strong>imperii</strong></span> <span class='ocrx_word' id='word_1_323' title='bbox 1656 4526 1741 4571; x_wconf 91' lang='lat' dir='ltr'><strong>est</strong></span> <span class='ocrx_word' id='word_1_324' title='bbox 1772 4535 1783 4570; x_wconf 96' lang='lat'>:</span> <span class='ocrx_word' id='word_1_325' title='bbox 1813 4519 2129 4587; x_wconf 90' lang='lat' dir='ltr'><strong>quicunque</strong></span> <span class='ocrx_word' id='word_1_326' title='bbox 2162 4520 2329 4589; x_wconf 82' lang='lat' dir='ltr'><strong>igitur</strong></span> <span class='ocrx_word' id='word_1_327' title='bbox 2363 4503 2406 4558; x_wconf 74' lang='grc' dir='ltr'><strong>θ</strong></span> 
     </span>
    </p>
   </div>
   <div class='ocr_carea' id='block_1_50' title="bbox 752 4608 2327 4683">
    <p class='ocr_par' dir='ltr' id='par_1_50' title="bbox 752 4608 2327 4683">
     <span class='ocr_line' id='line_1_50' title="bbox 752 4608 2327 4683; baseline 0.003 -21"><span class='ocrx_word' id='word_1_328' title='bbox 752 4609 821 4663; x_wconf 91' lang='lat' dir='ltr'><strong>de</strong></span> <span class='ocrx_word' id='word_1_329' title='bbox 838 4608 998 4663; x_wconf 90' lang='lat' dir='ltr'><strong>vobis</strong></span> <span class='ocrx_word' id='word_1_330' title='bbox 1026 4609 1205 4679; x_wconf 86' lang='lat' dir='ltr'><strong>diligit</strong></span> <span class='ocrx_word' id='word_1_331' title='bbox 1232 4609 1337 4664; x_wconf 92' lang='lat' dir='ltr'><strong>hoc</strong></span> <span class='ocrx_word' id='word_1_332' title='bbox 1360 4608 1681 4679; x_wconf 89' lang='lat' dir='ltr'><strong>imperium,</strong></span> <span class='ocrx_word' id='word_1_333' title='bbox 1721 4610 1765 4663; x_wconf 80' lang='lat' dir='ltr'><strong>is</strong></span> <span class='ocrx_word' id='word_1_334' title='bbox 1796 4625 1852 4663; x_wconf 78' lang='lat' dir='ltr'><strong>se</strong></span> <span class='ocrx_word' id='word_1_335' title='bbox 1884 4612 2060 4679; x_wconf 74' lang='lat' dir='ltr'><strong>ipsum</strong></span> <span class='ocrx_word' id='word_1_336' title='bbox 2088 4611 2327 4683; x_wconf 81' lang='lat' dir='ltr'><strong>abneget,</strong></span> 
     </span>
    </p>
   </div>
   <div class='ocr_carea' id='block_1_51' title="bbox 752 4700 2332 4769">
    <p class='ocr_par' dir='ltr' id='par_1_51' title="bbox 752 4700 2332 4769">
     <span class='ocr_line' id='line_1_51' title="bbox 752 4700 2332 4769; baseline 0.004 -17"><span class='ocrx_word' id='word_1_337' title='bbox 752 4710 802 4752; x_wconf 71' lang='lat' dir='ltr'><strong>et</strong></span> <span class='ocrx_word' id='word_1_338' title='bbox 835 4700 989 4755; x_wconf 81' lang='lat' dir='ltr'><strong>tollat</strong></span> <span class='ocrx_word' id='word_1_339' title='bbox 1025 4718 1229 4755; x_wconf 83' lang='lat' dir='ltr'><strong>crucem</strong></span> <span class='ocrx_word' id='word_1_340' title='bbox 1274 4718 1428 4755; x_wconf 79' lang='lat' dir='ltr'><strong>suam</strong></span> <span class='ocrx_word' id='word_1_341' title='bbox 1474 4711 1523 4753; x_wconf 85' lang='lat' dir='ltr'><strong>et</strong></span> <span class='ocrx_word' id='word_1_342' title='bbox 1565 4718 1647 4754; x_wconf 82' lang='lat' dir='ltr'><strong>me</strong></span> <span class='ocrx_word' id='word_1_343' title='bbox 1694 4708 1949 4769; x_wconf 76' lang='lat' dir='ltr'><strong>sequatur</strong></span> <span class='ocrx_word' id='word_1_344' title='bbox 1993 4710 2043 4764; x_wconf 71' lang='grc' dir='ltr'>γ,</span> <span class='ocrx_word' id='word_1_345' title='bbox 2088 4702 2195 4756; x_wconf 89' lang='lat' dir='ltr'><strong>hoc</strong></span> <span class='ocrx_word' id='word_1_346' title='bbox 2248 4714 2332 4758; x_wconf 86' lang='lat' dir='ltr'><strong>est</strong></span> 
     </span>
    </p>
   </div>
   <div class='ocr_carea' id='block_1_52' title="bbox 754 4790 2331 4861">
    <p class='ocr_par' dir='ltr' id='par_1_52' title="bbox 754 4790 2331 4861">
     <span class='ocr_line' id='line_1_52' title="bbox 754 4790 2331 4861; baseline 0.001 -14"><span class='ocrx_word' id='word_1_347' title='bbox 754 4792 1025 4847; x_wconf 89' lang='lat' dir='ltr'><strong>actionem</strong></span> <span class='ocrx_word' id='word_1_348' title='bbox 1071 4792 1388 4861; x_wconf 82' lang='lat' dir='ltr'><strong>passionum</strong></span> <span class='ocrx_word' id='word_1_349' title='bbox 1427 4790 1878 4856; x_wconf 86' lang='lat' dir='ltr'><strong>interfectricem,</strong></span> <span class='ocrx_word' id='word_1_350' title='bbox 1910 4792 2242 4860; x_wconf 89' lang='lat' dir='ltr'><strong>probitatem</strong></span> <span class='ocrx_word' id='word_1_351' title='bbox 2277 4796 2331 4847; x_wconf 86' lang='lat' dir='ltr'><strong>e&#39;t</strong></span> 
     </span>
    </p>
   </div>
   <div class='ocr_carea' id='block_1_53' title="bbox 755 4881 2327 4938">
    <p class='ocr_par' dir='ltr' id='par_1_53' title="bbox 755 4881 2327 4938">
     <span class='ocr_line' id='line_1_53' title="bbox 755 4881 2327 4938; baseline 0.002 -3"><span class='ocrx_word' id='word_1_352' title='bbox 755 4884 999 4937; x_wconf 89' lang='lat' dir='ltr'><strong>animum</strong></span> <span class='ocrx_word' id='word_1_353' title='bbox 1065 4882 1357 4935; x_wconf 89' lang='lat' dir='ltr'><strong>honestum</strong></span> <span class='ocrx_word' id='word_1_354' title='bbox 1402 4891 1453 4935; x_wconf 90' lang='lat' dir='ltr'><strong>et</strong></span> <span class='ocrx_word' id='word_1_355' title='bbox 1491 4881 1561 4935; x_wconf 90' lang='lat' dir='ltr'><strong>ab</strong></span> <span class='ocrx_word' id='word_1_356' title='bbox 1607 4882 1757 4935; x_wconf 92' lang='lat' dir='ltr'><strong>omni</strong></span> <span class='ocrx_word' id='word_1_357' title='bbox 1800 4882 2009 4936; x_wconf 84' lang='lat' dir='ltr'><strong>invidia</strong></span> <span class='ocrx_word' id='word_1_358' title='bbox 2048 4884 2327 4938; x_wconf 87' lang='lat' dir='ltr'><strong>liberum:</strong></span> 
     </span>
    </p>
   </div>
   <div class='ocr_carea' id='block_1_54' title="bbox 756 4971 2333 5043">
    <p class='ocr_par' dir='ltr' id='par_1_54' title="bbox 756 4971 2333 5043">
     <span class='ocr_line' id='line_1_54' title="bbox 756 4971 2333 5043; baseline 0.002 -15"><span class='ocrx_word' id='word_1_359' title='bbox 756 4974 959 5043; x_wconf 88' lang='lat' dir='ltr'><strong>quibus</strong></span> <span class='ocrx_word' id='word_1_360' title='bbox 996 4972 1187 5026; x_wconf 88' lang='lat' dir='ltr'><strong>verbis</strong></span> <span class='ocrx_word' id='word_1_361' title='bbox 1245 4971 1515 5042; x_wconf 86' lang='lat' dir='ltr'><strong>signiﬁcat</strong></span> <span class='ocrx_word' id='word_1_362' title='bbox 1566 4988 1624 5027; x_wconf 90' lang='lat' dir='ltr'><strong>se</strong></span> <span class='ocrx_word' id='word_1_363' title='bbox 1677 4989 1873 5028; x_wconf 91' lang='lat' dir='ltr'><strong>omnes</strong></span> <span class='ocrx_word' id='word_1_364' title='bbox 1919 4973 2024 5029; x_wconf 89' lang='lat' dir='ltr'><strong>sibi</strong></span> <span class='ocrx_word' id='word_1_365' title='bbox 2076 4976 2333 5032; x_wconf 91' lang='lat' dir='ltr'><strong>similiter</strong></span> 
     </span>
    </p>
   </div>
   <div class='ocr_carea' id='block_1_55' title="bbox 758 5064 2331 5137">
    <p class='ocr_par' dir='ltr' id='par_1_55' title="bbox 758 5064 2331 5137">
     <span class='ocr_line' id='line_1_55' title="bbox 758 5064 2331 5137; baseline 0.002 -16"><span class='ocrx_word' id='word_1_366' title='bbox 758 5080 962 5137; x_wconf 90' lang='lat' dir='ltr'><strong>cupere</strong></span> <span class='ocrx_word' id='word_1_367' title='bbox 997 5067 1101 5119; x_wconf 92' lang='lat' dir='ltr'><strong>hoc</strong></span> <span class='ocrx_word' id='word_1_368' title='bbox 1143 5065 1376 5133; x_wconf 90' lang='lat' dir='ltr'><strong>imperio</strong></span> <span class='ocrx_word' id='word_1_369' title='bbox 1402 5064 1708 5134; x_wconf 89' lang='lat' dir='ltr'><strong>impertire.</strong></span> <span class='ocrx_word' id='word_1_370' title='bbox 1751 5065 1909 5131; x_wconf 84' lang='lat' dir='ltr'><strong>Quod</strong></span> <span class='ocrx_word' id='word_1_371' title='bbox 1945 5067 2118 5130; x_wconf 89' lang='lat' dir='ltr'><strong>enim,</strong></span> <span class='ocrx_word' id='word_1_372' title='bbox 2158 5068 2331 5124; x_wconf 69' lang='lat' dir='ltr'><strong>«Cum</strong></span> 
     </span>
    </p>
   </div>
   <div class='ocr_carea' id='block_1_56' title="bbox 647 5155 2337 5237">
    <p class='ocr_par' dir='ltr' id='par_1_56' title="bbox 647 5155 2337 5237">
     <span class='ocr_line' id='line_1_56' title="bbox 647 5155 2337 5237; baseline 0.002 -25"><span class='ocrx_word' id='word_1_373' title='bbox 647 5228 655 5237; x_wconf 29' lang='grc' dir='ltr'><strong>ν</strong></span> <span class='ocrx_word' id='word_1_374' title='bbox 758 5172 927 5213; x_wconf 81' lang='lat' dir='ltr'><strong>cruce</strong></span> <span class='ocrx_word' id='word_1_375' title='bbox 968 5157 1313 5221; x_wconf 91' lang='lat' dir='ltr'><strong>contollitur,</strong></span> <span class='ocrx_word' id='word_1_376' title='bbox 1350 5175 1368 5206; x_wconf 74' lang='grc' dir='ltr'><strong>ι</strong></span> <span class='ocrx_word' id='word_1_377' title='bbox 1411 5155 1548 5210; x_wconf 90' lang='lat' dir='ltr'><strong>dicit</strong></span> <span class='ocrx_word' id='word_1_378' title='bbox 1594 5155 1880 5225; x_wconf 90' lang='lat' dir='ltr'><strong>magister,</strong></span> <span class='ocrx_word' id='word_1_379' title='bbox 1920 5173 1989 5211; x_wconf 91' lang='lat' dir='ltr'><strong>eo</strong></span> <span class='ocrx_word' id='word_1_380' title='bbox 2032 5158 2138 5213; x_wconf 91' lang='lat' dir='ltr'><strong>hoc</strong></span> <span class='ocrx_word' id='word_1_381' title='bbox 2175 5162 2337 5215; x_wconf 91' lang='lat' dir='ltr'><strong>nobis</strong></span> 
     </span>
    </p>
   </div>
   <div class='ocr_carea' id='block_1_57' title="bbox 759 5248 2336 5317">
    <p class='ocr_par' dir='ltr' id='par_1_57' title="bbox 759 5248 2336 5317">
     <span class='ocr_line' id='line_1_57' title="bbox 759 5248 2336 5317; baseline 0.003 -14"><span class='ocrx_word' id='word_1_382' title='bbox 759 5248 961 5303; x_wconf 86' lang='lat' dir='ltr'><strong>docere</strong></span> <span class='ocrx_word' id='word_1_383' title='bbox 1016 5249 1258 5310; x_wconf 89' lang='lat' dir='ltr'><strong>videtur,</strong></span> <span class='ocrx_word' id='word_1_384' title='bbox 1293 5248 1439 5317; x_wconf 91' lang='lat' dir='ltr'><strong>quod</strong></span> <span class='ocrx_word' id='word_1_385' title='bbox 1469 5262 1595 5301; x_wconf 90' lang='lat' dir='ltr'><strong>cum</strong></span> <span class='ocrx_word' id='word_1_386' title='bbox 1630 5249 1886 5303; x_wconf 88' lang='lat' dir='ltr'><strong>rationali</strong></span> <span class='ocrx_word' id='word_1_387' title='bbox 1926 5250 2213 5307; x_wconf 91' lang='lat' dir='ltr'><strong>hominum</strong></span> <span class='ocrx_word' id='word_1_388' title='bbox 2237 5270 2336 5309; x_wconf 92' lang='lat' dir='ltr'><strong>na-</strong></span> 
     </span>
    </p>
   </div>
   <div class='ocr_carea' id='block_1_58' title="bbox 761 5340 2341 5413">
    <p class='ocr_par' dir='ltr' id='par_1_58' title="bbox 761 5340 2341 5413">
     <span class='ocr_line' id='line_1_58' title="bbox 761 5340 2341 5413; baseline 0.004 -20"><span class='ocrx_word' id='word_1_389' title='bbox 761 5348 887 5395; x_wconf 89' lang='lat' dir='ltr'><strong>tura</strong></span> <span class='ocrx_word' id='word_1_390' title='bbox 932 5355 1033 5411; x_wconf 89' lang='lat' dir='ltr'><strong>per</strong></span> <span class='ocrx_word' id='word_1_391' title='bbox 1066 5340 1340 5395; x_wconf 87' lang='lat' dir='ltr'><strong>actionem</strong></span> <span class='ocrx_word' id='word_1_392' title='bbox 1387 5347 1446 5394; x_wconf 91' lang='lat' dir='ltr'><strong>et</strong></span> <span class='ocrx_word' id='word_1_393' title='bbox 1495 5354 1617 5410; x_wconf 64' lang='lat' dir='ltr'><strong>quae</strong></span> <span class='ocrx_word' id='word_1_394' title='bbox 1667 5340 1717 5395; x_wconf 92' lang='lat' dir='ltr'><strong>ei</strong></span> <span class='ocrx_word' id='word_1_395' title='bbox 1765 5344 2061 5413; x_wconf 87' lang='lat' dir='ltr'><strong>conjuncta</strong></span> <span class='ocrx_word' id='word_1_396' title='bbox 2100 5352 2185 5400; x_wconf 92' lang='lat' dir='ltr'><strong>est</strong></span> <span class='ocrx_word' id='word_1_397' title='bbox 2238 5344 2341 5399; x_wconf 86' lang='lat' dir='ltr'><strong>im-</strong></span> 
     </span>
    </p>
   </div>
   <div class='ocr_carea' id='block_1_59' title="bbox 830 5472 1344 5537">
    <p class='ocr_par' dir='ltr' id='par_1_59' title="bbox 830 5472 1344 5537">
     <span class='ocr_line' id='line_1_59' title="bbox 830 5472 1344 5537; baseline -0.002 -10"><span class='ocrx_word' id='word_1_398' title='bbox 830 5478 862 5521; x_wconf 73' lang='grc'>7</span> <span class='ocrx_word' id='word_1_399' title='bbox 891 5472 1082 5527; x_wconf 71' lang='lat' dir='ltr'><strong>Matth.</strong></span> <span class='ocrx_word' id='word_1_400' title='bbox 1116 5489 1224 5537; x_wconf 77' lang='lat' dir='ltr'><strong>xvi,</strong></span> <span class='ocrx_word' id='word_1_401' title='bbox 1255 5472 1344 5526; x_wconf 74' lang='grc'><strong>24.</strong></span> 
     </span>
    </p>
   </div>
   <div class='ocr_carea' id='block_1_60' title="bbox 2428 600 4014 673">
    <p class='ocr_par' dir='ltr' id='par_1_60' title="bbox 2428 600 4014 673">
     <span class='ocr_line' id='line_1_60' title="bbox 2428 600 4014 673; baseline 0.003 -22"><span class='ocrx_word' id='word_1_402' title='bbox 2428 600 2637 664; x_wconf 75' lang='grc' dir='ltr'>οἰκείας</span> <span class='ocrx_word' id='word_1_403' title='bbox 2678 602 3043 672; x_wconf 86' lang='grc' dir='ltr'>μονιμότητος</span> <span class='ocrx_word' id='word_1_404' title='bbox 3086 601 3340 672; x_wconf 81' lang='grc' dir='ltr'><strong>οὐδαμῶς</strong></span> <span class='ocrx_word' id='word_1_405' title='bbox 3381 604 3736 673; x_wconf 68' lang='grc' dir='ltr'><strong>ἐξιστάμενον</strong></span> <span class='ocrx_word' id='word_1_406' title='bbox 3783 604 3877 657; x_wconf 84' lang='grc' dir='ltr'><strong>διὰ</strong></span> <span class='ocrx_word' id='word_1_407' title='bbox 3910 605 4014 673; x_wconf 77' lang='grc' dir='ltr'><strong>τὴν</strong></span> 
     </span>
    </p>
   </div>
   <div class='ocr_carea' id='block_1_61' title="bbox 2432 691 4014 765">
    <p class='ocr_par' dir='ltr' id='par_1_61' title="bbox 2432 691 4014 765">
     <span class='ocr_line' id='line_1_61' title="bbox 2432 691 4014 765; baseline 0.003 -22"><span class='ocrx_word' id='word_1_408' title='bbox 2432 691 2709 763; x_wconf 82' lang='grc' dir='ltr'>σταθηράν</span> <span class='ocrx_word' id='word_1_409' title='bbox 2738 694 2831 745; x_wconf 79' lang='grc' dir='ltr'>καὶ</span> <span class='ocrx_word' id='word_1_410' title='bbox 2859 692 3261 764; x_wconf 79' lang='grc' dir='ltr'><strong>ἀμετακίνητον</strong></span> <span class='ocrx_word' id='word_1_411' title='bbox 3293 693 3500 765; x_wconf 79' lang='grc' dir='ltr'><strong>ἵδρυσιν</strong></span> <span class='ocrx_word' id='word_1_412' title='bbox 3532 694 3666 747; x_wconf 90' lang='grc' dir='ltr'>Θεὸν</span> <span class='ocrx_word' id='word_1_413' title='bbox 3703 695 3733 747; x_wconf 92' lang='lat'><strong>6</strong></span> <span class='ocrx_word' id='word_1_414' title='bbox 3776 695 4014 763; x_wconf 77' lang='grc' dir='ltr'><strong>σταυρὸς</strong></span> 
     </span>
    </p>
   </div>
   <div class='ocr_carea' id='block_1_62' title="bbox 2429 782 4012 854">
    <p class='ocr_par' dir='ltr' id='par_1_62' title="bbox 2429 782 4012 854">
     <span class='ocr_line' id='line_1_62' title="bbox 2429 782 4012 854; baseline 0.002 -21"><span class='ocrx_word' id='word_1_415' title='bbox 2429 782 2600 851; x_wconf 84' lang='grc' dir='ltr'>δηλοῖ,</span> <span class='ocrx_word' id='word_1_416' title='bbox 2634 782 2722 835; x_wconf 81' lang='grc' dir='ltr'>διὰ</span> <span class='ocrx_word' id='word_1_417' title='bbox 2748 784 2805 836; x_wconf 82' lang='grc' dir='ltr'>δὲ</span> <span class='ocrx_word' id='word_1_418' title='bbox 2834 783 2934 853; x_wconf 79' lang='grc' dir='ltr'>τῆς</span> <span class='ocrx_word' id='word_1_419' title='bbox 2962 785 3263 854; x_wconf 75' lang='grc' dir='ltr'><strong>ἐγκαρσίας</strong></span> <span class='ocrx_word' id='word_1_420' title='bbox 3292 785 3390 853; x_wconf 84' lang='grc' dir='ltr'>τὴν</span> <span class='ocrx_word' id='word_1_421' title='bbox 3419 785 3640 838; x_wconf 78' lang='grc' dir='ltr'>ἃπασαν</span> <span class='ocrx_word' id='word_1_422' title='bbox 3670 785 3849 838; x_wconf 90' lang='grc' dir='ltr'>κτίσιν</span> <span class='ocrx_word' id='word_1_423' title='bbox 3875 784 4012 837; x_wconf 74' lang='grc' dir='ltr'>Θεοῦ</span> 
     </span>
    </p>
   </div>
   <div class='ocr_carea' id='block_1_63' title="bbox 2432 876 4013 949">
    <p class='ocr_par' dir='ltr' id='par_1_63' title="bbox 2432 876 4013 949">
     <span class='ocr_line' id='line_1_63' title="bbox 2432 876 4013 949; baseline 0.003 -24"><span class='ocrx_word' id='word_1_424' title='bbox 2432 876 2713 938; x_wconf 75' lang='grc' dir='ltr'><strong>παντελῶς</strong></span> <span class='ocrx_word' id='word_1_425' title='bbox 2751 878 3071 947; x_wconf 77' lang='grc' dir='ltr'><strong>ἠρτημένην</strong></span> <span class='ocrx_word' id='word_1_426' title='bbox 3119 878 3418 949; x_wconf 80' lang='grc' dir='ltr'>ὕποφαίνῃ,</span> <span class='ocrx_word' id='word_1_427' title='bbox 3471 878 3635 941; x_wconf 83' lang='grc' dir='ltr'>ἄλλας</span> <span class='ocrx_word' id='word_1_428' title='bbox 3686 880 3867 949; x_wconf 82' lang='grc' dir='ltr'>ἀρχάς</span> <span class='ocrx_word' id='word_1_429' title='bbox 3917 876 4013 931; x_wconf 74' lang='grc' dir='ltr'>τοῦ</span> 
     </span>
    </p>
   </div>
   <div class='ocr_carea' id='block_1_64' title="bbox 2429 962 4013 1039">
    <p class='ocr_par' dir='ltr' id='par_1_64' title="bbox 2429 962 4013 1039">
     <span class='ocr_line' id='line_1_64' title="bbox 2429 962 4013 1039; baseline 0.002 -20"><span class='ocrx_word' id='word_1_430' title='bbox 2429 962 2570 1019; x_wconf 82' lang='grc' dir='ltr'>εἶναι</span> <span class='ocrx_word' id='word_1_431' title='bbox 2611 966 2748 1019; x_wconf 78' lang='grc' dir='ltr'>Θεοῦ</span> <span class='ocrx_word' id='word_1_432' title='bbox 2790 968 2958 1038; x_wconf 72' lang='grc' dir='ltr'>χωρὶς</span> <span class='ocrx_word' id='word_1_433' title='bbox 2994 968 3026 1038; x_wconf 78' lang='grc' dir='ltr'>ἢ</span> <span class='ocrx_word' id='word_1_434' title='bbox 3060 967 3218 1036; x_wconf 86' lang='grc' dir='ltr'>βάσιν</span> <span class='ocrx_word' id='word_1_435' title='bbox 3247 970 3346 1021; x_wconf 82' lang='grc' dir='ltr'>οὐκ</span> <span class='ocrx_word' id='word_1_436' title='bbox 3378 968 3609 1039; x_wconf 84' lang='grc' dir='ltr'>ἔχουσαν</span> <span class='ocrx_word' id='word_1_437' title='bbox 3646 985 3661 999; x_wconf 78' lang='grc'><strong>⁸</strong></span> <span class='ocrx_word' id='word_1_438' title='bbox 3701 970 3828 1022; x_wconf 84' lang='grc' dir='ltr'>κατ’</span> <span class='ocrx_word' id='word_1_439' title='bbox 3857 970 4013 1038; x_wconf 78' lang='grc' dir='ltr'><strong>ἐνέρ-</strong></span> 
     </span>
    </p>
   </div>
   <div class='ocr_carea' id='block_1_65' title="bbox 2428 1060 4016 1133">
    <p class='ocr_par' dir='ltr' id='par_1_65' title="bbox 2428 1060 4016 1133">
     <span class='ocr_line' id='line_1_65' title="bbox 2428 1060 4016 1133; baseline 0.002 -22"><span class='ocrx_word' id='word_1_440' title='bbox 2428 1075 2582 1126; x_wconf 83' lang='grc' dir='ltr'>γειαν</span> <span class='ocrx_word' id='word_1_441' title='bbox 2622 1060 2701 1125; x_wconf 86' lang='grc' dir='ltr'>δὲ,</span> <span class='ocrx_word' id='word_1_442' title='bbox 2757 1061 2886 1114; x_wconf 79' lang='grc' dir='ltr'>ὅταν</span> <span class='ocrx_word' id='word_1_443' title='bbox 2958 1060 3067 1113; x_wconf 82' lang='grc' dir='ltr'><strong>τῶν</strong></span> <span class='ocrx_word' id='word_1_444' title='bbox 3129 1061 3223 1114; x_wconf 82' lang='grc' dir='ltr'><strong>ὑπ’</strong></span> <span class='ocrx_word' id='word_1_445' title='bbox 3285 1061 3432 1131; x_wconf 79' lang='grc' dir='ltr'>αὐτῷ</span> <span class='ocrx_word' id='word_1_446' title='bbox 3497 1064 3862 1133; x_wconf 81' lang='grc' dir='ltr'><strong>πηγνυμένων</strong></span> <span class='ocrx_word' id='word_1_447' title='bbox 3917 1063 4016 1132; x_wconf 72' lang='grc' dir='ltr'>τὴν</span> 
     </span>
    </p>
   </div>
   <div class='ocr_carea' id='block_1_66' title="bbox 2428 1150 4017 1227">
    <p class='ocr_par' dir='ltr' id='par_1_66' title="bbox 2428 1150 4017 1227">
     <span class='ocr_line' id='line_1_66' title="bbox 2428 1150 4017 1227; baseline 0.003 -24"><span class='ocrx_word' id='word_1_448' title='bbox 2428 1150 2702 1220; x_wconf 79' lang='grc' dir='ltr'>ἀπραξίαν</span> <span class='ocrx_word' id='word_1_449' title='bbox 2755 1151 2906 1221; x_wconf 87' lang='grc' dir='ltr'>δηλοῖ</span> <span class='ocrx_word' id='word_1_450' title='bbox 2937 1151 3029 1203; x_wconf 85' lang='grc' dir='ltr'><strong>καὶ</strong></span> <span class='ocrx_word' id='word_1_451' title='bbox 3058 1151 3153 1223; x_wconf 82' lang='grc' dir='ltr'>τὴν</span> <span class='ocrx_word' id='word_1_452' title='bbox 3193 1152 3482 1223; x_wconf 83' lang='grc' dir='ltr'>νέκρωσιν,</span> <span class='ocrx_word' id='word_1_453' title='bbox 3520 1154 3646 1207; x_wconf 79' lang='grc' dir='ltr'>καθ’</span> <span class='ocrx_word' id='word_1_454' title='bbox 3680 1157 3869 1210; x_wconf 80' lang='grc' dir='ltr'>ὅντινα</span> <span class='ocrx_word' id='word_1_455' title='bbox 3892 1158 4017 1227; x_wconf 74' lang='grc' dir='ltr'>τρό-</span> 
     </span>
    </p>
   </div>
   <div class='ocr_carea' id='block_1_67' title="bbox 2430 1242 4017 1316">
    <p class='ocr_par' dir='ltr' id='par_1_67' title="bbox 2430 1242 4017 1316">
     <span class='ocr_line' id='line_1_67' title="bbox 2430 1242 4017 1316; baseline 0.004 -20"><span class='ocrx_word' id='word_1_456' title='bbox 2430 1262 2530 1297; x_wconf 82' lang='grc' dir='ltr'><strong>πον</strong></span> <span class='ocrx_word' id='word_1_457' title='bbox 2562 1244 2796 1313; x_wconf 80' lang='grc' dir='ltr'>Θεωρίας</span> <span class='ocrx_word' id='word_1_458' title='bbox 2828 1244 2944 1306; x_wconf 82' lang='grc' dir='ltr'>νῦν,</span> <span class='ocrx_word' id='word_1_459' title='bbox 2975 1244 3051 1307; x_wconf 82' lang='grc' dir='ltr'><strong>ὡς</strong></span> <span class='ocrx_word' id='word_1_460' title='bbox 3092 1242 3267 1314; x_wconf 68' lang='grc' dir='ltr'>οἶμαι,</span> <span class='ocrx_word' id='word_1_461' title='bbox 3304 1248 3395 1299; x_wconf 89' lang='grc' dir='ltr'><strong>τὸν</strong></span> <span class='ocrx_word' id='word_1_462' title='bbox 3426 1248 3765 1316; x_wconf 72' lang='grc' dir='ltr'>προφητικὸν</span> <span class='ocrx_word' id='word_1_463' title='bbox 3805 1252 3836 1302; x_wconf 93' lang='lat'><strong>6</strong></span> <span class='ocrx_word' id='word_1_464' title='bbox 3870 1250 4017 1303; x_wconf 84' lang='grc' dir='ltr'>διδά-</span> 
     </span>
    </p>
   </div>
   <div class='ocr_carea' id='block_1_68' title="bbox 2433 1334 4016 1411">
    <p class='ocr_par' dir='ltr' id='par_1_68' title="bbox 2433 1334 4016 1411">
     <span class='ocr_line' id='line_1_68' title="bbox 2433 1334 4016 1411; baseline 0.003 -23"><span class='ocrx_word' id='word_1_465' title='bbox 2433 1335 2629 1397; x_wconf 85' lang='grc' dir='ltr'>σκαλος</span> <span class='ocrx_word' id='word_1_466' title='bbox 2660 1334 2915 1407; x_wconf 82' lang='grc' dir='ltr'>ὲξείληφε</span> <span class='ocrx_word' id='word_1_467' title='bbox 2948 1336 3128 1405; x_wconf 82' lang='grc' dir='ltr'>λόγον.</span> <span class='ocrx_word' id='word_1_468' title='bbox 3173 1337 3387 1408; x_wconf 78' lang='grc' dir='ltr'>Ὠσπερ</span> <span class='ocrx_word' id='word_1_469' title='bbox 3422 1334 3515 1391; x_wconf 77' lang='grc' dir='ltr'>οὖν</span> <span class='ocrx_word' id='word_1_470' title='bbox 3558 1339 3797 1409; x_wconf 77' lang='grc' dir='ltr'>ἑκάστης</span> <span class='ocrx_word' id='word_1_471' title='bbox 3836 1341 4016 1411; x_wconf 76' lang='grc' dir='ltr'>ἀρχῆς</span> 
     </span>
    </p>
   </div>
   <div class='ocr_carea' id='block_1_69' title="bbox 2432 1427 4015 1499">
    <p class='ocr_par' dir='ltr' id='par_1_69' title="bbox 2432 1427 4015 1499">
     <span class='ocr_line' id='line_1_69' title="bbox 2432 1427 4015 1499; baseline 0 -18"><span class='ocrx_word' id='word_1_472' title='bbox 2432 1427 2617 1495; x_wconf 84' lang='grc' dir='ltr'>(καλὸν</span> <span class='ocrx_word' id='word_1_473' title='bbox 2650 1427 2761 1497; x_wconf 82' lang='grc' dir='ltr'><strong>γὰρ</strong></span> <span class='ocrx_word' id='word_1_474' title='bbox 2794 1431 2909 1490; x_wconf 88' lang='grc' dir='ltr'>τοῖς</span> <span class='ocrx_word' id='word_1_475' title='bbox 2952 1428 3073 1481; x_wconf 83' lang='grc' dir='ltr'>καθ’</span> <span class='ocrx_word' id='word_1_476' title='bbox 3112 1429 3260 1497; x_wconf 77' lang='grc' dir='ltr'>ἡμᾶς</span> <span class='ocrx_word' id='word_1_477' title='bbox 3287 1428 3698 1498; x_wconf 84' lang='grc' dir='ltr'>παραδείγμασι</span> <span class='ocrx_word' id='word_1_478' title='bbox 3729 1431 3841 1482; x_wconf 84' lang='grc' dir='ltr'><strong>τῶν</strong></span> <span class='ocrx_word' id='word_1_479' title='bbox 3872 1431 4015 1499; x_wconf 78' lang='grc' dir='ltr'>ὑπὲρ</span> 
     </span>
    </p>
   </div>
   <div class='ocr_carea' id='block_1_70' title="bbox 2431 1518 4018 1590">
    <p class='ocr_par' dir='ltr' id='par_1_70' title="bbox 2431 1518 4018 1590">
     <span class='ocr_line' id='line_1_70' title="bbox 2431 1518 4018 1590; baseline 0.001 -20"><span class='ocrx_word' id='word_1_480' title='bbox 2431 1519 2580 1587; x_wconf 77' lang='grc' dir='ltr'>ἡμᾶς</span> <span class='ocrx_word' id='word_1_481' title='bbox 2630 1519 2977 1588; x_wconf 82' lang='grc' dir='ltr'>πραγμάτων</span> <span class='ocrx_word' id='word_1_482' title='bbox 3035 1518 3377 1583; x_wconf 76' lang='grc' dir='ltr'>ἐνδείξασθαι</span> <span class='ocrx_word' id='word_1_483' title='bbox 3420 1518 3517 1589; x_wconf 78' lang='grc' dir='ltr'>τὴν</span> <span class='ocrx_word' id='word_1_484' title='bbox 3564 1520 3846 1590; x_wconf 80' lang='grc' dir='ltr'>ἀλήθειαν)</span> <span class='ocrx_word' id='word_1_485' title='bbox 3907 1522 4018 1572; x_wconf 79' lang='grc' dir='ltr'>είσὶ</span> 
     </span>
    </p>
   </div>
   <div class='ocr_carea' id='block_1_71' title="bbox 2432 1600 4017 1679">
    <p class='ocr_par' dir='ltr' id='par_1_71' title="bbox 2432 1600 4017 1679">
     <span class='ocr_line' id='line_1_71' title="bbox 2432 1600 4017 1679; baseline 0.003 -20"><span class='ocrx_word' id='word_1_486' title='bbox 2432 1606 2721 1675; x_wconf 82' lang='grc' dir='ltr'>σήμαντρά</span> <span class='ocrx_word' id='word_1_487' title='bbox 2748 1623 2867 1659; x_wconf 82' lang='grc' dir='ltr'>τινα</span> <span class='ocrx_word' id='word_1_488' title='bbox 2907 1605 2975 1659; x_wconf 77' lang='grc' dir='ltr'>δι’</span> <span class='ocrx_word' id='word_1_489' title='bbox 3009 1600 3084 1658; x_wconf 81' lang='grc' dir='ltr'>ὧν</span> <span class='ocrx_word' id='word_1_490' title='bbox 3123 1608 3172 1658; x_wconf 83' lang='grc' dir='ltr'>οἱ</span> <span class='ocrx_word' id='word_1_491' title='bbox 3204 1607 3576 1675; x_wconf 79' lang='grc' dir='ltr'>λαμϐάνοντες</span> <span class='ocrx_word' id='word_1_492' title='bbox 3624 1608 3840 1679; x_wconf 79' lang='grc' dir='ltr'>ἔκδηλοι</span> <span class='ocrx_word' id='word_1_493' title='bbox 3880 1613 4017 1663; x_wconf 69' lang='grc' dir='ltr'>πᾶσι</span> 
     </span>
    </p>
   </div>
   <div class='ocr_carea' id='block_1_72' title="bbox 2430 1698 4018 1772">
    <p class='ocr_par' dir='ltr' id='par_1_72' title="bbox 2430 1698 4018 1772">
     <span class='ocr_line' id='line_1_72' title="bbox 2430 1698 4018 1772; baseline 0.003 -22"><span class='ocrx_word' id='word_1_494' title='bbox 2430 1698 2671 1765; x_wconf 88' lang='grc' dir='ltr'>γίνονται</span> <span class='ocrx_word' id='word_1_495' title='bbox 2715 1700 2792 1752; x_wconf 84' lang='grc' dir='ltr'>ὅτι</span> <span class='ocrx_word' id='word_1_496' title='bbox 2826 1701 2854 1750; x_wconf 93' lang='lat'><strong>6</strong></span> <span class='ocrx_word' id='word_1_497' title='bbox 2888 1699 2985 1766; x_wconf 76' lang='grc' dir='ltr'>μὲν</span> <span class='ocrx_word' id='word_1_498' title='bbox 3015 1699 3175 1769; x_wconf 85' lang='grc' dir='ltr'>τήνδε</span> <span class='ocrx_word' id='word_1_499' title='bbox 3225 1699 3401 1770; x_wconf 77' lang='grc' dir='ltr'>ἀρχὴν</span> <span class='ocrx_word' id='word_1_500' title='bbox 3429 1704 3581 1772; x_wconf 88' lang='grc' dir='ltr'><strong>παρά</strong></span> <span class='ocrx_word' id='word_1_501' title='bbox 3611 1702 3707 1754; x_wconf 83' lang='grc' dir='ltr'>τοῦ</span> <span class='ocrx_word' id='word_1_502' title='bbox 3749 1700 4018 1767; x_wconf 83' lang='grc' dir='ltr'>βασιλέως</span> 
     </span>
    </p>
   </div>
   <div class='ocr_carea' id='block_1_73' title="bbox 2431 1785 4021 1862">
    <p class='ocr_par' dir='ltr' id='par_1_73' title="bbox 2431 1785 4021 1862">
     <span class='ocr_line' id='line_1_73' title="bbox 2431 1785 4021 1862; baseline 0.003 -21"><span class='ocrx_word' id='word_1_503' title='bbox 2431 1789 2674 1858; x_wconf 83' lang='grc' dir='ltr'>είληφεν,</span> <span class='ocrx_word' id='word_1_504' title='bbox 2701 1785 2813 1843; x_wconf 73' lang='grc' dir='ltr'>οἷον</span> <span class='ocrx_word' id='word_1_505' title='bbox 2844 1790 2873 1840; x_wconf 87' lang='lat'><strong>6</strong></span> <span class='ocrx_word' id='word_1_506' title='bbox 2903 1790 3085 1860; x_wconf 81' lang='grc' dir='ltr'>ἄρχων</span> <span class='ocrx_word' id='word_1_507' title='bbox 3108 1790 3233 1852; x_wconf 81' lang='grc' dir='ltr'>τοὺς</span> <span class='ocrx_word' id='word_1_508' title='bbox 3256 1790 3579 1859; x_wconf 80' lang='grc' dir='ltr'>λεγομένους</span> <span class='ocrx_word' id='word_1_509' title='bbox 3610 1791 3789 1862; x_wconf 77' lang='lat'><strong>(213</strong></span> <span class='ocrx_word' id='word_1_510' title='bbox 3823 1794 3880 1859; x_wconf 84' lang='grc' dir='ltr'>α)</span> <span class='ocrx_word' id='word_1_511' title='bbox 3909 1810 4021 1845; x_wconf 77' lang='grc' dir='ltr'>κω-</span> 
     </span>
    </p>
   </div>
   <div class='ocr_carea' id='block_1_74' title="bbox 2437 1881 4013 1953">
    <p class='ocr_par' dir='ltr' id='par_1_74' title="bbox 2437 1881 4013 1953">
     <span class='ocr_line' id='line_1_74' title="bbox 2437 1881 4013 1953; baseline 0.004 -21"><span class='ocrx_word' id='word_1_512' title='bbox 2437 1881 2728 1945; x_wconf 86' lang='grc' dir='ltr'>δικίλλους,</span> <span class='ocrx_word' id='word_1_513' title='bbox 2774 1883 2802 1933; x_wconf 97' lang='lat'><strong>6</strong></span> <span class='ocrx_word' id='word_1_514' title='bbox 2828 1882 2884 1935; x_wconf 78' lang='grc' dir='ltr'>δὲ</span> <span class='ocrx_word' id='word_1_515' title='bbox 2914 1882 3003 1934; x_wconf 86' lang='grc' dir='ltr'><strong>διά</strong></span> <span class='ocrx_word' id='word_1_516' title='bbox 3030 1882 3122 1935; x_wconf 78' lang='grc' dir='ltr'>τοῦ</span> <span class='ocrx_word' id='word_1_517' title='bbox 3169 1882 3357 1950; x_wconf 75' lang='grc' dir='ltr'>ξίφους</span> <span class='ocrx_word' id='word_1_518' title='bbox 3379 1882 3479 1952; x_wconf 76' lang='grc' dir='ltr'>τὴν</span> <span class='ocrx_word' id='word_1_519' title='bbox 3505 1882 3804 1953; x_wconf 80' lang='grc' dir='ltr'>λεγομένην</span> <span class='ocrx_word' id='word_1_520' title='bbox 3829 1884 4013 1937; x_wconf 85' lang='grc' dir='ltr'>δοκια-</span> 
     </span>
    </p>
   </div>
   <div class='ocr_carea' id='block_1_75' title="bbox 2436 1974 4018 2045">
    <p class='ocr_par' dir='ltr' id='par_1_75' title="bbox 2436 1974 4018 2045">
     <span class='ocr_line' id='line_1_75' title="bbox 2436 1974 4018 2045; baseline 0.003 -22"><span class='ocrx_word' id='word_1_521' title='bbox 2436 1974 2533 2044; x_wconf 81' lang='grc' dir='ltr'>νὴν</span> <span class='ocrx_word' id='word_1_522' title='bbox 2550 1974 2619 2037; x_wconf 72' lang='grc'><strong>⁵⁸,</strong></span> <span class='ocrx_word' id='word_1_523' title='bbox 2645 1975 2740 2027; x_wconf 74' lang='grc' dir='ltr'>καὶ</span> <span class='ocrx_word' id='word_1_524' title='bbox 2766 1975 2924 2037; x_wconf 83' lang='grc' dir='ltr'>ἄλλος</span> <span class='ocrx_word' id='word_1_525' title='bbox 2946 1975 3111 2045; x_wconf 76' lang='grc' dir='ltr'>ἀλλην</span> <span class='ocrx_word' id='word_1_526' title='bbox 3133 1976 3222 2028; x_wconf 88' lang='grc' dir='ltr'><strong>διά</strong></span> <span class='ocrx_word' id='word_1_527' title='bbox 3253 1992 3397 2037; x_wconf 82' lang='grc' dir='ltr'>τινος</span> <span class='ocrx_word' id='word_1_528' title='bbox 3424 1976 3613 2045; x_wconf 79' lang='grc' dir='ltr'>ἑτέρου</span> <span class='ocrx_word' id='word_1_529' title='bbox 3644 1976 4018 2045; x_wconf 82' lang='grc' dir='ltr'>συνθήματος.</span> 
     </span>
    </p>
   </div>
   <div class='ocr_carea' id='block_1_76' title="bbox 2439 2066 4021 2135">
    <p class='ocr_par' dir='ltr' id='par_1_76' title="bbox 2439 2066 4021 2135">
     <span class='ocr_line' id='line_1_76' title="bbox 2439 2066 4021 2135; baseline 0.002 -19"><span class='ocrx_word' id='word_1_530' title='bbox 2439 2066 2533 2117; x_wconf 77' lang='grc' dir='ltr'>καὶ</span> <span class='ocrx_word' id='word_1_531' title='bbox 2570 2066 2721 2135; x_wconf 83' lang='grc' dir='ltr'><strong>παρά</strong></span> <span class='ocrx_word' id='word_1_532' title='bbox 2765 2066 2862 2131; x_wconf 81' lang='grc' dir='ltr'>μὲν</span> <span class='ocrx_word' id='word_1_533' title='bbox 2886 2066 2977 2118; x_wconf 82' lang='grc' dir='ltr'>τοῦ</span> <span class='ocrx_word' id='word_1_534' title='bbox 3013 2066 3280 2134; x_wconf 79' lang='grc' dir='ltr'>βασιλέως</span> <span class='ocrx_word' id='word_1_535' title='bbox 3321 2066 3474 2119; x_wconf 75' lang='grc' dir='ltr'>αὐτοὶ</span> <span class='ocrx_word' id='word_1_536' title='bbox 3508 2067 3755 2135; x_wconf 78' lang='grc' dir='ltr'>δέχονται</span> <span class='ocrx_word' id='word_1_537' title='bbox 3787 2066 3883 2120; x_wconf 87' lang='grc' dir='ltr'><strong>καί</strong></span> <span class='ocrx_word' id='word_1_538' title='bbox 3922 2068 4021 2135; x_wconf 81' lang='grc' dir='ltr'>φέ-</span> 
     </span>
    </p>
   </div>
   <div class='ocr_carea' id='block_1_77' title="bbox 2439 2154 4017 2224">
    <p class='ocr_par' dir='ltr' id='par_1_77' title="bbox 2439 2154 4017 2224">
     <span class='ocr_line' id='line_1_77' title="bbox 2439 2154 4017 2224; baseline 0.003 -21"><span class='ocrx_word' id='word_1_539' title='bbox 2439 2168 2593 2222; x_wconf 87' lang='grc' dir='ltr'>ρουσι</span> <span class='ocrx_word' id='word_1_540' title='bbox 2637 2155 2791 2204; x_wconf 82' lang='grc' dir='ltr'>τοῦτο</span> <span class='ocrx_word' id='word_1_541' title='bbox 2828 2156 2950 2215; x_wconf 83' lang='grc' dir='ltr'>ταῖς</span> <span class='ocrx_word' id='word_1_542' title='bbox 3000 2154 3158 2215; x_wconf 87' lang='grc' dir='ltr'>ίδίαις</span> <span class='ocrx_word' id='word_1_543' title='bbox 3190 2154 3405 2224; x_wconf 71' lang='grc' dir='ltr'>χερσὶν,</span> <span class='ocrx_word' id='word_1_544' title='bbox 3452 2154 3761 2218; x_wconf 75' lang='grc' dir='ltr'>ἐξελθόντες</span> <span class='ocrx_word' id='word_1_545' title='bbox 3808 2156 3867 2207; x_wconf 83' lang='grc' dir='ltr'>δὲ</span> <span class='ocrx_word' id='word_1_546' title='bbox 3898 2159 4017 2216; x_wconf 82' lang='grc' dir='ltr'>τοῖς</span> 
     </span>
    </p>
   </div>
   <div class='ocr_carea' id='block_1_78' title="bbox 2434 2241 4021 2314">
    <p class='ocr_par' dir='ltr' id='par_1_78' title="bbox 2434 2241 4021 2314">
     <span class='ocr_line' id='line_1_78' title="bbox 2434 2241 4021 2314; baseline 0.002 -23"><span class='ocrx_word' id='word_1_547' title='bbox 2434 2241 2655 2303; x_wconf 84' lang='grc' dir='ltr'>οἰκείοις</span> <span class='ocrx_word' id='word_1_548' title='bbox 2671 2241 2873 2293; x_wconf 82' lang='grc' dir='ltr'>διδόασι</span> <span class='ocrx_word' id='word_1_549' title='bbox 2890 2241 3050 2294; x_wconf 80' lang='grc' dir='ltr'>τοῦτο</span> <span class='ocrx_word' id='word_1_550' title='bbox 3067 2241 3334 2310; x_wconf 74' lang='grc' dir='ltr'>κομίζειν.</span> <span class='ocrx_word' id='word_1_551' title='bbox 3364 2244 3554 2297; x_wconf 81' lang='grc' dir='ltr'>τοῦτον</span> <span class='ocrx_word' id='word_1_552' title='bbox 3579 2243 3673 2297; x_wconf 86' lang='grc' dir='ltr'><strong>τὸν</strong></span> <span class='ocrx_word' id='word_1_553' title='bbox 3689 2245 3889 2314; x_wconf 80' lang='grc' dir='ltr'>τρόπον</span> <span class='ocrx_word' id='word_1_554' title='bbox 3922 2247 4021 2297; x_wconf 75' lang='grc' dir='ltr'>καὶ</span> 
     </span>
    </p>
   </div>
   <div class='ocr_carea' id='block_1_79' title="bbox 2435 2329 4025 2405">
    <p class='ocr_par' dir='ltr' id='par_1_79' title="bbox 2435 2329 4025 2405">
     <span class='ocr_line' id='line_1_79' title="bbox 2435 2329 4025 2405; baseline 0.004 -25"><span class='ocrx_word' id='word_1_555' title='bbox 2435 2329 2463 2380; x_wconf 89' lang='lat'><strong>6</strong></span> <span class='ocrx_word' id='word_1_556' title='bbox 2495 2330 2771 2398; x_wconf 82' lang='grc' dir='ltr'>Δεσπότης</span> <span class='ocrx_word' id='word_1_557' title='bbox 2799 2329 2957 2397; x_wconf 80' lang='grc' dir='ltr'>ἡμῶν</span> <span class='ocrx_word' id='word_1_558' title='bbox 3001 2330 3209 2398; x_wconf 76' lang='grc' dir='ltr'>Ἰησοῦς</span> <span class='ocrx_word' id='word_1_559' title='bbox 3232 2332 3260 2383; x_wconf 87' lang='lat'><strong>6</strong></span> <span class='ocrx_word' id='word_1_560' title='bbox 3305 2333 3541 2403; x_wconf 79' lang='grc' dir='ltr'>Χριστὸς</span> <span class='ocrx_word' id='word_1_561' title='bbox 3574 2335 3716 2387; x_wconf 86' lang='grc' dir='ltr'><strong>κατά</strong></span> <span class='ocrx_word' id='word_1_562' title='bbox 3758 2335 3860 2405; x_wconf 82' lang='grc' dir='ltr'>τὴν</span> <span class='ocrx_word' id='word_1_563' title='bbox 3900 2336 4025 2388; x_wconf 79' lang='grc' dir='ltr'>ἐπί-</span> 
     </span>
    </p>
   </div>
   <div class='ocr_carea' id='block_1_80' title="bbox 2438 2420 4027 2495">
    <p class='ocr_par' dir='ltr' id='par_1_80' title="bbox 2438 2420 4027 2495">
     <span class='ocr_line' id='line_1_80' title="bbox 2438 2420 4027 2495; baseline 0.007 -25"><span class='ocrx_word' id='word_1_564' title='bbox 2438 2438 2587 2481; x_wconf 83' lang='grc' dir='ltr'>νοιαν</span> <span class='ocrx_word' id='word_1_565' title='bbox 2612 2422 2714 2488; x_wconf 79' lang='grc' dir='ltr'>τῆς</span> <span class='ocrx_word' id='word_1_566' title='bbox 2746 2420 3164 2492; x_wconf 77' lang='grc' dir='ltr'>ἀνθρωπότητος</span> <span class='ocrx_word' id='word_1_567' title='bbox 3189 2421 3255 2474; x_wconf 77' lang='grc' dir='ltr'>τὰ</span> <span class='ocrx_word' id='word_1_568' title='bbox 3286 2422 3531 2493; x_wconf 76' lang='grc' dir='ltr'>σύμϐολα</span> <span class='ocrx_word' id='word_1_569' title='bbox 3556 2425 3654 2493; x_wconf 80' lang='grc' dir='ltr'>τῆς</span> <span class='ocrx_word' id='word_1_570' title='bbox 3684 2425 3818 2489; x_wconf 79' lang='grc' dir='ltr'>ἰδίας</span> <span class='ocrx_word' id='word_1_571' title='bbox 3844 2428 4027 2495; x_wconf 71' lang='grc' dir='ltr'>ἀρχῆς</span> 
     </span>
    </p>
   </div>
   <div class='ocr_carea' id='block_1_81' title="bbox 2436 2512 4026 2586">
    <p class='ocr_par' dir='ltr' id='par_1_81' title="bbox 2436 2512 4026 2586">
     <span class='ocr_line' id='line_1_81' title="bbox 2436 2512 4026 2586; baseline 0.004 -22"><span class='ocrx_word' id='word_1_572' title='bbox 2436 2514 2524 2564; x_wconf 71' lang='grc' dir='ltr'><strong>τὸν</strong></span> <span class='ocrx_word' id='word_1_573' title='bbox 2555 2512 2720 2566; x_wconf 73' lang='grc' dir='ltr'>αὐτοῦ</span> <span class='ocrx_word' id='word_1_574' title='bbox 2760 2514 2990 2583; x_wconf 80' lang='grc' dir='ltr'>σταυρὸν</span> <span class='ocrx_word' id='word_1_575' title='bbox 3026 2514 3316 2583; x_wconf 79' lang='grc' dir='ltr'>δεξάμενος</span> <span class='ocrx_word' id='word_1_576' title='bbox 3340 2518 3433 2568; x_wconf 71' lang='grc' dir='ltr'><strong>ἐπὶ</strong></span> <span class='ocrx_word' id='word_1_577' title='bbox 3457 2517 3564 2567; x_wconf 85' lang='grc' dir='ltr'>τῶν</span> <span class='ocrx_word' id='word_1_578' title='bbox 3606 2516 3771 2585; x_wconf 79' lang='grc' dir='ltr'>ὤμων</span> <span class='ocrx_word' id='word_1_579' title='bbox 3796 2518 4026 2586; x_wconf 74' lang='grc' dir='ltr'>ἐξῆλθεν</span> 
     </span>
    </p>
   </div>
   <div class='ocr_carea' id='block_1_82' title="bbox 2441 2603 4025 2679">
    <p class='ocr_par' dir='ltr' id='par_1_82' title="bbox 2441 2603 4025 2679">
     <span class='ocr_line' id='line_1_82' title="bbox 2441 2603 4025 2679; baseline 0.002 -24"><span class='ocrx_word' id='word_1_580' title='bbox 2441 2603 2602 2673; x_wconf 77' lang='grc' dir='ltr'>ἔχων,</span> <span class='ocrx_word' id='word_1_581' title='bbox 2636 2605 2851 2673; x_wconf 84' lang='grc' dir='ltr'>πρῶτος</span> <span class='ocrx_word' id='word_1_582' title='bbox 2879 2606 3042 2668; x_wconf 82' lang='grc' dir='ltr'>αὐτὸς</span> <span class='ocrx_word' id='word_1_583' title='bbox 3069 2606 3371 2675; x_wconf 83' lang='grc' dir='ltr'>βαστάσας,</span> <span class='ocrx_word' id='word_1_584' title='bbox 3409 2606 3600 2659; x_wconf 78' lang='grc' dir='ltr'>ἔπειτα</span> <span class='ocrx_word' id='word_1_585' title='bbox 3623 2608 3811 2660; x_wconf 78' lang='grc' dir='ltr'>τοῦτον</span> <span class='ocrx_word' id='word_1_586' title='bbox 3845 2610 4025 2679; x_wconf 76' lang='grc' dir='ltr'>ἑτέρῳ</span> 
     </span>
    </p>
   </div>
   <div class='ocr_carea' id='block_1_83' title="bbox 2435 2696 4032 2768">
    <p class='ocr_par' dir='ltr' id='par_1_83' title="bbox 2435 2696 4032 2768">
     <span class='ocr_line' id='line_1_83' title="bbox 2435 2696 4032 2768; baseline 0.002 -20"><span class='ocrx_word' id='word_1_587' title='bbox 2435 2696 2582 2759; x_wconf 75' lang='grc' dir='ltr'>δοὺς,</span> <span class='ocrx_word' id='word_1_588' title='bbox 2616 2696 2705 2747; x_wconf 77' lang='grc' dir='ltr'>διὰ</span> <span class='ocrx_word' id='word_1_589' title='bbox 2740 2696 2944 2749; x_wconf 84' lang='grc' dir='ltr'>τούτων</span> <span class='ocrx_word' id='word_1_590' title='bbox 2976 2699 3259 2765; x_wconf 72' lang='grc' dir='ltr'>ἐμφαίνων</span> <span class='ocrx_word' id='word_1_591' title='bbox 3288 2699 3372 2750; x_wconf 85' lang='grc' dir='ltr'>ὅτι</span> <span class='ocrx_word' id='word_1_592' title='bbox 3405 2697 3489 2750; x_wconf 85' lang='grc' dir='ltr'><strong>δεῖ</strong></span> <span class='ocrx_word' id='word_1_593' title='bbox 3516 2697 3608 2750; x_wconf 90' lang='grc' dir='ltr'><strong>τὸν</strong></span> <span class='ocrx_word' id='word_1_594' title='bbox 3639 2699 3813 2767; x_wconf 74' lang='grc' dir='ltr'>ἀρχὴν</span> <span class='ocrx_word' id='word_1_595' title='bbox 3844 2700 4032 2768; x_wconf 67' lang='grc' dir='ltr'>ἔγχει-ν</span> 
     </span>
    </p>
   </div>
   <div class='ocr_carea' id='block_1_84' title="bbox 2439 2785 4032 2857">
    <p class='ocr_par' dir='ltr' id='par_1_84' title="bbox 2439 2785 4032 2857">
     <span class='ocr_line' id='line_1_84' title="bbox 2439 2785 4032 2857; baseline 0.002 -21"><span class='ocrx_word' id='word_1_596' title='bbox 2439 2785 2725 2855; x_wconf 77' lang='grc' dir='ltr'>ριζόμενον</span> <span class='ocrx_word' id='word_1_597' title='bbox 2747 2786 2964 2855; x_wconf 82' lang='grc' dir='ltr'>πρῶτον</span> <span class='ocrx_word' id='word_1_598' title='bbox 2996 2786 3355 2856; x_wconf 75' lang='grc' dir='ltr'>καθηγεῖσθαι</span> <span class='ocrx_word' id='word_1_599' title='bbox 3392 2786 3502 2838; x_wconf 83' lang='grc' dir='ltr'>τῶν</span> <span class='ocrx_word' id='word_1_600' title='bbox 3522 2785 3596 2838; x_wconf 82' lang='grc' dir='ltr'>’δι’</span> <span class='ocrx_word' id='word_1_601' title='bbox 3630 2787 3802 2854; x_wconf 73' lang='grc' dir='ltr'>αὐτῆς</span> <span class='ocrx_word' id='word_1_602' title='bbox 3824 2789 4032 2857; x_wconf 79' lang='grc' dir='ltr'>ἀγομέ-</span> 
     </span>
    </p>
   </div>
   <div class='ocr_carea' id='block_1_85' title="bbox 2436 2877 4028 2947">
    <p class='ocr_par' dir='ltr' id='par_1_85' title="bbox 2436 2877 4028 2947">
     <span class='ocr_line' id='line_1_85' title="bbox 2436 2877 4028 2947; baseline 0.001 -19"><span class='ocrx_word' id='word_1_603' title='bbox 2436 2894 2541 2929; x_wconf 89' lang='grc' dir='ltr'><strong>νων</strong></span> <span class='ocrx_word' id='word_1_604' title='bbox 2566 2878 2663 2930; x_wconf 78' lang='grc' dir='ltr'>καὶ</span> <span class='ocrx_word' id='word_1_605' title='bbox 2686 2877 3007 2946; x_wconf 82' lang='grc' dir='ltr'>ἀντέχεσθαι</span> <span class='ocrx_word' id='word_1_606' title='bbox 3036 2878 3146 2930; x_wconf 83' lang='grc' dir='ltr'>τῶν</span> <span class='ocrx_word' id='word_1_607' title='bbox 3178 2878 3269 2930; x_wconf 77' lang='grc' dir='ltr'>ὑπ’</span> <span class='ocrx_word' id='word_1_608' title='bbox 3294 2877 3466 2947; x_wconf 80' lang='grc' dir='ltr'>αὐτῆς</span> <span class='ocrx_word' id='word_1_609' title='bbox 3488 2879 3962 2947; x_wconf 78' lang='grc' dir='ltr'>ὑπαγορευμένων</span> <span class='ocrx_word' id='word_1_610' title='bbox 3984 2880 4028 2911; x_wconf 74' lang='grc'>⁸⁸</span> 
     </span>
    </p>
   </div>
   <div class='ocr_carea' id='block_1_86' title="bbox 2437 2968 4030 3039">
    <p class='ocr_par' dir='ltr' id='par_1_86' title="bbox 2437 2968 4030 3039">
     <span class='ocr_line' id='line_1_86' title="bbox 2437 2968 4030 3039; baseline 0.001 -18"><span class='ocrx_word' id='word_1_611' title='bbox 2437 2968 2602 3035; x_wconf 74' lang='grc' dir='ltr'>(οὕτω</span> <span class='ocrx_word' id='word_1_612' title='bbox 2638 2970 2747 3039; x_wconf 71' lang='grc' dir='ltr'><strong>γὰρ</strong></span> <span class='ocrx_word' id='word_1_613' title='bbox 2775 2970 2840 3021; x_wconf 87' lang='grc' dir='ltr'>ἂν</span> <span class='ocrx_word' id='word_1_614' title='bbox 2877 2970 3285 3039; x_wconf 81' lang='grc' dir='ltr'>εὐπαράδεκτος</span> <span class='ocrx_word' id='word_1_615' title='bbox 3322 2971 3383 3021; x_wconf 78' lang='grc' dir='ltr'>ἐν</span> <span class='ocrx_word' id='word_1_616' title='bbox 3419 2971 3539 3031; x_wconf 85' lang='grc' dir='ltr'>ταῖς</span> <span class='ocrx_word' id='word_1_617' title='bbox 3580 2970 3889 3039; x_wconf 76' lang='grc' dir='ltr'>ὑποθήκαις</span> <span class='ocrx_word' id='word_1_618' title='bbox 3934 2987 4030 3036; x_wconf 83' lang='grc' dir='ltr'>γε·</span> 
     </span>
    </p>
   </div>
   <div class='ocr_carea' id='block_1_87' title="bbox 2437 3061 4033 3132">
    <p class='ocr_par' dir='ltr' id='par_1_87' title="bbox 2437 3061 4033 3132">
     <span class='ocr_line' id='line_1_87' title="bbox 2437 3061 4033 3132; baseline -0.001 -20"><span class='ocrx_word' id='word_1_619' title='bbox 2437 3062 2704 3131; x_wconf 80' lang='grc' dir='ltr'>νήσεται),</span> <span class='ocrx_word' id='word_1_620' title='bbox 2733 3062 2827 3113; x_wconf 66' lang='grc' dir='ltr'>καὶ</span> <span class='ocrx_word' id='word_1_621' title='bbox 2865 3062 2985 3112; x_wconf 88' lang='grc' dir='ltr'>τότε</span> <span class='ocrx_word' id='word_1_622' title='bbox 3036 3061 3403 3132; x_wconf 80' lang='grc' dir='ltr'>προστάσσειν</span> <span class='ocrx_word' id='word_1_623' title='bbox 3443 3063 3554 3121; x_wconf 81' lang='grc' dir='ltr'>τοῖς</span> <span class='ocrx_word' id='word_1_624' title='bbox 3596 3061 4033 3131; x_wconf 67' lang='grc' dir='ltr'>ὲηειρισθεῖσιν</span> 
     </span>
    </p>
   </div>
   <div class='ocr_carea' id='block_1_88' title="bbox 2437 3150 4034 3221">
    <p class='ocr_par' dir='ltr' id='par_1_88' title="bbox 2437 3150 4034 3221">
     <span class='ocr_line' id='line_1_88' title="bbox 2437 3150 4034 3221; baseline 0 -17"><span class='ocrx_word' id='word_1_625' title='bbox 2437 3152 2585 3220; x_wconf 82' lang='grc' dir='ltr'>αὐτῷ</span> <span class='ocrx_word' id='word_1_626' title='bbox 2611 3153 2711 3220; x_wconf 73' lang='grc' dir='ltr'>τὴν</span> <span class='ocrx_word' id='word_1_627' title='bbox 2745 3153 3053 3218; x_wconf 72' lang='grc' dir='ltr'>ταυτότητα</span> <span class='ocrx_word' id='word_1_628' title='bbox 3081 3152 3233 3221; x_wconf 79' lang='grc' dir='ltr'>δρᾷν.</span> <span class='ocrx_word' id='word_1_629' title='bbox 3272 3152 3334 3202; x_wconf 83' lang='lat' dir='ltr'><strong>El</strong></span> <span class='ocrx_word' id='word_1_630' title='bbox 3372 3150 3429 3203; x_wconf 82' lang='grc' dir='ltr'>δὲ</span> <span class='ocrx_word' id='word_1_631' title='bbox 3471 3152 3532 3204; x_wconf 85' lang='grc' dir='ltr'><strong>τὸ</strong></span> <span class='ocrx_word' id='word_1_632' title='bbox 3572 3153 3888 3221; x_wconf 72' lang='grc' dir='ltr'>σήμαπρον</span> <span class='ocrx_word' id='word_1_633' title='bbox 3927 3155 4034 3221; x_wconf 82' lang='grc' dir='ltr'>τῆς</span> 
     </span>
    </p>
   </div>
   <div class='ocr_carea' id='block_1_89' title="bbox 2434 3234 4033 3313">
    <p class='ocr_par' dir='ltr' id='par_1_89' title="bbox 2434 3234 4033 3313">
     <span class='ocr_line' id='line_1_89' title="bbox 2434 3234 4033 3313; baseline 0 -18"><span class='ocrx_word' id='word_1_634' title='bbox 2434 3244 2527 3297; x_wconf 76' lang='grc' dir='ltr'>τοῦ</span> <span class='ocrx_word' id='word_1_635' title='bbox 2592 3246 2800 3313; x_wconf 78' lang='grc' dir='ltr'>Κυρίου</span> <span class='ocrx_word' id='word_1_636' title='bbox 2854 3244 3010 3312; x_wconf 71' lang='grc' dir='ltr'>ἡμῶν</span> <span class='ocrx_word' id='word_1_637' title='bbox 3063 3242 3240 3311; x_wconf 84' lang='grc' dir='ltr'>Ἰησοῦ</span> <span class='ocrx_word' id='word_1_638' title='bbox 3296 3243 3536 3311; x_wconf 81' lang='grc' dir='ltr'>Χριστοῦ</span> <span class='ocrx_word' id='word_1_639' title='bbox 3578 3243 3753 3312; x_wconf 75' lang='grc' dir='ltr'>ἀρχῆς</span> <span class='ocrx_word' id='word_1_640' title='bbox 3795 3234 3955 3296; x_wconf 69' lang='grc' dir='ltr'>ἔστιν</span> <span class='ocrx_word' id='word_1_641' title='bbox 4003 3247 4033 3295; x_wconf 91' lang='lat'><strong>6</strong></span> 
     </span>
    </p>
   </div>
   <div class='ocr_carea' id='block_1_90' title="bbox 2437 3334 4034 3404">
    <p class='ocr_par' dir='ltr' id='par_1_90' title="bbox 2437 3334 4034 3404">
     <span class='ocr_line' id='line_1_90' title="bbox 2437 3334 4034 3404; baseline 0.001 -19"><span class='ocrx_word' id='word_1_642' title='bbox 2437 3337 2687 3402; x_wconf 81' lang='grc' dir='ltr'>σταυρὸς,</span> <span class='ocrx_word' id='word_1_643' title='bbox 2724 3335 2781 3386; x_wconf 88' lang='grc' dir='ltr'>ὃν</span> <span class='ocrx_word' id='word_1_644' title='bbox 2819 3336 2912 3385; x_wconf 69' lang='grc' dir='ltr'><strong>ἐπὶ</strong></span> <span class='ocrx_word' id='word_1_645' title='bbox 2940 3335 3048 3385; x_wconf 76' lang='grc' dir='ltr'>τῶν</span> <span class='ocrx_word' id='word_1_646' title='bbox 3089 3334 3256 3403; x_wconf 73' lang='grc' dir='ltr'>ὤμων</span> <span class='ocrx_word' id='word_1_647' title='bbox 3291 3335 3475 3403; x_wconf 82' lang='grc' dir='ltr'>φέρων</span> <span class='ocrx_word' id='word_1_648' title='bbox 3516 3335 3761 3404; x_wconf 76' lang='grc' dir='ltr'>ἐκόμισε,</span> <span class='ocrx_word' id='word_1_649' title='bbox 3813 3336 4034 3403; x_wconf 84' lang='grc' dir='ltr'>γνῶναι</span> 
     </span>
    </p>
   </div>
   <div class='ocr_carea' id='block_1_91' title="bbox 2435 3424 4036 3494">
    <p class='ocr_par' dir='ltr' id='par_1_91' title="bbox 2435 3424 4036 3494">
     <span class='ocr_line' id='line_1_91' title="bbox 2435 3424 4036 3494; baseline 0.001 -17"><span class='ocrx_word' id='word_1_650' title='bbox 2435 3426 2681 3494; x_wconf 81' lang='grc' dir='ltr'>προσῆκε</span> <span class='ocrx_word' id='word_1_651' title='bbox 2707 3425 2757 3478; x_wconf 89' lang='grc' dir='ltr'><strong>τί</strong></span> <span class='ocrx_word' id='word_1_652' title='bbox 2788 3425 2875 3478; x_wconf 90' lang='grc' dir='ltr'><strong>διά</strong></span> <span class='ocrx_word' id='word_1_653' title='bbox 2901 3424 3107 3477; x_wconf 83' lang='grc' dir='ltr'>τούτων</span> <span class='ocrx_word' id='word_1_654' title='bbox 3129 3425 3372 3494; x_wconf 78' lang='grc' dir='ltr'>ἐμφῆναι</span> <span class='ocrx_word' id='word_1_655' title='bbox 3392 3424 3716 3493; x_wconf 74' lang='grc' dir='ltr'>βουλόμενος</span> <span class='ocrx_word' id='word_1_656' title='bbox 3735 3427 4036 3494; x_wconf 77' lang='grc' dir='ltr'>μυστικῶς</span> 
     </span>
    </p>
   </div>
   <div class='ocr_carea' id='block_1_92' title="bbox 2432 3512 4035 3582">
    <p class='ocr_par' dir='ltr' id='par_1_92' title="bbox 2432 3512 4035 3582">
     <span class='ocr_line' id='line_1_92' title="bbox 2432 3512 4035 3582; baseline 0.001 -17"><span class='ocrx_word' id='word_1_657' title='bbox 2432 3512 2578 3565; x_wconf 79' lang='grc' dir='ltr'>οὕτω</span> <span class='ocrx_word' id='word_1_658' title='bbox 2622 3512 2798 3566; x_wconf 81' lang='grc' dir='ltr'>ταῦτα</span> <span class='ocrx_word' id='word_1_659' title='bbox 2835 3512 3053 3581; x_wconf 81' lang='grc' dir='ltr'>διέθηκέ</span> <span class='ocrx_word' id='word_1_660' title='bbox 3092 3530 3151 3565; x_wconf 78' lang='grc' dir='ltr'><strong>τε</strong></span> <span class='ocrx_word' id='word_1_661' title='bbox 3189 3513 3283 3566; x_wconf 77' lang='grc' dir='ltr'>καὶ</span> <span class='ocrx_word' id='word_1_662' title='bbox 3307 3513 3621 3582; x_wconf 87' lang='grc' dir='ltr'>ὑπέμεινεν,</span> <span class='ocrx_word' id='word_1_663' title='bbox 3645 3514 3815 3567; x_wconf 67' lang='grc' dir='ltr'>Φασὶν</span> <span class='ocrx_word' id='word_1_664' title='bbox 3835 3516 3891 3567; x_wconf 88' lang='grc' dir='ltr'>οἱ</span> <span class='ocrx_word' id='word_1_665' title='bbox 3918 3516 4035 3567; x_wconf 80' lang='grc' dir='ltr'>τῶν</span> 
     </span>
    </p>
   </div>
   <div class='ocr_carea' id='block_1_93' title="bbox 2437 3596 4036 3673">
    <p class='ocr_par' dir='ltr' id='par_1_93' title="bbox 2437 3596 4036 3673">
     <span class='ocr_line' id='line_1_93' title="bbox 2437 3596 4036 3673; baseline -0.001 -16"><span class='ocrx_word' id='word_1_666' title='bbox 2437 3603 2727 3673; x_wconf 86' lang='grc' dir='ltr'>συμϐόλων</span> <span class='ocrx_word' id='word_1_667' title='bbox 2749 3605 3117 3671; x_wconf 79' lang='grc' dir='ltr'>ἐπιστήμονες</span> <span class='ocrx_word' id='word_1_668' title='bbox 3149 3602 3240 3655; x_wconf 83' lang='grc' dir='ltr'><strong>τὸν</strong></span> <span class='ocrx_word' id='word_1_669' title='bbox 3271 3604 3368 3672; x_wconf 80' lang='grc' dir='ltr'>μὲν</span> <span class='ocrx_word' id='word_1_670' title='bbox 3404 3596 3553 3670; x_wconf 79' lang='grc' dir='ltr'>ὦμον</span> <span class='ocrx_word' id='word_1_671' title='bbox 3589 3600 3841 3673; x_wconf 81' lang='grc' dir='ltr'>πράξεως</span> <span class='ocrx_word' id='word_1_672' title='bbox 3883 3600 4036 3658; x_wconf 70' lang='grc' dir='ltr'>εἶναι</span> 
     </span>
    </p>
   </div>
   <div class='ocr_carea' id='block_1_94' title="bbox 2434 3692 4035 3767">
    <p class='ocr_par' dir='ltr' id='par_1_94' title="bbox 2434 3692 4035 3767">
     <span class='ocr_line' id='line_1_94' title="bbox 2434 3692 4035 3767; baseline 0 -18"><span class='ocrx_word' id='word_1_673' title='bbox 2434 3700 2755 3767; x_wconf 74' lang='grc' dir='ltr'>τεκμήριον,</span> <span class='ocrx_word' id='word_1_674' title='bbox 2783 3698 2875 3750; x_wconf 89' lang='grc' dir='ltr'><strong>τὸν</strong></span> <span class='ocrx_word' id='word_1_675' title='bbox 2910 3698 2967 3749; x_wconf 81' lang='grc' dir='ltr'>δὲ</span> <span class='ocrx_word' id='word_1_676' title='bbox 3007 3698 3240 3766; x_wconf 88' lang='grc' dir='ltr'>σταυρὸν</span> <span class='ocrx_word' id='word_1_677' title='bbox 3270 3696 3563 3759; x_wconf 83' lang='grc' dir='ltr'>ἀπαθείας,</span> <span class='ocrx_word' id='word_1_678' title='bbox 3608 3692 3698 3750; x_wconf 75' lang='grc' dir='ltr'>οἵα</span> <span class='ocrx_word' id='word_1_679' title='bbox 3746 3698 4035 3766; x_wconf 76' lang='grc' dir='ltr'>νέκρωσιν</span> 
     </span>
    </p>
   </div>
   <div class='ocr_carea' id='block_1_95' title="bbox 2436 3784 4040 3857">
    <p class='ocr_par' dir='ltr' id='par_1_95' title="bbox 2436 3784 4040 3857">
     <span class='ocr_line' id='line_1_95' title="bbox 2436 3784 4040 3857; baseline -0.001 -16"><span class='ocrx_word' id='word_1_680' title='bbox 2436 3788 2788 3857; x_wconf 80' lang='grc' dir='ltr'>ἐμποιοῦντα.</span> <span class='ocrx_word' id='word_1_681' title='bbox 2821 3788 2918 3841; x_wconf 80' lang='grc' dir='ltr'>Διά</span> <span class='ocrx_word' id='word_1_682' title='bbox 2958 3788 3164 3841; x_wconf 82' lang='grc' dir='ltr'>τούτων</span> <span class='ocrx_word' id='word_1_683' title='bbox 3189 3784 3283 3841; x_wconf 78' lang='grc' dir='ltr'>οὖν</span> <span class='ocrx_word' id='word_1_684' title='bbox 3314 3788 3423 3840; x_wconf 84' lang='grc' dir='ltr'>τῶν</span> <span class='ocrx_word' id='word_1_685' title='bbox 3470 3789 3810 3857; x_wconf 77' lang='grc' dir='ltr'>αἰνιγμάτων</span> <span class='ocrx_word' id='word_1_686' title='bbox 3850 3790 3883 3839; x_wconf 90' lang='lat'><strong>6</strong></span> <span class='ocrx_word' id='word_1_687' title='bbox 3920 3790 4040 3841; x_wconf 69' lang='lat' dir='ltr'><strong>K2}-</strong></span> 
     </span>
    </p>
   </div>
   <div class='ocr_carea' id='block_1_96' title="bbox 2440 3874 4039 3950">
    <p class='ocr_par' dir='ltr' id='par_1_96' title="bbox 2440 3874 4039 3950">
     <span class='ocr_line' id='line_1_96' title="bbox 2440 3874 4039 3950; baseline -0.002 -17"><span class='ocrx_word' id='word_1_688' title='bbox 2440 3896 2556 3950; x_wconf 85' lang='grc' dir='ltr'>ριος</span> <span class='ocrx_word' id='word_1_689' title='bbox 2596 3880 2756 3949; x_wconf 78' lang='grc' dir='ltr'><strong>ἡμῶν</strong></span> <span class='ocrx_word' id='word_1_690' title='bbox 2794 3880 2885 3931; x_wconf 68' lang='grc' dir='ltr'><strong>καὶ</strong></span> <span class='ocrx_word' id='word_1_691' title='bbox 2930 3878 3083 3944; x_wconf 84' lang='grc' dir='ltr'>Θεὸς,</span> <span class='ocrx_word' id='word_1_692' title='bbox 3135 3880 3423 3948; x_wconf 73' lang='grc' dir='ltr'>ἀμφότερα</span> <span class='ocrx_word' id='word_1_693' title='bbox 3462 3878 3747 3945; x_wconf 81' lang='grc' dir='ltr'>διεξελθὼν</span> <span class='ocrx_word' id='word_1_694' title='bbox 3786 3879 3906 3931; x_wconf 82' lang='grc' dir='ltr'>τῶν</span> <span class='ocrx_word' id='word_1_695' title='bbox 3958 3874 4039 3931; x_wconf 80' lang='grc' dir='ltr'>ὧν</span> 
     </span>
    </p>
   </div>
   <div class='ocr_carea' id='block_1_97' title="bbox 2436 3969 4036 4042">
    <p class='ocr_par' dir='ltr' id='par_1_97' title="bbox 2436 3969 4036 4042">
     <span class='ocr_line' id='line_1_97' title="bbox 2436 3969 4036 4042; baseline 0.001 -20"><span class='ocrx_word' id='word_1_696' title='bbox 2436 3973 2542 4022; x_wconf 84' lang='grc' dir='ltr'>εἱσι</span> <span class='ocrx_word' id='word_1_697' title='bbox 2600 3971 2667 4022; x_wconf 73' lang='grc' dir='ltr'><strong>τὰ</strong></span> <span class='ocrx_word' id='word_1_698' title='bbox 2728 3971 3025 4039; x_wconf 83' lang='grc' dir='ltr'>αἰνίγματα</span> <span class='ocrx_word' id='word_1_699' title='bbox 3069 3969 3343 4042; x_wconf 80' lang='grc' dir='ltr'>(πράξεώς</span> <span class='ocrx_word' id='word_1_700' title='bbox 3383 3971 3440 4022; x_wconf 83' lang='grc' dir='ltr'><strong>τέ</strong></span> <span class='ocrx_word' id='word_1_701' title='bbox 3486 3988 3629 4041; x_wconf 82' lang='grc' dir='ltr'>φημι</span> <span class='ocrx_word' id='word_1_702' title='bbox 3676 3972 3773 4023; x_wconf 72' lang='grc' dir='ltr'>καὶ</span> <span class='ocrx_word' id='word_1_703' title='bbox 3808 3973 4036 4033; x_wconf 79' lang='grc' dir='ltr'>τελείας</span> 
     </span>
    </p>
   </div>
   <div class='ocr_carea' id='block_1_98' title="bbox 2437 4061 4037 4132">
    <p class='ocr_par' dir='ltr' id='par_1_98' title="bbox 2437 4061 4037 4132">
     <span class='ocr_line' id='line_1_98' title="bbox 2437 4061 4037 4132; baseline 0.001 -19"><span class='ocrx_word' id='word_1_704' title='bbox 2437 4061 2753 4124; x_wconf 56' lang='grc' dir='ltr'>ἀπαθείας).</span> <span class='ocrx_word' id='word_1_705' title='bbox 2789 4066 2929 4113; x_wconf 77' lang='grc' dir='ltr'>ὥστε</span> <span class='ocrx_word' id='word_1_706' title='bbox 2970 4063 3043 4131; x_wconf 80' lang='grc' dir='ltr'><strong>μὴ</strong></span> <span class='ocrx_word' id='word_1_707' title='bbox 3078 4061 3558 4132; x_wconf 66' lang='grc' dir='ltr'>παραφθείρεσθαι</span> <span class='ocrx_word' id='word_1_708' title='bbox 3593 4062 3685 4115; x_wconf 83' lang='grc' dir='ltr'><strong>διὰ</strong></span> <span class='ocrx_word' id='word_1_709' title='bbox 3711 4062 4037 4128; x_wconf 77' lang='grc' dir='ltr'>κενοδοξίας</span> 
     </span>
    </p>
   </div>
   <div class='ocr_carea' id='block_1_99' title="bbox 2436 4144 4038 4221">
    <p class='ocr_par' dir='ltr' id='par_1_99' title="bbox 2436 4144 4038 4221">
     <span class='ocr_line' id='line_1_99' title="bbox 2436 4144 4038 4221; baseline 0.003 -21"><span class='ocrx_word' id='word_1_710' title='bbox 2436 4151 2534 4220; x_wconf 77' lang='grc' dir='ltr'>τὴν</span> <span class='ocrx_word' id='word_1_711' title='bbox 2560 4151 2782 4218; x_wconf 81' lang='grc' dir='ltr'>πρᾶξιν,</span> <span class='ocrx_word' id='word_1_712' title='bbox 2815 4150 2983 4213; x_wconf 76' lang='grc' dir='ltr'>ἔδειξε</span> <span class='ocrx_word' id='word_1_713' title='bbox 3028 4151 3093 4203; x_wconf 76' lang='grc' dir='ltr'>δι’</span> <span class='ocrx_word' id='word_1_714' title='bbox 3129 4144 3203 4203; x_wconf 81' lang='grc' dir='ltr'>ὧν</span> <span class='ocrx_word' id='word_1_715' title='bbox 3243 4152 3403 4214; x_wconf 73' lang='grc' dir='ltr'>αὐτὸς</span> <span class='ocrx_word' id='word_1_716' title='bbox 3459 4153 3874 4221; x_wconf 82' lang='grc' dir='ltr'>κατεπράξατο,</span> <span class='ocrx_word' id='word_1_717' title='bbox 3919 4157 4038 4215; x_wconf 79' lang='grc' dir='ltr'>τοῖς</span> 
     </span>
    </p>
   </div>
   <div class='ocr_carea' id='block_1_100' title="bbox 2438 4244 4038 4315">
    <p class='ocr_par' dir='ltr' id='par_1_100' title="bbox 2438 4244 4038 4315">
     <span class='ocr_line' id='line_1_100' title="bbox 2438 4244 4038 4315; baseline 0.002 -19"><span class='ocrx_word' id='word_1_718' title='bbox 2438 4244 2720 4310; x_wconf 78' lang='grc' dir='ltr'>ὑπηκόοις,</span> <span class='ocrx_word' id='word_1_719' title='bbox 2769 4246 3055 4312; x_wconf 74' lang='grc' dir='ltr'>μονονουχὶ</span> <span class='ocrx_word' id='word_1_720' title='bbox 3097 4244 3436 4315; x_wconf 82' lang='grc' dir='ltr'>διαπρυσίως</span> <span class='ocrx_word' id='word_1_721' title='bbox 3482 4245 3621 4315; x_wconf 78' lang='grc' dir='ltr'>βοῶν</span> <span class='ocrx_word' id='word_1_722' title='bbox 3648 4247 3754 4309; x_wconf 80' lang='grc' dir='ltr'>ὅτι,</span> <span class='ocrx_word' id='word_1_723' title='bbox 3794 4265 3813 4296; x_wconf 77' lang='grc' dir='ltr'><strong>ι</strong></span> <span class='ocrx_word' id='word_1_724' title='bbox 3855 4246 4038 4299; x_wconf 70' lang='grc' dir='ltr'>Τοῦτο</span> 
     </span>
    </p>
   </div>
   <div class='ocr_carea' id='block_1_101' title="bbox 2440 4335 4039 4407">
    <p class='ocr_par' dir='ltr' id='par_1_101' title="bbox 2440 4335 4039 4407">
     <span class='ocr_line' id='line_1_101' title="bbox 2440 4335 4039 4407; baseline 0.004 -20"><span class='ocrx_word' id='word_1_725' title='bbox 2440 4335 2711 4402; x_wconf 78' lang='grc' dir='ltr'>σύμϐολον</span> <span class='ocrx_word' id='word_1_726' title='bbox 2742 4335 3097 4404; x_wconf 82' lang='grc' dir='ltr'>ὑπάρχειτῆς</span> <span class='ocrx_word' id='word_1_727' title='bbox 3120 4336 3293 4404; x_wconf 73' lang='grc' dir='ltr'>ἀρχῆς</span> <span class='ocrx_word' id='word_1_728' title='bbox 3335 4354 3438 4407; x_wconf 85' lang='grc' dir='ltr'><strong>μου</strong></span> <span class='ocrx_word' id='word_1_729' title='bbox 3479 4353 3491 4365; x_wconf 91' lang='grc'><strong>·</strong></span> <span class='ocrx_word' id='word_1_730' title='bbox 3524 4356 3543 4387; x_wconf 75' lang='grc' dir='ltr'><strong>ι</strong></span> <span class='ocrx_word' id='word_1_731' title='bbox 3599 4338 3706 4401; x_wconf 81' lang='grc' dir='ltr'><strong>πᾶς</strong></span> <span class='ocrx_word' id='word_1_732' title='bbox 3745 4335 3843 4391; x_wconf 76' lang='grc' dir='ltr'>οὖν</span> <span class='ocrx_word' id='word_1_733' title='bbox 3879 4341 4039 4402; x_wconf 83' lang='grc' dir='ltr'>ὅστις</span> 
     </span>
    </p>
   </div>
   <div class='ocr_carea' id='block_1_102' title="bbox 2440 4423 4036 4499">
    <p class='ocr_par' dir='ltr' id='par_1_102' title="bbox 2440 4423 4036 4499">
     <span class='ocr_line' id='line_1_102' title="bbox 2440 4423 4036 4499; baseline 0.002 -23"><span class='ocrx_word' id='word_1_734' title='bbox 2440 4424 2497 4486; x_wconf 79' lang='grc' dir='ltr'><strong>ἐξ</strong></span> <span class='ocrx_word' id='word_1_735' title='bbox 2520 4424 2675 4493; x_wconf 82' lang='grc' dir='ltr'>ὑμῶν</span> <span class='ocrx_word' id='word_1_736' title='bbox 2708 4423 3118 4492; x_wconf 75' lang='grc' dir='ltr'>ἐπιθυμητικῶς</span> <span class='ocrx_word' id='word_1_737' title='bbox 3148 4424 3262 4494; x_wconf 78' lang='grc' dir='ltr'>ἔχει</span> <span class='ocrx_word' id='word_1_738' title='bbox 3294 4425 3431 4494; x_wconf 87' lang='grc' dir='ltr'>πρὸς</span> <span class='ocrx_word' id='word_1_739' title='bbox 3454 4425 3662 4497; x_wconf 73' lang='grc' dir='ltr'>ταύτην</span> <span class='ocrx_word' id='word_1_740' title='bbox 3683 4428 3787 4498; x_wconf 74' lang='grc' dir='ltr'>τὴν</span> <span class='ocrx_word' id='word_1_741' title='bbox 3823 4429 4036 4499; x_wconf 51' lang='grc' dir='ltr'>ἀρῄν,</span> 
     </span>
    </p>
   </div>
   <div class='ocr_carea' id='block_1_103' title="bbox 2437 4514 4039 4587">
    <p class='ocr_par' dir='ltr' id='par_1_103' title="bbox 2437 4514 4039 4587">
     <span class='ocr_line' id='line_1_103' title="bbox 2437 4514 4039 4587; baseline 0.003 -20"><span class='ocrx_word' id='word_1_742' title='bbox 2437 4514 2890 4582; x_wconf 79' lang='grc' dir='ltr'>ἀπαρνησάσθω</span> <span class='ocrx_word' id='word_1_743' title='bbox 2936 4515 3177 4578; x_wconf 75' lang='grc' dir='ltr'>ἑαυτὸν,</span> <span class='ocrx_word' id='word_1_744' title='bbox 3221 4515 3321 4568; x_wconf 78' lang='grc' dir='ltr'><strong>καί</strong></span> <span class='ocrx_word' id='word_1_745' title='bbox 3371 4516 3567 4583; x_wconf 76' lang='grc' dir='ltr'>ἀράτω</span> <span class='ocrx_word' id='word_1_746' title='bbox 3614 4517 3721 4569; x_wconf 74' lang='grc' dir='ltr'>τὸν</span> <span class='ocrx_word' id='word_1_747' title='bbox 3753 4522 4039 4587; x_wconf 73' lang='grc' dir='ltr'>σταυρὸν</span> 
     </span>
    </p>
   </div>
   <div class='ocr_carea' id='block_1_104' title="bbox 2438 4604 4037 4680">
    <p class='ocr_par' dir='ltr' id='par_1_104' title="bbox 2438 4604 4037 4680">
     <span class='ocr_line' id='line_1_104' title="bbox 2438 4604 4037 4680; baseline 0.003 -23"><span class='ocrx_word' id='word_1_748' title='bbox 2438 4604 2648 4667; x_wconf 82' lang='grc' dir='ltr'>αὐτοῦ,</span> <span class='ocrx_word' id='word_1_749' title='bbox 2672 4605 2770 4658; x_wconf 80' lang='grc' dir='ltr'><strong>καί</strong></span> <span class='ocrx_word' id='word_1_750' title='bbox 2797 4606 3198 4659; x_wconf 76' lang='grc' dir='ltr'>ἀκολουθείτω</span> <span class='ocrx_word' id='word_1_751' title='bbox 3218 4623 3340 4674; x_wconf 80' lang='grc' dir='ltr'>μοι,</span> <span class='ocrx_word' id='word_1_752' title='bbox 3368 4606 3644 4659; x_wconf 87' lang='grc' dir='ltr'>τουτέστιν</span> <span class='ocrx_word' id='word_1_753' title='bbox 3674 4606 3774 4677; x_wconf 76' lang='grc' dir='ltr'>τὴν</span> <span class='ocrx_word' id='word_1_754' title='bbox 3810 4626 4037 4680; x_wconf 73' lang='grc' dir='ltr'>νεκρωο</span> 
     </span>
    </p>
   </div>
   <div class='ocr_carea' id='block_1_105' title="bbox 2437 4695 4038 4767">
    <p class='ocr_par' dir='ltr' id='par_1_105' title="bbox 2437 4695 4038 4767">
     <span class='ocr_line' id='line_1_105' title="bbox 2437 4695 4038 4767; baseline 0.004 -19"><span class='ocrx_word' id='word_1_755' title='bbox 2437 4696 2598 4765; x_wconf 77' lang='grc' dir='ltr'>τικὴν</span> <span class='ocrx_word' id='word_1_756' title='bbox 2649 4696 2755 4749; x_wconf 88' lang='grc' dir='ltr'>νῶν</span> <span class='ocrx_word' id='word_1_757' title='bbox 2781 4695 2972 4747; x_wconf 81' lang='grc' dir='ltr'>παθῶν</span> <span class='ocrx_word' id='word_1_758' title='bbox 3018 4696 3236 4766; x_wconf 74' lang='grc' dir='ltr'>πράξιν,</span> <span class='ocrx_word' id='word_1_759' title='bbox 3273 4696 3370 4766; x_wconf 76' lang='grc' dir='ltr'>τὴν</span> <span class='ocrx_word' id='word_1_760' title='bbox 3402 4696 3714 4767; x_wconf 84' lang='grc' dir='ltr'>ἁγαθότητα</span> <span class='ocrx_word' id='word_1_761' title='bbox 3747 4702 3847 4752; x_wconf 71' lang='grc' dir='ltr'>καὶ</span> <span class='ocrx_word' id='word_1_762' title='bbox 3887 4701 3936 4732; x_wconf 68' lang='grc'><strong>⁵⁸</strong></span> <span class='ocrx_word' id='word_1_763' title='bbox 3975 4704 4038 4754; x_wconf 80' lang='grc' dir='ltr'><strong>τὸ</strong></span> 
     </span>
    </p>
   </div>
   <div class='ocr_carea' id='block_1_106' title="bbox 2438 4786 4038 4859">
    <p class='ocr_par' dir='ltr' id='par_1_106' title="bbox 2438 4786 4038 4859">
     <span class='ocr_line' id='line_1_106' title="bbox 2438 4786 4038 4859; baseline 0.003 -19"><span class='ocrx_word' id='word_1_764' title='bbox 2438 4788 2539 4855; x_wconf 79' lang='grc' dir='ltr'>τῆς</span> <span class='ocrx_word' id='word_1_765' title='bbox 2565 4787 2829 4856; x_wconf 83' lang='grc' dir='ltr'>ἀφθονίας</span> <span class='ocrx_word' id='word_1_766' title='bbox 2857 4786 3043 4848; x_wconf 88' lang='grc' dir='ltr'>καλὸν,</span> <span class='ocrx_word' id='word_1_767' title='bbox 3078 4788 3165 4839; x_wconf 74' lang='grc' dir='ltr'><strong>διὰ</strong></span> <span class='ocrx_word' id='word_1_768' title='bbox 3194 4786 3399 4840; x_wconf 75' lang='grc' dir='ltr'>τούτων</span> <span class='ocrx_word' id='word_1_769' title='bbox 3446 4790 3728 4858; x_wconf 75' lang='grc' dir='ltr'>ἐμφαίνων</span> <span class='ocrx_word' id='word_1_770' title='bbox 3774 4792 3863 4844; x_wconf 85' lang='grc' dir='ltr'>ὅτι</span> <span class='ocrx_word' id='word_1_771' title='bbox 3919 4794 4038 4859; x_wconf 80' lang='grc' dir='ltr'>γλί-</span> 
     </span>
    </p>
   </div>
   <div class='ocr_carea' id='block_1_107' title="bbox 2439 4877 4037 4950">
    <p class='ocr_par' dir='ltr' id='par_1_107' title="bbox 2439 4877 4037 4950">
     <span class='ocr_line' id='line_1_107' title="bbox 2439 4877 4037 4950; baseline 0.002 -18"><span class='ocrx_word' id='word_1_772' title='bbox 2439 4896 2591 4950; x_wconf 88' lang='grc' dir='ltr'>χεται</span> <span class='ocrx_word' id='word_1_773' title='bbox 2622 4877 2829 4939; x_wconf 84' lang='grc' dir='ltr'>πάντας</span> <span class='ocrx_word' id='word_1_774' title='bbox 2856 4878 3059 4945; x_wconf 75' lang='grc' dir='ltr'>ὁμοίιος</span> <span class='ocrx_word' id='word_1_775' title='bbox 3088 4878 3268 4948; x_wconf 79' lang='grc' dir='ltr'>ἑαυτῷ</span> <span class='ocrx_word' id='word_1_776' title='bbox 3292 4880 3499 4949; x_wconf 78' lang='grc' dir='ltr'>ταύτην</span> <span class='ocrx_word' id='word_1_777' title='bbox 3537 4882 4037 4949; x_wconf 71' lang='grc' dir='ltr'>μεταχειρίζεσθαι</span> 
     </span>
    </p>
   </div>
   <div class='ocr_carea' id='block_1_108' title="bbox 2437 4970 4040 5043">
    <p class='ocr_par' dir='ltr' id='par_1_108' title="bbox 2437 4970 4040 5043">
     <span class='ocr_line' id='line_1_108' title="bbox 2437 4970 4040 5043; baseline 0.001 -16"><span class='ocrx_word' id='word_1_778' title='bbox 2437 4975 2537 5043; x_wconf 82' lang='grc' dir='ltr'>τὴν</span> <span class='ocrx_word' id='word_1_779' title='bbox 2566 4973 2761 5042; x_wconf 78' lang='grc' dir='ltr'>ἀρχήν.</span> <span class='ocrx_word' id='word_1_780' title='bbox 2799 4970 2872 5022; x_wconf 92' lang='grc' dir='ltr'>Τὸ</span> <span class='ocrx_word' id='word_1_781' title='bbox 2902 4970 3012 5039; x_wconf 78' lang='grc' dir='ltr'><strong>γάρ</strong></span> <span class='ocrx_word' id='word_1_782' title='bbox 3051 4973 3225 5023; x_wconf 84' lang='grc' dir='ltr'>εἰπεῖν</span> <span class='ocrx_word' id='word_1_783' title='bbox 3268 4972 3359 5025; x_wconf 79' lang='grc' dir='ltr'><strong>τὸν</strong></span> <span class='ocrx_word' id='word_1_784' title='bbox 3401 4971 3659 5040; x_wconf 79' lang='grc' dir='ltr'>θεοφόρον</span> <span class='ocrx_word' id='word_1_785' title='bbox 3695 4974 4040 5029; x_wconf 78' lang='grc' dir='ltr'>διδάσκαλον</span> 
     </span>
    </p>
   </div>
   <div class='ocr_carea' id='block_1_109' title="bbox 2437 5060 4041 5134">
    <p class='ocr_par' dir='ltr' id='par_1_109' title="bbox 2437 5060 4041 5134">
     <span class='ocr_line' id='line_1_109' title="bbox 2437 5060 4041 5134; baseline 0.001 -15"><span class='ocrx_word' id='word_1_786' title='bbox 2437 5068 2519 5119; x_wconf 84' lang='grc' dir='ltr'>ὅτι</span> <span class='ocrx_word' id='word_1_787' title='bbox 2552 5084 2570 5115; x_wconf 73' lang='grc' dir='ltr'><strong>ι</strong></span> <span class='ocrx_word' id='word_1_788' title='bbox 2608 5064 2699 5133; x_wconf 86' lang='grc' dir='ltr'><strong>Τῷ</strong></span> <span class='ocrx_word' id='word_1_789' title='bbox 2723 5062 2943 5134; x_wconf 80' lang='grc' dir='ltr'>σταυρῷ</span> <span class='ocrx_word' id='word_1_790' title='bbox 2966 5064 3376 5133; x_wconf 85' lang='grc' dir='ltr'>συνεπαίρεται,</span> <span class='ocrx_word' id='word_1_791' title='bbox 3420 5084 3437 5115; x_wconf 77' lang='grc' dir='ltr'><strong>ι</strong></span> <span class='ocrx_word' id='word_1_792' title='bbox 3487 5060 3641 5134; x_wconf 75' lang='grc' dir='ltr'>οἶμαι</span> <span class='ocrx_word' id='word_1_793' title='bbox 3680 5065 3773 5119; x_wconf 76' lang='grc' dir='ltr'>διὰ</span> <span class='ocrx_word' id='word_1_794' title='bbox 3818 5067 4041 5121; x_wconf 70' lang='grc' dir='ltr'>τούτων</span> 
     </span>
    </p>
   </div>
   <div class='ocr_carea' id='block_1_110' title="bbox 2440 5150 4038 5227">
    <p class='ocr_par' dir='ltr' id='par_1_110' title="bbox 2440 5150 4038 5227">
     <span class='ocr_line' id='line_1_110' title="bbox 2440 5150 4038 5227; baseline -0.001 -18"><span class='ocrx_word' id='word_1_795' title='bbox 2440 5158 2677 5227; x_wconf 73' lang='grc' dir='ltr'>ἔμφασιν</span> <span class='ocrx_word' id='word_1_796' title='bbox 2712 5156 2844 5224; x_wconf 78' lang='grc' dir='ltr'>ἡμῖν</span> <span class='ocrx_word' id='word_1_797' title='bbox 2878 5150 3086 5206; x_wconf 87' lang='grc' dir='ltr'>τοιάνδε</span> <span class='ocrx_word' id='word_1_798' title='bbox 3114 5155 3394 5224; x_wconf 82' lang='grc' dir='ltr'>παρέχειν,</span> <span class='ocrx_word' id='word_1_799' title='bbox 3420 5156 3501 5208; x_wconf 83' lang='grc' dir='ltr'>ὅτι</span> <span class='ocrx_word' id='word_1_800' title='bbox 3530 5156 3627 5225; x_wconf 88' lang='grc' dir='ltr'>τῆς</span> <span class='ocrx_word' id='word_1_801' title='bbox 3657 5155 3903 5226; x_wconf 82' lang='grc' dir='ltr'>λογικῆς</span> <span class='ocrx_word' id='word_1_802' title='bbox 3936 5158 4038 5225; x_wconf 75' lang='grc' dir='ltr'><strong><em>φὺο</em></strong></span> 
     </span>
    </p>
   </div>
   <div class='ocr_carea' id='block_1_111' title="bbox 2444 5246 4038 5320">
    <p class='ocr_par' dir='ltr' id='par_1_111' title="bbox 2444 5246 4038 5320">
     <span class='ocr_line' id='line_1_111' title="bbox 2444 5246 4038 5320; baseline -0.001 -19"><span class='ocrx_word' id='word_1_803' title='bbox 2444 5266 2582 5312; x_wconf 89' lang='grc' dir='ltr'>σεως</span> <span class='ocrx_word' id='word_1_804' title='bbox 2606 5248 2714 5301; x_wconf 83' lang='grc' dir='ltr'>τῶν</span> <span class='ocrx_word' id='word_1_805' title='bbox 2750 5246 3056 5316; x_wconf 84' lang='grc' dir='ltr'>ἀνθρώπων</span> <span class='ocrx_word' id='word_1_806' title='bbox 3089 5246 3177 5298; x_wconf 87' lang='grc' dir='ltr'><strong>διά</strong></span> <span class='ocrx_word' id='word_1_807' title='bbox 3200 5247 3455 5317; x_wconf 83' lang='grc' dir='ltr'>πράξεως</span> <span class='ocrx_word' id='word_1_808' title='bbox 3486 5248 3581 5300; x_wconf 76' lang='grc' dir='ltr'>καὶ</span> <span class='ocrx_word' id='word_1_809' title='bbox 3602 5248 3702 5316; x_wconf 81' lang='grc' dir='ltr'>τῆς</span> <span class='ocrx_word' id='word_1_810' title='bbox 3727 5249 3879 5320; x_wconf 75' lang='grc' dir='ltr'>αὐτῇ</span> <span class='ocrx_word' id='word_1_811' title='bbox 3907 5266 4038 5303; x_wconf 80' lang='grc' dir='ltr'>συν-</span> 
     </span>
    </p>
   </div>
   <div class='ocr_carea' id='block_1_112' title="bbox 2443 5338 4037 5413">
    <p class='ocr_par' dir='ltr' id='par_1_112' title="bbox 2443 5338 4037 5413">
     <span class='ocr_line' id='line_1_112' title="bbox 2443 5338 4037 5413; baseline -0.003 -16"><span class='ocrx_word' id='word_1_812' title='bbox 2443 5342 2778 5413; x_wconf 76' lang='grc' dir='ltr'>εζευγμένης</span> <span class='ocrx_word' id='word_1_813' title='bbox 2809 5338 3079 5401; x_wconf 85' lang='grc' dir='ltr'>ἀπαθείας</span> <span class='ocrx_word' id='word_1_814' title='bbox 3116 5338 3431 5408; x_wconf 81' lang='grc' dir='ltr'>ὑψουμένης</span> <span class='ocrx_word' id='word_1_815' title='bbox 3450 5338 3643 5409; x_wconf 71' lang='lat'><strong>(213</strong></span> <span class='ocrx_word' id='word_1_816' title='bbox 3688 5338 3744 5408; x_wconf 71' lang='grc' dir='ltr'><strong>ὁ)</strong></span> <span class='ocrx_word' id='word_1_817' title='bbox 3788 5340 3969 5403; x_wconf 75' lang='grc' dir='ltr'>αὐτὸς</span> <span class='ocrx_word' id='word_1_818' title='bbox 4009 5342 4037 5392; x_wconf 90' lang='lat'><strong>6</strong></span> 
     </span>
    </p>
   </div>
   <div class='ocr_carea' id='block_1_113' title="bbox 2062 5587 2743 5645">
    <p class='ocr_par' dir='ltr' id='par_1_113' title="bbox 2062 5587 2743 5645">
     <span class='ocr_line' id='line_1_113' title="bbox 2062 5587 2743 5645; baseline 0.003 -6"><span class='ocrx_word' id='word_1_819' title='bbox 2062 5588 2298 5645; x_wconf 68' lang='lat' dir='ltr'><strong>VARM‘I</strong></span> <span class='ocrx_word' id='word_1_820' title='bbox 2336 5587 2743 5645; x_wconf 83' lang='lat' dir='ltr'><strong>LECTIONES.</strong></span> 
     </span>
    </p>
   </div>
   <div class='ocr_carea' id='block_1_114' title="bbox 832 5700 4039 5781">
    <p class='ocr_par' dir='ltr' id='par_1_114' title="bbox 832 5700 4039 5781">
     <span class='ocr_line' id='line_1_114' title="bbox 832 5700 4039 5781; baseline 0.004 -24"><span class='ocrx_word' id='word_1_821' title='bbox 832 5700 992 5781; x_wconf 74' lang='lat' dir='ltr'><strong>“_C_f.</strong></span> <span class='ocrx_word' id='word_1_822' title='bbox 1026 5701 1161 5781; x_wconf 78' lang='lat' dir='ltr'><strong>God.</strong></span> <span class='ocrx_word' id='word_1_823' title='bbox 1211 5702 1422 5781; x_wconf 80' lang='lat' dir='ltr'><strong>Th_e0d_.</strong></span> <span class='ocrx_word' id='word_1_824' title='bbox 1471 5704 1585 5766; x_wconf 80' lang='lat' dir='ltr'><strong>VII,</strong></span> <span class='ocrx_word' id='word_1_825' title='bbox 1634 5705 1696 5781; x_wconf 26' lang='grc' dir='ltr'><strong>ι..</strong></span> <span class='ocrx_word' id='word_1_826' title='bbox 1721 5704 1812 5766; x_wconf 78' lang='lat'><strong>30,</strong></span> <span class='ocrx_word' id='word_1_827' title='bbox 1848 5704 1924 5781; x_wconf 77' lang='lat' dir='ltr'><strong>de</strong></span> <span class='ocrx_word' id='word_1_828' title='bbox 1954 5720 2108 5778; x_wconf 87' lang='lat' dir='ltr'><strong>erog.</strong></span> <span class='ocrx_word' id='word_1_829' title='bbox 2138 5707 2275 5781; x_wconf 85' lang='lat' dir='ltr'><strong>_mi_l.</strong></span> <span class='ocrx_word' id='word_1_830' title='bbox 2308 5722 2527 5781; x_wconf 88' lang='lat' dir='ltr'><strong>_annon.</strong></span> <span class='ocrx_word' id='word_1_831' title='bbox 2570 5705 2685 5768; x_wconf 78' lang='lat' dir='ltr'><strong>XV.</strong></span> <span class='ocrx_word' id='word_1_832' title='bbox 2734 5706 2819 5770; x_wconf 82' lang='lat' dir='ltr'><strong>ll,</strong></span> <span class='ocrx_word' id='word_1_833' title='bbox 2870 5712 2951 5781; x_wconf 69' lang='lat'><strong>‘2,_</strong></span> <span class='ocrx_word' id='word_1_834' title='bbox 2987 5706 3054 5781; x_wconf 75' lang='lat' dir='ltr'><strong>de</strong></span> <span class='ocrx_word' id='word_1_835' title='bbox 3124 5715 3304 5781; x_wconf 82' lang='lat' dir='ltr'><strong>venat.</strong></span> <span class='ocrx_word' id='word_1_836' title='bbox 3365 5708 3556 5781; x_wconf 43' lang='lat' dir='ltr'><strong>ferar.)</strong></span> <span class='ocrx_word' id='word_1_837' title='bbox 3608 5708 3703 5781; x_wconf 64' lang='lat' dir='ltr'><strong>XI,</strong></span> <span class='ocrx_word' id='word_1_838' title='bbox 3743 5712 3846 5778; x_wconf 70' lang='lat'><strong>25,</strong></span> <span class='ocrx_word' id='word_1_839' title='bbox 3886 5714 3940 5781; x_wconf 77' lang='grc'>1,</span> <span class='ocrx_word' id='word_1_840' title='bbox 3968 5712 4039 5773; x_wconf 75' lang='lat' dir='ltr'><strong>de</strong></span> 
     </span>
    </p>
   </div>
   <div class='ocr_carea' id='block_1_115' title="bbox 762 5770 3647 5846">
    <p class='ocr_par' dir='ltr' id='par_1_115' title="bbox 762 5770 3647 5846">
     <span class='ocr_line' id='line_1_115' title="bbox 762 5770 3647 5846; baseline 0.001 -17"><span class='ocrx_word' id='word_1_841' title='bbox 762 5773 1033 5843; x_wconf 84' lang='lat' dir='ltr'><strong>quadrim.</strong></span> <span class='ocrx_word' id='word_1_842' title='bbox 1070 5773 1221 5827; x_wconf 88' lang='lat' dir='ltr'><strong>brev.</strong></span> <span class='ocrx_word' id='word_1_843' title='bbox 1300 5774 1343 5806; x_wconf 66' lang='grc' dir='ltr'>δι</span> <span class='ocrx_word' id='word_1_844' title='bbox 1374 5770 1627 5830; x_wconf 83' lang='lat' dir='ltr'><strong>Fortasse</strong></span> <span class='ocrx_word' id='word_1_845' title='bbox 1674 5770 2085 5844; x_wconf 75' lang='grc' dir='ltr'>ὑπαγομένωνῖ</span> <span class='ocrx_word' id='word_1_846' title='bbox 2134 5776 2179 5809; x_wconf 66' lang='grc' dir='ltr'>δ’</span> <span class='ocrx_word' id='word_1_847' title='bbox 2212 5776 2415 5832; x_wconf 88' lang='lat' dir='ltr'><strong>Eadem</strong></span> <span class='ocrx_word' id='word_1_848' title='bbox 2446 5791 2638 5832; x_wconf 76' lang='lat' dir='ltr'><strong>manus</strong></span> <span class='ocrx_word' id='word_1_849' title='bbox 2682 5776 3069 5846; x_wconf 87' lang='lat' dir='ltr'><strong>superscripsit</strong></span> <span class='ocrx_word' id='word_1_850' title='bbox 3095 5780 3235 5831; x_wconf 84' lang='grc' dir='ltr'><strong>κατά</strong></span> <span class='ocrx_word' id='word_1_851' title='bbox 3269 5778 3320 5831; x_wconf 92' lang='lat' dir='ltr'><strong>in</strong></span> <span class='ocrx_word' id='word_1_852' title='bbox 3353 5778 3475 5831; x_wconf 86' lang='lat' dir='ltr'><strong>cod.</strong></span> <span class='ocrx_word' id='word_1_853' title='bbox 3504 5770 3647 5835; x_wconf 82' lang='lat' dir='ltr'><strong>Gud.</strong></span> 
     </span>
    </p>
   </div>
  </div>
