4192 6434
179 356 316 460 ιιιέ

1398 383 1915 449 AMBIGUORUM
1956 388 2206 447 LIBER.

3267 397 3407 464 1286

173 509 395 579 Χριστὸς
435 505 676 575 δηλονότι
720 501 1085 570 συνοδψοῦσθαι
1113 499 1355 568 λέγεται,
1391 496 1726 563 τουτέστινή

1838 496 2263 562 passibiiiiatem
2316 498 2529 554 sublata
2561 501 2674 569 ipse
2711 504 2968 557 videlicet
3017 503 3266 560 Christus
3297 524 3406 564 una

199 624 224 655 ν
247 601 559 670 άνθρῦποις
598 597 946 667 Χριστοειδὴς
985 597 1343 659 κατάστασις,
1380 591 1502 644 καθ’
1539 591 1730 660 εἱρμὸν

170 692 257 744 καὶ
279 689 432 753 τάξιν
472 688 772 757 ὑψουμένη,
809 687 896 739 διά
930 687 1178 749 πράξεως
1215 683 1458 744 ἀπαθοῦς
1489 683 1567 743 εἰς
1597 682 1730 732 θεω-

172 783 286 847 ρίαν
332 780 429 847 τῆς
495 775 698 846 (insto;
745 779 1054 845 γνωστικὴν
1105 777 1198 829 καὶ
1241 774 1349 827 ἀπὸ
1400 774 1603 841 ταύτης
1654 773 1732 832 εἰς

167 869 482 938 θεολογικὴν
519 867 908 936 μυσταγωγίαν
941 865 1258 934 κινουμένη.
1291 864 1468 931 Ὅπερ
1498 861 1732 931 μάλιστά

167 975 255 1028 μοι
309 959 558 1027 φαίνεται
606 955 780 1027 δηλῶν
812 957 842 1008 6
896 957 1050 1023 ἅγιος
1111 954 1506 1024 Ἀρεοπαγίτης
1559 952 1732 1020 μέγας

165 1047 442 1108 Διονύσιος
479 1047 535 1097 ὲν
580 1043 660 1108 οἷς
698 1061 882 1114 φησιν·
945 1064 962 1094 ι
1009 1045 1151 1097 Ἀλλ’
1202 1045 1433 1112 ἐπείπερ
1481 1041 1732 1104 εὐταξίας

162 1137 312 1189 ἐστὶν
341 1136 484 1205 ἀρχὴ
517 1134 579 1186 τὸ
607 1133 746 1186 θεῖον
773 1136 945 1204 ἱερᾶς,
985 1134 1107 1187 καθ’
1144 1135 1213 1203 ἣν
1256 1134 1467 1186 ἑαυτῶν
1505 1132 1734 1201 ἐπιγνώ-

165 1241 327 1290 μονες
359 1225 408 1275 οἱ
451 1225 586 1292 ἱεροὶ
614 1223 855 1292 γίνονται
884 1224 1023 1288 νόες,
1058 1222 1087 1272 ὁ
1119 1223 1252 1292 πρὸς
1295 1223 1356 1275 τὸ
1396 1223 1594 1274 οἰκεῖον
1636 1223 1732 1292 τῆς

160 1315 379 1381 φύσεως
417 1314 610 1384 ὁρατὸν
647 1313 962 1384 ἀνατρέχων
1005 1317 1062 1366 ὲν
1110 1315 1249 1383 ἀρχῇ
1287 1314 1384 1382 μὲν
1407 1314 1553 1376 ὅστις
1602 1314 1732 1366 ποτέ

161 1409 312 1460 ἐστιν
359 1407 519 1470 αὐτὸς
563 1407 787 1476 ὄψεται,
846 1407 940 1459 καὶ
993 1405 1223 1476 λήψεται
1276 1404 1492 1475 πρῶτον
1531 1407 1595 1458 ἐκ
1635 1406 1733 1474 τῆς

158 1497 298 1567 πρὸς
324 1499 386 1550 τὸ
418 1499 534 1564 φῶς
567 1498 906 1561 άνανεύσεως
954 1498 1096 1568 ἱερὸν
1135 1497 1307 1566 δῶρον
1335 1512 1348 1525 ·
1403 1497 1432 1549 ὁ
1467 1498 1524 1550 δὲ
1561 1497 1632 1550 τὰ
1664 1501 1736 1550 oi-

156 1591 282 1640 κεία
331 1588 510 1648 καλῶς
557 1587 928 1640 ἀποσπαθέσιν
977 1583 1276 1653 ὀφθαλμοῖς
1335 1585 1731 1654 ὲπισκοπήσας,

154 1671 267 1725 τῶν
301 1672 570 1740 ἁλαμπῶν
596 1673 694 1742 μὲν
716 1671 1076 1741 άποφοιτήσει
1112 1674 1210 1741 τῆς
1253 1671 1475 1738 ἀγνοίας
1526 1671 1732 1741 μυχῶν,

153 1761 254 1828 τῆς
287 1761 345 1813 δὲ
374 1760 512 1813 Θεοῦ
559 1760 898 1831 τελεωτάτης
940 1760 1260 1830 ἐλλάμψεως
1311 1761 1407 1812 καὶ
1458 1760 1731 1830 μεθέξεως

155 1851 354 1922 ἀτελὴς
401 1851 478 1903 ὢν
526 1851 687 1916 αὐτὸς
731 1853 832 1905 οὐκ
889 1851 1120 1905 αὐτόθεν
1175 1851 1528 1921 ἐπιθυμήσει,
1592 1853 1730 1904 κατὰ

156 1943 334 2012 βραχὺ
365 1943 419 1994 δὲ
446 1943 533 1995 διὰ
555 1943 662 1995 τῶν
687 1939 854 1995 αὐτοῦ
879 1942 1108 2011 πρώτων
1144 1942 1238 1994 ἐπὶ
1264 1944 1329 1994 τὰ
1357 1942 1435 1994 ἔτι
1467 1942 1726 2012 πρότερα,

153 2034 248 2084 καὶ
273 2031 580 2094 τελειωθεὶς
609 2032 699 2085 ἐπὶ
721 2033 820 2102 τὴν
842 2032 1154 2101 ἀκροτάτην
1177 2031 1477 2102 θεαρχικὴν
1501 2035 1558 2084 ὲν
1581 2033 1728 2095 τάξει

152 2122 250 2174 καὶ
284 2121 443 2192 ίερῶς
472 2122 835 2192 ἀναχθήσεται
883 2122 1164 2176 κοινωνίαν
1207 2123 1339 2195 (21).
1383 2143 1401 2175 ι
1446 2121 1602 2176 Οὕτω
1632 2125 1729 2192 μὲν

151 2207 244 2264 οὖν
281 2212 666 2282 συνεπαίρεται
710 2212 787 2282 τῷ
822 2212 1039 2283 σταυρῷ
1073 2215 1214 2266 κατά
1260 2215 1351 2266 τὸν
1407 2214 1580 2282 μέγαν
1637 2216 1728 2265 καὶ

153 2304 422 2373 θεόφρονα
462 2305 652 2358 τοῦτον
694 2305 1012 2359 διδάσκαλον
1056 2307 1122 2360 δι’
1165 2306 1322 2377 ἡμῶν
1360 2308 1418 2360 ἐν
1462 2307 1730 2378 πνεύματι

152 2397 276 2449 κατ’
300 2398 466 2450 αὐτὸν
499 2397 821 2467 ὑψουμένων
853 2399 880 2450 ὁ
945 2399 1104 2468 μόνον
1155 2398 1402 2466 ὕψιστος,
1461 2399 1547 2452 διά
1595 2400 1730 2470 πρά-

154 2487 291 2552 ξεως
319 2491 412 2543 καὶ
438 2490 538 2560 τῆς
563 2490 701 2559 αὐτῇ
729 2490 1078 2559 συνημμένος
1113 2491 1382 2554 ἀπαθείας
1415 2495 1494 2554 εἰς
1531 2493 1730 2560 γνῶσιν

150 2580 517 2649 ἑναγομένων,
545 2579 639 2633 atat
671 2580 740 2633 δι’
764 2581 978 2648 ἐκείνης
1014 2585 1070 2633 ἐν
1092 2582 1241 2652 αΰλῳ
1267 2581 1344 2651 τῷ
1371 2583 1446 2652 νῷ
1471 2583 1604 2652 πρὸς
1631 2583 1729 2652 τὴν

156 2671 430 2742 μυστικὴν
481 2671 803 2742 ὑψουμένων
851 2675 957 2726 τῶν
1018 2673 1178 2726 θείων
1237 2673 1473 2745 θεωρίαν
1527 2692 1585 2726 τε
1637 2676 1730 2727 καὶ

155 2762 382 2834 μύησιν,
410 2764 704 2836 προσθήσω
736 2765 794 2818 δὲ
821 2764 1042 2836 θαρρῶν
1067 2765 1152 2819 ὅτι
1187 2766 1280 2819 καὶ
1307 2767 1625 2836 μετουσίαν.

166 3152 270 3211 Ἐκ
318 3155 427 3209 τοῦ
468 3153 658 3208 αὐτοῦ
696 3153 882 3221 λόγου
928 3155 1016 3216 εὶς
1051 3151 1152 3204 τό·
1193 3171 1212 3204 ι
1235 3152 1298 3207 ’0
1325 3155 1508 3224 λόγος
1540 3161 1734 3226 παχύ-

761 3257 923 3296 νει-αι
942 3241 1076 3312 (22).
1104 3261 1123 3295 ι

224 3379 574 3452 Παχύνεσθαι
603 3380 632 3432 ὁ
660 3378 819 3446 λόγος
847 3379 1060 3448 είρηται
1092 3378 1172 3448 τῷ
1199 3378 1446 3448 θεοφόρῳ
1474 3380 1734 3436 διδασκά-

155 3475 232 3543 λῳ
263 3473 405 3525 κατὰ
433 3471 608 3542 τήνδε,
658 3471 734 3532 ὡς
762 3465 937 3540 οἶμαι,
985 3468 1086 3540 τὴν
1116 3467 1358 3533 ἔννοιαν,
1403 3470 1435 3538 ἢ
1466 3471 1546 3523 ὅτι
1577 3472 1735 3539 λόγος

155 3563 229 3616 ὦν
277 3562 480 3625 ἁπλοῦς
520 3577 578 3612 τε
631 3561 726 3613 καὶ
764 3560 1090 3628 ἀσώματος,
1147 3559 1241 3610 καὶ
1287 3558 1464 3623 πάσας
1497 3559 1733 3626 καθεξῆς

158 3654 546 3727 πνευματικῶς
574 3655 791 3725 τρέφων
817 3653 915 3716 τὰς
945 3655 1003 3705 έν
1029 3653 1245 3723 οὐρανῷ
1277 3652 1424 3715 θείας
1452 3655 1731 3721 δυνάμεις,

159 3749 462 3820 ρατηξίωσε
515 3747 609 3800 καὶ
650 3746 739 3799 διὰ
775 3747 876 3816 τῆς
921 3744 1184 3815 ὲνσάρκου
1222 3743 1386 3798 αὑτοῦ
1430 3746 1733 3816 παρουσίας

156 3842 216 3906 ἐξ
261 3841 419 3912 ἡμῶν
471 3839 537 3892 δι’
560 3841 706 3908 ἡμᾶς
759 3837 1048 3909 καθ’ὴμᾶς
1097 3838 1368 3906 ἁμαρτίας
1414 3841 1582 3906 χωρὶς
1624 3855 1728 3888 πα-

156 3935 434 4004 χυνθῆναι.
467 3933 560 3984 καὶ
580 3933 713 4001 ἡμῖν
732 3929 1027 4002 προσφυῶς
1051 3933 1254 3996 φωναῖς
1276 3946 1333 3981 τε
1366 3929 1614 4000 (214α)
1641 3931 1731 3982 καί

158 4025 563 4096 παραδείγμασι
611 4023 710 4093 τὴν
755 4022 882 4090 περὶ
911 4019 1020 4072 τῶν
1047 4021 1374 4090 ἀπορρήτων
1411 4024 1503 4073 καὶ
1533 4023 1731 4083 παντὸς

156 4119 316 4186 λόγου
357 4117 587 4185 δύναμιν
635 4112 1068 4184 ὑπερδαίνουσαν
1102 4111 1356 4164 ἐκθέσθαι
1385 4112 1733 4166 διδασκαλίαν

158 4210 269 4279 (διὰ
295 4207 622 4277 παραϐολῶν
649 4205 758 4274 γάρ
786 4203 1001 4274 εἴρηται
1036 4204 1212 4256 πάντα
1235 4203 1612 4272 λελαληκὲναι,
1638 4207 1732 4256 καὶ

157 4301 326 4370 χωρὶς
343 4297 658 4368 παραϐολῆς
674 4295 837 4365 μηδὲν
866 4293 1138 4358 διεξιέναι·
1162 4294 1274 4363 (:25)
1295 4295 1444 4362 φίλον
1472 4296 1577 4363 γὰρ
1593 4296 1732 4348 οὕτω

156 4397 270 4455 τοῖς
293 4389 635 4451 διδασκάλοις
659 4386 918 4458 χρῆσθαι,
945 4385 1081 4436 ἐπὰν
1110 4386 1155 4436 οἱ
1177 4386 1442 4454 ἀκροαταὶ
1484 4388 1559 4455 μὴ
1600 4403 1732 4456 παρ-

157 4479 494 4534 ακολουθῶσι
536 4480 648 4538 τοῖς
679 4474 1047 4545 πρωτοτύπως
1089 4475 1402 4542 λεγομένοις
1429 4517 1442 4538 ,
1505 4478 1598 4527 καὶ
1652 4480 1730 4540 εἰς

1839 585 2068 647 tollitur,
2098 587 2202 640 hoc
2224 596 2305 640 est.
2328 596 2503 641 status
2527 590 2581 642 in
2611 593 3161 648 hominibusChristo
3191 597 3404 662 similis,

1834 679 2138 729 secundum
2198 680 2446 733 ordinem
2506 691 2563 734 et
2615 681 2790 750 legem
2849 685 3145 749 exaltatu's,
3196 701 3260 739 ac
3312 703 3409 757 per

1833 769 2104 820 actionem
2151 768 2540 836 impassibilem
2581 771 2634 824 in
2679 775 2980 840 gnosticam
3034 786 3248 831 natura:
3279 792 3410 832 con-

1838 858 2272 925 temptationem,
2297 868 2353 912 et
2379 860 2506 913 inde
2543 861 2598 914 in
2632 861 2992 931 theologicam
3019 867 3408 936 mystagogiam

1836 958 2140 1016 promotus.
2181 951 2236 1004 ld
2263 951 2409 1020 quod
2435 953 2666 1007 maxime
2693 954 2827 1008 mihi
2856 956 3162 1025 signiﬁcare
3190 959 3411 1013 videtur

1835 1048 2059 1092 sanctus
2108 1039 2442 1109 Areopagita
2483 1056 2711 1109 magnus
2766 1043 3082 1113 Dionysius,
3130 1046 3220 1100 ubi
3279 1049 3404 1102 ait:

1841 1147 1858 1179 ι
1889 1128 1996 1183 Sed
2037 1145 2159 1184 cum
2212 1145 2380 1184 sacrae
2423 1131 2724 1200 disciplinre
2762 1135 3092 1202 principium
3141 1137 3286 1193 Deus
3312 1139 3406 1202 sit,

1834 1234 1940 1287 qua
1976 1231 2178 1274 sanctae
2221 1233 2434 1276 mentes
2466 1223 2521 1276 in
2569 1223 2654 1276 sui
2689 1225 2990 1280 deveniunt
3015 1229 3405 1298 cognitionem,

1835 1311 2085 1380 quisquis
2108 1313 2175 1364 ad
2199 1312 2425 1366 insitum
2458 1321 2666 1366 naturze
2689 1314 2871 1369 lumen
2906 1317 3228 1378 recurrerit,
3256 1319 3408 1388 prin-

1835 1401 1981 1470 cipio
2024 1402 2247 1470 quidem
2288 1403 2413 1472 quis
2441 1403 2659 1457 tandem
2701 1403 2816 1472 ipse
2846 1407 2917 1461 sit
2951 1409 3066 1474 ipse
3089 1408 3318 1466 videbit.
3349 1419 3406 1462 et

1836 1493 1942 1546 hoc
1974 1492 2212 1561 primum
2242 1494 2478 1562 accipiet
2511 1509 2726 1548 sacrum
2760 1495 2827 1548 de
2862 1511 2957 1549 sua
3005 1497 3072 1550 ad
3102 1498 3279 1551 lucem
3315 1513 3402 1551 ac-

1837 1581 2086 1635 cessione
2129 1597 2369 1636 munus:
2424 1585 2518 1651 qui
2559 1594 2743 1639 autem
2774 1586 2948 1639 oculis
2998 1587 3150 1640 nullo
3203 1587 3404 1641 affectu

1837 1671 2070 1725 turbatis
2105 1674 2327 1740 propria
2374 1687 2470 1726 sua
2519 1675 2690 1742 probe
2725 1691 2781 1730 et
2823 1686 2967 1730 recte
3014 1677 3404 1738 considerarit,

1840 1763 1886 1816 is
1943 1763 2195 1815 obscuris
2233 1763 2555 1831 ignorantiae
2595 1765 2824 1819 latebris
2874 1767 3103 1828 relictis,
3152 1767 3248 1821 sed
3305 1768 3404 1836 Dei

1836 1850 2249 1919 perfectissinue
2299 1852 2715 1906 illuminationis
2771 1855 2960 1922 atque
3001 1856 3409 1909 communionis

1836 1943 2015 1997 adhuc
2047 1957 2255 2005 exsors,
2280 1943 2443 2012 hujus
2469 1943 2744 1998 desiderio
2769 1953 2963 2014 sponte
2987 1961 3095 2000 non
3116 1946 3405 2010 afﬁcietur,

1835 2036 1932 2088 sed
1979 2036 2182 2088 sensim
2213 2050 2313 2103 per
2349 2035 2523 2102 prima
2564 2050 2661 2088 sua
2690 2035 2755 2088 ad
2788 2037 2968 2104 priora
3011 2038 3176 2090 etiam
3207 2054 3270 2092 ac
3308 2057 3407 2110 po-

1838 2126 1999 2186 tiora,
2041 2134 2096 2179 ct
2128 2125 2415 2178 absolutus
2439 2126 2506 2179 ad
2548 2142 2816 2180 summam
2845 2127 3065 2180 demum
3102 2128 3273 2183 divini
3305 2131 3405 2184 im-

1837 2215 1970 2279 perii
2010 2215 2061 2268 in
2090 2214 2286 2267 ordine
2310 2224 2365 2267 et
2392 2225 2575 2270 sancte
2598 2217 2864 2270 evchetur
2895 2220 3358 2275 communionem.
3383 2241 3401 2270 ι

1838 2306 1928 2360 Sic
1961 2307 2128 2375 igitur
2158 2307 2462 2359 secundum
2492 2323 2746 2375 magnum
2785 2316 2949 2376 atque
2982 2309 3228 2365 divinum
3261 2314 3408 2368 hunc

1837 2398 2156 2465 magistrum
2201 2397 2525 2450 contollitur
2568 2412 2691 2450 cum
2733 2413 2898 2453 cruce
2941 2416 3038 2468 per
3066 2418 3167 2456 nos
3195 2403 3251 2456 in
3293 2405 3406 2473 spi-

1836 2487 1946 2540 ritu
1983 2485 2049 2538 ad
2091 2486 2264 2555 ipsius
2293 2488 2467 2540 instar
2492 2488 2759 2541 exaltatos
2791 2490 2943 2544 solus
2977 2507 3244 2556 summus,
3275 2495 3405 2548 dum

1837 2594 1934 2648 per
1983 2580 2255 2632 actionem
2292 2589 2347 2632 et
2383 2595 2504 2648 qua:
2538 2580 2588 2633 ei
2625 2581 2868 2635 adhaeret
2911 2583 3406 2652 impassibilitatem

1835 2685 1936 2724 nos
1989 2671 2043 2723 in
2107 2670 2483 2739 cognitionem
2531 2670 2959 2736 introducimur,
3011 2689 3219 2742 perque
3267 2676 3409 2730 hanc

1835 2759 1890 2813 in
1951 2759 2298 2813 immateriali
2369 2768 2585 2815 mentes
2635 2761 2704 2814 ad
2765 2765 3049 2834 mysticam
3101 2767 3410 2820 exaltamur

1833 2850 2148 2903 divinorum
2207 2850 2736 2920 contemplationem
2793 2864 2958 2922 atque
3017 2854 3406 2921 initiationem,

1835 2939 2013 2994 audeo
2057 2939 2263 2994 addere
2301 2941 2468 2995 etiam
2515 2943 2982 2997 communionem.

1843 3163 1927 3217 Ex
1969 3162 2148 3216 eodem
2185 3175 2446 3226 sermone,
2493 3161 2548 3212 in
2581 3160 2713 3213 illud
2738 3179 2755 3214 :
2790 3181 2807 3210 ι
2838 3161 3021 3216 Sermo
3060 3173 3348 3221 crassatur.
3380 3187 3398 3220 ι

1903 3390 2058 3456 Quod
2109 3403 2291 3444 sermo
2317 3396 2621 3450 crassatur,
2655 3387 2878 3442 divinus
2909 3390 3170 3459 magister
3197 3391 3320 3456 hac,
3349 3392 3402 3446 ni

1836 3482 2018 3545 fallor,
2054 3481 2192 3535 dixit
2233 3479 2530 3542 sententia,
2565 3479 2650 3533 vel
2683 3484 2830 3547 quod
2881 3495 3083 3545 sermo,
3117 3496 3241 3534 cum
3276 3482 3405 3535 sim-

1835 3574 1954 3641 plex
2014 3581 2178 3641 atque
2217 3571 2580 3641 incorporalis
2634 3572 2706 3624 sit
2746 3587 3044 3640 omnesque
3091 3587 3156 3626 ex
3209 3573 3402 3626 ordine

1835 3661 2196 3730 spiritualiter
2250 3660 2466 3713 divinas
2514 3660 2567 3712 in
2626 3659 2764 3712 caelo
2824 3668 3121 3726 potestates
3171 3660 3399 3720 nutriat,

1835 3769 1930 3820 per
1964 3769 2124 3806 suum
2176 3767 2396 3821 quoque
2455 3751 2509 3804 in
2584 3766 2748 3804 carne
2784 3751 3076 3802 adventum
3123 3749 3191 3804 de
3241 3749 3404 3804 nobis

1833 3853 2057 3911 propter
2107 3858 2209 3896 nos
2254 3849 2314 3895 ut
2371 3857 2492 3902 nos,
2546 3841 2639 3894 sed
2687 3843 2804 3894 sine
2855 3849 3103 3909 peccato,
3167 3841 3401 3898 crassati

1834 3934 2092 4001 dignatus
2133 3933 2224 3993 sit,
2274 3933 2544 4000 nobisque
2586 3941 2956 4000 congruenter
2984 3941 3040 3984 et
3090 3931 3318 3984 vocibus
3348 3940 3402 3983 et

1833 4027 2098 4094 exemplis
2145 4039 2419 4093 exponere
2455 4024 2765 4078 doctrinam
2822 4023 2887 4075 de
2942 4022 3109 4075 rebus
3164 4022 3405 4076 infandis

1834 4118 2122 4184 omnisque
2167 4114 2318 4169 verbi
2358 4115 2468 4166 vim
2532 4121 2882 4181 superantem
2921 4113 3220 4181 (parabolis
3255 4113 3401 4167 enim

1835 4208 2070 4260 traditur
2109 4208 2290 4259 omnia
2327 4220 2612 4259 enarrasse
2657 4212 2713 4257 et
2763 4213 2914 4257 extra
2952 4203 3222 4273 parabolae
3266 4204 3403 4272 liga-

1836 4313 1950 4349 ram
1998 4311 2106 4348 non
2150 4295 2449 4363 quidquam
2499 4293 2856 4362 explanasse;
2900 4308 3110 4346 amasse
3152 4294 3298 4346 enim
3330 4294 3403 4346 ita

1835 4389 2121 4455 discipulis
2168 4387 2282 4439 suis
2326 4386 2426 4448 uti,
2483 4385 2704 4453 quando
2748 4384 3029 4437 auditores
3063 4384 3407 4453 originaliter

1834 4479 1982 4532 dicta
2030 4479 2212 4530 minus
2258 4485 2708 4544 assequercntur,
2757 4475 3005 4543 adeoque
3040 4490 3136 4528 eos
3193 4475 3246 4527 in
3288 4489 3403 4528 ser-

161 4575 511 4641 συναίσθησιν
543 4570 738 4629 αὐτοὺς
769 4568 920 4634 ἄγειν
948 4567 1054 4618 τῶν
1082 4566 1432 4635 λεγομένων)·
1464 4566 1600 4635 seu
1621 4572 1728 4624 τοῖ..

1835 4583 2057 4621 monum
2106 4566 2527 4635 intelligentiam
2559 4581 2622 4618 ac
2661 4580 2883 4618 sensum
2928 4564 3228 4632 deducere)
3274 4565 3403 4617 πονοι

156 4664 266 4715 τῶν
293 4664 463 4715 ὄντων
496 4662 687 4712 ἑαυτὸν
715 4659 782 4710 δι’
805 4659 951 4727 ἡμᾶς
981 4659 1305 4728 ἀποῤῥήτως
1336 4659 1620 4726 ἐγκρύψας
1647 4659 1728 4708 λαῦ-

159 4772 276 4821 γοις
290 4753 568 4820 ανσλόγως
591 4751 654 4803 δι’
679 4752 908 4802 ἑκάστου
936 4748 1043 4800 τῶν
1057 4747 1348 4816 ὁρωμένων
1371 4746 1445 4808 ὡς
1466 4748 1552 4799 διά
1568 4765 1728 4800 τινων

157 4846 503 4911 γραμμάτων
530 4838 980 4908 ὑποσημαίνεται,
1006 4838 1124 4899 ὅλος
1151 4839 1207 4887 ὲν
1232 4837 1369 4898 ὅλοις
1394 4837 1508 4906 ἅμα
1526 4838 1728 4906 πληρέ-

163 4951 354 4997 στατος
378 4973 392 4992 ,
453 4935 548 4985 καὶ
593 4933 654 4984 τὸ
703 4930 822 4984 καθ’
860 4931 1090 4982 ’ἑκαστον
1113 4928 1436 4998 ὁλόκληρος,
1489 4927 1606 4990 ὅλος
1639 4930 1732 4980 καὶ

162 5028 562 5088 ἁνελάττωτος,
623 5026 679 5074 ἐν
729 5025 839 5084 τοῖς
887 5022 1164 5091 διαφόροις
1219 5022 1247 5071 ὁ
1292 5020 1580 5090 ἀδιάφορος
1641 5022 1735 5072 καὶ

163 5118 426 5179 ὡσαύτως
467 5117 553 5168 ἀεὶ
585 5116 721 5183 ἔχων
745 5152 760 5175 ,
816 5117 874 5164 ὲν
905 5115 1017 5172 τοῖς
1048 5111 1320 5172 συνθέτοις
1350 5113 1378 5162 ὁ
1407 5112 1608 5176 ἁπλοῦς
1642 5114 1736 5165 καὶ

161 5210 452 5270 ἀσύνθετος
476 5249 491 5269 ,
548 5208 643 5259 καὶ
694 5207 752 5258 ὲν
779 5207 889 5266 τοῖς
921 5204 1024 5255 imo
1054 5203 1228 5272 αρχὴν
1259 5205 1286 5255 ὁ
1315 5202 1550 5272 ἄναρχος
1570 5244 1582 5265 ,
1641 5203 1734 5255 καὶ

161 5305 190 5353 ὁ
219 5301 446 5372 ἀόρατος
497 5302 555 5351 ὲν
594 5301 707 5360 τοῖς
744 5297 1044 5364 ὁρωμένοις
1068 5334 1082 5356 ,
1144 5294 1238 5347 καὶ
1287 5296 1344 5346 ἐν
1385 5298 1498 5357 τοῖς
1541 5296 1732 5357 ἁπτοῖς

163 5398 191 5448 ὁ
222 5396 464 5465 ἀναφήςο
499 5393 532 5464 ἢ
562 5393 643 5444 ὅτι
672 5391 738 5443 δι’
763 5391 938 5460 ἡμᾶς,
971 5388 1098 5449 τοὺς
1129 5389 1322 5456 παχεῖς
1351 5388 1450 5452 τὴν
1473 5386 1733 5452 διάνοιαν,

166 5485 569 5558 σωματωθῆναί
617 5502 676 5536 τε
727 5483 964 5553 δι’ἡμᾶς
1011 5481 1106 5532 κα)⁸
1144 5479 1436 5550 γράμμασι
1476 5480 1570 5532 καὶ
1605 5478 1734 5531 συλ-

245 5624 356 5692 (in
387 5622 606 5677 Dionvs.
641 5620 777 5674 Areo
817 5634 902 5688 ag.
937 5617 1013 5670 De
1044 5616 1239 5671 Eccles.
1300 5616 1571 5671 Hierarch.
1607 5629 1728 5684 cap.

259 5694 287 5742 δ
312 5695 363 5742 ι-
387 5708 441 5742 ι).
480 5681 604 5742 HL
631 5635 969 5742 tomﬁOoo.
993 5687 1082 5742 ed.
1113 5687 1249 5742 Ven.

882 5703 913 5756 P

169 5697 227 5762 ἒ,
250 5681 288 5766 ’ᾗ
312 5681 363 5766 4⁷,
387 5708 441 5766 p.
480 5681 808 5766 t7t_,_tom.n'l
832 5681 1082 5766 QppLed.
1113 5687 1249 5766 Yen.

242 5754 359 5834 (ἒξ)
390 5754 550 5831 Creg.
581 5760 712 5816 Naz.
739 5758 829 5812 0r.
859 5754 1240 5826 ih'Theophan.
1264 5771 1385 5825 cap.
1429 5754 1484 5820 2,
1511 5770 1566 5823 p.
1602 5755 1725 5815 664.

1836 4661 1981 4730 quod
2025 4659 2080 4712 in
2112 4673 2295 4712 rerum
2335 4673 2456 4726 qua:
2493 4664 2620 4708 sunt
2642 4655 2948 4709 rationibus
2975 4655 3238 4709 ineﬂ'abili
3270 4672 3408 4724 quo-

1836 4750 1958 4805 dam
2004 4748 2168 4803 modo
2200 4756 2427 4817 propter
2465 4761 2564 4798 nos
2589 4761 2708 4798 sese
2739 4745 2916 4813 ipsum
2957 4746 3237 4799 occultans
3272 4761 3408 4799 con-

1837 4853 2096 4913 gruenter
2157 4855 2258 4909 per
2317 4837 2751 4906 unumquodque
2820 4851 3012 4890 eorum
3057 4852 3178 4905 quae
3230 4838 3408 4892 oculis

1837 4934 2096 4988 videntur
2134 4940 2392 5000 tanquam
2433 4945 2531 4998 per
2559 4929 2771 4997 aliquas
2799 4929 3101 4998 scripturas
3135 4930 3409 4998 signiﬁca-

1839 5036 1948 5081 tur.
1992 5033 2139 5077 totus
2174 5024 2228 5076 in
2269 5022 2402 5075 totis
2445 5021 2609 5074 simul
2669 5019 3045 5088 plenissimus,
3091 5029 3148 5074 et
3193 5021 3246 5072 in
3296 5021 3408 5073 sin-

1835 5115 1979 5185 gulis
2026 5115 2337 5184 quibusquc
2374 5116 2606 5182 integer,
2656 5121 2805 5164 totus
2841 5120 2898 5164 et
2932 5125 3040 5162 non
3079 5109 3404 5166 diminutus.

1837 5212 1893 5261 in
1937 5207 2172 5260 diversis
2191 5207 2305 5276 ipse
2336 5207 2428 5275 qui
2449 5220 2560 5258 non
2584 5202 2838 5256 diversus
2860 5201 3164 5268 eodemque
3191 5215 3398 5268 semper

1836 5295 2108 5351 exslstens
2152 5294 2340 5358 modo,
2387 5294 2440 5346 in
2488 5291 2810 5360 compositis
2853 5290 2949 5360 qui
2991 5288 3224 5357 simplex
3290 5289 3404 5359 ipse

1837 5395 2002 5456 atque
2029 5385 2447 5455 incompositus,
2484 5393 2538 5437 et
2569 5384 2623 5436 in
2668 5382 2750 5436 eis
2803 5394 2924 5449 qua
2957 5379 3236 5448 principio
3277 5388 3408 5431 sunt

1839 5479 2087 5549 subjecta
2117 5478 2234 5548 ipse
2273 5477 2366 5546 qui
2421 5475 2539 5530 sine
2580 5471 2875 5544 principio,
2915 5481 2972 5526 et
3011 5469 3307 5524 invisibilis
3347 5470 3401 5522 in

1841 5622 1972 5667 tom.
2005 5613 2025 5667 l
2065 5612 2202 5681 Opp.
2235 5612 2326 5664 ed.
2357 5609 2561 5666 Bened.

1912 5683 2020 5746 (25)
2054 5673 2201 5736 Idem
2230 5681 2354 5735 ibid.
2423 5695 2542 5749 cap.
2577 5680 2627 5746 '7,
2665 5691 2786 5746 pag.
2838 5677 2960 5740 667,
3006 5687 3146 5730 tom.
3185 5674 3202 5727 l
3262 5673 3400 5744 Opp.

1837 5753 1971 5807 edit.
2005 5751 2204 5805 Bened.
