4192 6434
833 388 935 450 237

1932 382 1993 440 S.
2030 383 2315 442 ΜΛΧΙΜΙ
2354 384 2862 445 CONFESSORIS

3898 385 4039 445 123$

796 500 1123 565 visibilibus,
1173 509 1231 555 et
1265 498 1320 553 in
1364 497 1449 551 eis
1495 511 1618 565 quae
1658 497 1805 566 tangi
1840 507 2075 566 possunt
2115 498 2235 568 ipse
2263 500 2357 569 qui

2460 502 2652 565 λαϐαῖς
2677 503 2771 556 καὶ
2793 504 2997 570 φωναῖς
3018 518 3081 553 τ’.)
3090 499 3335 568 πωῡῆναι
3358 496 3701 560 κατεδέξατο,
3715 496 3802 547 ἴνα
3820 496 3883 547 ἐκ
3901 498 4035 548 πᾶν·

790 595 960 647 tactui
1015 608 1125 646 non
1178 590 1492 644 obnoxius:
1521 589 1604 642 vel
1642 588 1789 657 quod
1830 599 2056 658 propter
2101 605 2224 649 nos.
2261 592 2356 659 qui

2454 610 2565 645 των
2593 594 2797 646 τούτων
2830 594 2978 661 ἡμᾶς
3004 593 3304 660 ἑπομένους
3333 589 3482 657 αὐτῷ
3514 588 3655 639 κατὰ
3687 586 3862 655 βραχὺ
3898 588 4037 656 πρὶς

788 682 960 736 crassi
1009 691 1066 735 et
1117 680 1352 749 pingues
1393 694 1588 732 sumus
1641 677 1948 739 intellectu,
2001 694 2205 748 corpus
2237 679 2355 733 ﬁeri

2455 683 2647 735 ἑαυτὸν
2679 683 2983 753 συναγάγῃ,
3020 679 3439 747 ἑνοποιηθὲντας
3468 677 3545 743 τῷ
3573 676 3845 742 πνεύματι
3869 715 3884 737 ,
3943 680 4039 727 καὶ

789 789 854 828 ac
905 781 1093 828 nostra
1139 772 1317 842 gratia
1365 772 1566 825 litteris
1633 778 1689 824 et
1734 770 1961 839 syllabis
2011 780 2064 824 et
2105 772 2353 835 vocibus,

788 864 1021 933 exprimi
1060 877 1254 931 passus
1298 870 1403 923 est,
1447 871 1507 914 ut
1550 876 1615 913 ex
1661 862 1920 914 omnibus
1966 862 2053 915 his
2089 876 2189 915 nos
2227 876 2352 915 eum

786 963 1085 1023 sequentes
1127 962 1253 1025 post
1299 954 1461 1023 paulo
1508 953 1574 1006 ad
1638 967 1760 1006 sese
1809 955 1987 1022 ipsum
2045 953 2353 1023 colligeret,

787 1046 976 1099 unitos
1017 1044 1073 1099 in
1101 1045 1321 1115 spiritu,
1350 1053 1407 1097 et
1456 1044 1510 1097 in
1552 1045 1858 1113 simplicem
1888 1044 2033 1097 circa
2068 1058 2195 1097 eum
2233 1058 2355 1096 om-

2453 773 2534 833 εἰς
2557 772 2656 841 τὴν
2679 773 2857 840 ἁπλῆν
2882 774 3009 841 περὶ
3032 769 3197 823 αὑτοῦ
3226 770 3322 822 καὶ
3340 770 3569 837 ἄσχετον
3596 767 3808 818 ἔννοιαν
3831 768 4042 829 ἀναγα-

2459 877 2581 927 γοι,
2634 862 2889 913 τοσοῦτον
2930 864 3079 931 ἡμᾶς
3120 859 3401 912 δι’ἐαυτὸν
3444 858 3579 925 πρὸς
3614 858 3810 909 ἕνωσιν
3841 857 4039 908 ἑαυτοῦ

2464 956 2779 1022 συστείλας,
2832 959 2957 1009 ὅσον
2994 957 3164 1018 αὐτὸς
3195 957 3263 1008 δι’
3285 956 3431 1025 ἡμᾶς
3461 956 3651 1006 ἑαυτὸν
3684 952 4041 1020 συγκαταδά⁹

2464 1062 2601 1107 σεως
2632 1045 2775 1116 λόγῳ
2804 1047 3119 1100 διέστειλεν.

784 1136 953 1206 nique
999 1138 1205 1192 aﬂ'ectu
1250 1138 1477 1191 liberam
1523 1136 1911 1206 cogitationem
1953 1138 2265 1199 reduceret,
2297 1136 2351 1188 in
2394 1144 2605 1191 tantum
2666 1154 2769 1192 nos
2791 1148 3103 1208 propterse
3137 1137 3244 1192 sibi
3303 1134 3699 1191 coadunandos
3726 1134 4037 1197 attrahens,

786 1227 843 1282 in
885 1238 1153 1297 quantum
1198 1227 1315 1295 ipse
1356 1236 1585 1295 propter
1638 1240 1740 1279 uos
1780 1225 2091 1280 clementia:
2131 1225 2348 1278 ratione
2384 1240 2503 1280 sese
2552 1228 2810 1282 removit.

784 1426 870 1483 Es
896 1426 1076 1480 eodem
1114 1440 1373 1487 sermone,
1414 1425 1469 1475 in
1509 1421 1646 1476 illud
1689 1438 1708 1476 :
1754 1440 1772 1472 ι
1803 1421 1922 1476 Νοη
1953 1438 2016 1475 ea:
2052 1425 2115 1476 iis
2146 1441 2263 1494 qua:
2300 1427 2357 1479 in

853 1518 967 1587 ipso
1005 1523 1151 1579 sunt,
1186 1514 1277 1567 sed
1316 1529 1379 1566 ea:
1406 1516 1469 1566 iis
1518 1529 1634 1583 qua
1664 1520 1789 1566 sunt
1824 1514 1962 1565 circa
2007 1516 2198 1583 ipsum,
2244 1516 2357 1570 alia

852 1622 917 1660 ea:
965 1606 1072 1660 alio
1110 1605 1329 1659 collecta
1368 1605 1558 1673 specie,
1600 1605 1658 1657 in
1699 1620 1864 1657 unum
1916 1606 2181 1674 quoddam
2218 1610 2356 1659 veri-

852 1700 978 1752 tatis
1014 1696 1381 1751 simulacrum.
1416 1714 1432 1744 ι

853 1810 932 1864 Ex
979 1806 1385 1868 cssentialibus,
1423 1804 1479 1858 id
1520 1813 1626 1871 est,
1671 1820 1735 1859 ex
1774 1806 1891 1875 ipsa
1915 1808 2177 1870 essentia,
2204 1806 2350 1876 quod
2384 1850 2426 1904 Β

783 1903 928 1956 Deus
968 1898 1203 1953 exsistat
1248 1911 1593 1965 nequaquam
1642 1898 2012 1964 cognoscitur.
2062 1898 2163 1951 Est
2202 1899 2349 1951 enim

782 1992 943 2061 plane
982 1986 1349 2043 intractabilis
1399 1994 1456 2040 et
1506 1986 1652 2039 invia
1702 1986 1977 2040 universa:
2020 1986 2348 2050 conditioni,

781 2099 848 2137 ex
876 2081 997 2151 pari
1044 2089 1156 2134 tam
1201 2078 1407 2132 visibili
1451 2093 1615 2147 quam
1669 2078 1957 2141 invisibili,
1993 2079 2254 2148 cogitatio
2304 2080 2349 2133 si

780 2187 1092 2243 quaeramus
1136 2171 1269 2240 quid
1320 2170 1411 2233 sit,
1446 2169 1540 2223 sed
1587 2185 1653 2223 ex
1701 2169 1768 2223 iis
1812 2184 1933 2238 quae
1974 2171 2123 2223 circa
2160 2185 2351 2223 essen-

783 2266 913 2319 tiam
947 2270 1096 2326 sunt,
1149 2262 1195 2315 si
1255 2260 1399 2314 bene
1441 2266 1605 2328 atque
1656 2260 1745 2328 pie
1787 2260 2177 2323 observantur,
2230 2274 2349 2313 sesc

782 2355 929 2409 Deus
978 2351 1326 2407 solummodo
1368 2350 1513 2419 quod
1563 2349 1636 2402 sit
1684 2349 2104 2418 intelligendum
2154 2349 2348 2402 viden-

783 2444 931 2498 tibus
966 2440 1217 2511 largitur.
1257 2438 1612 2506 Quzecunque
1664 2451 1799 2489 vero
1854 2438 2001 2490 circa
2049 2438 2348 2491 essentiam

782 2541 912 2587 sunt
962 2546 1073 2585 non
1118 2529 1252 2599 quid
1288 2529 1381 2591 sit,
1426 2527 1523 2581 sed
1562 2528 1694 2595 quid
1731 2542 1839 2579 non
1891 2527 1964 2580 sit
2011 2526 2346 2596 signiﬁcant,

780 2622 951 2677 veluti
996 2620 1143 2690 quod
1172 2634 1281 2672 non
1320 2616 1497 2672 factus
1528 2624 1633 2680 est,
1671 2617 1817 2685 quod
1867 2618 2145 2686 principio
2173 2627 2344 2683 caret,

781 2710 928 2781 quod
948 2710 1078 2773 ﬁne,
1102 2707 1247 2778 quod
1274 2722 1506 2776 corpore
1534 2715 1704 2765 caret.
1726 2722 1957 2775 quaeque
1977 2708 2085 2761 alia
2111 2709 2351 2777 ejusmo-
2385 2722 2388 2725 '

783 2803 839 2855 di
860 2802 1005 2855 circa
1024 2800 1320 2854 essentiam
1342 2806 1495 2861 sunt,
1524 2809 1581 2852 et
1605 2798 1811 2866 aliquid
1844 2814 1951 2851 non
1972 2813 2119 2862 esse,
2155 2816 2347 2853 verum

784 2906 891 2945 non
927 2888 1136 2958 aliquid
1197 2902 1319 2941 eam
1358 2902 1481 2940 esse
1525 2886 1787 2956 probant;
1828 2885 1924 2940 sed
1960 2886 2124 2939 etiam
2162 2887 2348 2955 provi-

780 2982 983 3036 dentiae
1008 2989 1065 3033 et
1103 2979 1300 3049 judicii
1348 2980 1613 3042 rationes,
1660 2980 1865 3047 quibus
1898 2980 2216 3033 universum
2260 2998 2348 3035 sa-

782 3073 1001 3141 pienter
1056 3070 1218 3139 regit,
1260 3085 1496 3137 quarum
1560 3071 1708 3123 socia
1756 3085 2069 3139 congruens
2126 3087 2348 3140 quoque

2470 1429 2566 1480 Ἐκ
2594 1428 2700 1482 τοῦ
2728 1425 2916 1480 αὐτοῦ
2942 1427 3149 1494 λόγου,
3184 1428 3271 1488 εἰς
3296 1426 3366 1476 τό
3384 1441 3397 1452 ·
3453 1440 3475 1473 ι
3505 1424 3627 1475 Οὐκ
3656 1422 3724 1474 ἐκ
3752 1420 3870 1473 τῶν
3906 1420 4035 1473 κατ’

2526 1516 2735 1580 αὐτὸν,
2763 1517 2902 1570 ἀλλ’
2923 1515 2991 1568 ἐκ
3012 1513 3132 1567 τῶν
3155 1513 3287 1581 περὶ
3302 1512 3509 1577 αὑτὸν,
3533 1512 3729 1576 ἄλλης
3750 1511 3819 1573 ἐξ
3834 1511 4035 1563 ἄλλον

2527 1608 2866 1675 φαντασίας
2909 1604 3386 1673 συλλεγομένης,
3418 1605 3507 1667 εις
3532 1601 3601 1654 ἓν
3642 1619 3695 1653 τι
3736 1601 3847 1669 τῆς
3878 1602 4039 1668 ἁλη-

2528 1700 2690 1762 θείας
2724 1696 3002 1764 τγδαλμα.
3035 1713 3055 1745 ι

2541 1810 2637 1861 Ἐκ
2664 1808 2771 1861 τῶν
2805 1807 2947 1860 κατά
2975 1806 3072 1875 τὴν
3098 1800 3319 1866 οὐσίαν,
3354 1808 3599 1856 τουτέστι
3630 1804 3695 1855 ἐκ
3722 1803 3821 1871 τῆς
3844 1800 4041 1862 οὐσίας

2456 1900 2660 1968 αὐτῆς,
2710 1901 2739 1950 ὁ
2779 1898 2914 1959 Θεὸς
2966 1896 3223 1950 οὐδέποτέ
3274 1912 3328 1947 τι
3380 1894 3641 1964 ὑπάρχων
3678 1892 4039 1961 γινώσκεται.

2457 1988 2761 2056 Ἀμήχανος
2788 1988 2895 2058 γὰρ
2928 1988 3022 2039 καλ⁵
3051 1986 3329 2048 παντελῶς
3350 1985 3548 2047 ἄϐατος
3575 1984 3725 2055 πάσῃ
3744 1986 3810 2053 τῇ
3832 1982 4038 2041 κτίσει,

2455 2078 2622 2146 ὁρατῇ
2668 2093 2727 2128 τε
2787 2075 2881 2127 καὶ⁹
2926 2075 3143 2143 ἀοράτῳ
3194 2074 3337 2125 κατά
3384 2074 3442 2125 τὸ
3480 2072 3631 2135 ἴσον,
3693 2074 3726 2141 ἡ
3775 2069 3909 2141 περὶ
3944 2068 4040 2120 τοῦ

2454 2166 2508 2216 τί
2549 2163 2891 2234 καθέστηκεν
2918 2164 3097 2217 ἔννοια
3125 2203 3140 2229 ,
3188 2164 3312 2216 ἀλλ’
3336 2166 3400 2217 ὲκ
3429 2163 3536 2215 τῶν
3570 2166 3698 2232 περὶ
3722 2164 3817 2231 τὴν
3842 2160 4042 2212 οὐσίαν

2458 2256 2620 2323 μόνον
2678 2256 2759 2307 ὅτι
2805 2256 2957 2316 ἐστι.
3012 2257 3107 2307 καὶ
3147 2256 3319 2308 ταῦτα
3352 2255 3534 2317 καλῶς
3560 2271 3619 2305 τε
3667 2254 3759 2305 καὶ
3792 2249 4041 2311 εὐσεϐῶς

2456 2345 2871 2416 θεωρουμένων,
2902 2350 3013 2409 τοῖς
3037 2347 3238 2416 ὁρῶσιν
3263 2349 3290 2399 ὁ
3313 2347 3446 2409 Θεὸς
3472 2344 3664 2398 ἑαυτὸν
3686 2343 4039 2396 ὑπενδίὸωσι.

2458 2440 2640 2491 Πάντα
2674 2441 2731 2491 δὲ
2781 2438 2850 2491 τὰ
2885 2440 3015 2509 περὶ
3043 2439 3140 2508 τὴν
3166 2439 3355 2491 οὐσίαν
3391 2438 3451 2489 οὐ
3486 2437 3547 2489 τὸ
3576 2437 3628 2488 τι
3656 2438 3799 2487 ἐστιν
3822 2477 3855 2499 ,ν
3897 2432 4043 2486 ἀλλά

2455 2528 2507 2578 τί
2555 2527 2655 2579 οὐκ
2706 2526 2850 2579 ἔστιν
2885 2528 3169 2595 ὑποδηλοῖ,
3430 2528 3480 2593 ὁ)
3513 2521 3626 2577 οἷον
3654 2525 3714 2577 τὸ
3738 2524 4040 2593 ἀγένητον,

2455 2615 2514 2666 τὸ
2564 2615 2802 2685 ἄναρχον
2827 2655 2843 2679 ,
2897 2617 2959 2668 τὸ
3006 2617 3265 2685 ἄπειρον,
3325 2618 3384 2669 τὸ
3431 2615 3751 2685 ἀσώματον,
3807 2615 3904 2667 καὶ
3936 2616 4043 2668 ὅσα

2455 2703 2680 2756 τοιαῦτα
2730 2706 2859 2775 περὶ
2906 2704 3002 2775 τὴν
3032 2705 3220 2757 οὐσίαν
3264 2706 3371 2757 εἰσὶ
3397 2747 3411 2769 ,
3471 2707 3565 2759 καὶ
3592 2706 3652 2758 τό
3682 2722 3735 2758 τι
3766 2706 3839 2776 μὴ
3866 2701 4039 2768 εἶναι,

2454 2795 2553 2863 οὐχ
2585 2795 2667 2846 ὅτι
2696 2795 2751 2847 δὲ
2798 2796 2858 2847 τό
2890 2813 2943 2847 τι
2973 2792 3113 2848 εἶναι
3144 2796 3314 2867 αὐτὴν
3339 2796 3680 2867 παριστῶσιν
3702 2813 3717 2826 ·
3770 2799 3911 2852 ἀλλὰ
3942 2802 4043 2850 καὶ

2454 2887 2504 2935 οἱ
2557 2885 2660 2954 τῆς
2704 2888 2962 2956 προνοίας
3014 2888 3110 2939 καὶ
3151 2887 3252 2955 τῆς
3285 2888 3517 2957 κρίσεως
3548 2888 3736 2954 λόγοι,
3789 2888 3919 2941 καθ’
3943 2889 4043 2951 οὓς

2452 2975 2514 3026 τὸ
2546 2977 2657 3026 πᾶν
2686 2977 2864 3043 σοφῶς
2892 2976 3223 3042 διεξάγεται,
3282 2977 3401 3046 μεθ’
3423 2971 3497 3029 ὧν
3526 2978 3619 3031 καὶ
3652 2980 3686 3046 ἡ
3713 2979 4042 3047 ἐναρμόνιος

2455 3068 2552 3135 τῆς
2601 3067 2816 3135 φύσεως
2868 3069 3073 3137 θεωρία
3120 3071 3247 3138 περὶ
3286 3069 3422 3122 Θεοῦ
3475 3066 3616 3122 εἶναι
3657 3070 3907 3136 λέγεται,
3946 3072 4041 3122 τὸν

780 3169 993 3213 natura:
1044 3159 1440 3227 contemplatio
1486 3161 1632 3221 circa
1696 3159 1866 3212 Deum
1930 3174 2052 3214 esse
2117 3161 2345 3225 dicitur,

2455 3158 2781 3227 δημιουργὸν
2814 3160 3012 3227 ἑαυτῆς
3056 3161 3139 3212 ὅτι
3183 3161 3298 3212 ἐστι
3332 3162 3491 3229 μόνον
3518 3161 3797 3229 ἀναλόγως
3817 3162 4042 3215 δεικνύ-

779 3250 1086 3304 conditoris
1116 3250 1201 3303 sui
1236 3249 1582 3302 solummodo
1610 3250 1986 3303 exsistentiam
2013 3253 2348 3306 convenien-

781 3351 863 3395 ter
895 3342 1301 3396 demonstrans.
1355 3341 1494 3393 Dum
1538 3340 1707 3408 igitur
1756 3341 2211 3397 aﬂirmationibus
2253 3345 2350 3398 ad-

779 3421 1070 3487 versantur
1117 3434 1458 3500 negationcs.
1507 3439 1699 3485 mutuo
1728 3434 1871 3486 inter
1914 3449 1971 3487 se
2001 3435 2146 3488 circa
2175 3436 2345 3489 Deum

777 3533 831 3575 ct
870 3522 1043 3575 amice
1101 3522 1206 3575 sibi
1258 3521 1558 3575 conciliant
1606 3537 1726 3577 sese
1785 3532 1841 3577 et
1896 3524 2181 3593 excipiunt
2227 3543 2240 3577 :
2288 3534 2349 3579 ut

777 3606 1101 3681 negationes
1127 3626 1239 3665 non
1264 3612 1473 3681 aliquid
1494 3628 1615 3666 esse
1653 3613 1847 3676 Deum,
1876 3614 1971 3668 sed
1997 3616 2208 3684 aliquid
2238 3632 2349 3670 non

775 3718 896 3757 esse
938 3702 1312 3773 signiﬁcantes
1340 3704 1490 3757 circa
1527 3703 1631 3757 hoc
1667 3705 1814 3773 quod
1840 3706 2051 3774 aliquid
2086 3716 2171 3761 est
2200 3708 2348 3777 quod

778 3795 883 3848 hoc
919 3800 1029 3847 non
1074 3802 1159 3847 est
1207 3796 1578 3848 conciliantur
1619 3794 2099 3860 aﬂirmationibus,
2154 3808 2347 3853 contra

775 3882 1162 3937 aﬁirmatioues
1194 3884 1371 3937 solum
1406 3885 1554 3952 quod
1585 3897 1690 3949 est,
1716 3887 1849 3954 quid
1874 3902 2006 3940 vero
2036 3889 2256 3943 tandem
2292 3888 2345 3942 id

776 3975 847 4028 sit
903 3988 1014 4028 non
1080 3974 1368 4043 aperiens,
1418 3975 1566 4029 circa
1626 3976 1731 4030 hoc
1779 3979 1925 4045 quod
1974 3980 2181 4047 aliquid
2232 3997 2345 4035 non

773 4072 860 4119 est
898 4064 1047 4133 quod
1087 4064 1192 4119 hoc
1220 4073 1305 4119 est
1352 4066 1724 4119 conciliantur
1773 4068 2182 4135 nogationibus,
2224 4085 2348 4123 cum

774 4155 1009 4210 invicem
1053 4156 1506 4210 contrarietatem
1542 4158 1847 4211 ostendunt
1878 4174 1945 4211 ex
1978 4160 2348 4228 oppositione,

773 4246 920 4298 circa
952 4246 1123 4299 Deum
1156 4254 1345 4298 autem
1379 4245 1808 4301 familiaritatem
1837 4248 1904 4303 dc
1935 4250 2346 4304 extremitatum

774 4345 963 4389 mutua
1003 4335 1058 4389 in
1100 4350 1182 4398 se,
1234 4341 1398 4403 prout
1446 4350 1534 4388 res
1574 4334 1699 4399 fert,
1735 4338 2099 4393 conversione
2138 4348 2342 4393 natam.

2451 3266 2604 3304 ουσα.
2656 3250 2943 3312 Ἐναντίως
2973 3246 3065 3303 οὖν
3097 3253 3215 3314 ταῖς
3248 3254 3592 3320 καταφάσεσι
3624 3254 3898 3321 κειμένων
3927 3255 4044 3306 τῶν

2452 3340 2823 3407 ἀποφάσεων,
2876 3340 3106 3405 ἐναλλὰξ
3154 3342 3414 3410 ἀλλήλαις
3466 3344 3593 3413 περὶ
3626 3344 3759 3396 Θεὸν
3803 3346 4042 3412 φιλικῶς

2455 3433 2857 3501 συμπλέκονται
2909 3434 3003 3486 καὶ
3054 3433 3299 3504 ἀλλήλων
3344 3436 3999 3505 ἀντιπαραλαμδάνονται
4022 3456 4037 3470 ο

2451 3521 2561 3575 οἷον
2613 3525 2669 3577 αἱ
2720 3524 2818 3593 μὲν
2861 3526 3162 3593 ἀποφάσεις
3205 3526 3269 3579 τὸ
3304 3528 3377 3597 μή
3412 3544 3463 3579 τι
3492 3523 3629 3580 εἶναι
3653 3568 3668 3589 ,
3704 3529 3842 3583 ἀλλά
3874 3546 3929 3582 τι
3961 3530 4042 3599 μὴ

2452 3614 2593 3668 εἶναι
2629 3617 2993 3685 σημαῖνουσαι
3013 3618 3072 3670 τὸ
3098 3618 3273 3680 Θεῖον,
3298 3619 3426 3688 περὶ
3454 3619 3518 3671 τό
3545 3637 3599 3671 τι
3627 3616 3769 3672 εἶναι
3790 3620 3852 3673 τὸ
3874 3621 4040 3674 τοῦτο

2454 3707 2530 3776 μὴ
2557 3706 2637 3773 ὃν,
2671 3707 2917 3761 ἑνοῦνται
2947 3713 3067 3772 ταῖς
3094 3711 3485 3778 καταφάσεσιν,
3522 3710 3577 3763 αἱ
3599 3711 3658 3763 δὲ
3688 3714 4038 3780 καταφάσεις

2451 3797 2510 3849 τὸ
2539 3798 2699 3864 μόνον
2732 3798 2812 3850 ὃτι
2841 3798 2979 3863 ἐστι,
3014 3800 3198 3852 τίποτε
3225 3801 3283 3853 δὲ
3314 3800 3472 3853 τοῦτό
3497 3803 3614 3855 ἐστι.
3645 3803 3718 3871 μὴ
3747 3802 4036 3868 δηλοῦσαι,

2454 3888 2584 3956 περὶ
2607 3886 2671 3939 τό
2699 3905 2751 3940 τι
2779 3888 2852 3959 μὴ
2882 3884 3018 3941 εἶναι
3048 3890 3108 3942 τὸ
3130 3889 3291 3943 τοῦτο
3318 3890 3376 3944 ὃν
3402 3891 3647 3945 ὲνοῦνται
3672 3896 3793 3956 ταῖς
3813 3897 4039 3963 ἀποφά-

2456 3992 2572 4029 σεσι
2597 4016 2612 4040 ,
2663 3977 2800 4049 πρὸς
2835 3980 2935 4049 μὲν
2969 3980 3201 4050 ἀλλήλας
3226 3982 3569 4036 δεικνύουσαι
3599 3984 3696 4053 τὴν
3725 3985 3786 4051 ἐξ
3812 3986 4037 4038 ἀντιθέ-

2454 4084 2590 4131 σεως
2618 4069 2967 4139 ἐναντιότητα
2994 4113 3008 4137 ,
3067 4073 3196 4143 περὶ
3224 4072 3281 4124 δὲ
3323 4073 3413 4126 τὸν
3443 4073 3577 4126 Θεὸν
3607 4073 3684 4143 τῷ
3717 4077 3798 4138 si;
3822 4076 4037 4145 ἄλληλα

2450 4156 2558 4207 τῶν
2588 4156 2776 4227 ἄκρων
2808 4158 2949 4212 κατά
2982 4163 3320 4231 περίπτωσιν
3353 4161 3536 4234 τρόπῳ
3566 4162 3664 4233 τὴν
3692 4166 4033 4236 οἰκειότητα.

774 4511 857 4566 Ea:
889 4510 1069 4565 eodem
1099 4525 1362 4571 sermone,
1401 4510 1458 4562 in
1496 4508 1629 4562 illud
1660 4529 1677 4564 :
1735 4531 1752 4561 ‹
1786 4512 1917 4567 Cum
1965 4532 2083 4567 vero
2119 4516 2343 4569 bonitati

2465 4518 2567 4571 Ἐκ
2597 4516 2705 4570 τοῦ
2733 4517 2920 4570 αὐτοῦ
2945 4519 3133 4586 λόγου
3160 4537 3173 4550 ·
3238 4538 3256 4570 ι
3298 4520 3457 4573 Ἐπεὶ
3495 4520 3563 4573 δὲ
3608 4523 3717 4575 οὐκ
3750 4523 3928 4589 ἤρκει
3957 4526 4033 4591 τῇ

839 4602 1011 4655 solum
1045 4617 1145 4655 sua
1178 4602 1344 4671 ipsius
1382 4601 1820 4671 contemplatione
1855 4607 2047 4658 moveri
2097 4623 2201 4658 non
2233 4608 2343 4675 suf-

840 4692 1039 4761 ﬁceret,
1081 4692 1172 4745 sed
1202 4692 1421 4761 diffundi
1451 4693 1642 4745 bonum
1677 4701 1836 4763 atque
1870 4698 2158 4765 propagari
2186 4714 2341 4766 opor-

840 4790 994 4846 teret,
1022 4788 1080 4835 ut
1106 4780 1281 4851 pluria
1304 4791 1473 4834 essent
1503 4796 1619 4850 qua:
1648 4780 1894 4850 beneﬁcio
1926 4782 2337 4851 afﬁcerenturxp

835 4899 1013 4965 Quem
1062 4912 1204 4967 saepe
1249 4898 1358 4951 dixi
1409 4912 1576 4951 senex
1617 4898 1709 4952 ille
1750 4914 1980 4970 magnus
2013 4910 2069 4956 et
2095 4905 2340 4973 sapiens,

770 5003 936 5057 quem
969 4987 1037 5042 de
1077 4987 1183 5041 hoc
1225 4987 1346 5041 loco
1383 4988 1661 5052 consului,
1710 5005 1966 5059 magnum
2001 5000 2057 5046 et
2093 4993 2342 5048 divinum

770 5078 1094 5149 Gregorium
1132 5079 1217 5131 his
1254 5077 1443 5132 verbis
1482 5078 1793 5148 signiﬁcare
1842 5084 2132 5151 respondit
2172 5086 2342 5140 Deum

770 5167 1029 5222 eumdem
1094 5167 1149 5219 in
1209 5168 1511 5235 semetipso
1559 5184 1752 5232 unum,
1805 5178 1998 5238 utpote
2041 5173 2136 5241 qui
2198 5190 2342 5229 unus

770 5256 994 5327 proprie
1050 5256 1143 5318 sit,
1189 5272 1253 5310 ac
1303 5256 1440 5309 nihil
1493 5258 1721 5312 omnino
1784 5260 1931 5329 quod
1985 5277 2093 5315 una
2149 5278 2337 5319 secum

768 5349 1000 5419 cogitari
1046 5348 1224 5418 possit
1275 5348 1476 5403 habeat
1523 5360 1723 5405 natura
1774 5352 2078 5417 diversum,
2136 5357 2233 5410 sed
2284 5358 2339 5412 in

769 5440 1070 5511 semetipso
1130 5440 1329 5495 habeat
1368 5443 1547 5495 solum
1603 5443 1942 5497 soliditatem
1986 5444 2343 5517 impercepti-

770 5532 961 5593 bilem,
1006 5531 1167 5585 initio
1205 5546 1271 5585 ac
1317 5531 1424 5586 line
1453 5541 1756 5595 carentem,
1811 5543 1865 5587 et
1918 5536 2345 5606 incomprehen-

769 5624 1010 5688 sibilem,
1070 5638 1137 5678 ex
1194 5639 1302 5693 qua
1362 5624 1431 5678 de
1481 5622 1691 5678 inﬁnita
1749 5624 2014 5682 bonitatis
2051 5636 2109 5682 et
2154 5630 2340 5698 gratia:

2520 4606 2837 4675 ἁγαθότητι
2867 4606 3044 4660 τοῦτο
3077 4608 3144 4658 τὸ
3172 4606 3463 4660 κινεῖσθαι
3481 4609 3673 4674 μόνον
3698 4608 3777 4675 τῇ
3800 4611 4032 4679 ἑαυτῆς

2520 4698 2752 4765 θεωρίᾳ,
2787 4698 2925 4752 ἀλλ’
2951 4697 3071 4750 ἔδει
3102 4698 3351 4765 χεθῆναι
3383 4700 3451 4752 τὸ
3475 4700 3698 4769 ἀγαθὸν
3727 4704 3829 4754 καὶ
3857 4704 4031 4757 ὀδεῦο

2518 4804 2621 4844 σαι
2646 4791 2727 4856 ὡς
2754 4791 2983 4844 πλέονα
3009 4790 3161 4844 εἶναι
3190 4793 3262 4843 τὰ
3285 4793 3750 4861 εὐεργετούμενα
3786 4794 3929 4863 (24).
3969 4816 3988 4846 ι

2520 4902 2624 4955 Τὸν
2673 4902 2934 4965 πολλάκις
2983 4904 3274 4973 εἰρημένον
3319 4906 3600 4975 ἐρωτήσας
3654 4907 3783 4975 περὶ
3831 4908 4028 4962 τούτου

2451 4996 2624 5065 μέγαν
2682 4997 2776 5047 καὶ
2826 4996 2988 5062 σοφὸν
3038 4996 3267 5065 γέροντα
3311 4996 3505 5063 δηλοῦν
3548 4997 3650 5063 ἔφη
3701 4998 3791 5050 διὰ
3818 5000 4029 5053 τούτων

2446 5087 2535 5137 τὸν
2590 5086 2761 5155 μέγαν
2820 5086 2915 5137 καὶ
2961 5085 3218 5153 θεοφόρον
3262 5086 3561 5155 Γρηγόριον
3612 5087 3670 5137 τὸ
3720 5087 3813 5138 τὸν
3863 5090 4027 5141 αὑτὸν

2446 5176 2578 5229 Θεὸν
2608 5179 2665 5229 ἐν
2689 5175 2865 5245 ἑαυτῷ
2895 5176 3074 5246 μόνον,
3108 5171 3196 5228 οἶα
3221 5176 3285 5244 δὴ
3320 5176 3415 5229 ἕνα
3444 5178 3646 5245 κυρίως
3673 5177 3827 5240 ὄντα,
3862 5180 4027 5250 μηδὲν

2449 5269 2627 5338 ὲαυτῷ
2655 5270 2715 5321 τὸ
2740 5269 3003 5339 παράπαν
3033 5269 3514 5338 συνεπινοούμενον
3539 5268 3728 5337 ἔχοντα
3755 5272 3904 5322 κατά
3928 5273 4026 5340 τὴν

2448 5361 2610 5429 φύσιν
2637 5361 2891 5430 διάφορον
2910 5401 2925 5425 ,
2975 5361 3033 5411 ὲν
3060 5359 3239 5428 ἑαυτῷ
3260 5376 3321 5411 τε
3352 5360 3512 5428 μόνον
3537 5360 3729 5429 ἔχοντα
3756 5362 3861 5430 τὴν
3889 5364 4025 5415 ἀπε-

2452 5452 2692 5521 ρινόητον
2732 5452 2964 5524 ἄναρχόν
2995 5470 3055 5505 τε
3104 5452 3196 5505 καὶ⁵
3226 5453 3455 5520 ἄπειρον
3502 5454 3592 5504 καί
3631 5453 4023 5525 ἀκατάληπτον

2453 5543 2787 5612 μονιμότητα
2815 5582 2829 5603 ,
2879 5543 2937 5608 ἐξ
2966 5539 3032 5614 ἧς
3071 5543 3213 5595 κατά
3237 5543 3603 5613 ἀπειρὸδωρον
3629 5544 3789 5613 χύσιν
3816 5546 4021 5611 ἀγαθό-

2448 5648 2608 5699 τητος
2653 5632 2723 5685 τὰ
2762 5632 2892 5687 ὄντα
2938 5633 3003 5687 ὲκ
3038 5632 3132 5686 τοῦ
3171 5632 3245 5703 μὴ
3273 5631 3426 5695 ὄντος
3454 5635 3804 5703 παραγαγεῖν
3831 5652 3895 5688 τε
3929 5635 4019 5690 καὶ

838 5737 948 5809 (2i)
979 5736 1124 5793 Idem
1152 5739 1276 5795 ibid.
1303 5754 1403 5811 cap
1461 5740 1515 5803 9.
1548 5757 1601 5811 p.
1644 5740 1768 5807 668,
1795 5751 1925 5799 tom.
1957 5746 1996 5800 l.
2026 5744 2165 5817 Opp.
2198 5746 2330 5802 edit.
2375 5748 2575 5803 Bcncd.
