4192 6434
181 394 314 462 ί289

1403 391 1926 454 AMBIGUORUM
1965 393 2216 454 LIBER.

3270 399 3407 466 1290

181 505 593 574 ὑποστήσασθαι
619 541 632 563 ,
685 502 909 571 θελῆσαι
960 502 1054 554 22‘.
1099 503 1288 555 ἑαυτὸν
1330 501 1605 570 ἀναλόγως
1637 504 1745 562 τοῖς
1777 507 1816 558 Α

1777 507 1816 558 Α
1846 504 2178 558 almudamia
2315 519 2435 568 quae
2481 506 2748 560 exsistant
2805 521 2874 560 ex
2923 521 3036 561 non
3091 510 3405 573 exsistemia

177 595 320 657 ὅλοις
369 594 464 646 καὶ
510 593 754 662 τῶνκαθ’
789 593 1019 645 Eram-0v
1067 593 1351 661 ἀχράντως
1405 593 1740 661 μεταδοῦναι,

177 684 274 754 τὴν
306 685 443 753 πρὸς
470 683 532 735 τδ
555 680 692 736 εἶναι.
724 683 818 736 καὶ
846 683 1118 751 διαμένειν
1144 683 1361 751 ἑκάστῳ
1390 683 1747 751 χαριζόμενον

177 776 433 843 δύναμιν,
463 774 607 827 καεά
631 773 723 826 τὸν
747 773 902 841 ἅγιον
931 779 1026 826 καὶ
1050 773 1348 826 θεοείκελον
1379 772 1560 842 (215
1578 773 1632 840 a)
1661 773 1750 842 μέ-

178 879 284 930 γαν
331 860 606 914 Διονύσιον
650 861 742 914 τὸν
775 860 1169 930 Ἀρεοπαγίτην
1216 861 1532 929 φάσκοντα,
1588 865 1650 912 τὸ
1691 862 1748 913 ἓν

180 951 446 1022 ὑμνητέιῖιν
475 953 568 1005 Lnt
588 949 746 1015 Θεοῦ,
777 951 855 1020 τῷ
884 950 1102 1004 πάντων
1128 949 1563 1020 ὑπεξαιρεῖσθαι,
1588 951 1668 1012 είς
1688 951 1750 1004 τὸ

178 1040 320 1097 εἷναι
368 1041 665 1113 ἀγαθότητι
715 1041 1107 1110 παραγαγόντα
1154 1043 1252 1111 τήν
1295 1059 1352 1094 τε
1397 1041 1506 1094 τῶν
1541 1041 1750 1109 νοητῶν

178 1137 364 1188 πᾶσαν
391 1135 749 1203 διακόσμησιν
789 1134 880 1186 xei.
909 1134 1007 1202 τὴν
1032 1132 1138 1185 τῶν
1161 1133 1372 1203 ὁρατῶν
1395 1134 1747 1204 εὐπρέπειαν,

181 1228 464 1294 ἀναλόγως
513 1226 728 1294 ἑκάστῳ
776 1225 886 1277 τῶν
931 1225 1243 1293 κτισμάτων
1278 1225 1418 1277 κατά
1444 1240 1567 1278 τινα
1594 1223 1750 1291 λόγον

178 1318 494 1388 ἀπόρρητον
524 1317 717 1385 σοφίας
746 1314 1034 1384 ἀμειώτως
1059 1316 1408 1384 ἐνυπάρχειν,
1440 1314 1536 1368 καὶ
1562 1315 1752 1385 μηδενὶ

178 1404 327 1473 λόγῳ
357 1407 388 1472 ἢ
421 1404 606 1474 τρόπῳ
632 1402 694 1456 τὸ
718 1401 937 1456 σύνολον
963 1403 1124 1457 πάλιν
1147 1403 1492 1474 κατέχεσθαι,
1517 1406 1627 1466 τοῖς
1653 1404 1752 1474 εὶν

181 1495 326 1548 κατά
373 1497 638 1563 περιττὴν
682 1495 1026 1562 άγαοόδωρον
1058 1494 1214 1564 χύσιν
1239 1535 1254 1558 ,
1310 1498 1421 1557 τοῖς
1453 1495 1510 1548 δὲ
1552 1495 1749 1564 μέσως,

181 1590 301 1647 τοῖς
345 1587 401 1639 δέ
454 1587 515 1638 τὸ
571 1586 712 1639 κατά
764 1604 817 1639 τι
869 1585 997 1654 γοῦν
1051 1586 1402 1652 ἐξεικονίζειν
1453 1588 1614 1640 αὑτὸν
1660 1589 1751 1640 δὺ-

182 1679 381 1730 νασίιαι
405 1679 537 1746 ('25).
577 1678 686 1731 Καὶ
713 1678 872 1730 τοῦτο
902 1677 968 1731 ἂν
996 1679 1083 1746 εἴη
1110 1678 1293 1747 τυχὸν,
1327 1677 1470 1730 κατά
1494 1679 1591 1748 τὴν
1615 1680 1754 1747 ἐμὴν

178 1765 515 1836 ἀφροσύνην,
545 1767 606 1817 τὸ
631 1766 845 1834 χεῖσθαι
875 1765 936 1817 τὸ
965 1766 1168 1832 ἀγαθὸν
1197 1765 1292 1817 καὶ
1319 1765 1546 1831 ὁδεύειν,
1577 1766 1638 1817 τὸ
1663 1765 1754 1818 τὸν

1848 595 2088 662 proferat
2115 605 2279 664 atque
2308 596 2613 650 subsistere
2649 598 2832 663 faciat,
2864 599 3107 655 voluisse
3166 603 3405 670 seipsum

1847 702 2067 756 quoque
2091 688 2362 743 universis
2393 689 2782 743 convenienter
2802 704 2858 741 CI.
2881 690 3112 760 singulis
3137 691 3407 748 illibatum

1848 778 2276 842 communicare;
2317 779 2654 833 exsistentize
2709 780 3009 849 unicuique
3046 788 3107 834 et
3146 780 3379 850 perenni

1851 870 1980 922 tatis
2017 867 2336 922 facultatem
2367 869 2672 937 largiendo.
2701 867 2859 934 Quod
2881 878 3102 923 sanctus
3128 878 3295 940 atque
3327 871 3413 926 di-

1848 961 2010 1014 vinus
2045 959 2135 1013 ille
2173 972 2402 1028 magnus
2433 957 2725 1027 Dionysius
2748 957 3076 1026 Areopagita
3099 959 3409 1029 signiﬁcare

1850 1048 2092 1113 videtur,
2140 1049 2335 1104 dicens
2382 1047 2652 1102 unitatem
2685 1063 2807 1102 esse
2848 1048 2905 1102 in
2953 1049 3066 1103 Deo
3110 1051 3414 1119 pradican.

1849 1139 1998 1202 dam,
2037 1138 2168 1192 inde
2199 1139 2347 1208 quod
2390 1137 2459 1191 de
2490 1137 2765 1192 universis
2805 1138 3136 1207 excipiatur,
3185 1138 3280 1207 qui
3317 1139 3412 1193 bo-

1851 1227 2023 1281 nitate
2046 1241 2144 1281 sua
2175 1227 2230 1280 in
2248 1225 2625 1281 exsistentiam
2644 1225 2962 1294 produxerit
2982 1241 3202 1282 omnem
3229 1241 3409 1282 rerum

1850 1333 1974 1385 quae
2012 1318 2398 1387 intelliguntur
2421 1315 2698 1381 ordinem,
2737 1330 2968 1385 quaeque
3016 1317 3280 1372 videntur
3316 1333 3408 1374 ve.-

1852 1415 2147 1473 nustatem,
2174 1417 2237 1460 ut
2285 1405 2584 1473 unicuique
2627 1414 2895 1460 creaturae
2933 1407 3238 1462 secundum
3272 1407 3414 1463 incf-

1853 1494 2071 1549 fabilem
2098 1493 2390 1563 quamdam
2416 1493 2699 1561 sapientiae
2731 1494 2998 1547 rationem
3031 1497 3414 1551 indeminutus

1854 1584 2004 1648 insit,
2039 1593 2095 1638 et
2129 1593 2309 1637 tamen
2357 1583 2509 1636 nulla
2566 1583 2794 1636 omnino
2853 1585 3067 1638 ratione
3112 1595 3209 1638 aut
3251 1586 3416 1641 modo

1856 1689 2046 1729 rursus
2066 1673 2591 1741 comprehendatur,
2622 1681 2790 1742 atque
2813 1673 2902 1726 his
2925 1673 3148 1743 quidem
3172 1675 3242 1729 de
3268 1675 3418 1744 larga

1856 1764 2122 1816 bonorum
2155 1775 2382 1814 suorum
2411 1771 2471 1814 et
2497 1759 2670 1814 effusa
2704 1760 3059 1826 abundantia,
3085 1763 3276 1818 alteris
3307 1778 3423 1818 meo

179 1857 280 1908 ἕνα
325 1857 456 1909 Θεὸν
507 1857 782 1924 ἀναλόγως
829 1855 964 1926 πρὸς
1005 1856 1072 1909 τὰ
1105 1855 1328 1910 δεκτικά
1377 1860 1444 1927 τῇ
1475 1857 1759 1928 μεταδόσει
1795 1842 1832 1896 Β

1795 1842 1832 1896 Β
1862 1853 2145 1916 diocritcr,
2182 1852 2305 1906 aliis
2352 1851 2406 1904 in
2465 1859 2677 1906 tantum
2723 1860 2784 1905 ut
2829 1852 3229 1922 aliquantulum
3269 1867 3419 1910 certe

177 1947 292 1999 τῶν
322 1946 544 2016 ἀγαθῶν
577 1945 960 2016 πληθύνεσθαι.
998 1965 1014 1995 ι

1864 1944 2038 2012 ipsius
2077 1942 2370 2012 imaginem
2411 1940 2622 1997 referre
2657 1941 2894 2012 possint.
2943 1942 3120 2012 Atque
3163 1944 3268 2000 hoc
3305 1945 3421 2000 for.-

181 2047 328 2091 tasse
352 2044 477 2102 est,
515 2047 576 2091 ut
619 2051 752 2090 mea:
795 2035 1017 2090 videtur
1081 2037 1425 2106 ignorantiae,
1470 2035 1601 2090 illud
1635 2033 1780 2103 quod
1819 2034 2024 2088 bonum
2090 2031 2400 2086 eﬂ‘uaditur
2431 2039 2487 2085 et
2525 2031 2898 2101 progreditur,
2931 2032 3076 2102 quod
3124 2034 3286 2101 Deus,
3323 2023 3421 2108 qui

181 2146 326 2184 unus
367 2138 472 2193 est,
507 2138 674 2199 prout
726 2129 851 2198 quis
895 2144 1064 2198 capax
1105 2139 1209 2194 est,
1254 2131 1526 2184 bonorum
1570 2125 1971 2196 multiplicatur
2025 2123 2548 2180 communicatione.

191 2306 294 2360 Ἐκ
325 2305 429 2359 τοῦ
453 2305 640 2358 αὐτοῦ
662 2307 870 2374 λόγου,
902 2307 988 2368 είς
1012 2303 1097 2368 τὸ,
1133 2322 1150 2354 ι
1177 2304 1466 2372 Δευτέραν
1493 2306 1762 2360 κοινωνεῖ

255 2398 576 2449 κοινωνίαν
602 2434 618 2460 ,
673 2395 832 2448 πολὺ
879 2394 988 2463 τῆς
1030 2394 1320 2462 προτέρας
1362 2395 1759 2462 παραδοξοτέ-

250 2506 371 2558 ραν
395 2488 528 2556 (ac).
582 2507 598 2537 .

260 2582 376 2632 υὺκ
405 2574 472 2648 ἦν
515 2576 848 2646 θαυμαστὸν,
883 2575 958 2638 ὡς
984 2572 1172 2643 οἶμαι,
1223 2573 1504 2635 τοσοῦτον,
1555 2573 1760 2642 καίπερ

183 2672 246 2724 ὃν
271 2667 612 2740 τηλικοῦτον,
647 2666 708 2719 τὸ
739 2665 878 2718 κατὰ
905 2666 1005 2735 τὴν
1031 2665 1256 2735 πρώτην
1287 2664 1484 2718 πλάσιν
1513 2663 1761 2733 καθαράν

180 2759 354 2818 οὖσαν
387 2761 486 2830 τὴν
515 2759 676 2828 φύσιν
704 2757 812 2811 τῶν
840 2755 1174 2827 ἀνθρώπων,
1231 2756 1326 2810 ἅτε
1357 2756 1420 2827 δὴ
1457 2760 1600 2826 χειρὶ
1627 2754 1761 2808 Θεοῦ

183 2850 514 2921 τιμηῦεῖσαν
531 2887 546 2912 ,
599 2849 734 2919 πρὸς
765 2847 1050 2900 κοινωνίαν
1079 2845 1273 2900 ἑαυτοῦ
1299 2847 1385 2900 διὰ
1408 2847 1506 2914 τῆς
1527 2845 1764 2917 ἐμπνεύ-

187 2959 328 3005 σεως
359 2941 587 3008 ἀγαγεῖν
615 2941 711 2992 τὸν
738 2937 870 2990 Θεὸν
894 2977 910 3001 ,
961 2936 1039 3006 τῷ
1069 2938 1240 3007 ὁμοίῳ
1279 2936 1627 3007 μεταδιδόντα
1659 2937 1754 3005 τῆς

185 3031 308 3086 κατ’
331 3031 515 3083 εἰκόνα
565 3028 714 3090 Θείας
750 3027 1113 3098 ὡραιότητος,
1161 3027 1282 3079 ὅσον
1321 3026 1382 3077 τὸ
1417 3025 1760 3094 ῥυπωθεῖσαν

185 3121 393 3189 ταύτην
452 3118 545 3172 καὶ
591 3116 726 3170 Θεοῦ
757 3115 1228 3186 δραπετεύσασαν,
1263 3114 1328 3166 δι’
1355 3107 1428 3167 ὧν
1459 3111 1763 3183 ἀνεμάξατο

1867 2303 1948 2360 Ea:
1974 2302 2149 2355 eodem
2182 2317 2444 2365 sermone,
2493 2301 2549 2354 in
2571 2299 2708 2354 illud
2739 2317 2758 2356 :
2805 2319 2824 2353 ι
2846 2300 3084 2356 Alteram
3135 2303 3429 2363 communi’

1933 2395 2196 2450 cntionem
2229 2393 2599 2458 communicat,
2639 2394 2813 2463 priore
2859 2393 3028 2447 multo
3063 2392 3429 2450 admirabilio-

1933 2502 2059 2540 rem.
2084 2503 2101 2536 1

1931 2575 2052 2631 Non
2083 2575 2158 2629 ita
2197 2573 2583 2628 admirandum
2609 2581 2749 2636 erat,
2787 2580 2850 2626 ut
2885 2579 3041 2641 puto,
3071 2573 3430 2642 quantumvis

1863 2681 2119 2736 magnum
2174 2665 2266 2729 sit,
2324 2665 2472 2735 quod
2509 2666 2656 2720 Deus
2712 2665 3008 2718 humanam
3055 2670 3309 2718 naturam
3360 2663 3430 2722 de

1863 2757 2035 2824 prima
2102 2757 2384 2811 creatione
2447 2769 2663 2825 puram,
2707 2755 2912 2826 quippe
2934 2769 3057 2824 qua:
3119 2753 3216 2809 Dei
3267 2770 3431 2810 manu

1864 2849 2129 2902 honorata
2153 2855 2294 2908 erat,
2325 2847 2393 2901 ad
2422 2847 2506 2901 sui
2552 2846 2998 2901 communionem
3052 2843 3211 2899 duxit
3244 2843 3432 2900 inﬂato

1866 2938 2098 3007 Spiritu,
2129 2952 2318 3008 parem
2341 2937 2525 2991 divina
2560 2936 2816 3007 imaginis
2867 2934 3282 3006 pulchritudine
3333 2935 3434 2989 im~

1861 3030 2125 3099 per-tiens,
2157 3042 2321 3098 quam
2351 3027 2497 3098 quod
2529 3027 2800 3081 maculata
2826 3026 2929 3080 hac
2967 3026 3176 3096 Deique
3204 3025 3432 3098 fugitiva

1862 3119 2002 3173 facta
2049 3120 2364 3189 passionum
2439 3117 2904 3186 conspurcatione
2975 3126 3174 3172 natura
3223 3133 3431 3177 versari

187 3212 382 3266 παθῶν
401 3250 418 3274 ,
460 3209 632 3279 ταύτῃ
667 3207 1064 3279 προσομιλῆσαι
1089 3205 1507 3271 καταδέξασθαι,
1542 3204 1638 3256 καὶ
1667 3200 1763 3256 τοῦ
1791 3217 1834 3275 c

1791 3217 1834 3275 (ζ
1868 3209 2115 3274 indulsit,
2149 3209 2462 3279 pejorisque
2483 3208 2932 3263 communionem
2965 3223 3076 3263 non
3135 3209 3430 3277 aversavit,

187 3304 434 3374 χείρονος
466 3301 756 3371 μετασχεῖν
779 3339 795 3363 ,
853 3298 946 3352 καὶ
975 3296 1052 3366 τῷ
1078 3297 1254 3366 πάντη
1288 3297 1397 3348 τῶν
1423 3294 1761 3364 πραγμάτιον

187 3395 411 3464 ἀμίκτῳ
433 3389 816 3462 τῇπαραδόξῳ
840 3387 1031 3442 ἑνώσει
1051 3388 1458 3457 προσετινιτεῖναι
1479 3385 1540 3438 τὸ
1555 3384 1758 3454 Θαῦμα.

189 3487 464 3556 Πρότερον
493 3484 590 3553 μὲν
616 3482 726 3550 γάρ
753 3480 874 3533 κατ’
897 3478 1084 3531 οὐδένα
1110 3477 1311 3548 τρόπον
1339 3478 1371 3546 ἢ
1398 3476 1553 3545 λόγον
1575 3475 1761 3538 οὐσίας

188 3577 224 3644 ἢ
256 3573 625 3634 ὑποστάσεως,
669 3569 778 3622 τῶν
809 3570 866 3621 ὲν
892 3563 975 3631 οἷς
1005 3567 1074 3620 τὰ
1099 3568 1226 3620 ὄντα
1255 3567 1431 3619 πάντα
1459 3565 1763 3628 καθολικῶς

189 3665 482 3735 θεωρεῖται
508 3703 522 3724 ,
578 3659 640 3712 rb
677 3659 734 3712 ἓν
785 3658 922 3728 πρὸς
960 3657 1052 3709 τὸν
1089 3658 1220 3710 Θεὸν
1268 3658 1300 3727 ἡ
1333 3655 1496 3726 φύσις
1529 3655 1760 3725 εἰλήφει,

189 3755 290 3808 νῦν
341 3752 400 3805 δὲ
451 3751 512 3805 τὸ
561 3748 683 3804 καθ’
723 3748 1020 3802 ὑπόστασιν
1071 3746 1130 3800 ἓν
1178 3746 1313 3817 πρὸς
1344 3745 1505 3800 αὑτὸν
1545 3745 1634 3799 διὰ
1663 3745 1762 3813 τῆς

190 3843 478 3911 ἀφράστου
507 3839 753 3898 ὲνώσεως
782 3835 940 3889 ἔλαϐε
961 3876 977 3902 ,
1033 3836 1121 3888 τὸν
1151 3837 1348 3889 οἰκεῖον
1378 3834 1575 3906 δηλαδὴ
1624 3835 1763 3888 κατά

188 3937 295 4005 τὴν
331 3932 518 3984 οὐσίαν
553 3927 932 3989 ἀναλλοιώτως
964 3927 1100 3997 πρὸς
1130 3926 1228 3996 τὴν
1259 3926 1408 3978 θείαν
1436 3925 1623 3978 οὐσίαν
1645 3924 1762 3979 διά-

194 4041 364 4093 φορον
413 4020 848 4090 διαφυλάττουσα
895 4017 1048 4085 λόγον
1072 4059 1087 4082 ,
1142 4016 1277 4086 πρὸς
1307 4018 1374 4086 ἠν
1406 4017 1516 4087 ἔχει
1549 4016 1636 4070 διὰ
1665 4017 1762 4086 τῆς

191 4115 442 4177 ἐνώσεως
493 4114 554 4166 τὸ
599 4110 720 4164 καθ’
763 4110 1060 4162 ὑπόστασιν
1110 4111 1167 4162 ἓν
1213 4109 1305 4162 καὶ
1333 4108 1624 4178 διάφορον,
1676 4109 1762 4160 ἶνα

189 4207 279 4278 τῷ
309 4207 406 4276 μὲν
439 4204 532 4256 τοῦ
565 4200 704 4256 εἶναι
732 4199 896 4270 λόγῳ,
941 4199 1061 4252 καθ’
1085 4200 1146 4253 ὃν
1178 4199 1466 4268 γεγένηται
1500 4201 1594 4251 καὶ
1622 4199 1760 4262 ἔστι,

191 4299 440 4366 διαμένοι
466 4295 526 4348 τὸ
550 4293 752 4362 έαυτῆς
774 4292 834 4346 ὃν
856 4293 1059 4362 κυρίως
1082 4291 1276 4361 ἔχουσα
1297 4293 1436 4344 κατὰ
1454 4290 1630 4343 πάντα
1647 4290 1764 4360 τρό-

193 4406 302 4445 τπν
328 4387 600 4456 ἀμείωτον
623 4423 638 4447 ,
691 4383 768 4453 τῷ
795 4383 854 4436 δὲ
883 4381 978 4435 τοῦ
1013 4399 1127 4444 πως
1158 4381 1349 4452 (215
1369 4382 1428 4451 b)
1457 4377 1596 4434 εἶναι
1620 4380 1763 4451 λόγῳ

191 4479 259 4533 τὸ
293 4475 589 4546 ὑφεστάναι
620 4473 812 4536 Οεῖκῶς
839 4473 1078 4526 λαϐοῦσα
1104 4476 1200 4540 τῆς
1232 4473 1360 4541 περί
1384 4489 1436 4525 τι
1463 4472 1590 4526 ἄλλο
1611 4473 1762 4540 κινή-

1866 3300 1996 3354 etin
2051 3313 2177 3354 eum
2218 3314 2392 3368 usque
2439 3298 2534 3368 qui
2588 3298 2937 3369 negotiorum
2989 3298 3194 3367 ubique
3247 3299 3434 3368 dispar

1867 3400 2026 3459 atque
2056 3391 2269 3445 alienus
2295 3399 2382 3444 est
2424 3390 2738 3445 admirabili
2793 3389 3043 3446 unitione
3075 3390 3312 3446 intendit
3333 3392 3435 3448 mi.

1869 3482 2134 3535 raculum.
2174 3481 2336 3535 Prius
2386 3481 2534 3536 enim
2567 3481 2725 3535 nullo
2761 3481 2924 3536 modo
2950 3491 3045 3536 aut
3089 3483 3302 3539 ratione
3347 3497 3434 3537 es-

1868 3572 2058 3628 sentia:
2091 3571 2500 3634 substantiaeve,
2537 3572 2592 3626 in
2622 3573 2824 3641 quibus
2857 3573 3117 3628 universa
3149 3588 3272 3643 quae
3303 3585 3434 3635 sunt

1868 3660 2194 3729 generaliter
2219 3659 2659 3729 conspiciuntur,
2720 3660 2984 3716 unitatem
3018 3675 3142 3714 cum
3182 3662 3296 3717 Deo
3330 3677 3432 3716 nav

1870 3761 1989 3804 tura
2039 3751 2208 3820 cepit,
2230 3766 2378 3805 nunc
2406 3765 2540 3805 vero
2564 3749 2888 3806 substantia:
2914 3765 3039 3806 cum
3066 3765 3134 3805 eo
3160 3751 3432 3809 unitatem

1871 3840 2132 3894 ineﬂ'abili
2164 3838 2414 3894 unitione
2452 3847 2609 3893 nacta
2637 3848 2742 3901 est,
2767 3839 2842 3892 ita
2865 3848 2924 3892 ut
2967 3840 3242 3911 propriam
3279 3839 3432 3895 video

1868 3933 1996 3986 licet
2019 3930 2387 3985 essentialiter
2413 3930 2752 3982 immutatam
2774 3937 2830 3984 et
2873 3943 2902 3982 a
2952 3929 3138 3985 divina
3190 3932 3428 3992 essentia

1868 4024 2141 4077 diversam
2182 4020 2490 4075 custodiret
2551 4019 2854 4084 rationem,
2907 4035 3032 4075 cum
3086 4036 3193 4091 qua
3241 4021 3428 4082 divina

1867 4115 2104 4168 essentia
2129 4114 2282 4167 unita
2313 4113 2478 4167 habet
2505 4122 2560 4166 et
2602 4113 2872 4166 unitatem
2918 4121 2976 4168 et
3027 4112 3425 4180 diversitatem,

1872 4215 1930 4259 ut
1961 4203 2294 4258 cxsistentiae
2338 4203 2567 4266 ratione,
2631 4217 2736 4271 qua
2780 4201 2922 4258 facta
2971 4211 3056 4258 est
3106 4212 3163 4259 et
3189 4205 3423 4267 exsistit,

1868 4295 2012 4364 quod
2045 4294 2322 4364 peculiare
2381 4294 2485 4348 sibi
2532 4295 2701 4349 habet
2733 4301 3021 4363 perservet
3077 4295 3228 4349 nulla
3272 4307 3428 4364 parte

1869 4388 2232 4451 deminutum,
2271 4402 2375 4441 nec
2421 4387 2706 4455 qualitatis
2749 4387 2962 4442 ratione
3008 4387 3251 4442 divinam
3284 4389 3422 4442 exsi-

1872 4478 2124 4532 stentiam
2162 4486 2317 4531 nacta
2343 4478 2602 4530 motionis
2635 4478 2777 4531 circa
2818 4477 2966 4531 aliud
3023 4476 3156 4546 quid
3187 4478 3431 4532 libratio.

197 4586 342 4630 σεως
390 4568 489 4636 τὴν
538 4565 710 4635 ῥοπὴν
763 4563 1042 4626 παντελῶς
1098 4564 1235 4633 μήτε
1281 4565 1561 4634 γινώσκῃ,
1628 4565 1768 4634 μήτε
1797 4558 1841 4614 ι)

1797 4558 1841 4614 ί)
1870 4584 1993 4623 nem
2023 4568 2224 4622 sentiat
2255 4569 2370 4622 ullo
2399 4568 2562 4621 modo
2605 4574 2702 4621 aut
2735 4567 3012 4622 admittat.
3062 4566 3179 4623 Hoc
3206 4567 3429 4637 quidem

195 4659 517 4730 προσίηται.
561 4657 746 4728 Ταύτῃ
773 4654 904 4723 γοῦν
933 4654 1068 4706 πολὺ
1099 4655 1200 4725 τῆς
1229 4655 1500 4724 προτέρας
1526 4655 1764 4724 παραδο-

1870 4657 2032 4711 modo
2070 4671 2251 4710 sermo
2277 4656 2719 4710 communionem
2763 4656 2946 4726 priore
2977 4657 3151 4711 multo
3195 4657 3434 4712 admira~

199 4750 432 4819 ξοτέραν
473 4747 572 4819 τὴν
604 4747 738 4815 πρὸς
767 4745 866 4815 τὴν
896 4744 1058 4814 φὺσιν
1090 4745 1200 4799 τῶν
1227 4745 1529 4816 ἀνθρώπων
1559 4748 1586 4799 ὁ
1610 4747 1766 4811 λόγος

1875 4749 2126 4803 biliorcm
2160 4765 2284 4804 cum
2314 4749 2600 4803 hominum
2629 4758 2823 4804 natura
2857 4749 3060 4814 eﬂ‘ecit,
3092 4764 3217 4804 cum
3262 4749 3434 4819 ipsam

197 4843 499 4907 ἐποιήσατο
555 4836 875 4901 κοινωνίαν,
934 4835 1103 4906 αὑτὴν
1151 4836 1250 4906 τὴν
1295 4835 1456 4904 φύσιν
1497 4834 1770 4898 οὑσιωδῶς

1874 4849 2128 4893 naturam
2177 4840 2543 4895 essentialiter
2571 4841 2677 4896 sibi
2731 4841 3035 4897 secundum
3069 4841 3434 4905 substantiam

200 4930 382 5000 ἑαυτῷ
417 4929 538 4982 καθ’
562 4927 859 4981 ὑπόστασιν
887 4925 1096 4989 ὲνὼσας

524 4929 538 4949 ’
562 4927 859 4981 ὑπόστασιν
887 4925 1096 4989 ὲνὼσας
1877 4931 2175 5000 copularet.

216 5117 321 5168 Ἐκ
366 5113 471 5166 τοῦ
507 5112 695 5166 αὑτοῦ
718 5151 733 5174 ,
777 5113 864 5176 εὶς
887 5112 954 5164 τὸ
975 5151 990 5176 ,
1051 5109 1237 5164 (Νυνὶ
1262 5109 1328 5162 δέ
1359 5126 1458 5179 μοι
1478 5108 1642 5173 δέξαι
1673 5111 1786 5176 τὴν

1887 5111 1967 5164 Ex
2011 5109 2210 5170 eodem,
2235 5110 2290 5160 in
2321 5107 2457 5161 illud
2479 5125 2497 5162 :
2529 5108 2707 5162 «Nunc
2733 5116 2910 5160 autem
2939 5117 3246 5178 conceptum
3269 5112 3446 5182 accipe

279 5204 520 5270 κύησιν,
546 5202 644 5256 καὶ
673 5205 1137 5271 προσκίρτησον,
1165 5201 1263 5256 καὶ
1288 5205 1338 5256 ει
1363 5200 1448 5270 μὴ
1479 5202 1556 5266 ὠς
1589 5202 1785 5254 Ἰωάν-

1951 5217 2013 5254 ac
2035 5198 2304 5270 prwsnlta,
2342 5206 2389 5250 et
2413 5201 2457 5252 si
2485 5216 2588 5252 non
2639 5208 2696 5251 ut
2725 5198 2954 5252 Joannes
2997 5213 3061 5252 ea:
3099 5209 3269 5265 utero,
3311 5212 3449 5256 certe

277 5303 392 5359 rm:
440 5294 560 5347 ἀπὸ
601 5294 898 5362 γαστρός,
953 5296 1090 5350 ἀλλ’
1113 5295 1192 5358 ὡς
1233 5292 1414 5346 Δαϐὶὸ
1451 5292 1548 5345 ἐπὶ
1579 5290 1651 5360 τῇ
1681 5309 1783 5346 κα-

1240 5292 1414 5346 Δαϐὶό
1451 5292 1548 5345 ἐπὶ
1579 5290 1651 5360 τῇ
1681 5309 1783 5346 κα·
1951 5301 2006 5343 ut
2027 5290 2194 5343 David
2218 5289 2279 5342 ob
2306 5306 2446 5344 arcw
2467 5291 2851 5360 repositionem.
2877 5309 2895 5340 ι

279 5385 576 5437 tumeliam
603 5383 714 5451 τῆς
735 5383 986 5438 κιϐωτοῦ
1009 5385 1144 5454 (27).
1160 5402 1178 5433 ι
1842 5367 1852 5386 ί

295 5475 547 5544 Ἰωάννης
597 5477 627 5527 ό
677 5475 850 5546 μέγας
905 5478 964 5528 οὑ
1015 5475 1174 5545 μόνον
1219 5474 1508 5544 μετανοίας
1557 5472 1780 5542 καὶτῆς

1950 5471 2190 5524 Joannes
2224 5484 2454 5539 magnus
2485 5484 2593 5522 non
2642 5469 2818 5522 solum
2857 5469 3195 5538 poenitentia:
3222 5479 3278 5524 et
3326 5485 3452 5539 pra-

283 5633 398 5706 (25)
429 5632 512 5688 Cf.
539 5633 760 5706 Dionys.
778 5634 1044 5706 Areopagi.
1069 5635 1144 5688 De
1158 5636 1319 5689 divin.
1344 5650 1544 5706 nomm.
1564 5633 1766 5706 cap._2,
1877 5647 1929 5700 ιι.
1966 5645 1969 5706 ξ

213 5705 238 5773 ς
284 5695 524 5772 -ll,'pag.
571 5695 700 5756 59:2:
738 5713 779 5757 to
797 5720 867 5755 m.
924 5695 1142 5772 'I.V0pp.
1193 5706 1278 5757 ed.
1316 5705 1530 5764 Venet.,
1559 5695 1768 5755 oti-lilii.
1957 5701 2065 5773 (τίη
2097 5699 2240 5753 Idem
2276 5695 2546 5766 ibidJcap.
2578 5698 2662 5761 Π,
2702 5714 2753 5766 p.
2797 5698 2919 5761 674,
2951 5705 3083 5750 tom.
3121 5696 3161 5751 I.
3190 5695 3328 5768 Opp.
3357 5699 3450 5757 ed.

285 5769 419 5842 I26)’
446 5769 604 5841 (ξι-υς.
656 5773 782 5826 Naz.
825 5774 914 5825 Or.
961 5776 1011 5826 in
1056 5769 1353 5844 Theophau.
1401 5791 1519 5842 cap.
1564 5775 1642 5826 l5.
1891 5769 2088 5822 llr-neci.

538 5868 797 5927 ιἈτιιυι..
851 5869 954 5928 Cu,
1027 5869 1176 5928 Χιῖι.
3065 5857 3133 5924 Η

1877 5647 1929 5700 p.
1967 5628 2247 5700 672,7tom.
2284 5628 2324 5700 l.
2351 5627 2488 5700 Opp.
2521 5627 2847 5700 ed_._Bencd.
